4154 6318
200 356 293 421 9ί9

1109 356 1287 416 νιΤΑ
1326 359 1380 419 S.
1431 358 1813 418 GREGORH
1864 358 2489 420 lLLUMlNATORIS.

3310 354 3416 419 950

197 474 388 536 ήκουσι.
412 469 516 522 Τοῦ
547 470 602 522 δὲ
626 469 1017 539 ἐπιγενομένου
1055 471 1304 524 ἐνιαυτοῦ
1345 473 1438 524 καὶ
1467 467 1621 534 αὖθις
1661 472 1735 541 τῷ
1764 520 1767 528 .

1864 472 2066 527 acienti
2134 469 2511 532 incursiones,
2553 482 2685 538 gens
2722 467 3118 522 Saracenorum
3167 470 3316 521 venit
3363 470 3417 520 ln

209 559 470 630 ’Δρμενίας
505 559 715 628 βασιλεῖ
740 561 1122 629 κατατρέχοντι
1163 561 1262 630 τὴν
1294 563 1512 631 Συρίαν,
1541 564 1600 615 τὸ
1637 563 1744 616 Σα-

201 653 429 722 ρακηνῶν
479 652 628 714 ἔθνος
683 652 762 714 είς
808 640 1130 721 συμμαχίαν
1181 654 1590 723 προστίθενται,
1650 655 1743 708 καὶ

199 741 501 810 ληϊσάμενος
532 741 630 809 τὴν
662 742 888 809 Περσῶν
919 761 976 794 τε
1007 743 1103 795 καὶ
1143 742 1444 812 ’Δσσυρίων
1478 746 1582 813 γῆν
1608 760 1623 775 ⁸
1651 745 1744 799 καὶ

198 834 260 884 τὰ
293 835 340 884 ὲν
372 833 501 900 αὺτῇ
551 832 729 885 πάντα
766 833 1092 896 σκυλεύσας,
1122 836 1260 903 μετὰ
1292 837 1390 906 τῆς
1443 837 1563 905 ίσης
1590 837 1745 906 νίκης

199 922 271 984 είς
295 922 382 988 τὴν
436 921 573 974 ίδίαν
622 922 794 992 ἀρχὴν
841 924 1108 991 ἐπανήκει
1160 923 1341 989 πάλιν,
1392 927 1484 979 καὶ
1535 927 1747 990 τούτοις

198 1013 298 1073 τοῖς
326 1010 702 1079 κατορθώμασι
739 1013 833 1065 xal.
869 1014 988 1076 ταῖς
1027 1014 1419 1085 ἀνδραγαθίαις
1475 1015 1749 1083 θαυμαζό-

202 1120 343 1172 μενος
374 1103 469 1170 μὲν
503 1102 604 1154 ὑπὸ
633 1104 739 1154 τῶν
767 1106 1090 1171 συμμάχων,
1121 1105 1518 1175 καταπλήττων
1547 1107 1601 1158 δὲ
1623 1108 1747 1170 τοὺς

198 1193 495 1260 πολεμίους,
532 1193 623 1244 ἐπὶ
672 1193 802 1244 δέκα
839 1193 1138 1247 διετέλεσεν
1168 1195 1287 1263 ἔτη.
1321 1196 1410 1247 Διὸ
1446 1198 1540 1248 καὶ
1587 1198 1614 1248 ό
1641 1197 1749 1249 τῶν

200 1281 405 1350 Περσῶν
437 1281 710 1349 βασιλεὺς.
752 1282 895 1352 λύπῃ
928 1282 1026 1349 μὲν
1056 1285 1429 1353 ἀπαρακλήτῳ
1468 1286 1746 1355 ἐχόμενος,

196 1370 468 1440 ἀπορίᾳ”δὲ
515 1369 608 1423 τοῦ
664 1371 717 1422 τί
772 1372 837 1425 ἂν
897 1374 1125 1442 πράξειε
1177 1374 1273 1442 τὴν
1325 1375 1498 1444 λύπην
1547 1373 1746 1440 αὔξων,

195 1460 309 1522 τοὺς
333 1459 432 1512 ὑπδ
457 1462 612 1529 χεῖρα
642 1460 988 1528 συναγαγὼν,
1021 1463 1410 1532 συμϐουλεύειν
1435 1467 1608 1518 ἐδεῖτο
1635 1465 1750 1528 πῶς

197 1551 259 1604 ἂν
287 1550 653 1604 ἀποδύσωνται
691 1551 794 1622 μὲν
832 1554 930 1620 τὴν
957 1555 1195 1620 ἀδοξίαν,
1227 1556 1534 1608 ἀπολίπωσι
1575 1557 1631 1608 δὲ
1655 1558 1752 1609 αὑ-

197 1641 310 1702 τοὺς
339 1643 393 1693 αί
446 1643 622 1695 κοινα1⁵
669 1644 761 1696 καὶ
809 1643 1140 1712 πολύτροποι
1181 1647 1478 1714 συμφοραί.
1536 1648 1643 1700 Καὶ
1678 1646 1754 1716 τῷ

197 1733 408 1802 γνώμην
453 1734 816 1800 είσενεγκόντι
868 1735 1125 1800 τοιαύτην
1171 1737 1269 1804 τὴν
1327 1737 1582 1806 δευτέραν
1617 1740 1752 1808 μετὰ

1845 564 2102 616 auxilium
2132 578 2146 615 ι
2176 561 2477 632 pnedisque
2516 560 2653 613 actis
2676 558 2743 612 de
2769 558 2986 613 Perside
3010 565 3066 612 et
3096 550 3338 628 Assyria,
3367 568 3421 612 et

1843 654 2056 708 cunctis
2106 668 2224 722 qua:
2255 661 2410 707 erant
2455 651 2511 705 in
2569 650 2648 705 eis
2703 649 2970 719 spoliatis,
3017 664 3108 703 rex
3151 648 3267 717 ipse
3297 663 3421 703 cum

1846 744 1962 814 pari
1997 742 2219 796 victoria
2249 741 2314 794 ad
2345 756 2502 795 suum
2529 756 2750 810 regnum
2783 739 3104 793 revertitur.
3129 735 3220 793 His
3237 746 3421 792 autem

1847 836 2011 890 rebus
2044 835 2260 888 fortiter
2290 846 2347 888 et
2380 833 2641 902 praeclare
2674 831 2838 902 gestis
2863 872 2876 894 ,
2910 829 3254 884 admirationi
3297 829 3422 897 qui-

1848 926 1971 980 dem
1995 924 2178 989 sociis,
2203 924 2400 980 terrori
2433 932 2614 977 autem
2646 922 2894 976 hostibus
2912 920 3013 976 fuit
3037 923 3223 976 decem
3247 934 3420 974 annos

1853 1030 2168 1087 perpetuos.
2199 1014 2560 1081 Quamobrem
2597 1029 2690 1067 rex
2726 1027 2944 1083 quoque
2981 1011 3266 1067 Persarum
3298 1027 3420 1066 cum

1851 1109 2230 1164 inconsolabili
2258 1107 2443 1162 dolore
2469 1114 2777 1176 angeretur,
2803 1115 3075 1161 cresceret
3111 1112 3292 1158 autem
3326 1103 3425 1159 do-

1849 1202 1953 1267 lor,
1996 1201 2139 1270 quod
2180 1201 2420 1255 nesciret
2450 1199 2576 1268 quid
2615 1207 2820 1269 ageret,
2848 1198 2915 1251 iis
2965 1196 3304 1268 congregatis
3326 1197 3421 1266 qui

1853 1299 2012 1344 erant
2067 1289 2122 1343 in
2175 1288 2293 1358 ejus
2349 1296 2636 1356 potestate,
2684 1285 2892 1355 rogavit
2948 1294 3009 1338 ut
3050 1285 3425 1345 consulerent,

1852 1392 2086 1444 quonam
2133 1376 2350 1444 quidem
2393 1374 2551 1428 modo
2609 1383 2843 1442 possent
2891 1380 3199 1442 susceptam
3242 1371 3426 1426 delere

1855 1466 2234 1535 ignominiam,
2265 1473 2542 1519 cessarent
2574 1475 2753 1518 autem
2794 1477 3110 1518 communes
3156 1478 3210 1517 et
3239 1461 3427 1516 multi-

1856 1557 2021 1626 plices
2067 1557 2422 1611 calamitates.
2473 1556 2533 1610 Ei
2610 1566 2791 1610 autem
2836 1557 2926 1624 qui
2978 1558 3138 1609 talem
3194 1554 3427 1609 dixisset

1857 1648 2522 1712 sententiam,secundum
2583 1657 2706 1715 post
2755 1661 2936 1716 regem
2961 1646 3248 1707 honorem,
3306 1658 3429 1712 pro-

1862 1737 2014 1805 ponit
2039 1736 2092 1789 in
2129 1737 2431 1805 praemium.
2455 1736 2606 1790 Anac
2632 1745 2814 1790 autem
2845 1734 3086 1804 quidam,
3111 1731 3204 1802 qui
3229 1745 3426 1803 genere

197 1800 409 1888 βασιλέα
435 1822 597 1891 τιμὴν
649 1820 860 1888 τίθησιν
887 1817 1068 1875 ἆθλον.
1117 1800 1282 1878 Ἀνὶικ
1304 1823 1358 1878 δέ
1381 1843 1464 1889 τις
1485 1800 1753 1899 Κουσαρὼ

1864 1800 2212 1884 attinebat-ad
2255 1823 2494 1880 Cursaro
2529 1841 2707 1894 regem
2739 1800 3028 1886 Armeniae.
3067 1839 3098 1879 e
3131 1800 3278 1879 cmt'u
3308 1838 3430 1877 sur-

197 1910 328 1962 κατά
381 1911 532 1976 γένος
584 1911 662 1980 τῷ
697 1912 794 1980 τῆς
838 1913 1136 1982 Ἀρμενίας
1180 1915 1392 1986 βασιλεῖ
1440 1922 1754 1991 προσήκων,

195 2003 423 2066 ἀναστὰς
497 2007 562 2058 ἐκ
629 2005 725 2058 τοῦ
781 2007 1068 2077 συλλόγου,
1134 2014 1378 2079 γενναῖόν
1427 2031 1478 2067 τι
1540 2016 1757 2083 δράσειν

194 2092 453 2161 ὑπέσχετο
475 2134 490 2155 ,
541 2095 609 2148 δι’
639 2090 698 2148 οὗ
731 2095 797 2149 τὰ
842 2100 1144 2167 πράγματά
1185 2117 1243 2152 τε
1280 2101 1416 2170 πρὸς
1445 2102 1504 2155 τὸ
1535 2103 1757 2172 ἄμεινον

195 2184 608 2254 ἀνενεχθήσεται
648 2186 903 2256 Πέρσαις,
957 2189 1055 2243 καὶ
1107 2189 1262 2254 δίκας
1307 2193 1433 2257 τοὺς
1481 2195 1757 2257 ἐναντίους

193 2275 596 2342 εἰσπράξονται.

265 2365 351 2432 (τ’.
395 2367 502 2419 Καὶ
547 2367 830 2421 ὑπολαϐὼν
895 2371 1275 2444 Ἀρτασείρας,
1330 2372 1408 2429 Ἥ
1464 2378 1538 2446 μὴ
1589 2379 1759 2434 ταῦτα

193 2459 664 2532 καταπραξαμένῳ
692 2463 783 2514 καὶ
808 2461 1043 2533 διάδημα
1073 2467 1138 2535 τῇ
1174 2467 1384 2538 κεφαλῇ
1418 2472 1760 2539 παραχρῆμα

189 2546 471 2617 περιθήσω
521 2566 622 2616 σοι,
677 2549 804 2620 ἔφη,
843 2553 937 2605 καὶ
970 2554 1221 2625 δεύτερον
1271 2555 1368 2626 μὲν
1407 2558 1502 2627 τῆς
1533 2559 1759 2629 Περσῶν

190 2641 537 2709 ἀποδείξαιμι
572 2642 878 2710 βασιλείας,
916 2645 1195 2712 βασιλείαν
1228 2665 1291 2716 γε
1327 2648 1433 2719 μὴν
1479 2652 1574 2720 τὴν
1612 2652 1761 2722 Παρ-

184 2731 347 2798 Θικὴν
393 2733 682 2800 ἑγχειρίσω
735 2751 838 2789 σοι.
890 2736 946 2788 Ὀ
974 2737 1030 2790 δὲ
1078 2739 1146 2791 τὰ
1186 2740 1310 2792 καθ’
1349 2741 1540 2794 ἑαυτὸν
1577 2743 1676 2811 μὲν
1704 2745 1763 2798 ιν

188 2823 377 2893 ἀδήλῳ
414 2825 629 2877 κεῖσθαι
664 2827 741 2895 τῷ
789 2827 988 2895 πέρατι
1039 2828 1176 2897 ἔφη’
1211 2831 1345 2895 τέως
1378 2849 1442 2899 γε
1481 2835 1588 2904 μὴν
1634 2835 1688 2887 εί
1711 2852 1762 2888 τι

184 2915 252 2986 δὴ
285 2916 516 2968 καὶτῶν
559 2916 838 2987 ἀδοκήτων
887 2919 1034 2990 αὐτῷ
1066 2921 1330 2992 συμϐαίη,
1388 2927 1500 2986 τοῖς
1550 2926 1762 2979 ὑπολει-

187 3006 558 3077 φθησομένοις
593 3006 684 3059 τοῦ
721 3010 910 3076 γένους
952 3011 1026 3082 μὴ
1056 3013 1351 3082 ἀχάριστον
1386 3015 1641 3082 γενέσθαι
1672 3020 1764 3071 τὸν

1867 1937 2022 1992 gens,
2057 1920 2333 1991 pollicitus
2364 1929 2447 1974 est
2490 1934 2549 1974 se
2591 1920 2910 1988 praeclarum
2940 1919 3218 1987 quidpiam
3255 1916 3428 1971 factu-

1859 2030 2005 2076 rum.
2042 2028 2139 2082 per
2180 2011 2324 2083 quod
2365 2019 2420 2066 et
2470 2026 2559 2066 res
2597 2010 2774 2065 Persis
2806 2009 3018 2066 felicius
3046 2010 3440 2072 succederent,

1860 2114 1916 2158 et
1946 2120 2138 2174 poenas
2173 2112 2452 2158 sumerent
2483 2104 2550 2158 de
2587 2103 2858 2158 hostibus.

1932 2379 2018 2434 Vl.
2066 2379 2354 2448 Excipiens
2387 2386 2572 2431 autem
2618 2374 2891 2430 Artasiras
2919 2392 2931 2428 :
2964 2373 3196 2438 Revera,
3233 2374 3432 2442 inquit,

1860 2474 1906 2528 si
1943 2475 2057 2527 haec
2090 2471 2303 2533 feceris,
2332 2470 2582 2538 protinus
2624 2468 2899 2537 imponam
2931 2475 3025 2520 tuo
3054 2465 3216 2536 capiti
3251 2465 3437 2520 diade-

1862 2580 1969 2628 ma,
2002 2571 2054 2616 et
2094 2571 2146 2616 te
2184 2560 2413 2614 efficiam
2458 2559 2675 2626 quidem
2713 2558 3010 2612 secundum
3054 2557 3203 2627 regni
3241 2558 3438 2612 Persa-

1863 2670 2005 2718 rum,
2051 2651 2257 2708 tradam
2300 2659 2483 2704 autem
2529 2649 2626 2703 tibi
2674 2663 2903 2719 regnum
2958 2647 3300 2703 Parthicum.
3344 2647 3438 2702 Ille

1865 2754 2069 2806 autem,
2094 2741 2238 2813 quod
2269 2740 2336 2795 ad
2371 2754 2430 2794 se
2479 2739 2698 2809 quidem
2733 2738 2948 2795 attinet.
2981 2736 3113 2791 dicit
3164 2737 3437 2792 incertum

1864 2849 1984 2889 esse
2011 2833 2170 2886 finem
2203 2848 2218 2884 :
2256 2831 2302 2884 si
2335 2829 2462 2894 quid
2496 2843 2622 2882 vero
2652 2827 2870 2882 interim
2897 2827 2947 2883 ei
2968 2827 3209 2882 evenerit
3234 2832 3437 2896 praeter

1865 2922 2200 2991 opinionem,
2224 2919 2432 2989 rogavit
2455 2919 2774 2980 Artasiram,
2815 2934 2886 2971 ne
2931 2927 3076 2972 esset
3105 2918 3348 2987 ingratus
3374 2918 3440 2971 iis

1867 3015 1956 3084 qui
2007 3011 2371 3067 remanserint
2423 3026 2488 3064 ex
2530 3023 2731 3078 genere
2767 3025 2781 3062 :
2831 3008 2925 3063 sed
2966 3022 3177 3063 memor
3216 3007 3440 3076 quidem

199 3099 557 3166 Ἀρτασείραν
587 3099 762 3168 ἠξίου,
797 3103 932 3155 ἀλλὰ
975 3105 1446 3174 διαμνημονεύσας
1486 3107 1586 3175 μὲν
1616 3109 1764 3178 αὐτῷ

1869 3115 2015 3161 esset
2067 3107 2186 3174 ejus
2217 3120 2318 3174 pro
2368 3104 2484 3172 ipso
2517 3102 2752 3172 prompti
2787 3109 2842 3156 et
2868 3101 3063 3157 alacris
3099 3101 3266 3156 animi
3301 3119 3314 3155 :
3343 3116 3441 3173 pro

181 3189 289 3257 τῆς
323 3188 461 3257 ὑπὲρ
493 3189 658 3242 αὐτοῦ
685 3192 1014 3261 προθυμίας,
1043 3194 1273 3262 χάριτας
1307 3195 1362 3247 δὲ
1395 3195 1599 3256 τούτοις
1625 3197 1764 3268 ὑπὲρ

179 3281 361 3349 αὐτῆς
416 3281 732 3335 ἀποδοῦναι.
796 3283 982 3335 Ταῦτα
1037 3282 1228 3347 είπὼν,
1288 3284 1379 3336 τὸν
1427 3284 1654 3353 ἀδελφόν
1707 3304 1763 3339 τε

183 3373 462 3441 συνεργὸν
493 3372 935 3443 παραλαμϐάνει,
979 3374 1074 3427 καὶ
1109 3374 1168 3426 ἐν
1201 3375 1500 3445 αὐτομόλου
1531 3380 1767 3448 σχήματι

178 3465 439 3533 γυναιξὶν
491 3464 604 3534 ἄμα
644 3465 737 3518 καὶ
791 3465 1149 3540 παιδίοιςκαὶ
1201 3467 1312 3542 atq
1347 3469 1481 3538 οίκῳ
1535 3472 1771 3533 καὶτοῖς

179 3556 415 3618 οἰκείοις
451 3557 582 3609 πᾶσι
629 3553 705 3626 τῷ
734 3556 832 3624 τῆς
871 3555 1157 3626 Ἀρμενίας
1184 3562 1495 3627 προσχωρεί
1534 3560 1765 3628 βασιλεῖ,

179 3649 290 3703 καὶ
316 3649 372 3711 ὃς
399 3651 462 3718 τῇ
495 3665 552 3700 τε
589 3649 722 3719 ἄλλῃ
764 3648 960 3711 αὐτοὺς
993 3647 1308 3718 ὑποδέχεται
1338 3649 1642 3721 φιλοτιμίᾳ,
1674 3653 1769 3705 καὶ

180 3741 385 3804 δεξιῶς
431 3742 498 3792 τά
534 3739 769 3808 μάλιστα
824 3739 1259 3803 κατασπάξεται.
1290 3741 1354 3793 0i.
1389 3741 1444 3794 δὲ
1481 3742 1765 3810 θωπείαις,

179 3834 356 3886 αὑτὸν
400 3833 720 3896 ὑπελθόντες
767 3835 888 3887 ὅλον
917 3833 1266 3896 οίκειοῦνται,
1305 3834 1399 3901 καὶ
1447 3836 1598 3889 οὐδὲν
1631 3836 1768 3889 ὓπο-

180 3937 330 3974 ⁸πτον
373 3908 466 3975 ἔπ’
498 3923 682 3993 ,αὐτῆς
724 3924 866 3994 ἔχειν
901 3924 1405 3992 παρασκευάζουσι,
1432 3926 1524 3978 καὶ
1554 3927 1769 3994 μάλισθ’

167 4016 271 4066 ὅτι
322 4015 567 4081 γυναιξὶν
619 4015 738 4084 ἅμα
778 4017 897 4069 καὶ
940 4018 1052 4080 τοῖς
1102 4017 1380 4086 φιλτάτοις
1441 4014 1583 4088 ἦσαν
1639 4021 1770 4091 παρ’

172 4105 405 4157 ἐκεῖνον
437 4105 944 4179 αὐτομολήσαντες·
978 4111 1170 4178 ἀμέλει
1206 4113 1300 4163 καὶ
1331 4110 1494 4181 τιμὴν
1524 4113 1552 4164 ό
1605 4112 1769 4165 Ἀνακ

173 4194 462 4266 δευτέραν
500 4197 600 4268 τὴν
652 4199 788 4268 μετὰ
831 4196 1053 4265 βασιλέα
1107 4197 1399 4268 λαμϐάνει.
1437 4200 1495 4253 '0
1535 4201 1633 4270 μὲν
1676 4201 1769 4253 οὖν

170 4288 405 4358 χειμὼν
438 4291 495 4341 ὲν
532 4291 696 4358 πολλῇ
737 4290 862 4353 τοὺς
903 4289 1223 4360 Ἀρμενίους
1257 4291 1550 4345 διανέπαυε
1579 4294 1644 4361 τῇ
1676 4295 1772 4365 ρᾳ-

171 4381 400 4450 στὼνῃ,
440 4382 534 4433 καὶ
564 4381 623 4434 τὸ
654 4380 752 4452 ἔαρ
782 4382 966 4446 αὐτοῖς
999 4383 1410 4452 παραπλησίους
1442 4385 1500 4435 ὲν
1532 4386 1596 4454 τῇ
1625 4386 1772 4456 οἰκίᾳ

1865 3212 1930 3250 eo
1970 3207 2148 3250 autem
2175 3237 2188 3261 ,
2217 3197 2296 3249 eis
2330 3195 2559 3248 referret
2599 3195 2822 3264 gratias.
2860 3193 2986 3248 Hac
3019 3209 3143 3248 cum
3174 3193 3440 3258 dixisset.

1865 3289 2084 3344 fratrem
2134 3289 2364 3342 assumit
2411 3288 2715 3356 adiutorem
2750 3303 2764 3339 :
2797 3293 2854 3340 et
2900 3286 3082 3355 specie
3123 3284 3440 3355 transfugae,

1868 3397 1990 3436 cum
2042 3382 2356 3436 mulieribus
2382 3379 2543 3435 simul
2579 3387 2636 3434 et
2665 3377 2987 3443 infantibus,
3015 3384 3071 3430 et
3109 3387 3219 3430 tota
3258 3377 3440 3442 domo,

1867 3472 2227 3539 omnibusque
2256 3471 2586 3534 domesticis,
2616 3469 2908 3526 acceditad
2942 3483 3121 3539 regem
3147 3469 3441 3522 Armenia.

1869 3561 1964 3614 Ille
2026 3569 2208 3613 autem
2251 3569 2306 3614 et
2347 3560 2453 3613 alio
2485 3575 2581 3614 eos
2625 3561 2834 3615 honore
2870 3559 3088 3628 accipit,
3119 3568 3175 3614 et
3213 3559 3449 3628 benigno

1869 3652 2160 3708 admodum
2189 3666 2283 3708 eos
2311 3651 2527 3707 salutat.
2565 3650 2646 3705 llli
2682 3658 2884 3716 autem,
2929 3664 2988 3704 se
3027 3649 3304 3705 blanditiis
3344 3651 3444 3720 ipsi

1871 3746 2229 3810 insinuantes,
2259 3759 2384 3798 eum
2419 3744 2654 3799 reddunt
2688 3743 2912 3798 omnino
2944 3741 3047 3797 sibi
3085 3741 3403 3796 familiarem
3427 3783 3442 3806 ,

1869 3844 1924 3891 et
1958 3836 2217 3899 elliciunt.
2254 3846 2314 3890 ut
2342 3850 2438 3892 eos
2468 3835 2605 3889 nihil
2635 3835 2861 3891 haberet
2890 3843 3196 3903 stispectos,
3242 3840 3302 3888 et
3328 3847 3448 3887 ma-

1871 3927 2016 3981 xime
2063 3927 2208 3996 quod
2255 3925 2415 3982 simul
2460 3940 2584 3980 cum
2625 3924 2905 3987 uxoribus,
2946 3933 3002 3980 et
3058 3924 3130 3980 iis
3163 3939 3284 3993 quae
3317 3931 3448 3978 sunt

1871 4009 2216 4080 eharissima,
2271 4018 2336 4071 ad
2388 4018 2543 4072 illum
2583 4015 3020 4086 transfugisseut.
3068 4015 3252 4084 Itaque
3298 4014 3448 4068 Anac

1871 4106 2171 4162 secundum
2194 4108 2455 4162 honorem
2487 4117 2607 4177 post
2635 4122 2813 4176 regem
2832 4105 3049 4174 accipit.
3075 4106 3251 4174 Atque
3270 4106 3450 4161 hieme

1873 4202 2094 4272 quidem
2143 4201 2384 4256 Armenii
2418 4199 2471 4252 in
2523 4213 2738 4253 summo
2777 4200 3103 4266 quieverunt
3148 4197 3260 4250 Olio
3298 4212 3314 4251 :
3353 4210 3450 4250 ver

1875 4308 2090 4362 quoque
2113 4292 2193 4346 eis
2225 4291 2420 4345 multas
2449 4291 2753 4360 voluptates
2786 4289 2838 4342 in
2867 4303 2962 4342 sua
2995 4287 3166 4356 patria
3187 4286 3450 4357 largieba-

1875 4395 1961 4439 tur
1997 4400 2011 4437 :
2044 4393 2227 4438 testate
2256 4390 2437 4437 autem
2466 4393 2670 4445 auster,
2706 4381 2878 4435 calido
2903 4380 3026 4433 ﬂatu
3051 4380 3285 4446 spirans,
3321 4391 3447 4432 coe-

165 4477 288 4535 τὰς
334 4471 527 4542 ἡδονάς
577 4474 883 4544 ἐχαρίζετο,
913 4474 1007 4526 τοῦ
1039 4475 1097 4527 δὲ
1129 4474 1319 4543 θέρους
1353 4476 1381 4526 ὁ
1412 4475 1564 4539 νότος
1599 4480 1767 4532 πνέων

1877 4479 1954 4547 git
1986 4493 2164 4548 regem
2190 4478 2420 4546 migrare
2459 4476 2513 4528 in
2545 4478 2737 4526 Ararat
2769 4471 2930 4526 simul
2959 4485 3083 4524 cum
3118 4469 3453 4537 magistrati-

167 4563 420 4632 Οερμδς,
457 4568 728 4634 μετοικεῖν
758 4566 846 4616 τὸν
882 4564 1102 4633 βασιλέα
1129 4566 1220 4616 ἐπὶ
1241 4565 1308 4617 τά
1351 4565 1588 4638 Ἀραράτ
1607 4571 1772 4639 ἀνάγ-

166 4657 333 4720 καζε
394 4657 532 4726 μετὰ
587 4656 696 4708 τῶν
755 4658 812 4709 ὲν
847 4656 1214 4730 τέλεινὸπου
1266 4657 1358 4710 καὶ
1424 4659 1563 4712 κατὰ
1615 4660 1771 4729 θέρος

161 4749 385 4816 ὥσπερ
422 4751 477 4800 ἐν
499 4749 699 4818 ἐαρινῷ
726 4749 916 4801 θάλπει
948 4748 1042 4800 καὶ
1068 4747 1230 4816 ψύχει
1262 4750 1464 4817 διῆγον.
1503 4751 1770 4804 Ἐνταῦθα

159 4840 490 4907 διατρίϐων
538 4843 566 4892 ὁ
600 4841 853 4909 βασιλεὺς
889 4841 1028 4893 κατὰ
1076 4840 1177 4909 τῆς
1233 4841 1492 4910 Περσίδος
1542 4845 1771 4896 ἐκινεῖτο

160 4931 378 4984 πάλιν.
427 4930 486 4983 ὐ
525 4932 581 4984 δὲ
613 4931 777 4983 ’Δνάκ
823 4932 930 4984 τῶν
983 4950 1039 4984 τε
1091 4931 1186 4985 τοῦ
1233 4934 1560 5002 ’Λρτασείρα
1603 4935 1780 5003 ὅρκων

93 5091 97 5093 _
159 5024 261 5084 είς
315 5023 543 5090 μνήμην
585 5019 755 5073 ἐλθὼν
791 5021 885 5071 καὶ
923 5020 1000 5089 τῷ
1054 5020 1412 5089 τῶν,δωρεῶν
1452 5020 1782 5088 ἀναφλεγεὶς

155 5110 842 5183 ἕρωτι,’ίόιολογίσασθαι
874 5112 949 5182 τῷ
975 5110 1187 5181 βασιλεῖ
1229 5111 1518 5182 Ἀρμενίας
1560 5111 1676 5181 ἅμα
1704 5112 1779 5184 τῷ

159 5205 415 5272 ἀδελφῷ
449 5205 943 5274 προφασισάμενοι,
983 5204 1298 5273 ἀναγκαίων
1327 5203 1490 5256 τινῶν
1528 5189 1778 5274 πραγμά-

154 5312 298 5349 των
338 5295 504 5365 πέρι,
535 5298 630 5348 καὶ
677 5296 830 5364 μόνοι
883 5296 1020 5366 πρὸς
1070 5297 1228 5366 μόνον
1279 5295 1635 5358 εἰσελθόντες,
1678 5314 1780 5366 μα-

1872 4571 1995 4632 bus,
2039 4569 2129 4623 ubi
2161 4569 2430 4637 degebant
2458 4575 2713 4634 tanquam
2747 4565 2799 4616 in
2829 4578 2997 4618 verna
3029 4559 3311 4630 temperie.
3335 4559 3453 4614 Rex

1871 4662 1958 4715 hic
1985 4674 2208 4714 versans
2265 4659 2583 4714 movebatur
2615 4669 2802 4711 rursus
2841 4656 3103 4709 adversus
3149 4651 3448 4706 Persidem.

1870 4753 2019 4806 Anac
2049 4761 2229 4806 autem
2258 4752 2574 4804 recordatus
2608 4746 2989 4816 jurisjurandi,
3041 4741 3185 4813 quod
3220 4741 3449 4795 dederat

1869 4843 2147 4906 Artasim,
2167 4852 2220 4895 et
2241 4842 2505 4895 donorum
2538 4853 2802 4894 accensus
2831 4837 3148 4905 cupiditate.
3173 4847 3231 4888 se
3261 4846 3444 4900 regem

1877 4936 2147 4988 Armeniae
2177 4947 2423 4986 seorsum
2471 4931 2607 4985 velle
2671 4929 2869 4999 alioqui
2905 4927 3066 4984 simul
3113 4941 3236 4980 cum
3286 4923 3452 4978 fratre

1879 5035 2186 5096 praetexens
2219 5026 2285 5080 de
2317 5026 2480 5080 rebus
2506 5023 2852 5085 necessariis,
2887 5037 3007 5078 cum
3041 5020 3139 5074 soli
3163 5017 3237 5077 ad
3276 5015 3450 5070 solum

1881 5126 2065 5171 essent
2109 5116 2360 5188 ingressi,
2402 5118 2578 5184 ipsum
2620 5114 2816 5167 tollunt
2845 5113 2912 5166 de
2945 5109 3170 5164 medio:
3217 5115 3273 5162 et
3311 5104 3452 5159 fama

1881 5208 2142 5262 exercitui
2195 5206 2398 5261 caedem
2469 5206 2850 5269 annuntiante,
2875 5204 2964 5258 isti
3025 5197 3454 5257 conscendentes

1881 5315 2070 5369 equos,
2113 5300 2240 5353 totis
2277 5299 2485 5354 viribus
2513 5299 2741 5368 fugiunt.

157 5389 420 5456 χαίραις
462 5389 622 5442 αὐτὸν
657 5387 964 5458 ἁνάιροῦσι,
1009 5390 1103 5441 καὶ
1169 5389 1268 5458 τῆς
1338 5390 1524 5459 φήμης
1565 5388 1640 5439 τῶ
1695 5395 2031 5461 στρατοπέδῳ
2074 5393 2381 5462 μηνυούσης
2437 5395 2527 5446 τὸν
2584 5391 2760 5460 φόνον,
2793 5394 2901 5451 τοῖς
2934 5393 3120 5450 ἵπποις
3169 5383 3452 5440 ἐπιϐάντες

157 5475 348 5532 οὗτοι
381 5481 680 5549 φεύγουσιν
705 5481 1035 5546 ἀνακράτος.

250 5569 341 5624 κ’.
389 5575 454 5624 Oi
488 5574 617 5641 γοῦν
667 5574 942 5642 σατράπαι
989 5574 1084 5642 τῆς
1121 5575 1414 5645 Ἀρμενίας
1458 5576 1630 5646 λόχοις
1684 5576 1779 5629 καὶ

159 5663 463 5733 λοχαγοῖς
513 5665 618 5716 τῶν
678 5662 924 5729 διεξόδων
980 5664 1075 5728 τὰς
1134 5665 1352 5728 πλείους
1406 5667 1778 5738 διειληφότες,

155 5755 642 5827 προκαταλαϐεῖν
692 5755 870 5809 αὐτῶν
918 5756 1014 5824 τὴν
1049 5758 1222 5828 φυγὴν
1251 5761 1310 5811 ἐκ
1350 5760 1545 5824 παντὸς
1578 5762 1775 5830 τρόπον

1961 5573 2071 5627 Vll.
2101 5573 2341 5645 Satrapze
2369 5584 2551 5628 autem
2597 5570 2867 5626 Armeniae
2911 5583 3033 5623 cum
3080 5567 3371 5638 manipulis
3400 5578 3455 5621 et

1887 5668 2114 5723 militum
2147 5669 2462 5723 ductoribus
2496 5666 2755 5736 plurimos
2780 5669 3137 5732 occupassent
3172 5659 3450 5721 transitus,

1888 5759 1940 5812 in
1990 5761 2170 5815 animo
2224 5758 2492 5814 habebant
2535 5755 2787 5810 omnibus
2830 5753 3003 5807 modis
3043 5749 3220 5820 fugam
3263 5761 3452 5803 eorum
