4154 6318
745 336 844 402 951

1975 348 2261 408 MENSIS
2299 352 2588 413 SEPTEM
2604 356 2772 419 BER.

3891 358 4001 420 95!

745 451 1063 522 praevenire.
1092 449 1356 517 Quocirca
1396 468 1492 506 nec
1517 452 1596 507 eis
1625 453 1823 509 frustra
1851 459 2017 511 cessit
2057 459 2314 513 studium.

2423 469 2720 522 διενοοῦντο
2750 487 2764 502 ο
2787 470 2908 523 ὅθεν
2954 470 3071 524 οὑδὲ
3103 471 3183 532 είς
3218 470 3393 540 μάτην
3424 471 3606 534 αὑτοῖς
3643 471 3932 542 ἐχώρησεν
3968 476 4001 542 ἡ

743 544 878 598 Cum
916 560 1012 600 eos
1041 545 1185 598 enim
1229 545 1498 614 fugientes
1539 547 1594 599 in
1642 547 1818 601 medio
1861 551 2091 618 quodam
2145 563 2312 620 ponte

747 633 1183 705 intereepissent,
1220 635 1271 691 in
1307 637 1470 691 fluvio
1503 636 1935 694 submerserunt.
1969 641 2032 694 Et
2063 655 2182 696 cum
2229 659 2312 696 re-

745 725 884 778 versi
918 734 1096 778 essent
1127 734 1524 793 persecutores,
1558 726 1726 794 ipsius
1754 727 1902 782 Anac
1927 739 1981 782 et
2015 729 2196 783 fratris
2229 732 2314 783 in.

746 815 1010 869 tcrlicitur
1039 817 1216 870 omnis
1251 821 1548 887 generatio,
1587 835 1706 872 cum
1742 836 1905 888 agens
1945 822 2194 890 spiritum
2221 838 2311 876 rex

746 903 1122 962 Armeniorum
1171 908 1276 962 hoc
1317 919 1618 965 extremum
1665 914 1997 979 mandasset,
2045 925 2104 967 ut
2146 931 2314 983 genus

747 1012 934 1049 eorum
967 996 1059 1063 qui
1094 997 1268 1065 ipsum
1332 999 1716 1053 interemerant
1763 1002 2006 1055 funditus
2053 1003 2311 1055 interiret.

747 1083 815 1142 Et
851 1088 927 1141 sic
961 1088 1176 1157 quidem
1206 1091 1483 1158 perierunt
1516 1107 1726 1157 omnes,
1774 1103 1970 1160 prater
2013 1093 2148 1146 duos
2181 1093 2316 1146 filios

752 1177 899 1232 Anac
929 1194 1129 1248 eosque
1163 1180 1315 1235 valde
1351 1180 1606 1240 infantes,
1637 1190 1691 1233 et
1729 1182 1997 1248 quierant
2032 1182 2207 1236 adhuc
2235 1182 2317 1235 in-

751 1271 915 1323 voluti
970 1270 1173 1338 fasciis,
1230 1282 1282 1326 et
1324 1272 1614 1326 iactabant.
1660 1273 1805 1338 Quos
1851 1289 1970 1327 cum
2017 1274 2316 1328 seduxisset

748 1361 967 1427 quidam
995 1377 1060 1415 ex
1089 1362 1154 1416 iis
1193 1362 1285 1431 qui
1311 1364 1377 1416 ad
1400 1379 1524 1416 eum
1552 1365 1869 1427 attinebant,
1906 1381 2072 1418 unum
2098 1365 2313 1433 quidem

748 1455 1000 1525 deposuit
1028 1457 1080 1510 in
1105 1458 1352 1526 partibus
1383 1457 1634 1522 Persidis,
1663 1460 1889 1514 alterum
1918 1470 2100 1514 autem
2129 1461 2178 1512 in
2209 1461 2315 1514 Ro-

751 1560 908 1597 mana
937 1546 1162 1600 ditione.
1195 1545 1242 1601 is
1272 1546 1371 1600 fuit
1394 1545 1705 1617 Gregorius,
1739 1550 1894 1618 cujus
1926 1553 2182 1617 praeclara
2217 1565 2315 1619 pro

751 1636 948 1703 pietate
987 1638 1282 1691 certamina
1317 1653 1533 1707 agressa
1571 1649 1651 1693 est
1689 1640 1757 1693 ab
1792 1641 1948 1694 initio
1980 1639 2155 1693 dicere
2196 1655 2317 1693 ora-

753 1729 845 1781 tio.
879 1726 1022 1797 Rege
1052 1735 1232 1782 autem
1251 1729 1628 1783 Armeniorum
1653 1745 1718 1784 eo
1749 1731 1910 1784 modo
1955 1745 2062 1798 quo
2085 1732 2317 1784 diximus

750 1816 1063 1878 interfecto,
1102 1815 1245 1870 felici
1299 1818 1372 1871 rei
1411 1832 1666 1872 successu
1697 1830 1879 1872 motus
1929 1818 2318 1878 Persa,movet
2350 1807 2388 1861 Β

751 1906 1049 1960 exercitum
1085 1906 1344 1962 adversus
1387 1909 1736 1962 conturbatos
1763 1909 2030 1962 Armenes
2062 1925 2076 1962 :
2119 1916 2173 1962 et
2201 1923 2320 1961 ma-

752 2011 856 2065 gna
903 2007 1021 2051 acta
1062 1999 1264 2066 praeda,
1314 2007 1367 2051 et
1402 1999 1588 2074 multis
1620 1999 1865 2052 abductis
1897 2000 2144 2067 captivis,
2178 2015 2319 2069 pra:-

753 2089 896 2142 clare
947 2104 1143 2143 rursus
1201 2088 1254 2142 in
1307 2103 1458 2143 suam
1510 2091 1800 2144 revertitur
1845 2092 2140 2160 regionem.
2183 2090 2318 2144 Cum

753 2189 931 2233 autem
973 2179 1275 2234 invenisset
1303 2181 1444 2234 inter
1468 2181 1711 2250 captivos
1739 2198 1906 2235 unum
1939 2200 2004 2235 ex
2034 2183 2156 2235 filiis
2182 2181 2320 2236 Cur-

752 2286 895 2330 saro.
932 2271 1151 2326 nomine
1191 2269 1519 2336 Teridatem,
1553 2287 1678 2325 eum
1713 2274 1931 2340 quidem
1974 2289 2081 2326 non
2112 2274 2322 2327 interti-

754 2364 828 2417 cit
853 2373 1072 2432 propter
1100 2373 1341 2418 teneram
1370 2364 1546 2418 adhuc
1574 2374 1786 2418 aetatem
1817 2381 1830 2418 :
1864 2365 2029 2418 mittit
2055 2375 2234 2418 autem
2267 2365 2319 2418 in

753 2455 1003 2509 exsilium
1037 2456 1090 2509 in
1125 2454 1491 2512 Romanorum
1531 2457 1828 2527 regionem.
1859 2455 1955 2511 llic
1987 2467 2070 2512 est
2097 2456 2321 2513 Terida-

756 2556 859 2611 tes,
904 2547 992 2615 qui
1047 2562 1271 2617 regnum
1314 2548 1697 2602 Armeniorum
1744 2549 2030 2618 posteriori
2081 2559 2322 2619 tempore

755 2637 1002 2692 Romano
1054 2637 1253 2693 auxilio
1296 2640 1585 2708 acquisivit
1616 2650 1671 2694 et
1697 2642 1926 2710 accepit,
1970 2649 2024 2695 et
2071 2658 2323 2712 magnum

754 2731 1072 2802 Gregorium
1107 2733 1388 2787 tormentis
1431 2733 1661 2801 subjecit
1697 2734 2180 2787 innumerabilibus
2211 2750 2222 2784 :
2273 2743 2327 2788 et

755 2824 845 2893 qui
871 2839 976 2876 non
1002 2824 1175 2878 solum
1200 2838 1324 2877 eum
1353 2823 1575 2877 abduxit
1597 2839 1624 2876 a
1658 2824 1878 2892 pietate,
1898 2823 1990 2877 sed
2015 2825 2128 2893 ipse
2147 2826 2325 2892 potius

757 2916 880 2984 ejus
905 2914 1208 2969 admirabili
1240 2915 1540 2969 constantia
1575 2925 1630 2969 et
1661 2915 1811 2985 plaga
1847 2917 2081 2985 desuper
2113 2917 2322 2971 immis-

755 3022 812 3060 sa
840 3022 868 3059 a
897 3007 1078 3060 divina
1102 3007 1470 3069 Providentia,
1505 3007 1568 3059 ad
1597 3007 1741 3058 illius
1773 3007 1931 3059 fidem
1967 3007 2063 3060 fuit
2095 3023 2324 3062 conver-

757 3113 871 3153 sus.
901 3098 1005 3151 Sed
1040 3097 1158 3152 haec
1186 3097 1403 3167 quidem
1451 3097 1757 3169 singulatim
1795 3099 2097 3168 procedens
2146 3099 2326 3155 decla-

760 3190 896 3246 rabit
920 3191 1119 3247 oratio.

831 3395 970 3454 Vill.
997 3398 1261 3454 Artasiras
1290 3398 1471 3472 igitur,
1495 3400 1584 3470 qui
1607 3410 1734 3456 tunc
1751 3411 1866 3455 erat
1898 3415 1984 3454 rex
2013 3399 2320 3466 Persarum,

758 3500 964 3561 partem
1010 3492 1089 3546 sui
1142 3492 1352 3562 imperii
1387 3493 1554 3561 ipsam
1588 3508 1800 3563 quoque
1830 3491 1958 3546 fecit
1984 3490 2323 3546 Armeniam.

757 3585 1052 3652 Gregorius
1091 3595 1269 3637 autem
1307 3585 1446 3636 filius
1475 3585 1644 3647 Anac,
1683 3594 1742 3637 ut
1774 3585 2028 3647 diximus,
2057 3586 2148 3654 qui
2184 3584 2325 3639 Cur-

757 3690 880 3728 saro
909 3675 1276 3737 interfecerat,
1304 3675 1504 3744 degens
1550 3674 1601 3727 in
1645 3674 1862 3727 civitate
1895 3675 2154 3728 Ctesarem
2181 3675 2324 3744 Cap-

759 3767 1021 3832 padociae,
1070 3774 1125 3821 et
1171 3766 1328 3821 aliam
1379 3766 1566 3821 didicit
1604 3765 1925 3830 doctrinam,
1970 3775 2024 3821 et
2059 3767 2112 3820 in
2164 3768 2324 3822 rebus

759 3858 1086 3913 Christianis
1138 3859 1429 3926 diligenter
1478 3859 1581 3912 fuit
1630 3859 1982 3913 exercitatus.
2042 3858 2325 3913 Teridates

759 3950 1010 4020 proinde,
1046 3949 1136 4017 qui
1169 3961 1288 4003 erat
1315 3963 1380 4002 ex
1411 3948 1673 4016 sanguine
1709 3947 1874 4014 regio,
1904 3948 2238 4002 referebatur
2269 3949 2323 4003 in

760 4055 1046 4094 numerum
1066 4039 1433 4093 Romanorum
1458 4039 1890 4108 magistratuum.
1921 4037 2038 4092 Non
2071 4041 2325 4109 ignorans

757 4140 937 4185 autem
967 4130 1259 4202 Gregorius
1308 4141 1362 4185 et
1405 4147 1522 4201 quite
1567 4131 1696 4185 fecit
1728 4131 1845 4199 ejus
1886 4141 2040 4201 pater
2071 4132 2242 4194 Anac,
2273 4143 2326 4186 et

755 4239 876 4291 quae
915 4223 984 4278 ab
1026 4224 1144 4291 ipso
1189 4238 1381 4293 passus
1411 4234 1493 4279 est
1532 4234 1686 4292 pater
1724 4223 2013 4288 Teridatis,
2048 4237 2108 4276 ea
2143 4232 2323 4276 tamen

755 4323 964 4368 secreta
991 4314 1131 4382 apud
1162 4329 1220 4367 se
1252 4323 1462 4379 tenens,
1487 4315 1695 4369 accedit
1725 4314 1790 4367 ad
1818 4312 2148 4378 Teridatem,
2173 4329 2230 4367 se
2259 4313 2324 4368 ad

755 4405 1120 4458 voluntarium
1140 4405 1258 4474 ejus
1278 4405 1496 4458 tradens
1517 4406 1898 4464 ministerium,
1929 4412 1982 4457 et
2006 4406 2137 4457 citra
2162 4404 2323 4457 ullam

2417 561 2644 630 σπουδὴ,
2669 561 2801 613 ἀλλὰ
2835 561 3135 628 φεύγοντας
3159 561 3380 621 τούτους
3426 562 3564 612 κατὰ
3591 563 3840 631 γέφυράν
3872 581 4001 615 τινα

2419 654 2590 722 μέσην
2613 653 2994 716 ἀπολαϐόντες,
3023 649 3388 721 ὑποϐρυχίους
3416 651 3490 722 τῷ
3517 654 3748 722 ποταμῷ
3780 656 3996 708 ἔδοσαν.

2417 749 2529 801 Καὶ
2591 747 2700 798 τῶν
2749 747 3052 800 διωκόντων
3113 745 3566 814 ὑποστρεψάντων
3625 747 3836 811 γίνεται
3901 747 4002 812 ’τῆς

2416 840 2607 906 γενεᾶς
2651 840 2807 906 φόνος
2862 840 3101 906 ἀπάσης,
3133 838 3299 891 αὑτοῦ
3351 854 3409 888 τε
3438 835 3529 888 105
3557 837 3726 890 Ἀνάκ
3764 840 3859 889 καὶ
3901 838 3998 889 τοῦ

2418 928 2669 996 ἀδελφοῦ,
2704 930 3014 981 τελευταῖον
3054 929 3208 980 τοῦτο
3257 927 3386 988 ἔπος
3431 925 3523 977 105
3557 926 3873 994 Ἀρμενίων
3908 926 4002 992 βα-

2419 1022 2608 1085 σιλέως
2639 1024 2695 1073 ὲν
2725 1023 2980 1090 ἐσχάταις
3028 1023 3217 1082 πνοαῖς
3255 1020 3683 1090 ἐπισκήψαντος,
3718 1022 3822 1088 τὴν
3855 1037 3996 1070 παν-

2415 1115 2542 1181 τελῆ
2577 1114 2669 1166 105
2701 1115 2892 1180 γένους
2916 1113 3024 1165 τῶν
3057 1114 3350 1167 ἀνελόντων
3375 1113 3673 1165 ἀπώλειαν.
3716 1114 3832 1164 Καὶ
3855 1112 3999 1162 οὕτω

2421 1208 2518 1274 μὲν
2560 1207 2838 1258 ἀπώλοντο
2884 1207 3106 1269 πάντες,
3164 1205 3301 1273 πλὴν
3343 1205 3433 1256 δύο
3467 1205 3628 1256 τινῶν
3669 1203 3766 1255 τοῦ
3824 1203 3997 1254 ’Λνὰκ

2418 1300 2643 1358 παίδων,
2669 1299 2762 1350 καὶ
2794 1297 2998 1349 τούτων
3040 1296 3238 1365 κομιδῇ
3281 1296 3492 1364 νηπίων
3521 1296 3616 1346 καὶ
3645 1295 3704 1346 ὲν
3734 1296 3998 1362 σπαργάο

2419 1409 2527 1452 νοις
2578 1391 2657 1442 ἔτι
2693 1390 2786 1441 καὶ
2816 1390 3039 1456 γάλαξιν
3072 1389 3264 1449 ὄντων,
3325 1387 3415 1450 οὒς
3447 1388 3558 1440 τῶν
3603 1387 4000 1456 προσηκόντων

2376 1535 2379 1537 ,
2418 1499 2500 1544 τις
2525 1481 2893 1549 .ὑφελόμενος,
2947 1482 3037 1532 τὸν
3079 1481 3178 1549 μὲν
3213 1482 3269 1533 ἐν
3317 1483 3432 1544 τοῖς
3471 1483 3568 1548 τῆς
3599 1480 3865 1549 Περσίδος
3908 1480 4005 1543 μέο

2420 1589 2558 1644 ρεσι,
2595 1573 2684 1625 τὸν
2709 1573 2767 1625 δὲ
2796 1574 2854 1624 ἐν
2896 1576 2962 1642 τῇ
3003 1573 3285 1640 Ῥωμαϊκῇ
3321 1572 3610 1635 ὑπεξέθετο
3641 1572 4002 1641 ἐπικρατείᾳ.

2417 1666 2718 1734 Γρηγόριος
2748 1667 2775 1716 6
2801 1663 2944 1725 θεῖος
2983 1657 3138 1725 οὗτος
3163 1645 3258 1732 ἦν,
3289 1655 3348 1714 05
3380 1663 3505 1723 τοὺς
3533 1663 3824 1730 λαμπροὺς
3857 1664 4006 1730 ὑπὲρ

2418 1754 2697 1817 εὑσεϐείας
2725 1756 2943 1817 ἀγῶνας
2966 1756 2992 1806 6
3036 1754 3190 1821 λόγος
3223 1752 3477 1822 ἀπαρχῆς
3505 1753 3681 1804 είπεῖν
3710 1752 4004 1820 ὥρμηται.

2419 1845 2525 1899 Τοῦ
2554 1847 2611 1898 δὲ
2650 1847 2951 1914 Ἀρμενίων
2992 1845 3258 1914 βασιλέως
3287 1845 3346 1897 ὃν
3382 1845 3596 1913 εἴρηται
3629 1844 3831 1910 τρόπον
3863 1845 4003 1909 ἀνῃ-

2421 1937 2678 2006 ρημένους
2723 1937 2801 2005 τῷ
2832 1939 3178 2006 acumini
3219 1935 3481 2004 ἐπαρθεὶς
3505 1937 3531 1987 6
3567 1935 3806 2004 Πέρσης,
3835 1949 4002 1984 1511-

2421 2029 2713 2099 ραγμένοις
2741 2027 3122 2098 ἐπιστρατεύει
3157 2029 3264 2088 τοῖς
3293 2024 3623 2094 Ἀρμενίοις,
3663 2027 3758 2076 καὶ
3795 2025 4008 2090 πολλὴν

2419 2121 2842 2188 περιϐαλόμενος
2892 2118 3042 2169 λείαν
3069 2118 3162 2169 καὶ
3190 2116 3570 2185 δορυαλώτους
3599 2115 3679 2166 ὅτι
3707 2113 4007 2176 πλείστους

2419 2210 2622 2271 λαϐὼν,
2666 2209 2747 2271 είς
2797 2209 2896 2277 τὴν
2946 2207 3154 2260 οίκείαν
3198 2207 3466 2276 λαμπρῶς
3499 2205 3770 2272 ἐπανῆκεν
3814 2200 4007 2264 αὖῦις.

2422 2297 2610 2366 Εὑρὼν
2653 2297 2708 2348 δὲ
2752 2299 2808 2349 ὲν
2846 2299 2957 2357 τοῖς
2988 2297 3354 2365 αἰχμαλώτοις
3402 2298 3494 2348 ἕνα
3524 2297 3632 2346 τῶν
3673 2295 3799 2346 υἱῶν
3854 2294 4008 2346 K05-

2425 2388 2575 2456 σαρὼ
2613 2385 2920 2457 Τηριδάτην
2949 2388 3139 2455 ὄνομα,
3178 2388 3277 2438 οὑκ
3323 2387 3536 2456 ἀναιρεῖ
3566 2387 3663 2455 μὲν
3707 2388 3872 2438 αὑτὸν
3915 2386 4008 2437 διὰ

2421 2482 2480 2534 τὸ
2525 2482 2809 2549 Ῥωμαίων
2841 2482 2945 2550 ἤθη
2980 2481 3291 2550 φυγαδεύει.
3334 2476 3502 2542 Οὗτός
3546 2483 3660 2532 ἐστι
3688 2479 4008 2548 Τηρ;δσὶτης

2421 2575 2448 2628 ὁ
2472 2576 2563 2627 καὶ
2594 2576 2691 2643 τὴν
2711 2573 3012 2644 Ἀρμενίων
3038 2575 3211 2644 ἀρχὴν
3238 2576 3416 2644 χρόνῳ
3448 2575 3672 2641 ὕστερον
3709 2572 4006 2638 Ῥωμαϊκῇ

2427 2665 2715 2734 συμμαχίᾳ
2735 2667 2827 2716 καὶ
2853 2665 3017 2733 ψήφῳ
3043 2663 3524 2732 κατακτησάμενος
3555 2662 3647 2713 καὶ
3678 2659 4010 2725 ὑπολαϐὼν,

2427 2759 2517 2811 καὶ
2552 2758 2642 2809 16v
2679 2758 2854 2826 μέγαν
2888 2757 3189 2826 Γρηγόριον
3225 2755 3480 2824 βασάνοις
3520 2753 3817 2823 ἀμυθήτοις
3863 2753 4008 2804 ὑπο-

2423 2848 2628 2923 λαϐὼν,
2660 2850 2753 2901 καὶ
2787 2848 2860 2918 μὴ
2895 2848 3058 2917 μόνον
3105 2848 3178 2918 μὴ
3205 2850 3523 2917 ἀποστήσας
3561 2844 3749 2898 τοῦτον
3776 2843 3875 2910 τῆς
3921 2845 4009 2894 εἰ·

2427 2941 2661 3006 σεϐείας,
2714 2942 2846 2995 ἀλλά
2893 2942 2983 2994 καὶ
3031 2940 3192 3003 αὑτὸς
3241 2941 3414 3007 δήπου
3474 2942 3541 3008 τῇ
3587 2955 3644 2990 τε
3672 2935 3764 2987 τοῦ
3802 2936 4007 3006 ἀνδρὶς

2427 3034 2696 3100 ὑπερφυεῖ
2728 3033 3010 3101 καρτερίᾳ,
3039 3031 3132 3083 καὶ
3160 3035 3224 3100 τῇ
3254 3030 3472 3091 ὲκθείας
3501 3029 3756 3097 προνοίας
3786 3028 4009 3080 ἀνωθεν

2431 3123 2676 3190 μάστιγι,
2708 3107 2844 3192 πρὸς
2876 3123 2974 3190 τὴν
3000 3122 3213 3174 ἐκείνου
3245 3122 3424 3172 πίστιν
3459 3118 3796 3189 μεταϐαλών.
3830 3119 4007 3172 Ἀλᾶἁ

2428 3214 2596 3270 ταῦτα
2631 3217 2729 3287 μὲν
2753 3215 2894 3269 κατὰ
2930 3217 3095 3287 μέρος
3126 3214 3329 3285 προῖὼν
3366 3216 3392 3268 ό
3417 3214 3574 3282 λόγος
3599 3212 3856 3282 δηλώσει.

2498 3398 2582 3454 H'.
2623 3397 2983 3468 Ἀρτασείρας
3032 3399 3078 3451 δ’
3111 3397 3204 3452 οὑν
3239 3399 3356 3452 τότε
3383 3401 3409 3451 ὁ
3433 3398 3539 3452 τῶν
3571 3396 3798 3466 Περσῶν
3844 3394 4006 3459 βασι-

2425 3488 2548 3552 λεὺς
2592 3491 2756 3557 μέρος
2804 3489 2902 3558 τῆς
2936 3489 3069 3551 ίδίας
3116 3491 3288 3558 ἀρχῆς
3317 3489 3410 3540 καὶ
3443 3488 3539 3557 τὴν
3582 3488 3882 3552 Ἀρμενίαν
3913 3488 4006 3536 αξ.-

2425 3582 2522 3652 τὴν
2559 3583 2872 3651 ἐποιήσατο.
2923 3581 2981 3635 'O
3020 3581 3078 3634 δὲ
3108 3581 3198 3634 105
3235 3580 3401 3633 Ἀνάκ
3443 3582 3568 3642 παῖς
3595 3577 3690 3630 τοῦ
3721 3578 3814 3628 τὸν
3859 3578 4004 3628 Κου-

2428 3673 2579 3743 σαρὼ
2611 3673 2891 3735 ἀνελόντος
2923 3673 3038 3743 ἅμα
3085 3672 3162 3741 τῷ
3198 3670 3410 3740 ἀδελφῷ
3440 3669 3724 3740 Γρηγορίῳ
3754 3669 3812 3720 ὲν
3849 3667 4003 3719 πόλει

2429 3767 2766 3832 Καισαρείας
2806 3768 2903 3833 τῆς
2944 3764 3349 3824 Καππαδοκίας
3390 3763 3611 3828 διάγων,
3651 3762 3912 3814 παιδείαν
3944 3777 4000 3812 τε

2426 3859 2524 3927 τὴν
2557 3857 2721 3928 ἄλλην
2760 3857 3052 3924 ἐμάνθανε,
3087 3855 3181 3908 καὶ
3219 3855 3283 3907 τὰ
3311 3853 3652 3921 Χριστιανῶν
3694 3852 4002 3918 φιλοπόιως

2426 3953 2665 4020 ἠσκεῖτο.
2697 3951 2773 4017 Tr,
2787 3949 3004 4020 ριδάτης
3041 3949 3230 4001 τοίνυν
3245 3942 3330 4000 οἷα
3359 3947 3423 4014 δὴ
3453 3943 3732 4014 βασιλικοῦ
3769 3945 4003 4012 αἵματος

2427 4042 2501 4095 ὼν
2551 4045 2661 4105 τοῖς
2727 4046 2801 4108 ὲν,
2855 4041 2996 4093 τέλει
3052 4042 3438 4110 συνηριθμεῖτο
3505 4039 3819 4107 Ῥωμαίων.
3888 4040 4000 4089 Οὐκ

2427 4132 2635 4198 ἀγνοῶν
2663 4129 2753 4183 οὑν
2791 4132 2817 4183 6
2847 4121 3149 4202 Γρηγόριος
3174 4130 3209 4183 ἀ
3238 4145 3295 4182 τε
3335 4131 3362 4181 6
3387 4128 3577 4181 τούτου
3615 4129 3798 4195 πατὴρ
3832 4129 4002 4180 Ἀνὲκ

2428 4223 2456 4276 δ
2482 4223 2753 4295 επράξατο
2779 4225 2873 4277 καὶ
2898 4223 2933 4276 ἃ
2962 4225 2988 4275 6
3018 4223 3318 4294 Τηριδάτου
3355 4221 3483 4290 παρ’
3510 4219 3674 4273 αὑτοῦ
3702 4221 3997 4282 πέπονθεν,

2429 4317 2705 4386 ἀνέκφορα
2749 4315 2806 4368 δὲ
2845 4315 2996 4382 ὅμως
3033 4317 3166 4380 παρ’
3212 4314 3386 4382 ἐαυτῷ
3423 4315 3691 4381 κατέχων,
3750 4314 4000 4382 πρόσεισι

2427 4409 2503 4480 τῷ
2545 4409 2819 4478 Τηριδάτῃ
2854 4407 2932 4470 είς
2962 4406 3208 4459 ἑκούσιον
3251 4407 3441 4458 ἑαυτὸν
3474 4407 3785 4474 ὑπηρεσίαν
3823 4408 4000 4472 ἐγχει-

754 4496 1164 4550 excusationem
1210 4495 1447 4550 Teridati
1500 4495 1554 4550 in
1606 4496 1861 4549 omnibus
1921 4495 2133 4550 fidelem
2171 4510 2320 4549 suam

2431 4503 2614 4572 ρίζων,
2658 4501 2750 4553 καὶ
2790 4497 2858 4571 ἦν
2904 4500 3310 4569 ἀπροφάσιστον
3345 4499 3402 4551 ἐν
3441 4497 3574 4549 πᾶσι
3619 4497 3692 4564 τῷ
3725 4498 3998 4567 Τηριδάτῃ

756 4587 1032 4654 praebebat
1059 4602 1299 4655 operam.
1323 4586 1460 4640 Cum
1487 4597 1665 4641 autent
1685 4589 1982 4656 accepisset
2001 4586 2321 4657 Gregorium

755 4679 1122 4740 Christianam
1163 4687 1350 4732 tenere
1390 4678 1723 4746 religionem,
1756 4694 1897 4746 agre
1934 4678 2142 4732 ferebat
2175 4676 2325 4731 Teri-

759 4773 1066 4841 dates,qui,
1095 4772 1194 4825 etsi
1225 4772 1358 4824 niliil
1391 4772 1705 4840 proliceret,
1742 4786 1848 4824 non
1870 4773 2118 4824 cessabat
2143 4781 2321 4824 tamen

757 4881 880 4918 eum
907 4863 1210 4933 increpare.
1237 4863 1422 4918 Gottlii
1454 4879 1579 4917 vero
1607 4865 1696 4918 illo
1718 4874 1961 4933 tempore
1987 4863 2322 4934 populaban-

759 4964 848 5007 tur
883 4966 937 5008 et
976 4957 1256 5009 vastabant
1278 4969 1438 5025 agros
1469 4955 1724 5010 Romanae
1754 4954 2007 5026 regionis.
2049 4954 2204 5009 Unde
2233 4952 2323 5019 qui

759 5062 890 5101 tunc
913 5047 1214 5100 Romanum
1265 5047 1545 5101 obtinebat
1580 5048 1866 5116 imperium
1917 5046 2152 5100 surrexit
2211 5045 2324 5114 ipse

758 5155 976 5210 quoque
1029 5137 1161 5192 totis
1200 5138 1449 5193 viribus:
1484 5148 1540 5193 et
1581 5155 1701 5208 qua:
1741 5139 1806 5192 ad
1854 5139 2051 5192 bellum
2094 5139 2324 5208 pertine-

760 5237 892 5284 bant
942 5231 1187 5300 parabat,
1239 5244 1437 5298 eosque
1488 5231 1716 5285 advocat
1753 5231 1841 5300 qui
1895 5230 2025 5299 .ejus
2061 5230 2324 5298 parebant

759 5323 985 5384 ditione,
1019 5337 1079 5374 ac
1126 5337 1182 5375 se
1234 5320 1458 5375 omnino
1517 5322 1818 5376 instruebat
1870 5323 1934 5376 ad
1987 5322 2324 5375 ulciscendas

760 5414 1009 5471 Gottlios.
1061 5412 1194 5467 Cum
1261 5417 1442 5484 itaque
1487 5414 1622 5468 alter
1685 5433 1748 5469 ex
1813 5417 2042 5471 adverso
2103 5417 2326 5469 alterius

764 5503 1128 5562 castrametati
1181 5515 1386 5570 essent,
1444 5515 1496 5560 et
1543 5505 1718 5558 aciein
1781 5508 1995 5574 utrique
2043 5507 2325 5560 instruxis-

763 5611 904 5666 sent,
937 5609 992 5655 et
1022 5615 1212 5653 manus
1243 5613 1363 5651 mox
1396 5607 1579 5656 essent
1610 5602 1931 5661 conserturi,
1961 5598 2069 5652 dux
2100 5598 2326 5654 Gottlto-

765 5707 882 5747 rum
927 5692 1236 5761 provocavit
1293 5707 1473 5762 regem
1521 5694 1888 5749 Romanorum
1935 5693 1999 5744 ad
2057 5693 2326 5762 singulare

767 5794 1061 5842 certamen.
1103 5783 1192 5841 ille
1220 5794 1399 5842 autem
1435 5786 1629 5854 (neque
1669 5786 1809 5842 enim
1841 5790 2050 5856 poterat
2074 5787 2183 5842 suis
2218 5802 2327 5841 ma-

2424 4594 2521 4647 καὶ
2555 4595 2750 4661 πιστὴν
2793 4593 3076 4654 ἀποδιδοὺς
3122 4592 3446 4660 ὑπηρεσίαν.
3481 4588 3686 4642 Μαθὼν
3720 4589 3779 4640 δὲ
3815 4592 3899 4640 ὅτι
3936 4591 3998 4638 τὰ

2426 4684 2775 4751 Χριστιανῶν
2819 4683 3112 4751 Θρησκειπει
3144 4682 3474 4751 Γρηγόριος,
3533 4680 3889 4747 ἐδυσχέραινὲ
3945 4695 3995 4731 τε

2426 4771 2578 4836 0510;
2623 4776 2651 4827 6
2692 4774 2999 4844 Τηριδάτης
3048 4774 3142 4826 καὶ
3189 4773 3428 4840 είμηδὲν
3459 4772 3644 4840 ἡνυεν,
3681 4771 3833 4837 ὅμως
3884 4771 3996 4820 επι-

2425 4868 2601 4938 τιμῶν
2633 4867 2731 4920 οὑκ
2785 4866 2949 4919 ἀνίει.
2992 4865 3180 4918 Γότθοι
3222 4865 3275 4916 δὲ
3306 4864 3428 4916 κατ’
3467 4867 3643 4916 έκεῖνο
3693 4863 3892 4931 καιροῦ
3937 4865 3997 4913 τὰ

2437 4959 2727 5028 Ῥωμαίων
2759 4959 2932 5030 χωρία
2960 4956 3152 5028 ἐδῄουν
3182 4975 3238 5009 τε
3265 4959 3357 5011 καὶ
3386 4957 3864 5024 ἠνδραποδίζοντο.
3897 4960 3998 5009 Καὶ

2426 5053 2454 5104 6
2495 5054 2784 5122 Ῥωμαίοις
2832 5052 2890 5104 δὲ
2941 5052 3062 5104 τότε
3110 5051 3208 5120 τὴν
3264 5050 3538 5119 βασιλείαν
3576 5049 3802 5106 διέπων,
3853 5053 3996 5102 διαν-

2433 5140 2615 5194 ίστατο
2654 5147 2746 5193 καί
2792 5141 2950 5202 αὑτὸς
2989 5143 3151 5193 παντὶ
3194 5140 3390 5204 σθένει,
3433 5141 3528 5191 καὶ
3563 5144 3631 5190 τὰ
3663 5139 3743 5199 είς
3771 5139 3866 5191 τὸν
3910 5145 3996 5195 πό-

2429 5232 2590 5301 λεμον
2637 5233 2776 5300 μετά
2820 5233 2928 5283 τῶν
2973 5232 3075 5282 ὑπὸ
3108 5232 3262 5299 χεῖρα
3293 5226 3672 5297 ηὐτρεπίςετο,
3718 5232 3812 5280 καὶ
3855 5233 3992 5298 dpu-

2435 5323 2639 5377 νεῖσθαι
2662 5325 2889 5387 Γότθους
2917 5319 3564 5386 συνεσκευάζετο.”ΕνΘεν
3585 5337 3668 5374 τοι
3691 5321 3814 5373 ἀντὶ
3844 5340 3995 5390 στρι-

2428 5417 2910 5484 τοπεδευσαμένων
2944 5417 3006 5466 ὲκ
3051 5413 3142 5466 105
3175 5411 3415 5466 ἐναντίου
3451 5411 3734 5478 ἀλλήλοις,
3775 5415 3867 5462 καὶ
3903 5416 3993 5480 τὴν

2432 5512 2690 5577 στρατιὰν
2760 5507 3026 5576 ἑκατέραν
3083 5502 3468 5565 διαταξάντων,
3543 5505 3637 5554 καὶ
3686 5504 3767 5563 είς
3812 5508 3992 5573 χεῖρας

2429 5601 2552 5653 ὅσον
2603 5598 2817 5652 οὐδέπω
2881 5599 3086 5655 ίόντων,
3132 5595 3158 5644 6
3202 5594 3308 5645 τῶν
3349 5593 3564 5644 Γότθων
3612 5592 3857 5660 ἀρχηγὸς
3921 5594 3990 5650 είς

2433 5693 2772 5762 μονομαχίαν
2807 5687 3165 5758 προεκαλεῖτο
3192 5684 3281 5739 τὸν
3313 5683 3540 5754 βασιλέα
3586 5681 3898 5753 Ῥωμαίων.
3941 5682 3987 5732 Ὁ

2430 5786 2481 5840 δέ
2512 5784 2598 5854 (οὐ
2642 5785 2750 5852 γὰρ
2793 5777 2901 5841 οἷός
2941 5794 3000 5830 τε
3050 5771 3126 5846 ἦν’
3165 5775 3366 5846 χερσὶν·
3397 5773 3627 5840 οἰκείαις
3673 5771 3982 5830 καταϐαλεῖ·
