4154 6318
203 363 295 425 953

1118 363 1293 423 VlTA
1338 363 1396 422 S.
1436 361 1819 422 GREGORII
1859 364 2500 432 ILLUMINATORIS.

3308 372 3416 435 954

200 475 283 526 τον
307 469 647 541 ἀντίπαλον),
685 470 766 533 τίς
799 470 861 524 ἂν
887 472 1091 523 ἐκεῖνον
1115 471 1427 542 ὑποκριθείς
1458 472 1536 544 τῷ
1566 471 1747 543 Γὸτθῳ

1856 475 2012 533 nibus
2042 489 2392 548 prosternere
2421 477 2816 550 adversarium)
2850 478 3148 549 quaerebat,
3166 478 3412 548 quisnam

201 561 507 635 προσϐάλλοι
557 564 623 615 ὲκ
655 562 762 614 τῶν
791 562 920 632 παρ’
957 562 1133 631 ἑαυτῷ
1168 562 1442 633 ἐπεζήτει.

263 746 331 800 Θ’.
361 746 699 808 Λικιννιανδς
727 747 785 800 δέ
826 764 908 809 τις
959 747 1099 817 ἀνὴρ
1129 748 1239 801 τῶν
1278 750 1336 803 ὲν
1388 752 1745 820 στρατηγίαις

199 837 581 906 ἐξεταζομένων
613 840 673 891 τὸ
704 840 1003 907 τηνικαῦτα
1039 840 1264 911 θαρρεῖν
1326 842 1639 896 ὑποτίθεται
1668 843 1744 914 τῷ

201 927 420 997 βασιλεῖ·
448 924 713 997 εἶναιγὰρ
754 930 919 982 πάλαι
945 930 1052 983 τῶν
1083 931 1212 998 παρ’
1242 932 1389 1002 αὑτῷ
1442 950 1738 1000 στρατευο-

202 1020 362 1088 μένων
415 1021 533 1072 τινὰ
557 1063 571 1085 ,
608 1021 913 1090 Τηριδάτην
944 1025 1148 1075 ἐκεῖνον
1200 1024 1291 1076 τὸν
1317 1026 1396 1086 εἰς
1430 1024 1493 1077 το
1538 1026 1746 1095 βασιλι-

198 1113 285 1162 κὸν
310 1113 403 1181 τῆς
448 1115 739 1182 Ἀρμενίας
767 1114 1110 1180 ἀναφέροντα
1134 1110 1289 1184 αἷμα,
1330 1116 1497 1184 ἄνδρα
1518 1118 1742 1186 δυνάμει

198 1204 283 1253 καὶ
309 1204 490 1271 χερσὶν
522 1205 757 1272 ἄμαχον,
792 1205 886 1256 καὶ
911 1204 1110 1275 πολλὴν
1142 1207 1198 1256 ὲν
1230 1207 1447 1269 πολλοῖς
1474 1208 1744 1261 δεδωκότα

199 1298 378 1364 πεῖραν
408 1296 505 1361 τῆς
529 1295 690 1347 αὑτοῦ
732 1297 1129 1362 γενναιότητος.
1156 1291 1326 1361 Οὗτος
1358 1302 1450 1352 καὶ
1472 1301 1568 1353 νῦν
1597 1304 1745 1365 παρά

196 1385 266 1454 τῷ
298 1386 538 1455 παλατίῳ
568 1387 833 1455 διατρίϐει
862 1388 1044 1455 φησίν.
1095 1390 1321 1457 Ἀγεται
1355 1391 1484 1457 γοῦν
1508 1393 1745 1461 Τηριδά-

194 1492 287 1544 της
311 1480 384 1537 εἰς
420 1478 603 1545 μέσον,
642 1478 735 1530 καὶ
766 1478 863 1549 τὴν
896 1478 1180 1549 βασιλικὴν
1220 1482 1371 1552 αὐτῷ
1404 1484 1746 1552 περιτίθησιν

194 1571 219 1621 ὁ
243 1570 483 1637 βασιλεὺς
511 1571 827 1638 ἁλουργίδα,
860 1573 952 1623 καὶ
981 1572 1050 1624 τὰ
1095 1574 1194 1642 τῆς
1224 1573 1399 1643 ἀρχῆς
1438 1577 1747 1646 παράσημα

198 1663 383 1726 πάντα,
416 1662 491 1724 ὼς
520 1663 583 1715 ἂν
608 1664 793 1733 δοκοίη
824 1664 914 1715 καὶ
939 1663 1192 1731 βασιλεὺς
1222 1662 1383 1727 εἶναι,
1411 1670 1437 1720 ό
1466 1670 1562 1737 τὴν
1588 1687 1745 1738 μονο-

198 1756 390 1823 μαχίαν
426 1756 560 1822 προς
607 1756 696 1807 τὸν
751 1755 1028 1825 βάρὸαρον
1093 1757 1507 1826 ἀναιρούμενος.
1566 1762 1745 1814 Κατα-

197 1850 407 1907 nam;
436 1843 528 1900 οὖν
560 1850 639 1910 εἰς
669 1850 849 1918 μάχην
900 1849 928 1902 ὃ
957 1863 1015 1901 τε
1043 1848 1133 1901 τὸν
1181 1850 1404 1919 βασιλέα
1464 1854 1750 1921 Ῥωμαίων

195 1941 618 2010 ὑποκρινόμενος
652 1941 982 2011 Τηριδάτης.
1023 1944 1116 1995 καὶ
1140 1942 1303 2005 αὐτὸς
1349 1944 1375 1995 6
1403 1944 1507 1996 τῶν
1538 1944 1750 1999 Γότοων

194 2032 456 2100 ἀρχηγὸς,
488 2032 640 2101 παρά
670 2033 925 2087 τοσοῦτον
986 2034 1296 2103 Τηριδάτης
1345 2036 1617 2106 ἐκράτησε
1656 2039 1749 2091 τοῦ

197 2123 490 2194 βαρϐάρου,
546 2126 643 2186 ὡς
692 2126 825 2192 μηδέ
878 2125 1032 2192 ξίφος
1086 2125 1172 2176 ἐπ’
1232 2128 1393 2179 αὑτὸν
1439 2128 1749 2182 σπάσασθαι

198 2218 329 2285 μηδὲ
359 2217 484 2282 δόρυ
554 2217 796 2281 κινῆσαι,
844 2216 959 2270 ἀλλ’
1024 2218 1265 2286 ἁρπάσαι
1303 2235 1364 2270 τε
1407 2218 1597 2271 τοῦτον
1621 2223 1747 2282 ταῖς

191 2310 344 2375 χερσὶ
376 2308 528 2375 ῥᾷον,
562 2307 653 2359 καὶ
694 2305 841 2383 αὐτῴ
884 2307 1098 2377 βασιλεῖ
1132 2314 1483 2380 παραστῆσαι
1544 2310 1747 2375 ζῶντα.

195 2396 381 2449 Ἔνθεν
404 2415 482 2449 τοι
506 2399 627 2452 οὐδὲ
654 2400 890 2466 ἀναξίων
947 2403 1079 2473 παρ’
1140 2404 1305 2457 αὐτοῦ
1336 2407 1592 2474 τυγχάνει
1644 2407 1753 2460 τῶν

188 2488 382 2551 ἄθλων.
400 2490 661 2558 Χρήμασι
688 2508 740 2543 τε
768 2493 875 2559 γάρ
896 2494 1058 2545 αὐτὸν
1085 2495 1483 2562 φιλοφρονεῖται
1516 2496 1749 2561 πολλοῖς,

188 2582 288 2634 καὶ
312 2582 618 2650 πορφυρίδα
674 2582 1020 2652 περιδάλλει,
1083 2586 1174 2637 καὶ
1214 2584 1480 2656 βασιλικῷ
1511 2589 1611 2658 τὴν
1661 2606 1752 2642 κε·

188 2675 368 2743 φαλὴν
395 2676 688 2745 ἐπικοσμεῖ
744 2676 1058 2748 διαδήματι,
1107 2668 1202 2730 καὶ
1252 2680 1331 2741 εἰς
1363 2680 1463 2751 τὴν
1494 2681 1751 2753 πατρῴαν

187 2768 362 2836 ἀρχὴν
394 2767 792 2835 ἀποκαθίστησι
819 2770 908 2821 τὸν
948 2771 1276 2841 Τηριδάτην.
1311 2773 1385 2825 Τὸ
1414 2774 1596 2841 μέντοι
1624 2776 1754 2829 Γοτ-

186 2858 365 2924 θικδν,
397 2859 711 2934 ,παραλόγου
741 2860 839 2929 τῆς
867 2861 1037 2931 τύχης
1061 2862 1201 2917 οὕτω
1235 2867 1604 2934 πειραθέντες,
1662 2870 1755 2924 καὶ

188 2948 566 3018 συλληφθέντα
596 2949 685 3002 τὸν
718 2951 959 3021 ἀρχηγίν
998 2954 1061 3005 ἐκ
1085 2953 1180 3005 τοῦ
1231 2956 1497 3023 αἰφνιδίου
1532 2961 1752 3029 ἰδόντες,

182 3040 533 3095 διεσκέδαστό
558 3059 616 3096 τε
652 3044 798 3099 ἅπαν
855 3046 949 3097 καὶ
992 3046 1164 3111 ὀλίγοι
1222 3047 1359 3118 πρὸς
1408 3048 1507 3117 τὴν
1545 3052 1752 3105 οίκείαν

1847 584 1911 622 ex
1944 570 2057 624 suis
2093 585 2152 624 se
2192 570 2343 624 illum
2383 585 2507 626 esse
2544 570 2808 625 simulans
2868 584 2990 625 cum
3036 568 3239 625 Gottlio
3286 586 3416 625 con-

1846 662 2183 731 grederctur.
2946 684 2949 685 ν

1916 756 2007 810 1x.
2044 757 2357 811 Licinianus
2398 765 2580 810 autem
2612 756 2695 810 vir
2725 756 2942 825 quidam
2988 770 3054 809 ex
3102 755 3186 819 iis,
3224 756 3314 823 qui
3360 758 3412 810 in

1847 848 2110 902 ducendis
2151 846 2482 901 exercitibus
2532 857 2661 902 tunc
2710 857 2860 902 erant
2906 846 3132 913 pulchre
3187 848 3413 910 versati,

1846 940 1998 1009 jubet
2047 942 2423 1007 imperatorem
2479 940 2621 992 bono
2672 952 2791 991 esse
2825 938 3056 990 animo:
3096 952 3216 990 esse
3269 936 3412 989 enim

1850 1046 2016 1093 nntim
2051 1046 2116 1083 ex
2172 1030 2235 1082 iis
2276 1028 2363 1097 qui
2399 1028 2537 1097 apud
2585 1029 2761 1097 ipsum
2815 1028 3064 1089 militant,
3108 1026 3414 1080 Teridatem

1850 1121 2058 1173 scilicet
2077 1120 2248 1181 illum,
2273 1120 2361 1188 qui
2383 1122 2547 1173 refert
2573 1135 2743 1188 genus
2771 1120 2835 1171 ad
2864 1120 3069 1189 regium
3100 1119 3415 1188 sanguinem

1848 1213 2141 1273 Armeniae,
2175 1213 2374 1270 virum,
2410 1212 2498 1280 qui
2543 1210 2757 1263 viribus
2788 1218 2842 1263 et
2886 1210 3052 1263 armis
3078 1220 3158 1262 cst
3189 1210 3417 1276 inexpu-

1848 1304 2095 1374 gnabilis,
2139 1314 2195 1357 et
2241 1303 2331 1371 qui
2366 1304 2418 1355 in
2455 1302 2636 1356 multis
2673 1316 2782 1355 sua:
2810 1300 3020 1354 virtutis
3066 1301 3213 1353 dedit
3253 1315 3418 1369 expe—

1852 1398 2121 1452 rientiam.
2181 1395 2233 1449 Is
2292 1410 2440 1448 nunc
2492 1411 2726 1464 quoque,
2790 1392 3001 1461 inquit.
3054 1401 3301 1446 versatur
3361 1392 3414 1443 in

1850 1491 2115 1544 exercitu.
2165 1489 2223 1542 In
2276 1488 2512 1541 medium
2552 1487 2732 1555 itaque
2773 1487 2988 1541 ducitur
3026 1483 3327 1547 Teritlates,
3362 1493 3417 1537 et

1849 1597 1971 1636 eum
2005 1582 2351 1650 imperatoria
2385 1578 2556 1632 induit
2592 1581 2885 1647 imperator
2920 1593 3179 1646 purpura,
3212 1585 3268 1629 et
3298 1590 3416 1628 om-

1850 1675 2013 1729 nibus
2056 1672 2360 1740 insignibus
2406 1670 2643 1738 imperii,
2695 1678 2757 1723 ut
2811 1670 3089 1722 videretur
3140 1670 3253 1735 ipse
3292 1680 3418 1719 esse

1853 1768 2192 1832 imperator,
2249 1766 2340 1833 qni
2408 1766 2671 1818 adversus
2725 1763 3014 1817 barbarum
3085 1760 3418 1828 suscipiebat

1853 1860 2125 1930 singulare
2153 1865 2452 1911 certamen.
2486 1856 2619 1910 Cum
2652 1857 2718 1909 ad
2759 1870 2993 1925 pugnam
3025 1868 3152 1917 ergo
3198 1866 3419 1921 proces-

1853 1953 2072 2011 sissent.
2134 1960 2190 2005 et
2233 1950 2324 2019 qui
2377 1948 2740 2002 Romanorum
2786 1948 2976 2015 agebat
3034 1946 3417 2013 imperatorem

1851 2044 2153 2098 Teridates.
2198 2051 2253 2094 et
2288 2043 2401 2110 ipse
2440 2043 2547 2094 dux
2576 2039 2925 2101 Gottliorum,
2962 2052 3133 2106 usque
3165 2037 3300 2089 adeo
3327 2050 3419 2087 sn-

1853 2135 2061 2205 peravit
2092 2134 2377 2187 Teridates
2406 2133 2718 2193 barbarum,
2759 2140 2818 2185 ut
2850 2147 2949 2185 nec
2981 2145 3167 2185 ensem
3199 2128 3416 2196 quidem

1853 2229 1906 2282 in
1967 2227 2142 2293 ipsum
2194 2224 2494 2285 strinxerit,
2547 2238 2723 2290 neque
2774 2222 2982 2274 hastam
3012 2219 3242 2273 vibrarit
3276 2236 3289 2271 :
3322 2217 3417 2271 sed

1852 2334 1975 2374 eum
2033 2332 2196 2371 manu
2256 2314 2411 2368 facile
2468 2313 2729 2381 rapuerit.
2780 2322 2843 2388 et.
2882 2312 3061 2364 vivum
3096 2310 3312 2365 duxerit
3350 2308 3419 2361 ad

1853 2412 2031 2482 ipsum
2055 2410 2464 2478 imperatorem.
2497 2406 2617 2471 Quo
2650 2405 2815 2475 facto,
2848 2419 2955 2458 non
2997 2402 3214 2472 indigna
3255 2401 3322 2453 ab
3355 2414 3422 2452 eo

1854 2501 2205 2567 consequitur
2252 2499 2492 2566 praemia.
2539 2496 2673 2550 Nam
2712 2505 2768 2551 et
2808 2495 3037 2564 benigne
3091 2497 3139 2547 ei
3190 2492 3420 2546 multum

1852 2591 2080 2660 largitur
2113 2591 2358 2656 pecuniae
2389 2598 2443 2641 et
2484 2588 2661 2639 induit
2705 2602 2829 2639 eum
2870 2600 3131 2654 purpura,
3166 2595 3220 2637 et
3258 2590 3424 2652 caput

1853 2684 1970 2751 ejus
2021 2683 2168 2749 regio
2211 2687 2368 2732 ornat
2401 2677 2728 2738 diademate,
2770 2686 2823 2729 et
2867 2691 2975 2729 non
3014 2675 3184 2728 multo
3212 2685 3331 2742 post
3365 2674 3421 2725 in

1855 2785 2142 2846 paternum
2202 2770 2487 2840 imperium
2545 2769 2782 2823 restituit
2838 2768 3166 2822 Teriilatem.
3234 2765 3420 2819 Gottlii

1855 2874 2039 2920 autem
2086 2878 2209 2916 cum
2250 2863 2328 2916 sic
2364 2871 2556 2931 prteter
2600 2861 2867 2914 rationem
2901 2859 3179 2913 adversam
3226 2858 3426 2912 sensis-

1854 2968 1985 3015 sent
2010 2957 2302 3020 fortunam,
2352 2963 2408 3007 et
2458 2953 2651 3006 ducem
2691 2966 2847 3003 suum
2897 2960 3123 3017 repente
3162 2949 3423 3001 vidissent

1858 3048 2332 3114 comprehensum,
2363 3042 2595 3111 dispersi
2640 3052 2768 3096 sunt
2800 3053 3010 3099 omnes.
3055 3046 3113 3092 et
3147 3039 3303 3106 pauci
3335 3051 3423 3091 re-

182 3136 483 3204 ἐπανῆκον,
518 3136 616 3207 τῆς
654 3138 938 3205 συμφορᾶς
986 3137 1224 3205 ἄγγελοι.
1267 3140 1335 3191 '0
1366 3156 1427 3207 γε
1473 3140 1579 3209 μὴν
1619 3142 1752 3194 Ῥω-

1858 3142 2078 3194 dierunt
2108 3138 2421 3192 in‘domum
2449 3150 2601 3189 suam
2644 3132 2822 3188 nuntii
2870 3130 3209 3187 calamitatis.
3247 3130 3423 3199 Impe-

183 3227 367 3296 μαίων
392 3228 640 3298 βασιλεὺς
675 3232 810 3297 μετά
844 3230 1116 3299 λαμπρῶν
1166 3234 1445 3300 τροπαίων
1494 3232 1751 3303 εὐδαιμο-

176 3320 418 3371 νέστατα
440 3320 754 3388 ἀνεζεύγνυ.

258 3410 315 3462 ι’.
356 3410 662 3478 Τηριδάτης
696 3410 752 3463 δὲ
776 3411 836 3464 τὸ
858 3412 984 3483 ἑξῆς
1022 3411 1311 3485 Ἀρμενίας
1331 3414 1631 3485 βασιλεύων
1655 3416 1755 3486 τῆς

177 3500 450 3573 πατρῴας
485 3504 684 3572 μᾶλλον
727 3506 906 3576 εἴχετρ
988 3506 1431 3577 δεισιδαιμονίας,
1488 3510 1667 3572 ἄλλοις
1696 3527 1754 3562 τε

176 3596 339 3650 θύειν
374 3596 611 3658 είδὼλσις
642 3599 736 3650 xui.
760 3599 824 3667 δὴ
861 3600 953 3650 καὶ
998 3598 1299 3670 Ἀρτέμιδι,
1345 3604 1411 3671 ἢν
1472 3605 1634 3673 ἐτίμα
1692 3621 1753 3657 τε

176 3691 556 3761 ﬁnger/ivro);
607 3691 701 3742 καὶ
752 3691 914 3757 φίλην
946 3693 1131 3758 ἠγεῖτο
1164 3692 1304 3745 θεόν.
1348 3692 1628 3745 Ἐϐούλετο
1657 3697 1755 3761 μὲν

172 3778 280 3833 οὖν
314 3782 410 3845 τῆς
437 3778 625 3837 θυσίας
652 3782 925 3830 κοινωνεῖν
957 3780 1106 3848 αὐτῷ
1132 3782 1221 3833 καὶ
1246 3781 1336 3832 τὸν
1370 3782 1514 3851 ίερῦν
1549 3783 1757 3853 Γρηγό-

178 3885 325 3939 ριον.
356 3866 493 3935 Τῇδε
549 3866 659 3938 γὰρ
800 3869 1081 3940 Τηριδάτῃ
1111 3872 1204 3924 καὶ
1259 3873 1420 3937 αὐτὸς
1453 3874 1653 3928 εἵπετο.
1694 3874 1755 3931 Ὀ

173 3961 239 4014 δὲ
278 3960 384 4012 οὐκ
407 3961 674 4031 ἠνείχετο.
708 3963 1015 4034 Τηριδάτης
1045 3967 1225 4019 τοίνυν
1256 3968 1455 4037 πολλὴν
1493 3970 1638 4039 αὑτῴ
1661 3971 1758 4040 τῆς

173 4068 241 4102 τε
279 4050 449 4120 ἄλλης
486 4054 812 4123 ὑπηρεσίας,
846 4058 935 4107 καί
969 4058 1031 4125 δὴ
1074 4058 1172 4110 καὶ
1200 4060 1293 4126 τῆς
1322 4061 1428 4111 τῶν
1460 4061 1601 4113 ὃλων
1637 4080 1759 4122 ,κοι-

171 4142 391 4205 γωνίας
417 4145 577 4215 χάριν
602 4144 905 4212 ὁμολογῶν.
950 4145 1009 4198 Ὀ
1046 4147 1227 4215 μέντοι
1263 4148 1402 4210 θεῖος
1434 4150 1753 4219 Γρηγὸριος·

169 4234 281 4297 τὰς
318 4234 421 4303 μὲν
465 4236 808 4305 σωματικὰς,
851 4238 1005 4304 φησὶ,
1081 4228 1446 4308 λειτουργίας,
1495 4242 1617 4294 ὅσαι
1684 4242 1758 4313 μὴ

166 4324 370 4397 ψυχὴν
399 4327 826 4393 διαφθείρουσιν,
859 4327 1039 4399 εὐνοίᾳ
1073 4334 1167 4384 καὶ
1197 4331 1349 4403 φιλίᾳ
1407 4332 1516 4385 τῶν
1564 4333 1756 4385 δεσπο-

166 4421 298 4474 τῶν
322 4424 349 4473 ὁ
374 4420 553 4481 κοινὸς
578 4421 729 4491 ,ἡμᾶς
763 4421 1032 4491 δεσπότης
1066 4424 1457 4493 ὑπηρετεῖσθαι
1493 4425 1755 4491 διδάσκει,

165 4514 280 4567 καὶ
313 4512 449 4581 πρὸς
479 4511 681 4571 ταύτας
738 4512 796 4562 οὐ
834 4514 1107 4582 Δεσπότης
1181 4530 1261 4565 σοι
1317 4514 1440 4566 οὕτε
1500 4518 1757 4586 ἀσχολίαν

163 4602 704 4674 προεφασισάμεθα,
732 4602 854 4655 οὕτε
881 4604 1139 4675 ῥᾳθύμως
1174 4605 1625 4678 ὑπηρετήσαμεν,
1657 4611 1762 4663 ὅσα

1858 3240 2005 3284 ratur
2065 3238 2244 3281 autem
2290 3227 2657 3279 Romanorum
2706 3240 2830 3279 cum
2880 3221 3155 3292 praeclaris
3201 3219 3424 3289 tropazis

1856 3322 2012 3377 rediit
2049 3316 2386 3374 felicissime.

1923 3414 1992 3469 Χ.
2024 3412 2308 3467 Teridates
2333 3418 2539 3476 autem,
2564 3405 2820 3475 deinceps
2843 3418 3067 3475 regnum
3095 3402 3149 3456 in
3174 3399 3427 3455 Armenia

1857 3510 2134 3573 obtinens,
2172 3505 2361 3573 patriae.
2400 3511 2521 3557 erat
2547 3502 2765 3556 deditus
2808 3499 2958 3553 falsa:
2993 3496 3262 3566 religioni,
3299 3508 3425 3549 cum

1858 3600 1980 3655 aliis
2024 3598 2338 3653 snerilicans
2388 3594 2716 3657 simulacris,
2775 3604 2886 3646 tum
2938 3592 3166 3644 maxime
3222 3588 3425 3650 Diana,

1858 3709 2017 3764 quam
2050 3701 2103 3747 et
2133 3704 2344 3744 summo
2374 3687 2583 3740 honore
2616 3684 2899 3743 alliciebat,
2930 3694 2984 3735 et
3012 3682 3240 3735 amicam
3269 3680 3424 3732 deam

1859 3785 2225 3839 existimabat.
2289 3784 2467 3851 Atque
2512 3789 2913 3837 sacrosanctum
2949 3776 3163 3845 quidem
3215 3772 3428 3827 volebat

1859 3878 2175 3946 Gregorium
2205 3890 2323 3929 esse
2354 3876 2561 3929 socium
2603 3874 2887 3934 sacrificii;
2917 3887 3036 3927 nam
3074 3870 3187 3937 ipse
3211 3881 3426 3938 quoquo

1861 3970 2168 4024 Teridatem
2230 3984 2297 4022 eo
2347 3977 2462 4022 erat
2501 3974 2738 4020 secutus.
2775 3964 2862 4017 Ille
2907 3972 3087 4015 autem
3119 3961 3167 4012 id
3202 3960 3426 4013 minime

1861 4065 2185 4132 patiebatur.
2220 4061 2500 4123 Tcridates
2533 4072 2661 4127 ergo
2713 4056 2804 4124 qui
2832 4066 2885 4110 et
2925 4069 3021 4124 pro
3052 4054 3156 4106 alio
3176 4050 3428 4106 ministe-

1859 4152 1963 4214 rio,
2023 4158 2077 4204 et
2137 4164 2233 4219 pro
2286 4148 2667 4201 universorum
2721 4144 3214 4200 communicatione
3269 4158 3325 4197 se
3373 4142 3427 4195 ei

1860 4245 2089 4299 multum
2114 4245 2312 4297 debere
2335 4241 2620 4297 fatebatur.
2652 4240 2875 4307 iubebat
2898 4252 2965 4290 ne
2990 4238 3041 4289 in
3078 4235 3338 4304 religione
3359 4235 3428 4287 ab
3511 4240 3514 4243 ’

1861 4352 1927 4388 eo
1962 4336 2318 4401 discreparet.
2368 4330 2591 4382 Divinus
2619 4338 2800 4381 autem
2848 4326 3141 4395 Gregorius
3175 4342 3187 4376 :
3221 4324 3430 4393 Corpo-

1864 4429 1992 4481 ralia
2018 4426 2257 4496 quidem,
2292 4423 2491 4491 inquit,
2533 4420 2832 4474 ministeria
2886 4434 3004 4487 quae
3037 4432 3143 4470 non
3184 4431 3430 4470 corrum-

1865 4530 1998 4591 punt
2025 4519 2287 4579 animum,
2320 4515 2579 4570 benevole
2610 4523 2663 4565 et
2691 4511 2883 4572 amice,
2920 4509 3156 4563 dominis
3202 4523 3230 4559 a
3274 4508 3429 4561 nobis

1862 4611 2103 4667 exhiberi
2142 4610 2300 4663 docet
2330 4622 2429 4660 nos
2452 4604 2760 4658 communis
2792 4603 3074 4665 Dominus,
3115 4616 3292 4670 neque
3321 4616 3429 4664 quo

159 4696 229 4749 δὲ
266 4694 410 4762 πρὸς
438 4693 606 4764 αὐτὴν
630 4694 782 4765 φέρει
816 4697 908 4748 τὸν
968 4694 1208 4749 κίνδυνον
1253 4698 1352 4768 τὴν
1402 4699 1598 4768 ψυχὴν,
1663 4701 1757 4753 καὶ

160 4786 275 4840 τοῦ
312 4787 647 4856 δημιουργοῦ
682 4787 871 4857 πόρρῳ
933 4789 1097 4851 ποιεῖ,
1146 4787 1351 4840 τούτων
1384 4791 1483 4852 οὐκ
1508 4790 1573 4842 ἂν
1606 4792 1634 4842 ό
1664 4808 1757 4844 πεο

160 4881 547 4948 παιδευμένος
586 4880 758 4949 ἑτέρῳ
794 4884 1120 4950 κοινωνῆσαι
1160 4882 1468 4950 ἀνάσχοιτο,
1499 4885 1601 4935 κᾶν
1668 4886 1756 4937 δε-

165 4974 406 5037 σπότης
434 4970 464 5022 ὁ
495 4971 585 5023 ἐπὶ
613 4969 787 5022 ταῦτα
822 4972 1153 5039 παρακαλῶν
1196 4974 1301 5043 είη,
1332 4975 1436 5025 κᾶν
1483 4975 1757 5042 βασιλεὺς,

158 5066 285 5118 κᾶν
321 5066 370 5117 εὶ
402 5066 491 5117 καὶ
530 5062 626 5128 τῆς
668 5062 811 5133 ζωῆς
841 5065 1012 5134 αὐτῆς
1065 5066 1275 5135 κύριος.
1327 5068 1511 5120 Ταῦτα
1567 5070 1755 5141 ἐπειδὴ

160 5158 404 5228 μακρὸν
426 5156 675 5208 ἀπέτεινε
727 5154 884 5223 λόγον
934 5159 962 5209 ὁ
1020 5158 1159 5227 ἱερὸς
1207 5157 1520 5228 Γρηγόριος,
1582 5159 1755 5230 θυμοῦ

152 5266 254 5309 τε,
297 5248 751 5317 ὑπερεπίμπλατο
809 5247 1132 5319 Τηριδὰτης,
1188 5252 1281 5304 καὶ
1336 5251 1567 5315 ὀξύταια
1635 5254 1756 5306 κατ’

130 5361 189 5416 ,ο
208 5341 358 5394 ὐτοῦ
416 5342 663 5405 ἐκινεῖτο,

1863 4705 2043 4759 minus
2077 4717 2138 4756 ea
2189 4712 2633 4767 exsequerentur,
2687 4695 2780 4749 tibi
2819 4709 3054 4761 unquam
3101 4694 3249 4746 illum
3288 4707 3428 4760 prae-

1864 4798 2132 4851 texuimus
2165 4794 2440 4862 negotium
2475 4804 2649 4857 neque
2678 4784 3011 4856 negligenter
3057 4783 3426 4838 inserviimus.

1862 4888 2208 4954 Quaecunque
2226 4893 2405 4936 autem
2435 4883 2603 4948 ipsam
2629 4880 2863 4931 animam
2895 4876 3175 4931 adducunt
3203 4876 3254 4927 in
3283 4873 3427 4943 peri—

1861 4980 2061 5039 culum,
2089 4987 2142 5030 et
2176 4975 2358 5043 procul
2419 4974 2697 5027 abducunt
2735 4970 2803 5024 ab
2846 4969 3037 5037 opifice
3092 4982 3281 5021 eorum
3334 4966 3425 5034 qui

1863 5079 1945 5125 est
1982 5069 2249 5132 eruditus,
2271 5082 2608 5135 nequaquam
2638 5064 2959 5117 sustinuerit
2988 5061 3124 5113 inire
3162 5074 3285 5113 cum
3320 5058 3426 5112 alio

1862 5165 2327 5226 communionem,
2383 5161 2592 5213 etiamsi
2660 5159 2954 5227 imperator
2988 5192 3002 5218 ,
3060 5153 3270 5207 etiamsi
3332 5156 3423 5222 qui

1863 5255 2025 5307 vitam
2076 5253 2237 5306 habet
2300 5253 2349 5301 in
2391 5257 2679 5318 potestate,
2717 5249 2924 5317 jubeat.
2971 5246 3106 5299 Cum
3151 5246 3263 5298 haec
3310 5244 3427 5297 fuse

1861 5355 2236 5400 sacrosanctus
2264 5342 2489 5395 dixisset
2518 5342 2811 5411 Gregorius
2836 5379 2850 5402 ,
2889 5343 2964 5393 ira
2999 5352 3159 5406 supra
3204 5338 3423 5389 modum

1861 5441 2101 5509 repletus
2152 5446 2235 5491 est
2291 5436 2597 5501 Teriilates,
2657 5449 2711 5491 et
2757 5436 3019 5490 acerrime
3062 5435 3117 5486 in
3153 5448 3277 5487 eum
3327 5432 3425 5484 fuit

1861 5538 2165 5583 commotus
2196 5545 2209 5581 :
2247 5540 2302 5583 et
2336 5531 2548 5582 vinctus
2578 5527 2792 5595 quidem
2828 5525 2927 5576 fuit
2956 5522 3137 5577 statim
3178 5522 3259 5574 vir
3289 5535 3428 5589 prae—

1860 5620 2057 5674 clarus.
2111 5620 2315 5675 Deinde
2354 5636 2473 5673 cum
2505 5619 2708 5687 lignum
2759 5616 2840 5670 ori
2881 5616 2997 5685 ejus
3048 5614 3420 5675 immisissent,

1860 5728 2018 5782 quam
2056 5713 2292 5767 maximo
2327 5722 2554 5782 possunt
2595 5711 2789 5781 spatio,
2833 5708 3163 5777 superiorem
3215 5713 3422 5772 partem

1860 5804 2173 5875 disjungunt
2220 5806 2284 5859 ab
2343 5801 2606 5873 infcriori,
2656 5812 2708 5859 et
2751 5803 2868 5873 ejus
2901 5802 3155 5855 humeros
3196 5801 3430 5853 onerant

756 5341 850 5393 καὶ
912 5341 1121 5393 δέδεται
1182 5343 1280 5412 μὲν
1336 5344 1496 5407 εὐθὺς
1553 5346 1581 5395 ὁ
1637 5361 1758 5410 γεν-

153 5434 352 5496 νάδας
411 5434 467 5499 ἐξ
519 5433 695 5484 αὐτῶν
730 5435 1034 5503 ἀγκώνων’
1095 5434 1270 5488 ὀπίσω
1299 5436 1373 5487 τὼ
1403 5439 1569 5506 χεῖρε.
1622 5435 1754 5492 Εἶτα

150 5524 345 5591 ξύλον
377 5528 458 5595 τῷ
501 5526 729 5594 στόματι
758 5527 947 5579 τούτου
1002 5525 1347 5595 ἐμϐαλόντες.
1401 5528 1518 5579 κατ’
1580 5530 1756 5598 ἄκραν

150 5614 492 5668 ἀπόστασιν
517 5618 614 5684 τὴν
642 5615 755 5668 ἄνω
785 5616 884 5682 τῆς
931 5618 1080 5670 κάτω
1107 5617 1293 5683 γένυος
1340 5618 1606 5681 διιστῶσι,
1664 5623 1755 5675 καὶ

152 5706 399 5779 βώλους
433 5707 527 5758 ἐπὶ
555 5710 663 5761 τῶν
689 5707 857 5777 ὤμων
883 5707 1031 5775 αὑτῷ
1061 5708 1153 5761 τοῦ
1205 5709 1351 5779 παρά
1398 5712 1509 5774 τοῖς
1555 5711 1752 5782 Ἀρμε-

146 5800 317 5861 νίοις
405 5799 639 5869 όρυκτοῠ
711 5799 1154 5870 ἑπιψορτίζουσιν
1235 5803 1444 5865 Ξλατος.
1524 5802 1752 5861 Ἔπειτα
