4154 6318
745 373 848 436 955

1992 373 2271 432 MENSlS
2310 371 2785 433 SEPTEMBER.

3883 375 3976 435 956

743 491 913 562 glebis
943 488 1090 552 salis,
1120 490 1212 558 qui
1242 499 1324 543 est
1357 490 1496 560 apud
1537 491 1824 544 Armenios
1855 489 2073 546 fossilis.
2113 492 2312 545 Deinde

2421 492 2663 561 σχοίνους
2693 488 2786 542 τοῦ
2823 489 2967 560 ἱεροῦ
2998 492 3320 562 ἐκδήσαντες
3354 493 3602 562 σώματος
3636 494 3733 546 καὶ
3787 489 3972 545 τοῦτον

745 584 966 638 funibus
993 591 1342 637 sacrosancto
1368 583 1582 650 corpori
1610 582 1862 653 alligatis,
1887 600 2008 638 cum
2034 600 2155 637 eum
2185 587 2311 638 sub-

743 674 869 728 lime
908 675 1275 738 sustulissent,
1327 681 1465 728 totos
1503 684 1709 742 septem
1763 675 1876 728 dies
1926 677 1973 728 ei
2017 676 2117 731 hoc
2160 692 2311 730 acer-

744 765 873 820 bum
907 765 1211 834 producunt
1238 766 1584 834 supplicium.
1611 764 1738 820 Post
1787 768 2075 836 septimum
2129 777 2308 821 autem

743 869 867 908 cum
916 870 1004 907 rex
1044 854 1189 907 illum
1241 854 1369 907 hinc
1417 854 1752 918 deduxisset,
1825 855 2197 923 interrogavit,
2243 870 2308 908 an

745 949 1026 1002 didicisset
1058 949 1108 1001 id
1143 949 1288 1016 quod
1315 957 1397 1001 est
1423 949 1635 1005 melius.
1685 957 1737 1003 et
1767 950 2002 1018 priorem
2050 951 2312 1002 mutasset

745 1041 1078 1107 Opinionem.
1105 1048 1157 1091 ct
1175 1039 1278 1093 diis
1298 1042 1570 1094 statuisset
1592 1040 1788 1093 olferre
1813 1038 2156 1095 sacrificium.
2177 1039 2309 1092 Cum

746 1142 927 1181 autem
965 1129 1098 1181 sidit
1137 1145 1258 1181 eum
1304 1131 1472 1199 magis
1505 1131 1677 1183 zelum
1723 1133 2022 1198 spirantem
2075 1145 2167 1195 pro
2201 1131 2312 1198 pie-

748 1232 878 1281 tate,
917 1222 1008 1273 dat
1039 1238 1159 1274 eum
1208 1223 1461 1275 secundis
1496 1223 1803 1284 tormentis,
1847 1222 2115 1290 prioribus
2153 1221 2311 1274 mini-

748 1327 834 1364 me
867 1312 1330 1365 clementioribus.
1364 1311 1666 1380 Suspendit
1705 1328 1826 1365 eum
1877 1313 2201 1381 praecipitem
2244 1329 2309 1366 ex

745 1403 918 1455 altero
973 1403 1106 1470 pede
1159 1403 1477 1469 appendens
1516 1420 1528 1453 :
1565 1412 1618 1456 et
1674 1418 1774 1454 nec
1821 1418 1886 1456 eo
1948 1402 2047 1456 fuit
2089 1402 2307 1470 quidem

746 1503 1061 1555 contentus,
1093 1493 1184 1545 sed
1215 1493 1374 1546 etiam
1403 1494 1589 1547 decem
1629 1495 1869 1554 lictores,
1901 1495 2072 1564 virgas
2105 1496 2309 1548 baben-

745 1593 828 1638 tes
861 1584 913 1634 in
948 1583 1216 1644 manibus.
1249 1584 1390 1637 circa
1421 1598 1544 1636 eum
1587 1583 1774 1637 statuit
1805 1603 1817 1637 :
1859 1593 1910 1637 et
1950 1585 2074 1638 timo
2100 1584 2310 1639 inferne

747 1671 1039 1729 substrato,
1083 1671 1256 1737 ignem
1292 1670 1342 1722 in
1377 1685 1499 1723 eum
1535 1669 1794 1730 immittit.
1833 1672 1966 1725 adeo
2000 1681 2059 1724 ut
2109 1681 2310 1743 martyr

746 1762 906 1814 simul
936 1772 989 1814 et
1014 1763 1177 1830 virgis
1208 1762 1603 1823 verberaretur,
1641 1771 1695 1816 et
1721 1762 1946 1815 fetidum
1971 1762 2175 1815 fumum
2208 1778 2303 1815 na-

747 1850 897 1904 ribus
931 1851 1203 1919 exciperet
1237 1869 1249 1906 :
1293 1863 1348 1904 ut
1375 1853 1605 1904 densum
1668 1863 1720 1905 et
1753 1853 2070 1906 continuum
2114 1853 2312 1906 anheli-

751 1953 883 2004 tum,
924 1960 1084 2011 quem
1135 1945 1418 1998 effundere
1471 1945 1764 2014 cogebatur
1811 1961 1840 1999 a
1893 1946 2082 2016 plagis,
2129 1946 2313 2000 fmuus

749 2036 1035 2103 impediret
1080 2045 1133 2088 et
1169 2035 1494 2100 Obstrueret,
1550 2052 1618 2091 ne
1664 2037 1970 2092 concedens
2000 2039 2212 2107 quidem
2257 2047 2311 2092 ut

749 2127 1001 2194 spiraret,
1037 2127 1130 2180 sed
1147 2126 1474 2194 fulgiuosum
1503 2128 1651 2181 illum
1685 2129 1794 2182 limi
1834 2145 2084 2198 vaporem
2116 2131 2166 2183 in
2195 2131 2314 2198 ejus

749 2221 958 2272 viscera
1000 2219 1317 2271 immittens.
1354 2219 1477 2271 Scio
1511 2219 1592 2273 vel
1627 2219 1692 2274 ad
1735 2220 1906 2274 solum
1941 2222 2184 2274 auditum
2221 2237 2315 2276 eos

747 2311 837 2378 qui
866 2311 1060 2363 adsunt
1099 2309 1381 2378 caligasse.
1412 2309 1503 2364 Ille
1533 2323 1712 2366 autem
1743 2328 1850 2364 non
1907 2312 2078 2364 solum
2107 2312 2316 2366 fortiter

750 2401 980 2463 ferebat,
1017 2402 1111 2454 sed
1140 2404 1303 2455 etiam
1347 2402 1575 2458 Domino
1617 2418 1835 2468 magnas
1865 2405 2052 2472 agebat
2096 2407 2314 2472 gratias,

749 2504 802 2548 et
837 2508 958 2548 cum
1001 2493 1064 2546 iis
1114 2495 1203 2562 qui
1243 2494 1472 2547 aderant
1521 2493 1689 2547 multa
1721 2495 1786 2548 de
1827 2493 1939 2552 Deo
1976 2497 2312 2566 loquebatur,

749 2595 803 2638 et
846 2584 925 2638 eis
965 2584 1283 2639 ostendebat
1338 2585 1612 2655 pietatem,
1647 2587 1860 2640 etiamsi
1919 2603 2027 2640 non
2080 2590 2317 2657 perfecte

751 2677 1144 2745 intelligebant,
1176 2678 1319 2745 quod
1358 2677 1569 2731 scilicet
1612 2678 1752 2730 Deus
1784 2678 1836 2730 in
1869 2680 2138 2747 principio
2166 2696 2320 2735 crea-

752 2770 1050 2823 vitcaalum
1109 2779 1163 2822 et
1208 2780 1429 2831 terram,
1499 2769 1859 2839 {armavitque
1917 2772 2215 2836 hominem,
2264 2782 2319 2826 et

753 2863 937 2928 posuit
960 2876 1083 2914 cum
1116 2861 1166 2913 in
1205 2861 1474 2928 paradiso,
1503 2876 1565 2914 ex
1593 2877 1700 2930 quo
1719 2872 1904 2929 postea
1939 2863 2199 2930 expulsus
2219 2862 2320 2915 fuit

753 2962 976 3022 pr0pter
1007 2952 1243 3007 mandati
1277 2954 1780 3023 transgressionem.
1828 2952 2031 3009 Deinde
2075 2954 2320 3012 meminit

753 3046 1151 3108 molestiarum,
1198 3053 1630 3115 quaa'postquam
1663 3046 1730 3100 ab
1761 3046 1865 3100 illis
1897 3047 2130 3115 paradisi
2162 3049 2319 3104 bonis

2416 581 2871 651 μετεωρίσαντες,
2915 583 2994 644 είς
3028 583 3173 635 ἐπτά
3198 585 3324 648 ὅλας
3371 585 3582 655 ⁴ἡμέρας
3623 585 3723 650 τὴν
3779 583 3976 651 πικρὰν

2410 674 2619 741 ταύτην
2648 671 2798 742 αὐτῷ
2833 674 3217 741 παρατείνουσι
3243 676 3532 746 τιμωρίαν.
3582 676 3740 729 Μετά
3769 675 3824 728 δὲ
3884 679 3976 745 τὴν

2413 765 2646 836 ἐϐδόμην
2674 764 3002 833 καταγαγὼν
3031 765 3194 819 αὐτὸν
3219 765 3429 819 ἐκεῖθεν
3459 768 3487 819 ό
3517 765 3794 835 βασιλεὺς,
3821 770 3976 820 ἐπυνο

2413 855 2604 908 Θάνετο
2630 855 2678 908 εἰ
2707 856 2765 907 τὸ
2803 855 3014 925 βέλτιον
3052 856 3402 924 μεταμαθὼν,
3440 857 3537 926 τῆς
3589 857 3866 926 προτέρας
3924 871 3976 907 τε

2417 945 2676 1015 μετέϐαλε
2712 945 2888 1014 δόξης,
2929 947 3022 998 καὶ
3068 947 3182 1008 τοῖς
3216 948 3357 1009 θεοῖς
3394 945 3534 1012 ἔγνω
3560 945 3753 998 θυσίαν
3804 959 3975 1013 προσ-

2413 1040 2674 1104 ενεγκεῖν.
2721 1037 2935 1106 Ἐπειδὴ
2983 1037 3040 1090 δέ
3086 1038 3251 1108 ζήλου
3299 1037 3499 1107 μᾶλλον
3525 1036 3662 1106 ὑπὲρ
3689 1035 3975 1100 εὐσεϐείας

2412 1131 2641 1184 πνέοντα
2668 1128 2797 1194 εἶδε,
2838 1132 3119 1198 δευτέραις
3149 1130 3312 1183 αὑτὸν
3342 1129 3522 1182 δίδωσι
3556 1127 3838 1198 βασάνοις,
3876 1145 3977 1196 μη-

2409 1223 2497 1276 δέν
2527 1241 2579 1275 τι
2615 1223 2724 1274 τῶν
2761 1222 3048 1292 προτέραν
3097 1221 3660 1292 φιλανθρωποτέραις.
3718 1221 3978 1288 Κρεμάν·

2409 1331 2529 1366 νυσι
2562 1313 2693 1381 γοῦν
2728 1312 2886 1366 αὑτὸν
2932 1314 3073 1366 κατὲ
3128 1313 3391 1380 κεφαλῆς,
3441 1313 3680 1380 θατέρου
3735 1313 3850 1363 τοτν
3890 1328 3979 1361 πο-

2408 1407 2515 1459 δοῖν
2547 1407 2870 1474 ἐξαρτήσαςο
2905 1407 2993 1458 καὶ
3022 1405 3142 1458 οὐδὲ
3172 1406 3334 1472 μέχρι
3358 1403 3552 1456 τούτου
3574 1406 3818 1467 ἵσταται,
3846 1402 3979 1453 ἀλλά

2410 1500 2505 1549 καὶ
2577 1499 2708 1550 δέκα
2758 1497 2985 1564 δημίους
3049 1496 3276 1564 ῥάϐδους
3346 1494 3435 1547 διά
3525 1495 3724 1564 χειρῶν
3786 1493 3980 1558 ἄνδρας

2410 1589 2628 1658 ἔχοντας
2689 1591 2849 1642 αὑτὸν
2924 1592 3258 1659 περιϊστησι,
3295 1589 3388 1639 καὶ
3449 1588 3648 1655 κόπρον
3736 1583 3979 1637 κάτωθεν

2410 1679 2803 1748 ὑποστρώσας,
2884 1678 2994 1748 πῦρ
3077 1680 3196 1731 κατ’
3297 1678 3468 1746 αὐτῆς
3541 1675 3840 1744 ἐμϐάλλει,
3908 1674 3981 1737 ὡς

2413 1773 2546 1840 ὁμοῦ
2580 1789 2637 1823 τε
2666 1777 2786 1834 ταῖς
2830 1772 3046 1842 ῥάϐδοις
3089 1772 3180 1822 τὸν
3232 1771 3486 1839 μάρτυρα
3540 1766 3826 1828 παίεσθαι,
3891 1768 3982 1818 καὶ

2412 1864 2502 1914 τὸν
2531 1863 2736 1931 δυσώδη
2765 1863 2972 1915 καπνὸν
3001 1861 3142 1914 κατά
3160 1861 3267 1915 τῶν
3303 1860 3466 1930 ῥινῶν
3499 1855 3890 1927 ὑποδέχεσθαι,
3918 1855 3982 1907 ἵν’

2413 1955 2460 2007 εί
2487 1957 2580 2006 καὶ
2599 1956 2730 2006 δασὺ
2764 1954 2822 2005 τὸ
2851 1949 3036 2021 ἆσθμα
3069 1953 3161 2005 καὶ
3202 1953 3419 2018 συνεχὲς
3453 1950 3704 2019 προχέειν
3741 1948 3848 2000 ὑπὸ
3877 1946 3983 1999 τῶν

2415 2045 2639 2114 πληγῶν
2694 2045 3077 2110 ἀναγκάζοιτο,
3149 2043 3266 2097 ἀλλ’
3323 2043 3351 2093 ό
3392 2040 3598 2102 καπνὸς
3650 2039 3981 2106 ἀποτειχίζοι

2414 2136 2569 2190 τοῦτο
2604 2137 2696 2190 καὶ
2724 2138 3087 2206 ἀποφράττω,
3133 2134 3268 2203 μηδὲ
3296 2134 3556 2187 ἀναπνεῖν
3586 2131 3677 2183 τὸν
3705 2131 3846 2198 ἀέρα
3875 2149 3978 2182 πα-

2419 2230 2701 2298 ραχωρῶν,
2763 2228 2899 2281 ἀλλά
2934 2229 2993 2281 τὸ
3025 2226 3318 2296 λιγνυῶδες
3371 2227 3551 2278 ἐκεῖνο
3600 2223 3700 2290 τῆς
3749 2223 3983 2291 κόπρου,

2417 2319 2554 2370 κατά
2600 2319 2706 2370 τῶν
2740 2319 3063 2388 σπλάγχνων
3103 2317 3250 2385 αὐτῷ
3310 2316 3537 2377 καθιείς.
3589 2311 3702 2368 Οἷδ⁹
3755 2316 3838 2366 ὅτι
3895 2316 3987 2366 καὶ

2417 2407 2554 2479 πρὸς
2601 2408 2700 2480 τὴν
2763 2409 2933 2480 ἀκοὴν
2997 2409 3046 2460 οἱ
3114 2408 3380 2478 παρόντες
3438 2407 3802 2472 ίλιγγιάσατε.
3839 2405 3986 2457 mur

2415 2501 2621 2562 ἐκεῖνος
2652 2500 2712 2552 οὐ
2745 2499 3010 2566 γενναίως
3047 2498 3208 2567 ἔφερε
3245 2497 3424 2567 μόνον,
3465 2497 3598 2549 ἀλλά
3633 2498 3728 2548 καὶ
3781 2495 3983 2563 πολλὴν

2420 2592 2498 2660 τῷ
2526 2591 2767 2660 Δεσπότῃ
2817 2590 2916 2659 τὴν
2966 2587 3315 2658 εὐχαριστίαν
3354 2587 3662 2657 ἀνέπεμπε,
3707 2586 3883 2643 πολλά
3931 2600 3991 2644 τε

2419 2685 2548 2754 περὶ
2576 2682 2711 2737 Θεοῦ
2742 2685 2854 2746 τοῖς
2898 2684 3166 2752 παροῦσιν
3199 2683 3523 2754 ἐφθέγγετο,
3565 2685 3658 2737 καὶ
3705 2685 3806 2755 τὴν
3841 2686 3991 2738 εὗσέ-

2418 2774 2574 2826 ϐειαν
2609 2773 2793 2832 αὐτοῖς
2839 2771 3190 2844 παρεδείκνυ,
3231 2777 3278 2827 εἰ
3315 2779 3407 2829 καὶ
3441 2775 3514 2845 μὴ
3556 2774 3758 2838 τελέως
3818 2773 3991 2827 συνίε-

2420 2881 2548 2930 σαν,
2573 2866 2658 2934 ἐφ’
2693 2858 2775 2930 οἷς
2790 2867 2882 2921 καὶ
2910 2869 3000 2919 τὸν
3029 2868 3246 2935 πρῶτον
3277 2868 3561 2937 ἄνθρωπον
3595 2869 3987 2935 κατῳκτίζετο,

2418 2955 2506 3011 διὰ
2533 2959 2630 3027 τὴν
2670 2959 2909 3028 ἐντολὴν,
2937 2959 3026 3012 διὰ
3062 2959 3161 3030 τὴν
3188 2958 3521 3028 παράϐασιν,
3552 2957 3641 3009 διά
3672 2959 3771 3023 τὴν
3807 2960 3899 3009 ἐπὶ
3927 2961 3990 3026 τῇ

2420 3051 2728 3118 παραϐάσει
2775 3051 2870 3103 τοῦ
2929 3051 3236 3110 πλάσαντος
3299 3048 3619 3118 καταδίκην.
3685 3044 3803 3101 Εἶθ’
3844 3048 3992 3117 ἑξῆς,

751 3138 1147 3191 exeidissemus
1172 3180 1186 3203 ,
1244 3153 1342 3192 nos
1388 3139 1584 3192 misere
1613 3139 1722 3209 (hei
1757 3138 1949 3209 mihi!)
1985 3140 2314 3194 invaserunt.

2421 3140 2489 3193 τὰ
2517 3141 2696 3207 ἀγαθά
2762 3140 3149 3210 ἀπηριθμεῐτο,
3187 3132 3261 3192 ὧν
3321 3139 3686 3209 ἀθετήσαντες
3719 3140 3823 3210 τὴν
3857 3141 3996 3191 ἐντοι

753 3227 882 3283 Post
915 3228 1029 3284 haec
1060 3230 1339 3298 subiunxit
1369 3231 1458 3284 Dei
1490 3231 1542 3283 in
1568 3246 1666 3283 nos
1699 3230 2108 3298 benignitatem,
2136 3246 2320 3298 quem-

755 3321 1047 3374 admodum
1079 3320 1333 3374 sidelicet
1359 3336 1543 3375 curam
1569 3336 1762 3389 gerens
1792 3331 1988 3375 nosti-ae
2018 3321 2231 3384 salutis,
2253 3322 2319 3376 ad

755 3427 856 3466 nos
907 3411 1053 3464 misit
1083 3411 1335 3473 doctores
1371 3420 1424 3466 et
1463 3411 1776 3481 prophetas,
1817 3412 1906 3480 qui
1956 3411 2320 3481 praedicabant

757 3503 1029 3575 Unigeniti
1062 3506 1240 3559 carnis
1268 3506 1689 3573 susceptionem,
1715 3516 1767 3559 et
1797 3516 2042 3566 cunctas,
2075 3522 2194 3576 qua:
2223 3521 2320 3575 pro

754 3596 1157 3663 nobisingratis
1177 3597 1244 3648 ab
1273 3610 1338 3648 eo
1369 3605 1634 3663 susceptae
1658 3598 1894 3656 fuerunt,
1924 3599 2320 3662 perpessiones,

757 3688 1041 3752 colaphos,
1073 3703 1313 3752 crucem,
1359 3689 1624 3752 lanceam,
1664 3686 2024 3740 voluntariam
2066 3698 2316 3754 mortem,

756 3779 878 3846 ejus
908 3779 1386 3841 resurrectionem,
1436 3791 1673 3830 nostram
1722 3778 2139 3843 correctionem,
2171 3795 2324 3834 revo-

755 3872 1026 3925 catiouem
1075 3871 1139 3924 ad
1186 3871 1418 3940 primum
1471 3871 1669 3925 bonum
1726 3871 1982 3925 reditum.
2042 3871 2321 3926 Postremo

757 3966 1057 4029 docebat‘,
1110 3965 1252 4032 quod
1299 3964 1490 4032 dignos
1515 3963 1714 4028 excipit
1754 3978 1980 4032 regnum
2036 3963 2323 4028 caelorum,

754 4069 813 4112 et
859 4057 1002 4126 quod
1057 4057 1212 4117 malis
1241 4065 1572 4110 tormentum
1611 4064 1692 4107 est
1721 4066 1988 4122 paratum,
2018 4055 2179 4125 ignis,
2229 4054 2324 4123 qui

759 4166 866 4203 non
917 4149 1324 4218 exstinguitur:
1377 4147 1632 4210 tenebrae,
1688 4160 1807 4215 quae
1850 4160 1960 4198 non
2018 4146 2321 4198 desinunt:

757 4243 960 4296 vermis
989 4242 1324 4302 immortalis,
1359 4251 1412 4295 et
1441 4241 1799 4308 quodcunque
1827 4236 1970 4292 aliud
2000 4235 2324 4307 supplicium

762 4334 863 4386 sibi
899 4333 1338 4395 recondiderunt,
1371 4332 1462 4400 qui
1495 4341 1621 4383 sunt
1647 4331 1789 4383 servi
1819 4329 2046 4398 peccati.

2419 3230 2515 3299 λὴν
2561 3230 2805 3293 ’ἑαυτοὺς
2861 3229 3292 3301 ἀπεκλείσαμεν,
3369 3231 3463 3284 καὶ
3509 3229 3666 3291 αὖθις
3712 3230 3995 3298 ἐμέμνητο

2422 3321 2516 3375 καὶ
2547 3322 2975 3393 τώνλυπηρών,
3023 3323 3122 3375 ὅσα
3191 3322 3328 3392 μετά
3385 3324 3482 3390 τὴν
3527 3320 3752 3372 ἐκείνων
3784 3323 3994 3373 άπστυ·

2420 3411 2566 3480 χίαν,
2605 3409 2659 3462 οἵ
2691 3411 2811 3479 μοιι
2861 3410 3155 3462 κατέλαϐεν
3211 3409 3407 3468 ἀθλίως
3449 3408 3594 3474 ἡμᾶς
3626 3406 3719 3457 ἐπὶ
3782 3407 3995 3466 τούτοις

2420 3504 2488 3554 τὰ
2519 3503 2616 3570 τῆς
2633 3499 3374 3570 φιλανθρωπίαςέπήγαγεν,
3407 3497 3554 3559 ὅπως
3578 3497 3674 3564 τῆς
3711 3498 3994 3564 ἡμετέρας

2424 3594 2722 3663 φροντίζων
2770 3594 2798 3647 ό
2842 3591 3186 3663 Δημιουργδς
3251 3591 3546 3660 σωτηρίας,
3631 3587 3994 3648 διδασκάλους

2423 3687 2555 3756 ἡμῖν
2580 3686 2871 3740 ἀπέστειλε
2916 3685 3009 3738 καὶ
3052 3686 3340 3755 προφήτας
3392 3681 3490 3751 τὴν
3517 3679 3612 3732 τοῦ
3644 3677 3996 3744 Μονογενοῦς

2423 3782 2791 3847 κηρύττοντας
2847 3779 3146 3846 σάρκωσιν,
3215 3777 3408 3828 ἔπειτα
3472 3777 3564 3826 καὶ
3613 3775 3716 3842 τὴν
3783 3774 3994 3825 ἐκείνου

2429 3870 2651 3923 κάθοδον
2675 3869 2857 3922 καὶτὰ
2896 3869 3035 3938 ὑπὲρ
3084 3868 3238 3938 ἡμῶν
3276 3869 3382 3920 τών
3440 3868 3762 3936 ἀχαρίστων
3819 3869 3997 3934 “ﬁt,

2431 3977 2597 4030 ματα,
2635 3961 2702 4013 τά
2735 3960 3079 4032 ῥαπίσματα,
3105 3960 3196 4012 τὸν
3228 3958 3480 4027 σταυρὸν,
3526 3957 3622 4027 τὴν
3652 3957 3882 4027 λόγχην,
3913 3960 3998 4009 τὸν

2426 4052 2674 4105 ἑκούσιον
2727 4051 2976 4114 θάνατον,
3019 4052 3169 4114 τέλος
3219 4051 3317 4120 τὴν
3377 4049 3755 4120 ἐπανόρθωσιν
3817 4049 3995 4118 ἡμῶν,

2427 4145 2522 4212 τὴν
2554 4144 2873 4210 ἀνάκλησιν,
2901 4145 3000 4212 τὴν
3031 4146 3112 4204 είς
3144 4143 3204 4195 τὸ
3235 4141 3454 4211 πρῶτον
3489 4141 3692 4207 ἀγαθὸν
3734 4140 3997 4193 ἐπάνοδον

2432 4234 2570 4301 μετὰ
2634 4233 2807 4285 ταῦτα
2881 4235 2981 4302 τὴν
3054 4233 3416 4302 ἐκδεχομένην
3491 4234 3616 4294 τοὺς
3656 4229 3847 4295 ἀξίους
3896 4232 3998 4284 τῶν

2430 4323 2677 4394 οὐρανῶν
2712 4323 3011 4392 βασιλείαν,
3041 4326 3140 4392 τὴν
3183 4324 3552 4393 ἀποκειμένην
3603 4326 3717 4384 τοῖς
3769 4323 3997 4391 φαύλοις

761 4425 1014 4494 βάσανον,
1068 4425 1128 4476 τὸ
1184 4427 1256 4484 μὴ
1294 4424 1653 4489 σϐεννύμενον
1707 4421 1838 4489 πῦρ,
1879 4424 1940 4474 τὸ
2002 4425 2075 4491 μὴ
2129 4423 2295 4492 λῆγον
2345 4418 2554 4485 σκότος,
2605 4418 2695 4471 τὸν
2745 4417 3008 4472 ἀθάνατον
3079 4417 3354 4485 σκώληκα,
3409 4416 3504 4470 καὶ
3545 4417 3674 4487 ὅσην
3729 4418 3904 4488 ἀλλην
3955 4408 3996 4469 εί

758 4523 860 4589 τῆς
910 4520 1182 4587 ἁμαρτίας
1233 4517 1410 4568 δοῦλοι
1461 4516 1680 4568 κόλασιν
1723 4516 1953 4576 ἐαυτοῖς-
1983 4513 2360 4583 ἐθησαύρισαν.

828 4613 921 4663 XI.
961 4610 1085 4662 Haec
1125 4625 1245 4662 cum
1278 4609 1644 4671 disseruisset,
1677 4612 1992 4675 lirmamqne
2039 4616 2095 4661 et
2137 4607 2319 4658 immo-

2501 4602 2601 4657 IA'.
2633 4600 2818 4657 Ταῦτα
2856 4601 3172 4667 διεξελθὼν,
3214 4601 3309 4654 καὶ
3360 4601 3765 4669 ἀπερίτρεπτον
3821 4602 3999 4669 ἐαυτῷ

761 4706 924 4776 bilem
960 4703 1061 4756 sibi
1095 4713 1346 4770 precatus
1380 4713 1520 4754 esset
1550 4701 1966 4763 confessionem,
1993 4699 2082 4753 ille
2106 4699 2322 4768 quidem

761 4799 923 4851 linem
973 4794 1229 4862 imposuit
1271 4791 1588 4862 precationi.
1630 4791 1856 4855 Quidam
1905 4804 2084 4845 autem
2130 4807 2193 4846 ex
2224 4793 2326 4846 cir-

763 4887 1190 4948 cumstantibus,
1219 4901 1341 4937 cum
1381 4902 1499 4952 qua:
1553 4884 1638 4937 ille
1683 4885 1889 4938 dixerat
1928 4885 2141 4951 scriptis
2179 4901 2328 4936 man-

762 4981 1004 5033 dassent.
1038 4977 1102 5029 ad
1139 4991 1318 5044 regem
1354 4990 1414 5027 ea
1465 4973 1640 5027 statim
1696 4973 1954 5026 referunt.
1992 4971 2166 5039 Atque
2192 4971 2328 5024 Gre-

765 5075 922 5145 gorio
945 5070 1157 5137 quidem
1192 5070 1326 5137 pede
1377 5083 1660 5135 su5pcnso,
1693 5080 1906 5118 rursum
1938 5073 2188 5134 peractus
2216 5071 2334 5115 erat

765 5174 975 5230 septem
1006 5159 1215 5212 dierum
1267 5173 1477 5210 cursus.
1526 5155 1616 5208 Ille
1664 5169 1784 5207 cum
1837 5168 1959 5206 eum
2018 5166 2203 5205 rursus
2238 5151 2335 5206 de-

765 5254 1032 5314 duxisset,
1056 5248 1400 5302 existimabat
1436 5262 1558 5300 cum
1595 5260 1714 5298 esse
1761 5258 2102 5312 persuasum,
2136 5243 2331 5296 victum

767 5362 797 5395 ιι
843 5343 1128 5409 supplicio.
1160 5340 1296 5393 Cum
1333 5347 1511 5391 autem
1544 5339 1770 5391 vidisset
1799 5350 1920 5389 eum
1955 5336 2256 5404 promptius
2281 5341 2334 5386 et

765 5437 1000 5494 alacrius
1021 5451 1050 5487 e
1072 5436 1175 5488 vita
1193 5434 1576 5491 discessurum,
1594 5445 1752 5498 quam
1781 5446 1809 5483 a
1831 5429 1934 5482 fide
1956 5430 2008 5482 in
2033 5428 2332 5485 Christum.

768 5550 827 5586 se
866 5529 1164 5600 graviorem
1199 5524 1415 5595 martyri
1451 5532 1604 5594 parat
1626 5524 2014 5587 adversarium,
2045 5537 2101 5574 se
2124 5521 2336 5574 confert

769 5627 835 5676 ad
891 5621 992 5674 alia
1039 5617 1394 5688 excogitanda
1443 5625 1735 5680 tormenta,
1769 5614 1962 5683 quibus
2009 5630 2114 5669 non
2170 5611 2335 5680 possit

847 5785 1047 5838 'MM‘C.
1085 5799 1152 5847 ix,
1182 5781 1265 5834 45.

2432 4695 2800 4762 ἐπευξάμενος
2831 4696 2924 4745 καὶ
2954 4693 3148 4760 ἀκλινῆ
3184 4692 3282 4760 τὴν
3327 4691 3638 4758 ὁμολογίαν,
3667 4692 3694 4742 ὁ
3723 4690 3824 4757 μιν
3849 4693 3999 4750 τέλος

2431 4785 2667 4854 ἐπέθηκε
2697 4788 2762 4854 τῇ
2791 4786 2954 4854 εὐχῇ·
2988 4783 3096 4835 τῶν
3126 4783 3180 4834 δέ
3213 4781 3589 4850 περιεστώτων
3617 4783 3786 4848 τινὲς,
3812 4787 3998 4851 γραφῇ

2432 4878 2499 4931 τὰ
2544 4877 2632 4929 ὑπ’
2663 4878 2871 4928 ἐκείνου
2918 4876 3182 4944 εἰρημένα
3227 4873 3595 4937 διαλαϐόντες,
3631 4875 4000 4943 ἀναφέρουσιν

2432 4972 2588 5032 εὐθὺς
2621 4970 2694 5032 ὡς
2737 4969 2825 5020 τὸν
2861 4967 3100 5036 βασιλέα.
3136 4966 3224 5035 Τῷ
3264 4967 3360 5034 μὲν
3416 4963 3508 5018 οὖν
3569 4965 3865 5035 Γρηγορίῳ
3911 4967 4000 5018 τοῦ

2432 5061 2590 5120 ποδὸς
2630 5059 3034 5128 ἀπῃωρημένῳ,
3060 5057 3286 5124 ἕϐδομος
3312 5055 3535 5123 ἡμερῶν
3552 5055 3786 5124 ἀριθμὸς
3811 5055 4003 5121 ἠνύετο

2431 5156 2611 5207 πάλιν.
2655 5152 2711 5204 '0
2738 5153 2793 5204 δέ
2832 5151 2927 5203 καὶ
2964 5145 3117 5209 αὖθις
3150 5147 3502 5213 καταγαγὼν,
3561 5146 3863 5198 πεπεῖσθαι
3903 5147 4003 5213 μὲν

2433 5245 2591 5298 αὑτὸν
2631 5243 2764 5312 ᾤετο
2799 5243 2898 5309 τῆς
2931 5240 3200 5301 κολάσεως
3224 5241 3558 5309 ἡττηθένταο
3589 5239 3783 5308 ἐπειδὴ
3808 5238 3866 5290 δὲ
3899 5237 4004 5294 εἶδε

2436 5338 2716 5408 πρόθυμον
2750 5335 2876 5386 ὄντα
2903 5337 2999 5402 τῆς
3049 5332 3222 5401 ψυχῆς
3253 5331 3564 5398 ἀποστῆναι
3601 5331 3803 5397 μᾶλλον
3841 5334 3876 5404 ἢ
3911 5335 4004 5401 τῆς

2441 5431 2520 5491 εἰς
2552 5426 2784 5497 Χριστὸν
2815 5424 3072 5485 πίστεως,
3108 5420 3405 5492 βαρύτερον
3441 5423 3856 5491 ἀνταγωνιστὴν
3888 5426 4010 5476 ἑαν-

2442 5518 2531 5572 τὸν
2574 5515 2980 5584 παρασκευάζει
3017 5515 3092 5582 τῷ
3159 5511 3420 5580 μάρτυρι,
3467 5513 3566 5564 καὶ
3625 5513 3765 5579 πρὸς
3810 5515 4014 5582 ἐτέρων

2447 5607 2692 5677 βασάνων
2727 5604 2964 5666 ἐπινοίας
2999 5604 3184 5671 χωρεῖ,
3233 5602 3492 5658 οὐδεμίαν
3545 5602 3859 5674 ὑπερϐολὴν
3883 5609 4013 5656 ἀπο·
