4154 6318
171 376 268 439 957

1098 370 1275 433 VITA
1315 370 1371 430 S.
1415 366 1789 430 GREGORII
1831 370 2459 433 ILLUMINATORIS.

3294 373 3397 436 958

172 483 431 545 λιπούσας
450 481 752 553 ὠμότητος·
776 481 867 535 καὶ
899 480 1077 535 σανίσι
1099 482 1167 534 τά
1187 480 1515 549 ἀντικνήμια
1540 476 1730 531 τούτου
1768 524 1770 533 ,

1875 500 1961 539 sse
1999 486 2201 556 aliquid
2244 486 2516 541 crudelius
2551 503 2566 541 :
2605 496 2658 541 et
2706 500 2827 541 cum
2864 486 3059 541 tabulis
3101 487 3399 543 anteriores

177 574 500 647 περιλαϐὼν,
531 570 651 627 εἶτα
683 575 879 644 σχοίνῳ
918 571 1118 636 ταύτας
1146 573 1380 643 ἰσχυρῶς
1413 567 1731 637 διασφίγξσς

174 666 344 728 οὕτως
379 663 646 728 ἐκπιέζει,
676 664 751 728 ὡς
778 666 875 717 καὶ
905 665 1084 717 αὐτῶν
1135 664 1198 732 δή
1254 680 1356 714 που
1396 662 1503 714 τῶν
1549 661 1732 730 ἄκρων

175 758 265 812 τοῦ
295 757 452 819 ποδὸς
494 755 770 809 δακτύλων
803 757 1067 823 σταγόνας
1127 755 1358 821 αἵματος
1408 752 1734 816 ἀποστάξαι.

186 850 313 916 Ὀψὲ
373 850 549 903 τοίνυν
616 849 715 918 τῆς
766 848 1058 910 κακώσεως
1103 848 1317 916 ἐκείνης
1361 845 1487 907 τοὺς
1573 844 1736 907 πόδας

178 942 482 1009 ἐξαγαγὼν,
510 942 759 1012 σιδηροῦς
781 939 920 993 κατά
944 939 1053 991 τῶν
1079 940 1369 1008 πελμάτων
1398 940 1738 1007 ὲμπήγνυσιν

178 1034 339 1101 ἥλους
367 1035 461 1087 καὶ
488 1034 700 1104 τρέχειν
724 1034 814 1086 τὸν
836 1030 1073 1101 ἀθλητὴν
1091 1031 1413 1098 ἀναγκάζει,
1449 1029 1627 1099 πολλῷ
1677 1030 1739 1082 τὺ

183 1128 537 1194 ὑποκείμενον
566 1126 754 1193 ἔδαφος
783 1123 976 1190 αἵματι
1008 1124 1273 1192 ραίνοντα.
1305 1119 1427 1189 Ἐφ’
1457 1116 1498 1187 ᾧ
1528 1122 1619 1173 καὶ
1648 1121 1741 1173 άλο

180 1219 475 1287 γυνόμενος
494 1217 695 1286 σφόδρα
726 1216 824 1283 τὴν
857 1214 1084 1283 καρδίαν
1132 1216 1160 1266 6
1206 1212 1413 1281 μάρτυς
1467 1212 1583 1282 (καὶ
1623 1211 1740 1273 πῶς

181 1310 295 1378 γὰρ
317 1311 380 1363 ἂν
415 1309 491 1377 μὴ
525 1305 817 1373 ἀλγοῦντος
845 1308 872 1357 ό
907 1304 1069 1363 πόθος
1107 1306 1134 1356 6
1166 1302 1300 1371 πρὸς
1332 1302 1564 1371 Χριστὸν
1606 1302 1743 1353 ἐδεί-

184 1416 347 1454 κνυτο
368 1404 428 1467 ;).
465 1418 482 1449 ι
505 1398 865 1467 Πορευόμενοι
883 1396 1228 1464 ἐπορεύοντο,
1247 1392 1397 1461 ἔλεγε
1422 1394 1514 1445 καὶ
1532 1392 1743 1445 ἔκλαιον

137 1481 146 1489 ’
188 1489 470 1559 βάλλοντες
503 1488 570 1539 τά
603 1487 892 1555 σπέρματα
925 1482 1105 1537 αὐτῶν
1130 1498 1145 1514 ο
1180 1483 1463 1553 ἐρχόμενοι
1494 1481 1551 1534 δὲ
1577 1482 1743 1549 ἥξουο

188 1598 272 1634 σιν
322 1582 378 1632 ἐν
419 1578 732 1646 ἀγαλλιάσει
770 1576 1017 1648 αἴροντες
1052 1576 1121 1629 τά
1164 1576 1450 1645 δράγματα
1498 1575 1736 1629 αὐτῶν.»

184 1672 371 1725 Ταῦτα
399 1672 426 1723 6
458 1669 557 1740 μὲν
624 1667 796 1736 ήδέως
876 1665 1204 1734 ὑπέψαλλεν.
1245 1663 1304 1715 Ὀ
1342 1663 1397 1715 δὲ
1440 1664 1744 1734 Τηριδάτης

183 1760 461 1830 ὠμότερον
482 1758 644 1811 αὑτὸν
692 1760 804 1818 τοῖς
836 1753 1198 1825 περιεστῶσιν
1243 1752 1462 1804 ἐκέλευε
1530 1753 1740 1804 παίειν·

188 1854 303 1916 ἵνα,
335 1854 524 1921 φησὶν,
549 1852 606 1904 ὲν
626 1847 784 1914 ὀδύνῃ
816 1846 1021 1898 πλείονι
1048 1845 1141 1898 καὶ
1169 1841 1428 1912 κλαυθμῷ
1455 1845 1487 1912 ή
1521 1843 1747 1911 προσδοο

188 1945 410 2014 κωμένη
432 1942 620 1994 τοῦτον
650 1936 810 2007 ἡδονὴ
841 1934 1161 1991 καταλάϐοι.
1205 1935 1365 1988 Ἀλλά
1400 1934 1493 1987 καὶ
1521 1934 1745 1987 τοιαῦτα

190 2038 415 2106 πάσχων
462 2032 535 2095 ὡς
581 2032 674 2084 καὶ
729 2027 1034 2098 κορεννύεσν
1078 2030 1193 2087 τοῖς
1255 2027 1450 2081 πάθεσι
1507 2028 1599 2080 καὶ
1661 2043 1750 2097 μι-

190 2124 428 2177 σούντων
478 2119 653 2191 ψυχάς
680 2120 831 2191 ὅμως
859 2120 1213 2188 ἀνδρειότατα
1234 2120 1321 2173 διὰ
1342 2118 1574 2189 Χριστὸν
1623 2118 1751 2189 ἐφε-

192 2233 310 2286 ρεν.

264 2306 366 2359 IB'.
415 2304 544 2358 Ἐπὶ
596 2304 804 2369 τούτοις
866 2304 1125 2358 άπλοῦσιν
1177 2299 1338 2357 αὑτὸν
1384 2300 1574 2356 ὕπτιον
1611 2302 1753 2357 κατὰ

188 2393 289 2447 τοῦ
318 2394 568 2462 ἐδάφους,
605 2394 763 2447 τοῦτο
815 2393 1171 2455 κελεύσαντος
1200 2392 1293 2445 τοῦ
1325 2394 1584 2463 τυράννου
1611 2410 1623 2423 ·
1659 2395 1756 2447 καὶ

192 2486 297 2555 τὴν
375 2490 471 2556 μὲν
544 2486 787 2553 κεφαλήν
835 2483 1132 2552 τεκτονικῷ
1185 2501 1291 2536 τινι
1338 2484 1757 2547 ἐναπολαδόντες

193 2576 434 2646 ὀργάνῳ,
458 2576 782 2645 ἰσχυρότατα
808 2573 1147 2636 ἐκπιὲζουσι,
1176 2576 1241 2639 τῇ
1278 2573 1385 2643 ριν)⁸
1417 2572 1474 2625 δὲ
1503 2572 1757 2625 αὐλίσκον

195 2666 659 2736 ἑναρμοσάμενοι,
687 2665 869 2734 νίτρον
897 2664 989 2716 καὶ
1021 2662 1155 2726 ἃλας
1201 2656 1313 2726 ὄξει
1358 2664 1758 2733 κεκραμένους,

196 2758 543 2828 κειτ⁹αύτοὺς
594 2757 782 2827 ήρέμα
814 2756 1086 2823 ἐγχέουσι,
1142 2755 1235 2806 καὶ
1297 2754 1395 2824 τὴν
1455 2752 1762 2824 δριμύτητα

196 2844 341 2919 πρός
373 2864 431 2899 τε
456 2849 522 2899 τὰ
562 2848 659 2916 τῆς
684 2848 923 2914 κεφαλῆς
964 2846 1300 2915 κοιλώματα,
1334 2847 1425 2899 κσίι
1449 2848 1576 2917 παρ’
1598 2847 1760 2897 αὑτὸν

197 2942 566 3009 εἰσπέμπουσι
599 2939 689 2992 τὸν
721 2936 1047 3006 ἐγκέφαλον.
1084 2937 1360 2988 Ἐντεῦθεν
1398 2938 1584 3007 ἕτερον
1613 2936 1761 3006 αὐτῷ

198 3034 500 3095 κακώσεως
528 3034 725 3102 τρόπον
774 3028 1069 3091 ἐπινοοῦσι,
1107 3030 1200 3080 καὶ
1230 3029 1327 3095 τὴν
1346 3029 1566 3081 ἐκείνων
1619 3030 1766 3098 ὡμό-

1835 576 1976 631 tibia
2006 586 2187 645 partes
2231 577 2748 647 comprehendisset,
2784 585 2838 633 et
2887 577 3083 632 deinde
3130 592 3224 633 eas
3268 577 3400 634 fune

1833 668 2270 729 constrinxisset.
2305 670 2382 722 sic
2410 668 2688 736 exprimit,
2725 679 2782 723 ut
2816 684 2879 722 ex
2916 670 3048 738 ipsis
3068 668 3229 723 etiam
3254 683 3416 722 sum--

1835 761 1935 815 mis
1972 762 2165 828 pedum
2199 760 2381 830 digitis
2410 769 2573 831 guttae
2602 760 2881 830 sanguinis
2913 758 3400 814 distillarent.Cum

1836 868 1965 922 ergo
1998 852 2077 905 vix
2112 852 2327 905 tandem
2364 853 2533 921 pedes
2575 852 2848 906 eduxisset
2885 866 2952 905 ex
2973 850 3061 903 illa
3086 848 3399 911 afﬂictione.

1838 945 1891 999 in
1956 942 2152 1012 plantis
2213 942 2364 1011 pedis
2427 942 2632 996 ferreos
2690 942 2863 1012 inﬁgit
2919 942 3119 1004 clavos,
3173 955 3229 993 et
3263 941 3405 1009 cogit

1840 1037 2093 1090 athletam
2122 1048 2363 1097 currere,
2398 1032 2566 1087 multo
2598 1033 2860 1101 sanguine
2892 1032 3061 1086 solum
3094 1029 3402 1101 subjectum

1841 1136 2235 1198 aspergentem.
2274 1126 2639 1191 Quamobrem
2670 1140 2924 1195 magnum
2960 1123 3125 1178 corde
3166 1122 3405 1176 dolorem

1841 1219 2086 1273 sentiens
2154 1229 2353 1285 martyr
2419 1216 2727 1285 (quomodo
2777 1215 2944 1279 enim,
2989 1213 3091 1266 nisi
3164 1213 3408 1267 dolorem

1842 1311 2090 1374 sentiret,
2153 1310 2535 1364 ostenderetur
2586 1308 2703 1371 ejus
2758 1306 2811 1359 in
2861 1304 3134 1359 Christum
3189 1304 3406 1360 deside-

1843 1403 2043 1471 rium?)
2076 1420 2132 1455 :c
2173 1400 2375 1455 Euntes
2400 1401 2571 1463 ibant,
2605 1399 2838 1461 dicebat,
2870 1408 2924 1451 et
2949 1396 3169 1458 flebant,
3192 1395 3411 1449 mitten-

1845 1502 1927 1548 tes
1958 1494 2167 1547 semina
2216 1508 2313 1546 sua
2348 1511 2360 1545 :
2407 1491 2689 1546 venientes
2731 1495 2912 1543 autem
2968 1488 3187 1541 venient
3225 1487 3278 1540 in
3318 1502 3414 1540 ex-

1847 1585 2153 1646 sultatione,
2180 1584 2430 1637 tollentes
2462 1582 2766 1650 manipulos
2796 1580 3012 1635 suos'.»
3036 1579 3165 1633 Haec
3191 1586 3413 1632 sanctus

1846 1678 2061 1748 quidem
2094 1672 2357 1746 psal‘lebat
2377 1675 2633 1731 suaviter.
2665 1672 2948 1727 'l‘eridates
2976 1682 3155 1725 autem
3185 1669 3414 1738 iubebat

1850 1770 2328 1825 circumstantibus
2387 1768 2549 1823 ferire
2600 1766 2869 1821 crudelius
2903 1757 2918 1820 ἑ
2954 1764 3055 1829 Ut,
3111 1764 3305 1833 inquit,
3361 1762 3415 1817 in

1854 1860 2042 1929 maiori
2075 1861 2262 1914 dolore
2290 1868 2344 1913 et
2373 1857 2501 1912 ﬂetu
2523 1859 2589 1912 ad
2620 1872 2742 1911 eum
2780 1856 3080 1926 perveniat,
3111 1870 3231 1924 quz
3260 1854 3327 1909 ab
3353 1868 3418 1907 eo

1855 1962 2219 2023 exspectatur,
2250 1956 2519 2022 voluptas.
2553 1952 2659 2006 Sed
2699 1951 2826 2005 licet
2855 1958 2934 2004 tot
2955 1958 3009 2003 et
3034 1958 3181 2002 tanta
3210 1955 3422 2017 patere—

1859 2054 1965 2107 tur,
1997 2056 2055 2099 ut
2088 2046 2200 2099 suis
2228 2034 2669 2113 perpessionibus
2696 2056 2883 2097 eorum
2921 2040 3102 2104 etiam,
3131 2040 3222 2107 qui
3242 2039 3419 2107 ipsum

1858 2136 1984 2192 odio
2014 2135 2305 2194 habebant,
2331 2134 2541 2186 animos
2574 2134 2815 2193 satiaret,
2844 2127 3135 2184 fortissime
3158 2135 3336 2181 tamen
3357 2142 3421 2179 ea

1860 2227 2064 2282 ferebat
2095 2237 2319 2295 propter
2349 2226 2645 2279 Christum.

1932 2318 2045 2372 χιι.
2082 2318 2209 2371 Post
2256 2319 2367 2371 haec
2410 2332 2532 2371 eum
2592 2314 2740 2369 humi
2795 2312 3049 2383 supinum
3103 2309 3422 2375 extendunt,

1863 2427 1984 2466 eum
2018 2412 2119 2464 hoc
2146 2409 2396 2477 iussisset
2425 2417 2684 2478 tyrannus
2716 2423 2731 2459 :
2766 2416 2815 2461 et
2848 2421 2969 2459 cum
3004 2413 3166 2473 caput
3206 2404 3424 2473 quidem

1864 2508 2043 2562 fabrili
2078 2507 2313 2575 quodam
2347 2502 2770 2572 intercepissent
2821 2501 3213 2559 instrumento,
3238 2495 3424 2565 expri-

1866 2609 2022 2654 munt
2051 2598 2408 2653 validissime.
2445 2595 2579 2651 Cum
2608 2610 2742 2649 naso
2775 2603 2957 2646 autem
2997 2590 3229 2645 iistulam
3263 2588 3429 2657 appli-

1870 2701 2110 2758 cassent,
2142 2692 2346 2744 nitrum
2376 2699 2430 2742 et
2459 2687 2625 2741 salem
2652 2680 2877 2739 mistum
2910 2693 3086 2746 aceto,
3118 2683 3170 2734 in
3202 2696 3320 2734 eam
3349 2680 3431 2732 in-

1869 2788 2123 2847 fundunt,
2178 2794 2232 2839 et
2279 2798 2490 2837 acorem
2546 2777 2612 2835 ad
2686 2778 2950 2848 profunda
3009 2776 3199 2845 capitis
3251 2786 3306 2830 et
3362 2774 3429 2828 ad

1870 2876 2045 2943 ipsum
2080 2870 2460 2927 transmittunt
2493 2869 2797 2923 cerebrum.
2827 2865 3030 2920 Deinde
3058 2867 3176 2934 eius
3202 2862 3431 2917 vexandi

1871 2967 2033 3022 alium
2065 2979 2280 3033 quoque
2327 2961 2549 3016 modum
2605 2959 2927 3027 excogitant,
2973 2955 3066 3022 qui
3119 2965 3171 3010 et
3218 2954 3430 3007 illorum

1872 3057 2358 3118 crudelitatem,et
2418 3052 2671 3121 martyris
2725 3048 2889 3103 animi
2945 3045 3311 3101 fortitudinem
3365 3059 3433 3099 ex

198 3146 362 3197 τητα,
394 3127 487 3180 καὶ
520 3126 613 3196 τὴν
648 3124 741 3178 τοῦ
779 3124 1054 3193 μάρτυρος
1084 3122 1305 3193 ἀνδρίαν
1355 3123 1551 3193 επίσης
1601 3123 1768 3192 ἄμφω

1870 3164 2025 3215 aequo
2052 3144 2398 3202 ostendebat.
2428 3141 2560 3195 Nam
2592 3154 2717 3192 cum
2779 3135 3051 3195 calathum
3102 3134 3433 3197 attulissent,

199 3216 537 3270 δεικνύοντα.
557 3216 797 3267 Θύλακον
824 3219 929 3282 γὰρ
957 3214 1268 3280 ἐνεγκόντες
1296 3214 1593 3282 καμιναίας
1624 3214 1766 3285 πλη-

204 3308 397 3378 ροῦσιν
414 3306 659 3372 αἱὺάλης,
698 3306 789 3355 καλ⁸
821 3304 977 3356 τοῦτο
999 3305 1095 3371 τὴν
1144 3306 1489 3373 μαρτυρικὴν
1548 3306 1772 3375 ἐκείνην

206 3397 543 3468 ἐμϐάλλουσι
580 3395 841 3465 κεφαλὴν,
878 3394 992 3448 καὶ-
1016 3394 1092 3465 τῷ
1122 3394 1215 3447 τοῦ
1265 3394 1473 3449 δικαίου
1520 3396 1774 3469 τραχήλῳ

208 3492 310 3545 τὸν
341 3489 570 3543 θύλακον
592 3487 901 3549 ἀποδέουσι,
932 3487 1027 3541 καὶ
1055 3489 1132 3550 είς
1164 3487 1332 3557 ἕκτην
1374 3489 1539 3542 αὐτὸν
1566 3491 1779 3560 ἡμέραν

210 3586 285 3655 τῇ
325 3585 536 3653 χαλεπῇ
565 3580 737 3651 ταύτῃ
782 3581 999 3649 βασάνῳ
1049 3581 1333 3643 πιέζεσθαι
1369 3582 1778 3637 καταλείπουσι.

215 3675 305 3745 Τῇ
334 3674 534 3742 ἑϐδόμῃ
557 3660 734 3724 τοίνυν
768 3670 1266 3740 μεταπεμψάμενος
1298 3673 1458 3736 αὐτὸν
1476 3673 1782 3743 Τηριδάτης

222 3769 366 3839 μετὰ
392 3765 484 3817 τοῦ
518 3764 778 3831 συνήθους
807 3763 1081 3834 μυκτῆρος
1104 3765 1195 3816 καὶ
1223 3767 1317 3835 τῆς
1354 3765 1512 3835 φίλης
1546 3766 1778 3835 μωκίαςο

222 3855 399 3908 Πόθεν
424 3856 573 3924 ἡμῖν,
605 3847 649 3906 ὧ
680 3848 854 3921 οὗτος,
874 3853 968 3909 νῦν
997 3854 1285 3930 ἐπανῆκες,
1305 3854 1430 3924 ἔφη,
1455 3853 1565 3927 ἆρά
1597 3872 1659 3925 γε
1681 3857 1786 3909 ἀπὸ

220 3948 330 4019 τῆς
364 3948 642 4021 βασιλείας
672 3949 767 4001 καὶ
798 3948 906 4001 τῶν
943 3948 1161 4015 ἀγαθῶν
1185 3950 1427 4012 ἐκείιων,
1455 3949 1488 4002 5t
1525 3952 1787 4020 πρότερον

227 4045 340 4098 ὑπὸ
379 4045 569 4097 πλατεῖ
598 4043 675 4112 τῷ
707 4043 932 4111 στόματι
979 4039 1231 4111 διεξῄεις,
1263 4040 1356 4093 καὶ
1415 4034 1491 4093 (Iv
1550 4042 1789 4094 ἀπολαύ-

229 4136 425 4191 σεσθαι
455 4134 807 4205 προσεδόκας.
846 4134 953 4186 Καὶ
982 4135 1009 4187 6
1036 4136 1280 4201 γενναῖος
1309 4135 1789 4204 ἀπαρρησιάσιως·

228 4228 425 4292 Οὔπω,
453 4228 635 4298 φησὶν,
668 4218 711 4277 ὧ
744 4224 984 4295 βασιλεῦ,
1021 4226 1157 4295 πρὸς
1182 4226 1279 4296 τὴν
1310 4227 1543 4295 ἄρρητον
1582 4227 1793 4293 ἐκείνην

226 4320 580 4389 εὐδαιμονίαν
635 4300 1039 4385 ἁποδεδήμηκα.
1076 4318 1193 4369 Ἔτι
1221 4316 1326 4385 γὰρ
1384 4316 1445 4367 ιδ
1472 4315 1609 4388 βαρὺ
1638 4314 1796 4369 τοῦτο

227 4411 556 4481 περίκειμαι
581 4408 673 4463 τοῦ
700 4408 945 4476 σώματος
968 4409 1205 4476 φορτίον.
1222 4403 1365 4459 Ἀλλ’
1404 4410 1523 4459 ἐπεὶ
1542 4410 1796 4461 τοιούτων

1874 3237 2069 3293 camini
2106 3253 2227 3288 cttm
2264 3233 2493 3302 implent
2515 3230 2758 3299 fuligine,
2789 3228 2915 3282 etin
2941 3242 3062 3280 eum
3087 3224 3433 3294 martyricum

1876 3329 2005 3384 illud
2037 3335 2200 3397 caput
2252 3325 2572 3384 immittunt,
2613 3332 2665 3376 et
2689 3321 2816 3390 justi
2853 3318 2991 3373 collo
3023 3317 3290 3372 calathum
3321 3314 3439 3368 alli-

1879 3429 2037 3492 gant,
2063 3428 2113 3472 et
2152 3431 2244 3471 sex
2277 3414 2394 3469 dies
2425 3428 2547 3468 eum
2582 3411 2897 3480 relinquunt
2946 3409 3114 3478 premi
3149 3408 3251 3461 hoc
3290 3405 3439 3475 gravi

1882 3519 2174 3566 tormento.
2215 3507 2460 3576 Septimo
2484 3512 2665 3560 autem
2700 3501 2788 3555 die
2818 3515 2941 3553 cum
2969 3513 3094 3551 eum
3125 3495 3440 3550 aceersivis-

1882 3609 1962 3657 set
1991 3598 2296 3662 Teridates,
2351 3612 2474 3651 cum
2516 3604 2775 3652 consueta
2814 3590 3271 3658 subsannatione,
3305 3596 3359 3659 et
3390 3587 3439 3641 ei

1884 3702 2031 3762 grata
2092 3684 2728 3751 irrisione:llndenam,
2781 3682 2979 3749 inquit,
3024 3694 3168 3733 nunc
3224 3678 3290 3732 ad
3344 3691 3445 3730 nos

1886 3784 2066 3838 redis?
2102 3784 2182 3834 An
2218 3799 2245 3835 a
2284 3795 2449 3847 regno
2477 3786 2531 3832 et
2558 3793 2588 3830 a
2628 3775 2786 3830 bonis
2818 3773 2948 3837 illis,
2985 3786 3104 3841 quae
3147 3769 3297 3840 prius
3322 3782 3448 3837 pro-

1886 3874 1992 3929 lixe
2041 3872 2474 3942 persequebaris,
2546 3877 2601 3922 et
2646 3883 2766 3934 quae
2819 3863 3171 3934 exspectabas
3221 3871 3272 3915 te
3325 3872 3446 3914 esse

1888 3960 2309 4037 percepturum?
2376 3958 2691 4015 Generosos
2762 3966 2941 4009 autem
3035 3953 3127 4007 ille
3181 3951 3352 4026 libere
3392 3959 3450 4004 et

1891 4036 2080 4126 magna
2110 4072 2231 4109 eum
2276 4040 2478 4107 ﬁducia
2515 4070 2530 4106 :
2565 4050 2841 4111 Nondum,
2886 4036 3081 4115 inquit,
3131 4059 3164 4098 ο
3210 4058 3322 4102 rex.
3382 4040 3451 4095 ad

1892 4150 2033 4204 illam
2068 4146 2393 4201 ineffabilem
2452 4143 2676 4213 migrari
2728 4140 3062 4195 felicitatem.
3120 4136 3250 4190 Sum
3302 4134 3448 4188 enim

1893 4239 2069 4294 adhuc
2098 4226 2426 4305 implicatus
2470 4233 2618 4304 gravi
2672 4232 2774 4285 hoc
2816 4244 2979 4284 onere
3036 4225 3295 4295 corporis.
3344 4223 3451 4277 Sed

1893 4330 2146 4399 quoniam
2184 4328 2266 4382 his
2294 4342 2413 4379 sum
2439 4341 2534 4393 pro
2559 4322 2783 4377 Domino
2814 4336 2936 4375 meo
2957 4319 3223 4389 dignatus.
3242 4314 3455 4371 veniam

1898 4421 2056 4491 paulo
2087 4426 2205 4486 post
2249 4432 2375 4469 cum
2408 4414 2553 4469 illius
2582 4413 2770 4484 gloria,
2802 4409 3017 4478 quando
3056 4407 3197 4460 nuda
3237 4406 3452 4477 quidem

228 4505 379 4572 ὑπὲρ
412 4499 505 4553 τοῦ
540 4500 673 4568 ἐμοῦ
716 4499 985 4551 Δεσπότου
1020 4494 1278 4568 ήξίωμαι,
1341 4498 1458 4567 ἥξω
1508 4502 1645 4567 μετὰ
1698 4501 1766 4569 τῆ

1870 4516 1871 4519 “
1900 4488 1955 4564 et
1984 4517 2171 4577 aperta
2201 4508 2463 4561 sistentur
2497 4504 2676 4557 omnia
2723 4514 2846 4554 ante
2891 4500 3035 4553 illius
3070 4495 3325 4551 tribunal.
3356 4494 3458 4549 Sc-

228 4592 449 4645 ικείνου
484 4588 642 4657 δόξης
688 4590 882 4658 μικρὸν
917 4588 1167 4659 ὓστερον,
1205 4589 1291 4641 ὅτε
1322 4592 1505 4659 γυμνά
1552 4590 1650 4659 μὲν
1702 4592 1798 4641 καὶ

229 4681 707 4753 τετραχηλισμένα
744 4679 818 4749 τῷ
867 4680 1075 4734 ἐκείνου
1135 4681 1340 4751 βήματι
1387 4667 1794 4753 παραστήσεται

230 4778 442 4836 πάντα,
490 4774 757 4827 καθιεῖται
789 4772 844 4825 δὲ
879 4773 1039 4835 αὐτὸς
1089 4776 1115 4824 6
1161 4774 1253 4826 τοῦ
1296 4774 1431 4827 θεοῦ
1465 4775 1634 4842 Λόγος
1678 4790 1799 4844 κρι-

231 4867 394 4924 τικὸς
415 4865 763 4932 ἐνθυμήσεων
819 4865 917 4917 καὶ
950 4864 1167 4916 ἐννοιῶν
1204 4864 1453 4933 καρδίας,
1487 4866 1799 4934 διικνούμε-

232 4972 331 5019 νος
361 4953 488 5023 άχρι
524 4955 792 5024 μερισμοῦ
822 4957 1000 5026 ψυχῆς
1056 4959 1150 5009 καὶ
1191 4957 1390 5009 ὀστέων
1421 4961 1511 5009 καὶ
1570 4959 1801 5026 μυελῶν,

233 5050 339 5102 καὶ
362 5048 542 5118 νάμων
566 5049 775 5116 ἑκάστῳ
799 5048 866 5099 τά
896 5047 1014 5100 κατ’
1036 5050 1210 5115 ἀξίαν,
1233 5049 1412 5119 ⁴ἡνίκα.
1447 5049 1543 5118 φεῦ
1570 5050 1580 5100 l
1612 5043 1719 5111 οἷός
1745 5067 1802 5103 σε

238 5159 311 5194 πε
326 5144 643 5210 ριστήσεται
663 5140 924 5204 κίνδυνος,
941 5140 1079 5203 οἵαν,
1104 5141 1275 5204 ἄθλιε,
1302 5143 1399 5210 τὴν
1421 5143 1688 5211 τιμωρίαν
1710 5161 1805 5196 κα-

235 5232 579 5304 τακριθήσῃ,
621 5236 809 5289 Ταῦτα
843 5238 935 5287 ἐπὶ
960 5234 1119 5287 πλέον
1154 5236 1403 5304 ὲκμαίνει
1437 5237 1526 5287 τὸν
1556 5233 1803 5304 βασιλέα,

240 5325 349 5381 καὶ
365 5324 564 5378 αὐτίκα
596 5325 769 5390 δεθεὶς
810 5332 933 5391 τοὺς
959 5328 1125 5390 πόδας
1161 5330 1188 5380 ό
1223 5330 1448 5397 μάρτυς,
1479 5326 1619 5379 κατὰ
1640 5344 1810 5396 κεφα-

239 5420 346 5487 λῆς
370 5420 690 5490 ἀναρτᾶται,
732 5423 824 5475 καὶ
856 5423 997 5493 ὕδωρ
1021 5422 1152 5475 πολὺ
1180 5422 1265 5475 διὰ
1291 5421 1387 5487 τῆς
1417 5420 1624 5472 ἐκείνου
1647 5419 1808 5487 ἕδρας

241 5509 457 5562 ἀνιᾶσιν
489 5511 567 5574 εις
614 5513 712 5583 τὴν
745 5515 1005 5584 γαστέρα,
1053 5513 1274 5567 κόλασιν
1335 5511 1449 5581 ἅμα
1501 5509 1658 5563 τοῦτο
1721 5515 1811 5565 καὶ

328 5780 347 5849 Ρ
385 5776 502 5835 Pali
554 5795 709 5844 ωιτν,
739 5778 789 5831 5.

1900 4599 2047 4655 debit
2074 4608 2258 4662 autem
2309 4598 2484 4667 ipsum
2519 4593 2610 4657 Dei
2649 4591 2886 4647 Verbum
2915 4590 3078 4660 judex
3111 4604 3217 4643 non
3251 4596 3457 4641 tantum

1903 4691 2191 4751 factorum,
2218 4688 2312 4743 sed
2347 4697 2401 4742 et
2436 4685 2600 4740 animi
2640 4672 3076 4752 concepti-onum.
3101 4689 3151 4733 et
3180 4676 3461 4747 cogitatio-

1898 4797 2027 4835 num
2063 4780 2242 4835 cordis
2274 4788 2565 4849 penetrans
2591 4789 2761 4843 usque
2809 4773 2876 4827 ad
2901 4770 3217 4824 divisionem
3244 4768 3457 4829 animas,

1899 4881 1954 4923 et
2006 4869 2231 4931 ossium,
2260 4877 2315 4919 et
2364 4866 2739 4923 medullarum,
2769 4871 2819 4914 et
2876 4858 3165 4921 unicuique
3217 4857 3460 4911 tribuens

1902 4976 2000 5031 pro
2033 4957 2257 5011 meritis.
2286 4954 2405 5023 Quo
2455 4964 2717 5023 tempore,
2748 4949 2836 5005 hei
2890 4949 3058 5003 mihi!
3090 4947 3249 5019 quale
3279 4958 3332 5002 te
3357 4948 3466 5001 cir-

1902 5050 2180 5107 cumsistet
2242 5035 2870 5116 periculumlqualifo
2935 5039 3139 5099 infelix,
3200 5035 3464 5107 supplicio

1908 5138 2297 5196 damnaberisl
2336 5136 2456 5190 Hac
2520 5150 2699 5204 regem
2749 5132 2895 5188 cient
2942 5130 3131 5200 majori
3179 5128 3382 5191 furore,
3410 5134 3464 5181 ct

1906 5233 2085 5287 statim
2115 5229 2342 5299 pedibus
2386 5229 2597 5281 vinctus
2642 5234 2861 5295 martyr,
2895 5236 3135 5293 praeceps
3182 5216 3470 5288 suspendi-

1909 5336 2021 5387 tur,
2057 5334 2110 5376 et
2141 5338 2239 5391 per
2275 5318 2602 5390 posteriores
2627 5329 2809 5389 partes
2840 5318 3066 5371 multum
3096 5328 3249 5382 aqua:
3269 5309 3497 5365 immitr

1908 5424 2027 5471 tunt
2063 5414 2117 5467 in
2151 5420 2412 5472 ventrem,
2435 5409 2537 5464 hoc
2562 5408 2720 5463 simul
2752 5423 2849 5478 pro
2873 5404 3137 5475 supplicio
3159 5412 3211 5456 et
3240 5399 3470 5454 ludibrio

1910 5509 2176 5563 habentes
2248 5488 2517 5559 scelerati.
2584 5499 2772 5555 Nullus
2850 5498 2993 5552 enim
3054 5495 3230 5566 pudor
3280 5491 3470 5546 talibus
