4154 6318
722 334 828 394 959

1954 332 2239 393 MENSIS
2281 331 2752 394 SEPTEMBER.

3881 335 3981 394 960

719 453 913 517 oculis,
947 468 1182 522 quorum
1240 454 1436 510 anime
1471 463 1627 509 erant
1662 453 1832 523 plenae
1878 450 2100 506 libidine
2125 456 2180 501 et
2209 462 2304 501 ne-

2431 447 2619 500 'e).tota
2654 446 2936 513 ποιοῦντες
2966 449 3015 502 οἱ
3070 448 3359 518 ἀλιτήριοι.
3415 449 3657 519 Οὐδεμία
3739 449 3850 519 γὰρ
3902 452 3982 501 αί-

718 543 911 613 quilla.

792 723 932 777 XIII.
963 724 1096 779 Cum
1126 735 1306 780 autem
1354 726 1503 779 illinc
1532 725 1721 779 fuisset
1755 724 2049 785 demissus.
2088 740 2180 779 rex
2209 739 2302 779 co-

722 818 955 871 nabatur
992 834 1181 872 rursus
1217 820 1548 887 persuadere
1582 838 1594 873 :
1629 828 1703 883 et,
1736 818 1871 871 Pare
1899 818 2054 877 mihi.
2088 819 2304 874 dicebat

723 910 794 966 ei.
853 921 909 964 et
958 911 1062 963 diis
1105 912 1357 965 maximis
1403 911 1664 966 sacriﬁca.
1720 911 1854 964 Nam
1907 911 2104 980 alioqui
2164 913 2302 965 male

724 1007 945 1072 peribis,
982 1006 1113 1059 mihi
1147 1006 1365 1059 charam
1404 1007 1528 1074 juro
1554 1022 1741 1060 eorum
1769 1006 2085 1071 potentiam.
2122 1005 2304 1059 Sacri-

728 1092 920 1154 ficabo,
938 1093 1030 1146 sed
1065 1093 1327 1149 Salvatori
1357 1111 1478 1149 meo
1508 1096 1734 1148 omnino
1760 1094 2084 1149 sacrificium
2110 1094 2301 1160 laudis,

726 1198 955 1251 magnus
982 1184 1117 1239 dixit
1142 1185 1455 1255 Gregorius.
1482 1186 1612 1250 Quae
1638 1196 1818 1238 autem
1846 1201 2009 1239 sensu
2038 1194 2091 1238 et
2124 1194 2306 1241 mente

725 1283 935 1337 carent,
977 1285 1031 1328 et
1078 1285 1204 1329 sunt
1260 1277 1484 1331 omnino
1530 1278 1766 1330 inanima
1820 1288 1873 1333 et
1925 1279 2109 1339 surda.
2142 1279 2303 1344 absit,

726 1366 946 1420 Christe
989 1367 1100 1422 Rex
1138 1385 1312 1433 incus,
1349 1380 1408 1423 ut
1456 1371 1660 1424 honore
1706 1372 1814 1439 ullo
1867 1380 1961 1425 aut
2012 1372 2179 1426 verbo
2229 1371 2309 1425 di-

730 1473 884 1523 puer.
944 1458 1155 1514 etiamsi
1218 1461 1370 1529 plura
1422 1462 1552 1515 mibi
1604 1472 1657 1516 et
1707 1463 1956 1531 graviora
2007 1462 2310 1516 inferantur

730 1549 1017 1617 supplicia.
1056 1549 1149 1604 His
1201 1551 1640 1622 disrumpebatur
1666 1552 1971 1617 Teridates,
2000 1564 2054 1608 et
2079 1554 2310 1608 suffoca-

732 1630 912 1695 batur.
983 1642 1167 1716 Itaque
1220 1660 1344 1697 cum
1399 1656 1646 1699 sanctum
1693 1662 1884 1699 rursus
1910 1646 2307 1713 suspendisset.

734 1733 951 1799 ungulis
1005 1734 1224 1802 quidem
1280 1736 1472 1790 ferreis
1525 1736 1761 1789 laniabat
1810 1737 1930 1804 ejus
1985 1738 2176 1801 latera,
2218 1738 2309 1805 qui

739 1832 857 1876 erat
883 1823 1024 1878 ferro
1051 1827 1245 1892 quovis
1278 1826 1487 1890 durior,
1513 1829 1646 1882 adeo
1684 1838 1741 1882 ut
1774 1828 1890 1895 ipsa
1924 1845 2138 1899 quoque
2169 1838 2312 1883 terra

736 1917 1112 1985 inquinaretur
1142 1918 1384 1974 fontibus
1421 1922 1719 1992 sanguinis.
1755 1921 1890 1977 Cum
1915 1935 2097 1979 autem
2144 1923 2317 1978 disse-

735 2012 935 2067 casset.
964 2020 1017 2064 et
1051 2013 1352 2080 profundos
1388 2015 1566 2068 sulcos
1593 2017 1644 2068 in
1689 2017 1772 2070 eis
1806 2016 2109 2076 incidisset.
2148 2016 2317 2070 muri-

737 2112 829 2149 ces
873 2097 1079 2153 ferreos
1133 2100 1283 2155 humi
1334 2104 1548 2159 sternit.
1606 2105 1808 2160 Deinde
1865 2106 2045 2161 nudus
2102 2107 2171 2167 is.
2224 2107 2315 2175 qui

739 2193 910 2238 totum
948 2186 1225 2243 Christum
1282 2192 1553 2256 induerat,
1586 2211 1750 2263 super
1790 2195 1938 2263 ipsos
1980 2196 2313 2250 trahebatur.

741 2275 963 2329 Interim
995 2289 1175 2333 autent
1218 2282 1346 2335 dum
1388 2284 1641 2338 lictorum
1674 2300 1867 2340 manus
1902 2300 2029 2339 eum
2065 2286 2187 2355 pilis
2212 2296 2319 2340 tra-

742 2368 945 2424 hebant
992 2373 1363 2441 aCerbissime,
1402 2377 1490 2431 ille
1521 2377 1739 2445 quidem
1794 2379 2016 2449 proprio
2064 2379 2319 2451 irrigatus

741 2461 1023 2531 sanguine,
1055 2466 1222 2535 magis
1265 2466 1488 2522 ﬂorebat
1519 2479 1572 2524 et
1618 2472 1971 2540 germinabat,
2006 2489 2111 2527 non
2157 2489 2315 2529 secus

739 2562 904 2620 atque
934 2559 1458 2627 generosm.plaulm,
1496 2571 1544 2613 et
1592 2561 1768 2617 fructu
1826 2564 1948 2617 ﬁdei
1988 2567 2317 2621 abundabat.

748 2640 838 2696 Ille
864 2655 1068 2707 autem,
1104 2645 1200 2702 Ubi
1250 2658 1352 2710 est,
1382 2650 1576 2719 inquit,
1624 2651 1766 2707 Deus
1806 2664 1948 2719 tuus,
1984 2655 2229 2728 Gregori,
2266 2660 2318 2711 in

742 2749 904 2802 quem
939 2740 1208 2807 sperasti?
1252 2741 1441 2796 Veniat
1482 2760 1631 2799 nunc
1673 2755 1727 2799 et
1760 2762 1790 2800 e
1838 2730 1977 2800 meis
2020 2757 2071 2800 te
2110 2749 2323 2821 eripiat

746 2827 1019 2883 manibus.
1060 2834 1232 2899 Atque
1286 2834 1375 2887 ille
1403 2835 1621 2902 quidem
1656 2851 1777 2889 cum
1807 2837 1885 2890 sic
1917 2839 2097 2890 omnia
2133 2830 2324 2908 perva-

748 2914 911 2971 sisset
970 2919 1237 2987 supplieia
1282 2932 1337 2976 et
1368 2923 1707 2987 aIIItetiones,
1736 2933 1791 2978 et
1831 2939 1921 2979 eas
1946 2927 2163 2983 tulisset
2190 2927 2321 2983 faci-

742 3005 875 3069 lius,
939 3023 1101 3077 quam
1147 3010 1235 3064 alii
1279 3013 1616 3084 voluptates,
1656 3027 1711 3072 et
1760 3019 2014 3074 omnibus
2060 3022 2322 3076 evasisset

751 3099 1004 3166 superior
1044 3120 1058 3156 :
1094 3118 1284 3160 rursus
1317 3106 1370 3159 in
1406 3122 1681 3163 carcerem
1711 3111 2019 3180 conjicitur.

822 3296 964 3351 XIV.
994 3298 1254 3368 Sequenti
1296 3310 1478 3357 autem
1527 3304 1615 3361 die
1656 3322 1779 3361 cum
1821 3323 1945 3362 eum
1990 3326 2179 3368 rursus
2235 3331 2325 3371 ac-

753 3391 1016 3446 cersisset
1070 3391 1371 3459 Teridates,
1410 3407 1465 3452 et
1509 3398 1732 3455 vidisset
1803 3418 1925 3455 cum
1975 3416 2153 3458 astare
2199 3422 2324 3459 eum

751 3493 1008 3552 prompto
1061 3494 1117 3538 et
1165 3485 1332 3541 alacri
1390 3489 1595 3551 animo,
1622 3498 1677 3542 et
1724 3506 1848 3543 eum
1894 3507 2029 3545 sano
2075 3509 2323 3563 corpore,

755 3573 919 3641 idque
947 3589 1069 3627 cum
1099 3591 1225 3630 caro
1271 3578 1464 3631 fuisset
1495 3588 1655 3633 antea
1685 3593 2004 3652 consumpta
2041 3586 2328 3642 tormentis

756 3666 900 3735 apud
933 3682 991 3721 se
1031 3668 1248 3736 quidem
1285 3669 1603 3737 mirabatur,
1640 3684 1695 3729 et
1723 3673 2026 3743 dubitabat,
2060 3681 2189 3748 quin
2220 3697 2327 3735 non

760 3760 925 3812 simul
986 3774 1109 3813 cum
1166 3762 1419 3817 carnibus
1475 3779 1598 3817 eum
1669 3765 1959 3823 defecisset
2017 3770 2328 3839 respiratio.

767 3850 962 3919 Vipera
997 3862 1177 3909 autem
1211 3873 1318 3910 non
1342 3858 1646 3927 expellebat
1671 3874 1965 3921 venenum,
2009 3877 2185 3929 neque
2209 3880 2333 3935 par-

762 3944 866 3999 dus
886 3948 1117 4000 exuebat
1157 3950 1448 4003 varietates
1486 3968 1498 4001 :
1553 3950 1648 4003 sed
1686 3950 1866 4004 adhuc
1902 3952 2043 4005 idem
2083 3956 2335 4010 manebat

767 4034 1083 4100 Teridates,
1128 4047 1182 4091 et
1231 4039 1282 4091 in
1345 4035 1630 4111 martyrem
1684 4044 1929 4099 eamdem
1976 4047 2336 4102 conservabat

772 4126 1036 4181 saevitiam
1091 4135 1146 4182 et
1193 4128 1666 4188 inltumanitatem.
1720 4133 1856 4189 Cum
1905 4152 2037 4206 ergo
2080 4154 2205 4192 eum
2255 4138 2336 4193 sic

771 4220 994 4275 vidisset
1049 4221 1327 4286 allectum,
1354 4239 1420 4277 ue
1464 4224 1542 4278 sic
1577 4226 1795 4292 quidem
1846 4228 2174 4296 desperabat
2221 4232 2339 4301 ejus

769 4314 1125 4369 mutationem
1167 4332 1181 4370 ;
1213 4316 1307 4369 sed
1356 4314 1715 4371 contendebat
1746 4318 1947 4373 stultus
1977 4319 2196 4373 vincere
2221 4324 2340 4374 ani-

768 4419 909 4458 niam
937 4404 1375 4474 insuperabilem.
1419 4406 1573 4463 Unde
1602 4410 1765 4463 etiam
1801 4425 1923 4464 eum
1952 4410 2146 4466 ferreis
2182 4411 2339 4465 tibia-

768 4497 911 4551 libus
942 4499 1091 4552 beata
1128 4502 1247 4566 eius
1278 4500 1544 4553 induisset
1574 4517 1767 4571 genua,
1804 4512 1859 4555 et
1892 4503 2099 4564 cuneis.
2120 4503 2211 4574 qui
2241 4504 2343 4575 ipsi

770 4603 989 4658 quoque
1017 4600 1177 4644 erant
1204 4590 1391 4653 ferrei,
1416 4606 1477 4645 ea
1505 4593 1926 4664 transadegisset
1953 4610 2013 4649 ae
2042 4596 2341 4665 ﬁbulasset,

772 4689 828 4734 et
882 4690 1186 4746 martyrem.
1219 4685 1615 4753 suspendisset,
1675 4696 1782 4741 tres
1848 4697 1990 4743 totos
2046 4688 2164 4744 dies
2222 4705 2345 4744 euut

774 4772 950 4826 tenuit
978 4773 1289 4827 sublimem.
1316 4771 1408 4828 Ille
1438 4788 1619 4829 autem
1665 4788 1874 4831 tantum
1918 4780 2125 4845 aberat,
2158 4791 2215 4835 ut
2248 4783 2350 4838 Iioc

774 4863 1022 4917 cruciatu
1078 4879 1237 4920 secus
1282 4881 1442 4932 quam
1496 4883 1818 4936 generosum
1866 4871 2141 4926 hominem
2194 4874 2350 4927 decet

778 4952 1107 5017 adiceretur,
1145 4962 1240 5008 aut
1284 4955 1695 5025 obloqueretur,
1731 4970 1788 5012 ut
1815 4970 1870 5013 et
1920 4958 2035 5029 ipsa
2076 4960 2353 5015 videretur

780 5042 959 5097 ridere
995 5050 1285 5105 tormenta,
1331 5055 1383 5097 et
1411 5060 1505 5099 eos
1537 5047 1626 5114 qui
1666 5048 1777 5117 ipsa
1800 5046 2124 5114 aﬂerebant,
2154 5052 2198 5106 si
2225 5066 2354 5120 spe-

789 5144 973 5189 rarent
1039 5133 1178 5196 fore,
1243 5143 1301 5188 ut
1352 5134 1497 5188 illius
1547 5137 1854 5191 firmitatem
1911 5140 1964 5193 in
2023 5143 2352 5196 contrariam

783 5236 1055 5280 mutarent
1091 5228 1443 5283 sententiam.
1470 5225 1733 5283 Peudenti
1767 5231 1951 5300 itaque
1982 5233 2132 5301 justo
2166 5252 2179 5287 :
2212 5235 2360 5288 Nun-

786 5318 917 5371 dum
955 5318 1194 5381 sensisti,
1226 5318 1451 5387 Gregori
1498 5319 1668 5389 inquit
1724 5320 2027 5387 Teridates,
2066 5333 2117 5378 te.
2158 5325 2357 5380 frustra

782 5410 836 5462 in
876 5408 985 5463 Deo
1020 5418 1111 5462 tuo
1142 5410 1467 5465 conﬁdisse?
1492 5424 1586 5465 aut
1609 5412 1814 5483 alioqui
1854 5416 2007 5469 nobis
2039 5418 2287 5480 ostende,
2314 5417 2357 5470 si

782 5501 910 5568 quid
946 5501 1071 5555 boni
1107 5518 1171 5557 ex
1202 5517 1298 5571 spe
1319 5507 1373 5557 in
1404 5504 1550 5557 illum
1570 5520 1627 5557 es
1652 5518 1996 5560 consecutus.
2026 5507 2119 5561 llle
2143 5496 2357 5563 autem:

788 5599 934 5653 Attu
976 5596 1113 5664 ipse,
1145 5595 1341 5664 inquit,
1376 5612 1435 5685 es
1477 5596 1761 5666 insipiens,
1794 5608 1847 5652 et
1882 5607 1931 5653 te
1962 5600 2121 5669 plane
2165 5601 2359 5654 stolide

790 5695 844 5738 et
877 5696 1123 5739 amenter
1148 5685 1312 5755 geris,
1348 5686 1437 5754 qui
1476 5687 1733 5741 adversus
1770 5697 1819 5741 te
1864 5688 2030 5743 infers
2061 5698 2166 5744 tam
2201 5707 2362 5760 grave

782 5778 1073 5851 judicium,
1109 5788 1162 5834 et
1190 5779 1365 5849 ignem
1400 5780 1660 5847 gehennae
1696 5780 1749 5837 in
1789 5789 1937 5835 tuum
1968 5789 2130 5849 caput
2167 5796 2364 5853 conge-

2404 541 2570 611 σχύνη
2612 543 2872 605 τοιούτοις
2899 542 3141 613 ὄμμασιν
3168 538 3243 595 ὦν
3271 546 3325 596 αἱ
3347 541 3515 613 ψυχαὶ
3564 543 3799 613 πλήρεις
3848 537 3980 612 ἦσαν

2402 630 2695 695 ἀκολασίας
2716 650 2772 685 τε
2803 634 2892 685 καὶ
2933 635 3285 704 φαυλότητος.

2476 721 2572 778 ῙΓ’.
2642 724 2859 794 Ἐπειδὴ
2886 725 2937 779 δὲ
2980 725 3188 779 ἐκεῖθεν
3214 724 3564 795 κατενεχθεὶς
3592 720 3683 795 ἦν,
3740 724 3909 779 πάλιν
3958 728 3981 776 6

2405 815 2943 889 βασιλεὺςὲπειρᾶτο
2964 820 3192 883 πείθειν,
3215 822 3339 883 καὶ,
3379 819 3636 890 Πεισθητί
3698 836 3815 887 μοι,
3854 821 3981 888 προς

2405 909 2591 975 αὑτὸν,
2632 910 2805 977 ἔλεγε,
2837 913 2932 963 καὶ
2965 914 3075 973 τοῖς
3113 915 3387 981 μεγίστοις
3419 910 3577 964 θῦσον
3629 910 3797 973 θεοῖς.
3842 911 3982 961 Ἐπεὶ

2406 1001 2594 1063 κακῶς
2628 1002 2829 1071 ἀπολῇ,
2861 1003 2962 1073 τὴν
3023 1003 3182 1071 φίλην
3238 1003 3416 1057 αὐτῶν
3469 1004 3676 1071 ὄμνυμι
3728 1003 3981 1069 δύναμιν.

2405 1094 2585 1160 Θύσω,
2622 1094 2757 1147 ἀλλὰ
2782 1096 2859 1163 τῷ
2892 1093 2998 1163 θεῷ
3031 1112 3132 1164 μου
3158 1096 3375 1157 πάντως
3409 1096 3600 1149 θυσίαν
3654 1098 3922 1157 αἰνέσεως
3960 1099 3987 1147 6

2411 1184 2580 1254 μέγας
2621 1185 2727 1254 ἔφη
2774 1185 3096 1254 Γρηγόριος.
3156 1185 3470 1254 Δὶσθήσεως
3528 1186 3581 1240 δὲ
3629 1187 3730 1239 καὶ
3775 1185 3988 1254 φρενῶν

2408 1276 2590 1345 ἔρημα
2629 1277 2721 1328 καὶ
2760 1277 2819 1328 τὸ
2846 1277 2966 1329 ὅλον
3023 1276 3207 1348 ἄψυχα
3257 1278 3348 1330 καὶ
3382 1278 3559 1345 κωφὰ,
3610 1278 3685 1349 μὴ
3750 1278 3989 1345 γένοιτο,

2408 1369 2610 1436 Χριστὲ
2636 1369 2663 1419 6
2700 1369 2828 1437 ἐμὸς
2856 1368 3129 1436 βασιλεὺς,
3156 1370 3289 1439 μηδὲ
3318 1371 3481 1438 τιμῆς
3512 1387 3659 1433 τινος
3722 1371 3865 1440 μηδὲ
3898 1374 3990 1440 ei;

2416 1476 2580 1524 ματος
2620 1459 2869 1523 ἀξιῶσαι,
2904 1461 3005 1512 κᾶν
3037 1461 3120 1512 ἒτι
3168 1460 3384 1522 πλείους
3438 1462 3563 1530 ἐμοὶ
3621 1463 3718 1513 καὶ
3755 1460 3990 1530 βαρύτε-

2415 1561 2501 1613 ραι
2534 1544 2783 1608 κολάσεις
2828 1547 3142 1613 ἐπάγονται.
3203 1550 3573 1617 Διερῥήγνυτο
3605 1551 3794 1602 τοίνυν
3858 1550 3992 1619 πρὲις

2410 1640 2578 1692 ταῦτα
2596 1641 2621 1691 ό
2645 1639 2951 1709 Τηριδάτης
2981 1640 3073 1691 καὶ
3096 1640 3428 1705 ἀπεπνίγετο
3458 1638 3532 1707 τῷ
3558 1638 3735 1708 θυμῷ.
3778 1638 3995 1705 Ἀμέλει

2416 1732 2511 1784 καὶ
2548 1731 2639 1784 τὸν
2667 1730 2821 1794 ἆγιον
2852 1732 3180 1803 ἁμαρτήσας
3212 1733 3398 1797 πάλιν,
3437 1732 3583 1797 ὄνυξι
3628 1731 3731 1800 μὲν
3770 1732 3993 1802 σιδήρου

2417 1823 2681 1889 διέξαινεν
2720 1825 2883 1878 αὑτοῦ
2929 1826 3030 1889 τὰς
3090 1826 3353 1896 πλευρὰς,
3416 1826 3444 1877 6
3500 1825 3724 1895 σιδήρου
3798 1825 3995 1886 παντδς

2421 1917 2810 1988 σκληρότερος,
2848 1918 2921 1981 ὡς
2946 1920 3038 1971 καὶ
3073 1919 3242 1982 αὐτὴν
3283 1919 3347 1987 δή
3402 1936 3503 1972 που
3562 1922 3660 1987 τὴν
3725 1920 3837 1989 γῆν
3888 1922 3996 1981 τοίς

2418 2011 2666 2077 κρουνοῖς
2692 2010 2800 2061 τῶν
2829 2011 3079 2078 αἱμάτων
3115 2009 3464 2079 μολύνεσθαι.
3500 2010 3782 2079 Διακόψας
3815 2010 3876 2063 δὲ
3910 2014 3997 2062 καὶ

2421 2100 2645 2170 βαθείας
2667 2099 2859 2160 αὐταῖς
2887 2097 3127 2169 ἐντεμὼν
3180 2098 3421 2163 αὔλακας
3454 2101 3739 2170 τριϐόλους
3770 2101 3999 2171 σιδηρᾶς

2421 2190 2832 2262 ὑποστρώννυσι
2858 2192 2998 2243 κατὰ
3028 2190 3119 2244 τοῦ
3141 2192 3400 2262 ἐδάφους,
3454 2187 3576 2245 εἶτα
3620 2192 3835 2263 γυμνός
3858 2194 3885 2244 6
3912 2192 3999 2245 τὶν

2419 2284 2659 2351 Χριστὸν
2713 2284 2833 2336 ὅλον
2869 2284 3220 2354 ἐνδεδυμένος
3267 2285 3354 2337 ἐπ’
3389 2285 3571 2338 αὐτῶν
3623 2284 3871 2337 εἵλκετο.
3918 2282 4000 2335 Ἐν

2419 2379 2528 2447 ὅσῳ
2561 2377 2617 2431 δὲ
2649 2377 2881 2431 αὐτόναί
2921 2377 3029 2430 τῶν
3056 2378 3270 2447 δημίων
3302 2381 3479 2448 χεῖρες
3507 2378 3827 2447 πικρότατα
3864 2386 3998 2427 κατα

2427 2473 2537 2524 τῶν
2588 2469 2853 2539 τριϐόλων
2904 2463 3104 2533 εἷλκον,
3144 2470 3171 2521 6
3226 2472 3323 2537 μὲν
3360 2468 3437 2536 τῷ
3472 2468 3660 2535 οἰκείῳ
3700 2468 4001 2535 ἀρδόμενος

2422 2565 2638 2629 αἵματι,
2681 2562 2831 2632 mea:
2866 2562 3064 2628 μᾶλλον
3102 2560 3243 2617 κατὰ
3284 2558 3348 2611 τὰ
3380 2558 3581 2627 εὖγε·δῆ
3649 2558 3764 2610 τῶν
3821 2557 4000 2626 φυτῶν

2424 2658 2516 2707 καὶ
2558 2653 2841 2715 ὰνὲθαλλε,
2873 2653 2966 2703 καὶ
3000 2652 3076 2721 τῷ
3098 2653 3197 2721 τῆς
3226 2651 3462 2713 πίστεως
3494 2651 3698 2720 καρπῷ
3736 2650 3998 2704 ἐπλεόνα-

2424 2747 2533 2809 ζεν.
2569 2744 2626 2797 Ὀ
2659 2744 2713 2796 δὲ
2765 2743 2873 2795 Ποῦ
2923 2745 3069 2796 ἐστὶν
3103 2745 3130 2796 6
3166 2743 3297 2807 Θεὸς
3329 2761 3439 2807 σου,
3473 2743 3774 2815 Γρηγόριε,
3830 2745 3914 2812 ἐφ’
3946 2743 3999 2796 ὃν

2430 2838 2666 2909 ἣλπισας
2696 2855 2709 2904 ;
2745 2835 2979 2889 Ἐλθέτω
3013 2835 3105 2889 νῦν
3143 2838 3235 2889 καὶ
3275 2836 3381 2889 τῶν
3412 2838 3561 2906 ἐμῶν
3618 2853 3681 2888 σε
3747 2834 4000 2906 ῥυσάσθω

2424 2931 2645 3003 χειρῶν.
2685 2929 2745 2983 Ὀ
2780 2929 2879 2999 μὲν
2915 2927 3007 2982 οὖν
3072 2928 3214 2982 οὕτω
3262 2928 3351 2981 διὰ
3388 2929 3576 2980 πασῶν
3613 2927 3790 2977 ἐλθὼν
3832 2944 3999 2995 τιμω·

2430 3024 2560 3095 ριῶν
2594 3024 2690 3075 καὶ
2738 3022 3174 3084 κακώσειιιν,καὶ
3208 3024 3336 3089 ῥᾷον
3402 3016 3642 3084 ἐνεγκὼν
3709 3018 3919 3078 ταύτας
3969 3020 4000 3087 ἢ

2352 3121 2397 3177 c
2428 3114 2528 3176 τὰς
2550 3113 2741 3182 ἡδονὰς
2762 3114 2966 3182 ἕτεροι,
2994 3112 3090 3164 καὶ
3113 3110 3291 3175 πάσας
3311 3099 3563 3179 ἐλέγξας,
3593 3106 3754 3175 αὖθις
3791 3114 3871 3197 τῇ,
3893 3114 4000 3179 tip-

2434 3209 2535 3276 κτῇ
2569 3204 2792 3259 δίδοται.

2502 3297 2576 3353 ΙΔ⁹
2631 3298 2744 3368 Τῆς
2803 3297 2858 3351 δὲ
2897 3297 3164 3368 ἐπιούσης
3223 3299 3559 3369 μετάκλητον
3608 3298 3778 3352 αὐτὸν
3850 3298 4005 3351 πάλιν

2438 3394 2807 3460 ποιησάμενος
2838 3391 3168 3459 Τηριδάτης,
3197 3392 3271 3451 ὡς
3306 3391 3402 3441 σὺν
3435 3391 3717 3459 προθυμία
3752 3394 3847 3443 καὶ
3872 3391 4004 3459 μετᾶ

2440 3484 2690 3551 σώματος
2714 3480 2902 3548 ὑγιοῦς
2934 3483 3298 3548 παραστάντα
3335 3474 3465 3544 εἶδε,
3500 3480 3592 3531 καὶ
3653 3480 3836 3533 ταῦτα
3893 3484 4006 3541 ταῖς

2438 3574 2691 3646 βασάνοις
2722 3573 2870 3642 αὐτῷ
2904 3573 3001 3643 τῆς
3033 3572 3235 3642 σαρκὸς
3282 3571 3797 3650 προαναλωθείσης,
3854 3571 4008 3624 £6.16-

2441 3669 2579 3741 μαζε
2642 3669 2739 3739 μὲν
2802 3666 2888 3737 ἐφ’
2932 3666 3128 3721 ἑαυτοῦ
3174 3668 3264 3720 καὶ
3311 3667 3643 3738 διηπορεῖτο,
3696 3667 3850 3729 ὅπως
3898 3667 4011 3734 ουχὶ

2439 3762 2535 3816 καὶ
2566 3762 2627 3814 τὸ
2660 3763 2922 3814 ἀναπνεῖν
2966 3760 3128 3813 αὐτὸν
3160 3758 3297 3830 μετὰ
3332 3760 3438 3812 τῶν
3483 3759 3705 3829 σαρκῶν
3742 3760 4007 3811 ἐπιλίποι.

2456 3854 2516 3907 ’11
2553 3854 2667 3923 ἔχις
2698 3852 2754 3907 δὲ
2785 3854 2875 3907 τὸν
2910 3854 2987 3905 ίδν
3019 3855 3120 3906 οὐκ
3173 3848 3479 3918 ἁπωθεῖτο,’
3509 3852 3627 3904 οὐδὲ
3654 3853 3687 3920 ἡ
3752 3852 4009 3920 πάρδαλις

2442 3944 2709 3998 ἁπεδύετο
2736 3942 2807 3997 τὰ
2829 3943 3163 4015 ποικίλματα
3186 3959 3199 3973 °
3264 3943 3378 3996 ἀλλ’
3413 3946 3439 3997 6
3469 3942 3630 4004 αὐτὸς
3657 3940 3822 4009 ἔμενε
3850 3942 4014 4008 Τηρι-

2442 4033 2607 4099 δάτης
2642 4033 2744 4096 ἔτι,
2766 4033 2864 4086 καὶ
2890 4033 2988 4104 τὴν
3017 4034 3188 4104 αὐτὴν
3235 4033 3500 4101 ὠμότητα
3539 4031 3616 4100 τῷ
3649 4031 3893 4100 μάρτυρι
3927 4032 4013 4082 καὶ

2447 4125 2548 4193 τὴν
2569 4124 2971 4195 ἀπανθρωπίαν
2999 4125 3210 4193 ἐτήρει.
3246 4123 3405 4176 Οὕτω
3428 4123 3609 4176 τοίνυν
3634 4123 3811 4177 αὐτὸν
3828 4122 4014 4192 ἔχοντα

2447 4217 2597 4283 ἰδὼν,
2626 4215 2746 4270 οὐδὲ
2775 4214 2920 4269 οὕτω
2968 4216 3066 4286 τὴν
3100 4213 3404 4287 μεταϐολὴν
3473 4215 3844 4284 ἀπηγόρευεν,
3905 4215 4000 4267 ἀλλ

2448 4310 2770 4379 ἐφιλονείκει
2807 4311 2834 4363 6
2867 4309 3118 4380 μάταιος,
3145 4307 3412 4380 κρείττων
3431 4305 3687 4373 γενέσθαι
3743 4306 3838 4373 τῆς
3892 4309 4019 4377 ἀητ-

2449 4404 2614 4470 τήτου
2652 4402 2853 4471 ψυχῆς.
2878 4402 3042 4456 Ὀϐεν
3071 4402 3165 4455 καὶ
3219 4403 3443 4472 σιδηρᾶς
3471 4400 3877 4472 περικνημίδας
3910 4403 4017 4463 τοῖς

2453 4491 2745 4564 μακαρίοις
2771 4491 2933 4543 αὑτοῦ
2968 4493 3189 4559 γόνασιν
3239 4492 3514 4561 ἐμϐαλὼν,
3552 4492 3647 4545 καὶ
3678 4492 4015 4560 σ’ξηνίσκοιςδ,

2449 4583 2669 4656 σιδήρου
2704 4584 2798 4636 καὶ
2830 4583 3015 4645 αὐτοῖς
3037 4578 3157 4636 οὖσι
3189 4583 3600 4653 διαπερονήσας
3647 4586 3882 4648 ταύτας,
3933 4587 4019 4638 καὶ

2448 4678 2539 4729 τὸν
2572 4676 2825 4746 μάρτυρα
2876 4676 3184 4746 κρεμάσας,
3212 4675 3290 4737 είς
3320 4677 3471 4744 τρεῖς
3497 4674 3625 4735 ὅλας
3663 4676 3879 4744 ἡμέρας
3934 4692 4021 4745 pt-

2449 4768 2655 4837 τέωρον
2684 4768 2841 4820 αὐτὸν
2868 4763 3033 4838 εἶχεν.
3076 4767 3136 4820 '0
3158 4766 3215 4820 δὲ
3243 4767 3499 4820 τοσοῦτον
3550 4768 3746 4836 ἀπεῖχε
3785 4764 3884 4819 τοῦ
3920 4767 4018 4816 τῶν

2452 4861 2693 4930 ἀγεννῶν
2718 4877 2770 4913 τι
2814 4862 2949 4928 πρὸς
2981 4861 3078 4930 τὴν
3114 4858 3370 4929 τοιαύτην
3403 4860 3596 4911 παθεῖν
3647 4859 3947 4931 emaculet
3989 4859 4018 4928 ἢ

2452 4954 2545 5005 καὶ
2578 4951 2935 5019 φθέγξασθαι.
2964 4952 3073 5020 ὅσῳ
3106 4950 3199 5002 καὶ
3252 4949 3559 5019 καταγελᾷν
3631 4950 3797 5020 ἐῴκει
3849 4950 4021 5002 αὐτῶν

2453 5060 2511 5095 τε
2541 5044 2922 5111 τῶνβαπάνων
2951 5043 3043 5095 καὶ
3075 5042 3182 5095 τῶν
3210 5042 3528 5109 ἐπαγόντων
3556 5040 3744 5106 αὑτάς,
3779 5043 3829 5092 εί
3862 5041 4023 5093 τοιού·

2455 5152 2563 5199 τοις
2589 5136 2822 5205 ἠλπισαν
2845 5136 2941 5204 τὴν
2971 5134 3181 5187 ἐκείνου
3244 5136 3579 5205 στερρότητα
3630 5138 3985 5200 μεταπείσειν
4006 5151 4019 5164 ο

2460 5227 2808 5297 Κρεμαμένῳ
2838 5227 3013 5279 τοίνυν
3031 5226 3107 5295 τῷ
3126 5226 3377 5297 γενναίῳ,
3399 5222 3565 5279 Οὔπω
3595 5225 3789 5296 ᾔσθου,
3822 5225 4024 5295 Γρηγόο

2462 5337 2563 5386 ριε,
2590 5320 2723 5389 φησὶ
2766 5318 3095 5388 Τηριδάτης,
3135 5319 3311 5388 μάτην
3337 5319 3430 5369 ἐπὶ
3460 5317 3537 5385 τῷ
3570 5317 3648 5387 σῷ
3680 5317 3804 5385 Θεῷ
3844 5334 4024 5369 πεποι-

2462 5410 2603 5473 οώς;
2634 5410 2666 5478 ἢ
2704 5408 2837 5461 ἀλλὰ
2867 5408 3041 5471 δεῖξον
3066 5410 3195 5478 ἡμῖν
3223 5410 3331 5460 είτι
3365 5408 3602 5475 χρηστὸν
3634 5408 3732 5475 τῆς
3753 5407 3843 5457 ἐπ’
3875 5407 4026 5459 αὐτὸν

2463 5499 2672 5561 ἐλπίδος
2700 5498 3030 5560 ὰπέλαυσας.
3072 5496 3133 5550 '0
3154 5498 3210 5548 δὲ
3239 5513 3250 5525 ’
3284 5498 3526 5560 Μάταιος
3549 5496 3713 5558 αὐτὸς
3756 5492 3831 5560 εἴ,
3880 5496 4026 5553 εὐθὺς

2464 5593 2819 5659 ἁπεκρίνατο.
2855 5591 2950 5642 καῖ
2983 5590 3128 5657 πέρα
3182 5590 3276 5644 καὶ
3307 5590 3479 5656 αὐτῆς
3520 5588 3890 5658 ματαιότητος
3945 5587 4025 5638 καὶ

2464 5684 2718 5746 ἀπονοίας
2740 5684 2806 5734 τὰ
2835 5684 2903 5736 σὰ
2934 5685 3107 5753 κρῖμα
3142 5682 3379 5753 χαλεπὸν
3409 5680 3551 5735 οὕτω
3588 5682 3729 5734 κατᾶ
3764 5682 3866 5734 σοῦ
3921 5683 4027 5731 ἑπι-

2467 5777 2721 5847 φέροντα,
2764 5777 2855 5831 καὶ
2886 5775 2942 5829 τὸ
2971 5774 3067 5845 τῆς
3101 5775 3323 5845 γεέννης
3361 5775 3497 5827 κατὰ
3528 5775 3622 5846 τῆς
3658 5775 3753 5843 σῇς
3792 5770 4025 5840 κεφαλῆς
