4154 6318
164 366 251 431 961
1096 367 1273 426 νιτΑ
1318 366 1380 425 S.
1419 360 1745 423 GREGORI

1850 361 2480 426 ILLUMINATORIS.
3303 369 3409 431 962

164 481 551 554 ἑπισωρεύοντα
583 479 716 552 πῦρ.
766 479 905 548 Ἐγὼ
930 480 984 533 δὲ
1022 481 1257 532 πέποιθα
1289 480 1385 531 ἐπὶ
1425 476 1501 547 τῷ
1535 476 1725 547 Κυρίῳ

1850 476 1931 529 ·ἱε.
1985 476 2095 546 Ego
2141 484 2323 530 autem
2374 477 2589 531 conﬁdo
2649 477 2699 531 in
2748 476 2975 535 Domino
3023 496 3168 547 meo,
3201 490 3290 554 qui
3328 500 3415 541 est

170 575 364 646 μον,ὂς
398 574 753 644 άντιλήπτωρ
788 591 890 644 μου
943 573 1063 625 ἐστὶ
1112 574 1205 626 καὶ
1251 571 1547 642 καταφυγή
1594 586 1717 640 μου,

1850 586 1981 625 neus
2030 572 2305 635 defensor,
2340 580 2393 626 et
2446 574 2711 643 refugium
2761 590 2940 629 meum
2987 587 3087 631 :ct
3129 580 3180 632 in
3230 581 3407 649 ipsum

165 669 249 722 καὶ
275 666 355 720 ἐπ’
386 666 536 737 αύτῴ
561 667 787 736 ἤλπισα.
821 666 942 719 Τῶν
971 666 1028 719 δὲ
1057 667 1207 737 παρὰ
1241 664 1337 719 σοῦ
1372 683 1461 735 μοι
1490 668 1719 719 διασπα-

1854 663 2059 733 peravi.
2118 662 2251 729 Qua:
2305 675 2489 718 autem
2530 666 2663 719 milii
2699 682 2729 720 a
2778 678 2828 721 te
2872 668 3151 726 laniantur
3194 688 3410 740 carnes,

170 760 505 830 ρασσομένων
530 759 753 829 σαρκῶν
814 758 970 826 ὀλίγη
994 757 1235 827 φροντίς.
1272 758 1425 827 Ὂσῳ
1467 758 1575 827 γάρ
1630 756 1726 809 τὸν

1850 770 2015 807 rarum
2067 765 2195 808 sunt
2252 756 2382 809 mihi
2426 773 2595 811 curre.
2632 756 2907 823 Quantum
2949 764 3092 816 enim
3152 774 3415 819 externus

168 854 262 919 ῑξω
281 851 429 919 ήμῶν
458 849 782 919 φθείρεσθαι
831 849 1137 917 ἄνθρωπον,
1171 850 1411 918 τοσούτῳ
1464 850 1552 901 τὸν
1588 848 1724 901 Eam-

1850 856 2016 900 ioster
2054 849 2425 917 corrumpitur
2470 850 2654 917 homo,
2685 860 2893 905 tantum
2937 854 3213 909 internum
3252 872 3416 910 reno-

171 943 253 995 θεν
292 942 738 1007 ἀνακαινοῦσθαι,
776 942 869 994 καὶ
914 940 1283 1011 διδασκόμεθα
1332 941 1424 993 καὶ
1465 940 1723 993 πιστεύο-

1850 934 1944 987 rari
1980 943 2033 988 et
2064 937 2363 989 docemur’
2385 948 2439 991 et
2478 941 2778 994 credimus.

171 1053 279 1106 μεν.

238 1131 328 1183 Il-L'.
373 1128 556 1200 Θυμὺς
599 1128 690 1181 ἐπὶ
734 1126 944 1191 τούτοις
998 1127 1269 1197 λαμϐάνει
1318 1124 1407 1177 τὸν
1464 1121 1723 1193 βασιλέα,

1901 1114 2016 1171 XV.
2056 1118 2129 1170 Ex
2164 1117 2249 1171 his
2302 1118 2377 1172 ira
2415 1119 2638 1174 incessit
2695 1137 2903 1191 regem,
2938 1133 2993 1178 et
3023 1126 3221 1181 acerbe
3268 1144 3415 1183 mar-

168 1226 258 1278 καὶ
278 1223 465 1293 πικρὸν
490 1221 567 1291 τῷ
584 1222 822 1291 μάρτυρι
848 1221 1035 1273 ἐνιδὼν
1052 1235 1065 1250 ·
1100 1218 1339 1289 Ἐπειδὴ,
1358 1218 1511 1287 φησὶ,
1533 1216 1596 1269 σὺ
1628 1216 1727 1284 μὲν

1853 1223 1999 1277 yrem
2029 1208 2283 1263 intuens:
2306 1210 2598 1275 Quoniam,
2621 1212 2814 1281 inquit,
2837 1223 2891 1266 tu
2917 1216 3136 1283 quidem
3156 1219 3336 1272 dixisti
3364 1229 3416 1273 te

169 1310 606 1372 άνακαινίζεσθαι
635 1304 815 1373 εἶπας,
867 1311 1016 1379 ἡμᾶς
1046 1309 1102 1361 δὲ
1136 1310 1268 1378 πυρὶ
1293 1308 1545 1377 ἀσϐέστῳ
1576 1305 1730 1375 δοθή-

1850 1300 2105 1363 ἐιιονοτῖ,
2141 1316 2240 1354 nos
2263 1306 2442 1356 autem
2469 1304 2707 1358 minatus
2739 1320 2797 1358 es
2830 1321 2952 1359 esse
2972 1308 3266 1363 tradendos
3306 1309 3413 1379 igni

180 1408 362 1458 σεσθαι
392 1403 696 1473 ηπειλήσω,
727 1401 843 1454 ἀλλ’
870 1400 982 1469 ἐγώ
1006 1417 1067 1453 σε
1094 1401 1233 1461 τέως
1271 1398 1349 1469 τῷ
1382 1396 1731 1466 σϐεννυμὲνῳ

1850 1394 1923 1464 ιιιί
1964 1409 2073 1447 non
2108 1404 2288 1463 potest
2332 1397 2627 1466 exstingui,
2659 1411 2760 1466 ego
2789 1399 3011 1453 interim
3056 1401 3181 1465 hoc,
3208 1402 3298 1471 qui
3328 1418 3417 1455 ex-

165 1504 331 1567 τούτῳ
390 1495 587 1560 διδάξω
640 1493 717 1565 μὴ
777 1492 921 1545 οὕτω
982 1493 1237 1562 φανερῶς
1303 1489 1398 1543 τοῦ
1457 1489 1731 1560 ἡμετέρου

1850 1488 2154 1557 ninguitur,
2192 1500 2243 1544 te
2293 1488 2520 1554 docebo,
2552 1506 2621 1544 ne
2664 1493 2739 1545 sis
2778 1502 2882 1545 tam
2934 1503 3122 1563 aperte
3176 1495 3420 1553 insolens

167 1592 392 1661 κράτους
448 1586 1003 1651 καταυθαδιάζεσθαι.
1047 1586 1159 1639 Καὶ
1227 1585 1423 1637 αὐτίκα
1471 1581 1735 1651 μόλυϐδον

1857 1595 1891 1633 n
1922 1590 2165 1634 nostram
2197 1580 2518 1651 potentiam.
2556 1581 2619 1635 Et
2652 1584 2901 1651 protinus
2930 1585 3089 1654 jubet
3132 1586 3417 1655 plumbum

167 1675 371 1736 κελεύει
396 1680 584 1751 λέϐητι
611 1679 957 1750 ἐμϐληθέντα
999 1676 1235 1747 ἰσχυρῶς
1261 1691 1317 1727 τε
1346 1674 1487 1741 ἄγαν
1520 1673 1735 1740 παφλά-

1850 1688 1891 1725 in
1919 1673 2150 1727 lebetem
2198 1674 2484 1744 injectum,
2519 1675 2675 1730 valde
2709 1676 2924 1730 incendi
2955 1694 3017 1731 ac
3048 1678 3336 1748 liqueﬁeri,
3364 1689 3420 1736 et

170 1793 277 1841 σαι,
326 1779 421 1829 καὶ
457 1776 580 1828 ὅλου
610 1771 987 1841 καταχυθῆναι
1033 1768 1126 1822 τοῦ
1176 1770 1473 1837 μάρτυρος.
1520 1766 1593 1820 Τδ
1628 1764 1727 1833 μὲν

1850 1772 2011 1818 totum
2057 1765 2112 1819 in
2145 1776 2438 1837 martyrem
2486 1767 2655 1835 injici.
2709 1769 2887 1837 Atque
2936 1769 3038 1824 hoc
3085 1770 3304 1838 quidem
3342 1776 3420 1826 sic

166 1868 231 1938 δὴ
264 1867 333 1929 ὡς
366 1867 617 1918 ἐκέλευσε
646 1864 890 1931 γέγονεν.
933 1861 991 1912 '0
1024 1858 1078 1911 δὲ
1102 1857 1273 1920 οὓτως
1298 1853 1412 1927 εἶχε
1447 1856 1731 1924 γενναίως,

1850 1856 2041 1911 factum
2085 1867 2189 1924 est,
2244 1869 2302 1913 ut
2335 1859 2518 1929 jussit.
2564 1859 2656 1915 Ille
2703 1870 2884 1916 autem
2931 1877 3041 1915 non
3092 1864 3275 1917 minus
3316 1862 3422 1918 fuit

167 1959 351 2026 ῶσπερ
412 1955 604 2018 ὓδατος
651 1954 800 2024 αύτῷ
869 1950 1084 2022 ψυχροῦ
1139 1950 1572 2019 καταχεομένου.
1628 1948 1735 1999 Καὶ

1850 1948 1963 2003 forti
2006 1958 2063 2003 et
2109 1966 2375 2020 generoso
2423 1954 2630 2016 animo,
2678 1970 2840 2023 quam
2895 1956 2941 2009 si
2985 1972 3125 2026 aqua
3192 1959 3244 2011 in
3294 1974 3418 2012 eum

165 2050 321 2103 τοῦτο
359 2049 536 2118 δῆλον,
601 2046 660 2111 ἐξ
704 2042 777 2100 ὧν
812 2046 1177 2116 φανερώτατα
1224 2043 1322 2113 μὲν
1366 2041 1467 2113 τὴν
1516 2041 1729 2093 ἐκείνου

165 2143 359 2214 ηλεγχε
404 2142 612 2212 πλάνην
642 2142 775 2212 παρ’
801 2141 967 2194 αὐτὸν
1004 2140 1093 2193 τὸν
1114 2139 1213 2208 τῆς
1248 2138 1482 2208 βασάνου
1522 2138 1734 2205 καιρόν·

166 2237 739 2308 πεπαρῤησιασμένως
798 2235 853 2286 δὲ
882 2235 995 2295 τοῖς
1026 2231 1264 2302 παροῦσι
1292 2234 1384 2285 τὸν
1434 2230 1532 2299 τῆς
1580 2230 1740 2281 εὐσε-

167 2326 324 2393 δείας
354 2329 607 2380 ὑπέτεινε
640 2325 798 2393 λόγον
825 2339 840 2354 ο
893 2318 974 2385 οἷς
1005 2323 1067 2390 δή
1107 2339 1207 2374 που
1240 2324 1331 2373 καὶ
1361 2322 1741 2391 ύττερεκπλητ⁴

165 2419 387 2488 τόμενος
411 2420 440 2470 ό
492 2416 799 2485 Ἀρμένιος,
831 2413 1163 2476 ἐσπούδαζεν
1201 2414 1264 2464 ὲκ
1302 2409 1505 2474 παντὸς
1534 2413 1741 2480 τρόπου

167 2510 431 2580 κερδῆσαι
476 2509 571 2560 τὸν
614 2506 818 2578 ἄνδρα,
878 2507 970 2559 καὶ
1006 2508 1054 2557 εί
1097 2504 1288 2556 τούτου
1340 2503 1627 2571 ἀποτύχοι,
1670 2502 1739 2554 τά

167 2602 370 2671 ἔσχατα
389 2598 733 2671 ζημιωθῆναι
755 2598 814 2651 τὸ
857 2596 1137 2669 ελληνικον
1156 2594 1310 2666 ᾣετο.
1347 2593 1740 2647 ’Υλοσκελίσαι

167 2695 351 2746 τοίνυν
416 2694 580 2755 αὐτὸς
652 2691 981 2762 βουλόμενος
1055 2691 1150 2743 καὶ
1211 2689 1308 2759 τῆς
1384 2688 1742 2758 στερρότητος

168 2787 391 2855 ἐκείνης
423 2785 642 2853 καὶτῆς
681 2782 991 2852 προθυμίας
1034 2781 1283 2845 ἐλκῦσαι,
1329 2779 1647 2844 κολακείαις
1683 2795 1744 2831 τε

168 2877 337 2932 αὐτὸν
368 2875 711 2943 ὑποδραμεῖν
768 2874 1123 2942 διεσκέψατο,
1176 2872 1274 2924 καὶ
1330 2871 1587 2935 πλούτου,
1650 2872 1746 2923 καὶ

167 2971 377 3044 ἡδονῶν
411 3009 426 3035 ,
458 2971 553 3022 κα.)⁹
589 2968 782 3038 τιμῆς,
841 2970 935 3021 καὶ
972 2966 1195 3035 ἀγαθῶν
1232 2966 1341 3020 τῶν
1386 2966 1561 3020 ἄλλων
1598 2966 1745 3016 ὑπο-

170 3066 391 3135 σχέσεσι
419 3062 692 3116 δελεάσαι.
732 3062 891 3115 Ἀλλὰ
929 3058 1132 3130 μεταξύ
1163 3077 1245 3122 τις
1274 3061 1385 3112 τῶν
1411 3056 1742 3126 σατραπῶν·

1840 2041 2237 2095 eﬂunderetur.
2270 2041 2382 2097 Hoc
2430 2053 2613 2098 autem
2667 2046 2770 2099 fuit
2799 2062 2861 2101 ex
2889 2064 2954 2102 eo
2984 2050 3229 2113 evidens,
3272 2050 3418 2120 quod

1841 2131 1958 2201 ipse
1988 2132 2332 2201 apertissime
2359 2135 2576 2203 quidem
2609 2136 2755 2191 illius
2790 2140 3046 2209 arguebat
3087 2156 3330 2196 errorem
3363 2143 3419 2198 in

1843 2224 1962 2295 ipso
1995 2236 2239 2296 tempore
2263 2230 2517 2283 tormenti
2552 2250 2564 2284 :
2590 2230 2759 2285 libere
2790 2242 2972 2287 autem
3001 2243 3056 2288 et
3082 2235 3423 2290 conﬁdenter

1849 2316 1915 2371 iis
1942 2318 2036 2386 qui
2079 2319 2307 2374 aderant
2349 2322 2669 2391 suggerebat
2696 2326 2919 2378 verbum
2953 2327 3190 2395 pietatis.
3213 2327 3423 2394 Quibus

1843 2410 2062 2478 quidem
2096 2413 2402 2467 mirandum
2437 2416 2489 2466 in
2524 2414 2740 2469 modum
2789 2418 3204 2487 obstupefactus
3231 2424 3420 2475 Arme-

1844 2502 1987 2563 nius,
2026 2505 2276 2559 studebat
2300 2522 2423 2560 eum
2446 2510 2668 2562 omnino
2696 2510 3050 2578 lucrifacere;
3088 2528 3211 2565 nam
3242 2514 3287 2567 si
3317 2514 3420 2567 hoc

1843 2610 1952 2647 non
2014 2605 2197 2663 posset
2247 2601 2488 2667 assequi,
2523 2602 2749 2668 putabat
2810 2606 3050 2670 gentium
3104 2604 3418 2674 religionem

1844 2703 2101 2754 magnum
2153 2704 2273 2744 esse
2320 2691 2576 2745 damnum
2627 2703 2995 2763 accepturam.
3035 2696 3234 2751 Volens
3291 2713 3422 2767 ergo

1846 2796 1970 2836 eum
2006 2783 2376 2851 supplantare,
2405 2793 2460 2838 et
2489 2784 2760 2839 abducere
2805 2786 2872 2840 ab
2906 2787 2992 2840 illa
3022 2787 3336 2842 inﬁrmitate
3366 2799 3424 2844 et

1847 2878 2175 2941 constantia,
2206 2887 2565 2947 promptoque
2607 2888 2659 2932 et
2698 2879 2861 2933 alacri
2899 2881 3064 2935 animi
3094 2883 3295 2943 studio,
3325 2897 3421 2936 co-

1849 2963 2040 3033 gitavit
2069 2976 2193 3017 eum
2228 2966 2483 3033 pellicere
2527 2968 2807 3022 blanditiis
2843 2978 2897 3022 et
2934 2972 3419 3034 assentationibus,

1852 3058 2295 3129 divitiarumque,
2322 3060 2683 3130 voluptatum,
2722 3062 2945 3117 honoris
2975 3071 3030 3118 et
3067 3064 3295 3118 aliorum
3327 3067 3424 3119 bo-

165 3158 270 3211 ούκ
316 3155 496 3218 ἔξεστι
527 3153 626 3226 ζῇν
653 3156 816 3206 αὑτὸν
846 3153 967 3205 οὐδὲ
992 3153 1203 3204 τουτονὶ
1222 3151 1314 3203 τὸν
1339 3149 1491 3218 ἥλιον
1520 3147 1673 3216 ὁρᾷν,
1702 3144 1745 3199 ὢ

1851 3165 2046 3203 norum
2080 3151 2367 3218 promissis
2402 3152 2669 3207 ineseare.
2719 3152 2824 3207 Sed
2867 3156 3080 3209 interim
3110 3157 3326 3223 quidam
3358 3173 3423 3213 ex

167 3244 427 3318 βασιλεῦ,
481 3245 715 3315 λαμπρᾷ
755 3244 851 3297 καὶ
904 3241 1249 3309 γεγωνοτέρᾳ
1293 3241 1359 3308 τῇ
1411 3239 1562 3307 φωνῇ
1608 3240 1742 3291 ἀνα-

166 3340 499 3412 φθέγγεται,
535 3339 699 3390 παῖδα
741 3336 869 3387 ὄντα
899 3334 991 3386 τοῦ
1027 3333 1242 3403 Πάρθου
1282 3332 1469 3393 ’Δνὰκ,
1501 3330 1559 3392 ὃς
1606 3330 1742 3400 δόλῳ

162 3448 224 3485 τε
258 3431 355 3482 τὸν
415 3432 506 3481 σὸν
538 3428 763 3498 πατέρα
798 3422 1068 3496 Κουσαρὼ
1108 3424 1307 3486 ἀνεῖλε,
1352 3425 1448 3476 καὶ
1480 3421 1559 3493 τῷ
1604 3422 1747 3491 Περ-

165 3526 282 3578 σῶν
332 3525 579 3594 τυράννῳ
624 3523 975 3593 αἰχμάλωτον
1002 3521 1179 3575 πᾶσαν
1223 3519 1597 3589 κατεστήσατο
1649 3516 1746 3587 τὴν

176 3616 502 3685 Ἀρμενίαν.

241 3712 365 3778 ις’.
414 3708 632 3763 Τούτων
670 3705 985 3760 ἀκούσαντα
1056 3701 1369 3772 Τηριδάτην
1416 3699 1644 3769 σφοδρός
1684 3714 1745 3750 τε

163 3805 318 3873 ὑπὲρ
365 3802 460 3855 τοῦ
491 3802 700 3866 πατρὸς
730 3796 908 3849 εἱσέδυ
957 3794 1117 3862 ζῆλος
1145 3810 1159 3825 ο
1197 3796 1288 3846 καὶ
1316 3792 1479 3858 εὐθὺς
1525 3793 1747 3846 πάντων

159 3896 244 3951 ὧν
282 3894 372 3963 ἐφ’
397 3892 592 3946 ἑαυτοῦ
634 3892 922 3943 ἐσκοπεῖτο
958 3888 1130 3959 λήθην
1171 3887 1259 3940 διὰ
1284 3886 1345 3939 τὸ
1377 3887 1629 3958 πατρῷον
1661 3880 1746 3940 ai-

161 4008 248 4060 μα
294 3984 500 4050 λαϐὼν,
561 3983 774 4037 κελεύει
826 3981 1048 4035 δεθέντα
1100 3979 1191 4033 τὸν
1237 3978 1414 4046 ἅγιον,
1476 3977 1749 4049 τράχηλον

160 4082 267 4135 καὶ
300 4079 487 4149 χεῖρας
517 4078 634 4147 ἅμα
661 4074 758 4128 καὶ
802 4074 967 4136 πόδας
996 4071 1074 4140 τῷ
1122 4069 1274 4139 παρὰ
1319 4072 1387 4138 τῇ
1426 4070 1579 4119 πόλει
1624 4068 1752 4137 Ἀρ-

157 4173 314 4243 ταξᾷ
372 4173 562 4242 λάκκῳ
613 4170 857 4240 δοθῆναι.
908 4167 968 4219 ⁸0
1015 4164 1072 4217 δὲ
1116 4158 1185 4234 ἦν
1234 4164 1262 4213 ὁ
1314 4159 1519 4223 λάκκος
1572 4154 1749 4225 οὗτος,

160 4266 419 4335 πρᾶγμα
458 4266 554 4317 καὶ
587 4261 823 4316 ἀκοῦσαι
869 4256 1038 4326 φόϐου
1080 4251 1299 4325 μεστὸν,
1343 4251 1584 4322 σεσηπδς
1624 4251 1751 4322 βόρ-

158 4357 336 4426 ϐορος
389 4354 461 4408 τὰ
505 4354 674 4419 ἔνδον,
717 4350 812 4404 καὶ
864 4348 1061 4402 ίοϐόλοι
1110 4346 1261 4413 ὄφεις
1310 4345 1404 4398 καὶ
1451 4342 1751 4411 σκώληκες,

159 4450 285 4503 καὶ.
305 4448 531 4503 πάντων
585 4447 685 4499 ὅσα
744 4445 885 4498 κατὰ
952 4443 1053 4511 γῆς
1107 4439 1291 4509 ἕρπει,
1354 4435 1632 4504 διατριϐὴ,
1687 4437 1751 4486 ὲκ

1849 3250 2082 3307 satrapis
2114 3256 2131 3295 :
2162 3238 2279 3293 Non
2334 3242 2462 3295 licet
2508 3244 2556 3295 ei
2605 3245 2803 3305 vivere,
2853 3260 3028 3313 neque
3074 3247 3217 3299 hunc
3252 3247 3419 3303 solem

1846 3335 2115 3402 aspicere,
2149 3349 2183 3388 ο
2239 3348 2355 3396 rex,
2393 3333 2536 3386 clara
2577 3343 2631 3386 et
2676 3333 2781 3387 a'lta
2825 3350 2954 3389 voce
2986 3336 3246 3406 loquitur,
3294 3352 3421 3396 cum

1849 3428 1918 3481 slt
1947 3426 2087 3480 ﬁlius
2141 3426 2321 3480 Parthi
2359 3427 2527 3484 Anac.
2559 3429 2654 3496 qui
2697 3426 2821 3480 dolo
2855 3440 3062 3497 patrem
3096 3439 3246 3482 tuum
3289 3429 3425 3486 Cur-

1848 3533 1969 3571 saro
1999 3518 2285 3579 interfecit,
2320 3528 2371 3569 et
2400 3518 2687 3571 Persarum
2714 3530 2941 3590 tyranno
2959 3528 3120 3573 totam
3156 3520 3421 3589 captivam

1850 3607 2081 3663 reddidit
2108 3609 2443 3662 Armeniam.

1920 3701 2062 3757 XVI.
2087 3703 2211 3760 Haec
2242 3719 2364 3757 cum
2398 3704 2654 3757 audiisset
2677 3702 2978 3769 Teridates,
3004 3721 3126 3758 eum
3157 3722 3253 3774 pro
3274 3716 3425 3774 patre

1852 3798 2018 3853 subiit
2073 3798 2367 3851 vehemens
2412 3799 2608 3850 zelus:
2646 3806 2699 3850 et
2762 3797 2940 3852 statim
3001 3798 3274 3857 omnium.
3304 3813 3426 3867 qua:

1851 3889 1996 3958 apud
2034 3903 2092 3941 se
2125 3886 2413 3955 cogitabat,
2453 3902 2574 3937 eum
2622 3887 2787 3953 cmpit
2830 3883 3029 3939 oblivio
3067 3897 3286 3957 propter
3333 3905 3428 3957 pa-

1853 3989 2067 4035 ternum
2097 3979 2441 4048 sanguinem.
2491 3973 2654 4031 lubet
2682 3985 2863 4031 autem
2917 3988 3165 4031 sanctum
3198 3980 3421 4048 ligatum

1852 4071 2014 4135 collo,
2046 4071 2207 4125 simul
2241 4080 2296 4125 et
2324 4070 2576 4124 manibus
2599 4078 2654 4123 et
2687 4070 2940 4138 pedibus,
2962 4070 3120 4140 dejici
3144 4072 3194 4124 in
3223 4071 3423 4135 lacum,

1853 4164 2055 4235 quiest
2093 4164 2144 4215 in
2193 4162 2408 4215 civitate
2460 4162 2705 4215 Artaxat.
2742 4161 2871 4215 Erat
2920 4174 3101 4215 autem
3142 4164 3229 4218 hic
3276 4164 3429 4218 lacus

1856 4271 1944 4311 res
1970 4254 2055 4309 vel
2085 4254 2201 4309 solo
2240 4254 2429 4308 auditu
2474 4254 2733 4308 terribilis
2765 4271 2779 4310 :
2814 4254 3177 4324 putrefactum
3206 4271 3424 4311 caenum

1857 4346 2477 4409 habebat‘intrinsecus,
2503 4356 2558 4399 et
2588 4355 2887 4400 venenatos
2917 4356 3198 4414 serpentes
3226 4356 3281 4400 et
3309 4362 3428 4399 ver-

1858 4455 1992 4505 mes,
2019 4449 2073 4494 et
2108 4448 2223 4493 erat
2250 4437 2619 4492 habitaculum
2666 4437 2907 4492 omnium
2960 4452 3080 4507 quae
3106 4449 3335 4506 serpunt
3367 4437 3423 4493 in

159 4541 382 4596 πολλοῦ
415 4544 529 4600 τοῖς
562 4537 874 4606 Ἀρμενίοις
906 4503 984 4596 είς
1010 4503 1283 4585 ⁷ἐπίνοιαν
1318 4503 1559 4597 φοϐερᾶς
1587 4526 1745 4579 κολά-

1858 4536 2035 4599 terris,
2069 4533 2176 4601 iam
2211 4532 2339 4588 olim
2375 4535 2443 4589 ab
2470 4530 2744 4587 Armeniis
2767 4530 2998 4586 effossus
3021 4530 3087 4584 ad
3117 4532 3428 4598 eergitan-

162 4651 321 4697 οεως
346 4626 811 4702 διορωρυγμένος,
862 4622 953 4676 καὶ
987 4620 1204 4684 οὐδενὸς
1246 4617 1356 4688 πρὸ
1393 4616 1489 4668 τοῦ
1531 4616 1752 4667 πώποτε

156 4731 285 4783 τῶν
313 4730 375 4780 ὲν
414 4723 565 4794 αύτῷ
608 4722 939 4792 βληθέντων,
980 4716 1078 4786 οὺχ
1125 4714 1275 4776 ὅπως
1318 4711 1419 4764 οὐκ
1462 4706 1752 4767 ἀναδύντος

156 4819 416 4883 ικεῖθεν,
449 4815 564 4870 ἀλλ’
612 4814 737 4868 οὐδὲ
788 4814 869 4874 είς
919 4795 1141 4879 ’ἡμέραν
1200 4806 1331 4874 ὅλην
1394 4803 1749 4873 άρκέσαντος.

155 4915 265 4985 Τῷ
295 4912 529 4980 τοιούτῳ
557 4908 737 4961 τοίνυν
762 4905 954 4973 λάκκῳ
987 4900 1125 4972 μετὰ
1154 4900 1251 4962 τὰς
1281 4896 1490 4958 πολλάς
1526 4892 1645 4985 ἐκεί
1656 4907 1751 4954 νας

152 4984 265 5062 καί
298 5001 755 5071 ἀνυπερϐλήτους
794 4994 1004 5063 κατάγε
1042 4992 1133 5044 τὸν
1183 4993 1281 5060 τῆς
1337 4987 1538 5048 κακίας
1590 4984 1748 5051 λόγον

150 5070 547 5158 ὲπιϐουλὰςίὸ
606 5092 749 5164 ἱερὸς
806 5086 1197 5159 ἐναπορῤιφεὶς
1264 5081 1587 5150 Γρηγόριος,
1654 5076 1749 5128 ἐπὶ

148 5184 455 5261 τέσσαρας
482 5190 635 5252 ὅλους
667 5186 802 5259 πρὸς
832 5188 944 5247 τοῖς
978 5186 1108 5237 δέκα
1140 5182 1366 5253 χρόνους
1396 5179 1463 5248 τῇ
1494 5173 1748 5229 ἐντεῦθεν

150 5286 553 5355 ἐπολιορκεῖτο
590 5282 855 5337 κακώσει.
896 5277 1035 5346 ιὐνὴ
1070 5276 1125 5327 δέ
1164 5291 1246 5338 τις
1301 5273 1537 5339 συζύγου
1586 5282 1750 5336 κεχη-

151 5378 428 5451 ρωμὲνη,
458 5376 609 5448 παρὰ
646 5376 723 5445 τῷ
758 5370 992 5445 Ἀρταξᾷ
1026 5368 1271 5441 φρουρίῳ
1297 5365 1543 5429 οἰκοῦσα,
1570 5362 1745 5430 ὅψεως

147 5474 310 5541 αὐτῇ
377 5472 530 5534 θείας
573 5471 707 5540 ὄναρ
778 5468 1163 5535 ἐπιφανείσης,
1221 5463 1387 5533 ἄρτου
1448 5478 1499 5512 τι
1544 5457 1747 5529 τρύφος

147 5569 417 5634 ἑκάστης
456 5565 670 5633 ἡμέρας
702 5562 782 5622 είς
815 5564 908 5613 τὸν
937 5561 1141 5613 λάκκον
1176 5554 1353 5623 ἠφίει·
1402 5553 1540 5618 ὅπερ
1569 5548 1745 5617 τροφὴ

146 5658 243 5727 τῷ
352 5655 614 5723 μακαρίῳ
692 5652 995 5722 γινόμενον,
1062 5645 1402 5716 ἀνελάμϐανε
1474 5658 1531 5694 τε
1601 5639 1747 5710 αὐτῴ

233 5842 257 5871 ⁸
291 5840 333 5895 ll
370 5837 492 5893 Cur.
550 5839 785 5896 unde.

1855 4627 1983 4681 dum
2050 4623 2293 4680 terribile
2339 4622 2691 4692 supplicium.
2734 4619 3078 4689 Quapropter
3129 4633 3193 4672 ex
3238 4620 3304 4672 iis
3333 4618 3425 4687 qui

1854 4720 1906 4774 in
1939 4734 2064 4773 eum
2106 4728 2266 4771 antea
2306 4714 2492 4783 injecti
2532 4712 2769 4778 fuerant,
2798 4727 2905 4765 non
2940 4711 3100 4766 modo
3139 4724 3245 4765 non
3278 4711 3427 4765 illine

1854 4810 1995 4864 ullus
2048 4808 2290 4869 emersit,
2320 4804 2414 4860 sed
2446 4820 2548 4861 nec
2582 4813 2695 4859 toto
2736 4803 2958 4873 quidem
2989 4802 3076 4856 die
3104 4802 3303 4857 durare
3333 4816 3427 4871 p0-

1855 4902 1975 4957 tuit.
2005 4900 2060 4954 ln
2090 4900 2234 4953 hunc
2267 4912 2394 4968 ergo
2426 4896 2622 4961 lacum,
2652 4904 2777 4965 post
2812 4895 3012 4948 multos
3037 4893 3154 4946 illos
3186 4901 3242 4946 et
3274 4892 3427 4945 insu-

1858 4991 2147 5063 perabiles,
2166 4990 2310 5059 quod
2327 4988 2521 5042 attinet
2537 4987 2603 5039 ad
2621 4986 2735 5038 vitii
2756 4984 3042 5047 rationem,
3067 4982 3323 5047 insultus,
3343 4995 3428 5032 sa-

1854 5093 2169 5143 crosanctus
2184 5077 2737 5151 injectusGregorius,
2753 5074 3161 5145 quatuor-decim
3179 5079 3317 5125 totos
3330 5085 3427 5123 an-

1855 5193 1956 5233 nos
1973 5178 2156 5237 nimia,
2173 5189 2292 5243 quae
2316 5172 2463 5226 ilhnc
2490 5171 2788 5228 oriebatur,
2822 5165 3171 5221 obsidebatur
3187 5160 3426 5215 afﬂictio-

1854 5271 2205 5337 ne.Qumdam
2229 5276 2410 5322 autem
2427 5267 2618 5318 mulier
2637 5264 2850 5316 viduata
2870 5262 3251 5328 conjuge,quae
3266 5258 3424 5312 habi-

1858 5365 2005 5418 tabat
2039 5362 2091 5413 in
2133 5362 2384 5430 praesidio
2411 5359 2655 5415 Artaxat.
2676 5368 2797 5409 cum
2830 5355 2877 5408 ei
2902 5350 3242 5422 apparuisset
3265 5352 3422 5417 visio,

1855 5454 2069 5523 aliquod
2107 5426 2335 5506 frustum
2366 5449 2522 5519 panis
2548 5446 2787 5517 quotidie
2810 5445 2863 5498 in
2892 5460 3016 5498 eum
3073 5441 3421 5496 immittebat.
3447 5426 3452 5435 ’

1855 5548 2006 5614 Quod
2046 5546 2261 5617 quidem
2295 5559 2416 5597 eum
2444 5551 2589 5596 esset
2612 5540 2768 5594 beato
2785 5537 3128 5600 alimentum,
3148 5535 3428 5589 recreabat

1856 5641 1904 5696 ei
1939 5652 2157 5707 corpus,
2199 5636 2339 5707 quod
2390 5634 2747 5697 laboraverat,
2781 5638 2833 5683 et
2888 5644 2994 5684 non
3036 5626 3251 5681 sinebat
3297 5638 3423 5679 eum
