4154 6318
743 370 849 434 983

1981 354 2263 416 MENSIS
2305 350 2777 410 SEPTEMBER.

3893 347 3987 408 964

745 485 965 538 omnino
1000 481 1250 536 deficere.
1284 477 1390 532 Sed
1423 472 1689 530 narranda
1725 470 1887 524 multa
1938 469 2150 537 reliquit
2189 483 2309 522 ora-

2434 476 2739 535 πεπονηκος
2766 465 2824 516 τὸ
2871 464 3050 534 σῶμα,
3102 462 3194 514 καὶ
3237 462 3417 515 τέλεον
3448 462 3694 514 ἐκλιπεῖν
3727 463 3830 516 οὐκ
3880 483 3978 517 ua.

748 579 845 637 tio,
881 590 1003 629 cum
1033 587 1103 626 ne
1146 570 1407 624 tantillum
1438 567 1597 619 vellet
1624 564 1898 618 discedere
1925 575 1952 612 a
1989 559 2085 611 viri
2113 574 2320 612 memo-

748 668 848 722 ria.
885 665 1050 718 Nobis
1081 663 1241 733 igitur
1274 658 1657 714 revertendum
1709 663 1791 708 est
1817 654 1880 707 ad
1913 667 1974 705 ea
2009 668 2127 721 quae
2161 651 2318 706 dein-

747 775 881 827 ceps
929 767 1221 826 sequuntur
1262 755 1314 806 in
1352 752 1600 805 historia.

815 848 978 905 XVII.
1027 849 1311 901 Teridates
1378 859 1505 913 ergo
1561 841 1853 894 urbritatus
1908 853 1966 891 se
2022 836 2317 892 inevitabili

746 945 908 1013 morti
941 941 1156 995 dedisse
1198 939 1426 1007 justum.
1461 949 1582 988 cum
1627 942 1772 986 esset
1816 931 2002 1000 utique
2055 929 2228 984 hiems
2269 936 2322 981 et

745 1035 939 1103 frigus,
975 1034 1090 1100 ipse
1141 1029 1348 1083 accedit
1396 1028 1461 1078 ad
1510 1024 1712 1094 regiam
1757 1021 2125 1075 Armenicam.
2169 1019 2322 1071 Illinc

747 1135 932 1180 autem
980 1121 1380 1191 expeditionem
1437 1115 1664 1182 suscipit
1711 1113 1970 1165 adversus
2019 1111 2232 1169 Persas.
2267 1121 2321 1163 et

753 1232 941 1272 eorum
975 1215 1335 1284 populabatur
1367 1210 1642 1277 regionem
1686 1225 1698 1259 ε
1734 1215 1789 1258 et
1830 1204 2037 1274 trajecit
2068 1202 2120 1255 in
2154 1203 2317 1270 Assy-

749 1313 907 1367 riam,
943 1318 996 1362 et
1035 1307 1165 1360 vicit
1202 1315 1448 1372 pugnans
1489 1297 1747 1367 singulari
1779 1295 2096 1356 certamine,
2145 1301 2200 1346 et
2233 1307 2322 1344 ce.

745 1402 914 1455 Iebris
953 1407 1068 1452 erat
1098 1404 1318 1464 propter
1347 1407 1435 1444 res
1468 1390 1535 1442 ab
1585 1404 1648 1442 eo
1680 1397 1858 1458 gestas
1887 1395 2032 1438 recte
2068 1393 2116 1438 et
2150 1382 2321 1436 felici-

749 1503 852 1547 ter.
904 1488 1385 1544 Verumenimvero
1427 1481 1568 1542 Jovi,
1616 1481 1796 1534 Diana:
1841 1489 1896 1532 et
1922 1475 2138 1530 Herculi
2168 1477 2320 1528 attri-

744 1585 946 1639 buebat
982 1579 1281 1634 victoriam.
1312 1576 1496 1644 Neque
1528 1589 1654 1626 vero
1681 1573 1736 1626 in
1771 1571 1876 1625 illis
1901 1567 2146 1624 colendis
2163 1582 2319 1620 suum

746 1685 959 1730 tantum
1016 1670 1254 1741 ponebat
1335 1665 1618 1726 studium,
1691 1662 1785 1715 sed
1839 1660 2001 1713 etiam
2065 1657 2322 1709 adversus

746 1767 1091 1820 Christianos
1147 1763 1290 1830 ipsos
1348 1764 1402 1811 et
1465 1755 1798 1822 impietatem
1876 1748 2223 1801 vehementer
2268 1756 2322 1800 et

749 1859 940 1912 insane
966 1854 1224 1924 spirabat.
1263 1852 1341 1904 Eo
1365 1857 1543 1901 autem
1583 1854 1841 1912 tempore,
1878 1842 2019 1910 quod
2059 1841 2318 1893 interces-
2353 1824 2392 1876 Β

748 1951 842 2011 sit,
874 1947 964 2016 qui
995 1945 1297 1997 Romanam
1328 1951 1622 2010 purpuram
1653 1950 1761 1988 non
1794 1932 2025 1988 leliciter
2047 1930 2316 1991 induerat,

748 2041 1123 2095 Diocletianus
1159 2048 1380 2088 uxorem
1415 2032 1615 2085 ducere
1644 2027 1879 2087 volebat,
1909 2033 1965 2077 et
1995 2021 2321 2093 procurabat

747 2129 851 2183 sibi
888 2126 1318 2182 matrimonium.
1351 2121 1486 2176 Cum
1521 2128 1701 2172 autem
1743 2114 1886 2185 apud
1923 2115 2102 2183 ipsum
2138 2119 2321 2165 essent

745 2235 937 2274 omnes
964 2229 1145 2289 patres
1185 2218 1273 2284 qui
1335 2213 1554 2270 alebant
1605 2208 1860 2277 virgines,
1889 2214 1965 2267 et,
1998 2213 2056 2258 ut
2084 2203 2133 2257 ei
2167 2217 2320 2255 suam

746 2311 1170 2380 desponderet,
1230 2318 1475 2372 unusque
1527 2300 1683 2353 valde
1741 2297 2041 2355 moliretur,
2099 2292 2186 2344 ille
2237 2290 2324 2345 his

701 2442 706 2444 -
748 2379 1004 2465 omnibus
1038 2395 1341 2468 praeteritis,
1378 2399 1661 2461 postquam
1691 2385 1744 2438 in
1771 2382 2000 2453 quadam
2028 2395 2091 2434 ex
2117 2379 2184 2432 iis
2204 2392 2332 2447 quas.

747 2495 868 2562 eius
897 2492 1159 2559 parebant
1192 2481 1421 2550 imperio
1473 2472 1783 2530 civitatibus
1812 2467 2079 2526 intellexit
2107 2476 2322 2520 sancta-

752 2599 874 2639 rum
936 2580 1202 2648 virginnm
1257 2575 1486 2627 chorum
1550 2565 1793 2622 exerceri
1854 2564 1908 2616 in
1968 2559 2321 2620 monasterio,

749 2675 950 2744 quibus
997 2675 1226 2739 praeerat
1275 2663 1492 2732 quidem
1530 2659 1733 2712 Gaiana
1769 2672 1782 2706 :
1818 2654 1959 2706 inter
2002 2651 2119 2702 illas
2145 2656 2324 2701 autem

753 2779 916 2818 unam
952 2775 1092 2822 esse,
1133 2757 1429 2825 Itipsimcrn
1460 2759 1727 2807 vocatam.
1765 2753 1819 2800 et
1850 2744 1916 2797 ad
1957 2743 2069 2811 ipsa
2099 2738 2323 2803 Gaiana,

757 2869 880 2909 cum
916 2851 1087 2907 ambae
1113 2856 1298 2903 essent
1322 2841 1612 2898 Christiani
1644 2837 1858 2908 generis
1877 2844 1930 2887 et
1950 2832 2246 2900 sanguinis,
2273 2832 2326 2882 in

754 2948 957 3017 pietate
997 2943 1286 2996 educatam
1319 2946 1481 3004 atque
1508 2931 1795 2989 eruditam,
1826 2940 1945 2993 qua:
1977 2925 2120 2979 sicut
2145 2922 2324 2990 specie

756 3014 996 3099 virtutis,
1032 3033 1102 3086 ita
1135 3031 1298 3086 etiam
1337 3023 1742 3097 pulchritudine
1787 3019 2032 3086 corporis
2082 3023 2201 3068 erat
2235 3014 2329 3066 ad-

759 3129 980 3183 modum
1039 3124 1312 3190 insignis:
1344 3118 1426 3172 vel
1464 3117 1576 3186 ipsa
1613 3114 1730 3182 ejus
1765 3109 1997 3179 imagine
2035 3108 2329 3175 imperator

757 3230 1042 3279 accensus,
1071 3227 1232 3282 quam
1269 3208 1335 3262 ad
1381 3222 1506 3260 eum
1568 3205 1836 3275 depictam
1884 3200 2100 3268 quidam
2155 3197 2331 3265 pictor

757 3309 1032 3370 attulerat,
1065 3307 1234 3373 ipsam
1291 3302 1514 3352 amabat
1564 3287 2063 3351 vehementissime,
2106 3295 2160 3341 et
2207 3286 2337 3338 al'l'e-

755 3398 966 3457 ctionis
990 3405 1156 3451 (nstro
1199 3391 1571 3447 concitaliatur
1602 3407 1615 3440 :
1644 3396 1866 3452 eratque
1898 3380 1986 3435 ille
2011 3394 2160 3432 amor
2186 3393 2333 3432 mera

763 3491 994 3550 insania,
1026 3500 1080 3542 et
1117 3487 1272 3556 plane
1333 3483 1534 3537 rabies.
1571 3480 1633 3533 Et
1677 3480 1763 3532 ille
1812 3475 2035 3544 quidem
2065 3473 2156 3526 diu
2205 3479 2332 3526 ante

762 3584 991 3653 parabat
1047 3581 1280 3646 nuptias,
1328 3585 1383 3628 et
1433 3575 1632 3626 festum
1695 3567 2021 3638 praedicabat
2073 3581 2087 3616 ι
2131 3572 2185 3616 et
2242 3577 2336 3616 eos

763 3652 1149 3744 congregabat,
1184 3666 1274 3736 qui
1303 3673 1460 3719 erant
1487 3663 1543 3715 in
1567 3660 1771 3729 nuptiis
1813 3658 1863 3711 ei
1897 3652 2206 3710 inservituri
2234 3669 2248 3705 :
2281 3658 2336 3706 et

761 3763 826 3820 ad
862 3763 1160 3832 ltipsimem
1222 3757 1368 3812 misit
1423 3754 1752 3814 adulatores,
1777 3750 1869 3819 qui
1914 3749 1982 3803 de
2039 3745 2241 3816 nuptiis
2286 3746 2335 3798 ei

760 3856 1152 3927 significarent,
1195 3859 1250 3904 et
1303 3847 1622 3903 nuntiarent
1649 3858 1742 3898 eas
1789 3843 1903 3912 jam
1935 3854 2057 3894 esse
2099 3845 2335 3908 paratas,

760 3951 905 4019 quod
941 3947 1007 4000 ad
1039 3946 1222 4015 ipsum
1250 3942 1470 4011 quidem
1502 3937 1787 3990 attinebat.

838 4163 1022 4220 XVIII.
1051 4162 1144 4216 Illa
1175 4169 1357 4216 autem
1386 4157 1550 4230 (quid
1584 4154 1728 4212 enim
1771 4167 1869 4224 per
1900 4149 2070 4221 ipsam
2118 4147 2339 4218 virgini-

765 4269 932 4314 tatem
966 4258 1032 4310 ad
1069 4259 1183 4307 haec
1217 4253 1470 4322 cogitarit
1519 4260 1610 4301 aut
1642 4247 1838 4300 dixerit
1869 4245 2037 4312 virgo,
2075 4255 2194 4311 qua:
2229 4240 2338 4309 jam

765 4352 894 4405 olim
946 4346 1354 4402 cohabitantem
1410 4341 1573 4410 elegit
1619 4335 2049 4397 continentiam,
2109 4340 2163 4385 et
2210 4330 2338 4383 solis

765 4441 908 4495 vivit
939 4434 1328 4507 leguminibus,
1361 4439 1416 4484 et
1450 4439 1589 4482 totas
1620 4435 1809 4480 noctes
1841 4432 2093 4477 versatur
2129 4420 2182 4472 in
2213 4433 2339 4472 ora-

765 4532 940 4594 tione,
962 4539 1018 4582 et
1043 4541 1145 4580 nec
1175 4523 1410 4578 interdiu
1429 4518 1639 4575 desistit
1661 4517 1729 4570 ab
1759 4514 1970 4584 hymnis
1993 4513 2047 4566 in
2073 4510 2236 4563 Deum
2255 4508 2295 4576 ?)
2324 4528 2336 4562 :

768 4624 888 4676 Non
927 4631 978 4675 te
1011 4617 1212 4680 fallam,
1240 4627 1440 4685 sponse
1478 4609 1713 4668 Christe,
1743 4607 1908 4660 dixit:
1936 4619 2043 4659 non
2071 4613 2119 4656 te
2141 4600 2339 4671 probro

767 4729 831 4768 ac
879 4713 1146 4768 dedecore
1188 4707 1451 4771 afﬁciam,
1497 4718 1528 4758 ο
1572 4705 1740 4756 chara
1792 4696 2110 4764 virginitas:
2147 4709 2255 4747 non
2290 4701 2340 4744 te

769 4805 1019 4877 prodam,
1052 4813 1224 4858 mater
1269 4797 1627 4852 continentia.
1665 4794 1853 4862 Itaque
1905 4790 2034 4851 Deo,
2065 4787 2154 4854 qui
2195 4786 2342 4839 solus

769 4903 988 4965 poterat
1041 4893 1092 4946 ei
1143 4894 1271 4946 dare
1313 4884 1567 4947 salutem,
1623 4878 1872 4952 adiutore
1919 4885 2191 4935 invocato,
2235 4887 2342 4926 non

770 4984 1116 5046 necessariis,
1167 4996 1274 5034 non
1334 4980 1558 5040 amicis,
1601 4989 1710 5028 non
1765 4969 2105 5039 parentibus,
2167 4977 2344 5030 neque

776 5078 898 5132 ullis
929 5074 1049 5128 aliis
1076 5083 1192 5127 erat
1220 5072 1444 5127 omnino
1493 5067 1719 5119 munita.
1757 5063 1832 5115 De
1878 5061 1985 5113 alio
2035 5059 2216 5124 itaque
2245 5054 2347 5106 mi-

773 5170 983 5243 grando
1022 5169 1202 5221 statim
1230 5163 1502 5218 consultat
1530 5168 1585 5213 et
1633 5157 1857 5211 comites
1889 5152 2059 5206 bonas
2102 5147 2236 5201 alias
2265 5145 2346 5197 in-

776 5240 926 5317 venit
953 5260 1210 5332 virgines,
1238 5270 1358 5324 quae
1390 5261 1548 5308 erant
1589 5250 1639 5304 ei
1688 5258 1743 5301 et
1770 5247 1895 5299 vita:
1930 5255 1984 5297 et
2014 5240 2232 5295 virtutis
2257 5251 2347 5288 so-

778 5357 899 5416 ciae,
928 5351 1192 5422 imprimis
1238 5356 1417 5401 autem
1472 5342 1781 5411 praefectam
1813 5337 2096 5392 Caiatiam.
2130 5333 2193 5386 Et
2237 5344 2347 5383 non

778 5445 1120 5506 dubitarunt,
1157 5438 1368 5495 etiamsi
1408 5449 1516 5506 prae
1549 5435 1712 5486 multa
1762 5429 1940 5483 inedia
1968 5427 2078 5494 jam
2119 5422 2350 5479 defecis-

776 5544 921 5598 sent,
946 5533 1440 5603 peregrinationem
1470 5522 1766 5589 suscipere,
1797 5519 1891 5572 SCII
1919 5519 2057 5571 sicut
2079 5522 2348 5584 passeres,

779 5645 905 5682 cum
969 5644 1031 5681 ea
1089 5626 1478 5692 transmigrant
1532 5613 1918 5671 in‘barbaram
1968 5606 2348 5673 Armeniorum

782 5719 1084 5787 regionem.
1124 5715 1226 5768 Eas
1256 5714 1399 5766 enim
1438 5707 1695 5764 incitabat
1719 5705 1879 5758 etiam
1915 5702 1979 5755 ad
2010 5695 2350 5767 migrandum

783 5818 1112 5878 praeceptum
1143 5804 1503 5868 Dominicum,
1530 5799 1716 5854 dicens
1757 5813 1771 5850 :
1807 5813 1824 5845 ι
1867 5792 1920 5847 Si
1958 5787 2224 5861 persecuti
2259 5800 2349 5837 vos

2430 495 2737 535 ηιξ-’.υνιικνς
2775 495 2824 516 δυ
2871 495 3050 534 νωμψ,
3105 495 3194 514 λιι
3247 495 3416 515 ιιι-θυι
3448 495 3693 514 ιΑι.ιιι‹-δν
3727 495 3830 516 νυιι
3880 495 3978 517 ιτα.

2421 553 2580 610 Ἀλλὰ
2626 555 2928 626 προφθάνει
2959 555 3059 623 τὴν
3107 553 3432 607 ἀκολουθίαν
3468 555 3494 605 ὁ
3522 554 3701 620 λόγος,
3741 554 3817 623 μὴ
3859 555 3987 606 ἀπο-
4152 495 4154 584 i

2419 652 2610 719 στῆναι
2639 649 2770 718 μηδὲ
2804 647 2976 717 βραχὺ
3003 647 3102 712 τῆς
3127 644 3222 697 τοῦ
3254 646 3445 714 ἀνδρὸς
3491 644 3715 714 μνήμης
3750 645 3975 698 ἐθέλων,

2459 743 2602 810 Πμῖν
2633 741 2688 791 δὲ
2725 740 2856 807 πρὶς
2889 739 2955 790 τὰ
2983 737 3110 806 ἐξῆς
3137 738 3420 789 ἐπανιτέον
3444 737 3541 804 τῆς
3574 737 3846 805 ἱστορίας.

2491 834 2589 886 IZ'.
2643 831 2953 899 Τηριδάτης
2993 830 3177 882 τοίνυν
3233 829 3450 897 Θανάτῳ
3503 829 3857 898 παραδοῦναι
3899 832 3984 881 τὸν

2420 921 2627 974 δίκαιον
2659 919 2888 988 ἀφύκτῳ
2941 919 3187 986 νομίσας,
3221 918 3488 986 χειμῶνος
3514 919 3576 985 δή
3609 935 3710 969 που
3745 933 3986 968 συνιστα-

2426 1015 2588 1085 μένου
2630 1014 2724 1065 καὶ
2751 1011 3108 1079 διαψύχοντος
3150 1010 3311 1070 αὐτὸς
3354 1010 3446 1061 ἐπὶ
3491 1009 3598 1060 τῶν
3645 1008 3987 1076 Ἀρμενικῶν

2423 1106 2710 1176 βασιλείων
2741 1105 2964 1176 παρῄει.
3011 1103 3248 1154 Ἐκεῖθεν
3282 1101 3339 1154 δὲ
3380 1102 3472 1153 ἐπὶ
3517 1101 3731 1170 Πέρσας
3759 1103 3990 1168 ἐκστρα-

2421 1200 2587 1260 τεύει,
2619 1200 2711 1251 καὶ
2741 1199 2841 1267 τήν
2869 1214 2928 1248 τε
2958 1194 3143 1263 χώραν
3173 1193 3356 1245 αὐτῶν
3385 1192 3706 1262 κατέτρεχε,
3735 1195 3834 1244 καὶ
3862 1196 3990 1260 πρὸς

2419 1292 2519 1359 τὴν
2562 1289 2862 1357 Ἀσσυρίων
2910 1287 3168 1348 διέὗαινε,
3225 1285 3321 1337 καὶ
3367 1284 3691 1352 μονομαχῶν
3745 1283 3988 1350 ἐκράτει,

2421 1383 2512 1434 καὶ
2546 1381 2713 1439 πολὺς
2757 1375 2824 1447 ἧν
2886 1379 2994 1439 τοῖς
3040 1376 3387 1444 εὐτυχήμασι
3419 1373 3513 1426 καὶ
3567 1375 3682 1433 ταῖς
3720 1371 3993 1440 ἀνδραγα-

2420 1473 2584 1534 θίαις.
2629 1470 2774 1539 Πλὴν
2815 1467 2950 1521 ἀλλὰ
2986 1467 3070 1518 Διὶ
3118 1467 3210 1519 καὶ
3253 1465 3531 1534 Ἀρτέμιδι
3586 1465 3683 1516 καὶ
3722 1464 3989 1532 Ἠρακλεῖ

2420 1567 2488 1618 τὰ
2519 1566 2613 1633 τῆς
2643 1564 2795 1632 νίκης
2843 1558 3102 1613 ἀνετίθει.
3151 1557 3370 1622 ’Δμέλει
3425 1560 3519 1610 καί⁵
3550 1556 3671 1608 ούδέ
3703 1559 3842 1624 περὶ
3897 1554 3991 1624 τὴν

2421 1656 2644 1709 ἐκείνων
2688 1656 2848 1723 μόνον
2893 1653 3138 1704 ἐπονεῖτο
3183 1649 3499 1719 θεραπείαν,
3533 1649 3669 1700 ἀλλὰ
3716 1648 3818 1700 καὶ
3855 1651 3993 1699 κατὰ

2422 1747 2762 1820 Χριστιανῶν
2791 1746 2972 1801 ab:ti
3007 1745 3098 1798 καὶ
3131 1744 3229 1812 τῆς
3277 1741 3560 1803 εὐσεϐείας
3603 1741 3785 1791 δεινὸν
3837 1740 3992 1791 ἔπνει

2424 1842 2518 1893 καὶ
2551 1838 2801 1907 μανικόν.
2832 1839 2938 1890 Τὸν
2968 1837 3024 1891 δὲ
3071 1835 3276 1905 μεταξὺ
3315 1834 3503 1887 τοῦτον
3535 1833 3730 1903 χρόνον
3763 1832 3868 1902 τὴν
3903 1831 3997 1900 fia-

2424 1933 2640 1999 σιλικὴν
2670 1931 2972 1999 ἁλουργίδα
3011 1928 3302 1996 Ῥωμαίων
3328 1927 3430 1978 οὐκ
3477 1925 3718 1995 εὐτυχῶς
3741 1958 3747 1964 -
3771 1924 3999 1993 1:59:69.-

2422 2023 2646 2091 λόμενος
2677 2020 3058 2089 Διοκλητιανὸς
3093 2017 3329 2086 γυναῖκά
3370 2033 3429 2068 τε
3473 2016 3777 2084 ἀγαγέσθαι
3812 2016 3994 2084 ἤθελε,

2423 2116 2518 2170 καὶ
2551 2112 2884 2178 ἐσπούδαζεν
2919 2112 3099 2180 ἐαυτῷ
3129 2110 3218 2162 τὸν
3253 2109 3452 2177 γάμον.
3511 2109 3620 2159 Καὶ
3664 2107 3729 2177 δὴ
3779 2109 3998 2159 πάντων

2420 2202 2535 2262 ὅσοι
2567 2207 2874 2275 παρθένους
2900 2204 3126 2274 ἔτρεφον
3152 2202 3387 2270 πατέρες
3416 2199 3548 2268 παρ’
3575 2199 3740 2251 αὑτὸν
3782 2201 3996 2259 ἰόντων,

2423 2299 2517 2351 καὶ
2547 2299 2694 2360 ὅπως
2737 2297 2914 2366 τούτῳ
2958 2296 3058 2367 τὴν
3089 2292 3282 2346 ἑαυτοῦ
3323 2293 3552 2355 ἕκαστος
3582 2292 3846 2359 ἐγγυήσῃ
3879 2291 4000 2342 πολε

2424 2391 2524 2460 λῆς
2547 2388 2793 2460 μηχανῆς
2821 2388 3140 2458 γενομένης,
3164 2387 3340 2447 πάσας
3360 2386 3567 2449 ἐκεῖνος
3592 2382 4000 2454 παραδραμὼν,

2423 2485 2610 2554 ἐπειδὴ
2673 2483 2820 2554 παρά
2873 2498 2981 2533 τινι
3046 2482 3154 2532 τῶν
3216 2477 3307 2531 ὑπ’
3361 2477 3522 2530 αὐτὸν
3564 2477 3773 2529 πόλεων
3830 2477 4002 2541 ἁγίων

2426 2578 2713 2646 παρ-θένων
2765 2575 2922 2643 χορὸν
2965 2575 3022 2625 ἐν
3080 2572 3431 2642 μοναστηρίῳ
3473 2569 3764 2622 ἀσκεῖσθαι
3809 2566 3999 2635 μάθοι,

2425 2663 2498 2722 ὦν
2531 2669 2735 2736 Γαῖανὴ
2769 2668 2868 2736 μὲν
2928 2666 3298 2732 προειστήκει,
3335 2665 3400 2730 τῇ
3433 2660 3488 2712 δέ
3532 2659 3622 2714 ὑπ’
3664 2659 3840 2727 αὐτῆς
3875 2674 4003 2726 τραο

2421 2763 2589 2833 ἐρείσῃ
2613 2761 2703 2811 καὶ
2730 2757 3074 2828 παιδευθείσῃ
3112 2754 3336 2824 Ῥιψίμη
3361 2753 3532 2822 ὄνομα
3557 2747 3644 2824 ἦν,
3673 2750 4003 2822 Χριστιανοῦ

2434 2854 2531 2920 μὲν
2567 2851 2795 2918 αἵματος
2825 2848 2990 2915 ἄμφω
3014 2848 3107 2898 καὶ
3136 2849 3346 2913 γένους,
3375 2847 3408 2913 ἡ
3437 2845 3492 2896 δὲ
3537 2843 3794 2912 Ῥιψίμη,
3816 2845 4003 2912 ὥσπερ

2430 2945 2628 3017 ἀρετῆς
2648 2943 2786 3016 ὥρᾳ,
2808 2941 2949 2994 οὕτω
2969 2941 3035 3010 δὴ
3054 2941 3147 2992 καί⁵
3168 2939 3420 3009 σώματος
3446 2938 3631 2991 κάλλει
3652 2938 4001 3006 διαὸεόόητο.

2441 3038 2658 3105 Ἐπειδὴ
2681 3038 2858 3086 τοίνυν
2877 3037 2944 3086 τὰ
2970 3034 3110 3084 κατὰ
3143 3031 3236 3100 τὴν
3276 3032 3332 3083 Ῥ
3344 3032 3534 3098 ιψίμην
3557 3029 3820 3088 ἐπύθετο,
3849 3030 4005 3091 ἄλλος

2432 3145 2491 3181 τε
2524 3128 2618 3180 καὶ
2661 3126 2771 3178 τῶν
2821 3123 3135 3193 ζωγράφων
3165 3121 3313 3181 τινος
3371 3120 3518 3188 αὺτῴ
3572 3120 4006 3188 διαγράψαντος,

2437 3221 2497 3273 τὸ
2521 3220 2619 3289 τῆς
2655 3217 2914 3288 Ῥιψίμης
2940 3213 3100 3282 εἶδος,
3131 3213 3224 3269 καὶ
3250 3213 3357 3283 γὰρ
3387 3213 3478 3265 καὶ
3498 3214 3531 3282 ἡ
3551 3211 3712 3264 εἰκὼν
3741 3213 4005 3279 ἁνέφλεγε

2434 3315 2496 3367 τὸ
2531 3315 2695 3383 μέρος
2719 3313 2904 3377 αὑτὸν,
2939 3309 3250 3379 θερμότατά
3289 3323 3346 3360 τε
3377 3307 3545 3374 αὐτῆς
3580 3307 3712 3375 ἦρα.
3767 3307 3882 3358 Καὶ
3909 3308 4007 3357 ὑπο

2435 3408 2530 3460 τοῦ
2563 3407 2729 3457 πόθου
2783 3402 3134 3471 διοιστροῦτο,
3191 3403 3284 3453 καὶ
3313 3402 3526 3470 μανίᾳὸ
3549 3399 3690 3468 ἔρως,
3714 3400 3811 3449 καί
3839 3400 4009 3465 λύσσῃ

2435 3494 2503 3570 ἦν
2533 3495 2762 3567 ἀκριϐὴς
2787 3509 2800 3523 ⁸
2845 3495 2938 3547 καὶ
2967 3495 2994 3546 6
3047 3493 3144 3562 μέν
3170 3492 3233 3562 δὴ
3268 3495 3334 3542 τὰ
3390 3492 3636 3560 γαμήλια
3675 3491 4008 3559 ηὐτρεπιζεν

2437 3591 2502 3642 ἐκ
2531 3588 2727 3641 πολλοῦ
2753 3587 2848 3640 καὶ
2871 3587 2970 3653 τὴν
2999 3584 3193 3654 ἑορτὴν
3227 3585 3519 3652 ἐκήρυττε,
3553 3583 3682 3642 τοὺς
3705 3584 3806 3632 τὸν
3835 3592 4010 3652 γαμον

2435 3702 2495 3738 τε
2527 3685 2704 3738 αὐτῶν
2738 3678 3234 3749 διακονησομένους
3299 3675 3520 3742 συνῆγε,
3579 3675 3677 3726 καὶ
3729 3676 3872 3743 πρὸς
3919 3678 4011 3743 τὴν

2450 3775 2712 3843 Ῥιψίμτ,ν
2757 3773 2881 3832 τοὺς
2918 3772 3154 3830 κόλακας
3188 3768 3426 3835 ἔπεμπε,
3481 3767 3575 3819 xa‘t
3619 3765 3821 3833 λόγους
3879 3769 4008 3833 αὐτῇ

2440 3869 2573 3937 περὶ
2600 3867 2794 3934 γάμων
2826 3863 3092 3932 προσῆγε,
3123 3861 3216 3913 καὶ
3251 3854 3540 3913 ὑπετίθετο
3576 3861 4009 3929 ἐμπαράσκευον

2437 3961 2539 4031 ήδη
2561 3961 2628 4012 τὰ
2663 3957 2796 4027 πρὸς
2829 3955 3023 4015 αὐτοὺς
3050 3947 3208 4007 εἷναι.

2511 4133 2616 4189 ιη’.
2661 4134 2726 4186 Ἥ
2760 4134 2814 4186 δέ
2847 4134 2920 4202 (τί
2961 4133 3068 4200 γὰρ
3097 4131 3162 4185 ἂν
3193 4131 3329 4201 πρὸς
3355 4130 3453 4198 τῆς
3486 4129 3821 4198 παρθενείας
3845 4132 4011 4199 αὐτῆς

2441 4225 2683 4295 ἐννοήσοι
2712 4226 2846 4293 πρὸς
2893 4223 3063 4276 ταῦτα
3091 4223 3123 4291 ἢ
3154 4222 3445 4290 υθέγξαιτο
3497 4223 3530 4290 ὴ
3559 4222 3812 4274 σύνοικον
3844 4224 4010 4276 πάλαι

2447 4311 2548 4382 τὴν
2598 4313 2928 4381 ἐγκράτειαν
2968 4308 3200 4380 ἑλομένη
3260 4310 3554 4378 παρθένος,
3611 4313 3706 4362 καὶ
3765 4311 4009 4380 ὀσπρίοις

2446 4400 2705 4467 ἁποζῶσα
2736 4403 2938 4469 μόνοις,
2965 4400 3058 4452 καὶ
3090 4400 3293 4461 νύκτας
3317 4399 3442 4460 ὅλας
3464 4402 3532 4468 τῇ
3562 4399 3690 4469 φίλῃ
3727 4404 4007 4470 προσευχῇ

2368 4482 2422 4541 D
2450 4495 2717 4563 σύρουσα,
2752 4494 2846 4545 καὶ
2891 4490 3022 4558 μηδέ
3054 4491 3265 4560 ἡμέρας
3294 4491 3400 4542 τῶν
3429 4491 3508 4554 είς
3543 4492 3602 4542 τὸ
3643 4491 3799 4544 Θεῖον
3830 4491 4010 4560 ὕμνων

2446 4585 2786 4654 ἀφισταμένη
2810 4600 2823 4649 ;
2849 4584 2923 4636 Ob
2948 4582 3216 4654 ψεύσομαί
3237 4600 3319 4646 σε,
3344 4583 3542 4651 νυμφίε
3563 4582 3791 4652 Χριστέ,
3821 4580 3974 4636 εἶπεν
3996 4599 4009 4611 ’

2444 4680 2545 4730 ούκ
2589 4677 2827 4747 αἰσχυνῶ
2880 4693 2960 4738 σε,
2994 4675 3258 4745 παρθενία
3303 4675 3452 4743 φίλη,
3485 4673 3544 4724 οὐ
3597 4673 3862 4744 προδώσω
3911 4692 3967 4727 σε
3999 4715 4012 4737 ,

2453 4771 2630 4841 μῆτερ
2669 4771 2983 4839 ἐγκράτεια.
3015 4769 3124 4819 Καὶ
3146 4767 3280 4834 δῆτα
3320 4765 3458 4837 ὅπερ
3505 4764 3677 4836 αὐτὴν
3705 4769 3800 4818 καὶ
3836 4768 4013 4836 μόνον,

2450 4858 2518 4931 ἦν
2541 4862 2717 4913 σῶσαι
2737 4861 3054 4928 δυνάμενον,
3085 4860 3147 4911 ού
3179 4859 3290 4928 γὰρ
3319 4859 3692 4928 προσήκουσιν
3748 4859 3810 4910 ού
3841 4859 4017 4927 φίλοις

2452 4956 2514 5006 οὐ
2543 4951 2839 5020 πατράσιν,
2869 4951 2969 5005 οὑκ
2999 4951 3181 5012 ἄλλοις
3206 4953 3318 5002 τισὶ
3348 4951 3408 5000 τὸ
3434 4950 3697 5019 παράπαν
3727 4948 4014 5017 ὠχύρωτο,

2453 5040 2890 5111 μεταναστεῦσαι
2953 5039 3268 5108 βουλεύεται
3317 5039 3657 5105 rapat-rixa,
3703 5052 3797 5087 και
3831 5051 4022 5101 συνερ-

2449 5134 2580 5201 γοὺς
2609 5133 2821 5200 ἀγαθὰς
2855 5134 2950 5193 τὰς
2997 5131 3163 5192 ἄλλοις
3213 5128 3458 5199 εὑρίσκει
3515 5126 3846 5194 παρθένους,
3899 5128 4020 5180 ὅσαι

2453 5228 2550 5279 καὶ
2579 5227 2676 5294 τῆς
2720 5224 2929 5292 διαίτης
2973 5223 3111 5292 αύτῇ
3146 5222 3240 5274 καὶ
3285 5222 3385 5289 τῆς
3434 5217 3632 5288 ἀρετῆς
3667 5219 4020 5272 ἐκοινώνουν.

2451 5317 2558 5371 Καὶ
2595 5318 2692 5368 ούκ
2740 5313 2994 5383 ὤκνησαν
3033 5329 3116 5380 γε,
3175 5312 3350 5365 καίτοι
3385 5308 3755 5362 ἐκλελοιπυίαι
3791 5310 3900 5364 ύπδ
3929 5311 4021 5379 τῆς

2453 5409 2651 5475 πολλῆς
2674 5409 2882 5470 ἀσιτίας
2899 5407 3023 5476 ήδη,
3047 5405 3184 5458 ἀλλὰ
3212 5402 3709 5473 μεταναστύεουσιν
3726 5403 3803 5464 ὡς
3827 5420 4022 5472 στρουο

2457 5502 2549 5554 Οία
2603 5501 2694 5552 ἐπὶ
2729 5501 2826 5569 τὴν
2884 5498 3160 5568 βάρϐαρον
3212 5495 3319 5549 τῶν
3387 5493 3690 5564 Ἀρμενίων
3724 5497 3825 5550 σὺν
3881 5498 4020 5562 αύτῇ

2453 5595 2672 5665 Χώρανι
2735 5591 3021 5659 Παρώρμα
3072 5589 3179 5657 γὰρ
3232 5589 3401 5648 αὖτὶς
3461 5585 3558 5638 καὶ
3620 5587 3655 5654 ἡ
3712 5587 4024 5654 Δεσποτικὴ

2454 5687 2643 5755 ἐντολὴ
2701 5687 2831 5753 πρὸς
2869 5684 2967 5753 τὴν
3020 5682 3358 5752 μετοίκησιν,
3389 5679 3518 5732 Ἐὰν
3563 5678 3834 5744 διώξωσιν
3886 5680 4028 5746 ὑμᾶς

2456 5781 2561 5832 ἀπὸ
2636 5778 2801 5846 τῆσδε
2863 5777 2960 5846 τῆς
3037 5775 3268 5838 πόλεως,
3329 5771 3588 5840 λέγουσα,
3656 5776 3894 5842 φεύγετε
3953 5774 4028 5834 εἰς
