  <div class='ocr_page' id='page_1' title='image "/cluster/home/n/w/nwhite01/storage/ocr_20150623/115/pst.000005714285/594.png"; bbox 0 0 4154 6318; ppageno 0'>
   <div class='ocr_carea' id='block_1_1' title="bbox 157 359 256 422">
    <p class='ocr_par' dir='ltr' id='par_1_1' title="bbox 157 359 256 422">
     <span class='ocr_line' id='line_1_1' title="bbox 157 359 256 422; baseline -0.02 0"><span class='ocrx_word' id='word_1_1' title='bbox 157 359 256 422; x_wconf 85' lang='grc'><strong>965</strong></span> 
     </span>
    </p>
   </div>
   <div class='ocr_carea' id='block_1_2' title="bbox 1090 339 2468 410">
    <p class='ocr_par' dir='ltr' id='par_1_2' title="bbox 1090 339 2468 410">
     <span class='ocr_line' id='line_1_2' title="bbox 1090 339 2468 410; baseline -0.007 0"><span class='ocrx_word' id='word_1_2' title='bbox 1090 347 1266 410; x_wconf 73' lang='lat' dir='ltr'><strong>VITA</strong></span> <span class='ocrx_word' id='word_1_3' title='bbox 1305 347 1365 406; x_wconf 87' lang='lat' dir='ltr'><strong>S.</strong></span> <span class='ocrx_word' id='word_1_4' title='bbox 1409 339 1791 404; x_wconf 79' lang='lat' dir='ltr'><strong>GREGORII</strong></span> <span class='ocrx_word' id='word_1_5' title='bbox 1838 339 2468 401; x_wconf 79' lang='lat' dir='ltr'><strong>ILLUMINATORIS.</strong></span> 
     </span>
    </p>
   </div>
   <div class='ocr_carea' id='block_1_3' title="bbox 3288 341 3393 404">
    <p class='ocr_par' dir='ltr' id='par_1_3' title="bbox 3288 341 3393 404">
     <span class='ocr_line' id='line_1_3' title="bbox 3288 341 3393 404; baseline -0.01 0"><span class='ocrx_word' id='word_1_6' title='bbox 3288 341 3393 404; x_wconf 86' lang='lat'><strong>966</strong></span> 
     </span>
    </p>
   </div>
   <div class='ocr_carea' id='block_1_4' title="bbox 155 455 1725 542">
    <p class='ocr_par' dir='ltr' id='par_1_4' title="bbox 155 457 1712 542">
     <span class='ocr_line' id='line_1_4' title="bbox 155 457 1712 542; baseline -0.01 -18"><span class='ocrx_word' id='word_1_7' title='bbox 155 471 246 542; x_wconf 79' lang='grc' dir='ltr'><strong>τὴν</strong></span> <span class='ocrx_word' id='word_1_8' title='bbox 291 470 474 540; x_wconf 75' lang='grc' dir='ltr'>ἀλλην.</span> <span class='ocrx_word' id='word_1_9' title='bbox 523 457 796 521; x_wconf 75' lang='grc' dir='ltr'>Ἐνθεντοι</span> <span class='ocrx_word' id='word_1_10' title='bbox 853 467 946 519; x_wconf 72' lang='grc' dir='ltr'><strong>καὶ</strong></span> <span class='ocrx_word' id='word_1_11' title='bbox 1010 465 1336 534; x_wconf 80' lang='grc' dir='ltr'>ἀπαίρουσιν</span> <span class='ocrx_word' id='word_1_12' title='bbox 1374 458 1583 514; x_wconf 75' lang='grc' dir='ltr'>ἐκεῖθεν</span> <span class='ocrx_word' id='word_1_13' title='bbox 1615 459 1712 510; x_wconf 76' lang='grc' dir='ltr'><strong>σὺν</strong></span> 
     </span>
    </p>
   </div>
   <div class='ocr_carea' id='block_1_5' title="bbox 1829 455 3394 542">
    <p class='ocr_par' dir='ltr' id='par_1_5' title="bbox 1829 455 3394 527">
     <span class='ocr_line' id='line_1_5' title="bbox 1829 455 3394 527; baseline 0.003 -19"><span class='ocrx_word' id='word_1_14' title='bbox 1829 455 2024 513; x_wconf 73' lang='lat' dir='ltr'><strong>iuerint</strong></span> <span class='ocrx_word' id='word_1_15' title='bbox 2054 456 2107 511; x_wconf 90' lang='lat' dir='ltr'><strong>in</strong></span> <span class='ocrx_word' id='word_1_16' title='bbox 2142 458 2240 511; x_wconf 88' lang='lat' dir='ltr'><strong>hac</strong></span> <span class='ocrx_word' id='word_1_17' title='bbox 2271 459 2508 518; x_wconf 82' lang='lat' dir='ltr'><strong>civitate.</strong></span> <span class='ocrx_word' id='word_1_18' title='bbox 2556 456 2721 527; x_wconf 83' lang='lat' dir='ltr'><strong>fugite</strong></span> <span class='ocrx_word' id='word_1_19' title='bbox 2757 457 2809 509; x_wconf 91' lang='lat' dir='ltr'><strong>in</strong></span> <span class='ocrx_word' id='word_1_20' title='bbox 2837 455 3088 510; x_wconf 58' lang='lat' dir='ltr'><strong>aliam‘a</strong></span> <span class='ocrx_word' id='word_1_21' title='bbox 3137 455 3394 526; x_wconf 90' lang='lat' dir='ltr'><strong>Prompto</strong></span> 
     </span>
    </p>
   </div>
   <div class='ocr_carea' id='block_1_6' title="bbox 156 550 1719 637">
    <p class='ocr_par' dir='ltr' id='par_1_6' title="bbox 156 550 1719 637">
     <span class='ocr_line' id='line_1_6' title="bbox 156 550 1719 637; baseline -0.008 -23"><span class='ocrx_word' id='word_1_22' title='bbox 156 563 451 637; x_wconf 73' lang='grc' dir='ltr'><strong>προθυμίᾳ,</strong></span> <span class='ocrx_word' id='word_1_23' title='bbox 513 563 604 616; x_wconf 72' lang='grc' dir='ltr'>καὶ</span> <span class='ocrx_word' id='word_1_24' title='bbox 636 562 694 613; x_wconf 83' lang='grc' dir='ltr'>ὲν</span> <span class='ocrx_word' id='word_1_25' title='bbox 739 559 981 630; x_wconf 76' lang='grc' dir='ltr'>Ἀραράτ</span> <span class='ocrx_word' id='word_1_26' title='bbox 1017 556 1343 624; x_wconf 80' lang='grc' dir='ltr'><strong>κατάγονται</strong></span> <span class='ocrx_word' id='word_1_27' title='bbox 1395 553 1571 605; x_wconf 75' lang='grc' dir='ltr'>πόλει.</span> <span class='ocrx_word' id='word_1_28' title='bbox 1609 550 1719 618; x_wconf 72' lang='lat' dir='ltr'><strong>An-</strong></span> 
     </span>
    </p>
   </div>
   <div class='ocr_carea' id='block_1_7' title="bbox 156 641 1719 719">
    <p class='ocr_par' dir='ltr' id='par_1_7' title="bbox 156 641 1719 719">
     <span class='ocr_line' id='line_1_7' title="bbox 156 641 1719 719; baseline -0.007 -20"><span class='ocrx_word' id='word_1_29' title='bbox 156 652 229 700; x_wconf 70' lang='grc' dir='ltr'>νοὶ</span> <span class='ocrx_word' id='word_1_30' title='bbox 260 649 313 701; x_wconf 77' lang='grc' dir='ltr'>δὲ</span> <span class='ocrx_word' id='word_1_31' title='bbox 340 645 481 719; x_wconf 81' lang='grc' dir='ltr'>ἦσαν</span> <span class='ocrx_word' id='word_1_32' title='bbox 532 649 726 711; x_wconf 80' lang='grc' dir='ltr'>αὑταῖς</span> <span class='ocrx_word' id='word_1_33' title='bbox 779 649 811 717; x_wconf 79' lang='grc' dir='ltr'>ὴ</span> <span class='ocrx_word' id='word_1_34' title='bbox 851 645 1166 713; x_wconf 85' lang='grc' dir='ltr'>καταγωγή.</span> <span class='ocrx_word' id='word_1_35' title='bbox 1227 641 1450 710; x_wconf 84' lang='grc' dir='ltr'><strong>Ἐπειδὴ</strong></span> <span class='ocrx_word' id='word_1_36' title='bbox 1484 641 1539 692; x_wconf 69' lang='grc' dir='ltr'>δὲ</span> <span class='ocrx_word' id='word_1_37' title='bbox 1583 655 1719 690; x_wconf 87' lang='grc' dir='ltr'>παν-</span> 
     </span>
    </p>
   </div>
   <div class='ocr_carea' id='block_1_8' title="bbox 158 728 1719 808">
    <p class='ocr_par' dir='ltr' id='par_1_8' title="bbox 158 728 1719 808">
     <span class='ocr_line' id='line_1_8' title="bbox 158 728 1719 808; baseline -0.006 -17"><span class='ocrx_word' id='word_1_38' title='bbox 158 738 391 791; x_wconf 82' lang='grc' dir='ltr'>τάπασιν</span> <span class='ocrx_word' id='word_1_39' title='bbox 430 738 670 808; x_wconf 75' lang='grc' dir='ltr'><strong>ἠπόρουν</strong></span> <span class='ocrx_word' id='word_1_40' title='bbox 715 737 823 789; x_wconf 84' lang='grc' dir='ltr'><strong>τῶν</strong></span> <span class='ocrx_word' id='word_1_41' title='bbox 860 735 1197 804; x_wconf 79' lang='grc' dir='ltr'><strong>ἀναγκαίων,</strong></span> <span class='ocrx_word' id='word_1_42' title='bbox 1247 734 1345 802; x_wconf 86' lang='grc' dir='ltr'><strong>μία</strong></span> <span class='ocrx_word' id='word_1_43' title='bbox 1394 748 1478 794; x_wconf 89' lang='grc' dir='ltr'><strong>τις</strong></span> <span class='ocrx_word' id='word_1_44' title='bbox 1535 728 1719 783; x_wconf 82' lang='grc' dir='ltr'>αὐτῶν</span> 
     </span>
    </p>
   </div>
   <div class='ocr_carea' id='block_1_9' title="bbox 157 819 1714 898">
    <p class='ocr_par' dir='ltr' id='par_1_9' title="bbox 157 819 1714 898">
     <span class='ocr_line' id='line_1_9' title="bbox 157 819 1714 898; baseline -0.007 -16"><span class='ocrx_word' id='word_1_45' title='bbox 157 833 210 882; x_wconf 79' lang='grc' dir='ltr'><strong>έν</strong></span> <span class='ocrx_word' id='word_1_46' title='bbox 244 831 359 892; x_wconf 88' lang='grc' dir='ltr'>ταῖς</span> <span class='ocrx_word' id='word_1_47' title='bbox 389 831 547 898; x_wconf 79' lang='grc' dir='ltr'>χερσὶ</span> <span class='ocrx_word' id='word_1_48' title='bbox 581 830 678 898; x_wconf 75' lang='grc' dir='ltr'><strong>τὴν</strong></span> <span class='ocrx_word' id='word_1_49' title='bbox 713 829 903 883; x_wconf 75' lang='grc' dir='ltr'>ἐλπίδα</span> <span class='ocrx_word' id='word_1_50' title='bbox 933 826 1027 880; x_wconf 80' lang='grc' dir='ltr'>τοῦ</span> <span class='ocrx_word' id='word_1_51' title='bbox 1058 825 1173 895; x_wconf 79' lang='grc' dir='ltr'>βίου</span> <span class='ocrx_word' id='word_1_52' title='bbox 1202 824 1426 894; x_wconf 81' lang='grc' dir='ltr'>θεμένη,</span> <span class='ocrx_word' id='word_1_53' title='bbox 1455 822 1584 890; x_wconf 80' lang='grc' dir='ltr'>περὶ</span> <span class='ocrx_word' id='word_1_54' title='bbox 1616 819 1714 890; x_wconf 79' lang='grc' dir='ltr'>τὴν</span> 
     </span>
    </p>
   </div>
   <div class='ocr_carea' id='block_1_10' title="bbox 156 913 1713 989">
    <p class='ocr_par' dir='ltr' id='par_1_10' title="bbox 156 913 1713 989">
     <span class='ocr_line' id='line_1_10' title="bbox 156 913 1713 989; baseline -0.007 -16"><span class='ocrx_word' id='word_1_55' title='bbox 156 920 543 988; x_wconf 76' lang='grc' dir='ltr'>ταλασιουργόν</span> <span class='ocrx_word' id='word_1_56' title='bbox 571 938 630 972; x_wconf 89' lang='grc' dir='ltr'><strong>τε</strong></span> <span class='ocrx_word' id='word_1_57' title='bbox 655 917 982 989; x_wconf 81' lang='grc' dir='ltr'>εἷχε-τέχνην</span> <span class='ocrx_word' id='word_1_58' title='bbox 1011 918 1103 971; x_wconf 66' lang='grc' dir='ltr'><strong>καὶ</strong></span> <span class='ocrx_word' id='word_1_59' title='bbox 1129 915 1220 968; x_wconf 82' lang='grc' dir='ltr'><strong>ὑπ’</strong></span> <span class='ocrx_word' id='word_1_60' title='bbox 1242 916 1412 983; x_wconf 81' lang='grc' dir='ltr'>αὐτὴν</span> <span class='ocrx_word' id='word_1_61' title='bbox 1447 913 1713 972; x_wconf 75' lang='grc' dir='ltr'>ἐπονεῖτο,</span> 
     </span>
    </p>
   </div>
   <div class='ocr_carea' id='block_1_11' title="bbox 164 1005 1719 1079">
    <p class='ocr_par' dir='ltr' id='par_1_11' title="bbox 164 1005 1719 1079">
     <span class='ocr_line' id='line_1_11' title="bbox 164 1005 1719 1079; baseline -0.008 -13"><span class='ocrx_word' id='word_1_62' title='bbox 164 1015 255 1066; x_wconf 75' lang='grc' dir='ltr'>καὶ</span> <span class='ocrx_word' id='word_1_63' title='bbox 310 1013 370 1065; x_wconf 85' lang='grc' dir='ltr'><strong>τὸ</strong></span> <span class='ocrx_word' id='word_1_64' title='bbox 407 1012 659 1065; x_wconf 64' lang='grc' dir='ltr'>ἐντεῦθεν</span> <span class='ocrx_word' id='word_1_65' title='bbox 691 1012 824 1079; x_wconf 78' lang='grc' dir='ltr'>αὐτῇ</span> <span class='ocrx_word' id='word_1_66' title='bbox 874 1008 1251 1077; x_wconf 75' lang='grc' dir='ltr'><strong>ποριζόμενον,</strong></span> <span class='ocrx_word' id='word_1_67' title='bbox 1304 1009 1381 1068; x_wconf 84' lang='grc' dir='ltr'><strong>είς</strong></span> <span class='ocrx_word' id='word_1_68' title='bbox 1424 1005 1719 1072; x_wconf 83' lang='grc' dir='ltr'>διατροφὴν</span> 
     </span>
    </p>
   </div>
   <div class='ocr_carea' id='block_1_12' title="bbox 157 1097 1718 1173">
    <p class='ocr_par' dir='ltr' id='par_1_12' title="bbox 157 1097 1718 1173">
     <span class='ocr_line' id='line_1_12' title="bbox 157 1097 1718 1173; baseline -0.01 -15"><span class='ocrx_word' id='word_1_69' title='bbox 157 1104 417 1173; x_wconf 79' lang='grc' dir='ltr'><strong>ἀνήλισκε</strong></span> <span class='ocrx_word' id='word_1_70' title='bbox 451 1103 560 1156; x_wconf 85' lang='grc' dir='ltr'>τῶν</span> <span class='ocrx_word' id='word_1_71' title='bbox 600 1102 905 1172; x_wconf 87' lang='grc' dir='ltr'>παρθένων.</span> <span class='ocrx_word' id='word_1_72' title='bbox 937 1097 1320 1168; x_wconf 78' lang='grc' dir='ltr'>Διοκλητιανδς</span> <span class='ocrx_word' id='word_1_73' title='bbox 1358 1097 1414 1148; x_wconf 75' lang='grc' dir='ltr'>δὲ</span> <span class='ocrx_word' id='word_1_74' title='bbox 1444 1097 1718 1163; x_wconf 78' lang='grc' dir='ltr'>πονήρως</span> 
     </span>
    </p>
   </div>
   <div class='ocr_carea' id='block_1_13' title="bbox 155 1187 1714 1267">
    <p class='ocr_par' dir='ltr' id='par_1_13' title="bbox 155 1187 1714 1267">
     <span class='ocr_line' id='line_1_13' title="bbox 155 1187 1714 1267; baseline -0.007 -19"><span class='ocrx_word' id='word_1_75' title='bbox 155 1213 208 1248; x_wconf 84' lang='grc' dir='ltr'><strong>τε</strong></span> <span class='ocrx_word' id='word_1_76' title='bbox 235 1197 337 1262; x_wconf 71' lang='grc' dir='ltr'><strong>ἤδη</strong></span> <span class='ocrx_word' id='word_1_77' title='bbox 361 1197 435 1265; x_wconf 79' lang='grc' dir='ltr'>τῷ</span> <span class='ocrx_word' id='word_1_78' title='bbox 459 1195 620 1267; x_wconf 73' lang='grc' dir='ltr'>ἔρωτι</span> <span class='ocrx_word' id='word_1_79' title='bbox 648 1195 807 1264; x_wconf 67' lang='grc' dir='ltr'>ἔχων,</span> <span class='ocrx_word' id='word_1_80' title='bbox 831 1195 923 1246; x_wconf 75' lang='grc' dir='ltr'>καὶ</span> <span class='ocrx_word' id='word_1_81' title='bbox 946 1193 1129 1245; x_wconf 82' lang='grc' dir='ltr'>οὐκέτι</span> <span class='ocrx_word' id='word_1_82' title='bbox 1153 1187 1265 1252; x_wconf 74' lang='grc' dir='ltr'>οἷός</span> <span class='ocrx_word' id='word_1_83' title='bbox 1286 1206 1343 1242; x_wconf 90' lang='grc' dir='ltr'><strong>τε</strong></span> <span class='ocrx_word' id='word_1_84' title='bbox 1365 1187 1439 1241; x_wconf 84' lang='grc' dir='ltr'><strong>ὢν</strong></span> <span class='ocrx_word' id='word_1_85' title='bbox 1463 1190 1714 1257; x_wconf 71' lang='grc' dir='ltr'>ἠρεμεῖν,</span> 
     </span>
    </p>
   </div>
   <div class='ocr_carea' id='block_1_14' title="bbox 156 1280 1719 1363">
    <p class='ocr_par' dir='ltr' id='par_1_14' title="bbox 156 1280 1719 1363">
     <span class='ocr_line' id='line_1_14' title="bbox 156 1280 1719 1363; baseline -0.006 -24"><span class='ocrx_word' id='word_1_86' title='bbox 156 1288 344 1358; x_wconf 75' lang='grc' dir='ltr'>ἐπειδὴ</span> <span class='ocrx_word' id='word_1_87' title='bbox 377 1289 548 1339; x_wconf 82' lang='grc' dir='ltr'>πάντα</span> <span class='ocrx_word' id='word_1_88' title='bbox 582 1286 726 1338; x_wconf 81' lang='grc' dir='ltr'>λίθον</span> <span class='ocrx_word' id='word_1_89' title='bbox 771 1286 1002 1353; x_wconf 79' lang='grc' dir='ltr'><strong>κινήσας</strong></span> <span class='ocrx_word' id='word_1_90' title='bbox 1050 1281 1255 1353; x_wconf 69' lang='grc' dir='ltr'>ἔμαθεν</span> <span class='ocrx_word' id='word_1_91' title='bbox 1293 1280 1444 1345; x_wconf 78' lang='grc' dir='ltr'><strong>παρά</strong></span> <span class='ocrx_word' id='word_1_92' title='bbox 1483 1282 1549 1348; x_wconf 81' lang='grc' dir='ltr'>τῇ</span> <span class='ocrx_word' id='word_1_93' title='bbox 1574 1280 1719 1363; x_wconf 31' lang='lat' dir='ltr'><strong>LAP-</strong></span> 
     </span>
    </p>
   </div>
   <div class='ocr_carea' id='block_1_15' title="bbox 158 1359 1715 1446">
    <p class='ocr_par' dir='ltr' id='par_1_15' title="bbox 158 1359 1715 1446">
     <span class='ocr_line' id='line_1_15' title="bbox 158 1359 1715 1446; baseline -0.012 -17"><span class='ocrx_word' id='word_1_94' title='bbox 158 1376 355 1446; x_wconf 89' lang='grc' dir='ltr'>μενίων</span> <span class='ocrx_word' id='word_1_95' title='bbox 387 1376 540 1444; x_wconf 69' lang='grc' dir='ltr'>χώρα</span> <span class='ocrx_word' id='word_1_96' title='bbox 568 1372 936 1443; x_wconf 74' lang='grc' dir='ltr'>τὴνῬιψίμην</span> <span class='ocrx_word' id='word_1_97' title='bbox 963 1367 1417 1441; x_wconf 79' lang='grc' dir='ltr'>μεταναστεῦσαι,</span> <span class='ocrx_word' id='word_1_98' title='bbox 1445 1364 1518 1426; x_wconf 82' lang='grc' dir='ltr'>ὡς</span> <span class='ocrx_word' id='word_1_99' title='bbox 1544 1359 1715 1431; x_wconf 53' lang='grc' dir='ltr'>εἶχεν,</span> 
     </span>
    </p>
   </div>
   <div class='ocr_carea' id='block_1_16' title="bbox 163 1455 1716 1533">
    <p class='ocr_par' dir='ltr' id='par_1_16' title="bbox 163 1455 1716 1533">
     <span class='ocr_line' id='line_1_16' title="bbox 163 1455 1716 1533; baseline -0.008 -16"><span class='ocrx_word' id='word_1_100' title='bbox 163 1465 323 1526; x_wconf 72' lang='grc' dir='ltr'>εὐθὺς</span> <span class='ocrx_word' id='word_1_101' title='bbox 367 1464 566 1533; x_wconf 76' lang='grc' dir='ltr'>γράφει</span> <span class='ocrx_word' id='word_1_102' title='bbox 615 1462 694 1533; x_wconf 78' lang='grc' dir='ltr'><strong>τῷ</strong></span> <span class='ocrx_word' id='word_1_103' title='bbox 726 1463 822 1531; x_wconf 68' lang='grc' dir='ltr'>τῆς</span> <span class='ocrx_word' id='word_1_104' title='bbox 863 1460 1150 1532; x_wconf 73' lang='grc' dir='ltr'><strong>Ἀρμενίας</strong></span> <span class='ocrx_word' id='word_1_105' title='bbox 1184 1457 1392 1528; x_wconf 85' lang='grc' dir='ltr'>βασιλεί</span> <span class='ocrx_word' id='word_1_106' title='bbox 1421 1455 1716 1524; x_wconf 74' lang='grc' dir='ltr'>Τηριδὰτῃ,</span> 
     </span>
    </p>
   </div>
   <div class='ocr_carea' id='block_1_17' title="bbox 161 1545 1712 1626">
    <p class='ocr_par' dir='ltr' id='par_1_17' title="bbox 161 1545 1712 1626">
     <span class='ocr_line' id='line_1_17' title="bbox 161 1545 1712 1626; baseline -0.009 -18"><span class='ocrx_word' id='word_1_107' title='bbox 161 1556 293 1609; x_wconf 77' lang='grc' dir='ltr'>ἄλλα</span> <span class='ocrx_word' id='word_1_108' title='bbox 329 1572 387 1608; x_wconf 87' lang='grc' dir='ltr'><strong>τε</strong></span> <span class='ocrx_word' id='word_1_109' title='bbox 422 1556 562 1608; x_wconf 66' lang='grc' dir='ltr'><strong>πατιι⁴</strong></span> <span class='ocrx_word' id='word_1_110' title='bbox 610 1555 954 1626; x_wconf 84' lang='grc' dir='ltr'>Χριστιανῶν</span> <span class='ocrx_word' id='word_1_111' title='bbox 981 1554 1080 1606; x_wconf 76' lang='grc' dir='ltr'><strong>οὐκ</strong></span> <span class='ocrx_word' id='word_1_112' title='bbox 1125 1551 1301 1615; x_wconf 83' lang='grc' dir='ltr'>ὀλίγα,</span> <span class='ocrx_word' id='word_1_113' title='bbox 1351 1550 1444 1600; x_wconf 71' lang='grc' dir='ltr'>καὶ</span> <span class='ocrx_word' id='word_1_114' title='bbox 1498 1545 1572 1607; x_wconf 85' lang='grc' dir='ltr'>ὡς</span> <span class='ocrx_word' id='word_1_115' title='bbox 1613 1551 1712 1612; x_wconf 71' lang='grc' dir='ltr'><strong>τὴν</strong></span> 
     </span>
    </p>
   </div>
   <div class='ocr_carea' id='block_1_18' title="bbox 158 1635 1716 1716">
    <p class='ocr_par' dir='ltr' id='par_1_18' title="bbox 158 1635 1716 1716">
     <span class='ocr_line' id='line_1_18' title="bbox 158 1635 1716 1716; baseline -0.009 -17"><span class='ocrx_word' id='word_1_116' title='bbox 158 1646 446 1716; x_wconf 70' lang='grc' dir='ltr'>ἐρωμένην</span> <span class='ocrx_word' id='word_1_117' title='bbox 507 1647 655 1716; x_wconf 73' lang='grc' dir='ltr'><strong>αὐτῴ</strong></span> <span class='ocrx_word' id='word_1_118' title='bbox 721 1646 981 1714; x_wconf 72' lang='grc' dir='ltr'>Ῥιψίμην</span> <span class='ocrx_word' id='word_1_119' title='bbox 1018 1640 1326 1710; x_wconf 75' lang='grc' dir='ltr'>πανούργῳ</span> <span class='ocrx_word' id='word_1_120' title='bbox 1395 1639 1490 1688; x_wconf 74' lang='grc' dir='ltr'><strong>καὶ</strong></span> <span class='ocrx_word' id='word_1_121' title='bbox 1559 1635 1716 1704; x_wconf 82' lang='grc' dir='ltr'>γόητι</span> 
     </span>
    </p>
   </div>
   <div class='ocr_carea' id='block_1_19' title="bbox 151 1729 1718 1815">
    <p class='ocr_par' dir='ltr' id='par_1_19' title="bbox 151 1729 1718 1815">
     <span class='ocr_line' id='line_1_19' title="bbox 151 1729 1718 1815; baseline -0.007 -25"><span class='ocrx_word' id='word_1_122' title='bbox 151 1740 366 1815; x_wconf 44' lang='grc' dir='ltr'>ὁμιλίᾳ.</span> <span class='ocrx_word' id='word_1_123' title='bbox 404 1739 835 1808; x_wconf 79' lang='grc' dir='ltr'>ὑποδραμόντες,</span> <span class='ocrx_word' id='word_1_124' title='bbox 881 1738 1175 1790; x_wconf 81' lang='grc' dir='ltr'>ἀνέπεισαν</span> <span class='ocrx_word' id='word_1_125' title='bbox 1205 1733 1303 1803; x_wconf 83' lang='grc' dir='ltr'><strong>τῆς</strong></span> <span class='ocrx_word' id='word_1_126' title='bbox 1349 1731 1464 1801; x_wconf 82' lang='grc' dir='ltr'>μετ’</span> <span class='ocrx_word' id='word_1_127' title='bbox 1509 1729 1718 1783; x_wconf 70' lang='grc' dir='ltr'>ἐκείνου</span> 
     </span>
    </p>
   </div>
   <div class='ocr_carea' id='block_1_20' title="bbox 1827 548 3393 618">
    <p class='ocr_par' dir='ltr' id='par_1_20' title="bbox 1827 548 3393 618">
     <span class='ocr_line' id='line_1_20' title="bbox 1827 548 3393 618; baseline 0 -15"><span class='ocrx_word' id='word_1_128' title='bbox 1827 549 2005 618; x_wconf 89' lang='lat' dir='ltr'><strong>itaque</strong></span> <span class='ocrx_word' id='word_1_129' title='bbox 2040 558 2093 603; x_wconf 89' lang='lat' dir='ltr'><strong>et</strong></span> <span class='ocrx_word' id='word_1_130' title='bbox 2126 550 2286 602; x_wconf 88' lang='lat' dir='ltr'><strong>alacri</strong></span> <span class='ocrx_word' id='word_1_131' title='bbox 2337 550 2519 603; x_wconf 88' lang='lat' dir='ltr'><strong>animo</strong></span> <span class='ocrx_word' id='word_1_132' title='bbox 2566 549 2712 603; x_wconf 88' lang='lat' dir='ltr'><strong>illinc</strong></span> <span class='ocrx_word' id='word_1_133' title='bbox 2747 548 3187 618; x_wconf 80' lang='lat' dir='ltr'><strong>proficiscuntur,</strong></span> <span class='ocrx_word' id='word_1_134' title='bbox 3219 557 3274 603; x_wconf 93' lang='lat' dir='ltr'><strong>et</strong></span> <span class='ocrx_word' id='word_1_135' title='bbox 3304 567 3393 603; x_wconf 63' lang='lat' dir='ltr'><strong>ve.</strong></span> 
     </span>
    </p>
   </div>
   <div class='ocr_carea' id='block_1_21' title="bbox 1824 635 3398 692">
    <p class='ocr_par' dir='ltr' id='par_1_21' title="bbox 1824 635 3398 692">
     <span class='ocr_line' id='line_1_21' title="bbox 1824 635 3398 692; baseline 0.001 -3"><span class='ocrx_word' id='word_1_136' title='bbox 1824 637 1981 689; x_wconf 91' lang='lat' dir='ltr'><strong>niunt</strong></span> <span class='ocrx_word' id='word_1_137' title='bbox 2012 636 2063 688; x_wconf 89' lang='lat' dir='ltr'><strong>in</strong></span> <span class='ocrx_word' id='word_1_138' title='bbox 2099 635 2374 689; x_wconf 83' lang='lat' dir='ltr'><strong>civitatem</strong></span> <span class='ocrx_word' id='word_1_139' title='bbox 2411 635 2623 688; x_wconf 80' lang='lat' dir='ltr'><strong>Ararat.</strong></span> <span class='ocrx_word' id='word_1_140' title='bbox 2657 636 2969 690; x_wconf 82' lang='lat' dir='ltr'><strong>Torcularia</strong></span> <span class='ocrx_word' id='word_1_141' title='bbox 3004 646 3188 690; x_wconf 88' lang='lat' dir='ltr'><strong>autem</strong></span> <span class='ocrx_word' id='word_1_142' title='bbox 3239 647 3398 692; x_wconf 86' lang='lat' dir='ltr'><strong>erant</strong></span> 
     </span>
    </p>
   </div>
   <div class='ocr_carea' id='block_1_22' title="bbox 1824 727 3400 785">
    <p class='ocr_par' dir='ltr' id='par_1_22' title="bbox 1824 727 3400 785">
     <span class='ocr_line' id='line_1_22' title="bbox 1824 727 3400 785; baseline 0 -4"><span class='ocrx_word' id='word_1_143' title='bbox 1824 728 1903 781; x_wconf 90' lang='lat' dir='ltr'><strong>eis</strong></span> <span class='ocrx_word' id='word_1_144' title='bbox 1937 727 2328 785; x_wconf 81' lang='lat' dir='ltr'><strong>habitaculum.</strong></span> <span class='ocrx_word' id='word_1_145' title='bbox 2364 727 2500 780; x_wconf 86' lang='lat' dir='ltr'><strong>Cum</strong></span> <span class='ocrx_word' id='word_1_146' title='bbox 2535 737 2714 780; x_wconf 88' lang='lat' dir='ltr'><strong>autem</strong></span> <span class='ocrx_word' id='word_1_147' title='bbox 2756 727 2836 780; x_wconf 85' lang='lat' dir='ltr'><strong>eis</strong></span> <span class='ocrx_word' id='word_1_148' title='bbox 2882 728 3060 781; x_wconf 83' lang='lat' dir='ltr'><strong>omnia</strong></span> <span class='ocrx_word' id='word_1_149' title='bbox 3093 728 3400 781; x_wconf 83' lang='lat' dir='ltr'><strong>deficerent</strong></span> 
     </span>
    </p>
   </div>
   <div class='ocr_carea' id='block_1_23' title="bbox 1825 819 3399 888">
    <p class='ocr_par' dir='ltr' id='par_1_23' title="bbox 1825 819 3399 888">
     <span class='ocr_line' id='line_1_23' title="bbox 1825 819 3399 888; baseline 0.001 -16"><span class='ocrx_word' id='word_1_150' title='bbox 1825 821 2162 884; x_wconf 83' lang='lat' dir='ltr'><strong>necessaria,</strong></span> <span class='ocrx_word' id='word_1_151' title='bbox 2187 819 2429 886; x_wconf 76' lang='lat' dir='ltr'><strong>quaedam</strong></span> <span class='ocrx_word' id='word_1_152' title='bbox 2458 834 2520 871; x_wconf 81' lang='lat' dir='ltr'><strong>ex</strong></span> <span class='ocrx_word' id='word_1_153' title='bbox 2553 822 2654 882; x_wconf 84' lang='lat' dir='ltr'><strong>eis,</strong></span> <span class='ocrx_word' id='word_1_154' title='bbox 2695 835 2790 888; x_wconf 85' lang='lat' dir='ltr'><strong>spe</strong></span> <span class='ocrx_word' id='word_1_155' title='bbox 2820 820 3042 888; x_wconf 85' lang='lat' dir='ltr'><strong>parandi</strong></span> <span class='ocrx_word' id='word_1_156' title='bbox 3086 819 3187 874; x_wconf 86' lang='lat' dir='ltr'><strong>sibi</strong></span> <span class='ocrx_word' id='word_1_157' title='bbox 3227 821 3399 873; x_wconf 85' lang='lat' dir='ltr'><strong>victus</strong></span> 
     </span>
    </p>
   </div>
   <div class='ocr_carea' id='block_1_24' title="bbox 1827 911 3398 981">
    <p class='ocr_par' dir='ltr' id='par_1_24' title="bbox 1827 911 3398 981">
     <span class='ocr_line' id='line_1_24' title="bbox 1827 911 3398 981; baseline -0.002 -18"><span class='ocrx_word' id='word_1_158' title='bbox 1827 914 1999 981; x_wconf 86' lang='lat' dir='ltr'><strong>posita</strong></span> <span class='ocrx_word' id='word_1_159' title='bbox 2052 912 2106 964; x_wconf 92' lang='lat' dir='ltr'><strong>in</strong></span> <span class='ocrx_word' id='word_1_160' title='bbox 2164 911 2436 972; x_wconf 82' lang='lat' dir='ltr'><strong>manibus,</strong></span> <span class='ocrx_word' id='word_1_161' title='bbox 2482 911 2843 963; x_wconf 70' lang='lat' dir='ltr'><strong>versabantur</strong></span> <span class='ocrx_word' id='word_1_162' title='bbox 2900 921 2954 965; x_wconf 92' lang='lat' dir='ltr'><strong>et</strong></span> <span class='ocrx_word' id='word_1_163' title='bbox 2996 911 3317 964; x_wconf 82' lang='lat' dir='ltr'><strong>laborabant</strong></span> <span class='ocrx_word' id='word_1_164' title='bbox 3344 912 3398 961; x_wconf 86' lang='lat' dir='ltr'><strong>in</strong></span> 
     </span>
    </p>
   </div>
   <div class='ocr_carea' id='block_1_25' title="bbox 1825 998 3400 1067">
    <p class='ocr_par' dir='ltr' id='par_1_25' title="bbox 1825 998 3400 1067">
     <span class='ocr_line' id='line_1_25' title="bbox 1825 998 3400 1067; baseline -0.004 -13"><span class='ocrx_word' id='word_1_165' title='bbox 1825 1010 1941 1055; x_wconf 90' lang='lat' dir='ltr'><strong>arte</strong></span> <span class='ocrx_word' id='word_1_166' title='bbox 1976 1001 2217 1065; x_wconf 88' lang='lat' dir='ltr'><strong>lanificii,</strong></span> <span class='ocrx_word' id='word_1_167' title='bbox 2267 1009 2321 1054; x_wconf 90' lang='lat' dir='ltr'><strong>et</strong></span> <span class='ocrx_word' id='word_1_168' title='bbox 2355 999 2513 1067; x_wconf 87' lang='lat' dir='ltr'><strong>.quod</strong></span> <span class='ocrx_word' id='word_1_169' title='bbox 2557 998 2683 1051; x_wconf 92' lang='lat' dir='ltr'><strong>hinc</strong></span> <span class='ocrx_word' id='word_1_170' title='bbox 2733 999 2836 1050; x_wconf 87' lang='lat' dir='ltr'><strong>sibi</strong></span> <span class='ocrx_word' id='word_1_171' title='bbox 2889 999 3170 1066; x_wconf 87' lang='lat' dir='ltr'><strong>parabant,</strong></span> <span class='ocrx_word' id='word_1_172' title='bbox 3202 1013 3400 1051; x_wconf 87' lang='lat' dir='ltr'><strong>consu-</strong></span> 
     </span>
    </p>
   </div>
   <div class='ocr_carea' id='block_1_26' title="bbox 1828 1089 3400 1153">
    <p class='ocr_par' dir='ltr' id='par_1_26' title="bbox 1828 1089 3400 1153">
     <span class='ocr_line' id='line_1_26' title="bbox 1828 1089 3400 1153; baseline -0.002 -10"><span class='ocrx_word' id='word_1_173' title='bbox 1828 1093 2049 1146; x_wconf 88' lang='lat' dir='ltr'><strong>mebant</strong></span> <span class='ocrx_word' id='word_1_174' title='bbox 2084 1093 2146 1144; x_wconf 80' lang='lat' dir='ltr'><strong>ad</strong></span> <span class='ocrx_word' id='word_1_175' title='bbox 2185 1103 2409 1145; x_wconf 69' lang='lat' dir='ltr'><strong>caeteras</strong></span> <span class='ocrx_word' id='word_1_176' title='bbox 2453 1090 2676 1142; x_wconf 86' lang='lat' dir='ltr'><strong>alendas</strong></span> <span class='ocrx_word' id='word_1_177' title='bbox 2725 1089 2981 1153; x_wconf 82' lang='lat' dir='ltr'><strong>virgines.</strong></span> <span class='ocrx_word' id='word_1_178' title='bbox 3035 1089 3400 1142; x_wconf 85' lang='lat' dir='ltr'><strong>Diocletianus</strong></span> 
     </span>
    </p>
   </div>
   <div class='ocr_carea' id='block_1_27' title="bbox 1825 1182 3401 1251">
    <p class='ocr_par' dir='ltr' id='par_1_27' title="bbox 1825 1182 3401 1251">
     <span class='ocr_line' id='line_1_27' title="bbox 1825 1182 3401 1251; baseline -0.005 -16"><span class='ocrx_word' id='word_1_179' title='bbox 1825 1190 2006 1235; x_wconf 90' lang='lat' dir='ltr'><strong>autem</strong></span> <span class='ocrx_word' id='word_1_180' title='bbox 2046 1197 2165 1235; x_wconf 88' lang='lat' dir='ltr'><strong>cum</strong></span> <span class='ocrx_word' id='word_1_181' title='bbox 2202 1191 2256 1235; x_wconf 90' lang='lat' dir='ltr'><strong>et</strong></span> <span class='ocrx_word' id='word_1_182' title='bbox 2295 1198 2479 1235; x_wconf 89' lang='lat' dir='ltr'><strong>amore</strong></span> <span class='ocrx_word' id='word_1_183' title='bbox 2505 1183 2614 1250; x_wconf 87' lang='lat' dir='ltr'><strong>jam</strong></span> <span class='ocrx_word' id='word_1_184' title='bbox 2651 1182 2893 1251; x_wconf 83' lang='lat' dir='ltr'><strong>improbe</strong></span> <span class='ocrx_word' id='word_1_185' title='bbox 2927 1189 3116 1246; x_wconf 89' lang='lat' dir='ltr'><strong>captus</strong></span> <span class='ocrx_word' id='word_1_186' title='bbox 3147 1188 3310 1240; x_wconf 89' lang='lat' dir='ltr'><strong>esset,</strong></span> <span class='ocrx_word' id='word_1_187' title='bbox 3347 1190 3401 1232; x_wconf 83' lang='lat' dir='ltr'><strong>et</strong></span> 
     </span>
    </p>
   </div>
   <div class='ocr_carea' id='block_1_28' title="bbox 1826 1270 3396 1344">
    <p class='ocr_par' dir='ltr' id='par_1_28' title="bbox 1826 1270 3396 1344">
     <span class='ocr_line' id='line_1_28' title="bbox 1826 1270 3396 1344; baseline -0.006 -15"><span class='ocrx_word' id='word_1_188' title='bbox 1826 1291 1935 1329; x_wconf 90' lang='lat' dir='ltr'><strong>non</strong></span> <span class='ocrx_word' id='word_1_189' title='bbox 1986 1281 2172 1344; x_wconf 85' lang='lat' dir='ltr'><strong>posset</strong></span> <span class='ocrx_word' id='word_1_190' title='bbox 2225 1273 2460 1341; x_wconf 87' lang='lat' dir='ltr'><strong>amplius</strong></span> <span class='ocrx_word' id='word_1_191' title='bbox 2521 1274 2824 1341; x_wconf 82' lang='lat' dir='ltr'><strong>quiescere.</strong></span> <span class='ocrx_word' id='word_1_192' title='bbox 2890 1279 3197 1339; x_wconf 80' lang='lat' dir='ltr'><strong>postquam,</strong></span> <span class='ocrx_word' id='word_1_193' title='bbox 3247 1270 3396 1321; x_wconf 87' lang='lat' dir='ltr'><strong>omni</strong></span> 
     </span>
    </p>
   </div>
   <div class='ocr_carea' id='block_1_29' title="bbox 1827 1357 3397 1430">
    <p class='ocr_par' dir='ltr' id='par_1_29' title="bbox 1827 1357 3397 1430">
     <span class='ocr_line' id='line_1_29' title="bbox 1827 1357 3397 1430; baseline -0.005 -12"><span class='ocrx_word' id='word_1_194' title='bbox 1827 1373 1974 1418; x_wconf 89' lang='lat' dir='ltr'><strong>moto</strong></span> <span class='ocrx_word' id='word_1_195' title='bbox 2027 1359 2224 1429; x_wconf 84' lang='lat' dir='ltr'><strong>lapide,</strong></span> <span class='ocrx_word' id='word_1_196' title='bbox 2259 1362 2469 1429; x_wconf 87' lang='lat' dir='ltr'><strong>accepit</strong></span> <span class='ocrx_word' id='word_1_197' title='bbox 2507 1362 2765 1430; x_wconf 81' lang='lat' dir='ltr'><strong>migrasse</strong></span> <span class='ocrx_word' id='word_1_198' title='bbox 2796 1357 3092 1426; x_wconf 81' lang='lat' dir='ltr'><strong>Ripsimem</strong></span> <span class='ocrx_word' id='word_1_199' title='bbox 3127 1357 3179 1410; x_wconf 87' lang='lat' dir='ltr'><strong>in</strong></span> <span class='ocrx_word' id='word_1_200' title='bbox 3217 1357 3397 1425; x_wconf 88' lang='lat' dir='ltr'><strong>regio—</strong></span> 
     </span>
    </p>
   </div>
   <div class='ocr_carea' id='block_1_30' title="bbox 1825 1448 3402 1516">
    <p class='ocr_par' dir='ltr' id='par_1_30' title="bbox 1825 1448 3402 1516">
     <span class='ocr_line' id='line_1_30' title="bbox 1825 1448 3402 1516; baseline -0.004 -10"><span class='ocrx_word' id='word_1_201' title='bbox 1825 1469 1951 1506; x_wconf 87' lang='lat' dir='ltr'><strong>nem</strong></span> <span class='ocrx_word' id='word_1_202' title='bbox 1997 1451 2402 1511; x_wconf 79' lang='lat' dir='ltr'><strong>Armeniorum,</strong></span> <span class='ocrx_word' id='word_1_203' title='bbox 2439 1451 2630 1504; x_wconf 83' lang='lat' dir='ltr'><strong>scribit</strong></span> <span class='ocrx_word' id='word_1_204' title='bbox 2671 1449 2853 1504; x_wconf 83' lang='lat' dir='ltr'><strong>statim</strong></span> <span class='ocrx_word' id='word_1_205' title='bbox 2899 1449 2964 1501; x_wconf 87' lang='lat' dir='ltr'><strong>ad</strong></span> <span class='ocrx_word' id='word_1_206' title='bbox 3000 1461 3179 1516; x_wconf 82' lang='lat' dir='ltr'><strong>regem</strong></span> <span class='ocrx_word' id='word_1_207' title='bbox 3216 1448 3402 1499; x_wconf 81' lang='lat' dir='ltr'><strong>Arme-</strong></span> 
     </span>
    </p>
   </div>
   <div class='ocr_carea' id='block_1_31' title="bbox 1825 1535 3402 1610">
    <p class='ocr_par' dir='ltr' id='par_1_31' title="bbox 1825 1535 3402 1610">
     <span class='ocr_line' id='line_1_31' title="bbox 1825 1535 3402 1610; baseline -0.004 -15"><span class='ocrx_word' id='word_1_208' title='bbox 1825 1543 1928 1596; x_wconf 73' lang='lat' dir='ltr'><strong>nia:</strong></span> <span class='ocrx_word' id='word_1_209' title='bbox 1968 1541 2299 1600; x_wconf 85' lang='lat' dir='ltr'><strong>Teridatein,</strong></span> <span class='ocrx_word' id='word_1_210' title='bbox 2327 1549 2382 1592; x_wconf 90' lang='lat' dir='ltr'><strong>et</strong></span> <span class='ocrx_word' id='word_1_211' title='bbox 2426 1541 2530 1594; x_wconf 88' lang='lat' dir='ltr'><strong>alia</strong></span> <span class='ocrx_word' id='word_1_212' title='bbox 2577 1556 2686 1596; x_wconf 92' lang='lat' dir='ltr'><strong>non</strong></span> <span class='ocrx_word' id='word_1_213' title='bbox 2735 1556 2906 1610; x_wconf 89' lang='lat' dir='ltr'><strong>pauca</strong></span> <span class='ocrx_word' id='word_1_214' title='bbox 2959 1541 3217 1593; x_wconf 82' lang='lat' dir='ltr'><strong>adversus</strong></span> <span class='ocrx_word' id='word_1_215' title='bbox 3243 1535 3402 1590; x_wconf 86' lang='lat' dir='ltr'><strong>Chri-</strong></span> 
     </span>
    </p>
   </div>
   <div class='ocr_carea' id='block_1_32' title="bbox 1826 1627 3401 1700">
    <p class='ocr_par' dir='ltr' id='par_1_32' title="bbox 1826 1627 3401 1700">
     <span class='ocr_line' id='line_1_32' title="bbox 1826 1627 3401 1700; baseline -0.002 -16"><span class='ocrx_word' id='word_1_216' title='bbox 1826 1632 2051 1696; x_wconf 84' lang='lat' dir='ltr'><strong>stianos,</strong></span> <span class='ocrx_word' id='word_1_217' title='bbox 2084 1640 2137 1684; x_wconf 91' lang='lat' dir='ltr'><strong>et</strong></span> <span class='ocrx_word' id='word_1_218' title='bbox 2169 1630 2311 1700; x_wconf 93' lang='lat' dir='ltr'><strong>quod</strong></span> <span class='ocrx_word' id='word_1_219' title='bbox 2356 1646 2383 1683; x_wconf 90' lang='lat' dir='ltr'><strong>a</strong></span> <span class='ocrx_word' id='word_1_220' title='bbox 2425 1645 2482 1685; x_wconf 90' lang='lat' dir='ltr'><strong>se</strong></span> <span class='ocrx_word' id='word_1_221' title='bbox 2514 1630 2762 1684; x_wconf 88' lang='lat' dir='ltr'><strong>dilectam</strong></span> <span class='ocrx_word' id='word_1_222' title='bbox 2811 1629 3105 1698; x_wconf 79' lang='lat' dir='ltr'><strong>Ripsimcm</strong></span> <span class='ocrx_word' id='word_1_223' title='bbox 3158 1627 3311 1681; x_wconf 78' lang='lat' dir='ltr'><strong>vafro</strong></span> <span class='ocrx_word' id='word_1_224' title='bbox 3345 1636 3401 1681; x_wconf 91' lang='lat' dir='ltr'><strong>et</strong></span> 
     </span>
    </p>
   </div>
   <div class='ocr_carea' id='block_1_33' title="bbox 1827 1722 3402 1791">
    <p class='ocr_par' dir='ltr' id='par_1_33' title="bbox 1827 1722 3402 1791">
     <span class='ocr_line' id='line_1_33' title="bbox 1827 1722 3402 1791; baseline -0.003 -14"><span class='ocrx_word' id='word_1_225' title='bbox 1827 1723 2070 1777; x_wconf 79' lang='lat' dir='ltr'><strong>venellco</strong></span> <span class='ocrx_word' id='word_1_226' title='bbox 2100 1736 2349 1776; x_wconf 87' lang='lat' dir='ltr'><strong>sermone</strong></span> <span class='ocrx_word' id='word_1_227' title='bbox 2393 1722 2750 1791; x_wconf 86' lang='lat' dir='ltr'><strong>pellicientes,</strong></span> <span class='ocrx_word' id='word_1_228' title='bbox 2785 1722 2835 1776; x_wconf 91' lang='lat' dir='ltr'><strong>ei</strong></span> <span class='ocrx_word' id='word_1_229' title='bbox 2888 1729 3300 1789; x_wconf 86' lang='lat' dir='ltr'><strong>persuaserunt,</strong></span> <span class='ocrx_word' id='word_1_230' title='bbox 3342 1729 3402 1773; x_wconf 93' lang='lat' dir='ltr'><strong>ut</strong></span> 
     </span>
    </p>
   </div>
   <div class='ocr_carea' id='block_1_34' title="bbox 162 1811 1725 1897">
    <p class='ocr_par' dir='ltr' id='par_1_34' title="bbox 162 1811 1725 1897">
     <span class='ocr_line' id='line_1_34' title="bbox 162 1811 1725 1897; baseline -0.007 -16"><span class='ocrx_word' id='word_1_231' title='bbox 162 1811 476 1891; x_wconf 76' lang='grc' dir='ltr'>συνουσίας,</span> <span class='ocrx_word' id='word_1_232' title='bbox 524 1830 622 1896; x_wconf 75' lang='grc' dir='ltr'>τὴν</span> <span class='ocrx_word' id='word_1_233' title='bbox 669 1828 762 1880; x_wconf 74' lang='grc' dir='ltr'>ἐπὶ</span> <span class='ocrx_word' id='word_1_234' title='bbox 806 1826 960 1897; x_wconf 79' lang='grc' dir='ltr'>ξένης</span> <span class='ocrx_word' id='word_1_235' title='bbox 1010 1824 1228 1878; x_wconf 80' lang='grc' dir='ltr'>ἑλέσθαι</span> <span class='ocrx_word' id='word_1_236' title='bbox 1277 1820 1581 1891; x_wconf 75' lang='grc' dir='ltr'>διατριϐὴν,</span> <span class='ocrx_word' id='word_1_237' title='bbox 1630 1818 1725 1871; x_wconf 76' lang='grc' dir='ltr'>καὶ</span> 
     </span>
    </p>
   </div>
   <div class='ocr_carea' id='block_1_35' title="bbox 1829 1811 3400 1897">
    <p class='ocr_par' dir='ltr' id='par_1_35' title="bbox 1829 1815 3400 1882">
     <span class='ocr_line' id='line_1_35' title="bbox 1829 1815 3400 1882; baseline -0.004 -12"><span class='ocrx_word' id='word_1_238' title='bbox 1829 1817 2011 1870; x_wconf 82' lang='lat' dir='ltr'><strong>mallet</strong></span> <span class='ocrx_word' id='word_1_239' title='bbox 2066 1816 2122 1869; x_wconf 92' lang='lat' dir='ltr'><strong>in</strong></span> <span class='ocrx_word' id='word_1_240' title='bbox 2185 1825 2404 1868; x_wconf 86' lang='lat' dir='ltr'><strong>externa</strong></span> <span class='ocrx_word' id='word_1_241' title='bbox 2453 1817 2638 1867; x_wconf 83' lang='lat' dir='ltr'><strong>vivere</strong></span> <span class='ocrx_word' id='word_1_242' title='bbox 2687 1815 2946 1882; x_wconf 78' lang='lat' dir='ltr'><strong>regione,</strong></span> <span class='ocrx_word' id='word_1_243' title='bbox 2997 1823 3051 1866; x_wconf 90' lang='lat' dir='ltr'><strong>ct</strong></span> <span class='ocrx_word' id='word_1_244' title='bbox 3104 1827 3221 1865; x_wconf 87' lang='lat' dir='ltr'><strong>eam</strong></span> <span class='ocrx_word' id='word_1_245' title='bbox 3278 1827 3400 1866; x_wconf 91' lang='lat' dir='ltr'><strong>cum</strong></span> 
     </span>
    </p>
   </div>
   <div class='ocr_carea' id='block_1_36' title="bbox 157 1910 1726 1987">
    <p class='ocr_par' dir='ltr' id='par_1_36' title="bbox 157 1910 1726 1987">
     <span class='ocr_line' id='line_1_36' title="bbox 157 1910 1726 1987; baseline -0.007 -15"><span class='ocrx_word' id='word_1_246' title='bbox 157 1921 358 1986; x_wconf 79' lang='grc' dir='ltr'>ἄτιμον</span> <span class='ocrx_word' id='word_1_247' title='bbox 411 1921 469 1970; x_wconf 80' lang='grc' dir='ltr'>ὲν</span> <span class='ocrx_word' id='word_1_248' title='bbox 515 1919 653 1987; x_wconf 75' lang='grc' dir='ltr'>αὐτῇ</span> <span class='ocrx_word' id='word_1_249' title='bbox 698 1913 966 1985; x_wconf 73' lang='grc' dir='ltr'>πλανῆτιν</span> <span class='ocrx_word' id='word_1_250' title='bbox 1005 1916 1298 1982; x_wconf 77' lang='grc' dir='ltr'>περιιέναι.</span> <span class='ocrx_word' id='word_1_251' title='bbox 1339 1912 1571 1966; x_wconf 72' lang='grc' dir='ltr'>Εΰκολον</span> <span class='ocrx_word' id='word_1_252' title='bbox 1619 1910 1726 1977; x_wconf 84' lang='grc' dir='ltr'>γὰρ</span> 
     </span>
    </p>
   </div>
   <div class='ocr_carea' id='block_1_37' title="bbox 152 2003 1719 2079">
    <p class='ocr_par' dir='ltr' id='par_1_37' title="bbox 152 2003 1719 2079">
     <span class='ocr_line' id='line_1_37' title="bbox 152 2003 1719 2079; baseline -0.009 -14"><span class='ocrx_word' id='word_1_253' title='bbox 152 2008 297 2078; x_wconf 79' lang='grc' dir='ltr'>γυνὴ</span> <span class='ocrx_word' id='word_1_254' title='bbox 354 2007 490 2079; x_wconf 82' lang='grc' dir='ltr'>πρὸς</span> <span class='ocrx_word' id='word_1_255' title='bbox 542 2009 758 2078; x_wconf 81' lang='grc' dir='ltr'>ἀπάτην</span> <span class='ocrx_word' id='word_1_256' title='bbox 791 2008 882 2061; x_wconf 76' lang='grc' dir='ltr'><strong>καὶ</strong></span> <span class='ocrx_word' id='word_1_257' title='bbox 917 2007 1141 2077; x_wconf 79' lang='grc' dir='ltr'>κοῦφον.</span> <span class='ocrx_word' id='word_1_258' title='bbox 1178 2009 1298 2059; x_wconf 81' lang='grc' dir='ltr'>Δεῖν</span> <span class='ocrx_word' id='word_1_259' title='bbox 1339 2005 1394 2057; x_wconf 77' lang='grc' dir='ltr'>δὲ</span> <span class='ocrx_word' id='word_1_260' title='bbox 1443 2003 1614 2070; x_wconf 76' lang='grc' dir='ltr'>αὐτὴν</span> <span class='ocrx_word' id='word_1_261' title='bbox 1657 2005 1719 2052; x_wconf 83' lang='grc' dir='ltr'><strong>ὲκ</strong></span> 
     </span>
    </p>
   </div>
   <div class='ocr_carea' id='block_1_38' title="bbox 156 2090 1722 2171">
    <p class='ocr_par' dir='ltr' id='par_1_38' title="bbox 156 2090 1722 2171">
     <span class='ocr_line' id='line_1_38' title="bbox 156 2090 1722 2171; baseline -0.006 -19"><span class='ocrx_word' id='word_1_262' title='bbox 156 2102 361 2163; x_wconf 73' lang='grc' dir='ltr'>παντὸς</span> <span class='ocrx_word' id='word_1_263' title='bbox 402 2101 603 2171; x_wconf 87' lang='grc' dir='ltr'>τρόπου</span> <span class='ocrx_word' id='word_1_264' title='bbox 657 2102 714 2152; x_wconf 80' lang='grc' dir='ltr'>ἐν</span> <span class='ocrx_word' id='word_1_265' title='bbox 757 2103 823 2170; x_wconf 77' lang='grc' dir='ltr'>τῇ</span> <span class='ocrx_word' id='word_1_266' title='bbox 884 2097 1186 2166; x_wconf 80' lang='grc' dir='ltr'>Ἀρμενίων</span> <span class='ocrx_word' id='word_1_267' title='bbox 1215 2096 1536 2164; x_wconf 78' lang='grc' dir='ltr'>ἀνευρόντα,</span> <span class='ocrx_word' id='word_1_268' title='bbox 1593 2090 1722 2160; x_wconf 90' lang='grc' dir='ltr'>παρ’</span> 
     </span>
    </p>
   </div>
   <div class='ocr_carea' id='block_1_39' title="bbox 161 2183 1722 2261">
    <p class='ocr_par' dir='ltr' id='par_1_39' title="bbox 161 2183 1722 2261">
     <span class='ocr_line' id='line_1_39' title="bbox 161 2183 1722 2261; baseline -0.006 -15"><span class='ocrx_word' id='word_1_269' title='bbox 161 2192 325 2247; x_wconf 72' lang='grc' dir='ltr'>αὑτὸν</span> <span class='ocrx_word' id='word_1_270' title='bbox 374 2193 742 2261; x_wconf 85' lang='grc' dir='ltr'>ἀναπέμπειν.</span> <span class='ocrx_word' id='word_1_271' title='bbox 772 2192 833 2242; x_wconf 81' lang='lat' dir='ltr'><strong>Ei</strong></span> <span class='ocrx_word' id='word_1_272' title='bbox 859 2190 916 2242; x_wconf 72' lang='grc' dir='ltr'>δὲ</span> <span class='ocrx_word' id='word_1_273' title='bbox 947 2190 1040 2242; x_wconf 76' lang='grc' dir='ltr'>καὶ</span> <span class='ocrx_word' id='word_1_274' title='bbox 1071 2189 1266 2257; x_wconf 75' lang='grc' dir='ltr'>ἑαυτῷ,</span> <span class='ocrx_word' id='word_1_275' title='bbox 1297 2187 1454 2257; x_wconf 77' lang='grc' dir='ltr'>φησὶ,</span> <span class='ocrx_word' id='word_1_276' title='bbox 1486 2183 1722 2238; x_wconf 79' lang='grc' dir='ltr'>συνοικί-</span> 
     </span>
    </p>
   </div>
   <div class='ocr_carea' id='block_1_40' title="bbox 159 2272 1541 2350">
    <p class='ocr_par' dir='ltr' id='par_1_40' title="bbox 159 2272 1541 2350">
     <span class='ocr_line' id='line_1_40' title="bbox 159 2272 1541 2350; baseline -0.004 -14"><span class='ocrx_word' id='word_1_277' title='bbox 159 2301 337 2349; x_wconf 65' lang='lat' dir='ltr'><strong>cauo,</strong></span> <span class='ocrx_word' id='word_1_278' title='bbox 369 2287 461 2336; x_wconf 75' lang='grc' dir='ltr'>καὶ</span> <span class='ocrx_word' id='word_1_279' title='bbox 491 2282 646 2335; x_wconf 84' lang='grc' dir='ltr'>τοῦτο</span> <span class='ocrx_word' id='word_1_280' title='bbox 675 2280 837 2334; x_wconf 77' lang='grc' dir='ltr'>αὑτὸν</span> <span class='ocrx_word' id='word_1_281' title='bbox 866 2280 1156 2350; x_wconf 77' lang='grc' dir='ltr'>εὐφρανεῖν</span> <span class='ocrx_word' id='word_1_282' title='bbox 1178 2278 1327 2332; x_wconf 75' lang='grc' dir='ltr'>οὑδὶν</span> <span class='ocrx_word' id='word_1_283' title='bbox 1356 2272 1541 2350; x_wconf 81' lang='grc' dir='ltr'>ἦττον.</span> 
     </span>
    </p>
   </div>
   <div class='ocr_carea' id='block_1_41' title="bbox 219 2451 1722 2529">
    <p class='ocr_par' dir='ltr' id='par_1_41' title="bbox 219 2451 1722 2529">
     <span class='ocr_line' id='line_1_41' title="bbox 219 2451 1722 2529; baseline -0.003 -17"><span class='ocrx_word' id='word_1_284' title='bbox 219 2458 322 2513; x_wconf 82' lang='grc' dir='ltr'><strong>ΙΘ’.</strong></span> <span class='ocrx_word' id='word_1_285' title='bbox 352 2457 539 2513; x_wconf 74' lang='grc' dir='ltr'>Ταῦτα</span> <span class='ocrx_word' id='word_1_286' title='bbox 592 2457 782 2529; x_wconf 66' lang='grc' dir='ltr'>Επειδὴ</span> <span class='ocrx_word' id='word_1_287' title='bbox 835 2455 910 2518; x_wconf 85' lang='grc' dir='ltr'><strong>ὡς</strong></span> <span class='ocrx_word' id='word_1_288' title='bbox 947 2455 1038 2509; x_wconf 80' lang='grc' dir='ltr'><strong>τὸν</strong></span> <span class='ocrx_word' id='word_1_289' title='bbox 1089 2453 1399 2526; x_wconf 83' lang='grc' dir='ltr'>Τηριδάτην</span> <span class='ocrx_word' id='word_1_290' title='bbox 1446 2451 1513 2505; x_wconf 76' lang='grc' dir='ltr'>τὰ</span> <span class='ocrx_word' id='word_1_291' title='bbox 1541 2451 1722 2520; x_wconf 67' lang='grc' dir='ltr'>γράμκ</span> 
     </span>
    </p>
   </div>
   <div class='ocr_carea' id='block_1_42' title="bbox 149 2544 1723 2624">
    <p class='ocr_par' dir='ltr' id='par_1_42' title="bbox 149 2544 1723 2624">
     <span class='ocr_line' id='line_1_42' title="bbox 149 2544 1723 2624; baseline -0.005 -20"><span class='ocrx_word' id='word_1_292' title='bbox 149 2568 298 2622; x_wconf 82' lang='grc' dir='ltr'>ματα</span> <span class='ocrx_word' id='word_1_293' title='bbox 327 2544 483 2624; x_wconf 73' lang='grc' dir='ltr'>ἧκεν,</span> <span class='ocrx_word' id='word_1_294' title='bbox 529 2549 781 2620; x_wconf 80' lang='grc' dir='ltr'>ἀνίχνευε</span> <span class='ocrx_word' id='word_1_295' title='bbox 831 2549 928 2610; x_wconf 78' lang='grc' dir='ltr'>τὰς</span> <span class='ocrx_word' id='word_1_296' title='bbox 958 2547 1259 2616; x_wconf 77' lang='grc' dir='ltr'>παρθένους</span> <span class='ocrx_word' id='word_1_297' title='bbox 1301 2546 1500 2606; x_wconf 68' lang='grc' dir='ltr'>ἐκεῖνος</span> <span class='ocrx_word' id='word_1_298' title='bbox 1544 2559 1723 2613; x_wconf 79' lang='grc' dir='ltr'>παρα-</span> 
     </span>
    </p>
   </div>
   <div class='ocr_carea' id='block_1_43' title="bbox 146 2635 1721 2714">
    <p class='ocr_par' dir='ltr' id='par_1_43' title="bbox 146 2635 1721 2714">
     <span class='ocr_line' id='line_1_43' title="bbox 146 2635 1721 2714; baseline -0.006 -18"><span class='ocrx_word' id='word_1_299' title='bbox 146 2645 345 2714; x_wconf 79' lang='grc' dir='ltr'>χρῆμα</span> <span class='ocrx_word' id='word_1_300' title='bbox 362 2644 456 2696; x_wconf 76' lang='grc' dir='ltr'><strong>καὶ</strong></span> <span class='ocrx_word' id='word_1_301' title='bbox 478 2641 774 2712; x_wconf 80' lang='grc' dir='ltr'>ἀνηρεύνα.</span> <span class='ocrx_word' id='word_1_302' title='bbox 806 2641 892 2703; x_wconf 84' lang='grc' dir='ltr'>Ὠς</span> <span class='ocrx_word' id='word_1_303' title='bbox 917 2640 972 2693; x_wconf 77' lang='grc' dir='ltr'>δὲ</span> <span class='ocrx_word' id='word_1_304' title='bbox 998 2640 1092 2692; x_wconf 76' lang='grc' dir='ltr'>καὶ</span> <span class='ocrx_word' id='word_1_305' title='bbox 1115 2641 1169 2690; x_wconf 82' lang='grc' dir='ltr'>ὲν</span> <span class='ocrx_word' id='word_1_306' title='bbox 1193 2639 1308 2700; x_wconf 80' lang='grc' dir='ltr'>τοῖς</span> <span class='ocrx_word' id='word_1_307' title='bbox 1347 2638 1525 2708; x_wconf 78' lang='grc' dir='ltr'>ληνοῖς</span> <span class='ocrx_word' id='word_1_308' title='bbox 1554 2635 1721 2701; x_wconf 74' lang='grc' dir='ltr'>αὑτὰς</span> 
     </span>
    </p>
   </div>
   <div class='ocr_carea' id='block_1_44' title="bbox 140 2717 1726 2799">
    <p class='ocr_par' dir='ltr' id='par_1_44' title="bbox 140 2717 1726 2799">
     <span class='ocr_line' id='line_1_44' title="bbox 140 2717 1726 2799; baseline -0.003 -17"><span class='ocrx_word' id='word_1_309' title='bbox 140 2717 486 2799; x_wconf 52' lang='grc' dir='ltr'>’κρύπτεσθαι</span> <span class='ocrx_word' id='word_1_310' title='bbox 513 2730 844 2797; x_wconf 75' lang='grc' dir='ltr'>μεμαθήκοι,</span> <span class='ocrx_word' id='word_1_311' title='bbox 864 2729 1042 2790; x_wconf 83' lang='grc' dir='ltr'>δείσας</span> <span class='ocrx_word' id='word_1_312' title='bbox 1063 2726 1160 2796; x_wconf 78' lang='grc' dir='ltr'><strong>μὴ,</strong></span> <span class='ocrx_word' id='word_1_313' title='bbox 1185 2726 1609 2797; x_wconf 85' lang='grc' dir='ltr'>προαισθόμεναι</span> <span class='ocrx_word' id='word_1_314' title='bbox 1628 2723 1726 2794; x_wconf 78' lang='grc' dir='ltr'>τὴν</span> 
     </span>
    </p>
   </div>
   <div class='ocr_carea' id='block_1_45' title="bbox 144 2815 1729 2889">
    <p class='ocr_par' dir='ltr' id='par_1_45' title="bbox 144 2815 1729 2889">
     <span class='ocr_line' id='line_1_45' title="bbox 144 2815 1729 2889; baseline -0.005 -16"><span class='ocrx_word' id='word_1_315' title='bbox 144 2821 405 2889; x_wconf 68' lang='grc' dir='ltr'>ἔρευναν,</span> <span class='ocrx_word' id='word_1_316' title='bbox 435 2819 647 2871; x_wconf 63' lang='grc' dir='ltr'>ἐκεῖθέν</span> <span class='ocrx_word' id='word_1_317' title='bbox 671 2834 730 2870; x_wconf 85' lang='grc' dir='ltr'><strong>τε</strong></span> <span class='ocrx_word' id='word_1_318' title='bbox 755 2816 1065 2884; x_wconf 65' lang='grc' dir='ltr'>διαφύγοιεν</span> <span class='ocrx_word' id='word_1_319' title='bbox 1091 2820 1184 2869; x_wconf 77' lang='grc' dir='ltr'>καὶ</span> <span class='ocrx_word' id='word_1_320' title='bbox 1216 2820 1272 2867; x_wconf 67' lang='grc' dir='ltr'>ἐν</span> <span class='ocrx_word' id='word_1_321' title='bbox 1307 2815 1486 2884; x_wconf 82' lang='grc' dir='ltr'>ἀδήλῳ</span> <span class='ocrx_word' id='word_1_322' title='bbox 1513 2819 1729 2884; x_wconf 81' lang='grc' dir='ltr'>ἀποχωο</span> 
     </span>
    </p>
   </div>
   <div class='ocr_carea' id='block_1_46' title="bbox 145 2904 1729 2978">
    <p class='ocr_par' dir='ltr' id='par_1_46' title="bbox 145 2904 1729 2978">
     <span class='ocr_line' id='line_1_46' title="bbox 145 2904 1729 2978; baseline -0.004 -17"><span class='ocrx_word' id='word_1_323' title='bbox 145 2912 382 2977; x_wconf 79' lang='grc' dir='ltr'>ρήσωσι,</span> <span class='ocrx_word' id='word_1_324' title='bbox 412 2909 630 2978; x_wconf 70' lang='grc' dir='ltr'>φρουρᾷ</span> <span class='ocrx_word' id='word_1_325' title='bbox 657 2907 716 2958; x_wconf 77' lang='grc' dir='ltr'><strong>τὸ</strong></span> <span class='ocrx_word' id='word_1_326' title='bbox 747 2908 946 2975; x_wconf 81' lang='grc' dir='ltr'>χωρίον</span> <span class='ocrx_word' id='word_1_327' title='bbox 994 2904 1366 2972; x_wconf 73' lang='grc' dir='ltr'>διαλαμϐάνει.</span> <span class='ocrx_word' id='word_1_328' title='bbox 1390 2907 1496 2958; x_wconf 74' lang='grc' dir='ltr'><strong>Καὶ</strong></span> <span class='ocrx_word' id='word_1_329' title='bbox 1542 2904 1729 2972; x_wconf 87' lang='grc' dir='ltr'>μαθὼν</span> 
     </span>
    </p>
   </div>
   <div class='ocr_carea' id='block_1_47' title="bbox 143 2994 1726 3069">
    <p class='ocr_par' dir='ltr' id='par_1_47' title="bbox 143 2994 1726 3069">
     <span class='ocr_line' id='line_1_47' title="bbox 143 2994 1726 3069; baseline -0.005 -15"><span class='ocrx_word' id='word_1_330' title='bbox 143 3001 253 3054; x_wconf 81' lang='grc' dir='ltr'><strong>ὑπὸ</strong></span> <span class='ocrx_word' id='word_1_331' title='bbox 283 3001 394 3054; x_wconf 82' lang='grc' dir='ltr'><strong>τῶν</strong></span> <span class='ocrx_word' id='word_1_332' title='bbox 429 3001 643 3053; x_wconf 79' lang='grc' dir='ltr'>ίόόντων</span> <span class='ocrx_word' id='word_1_333' title='bbox 683 2998 964 3069; x_wconf 75' lang='grc' dir='ltr'>Ῥιψίμην,</span> <span class='ocrx_word' id='word_1_334' title='bbox 987 2997 1059 3060; x_wconf 84' lang='grc' dir='ltr'>ὼς</span> <span class='ocrx_word' id='word_1_335' title='bbox 1083 2996 1168 3064; x_wconf 74' lang='grc' dir='ltr'><strong>εἴη</strong></span> <span class='ocrx_word' id='word_1_336' title='bbox 1193 2996 1420 3065; x_wconf 83' lang='grc' dir='ltr'>περιττὴ</span> <span class='ocrx_word' id='word_1_337' title='bbox 1438 2996 1495 3049; x_wconf 83' lang='grc' dir='ltr'><strong>τὸ</strong></span> <span class='ocrx_word' id='word_1_338' title='bbox 1514 2994 1726 3061; x_wconf 78' lang='grc' dir='ltr'>καλλος,</span> 
     </span>
    </p>
   </div>
   <div class='ocr_carea' id='block_1_48' title="bbox 142 3087 1728 3162">
    <p class='ocr_par' dir='ltr' id='par_1_48' title="bbox 142 3087 1728 3162">
     <span class='ocr_line' id='line_1_48' title="bbox 142 3087 1728 3162; baseline -0.004 -15"><span class='ocrx_word' id='word_1_339' title='bbox 142 3093 242 3147; x_wconf 78' lang='grc' dir='ltr'>καὶ</span> <span class='ocrx_word' id='word_1_340' title='bbox 296 3094 538 3162; x_wconf 86' lang='grc' dir='ltr'>χαρίτων</span> <span class='ocrx_word' id='word_1_341' title='bbox 586 3092 820 3161; x_wconf 70' lang='grc' dir='ltr'>ἀφθονία</span> <span class='ocrx_word' id='word_1_342' title='bbox 881 3092 1015 3144; x_wconf 79' lang='grc' dir='ltr'>πολὺ</span> <span class='ocrx_word' id='word_1_343' title='bbox 1067 3089 1128 3141; x_wconf 80' lang='grc' dir='ltr'><strong>τὸ</strong></span> <span class='ocrx_word' id='word_1_344' title='bbox 1163 3087 1454 3162; x_wconf 54' lang='grc' dir='ltr'>ἐπαγωγὸν</span> <span class='ocrx_word' id='word_1_345' title='bbox 1511 3090 1728 3155; x_wconf 73' lang='grc' dir='ltr'>ἔχουσα,</span> 
     </span>
    </p>
   </div>
   <div class='ocr_carea' id='block_1_49' title="bbox 141 3179 1724 3253">
    <p class='ocr_par' dir='ltr' id='par_1_49' title="bbox 141 3179 1724 3253">
     <span class='ocr_line' id='line_1_49' title="bbox 141 3179 1724 3253; baseline -0.003 -17"><span class='ocrx_word' id='word_1_346' title='bbox 141 3185 461 3250; x_wconf 76' lang='grc' dir='ltr'>ὑπετύφετο</span> <span class='ocrx_word' id='word_1_347' title='bbox 490 3185 590 3253; x_wconf 69' lang='grc' dir='ltr'><strong>ἤδη</strong></span> <span class='ocrx_word' id='word_1_348' title='bbox 625 3185 701 3252; x_wconf 79' lang='grc' dir='ltr'>τῷ</span> <span class='ocrx_word' id='word_1_349' title='bbox 738 3185 871 3252; x_wconf 78' lang='grc' dir='ltr'>πρὸς</span> <span class='ocrx_word' id='word_1_350' title='bbox 905 3183 1077 3252; x_wconf 78' lang='grc' dir='ltr'>αὐτὴν</span> <span class='ocrx_word' id='word_1_351' title='bbox 1110 3183 1295 3248; x_wconf 75' lang='grc' dir='ltr'>ἔρωτι,</span> <span class='ocrx_word' id='word_1_352' title='bbox 1320 3183 1408 3232; x_wconf 77' lang='grc' dir='ltr'>καὶ</span> <span class='ocrx_word' id='word_1_353' title='bbox 1444 3179 1724 3248; x_wconf 84' lang='grc' dir='ltr'>βασιλικὰς</span> 
     </span>
    </p>
   </div>
   <div class='ocr_carea' id='block_1_50' title="bbox 140 3268 1728 3343">
    <p class='ocr_par' dir='ltr' id='par_1_50' title="bbox 140 3268 1728 3343">
     <span class='ocr_line' id='line_1_50' title="bbox 140 3268 1728 3343; baseline -0.003 -17"><span class='ocrx_word' id='word_1_354' title='bbox 140 3276 288 3343; x_wconf 79' lang='grc' dir='ltr'>αὐτῇ</span> <span class='ocrx_word' id='word_1_355' title='bbox 340 3273 533 3335; x_wconf 83' lang='grc' dir='ltr'>στολὰς</span> <span class='ocrx_word' id='word_1_356' title='bbox 566 3274 724 3334; x_wconf 78' lang='grc' dir='ltr'>εὐθὺς</span> <span class='ocrx_word' id='word_1_357' title='bbox 765 3273 855 3324; x_wconf 78' lang='grc' dir='ltr'>καὶ</span> <span class='ocrx_word' id='word_1_358' title='bbox 891 3272 1094 3340; x_wconf 84' lang='grc' dir='ltr'>κόσμον</span> <span class='ocrx_word' id='word_1_359' title='bbox 1123 3271 1281 3328; x_wconf 76' lang='grc' dir='ltr'>ἄλλον</span> <span class='ocrx_word' id='word_1_360' title='bbox 1314 3271 1612 3337; x_wconf 76' lang='grc' dir='ltr'>ἐκπέμπει,</span> <span class='ocrx_word' id='word_1_361' title='bbox 1635 3268 1728 3321; x_wconf 74' lang='grc' dir='ltr'><strong>καὶ</strong></span> 
     </span>
    </p>
   </div>
   <div class='ocr_carea' id='block_1_51' title="bbox 139 3359 1731 3432">
    <p class='ocr_par' dir='ltr' id='par_1_51' title="bbox 139 3359 1731 3432">
     <span class='ocr_line' id='line_1_51' title="bbox 139 3359 1731 3432; baseline -0.002 -18"><span class='ocrx_word' id='word_1_362' title='bbox 139 3364 370 3415; x_wconf 76' lang='grc' dir='ltr'>κελεύει</span> <span class='ocrx_word' id='word_1_363' title='bbox 405 3364 503 3430; x_wconf 84' lang='grc' dir='ltr'>τὴν</span> <span class='ocrx_word' id='word_1_364' title='bbox 545 3361 824 3432; x_wconf 73' lang='grc' dir='ltr'>Ῥιψίμην,</span> <span class='ocrx_word' id='word_1_365' title='bbox 857 3359 1032 3414; x_wconf 84' lang='grc' dir='ltr'>ταῦτα</span> <span class='ocrx_word' id='word_1_366' title='bbox 1069 3362 1317 3425; x_wconf 73' lang='grc' dir='ltr'>ἐνδῦσαν,</span> <span class='ocrx_word' id='word_1_367' title='bbox 1364 3361 1440 3422; x_wconf 74' lang='grc' dir='ltr'>εἰς</span> <span class='ocrx_word' id='word_1_368' title='bbox 1467 3365 1535 3414; x_wconf 61' lang='grc' dir='ltr'>τὰ</span> <span class='ocrx_word' id='word_1_369' title='bbox 1577 3360 1731 3429; x_wconf 77' lang='grc' dir='ltr'>βασίο</span> 
     </span>
    </p>
   </div>
   <div class='ocr_carea' id='block_1_52' title="bbox 136 3451 1731 3525">
    <p class='ocr_par' dir='ltr' id='par_1_52' title="bbox 136 3451 1731 3525">
     <span class='ocr_line' id='line_1_52' title="bbox 136 3451 1731 3525; baseline -0.001 -21"><span class='ocrx_word' id='word_1_370' title='bbox 136 3454 262 3507; x_wconf 84' lang='grc' dir='ltr'>λεια</span> <span class='ocrx_word' id='word_1_371' title='bbox 287 3451 436 3525; x_wconf 77' lang='grc' dir='ltr'>’παρ’</span> <span class='ocrx_word' id='word_1_372' title='bbox 474 3453 636 3507; x_wconf 72' lang='grc' dir='ltr'>αὑτὸν</span> <span class='ocrx_word' id='word_1_373' title='bbox 666 3454 864 3516; x_wconf 72' lang='grc' dir='ltr'>ίλθεῖν,</span> <span class='ocrx_word' id='word_1_374' title='bbox 890 3457 985 3515; x_wconf 75' lang='grc' dir='ltr'><strong>τὰς</strong></span> <span class='ocrx_word' id='word_1_375' title='bbox 1010 3454 1065 3505; x_wconf 75' lang='grc' dir='ltr'>δὲ</span> <span class='ocrx_word' id='word_1_376' title='bbox 1093 3453 1286 3514; x_wconf 71' lang='grc' dir='ltr'>λοιπὰς</span> <span class='ocrx_word' id='word_1_377' title='bbox 1307 3453 1411 3504; x_wconf 82' lang='grc' dir='ltr'>ὑπὸ</span> <span class='ocrx_word' id='word_1_378' title='bbox 1430 3456 1496 3520; x_wconf 83' lang='grc' dir='ltr'>τῇ</span> <span class='ocrx_word' id='word_1_379' title='bbox 1521 3451 1731 3520; x_wconf 72' lang='grc' dir='ltr'>φρουρᾷ</span> 
     </span>
    </p>
   </div>
   <div class='ocr_carea' id='block_1_53' title="bbox 138 3539 1731 3612">
    <p class='ocr_par' dir='ltr' id='par_1_53' title="bbox 138 3539 1731 3612">
     <span class='ocr_line' id='line_1_53' title="bbox 138 3539 1731 3612; baseline -0.001 -20"><span class='ocrx_word' id='word_1_380' title='bbox 138 3545 470 3612; x_wconf 83' lang='grc' dir='ltr'>τηρεῖσθαι.</span> <span class='ocrx_word' id='word_1_381' title='bbox 516 3541 736 3610; x_wconf 81' lang='grc' dir='ltr'>Ἐκείνη</span> <span class='ocrx_word' id='word_1_382' title='bbox 769 3543 950 3612; x_wconf 81' lang='grc' dir='ltr'>μέντοι</span> <span class='ocrx_word' id='word_1_383' title='bbox 985 3543 1061 3610; x_wconf 84' lang='grc' dir='ltr'>τῷ</span> <span class='ocrx_word' id='word_1_384' title='bbox 1093 3543 1170 3603; x_wconf 78' lang='grc' dir='ltr'><strong>είς</strong></span> <span class='ocrx_word' id='word_1_385' title='bbox 1200 3541 1432 3610; x_wconf 84' lang='grc' dir='ltr'>Χριστὸν</span> <span class='ocrx_word' id='word_1_386' title='bbox 1452 3541 1599 3610; x_wconf 82' lang='grc' dir='ltr'>πόθῳ</span> <span class='ocrx_word' id='word_1_387' title='bbox 1621 3539 1731 3591; x_wconf 83' lang='grc' dir='ltr'>δια-</span> 
     </span>
    </p>
   </div>
   <div class='ocr_carea' id='block_1_54' title="bbox 136 3627 1733 3701">
    <p class='ocr_par' dir='ltr' id='par_1_54' title="bbox 136 3627 1733 3701">
     <span class='ocr_line' id='line_1_54' title="bbox 136 3627 1733 3701; baseline 0.001 -21"><span class='ocrx_word' id='word_1_388' title='bbox 136 3634 468 3701; x_wconf 76' lang='grc' dir='ltr'>φλεγομένη</span> <span class='ocrx_word' id='word_1_389' title='bbox 511 3633 604 3682; x_wconf 80' lang='grc' dir='ltr'>καὶ</span> <span class='ocrx_word' id='word_1_390' title='bbox 652 3629 860 3698; x_wconf 86' lang='grc' dir='ltr'>σφόδρα</span> <span class='ocrx_word' id='word_1_391' title='bbox 920 3629 1199 3699; x_wconf 78' lang='grc' dir='ltr'>περικαῶς</span> <span class='ocrx_word' id='word_1_392' title='bbox 1228 3627 1394 3682; x_wconf 67' lang='grc' dir='ltr'>αὑτοῦ</span> <span class='ocrx_word' id='word_1_393' title='bbox 1430 3629 1652 3699; x_wconf 83' lang='grc' dir='ltr'>ἔχουσα,</span> <span class='ocrx_word' id='word_1_394' title='bbox 1675 3630 1733 3682; x_wconf 83' lang='grc' dir='ltr'>ὃν</span> 
     </span>
    </p>
   </div>
   <div class='ocr_carea' id='block_1_55' title="bbox 135 3720 1732 3792">
    <p class='ocr_par' dir='ltr' id='par_1_55' title="bbox 135 3720 1732 3792">
     <span class='ocr_line' id='line_1_55' title="bbox 135 3720 1732 3792; baseline -0.002 -17"><span class='ocrx_word' id='word_1_395' title='bbox 135 3723 199 3792; x_wconf 80' lang='grc' dir='ltr'>δὴ</span> <span class='ocrx_word' id='word_1_396' title='bbox 237 3725 339 3775; x_wconf 80' lang='grc' dir='ltr'>καὶ</span> <span class='ocrx_word' id='word_1_397' title='bbox 379 3723 540 3789; x_wconf 85' lang='grc' dir='ltr'>μόνον</span> <span class='ocrx_word' id='word_1_398' title='bbox 566 3720 678 3789; x_wconf 71' lang='grc' dir='ltr'>ᾔδει</span> <span class='ocrx_word' id='word_1_399' title='bbox 717 3720 970 3787; x_wconf 74' lang='grc' dir='ltr'>νυμφίον,</span> <span class='ocrx_word' id='word_1_400' title='bbox 998 3721 1116 3780; x_wconf 83' lang='grc' dir='ltr'>ταῖς</span> <span class='ocrx_word' id='word_1_401' title='bbox 1153 3721 1506 3789; x_wconf 77' lang='grc' dir='ltr'>παραινέσεσι</span> <span class='ocrx_word' id='word_1_402' title='bbox 1536 3738 1594 3772; x_wconf 85' lang='grc' dir='ltr'><strong>τε</strong></span> <span class='ocrx_word' id='word_1_403' title='bbox 1639 3723 1732 3772; x_wconf 74' lang='grc' dir='ltr'>καὶ</span> 
     </span>
    </p>
   </div>
   <div class='ocr_carea' id='block_1_56' title="bbox 131 3810 1732 3882">
    <p class='ocr_par' dir='ltr' id='par_1_56' title="bbox 131 3810 1732 3882">
     <span class='ocr_line' id='line_1_56' title="bbox 131 3810 1732 3882; baseline 0.002 -19"><span class='ocrx_word' id='word_1_404' title='bbox 131 3812 458 3880; x_wconf 72' lang='grc' dir='ltr'>ὑποθήκαις</span> <span class='ocrx_word' id='word_1_405' title='bbox 495 3810 752 3879; x_wconf 79' lang='grc' dir='ltr'>Γαῖανῆς,</span> <span class='ocrx_word' id='word_1_406' title='bbox 797 3810 919 3880; x_wconf 76' lang='grc' dir='ltr'>ἥτις</span> <span class='ocrx_word' id='word_1_407' title='bbox 970 3811 1305 3880; x_wconf 80' lang='grc' dir='ltr'>ἀνεθρέψατό</span> <span class='ocrx_word' id='word_1_408' title='bbox 1355 3827 1416 3878; x_wconf 86' lang='grc' dir='ltr'><strong>γε</strong></span> <span class='ocrx_word' id='word_1_409' title='bbox 1456 3813 1625 3882; x_wconf 77' lang='grc' dir='ltr'>αὐτὴν</span> <span class='ocrx_word' id='word_1_410' title='bbox 1669 3814 1732 3866; x_wconf 77' lang='grc' dir='ltr'><strong>ἐκ</strong></span> 
     </span>
    </p>
   </div>
   <div class='ocr_carea' id='block_1_57' title="bbox 132 3902 1736 3979">
    <p class='ocr_par' dir='ltr' id='par_1_57' title="bbox 132 3902 1736 3979">
     <span class='ocr_line' id='line_1_57' title="bbox 132 3902 1736 3979; baseline 0.001 -25"><span class='ocrx_word' id='word_1_411' title='bbox 132 3902 410 3979; x_wconf 76' lang='grc' dir='ltr'>βρέφους,</span> <span class='ocrx_word' id='word_1_412' title='bbox 436 3903 527 3954; x_wconf 80' lang='grc' dir='ltr'><strong>καί</strong></span> <span class='ocrx_word' id='word_1_413' title='bbox 551 3905 629 3965; x_wconf 83' lang='grc' dir='ltr'>εἰς</span> <span class='ocrx_word' id='word_1_414' title='bbox 656 3904 770 3954; x_wconf 69' lang='grc' dir='ltr'>τόδε</span> <span class='ocrx_word' id='word_1_415' title='bbox 820 3903 1134 3973; x_wconf 80' lang='grc' dir='ltr'>προήγαγεν</span> <span class='ocrx_word' id='word_1_416' title='bbox 1207 3903 1445 3974; x_wconf 71' lang='grc' dir='ltr'>ἡλικίας,</span> <span class='ocrx_word' id='word_1_417' title='bbox 1471 3907 1561 3957; x_wconf 72' lang='grc' dir='ltr'><strong>ἐπὶ</strong></span> <span class='ocrx_word' id='word_1_418' title='bbox 1603 3906 1736 3976; x_wconf 63' lang='grc' dir='ltr'>μᾶλα</span> 
     </span>
    </p>
   </div>
   <div class='ocr_carea' id='block_1_58' title="bbox 130 3994 1732 4067">
    <p class='ocr_par' dir='ltr' id='par_1_58' title="bbox 130 3994 1732 4067">
     <span class='ocr_line' id='line_1_58' title="bbox 130 3994 1732 4067; baseline 0.003 -21"><span class='ocrx_word' id='word_1_419' title='bbox 130 3997 227 4047; x_wconf 88' lang='grc' dir='ltr'><strong>λον</strong></span> <span class='ocrx_word' id='word_1_420' title='bbox 291 3994 821 4064; x_wconf 77' lang='grc' dir='ltr'>ὑπερζέουσα,τούς</span> <span class='ocrx_word' id='word_1_421' title='bbox 868 4010 926 4045; x_wconf 89' lang='grc' dir='ltr'><strong>τε</strong></span> <span class='ocrx_word' id='word_1_422' title='bbox 974 3996 1066 4045; x_wconf 80' lang='grc' dir='ltr'>τοῦ</span> <span class='ocrx_word' id='word_1_423' title='bbox 1118 3997 1446 4063; x_wconf 83' lang='grc' dir='ltr'>μισουμένου</span> <span class='ocrx_word' id='word_1_424' title='bbox 1506 4000 1732 4067; x_wconf 75' lang='grc' dir='ltr'>ἐραστοῦ</span> 
     </span>
    </p>
   </div>
   <div class='ocr_carea' id='block_1_59' title="bbox 128 4083 1736 4160">
    <p class='ocr_par' dir='ltr' id='par_1_59' title="bbox 128 4083 1736 4160">
     <span class='ocr_line' id='line_1_59' title="bbox 128 4083 1736 4160; baseline 0.006 -27"><span class='ocrx_word' id='word_1_425' title='bbox 128 4085 337 4153; x_wconf 75' lang='grc' dir='ltr'>λόγους</span> <span class='ocrx_word' id='word_1_426' title='bbox 372 4086 596 4155; x_wconf 66' lang='grc' dir='ltr'>ἐπίσης,</span> <span class='ocrx_word' id='word_1_427' title='bbox 620 4085 714 4137; x_wconf 70' lang='grc' dir='ltr'>καὶ</span> <span class='ocrx_word' id='word_1_428' title='bbox 741 4085 807 4137; x_wconf 86' lang='grc' dir='ltr'><strong>τά</strong></span> <span class='ocrx_word' id='word_1_429' title='bbox 839 4083 1154 4152; x_wconf 73' lang='grc' dir='ltr'>πεμφθέντα</span> <span class='ocrx_word' id='word_1_430' title='bbox 1184 4085 1426 4142; x_wconf 78' lang='grc' dir='ltr'>διέπτυε.</span> <span class='ocrx_word' id='word_1_431' title='bbox 1447 4090 1540 4141; x_wconf 81' lang='grc' dir='ltr'>καὶ</span> <span class='ocrx_word' id='word_1_432' title='bbox 1569 4106 1736 4160; x_wconf 86' lang='grc' dir='ltr'>προσ-</span> 
     </span>
    </p>
   </div>
   <div class='ocr_carea' id='block_1_60' title="bbox 126 4176 1735 4248">
    <p class='ocr_par' dir='ltr' id='par_1_60' title="bbox 126 4176 1735 4248">
     <span class='ocr_line' id='line_1_60' title="bbox 126 4176 1735 4248; baseline 0.003 -21"><span class='ocrx_word' id='word_1_433' title='bbox 126 4181 273 4248; x_wconf 73' lang='grc' dir='ltr'>ευχῇ</span> <span class='ocrx_word' id='word_1_434' title='bbox 327 4178 481 4248; x_wconf 80' lang='grc' dir='ltr'>μετὰ</span> <span class='ocrx_word' id='word_1_435' title='bbox 525 4176 633 4230; x_wconf 84' lang='grc' dir='ltr'><strong>τῶν</strong></span> <span class='ocrx_word' id='word_1_436' title='bbox 681 4177 777 4229; x_wconf 81' lang='grc' dir='ltr'><strong>σὺν</strong></span> <span class='ocrx_word' id='word_1_437' title='bbox 826 4179 962 4246; x_wconf 76' lang='grc' dir='ltr'>αὐτῇ</span> <span class='ocrx_word' id='word_1_438' title='bbox 1012 4179 1382 4246; x_wconf 83' lang='grc' dir='ltr'>προσανεῖχεν.</span> <span class='ocrx_word' id='word_1_439' title='bbox 1409 4177 1500 4232; x_wconf 82' lang='grc' dir='ltr'>Ἐν</span> <span class='ocrx_word' id='word_1_440' title='bbox 1527 4181 1631 4246; x_wconf 78' lang='grc' dir='ltr'><strong>ὅσῳ</strong></span> <span class='ocrx_word' id='word_1_441' title='bbox 1679 4184 1735 4234; x_wconf 82' lang='grc' dir='ltr'>δὲ</span> 
     </span>
    </p>
   </div>
   <div class='ocr_carea' id='block_1_61' title="bbox 124 4268 1734 4342">
    <p class='ocr_par' dir='ltr' id='par_1_61' title="bbox 124 4268 1734 4342">
     <span class='ocr_line' id='line_1_61' title="bbox 124 4268 1734 4342; baseline 0.002 -21"><span class='ocrx_word' id='word_1_442' title='bbox 124 4276 196 4322; x_wconf 68' lang='grc' dir='ltr'>τὰ</span> <span class='ocrx_word' id='word_1_443' title='bbox 228 4271 335 4338; x_wconf 78' lang='grc' dir='ltr'>τῆς</span> <span class='ocrx_word' id='word_1_444' title='bbox 369 4269 544 4337; x_wconf 82' lang='grc' dir='ltr'>εὐχῆς</span> <span class='ocrx_word' id='word_1_445' title='bbox 573 4269 843 4336; x_wconf 76' lang='grc' dir='ltr'>διηνύετο,</span> <span class='ocrx_word' id='word_1_446' title='bbox 864 4269 958 4320; x_wconf 79' lang='grc' dir='ltr'>καὶ</span> <span class='ocrx_word' id='word_1_447' title='bbox 989 4268 1185 4338; x_wconf 82' lang='grc' dir='ltr'>βροντὴ</span> <span class='ocrx_word' id='word_1_448' title='bbox 1210 4269 1403 4340; x_wconf 73' lang='grc' dir='ltr'>ἀθρόον</span> <span class='ocrx_word' id='word_1_449' title='bbox 1447 4271 1734 4342; x_wconf 73' lang='grc' dir='ltr'>ὑπερράγη</span> 
     </span>
    </p>
   </div>
   <div class='ocr_carea' id='block_1_62' title="bbox 124 4360 1734 4432">
    <p class='ocr_par' dir='ltr' id='par_1_62' title="bbox 124 4360 1734 4432">
     <span class='ocr_line' id='line_1_62' title="bbox 124 4360 1734 4432; baseline 0 -17"><span class='ocrx_word' id='word_1_450' title='bbox 124 4365 224 4415; x_wconf 76' lang='grc' dir='ltr'><strong>καὶ</strong></span> <span class='ocrx_word' id='word_1_451' title='bbox 270 4361 442 4431; x_wconf 70' lang='grc' dir='ltr'>φωνὴ</span> <span class='ocrx_word' id='word_1_452' title='bbox 495 4361 699 4414; x_wconf 86' lang='grc' dir='ltr'>ἄνωθεν</span> <span class='ocrx_word' id='word_1_453' title='bbox 720 4362 785 4428; x_wconf 80' lang='grc' dir='ltr'>τῇ</span> <span class='ocrx_word' id='word_1_454' title='bbox 813 4360 1008 4428; x_wconf 78' lang='grc' dir='ltr'>βροντῇ</span> <span class='ocrx_word' id='word_1_455' title='bbox 1041 4363 1326 4429; x_wconf 85' lang='grc' dir='ltr'>ἁπηχεῖτο,</span> <span class='ocrx_word' id='word_1_456' title='bbox 1371 4363 1734 4432; x_wconf 74' lang='grc' dir='ltr'>’Λνόρίζεσθε,</span> 
     </span>
    </p>
   </div>
   <div class='ocr_carea' id='block_1_63' title="bbox 1828 1904 3398 1976">
    <p class='ocr_par' dir='ltr' id='par_1_63' title="bbox 1828 1904 3398 1976">
     <span class='ocr_line' id='line_1_63' title="bbox 1828 1904 3398 1976; baseline 0.001 -19"><span class='ocrx_word' id='word_1_457' title='bbox 1828 1906 2030 1976; x_wconf 89' lang='lat' dir='ltr'><strong>probro</strong></span> <span class='ocrx_word' id='word_1_458' title='bbox 2077 1914 2132 1957; x_wconf 89' lang='lat' dir='ltr'><strong>et</strong></span> <span class='ocrx_word' id='word_1_459' title='bbox 2178 1905 2474 1973; x_wconf 76' lang='lat' dir='ltr'><strong>ignominia</strong></span> <span class='ocrx_word' id='word_1_460' title='bbox 2526 1915 2798 1958; x_wconf 78' lang='lat' dir='ltr'><strong>errantem</strong></span> <span class='ocrx_word' id='word_1_461' title='bbox 2849 1904 3019 1965; x_wconf 87' lang='lat' dir='ltr'><strong>obire,</strong></span> <span class='ocrx_word' id='word_1_462' title='bbox 3075 1920 3233 1970; x_wconf 83' lang='lat' dir='ltr'><strong>quam</strong></span> <span class='ocrx_word' id='word_1_463' title='bbox 3275 1920 3398 1958; x_wconf 89' lang='lat' dir='ltr'><strong>cum</strong></span> 
     </span>
    </p>
   </div>
   <div class='ocr_carea' id='block_1_64' title="bbox 1772 1993 3399 2063">
    <p class='ocr_par' dir='ltr' id='par_1_64' title="bbox 1772 1993 3399 2063">
     <span class='ocr_line' id='line_1_64' title="bbox 1772 1993 3399 2063; baseline -0.002 -13"><span class='ocrx_word' id='word_1_464' title='bbox 1772 1993 1775 1996; x_wconf 63' lang='grc'><strong>”</strong></span> <span class='ocrx_word' id='word_1_465' title='bbox 1826 2011 1891 2050; x_wconf 90' lang='lat' dir='ltr'><strong>eo</strong></span> <span class='ocrx_word' id='word_1_466' title='bbox 1919 1995 2179 2049; x_wconf 85' lang='lat' dir='ltr'><strong>habitare.</strong></span> <span class='ocrx_word' id='word_1_467' title='bbox 2217 1995 2311 2048; x_wconf 85' lang='lat' dir='ltr'><strong>Est</strong></span> <span class='ocrx_word' id='word_1_468' title='bbox 2361 1997 2506 2049; x_wconf 87' lang='lat' dir='ltr'><strong>enim</strong></span> <span class='ocrx_word' id='word_1_469' title='bbox 2541 1995 2765 2058; x_wconf 82' lang='lat' dir='ltr'><strong>femina,</strong></span> <span class='ocrx_word' id='word_1_470' title='bbox 2799 1997 3001 2055; x_wconf 84' lang='lat' dir='ltr'><strong>aiebat,</strong></span> <span class='ocrx_word' id='word_1_471' title='bbox 3040 2011 3124 2048; x_wconf 81' lang='lat' dir='ltr'><strong>res</strong></span> <span class='ocrx_word' id='word_1_472' title='bbox 3169 1995 3399 2063; x_wconf 89' lang='lat' dir='ltr'><strong>deceptu</strong></span> 
     </span>
    </p>
   </div>
   <div class='ocr_carea' id='block_1_65' title="bbox 1827 2085 3400 2156">
    <p class='ocr_par' dir='ltr' id='par_1_65' title="bbox 1827 2085 3400 2156">
     <span class='ocr_line' id='line_1_65' title="bbox 1827 2085 3400 2156; baseline -0.001 -16"><span class='ocrx_word' id='word_1_473' title='bbox 1827 2087 2022 2140; x_wconf 80' lang='lat' dir='ltr'><strong>facilis.</strong></span> <span class='ocrx_word' id='word_1_474' title='bbox 2054 2087 2299 2156; x_wconf 79' lang='lat' dir='ltr'><strong>Rogabat</strong></span> <span class='ocrx_word' id='word_1_475' title='bbox 2333 2093 2538 2149; x_wconf 90' lang='lat' dir='ltr'><strong>autem,</strong></span> <span class='ocrx_word' id='word_1_476' title='bbox 2572 2094 2632 2138; x_wconf 92' lang='lat' dir='ltr'><strong>ut</strong></span> <span class='ocrx_word' id='word_1_477' title='bbox 2656 2100 2779 2139; x_wconf 88' lang='lat' dir='ltr'><strong>cum</strong></span> <span class='ocrx_word' id='word_1_478' title='bbox 2811 2085 3070 2138; x_wconf 88' lang='lat' dir='ltr'><strong>omnibus</strong></span> <span class='ocrx_word' id='word_1_479' title='bbox 3108 2087 3285 2139; x_wconf 86' lang='lat' dir='ltr'><strong>modis</strong></span> <span class='ocrx_word' id='word_1_480' title='bbox 3316 2085 3400 2150; x_wconf 82' lang='lat' dir='ltr'><strong>ip-</strong></span> 
     </span>
    </p>
   </div>
   <div class='ocr_carea' id='block_1_66' title="bbox 1828 2175 3397 2242">
    <p class='ocr_par' dir='ltr' id='par_1_66' title="bbox 1828 2175 3397 2242">
     <span class='ocr_line' id='line_1_66' title="bbox 1828 2175 3397 2242; baseline -0.002 -9"><span class='ocrx_word' id='word_1_481' title='bbox 1828 2194 1941 2233; x_wconf 87' lang='lat' dir='ltr'><strong>sam</strong></span> <span class='ocrx_word' id='word_1_482' title='bbox 1993 2180 2289 2233; x_wconf 79' lang='lat' dir='ltr'><strong>invenisset</strong></span> <span class='ocrx_word' id='word_1_483' title='bbox 2337 2179 2391 2232; x_wconf 92' lang='lat' dir='ltr'><strong>in</strong></span> <span class='ocrx_word' id='word_1_484' title='bbox 2445 2177 2746 2242; x_wconf 82' lang='lat' dir='ltr'><strong>Armenia,</strong></span> <span class='ocrx_word' id='word_1_485' title='bbox 2794 2177 2859 2231; x_wconf 88' lang='lat' dir='ltr'><strong>ad</strong></span> <span class='ocrx_word' id='word_1_486' title='bbox 2908 2191 3031 2230; x_wconf 86' lang='lat' dir='ltr'><strong>eum</strong></span> <span class='ocrx_word' id='word_1_487' title='bbox 3075 2175 3397 2231; x_wconf 84' lang='lat' dir='ltr'><strong>remitteret.</strong></span> 
     </span>
    </p>
   </div>
   <div class='ocr_carea' id='block_1_67' title="bbox 1826 2266 3398 2340">
    <p class='ocr_par' dir='ltr' id='par_1_67' title="bbox 1826 2266 3398 2340">
     <span class='ocr_line' id='line_1_67' title="bbox 1826 2266 3398 2340; baseline -0.003 -13"><span class='ocrx_word' id='word_1_488' title='bbox 1826 2272 1979 2339; x_wconf 84' lang='lat' dir='ltr'><strong>Quod</strong></span> <span class='ocrx_word' id='word_1_489' title='bbox 2007 2272 2051 2326; x_wconf 90' lang='lat' dir='ltr'><strong>si</strong></span> <span class='ocrx_word' id='word_1_490' title='bbox 2081 2288 2198 2325; x_wconf 89' lang='lat' dir='ltr'><strong>eam</strong></span> <span class='ocrx_word' id='word_1_491' title='bbox 2230 2285 2445 2340; x_wconf 86' lang='lat' dir='ltr'><strong>quoque</strong></span> <span class='ocrx_word' id='word_1_492' title='bbox 2475 2269 2578 2326; x_wconf 87' lang='lat' dir='ltr'><strong>sibi</strong></span> <span class='ocrx_word' id='word_1_493' title='bbox 2605 2272 2934 2340; x_wconf 74' lang='lat' dir='ltr'><strong>conjungere</strong></span> <span class='ocrx_word' id='word_1_494' title='bbox 2968 2266 3174 2333; x_wconf 81' lang='lat' dir='ltr'><strong>mailet,</strong></span> <span class='ocrx_word' id='word_1_495' title='bbox 3195 2270 3248 2325; x_wconf 89' lang='lat' dir='ltr'><strong>id</strong></span> <span class='ocrx_word' id='word_1_496' title='bbox 3274 2283 3398 2324; x_wconf 88' lang='lat' dir='ltr'><strong>eum</strong></span> 
     </span>
    </p>
   </div>
   <div class='ocr_carea' id='block_1_68' title="bbox 1826 2361 2782 2430">
    <p class='ocr_par' dir='ltr' id='par_1_68' title="bbox 1826 2361 2782 2430">
     <span class='ocr_line' id='line_1_68' title="bbox 1826 2361 2782 2430; baseline -0.001 -15"><span class='ocrx_word' id='word_1_497' title='bbox 1826 2378 1934 2415; x_wconf 90' lang='lat' dir='ltr'><strong>non</strong></span> <span class='ocrx_word' id='word_1_498' title='bbox 1970 2363 2168 2416; x_wconf 89' lang='lat' dir='ltr'><strong>minori</strong></span> <span class='ocrx_word' id='word_1_499' title='bbox 2201 2361 2402 2430; x_wconf 87' lang='lat' dir='ltr'><strong>gaudio</strong></span> <span class='ocrx_word' id='word_1_500' title='bbox 2436 2361 2782 2415; x_wconf 73' lang='lat' dir='ltr'><strong>aﬂeeturum.</strong></span> 
     </span>
    </p>
   </div>
   <div class='ocr_carea' id='block_1_69' title="bbox 1895 2448 3399 2520">
    <p class='ocr_par' dir='ltr' id='par_1_69' title="bbox 1895 2448 3399 2520">
     <span class='ocr_line' id='line_1_69' title="bbox 1895 2448 3399 2520; baseline -0.001 -15"><span class='ocrx_word' id='word_1_501' title='bbox 1895 2452 2036 2506; x_wconf 72' lang='lat' dir='ltr'><strong>XIX.</strong></span> <span class='ocrx_word' id='word_1_502' title='bbox 2072 2451 2362 2520; x_wconf 83' lang='lat' dir='ltr'><strong>Postquam</strong></span> <span class='ocrx_word' id='word_1_503' title='bbox 2405 2451 2487 2505; x_wconf 75' lang='lat' dir='ltr'><strong>ha:</strong></span> <span class='ocrx_word' id='word_1_504' title='bbox 2518 2451 2710 2506; x_wconf 63' lang='lat' dir='ltr'><strong>litterae</strong></span> <span class='ocrx_word' id='word_1_505' title='bbox 2762 2458 3026 2504; x_wconf 87' lang='lat' dir='ltr'><strong>venerunt</strong></span> <span class='ocrx_word' id='word_1_506' title='bbox 3069 2449 3135 2504; x_wconf 81' lang='lat' dir='ltr'><strong>ad</strong></span> <span class='ocrx_word' id='word_1_507' title='bbox 3169 2448 3399 2504; x_wconf 81' lang='lat' dir='ltr'><strong>Terida-</strong></span> 
     </span>
    </p>
   </div>
   <div class='ocr_carea' id='block_1_70' title="bbox 1829 2541 3401 2613">
    <p class='ocr_par' dir='ltr' id='par_1_70' title="bbox 1829 2541 3401 2613">
     <span class='ocr_line' id='line_1_70' title="bbox 1829 2541 3401 2613; baseline -0.002 -15"><span class='ocrx_word' id='word_1_508' title='bbox 1829 2551 1959 2609; x_wconf 79' lang='lat' dir='ltr'><strong>tem,</strong></span> <span class='ocrx_word' id='word_1_509' title='bbox 1995 2544 2084 2596; x_wconf 88' lang='lat' dir='ltr'><strong>ille</strong></span> <span class='ocrx_word' id='word_1_510' title='bbox 2126 2545 2310 2596; x_wconf 82' lang='lat' dir='ltr'><strong>statim</strong></span> <span class='ocrx_word' id='word_1_511' title='bbox 2346 2543 2584 2613; x_wconf 74' lang='lat' dir='ltr'><strong>Virgines</strong></span> <span class='ocrx_word' id='word_1_512' title='bbox 2632 2541 2987 2613; x_wconf 78' lang='lat' dir='ltr'><strong>investigabat</strong></span> <span class='ocrx_word' id='word_1_513' title='bbox 3020 2553 3073 2596; x_wconf 87' lang='lat' dir='ltr'><strong>et</strong></span> <span class='ocrx_word' id='word_1_514' title='bbox 3121 2545 3401 2595; x_wconf 63' lang='lat' dir='ltr'><strong>scrutaba-</strong></span> 
     </span>
    </p>
   </div>
   <div class='ocr_carea' id='block_1_71' title="bbox 1826 2630 3402 2699">
    <p class='ocr_par' dir='ltr' id='par_1_71' title="bbox 1826 2630 3402 2699">
     <span class='ocr_line' id='line_1_71' title="bbox 1826 2630 3402 2699; baseline -0.003 -11"><span class='ocrx_word' id='word_1_515' title='bbox 1826 2641 1936 2688; x_wconf 86' lang='lat' dir='ltr'><strong>tur.</strong></span> <span class='ocrx_word' id='word_1_516' title='bbox 1971 2630 2107 2685; x_wconf 86' lang='lat' dir='ltr'><strong>Cum</strong></span> <span class='ocrx_word' id='word_1_517' title='bbox 2139 2645 2319 2684; x_wconf 83' lang='lat' dir='ltr'><strong>autem</strong></span> <span class='ocrx_word' id='word_1_518' title='bbox 2344 2631 2647 2699; x_wconf 80' lang='lat' dir='ltr'><strong>accepisset</strong></span> <span class='ocrx_word' id='word_1_519' title='bbox 2690 2645 2783 2684; x_wconf 86' lang='lat' dir='ltr'><strong>cas</strong></span> <span class='ocrx_word' id='word_1_520' title='bbox 2815 2632 2985 2684; x_wconf 86' lang='lat' dir='ltr'><strong>latere</strong></span> <span class='ocrx_word' id='word_1_521' title='bbox 3024 2631 3078 2683; x_wconf 93' lang='lat' dir='ltr'><strong>in</strong></span> <span class='ocrx_word' id='word_1_522' title='bbox 3115 2635 3402 2686; x_wconf 78' lang='lat' dir='ltr'><strong>torculari-</strong></span> 
     </span>
    </p>
   </div>
   <div class='ocr_carea' id='block_1_72' title="bbox 1825 2710 3403 2790">
    <p class='ocr_par' dir='ltr' id='par_1_72' title="bbox 1825 2710 3403 2790">
     <span class='ocr_line' id='line_1_72' title="bbox 1825 2710 3403 2790; baseline -0.001 -13"><span class='ocrx_word' id='word_1_523' title='bbox 1825 2723 1948 2789; x_wconf 86' lang='lat' dir='ltr'><strong>bus,</strong></span> <span class='ocrx_word' id='word_1_524' title='bbox 1978 2722 2174 2777; x_wconf 86' lang='lat' dir='ltr'><strong>timens</strong></span> <span class='ocrx_word' id='word_1_525' title='bbox 2206 2737 2296 2785; x_wconf 88' lang='lat' dir='ltr'><strong>ne,</strong></span> <span class='ocrx_word' id='word_1_526' title='bbox 2335 2722 2380 2774; x_wconf 93' lang='lat' dir='ltr'><strong>si</strong></span> <span class='ocrx_word' id='word_1_527' title='bbox 2411 2724 2823 2790; x_wconf 62' lang='lat' dir='ltr'><strong>pra&#39;sensissent</strong></span> <span class='ocrx_word' id='word_1_528' title='bbox 2846 2736 2904 2774; x_wconf 89' lang='lat' dir='ltr'><strong>se</strong></span> <span class='ocrx_word' id='word_1_529' title='bbox 2933 2722 3123 2789; x_wconf 69' lang='lat' dir='ltr'><strong>quaeri,</strong></span> <span class='ocrx_word' id='word_1_530' title='bbox 3144 2710 3291 2776; x_wconf 84' lang='lat' dir='ltr'><strong>illinc</strong></span> <span class='ocrx_word' id='word_1_531' title='bbox 3307 2738 3403 2776; x_wconf 88' lang='lat' dir='ltr'><strong>au-</strong></span> 
     </span>
    </p>
   </div>
   <div class='ocr_carea' id='block_1_73' title="bbox 1829 2814 3400 2883">
    <p class='ocr_par' dir='ltr' id='par_1_73' title="bbox 1829 2814 3400 2883">
     <span class='ocr_line' id='line_1_73' title="bbox 1829 2814 3400 2883; baseline -0.001 -15"><span class='ocrx_word' id='word_1_532' title='bbox 1829 2815 2101 2883; x_wconf 89' lang='lat' dir='ltr'><strong>fugerent,</strong></span> <span class='ocrx_word' id='word_1_533' title='bbox 2131 2822 2186 2867; x_wconf 92' lang='lat' dir='ltr'><strong>et</strong></span> <span class='ocrx_word' id='word_1_534' title='bbox 2232 2815 2285 2866; x_wconf 89' lang='lat' dir='ltr'><strong>in</strong></span> <span class='ocrx_word' id='word_1_535' title='bbox 2331 2814 2511 2868; x_wconf 87' lang='lat' dir='ltr'><strong>locum</strong></span> <span class='ocrx_word' id='word_1_536' title='bbox 2567 2814 2836 2867; x_wconf 85' lang='lat' dir='ltr'><strong>incertum</strong></span> <span class='ocrx_word' id='word_1_537' title='bbox 2885 2814 3226 2876; x_wconf 84' lang='lat' dir='ltr'><strong>recederent,</strong></span> <span class='ocrx_word' id='word_1_538' title='bbox 3275 2829 3400 2867; x_wconf 89' lang='lat' dir='ltr'><strong>eum</strong></span> 
     </span>
    </p>
   </div>
   <div class='ocr_carea' id='block_1_74' title="bbox 1830 2901 3400 2971">
    <p class='ocr_par' dir='ltr' id='par_1_74' title="bbox 1830 2901 3400 2971">
     <span class='ocr_line' id='line_1_74' title="bbox 1830 2901 3400 2971; baseline -0.001 -15"><span class='ocrx_word' id='word_1_539' title='bbox 1830 2903 2006 2957; x_wconf 84' lang='lat' dir='ltr'><strong>locum</strong></span> <span class='ocrx_word' id='word_1_540' title='bbox 2041 2911 2272 2971; x_wconf 80' lang='lat' dir='ltr'><strong>occupat</strong></span> <span class='ocrx_word' id='word_1_541' title='bbox 2302 2903 2571 2970; x_wconf 76' lang='lat' dir='ltr'><strong>praesidio.</strong></span> <span class='ocrx_word' id='word_1_542' title='bbox 2606 2901 2820 2954; x_wconf 87' lang='lat' dir='ltr'><strong>Etcum</strong></span> <span class='ocrx_word' id='word_1_543' title='bbox 2867 2902 3167 2969; x_wconf 88' lang='lat' dir='ltr'><strong>accepisset</strong></span> <span class='ocrx_word' id='word_1_544' title='bbox 3215 2915 3280 2955; x_wconf 78' lang='lat' dir='ltr'><strong>ex</strong></span> <span class='ocrx_word' id='word_1_545' title='bbox 3313 2903 3400 2964; x_wconf 87' lang='lat' dir='ltr'><strong>iis,</strong></span> 
     </span>
    </p>
   </div>
   <div class='ocr_carea' id='block_1_75' title="bbox 1831 2993 3402 3068">
    <p class='ocr_par' dir='ltr' id='par_1_75' title="bbox 1831 2993 3402 3068">
     <span class='ocr_line' id='line_1_75' title="bbox 1831 2993 3402 3068; baseline -0.003 -17"><span class='ocrx_word' id='word_1_546' title='bbox 1831 2997 1921 3068; x_wconf 89' lang='lat' dir='ltr'><strong>qui</strong></span> <span class='ocrx_word' id='word_1_547' title='bbox 1955 2995 2199 3049; x_wconf 84' lang='lat' dir='ltr'><strong>viderant</strong></span> <span class='ocrx_word' id='word_1_548' title='bbox 2229 2993 2548 3062; x_wconf 79' lang='lat' dir='ltr'><strong>Bipsimem,</strong></span> <span class='ocrx_word' id='word_1_549' title='bbox 2575 3007 2693 3046; x_wconf 87' lang='lat' dir='ltr'><strong>eam</strong></span> <span class='ocrx_word' id='word_1_550' title='bbox 2721 3006 2841 3047; x_wconf 87' lang='lat' dir='ltr'><strong>esse</strong></span> <span class='ocrx_word' id='word_1_551' title='bbox 2869 2993 3066 3063; x_wconf 78' lang='lat' dir='ltr'><strong>insigni</strong></span> <span class='ocrx_word' id='word_1_552' title='bbox 3100 2995 3402 3064; x_wconf 86' lang='lat' dir='ltr'><strong>pulchritu-</strong></span> 
     </span>
    </p>
   </div>
   <div class='ocr_carea' id='block_1_76' title="bbox 1832 3086 3400 3164">
    <p class='ocr_par' dir='ltr' id='par_1_76' title="bbox 1832 3086 3400 3164">
     <span class='ocr_line' id='line_1_76' title="bbox 1832 3086 3400 3164; baseline 0 -24"><span class='ocrx_word' id='word_1_553' title='bbox 1832 3090 1978 3148; x_wconf 85' lang='lat' dir='ltr'><strong>dine,</strong></span> <span class='ocrx_word' id='word_1_554' title='bbox 2007 3089 2314 3164; x_wconf 80' lang='lat' dir='ltr'><strong>leporisque</strong></span> <span class='ocrx_word' id='word_1_555' title='bbox 2337 3095 2391 3139; x_wconf 89' lang='lat' dir='ltr'><strong>et</strong></span> <span class='ocrx_word' id='word_1_556' title='bbox 2421 3089 2605 3156; x_wconf 72' lang='lat' dir='ltr'><strong>gratiae</strong></span> <span class='ocrx_word' id='word_1_557' title='bbox 2621 3088 2775 3155; x_wconf 90' lang='lat' dir='ltr'><strong>copia</strong></span> <span class='ocrx_word' id='word_1_558' title='bbox 2799 3102 3024 3155; x_wconf 83' lang='lat' dir='ltr'><strong>magnas</strong></span> <span class='ocrx_word' id='word_1_559' title='bbox 3052 3087 3252 3141; x_wconf 86' lang='lat' dir='ltr'><strong>habere</strong></span> <span class='ocrx_word' id='word_1_560' title='bbox 3282 3086 3400 3140; x_wconf 90' lang='lat' dir='ltr'><strong>ille-</strong></span> 
     </span>
    </p>
   </div>
   <div class='ocr_carea' id='block_1_77' title="bbox 1831 3169 3404 3246">
    <p class='ocr_par' dir='ltr' id='par_1_77' title="bbox 1831 3169 3404 3246">
     <span class='ocr_line' id='line_1_77' title="bbox 1831 3169 3404 3246; baseline 0.001 -17"><span class='ocrx_word' id='word_1_561' title='bbox 1831 3169 2046 3237; x_wconf 85' lang='lat' dir='ltr'><strong>cebras,</strong></span> <span class='ocrx_word' id='word_1_562' title='bbox 2084 3178 2194 3244; x_wconf 89' lang='lat' dir='ltr'><strong>jam</strong></span> <span class='ocrx_word' id='word_1_563' title='bbox 2227 3178 2281 3229; x_wconf 90' lang='lat' dir='ltr'><strong>in</strong></span> <span class='ocrx_word' id='word_1_564' title='bbox 2333 3177 2453 3242; x_wconf 86' lang='lat' dir='ltr'><strong>ejus</strong></span> <span class='ocrx_word' id='word_1_565' title='bbox 2500 3189 2740 3229; x_wconf 82' lang='lat' dir='ltr'><strong>amorem</strong></span> <span class='ocrx_word' id='word_1_566' title='bbox 2779 3185 3055 3228; x_wconf 74' lang='lat' dir='ltr'><strong>exarserat</strong></span> <span class='ocrx_word' id='word_1_567' title='bbox 3093 3187 3189 3230; x_wconf 91' lang='lat' dir='ltr'><strong>:et</strong></span> <span class='ocrx_word' id='word_1_568' title='bbox 3228 3177 3404 3246; x_wconf 82' lang='lat' dir='ltr'><strong>regias</strong></span> 
     </span>
    </p>
   </div>
   <div class='ocr_carea' id='block_1_78' title="bbox 1831 3265 3399 3337">
    <p class='ocr_par' dir='ltr' id='par_1_78' title="bbox 1831 3265 3399 3337">
     <span class='ocr_line' id='line_1_78' title="bbox 1831 3265 3399 3337; baseline 0.003 -18"><span class='ocrx_word' id='word_1_569' title='bbox 1831 3265 2081 3337; x_wconf 82' lang='lat' dir='ltr'><strong>protinus</strong></span> <span class='ocrx_word' id='word_1_570' title='bbox 2121 3267 2187 3319; x_wconf 90' lang='lat' dir='ltr'><strong>ad</strong></span> <span class='ocrx_word' id='word_1_571' title='bbox 2221 3281 2338 3319; x_wconf 91' lang='lat' dir='ltr'><strong>eam</strong></span> <span class='ocrx_word' id='word_1_572' title='bbox 2371 3275 2569 3325; x_wconf 84' lang='lat' dir='ltr'><strong>vestes.</strong></span> <span class='ocrx_word' id='word_1_573' title='bbox 2600 3275 2654 3318; x_wconf 89' lang='lat' dir='ltr'><strong>et</strong></span> <span class='ocrx_word' id='word_1_574' title='bbox 2685 3266 2850 3320; x_wconf 86' lang='lat' dir='ltr'><strong>alium</strong></span> <span class='ocrx_word' id='word_1_575' title='bbox 2884 3269 3140 3322; x_wconf 90' lang='lat' dir='ltr'><strong>mundum</strong></span> <span class='ocrx_word' id='word_1_576' title='bbox 3159 3269 3399 3324; x_wconf 83' lang='lat' dir='ltr'><strong>emittit:</strong></span> 
     </span>
    </p>
   </div>
   <div class='ocr_carea' id='block_1_79' title="bbox 1833 3358 3401 3429">
    <p class='ocr_par' dir='ltr' id='par_1_79' title="bbox 1833 3358 3401 3429">
     <span class='ocr_line' id='line_1_79' title="bbox 1833 3358 3401 3429; baseline 0.003 -16"><span class='ocrx_word' id='word_1_577' title='bbox 1833 3370 1886 3414; x_wconf 90' lang='lat' dir='ltr'><strong>et</strong></span> <span class='ocrx_word' id='word_1_578' title='bbox 1914 3361 2068 3429; x_wconf 86' lang='lat' dir='ltr'><strong>jubet</strong></span> <span class='ocrx_word' id='word_1_579' title='bbox 2098 3358 2400 3429; x_wconf 79' lang='lat' dir='ltr'><strong>Ripsimem</strong></span> <span class='ocrx_word' id='word_1_580' title='bbox 2429 3358 2511 3412; x_wconf 88' lang='lat' dir='ltr'><strong>his</strong></span> <span class='ocrx_word' id='word_1_581' title='bbox 2541 3360 2783 3412; x_wconf 86' lang='lat' dir='ltr'><strong>indutam</strong></span> <span class='ocrx_word' id='word_1_582' title='bbox 2835 3360 2899 3413; x_wconf 92' lang='lat' dir='ltr'><strong>ad</strong></span> <span class='ocrx_word' id='word_1_583' title='bbox 2934 3375 2993 3413; x_wconf 89' lang='lat' dir='ltr'><strong>se</strong></span> <span class='ocrx_word' id='word_1_584' title='bbox 3025 3363 3210 3415; x_wconf 85' lang='lat' dir='ltr'><strong>venire</strong></span> <span class='ocrx_word' id='word_1_585' title='bbox 3239 3364 3293 3416; x_wconf 87' lang='lat' dir='ltr'><strong>in</strong></span> <span class='ocrx_word' id='word_1_586' title='bbox 3313 3379 3401 3417; x_wconf 89' lang='lat' dir='ltr'><strong>re-</strong></span> 
     </span>
    </p>
   </div>
   <div class='ocr_carea' id='block_1_80' title="bbox 1831 3450 3403 3521">
    <p class='ocr_par' dir='ltr' id='par_1_80' title="bbox 1831 3450 3403 3521">
     <span class='ocr_line' id='line_1_80' title="bbox 1831 3450 3403 3521; baseline 0.004 -18"><span class='ocrx_word' id='word_1_587' title='bbox 1831 3453 1991 3521; x_wconf 85' lang='lat' dir='ltr'><strong>giam,</strong></span> <span class='ocrx_word' id='word_1_588' title='bbox 2032 3453 2263 3516; x_wconf 82' lang='lat' dir='ltr'><strong>reliquas</strong></span> <span class='ocrx_word' id='word_1_589' title='bbox 2321 3460 2502 3504; x_wconf 88' lang='lat' dir='ltr'><strong>autem</strong></span> <span class='ocrx_word' id='word_1_590' title='bbox 2553 3454 2726 3504; x_wconf 88' lang='lat' dir='ltr'><strong>teneri</strong></span> <span class='ocrx_word' id='word_1_591' title='bbox 2770 3451 3040 3507; x_wconf 88' lang='lat' dir='ltr'><strong>custodia.</strong></span> <span class='ocrx_word' id='word_1_592' title='bbox 3074 3450 3167 3508; x_wconf 80' lang='lat' dir='ltr'><strong>illa</strong></span> <span class='ocrx_word' id='word_1_593' title='bbox 3222 3464 3403 3509; x_wconf 76' lang='lat' dir='ltr'><strong>autem</strong></span> 
     </span>
    </p>
   </div>
   <div class='ocr_carea' id='block_1_81' title="bbox 1832 3541 3406 3608">
    <p class='ocr_par' dir='ltr' id='par_1_81' title="bbox 1832 3541 3406 3608">
     <span class='ocr_line' id='line_1_81' title="bbox 1832 3541 3406 3608; baseline 0.001 -12"><span class='ocrx_word' id='word_1_594' title='bbox 1832 3542 2036 3596; x_wconf 81' lang='lat' dir='ltr'><strong>Christi</strong></span> <span class='ocrx_word' id='word_1_595' title='bbox 2072 3541 2294 3595; x_wconf 78' lang='lat' dir='ltr'><strong>incensa</strong></span> <span class='ocrx_word' id='word_1_596' title='bbox 2343 3541 2639 3605; x_wconf 86' lang='lat' dir='ltr'><strong>desiderio,</strong></span> <span class='ocrx_word' id='word_1_597' title='bbox 2705 3551 2759 3596; x_wconf 88' lang='lat' dir='ltr'><strong>et</strong></span> <span class='ocrx_word' id='word_1_598' title='bbox 2815 3543 2934 3608; x_wconf 85' lang='lat' dir='ltr'><strong>ejus</strong></span> <span class='ocrx_word' id='word_1_599' title='bbox 2981 3557 3167 3594; x_wconf 83' lang='lat' dir='ltr'><strong>amore</strong></span> <span class='ocrx_word' id='word_1_600' title='bbox 3211 3543 3406 3599; x_wconf 79' lang='lat' dir='ltr'><strong>ardens</strong></span> 
     </span>
    </p>
   </div>
   <div class='ocr_carea' id='block_1_82' title="bbox 1833 3631 3403 3702">
    <p class='ocr_par' dir='ltr' id='par_1_82' title="bbox 1833 3631 3403 3702">
     <span class='ocr_line' id='line_1_82' title="bbox 1833 3631 3403 3702; baseline 0 -15"><span class='ocrx_word' id='word_1_601' title='bbox 1833 3649 1995 3702; x_wconf 88' lang='lat' dir='ltr'><strong>quem</strong></span> <span class='ocrx_word' id='word_1_602' title='bbox 2022 3634 2184 3686; x_wconf 91' lang='lat' dir='ltr'><strong>etiam</strong></span> <span class='ocrx_word' id='word_1_603' title='bbox 2210 3631 2384 3685; x_wconf 87' lang='lat' dir='ltr'><strong>solum</strong></span> <span class='ocrx_word' id='word_1_604' title='bbox 2431 3638 2656 3685; x_wconf 80' lang='lat' dir='ltr'><strong>noverat</strong></span> <span class='ocrx_word' id='word_1_605' title='bbox 2701 3646 2986 3699; x_wconf 88' lang='lat' dir='ltr'><strong>sponsum,</strong></span> <span class='ocrx_word' id='word_1_606' title='bbox 3022 3633 3403 3687; x_wconf 71' lang='lat' dir='ltr'><strong>suasionibus-</strong></span> 
     </span>
    </p>
   </div>
   <div class='ocr_carea' id='block_1_83' title="bbox 1833 3722 3406 3792">
    <p class='ocr_par' dir='ltr' id='par_1_83' title="bbox 1833 3722 3406 3792">
     <span class='ocr_line' id='line_1_83' title="bbox 1833 3722 3406 3792; baseline 0.004 -19"><span class='ocrx_word' id='word_1_607' title='bbox 1833 3739 1939 3792; x_wconf 89' lang='lat' dir='ltr'><strong>que</strong></span> <span class='ocrx_word' id='word_1_608' title='bbox 1969 3733 2023 3775; x_wconf 92' lang='lat' dir='ltr'><strong>et</strong></span> <span class='ocrx_word' id='word_1_609' title='bbox 2059 3723 2280 3775; x_wconf 85' lang='lat' dir='ltr'><strong>monitis</strong></span> <span class='ocrx_word' id='word_1_610' title='bbox 2326 3722 2566 3786; x_wconf 70' lang='lat' dir='ltr'><strong>Gaianae,</strong></span> <span class='ocrx_word' id='word_1_611' title='bbox 2610 3739 2730 3792; x_wconf 75' lang='lat' dir='ltr'><strong>qua:</strong></span> <span class='ocrx_word' id='word_1_612' title='bbox 2768 3731 2819 3776; x_wconf 92' lang='lat' dir='ltr'><strong>et</strong></span> <span class='ocrx_word' id='word_1_613' title='bbox 2875 3723 3044 3790; x_wconf 84' lang='lat' dir='ltr'><strong>ipsam</strong></span> <span class='ocrx_word' id='word_1_614' title='bbox 3083 3724 3292 3778; x_wconf 85' lang='lat' dir='ltr'><strong>aluerat</strong></span> <span class='ocrx_word' id='word_1_615' title='bbox 3337 3727 3406 3780; x_wconf 78' lang='lat' dir='ltr'><strong>ab</strong></span> 
     </span>
    </p>
   </div>
   <div class='ocr_carea' id='block_1_84' title="bbox 1834 3811 3402 3883">
    <p class='ocr_par' dir='ltr' id='par_1_84' title="bbox 1834 3811 3402 3883">
     <span class='ocr_line' id='line_1_84' title="bbox 1834 3811 3402 3883; baseline 0.002 -16"><span class='ocrx_word' id='word_1_616' title='bbox 1834 3811 2084 3877; x_wconf 87' lang='lat' dir='ltr'><strong>infantia,</strong></span> <span class='ocrx_word' id='word_1_617' title='bbox 2123 3821 2177 3865; x_wconf 91' lang='lat' dir='ltr'><strong>et</strong></span> <span class='ocrx_word' id='word_1_618' title='bbox 2200 3814 2266 3864; x_wconf 87' lang='lat' dir='ltr'><strong>ad</strong></span> <span class='ocrx_word' id='word_1_619' title='bbox 2297 3827 2414 3865; x_wconf 86' lang='lat' dir='ltr'><strong>eam</strong></span> <span class='ocrx_word' id='word_1_620' title='bbox 2443 3813 2775 3876; x_wconf 67' lang='lat' dir='ltr'><strong>perduxerat</strong></span> <span class='ocrx_word' id='word_1_621' title='bbox 2820 3823 3058 3878; x_wconf 72' lang='lat' dir='ltr'><strong>aetatem,</strong></span> <span class='ocrx_word' id='word_1_622' title='bbox 3090 3817 3262 3883; x_wconf 86' lang='lat' dir='ltr'><strong>magis</strong></span> <span class='ocrx_word' id='word_1_623' title='bbox 3292 3816 3402 3870; x_wconf 77' lang='lat' dir='ltr'><strong>fer-</strong></span> 
     </span>
    </p>
   </div>
   <div class='ocr_carea' id='block_1_85' title="bbox 1837 3903 3404 3972">
    <p class='ocr_par' dir='ltr' id='par_1_85' title="bbox 1837 3903 3404 3972">
     <span class='ocr_line' id='line_1_85' title="bbox 1837 3903 3404 3972; baseline 0.003 -15"><span class='ocrx_word' id='word_1_624' title='bbox 1837 3919 1996 3969; x_wconf 80' lang='lat' dir='ltr'><strong>vens,</strong></span> <span class='ocrx_word' id='word_1_625' title='bbox 2032 3917 2183 3972; x_wconf 61' lang='lat' dir='ltr'><strong>atque</strong></span> <span class='ocrx_word' id='word_1_626' title='bbox 2207 3909 2262 3956; x_wconf 87' lang='lat' dir='ltr'><strong>et</strong></span> <span class='ocrx_word' id='word_1_627' title='bbox 2300 3903 2462 3956; x_wconf 87' lang='lat' dir='ltr'><strong>verba</strong></span> <span class='ocrx_word' id='word_1_628' title='bbox 2491 3903 2630 3972; x_wconf 89' lang='lat' dir='ltr'><strong>ejus,</strong></span> <span class='ocrx_word' id='word_1_629' title='bbox 2662 3905 2752 3972; x_wconf 87' lang='lat' dir='ltr'><strong>qui</strong></span> <span class='ocrx_word' id='word_1_630' title='bbox 2786 3914 2902 3957; x_wconf 89' lang='lat' dir='ltr'><strong>erat</strong></span> <span class='ocrx_word' id='word_1_631' title='bbox 2934 3905 2984 3958; x_wconf 92' lang='lat' dir='ltr'><strong>ei</strong></span> <span class='ocrx_word' id='word_1_632' title='bbox 3010 3906 3153 3966; x_wconf 90' lang='lat' dir='ltr'><strong>odio.</strong></span> <span class='ocrx_word' id='word_1_633' title='bbox 3192 3917 3404 3962; x_wconf 82' lang='lat' dir='ltr'><strong>amato-</strong></span> 
     </span>
    </p>
   </div>
   <div class='ocr_carea' id='block_1_86' title="bbox 1836 3995 3402 4068">
    <p class='ocr_par' dir='ltr' id='par_1_86' title="bbox 1836 3995 3402 4068">
     <span class='ocr_line' id='line_1_86' title="bbox 1836 3995 3402 4068; baseline 0.003 -17"><span class='ocrx_word' id='word_1_634' title='bbox 1836 4001 1932 4060; x_wconf 87' lang='lat' dir='ltr'><strong>ris,</strong></span> <span class='ocrx_word' id='word_1_635' title='bbox 1961 4006 2014 4050; x_wconf 80' lang='lat' dir='ltr'><strong>et</strong></span> <span class='ocrx_word' id='word_1_636' title='bbox 2036 4011 2155 4064; x_wconf 64' lang='lat' dir='ltr'><strong>quae</strong></span> <span class='ocrx_word' id='word_1_637' title='bbox 2185 3995 2351 4050; x_wconf 87' lang='lat' dir='ltr'><strong>missa</strong></span> <span class='ocrx_word' id='word_1_638' title='bbox 2386 3995 2604 4048; x_wconf 80' lang='lat' dir='ltr'><strong>fuerant</strong></span> <span class='ocrx_word' id='word_1_639' title='bbox 2633 3998 2962 4051; x_wconf 88' lang='lat' dir='ltr'><strong>abhorrebat</strong></span> <span class='ocrx_word' id='word_1_640' title='bbox 2990 4007 3045 4052; x_wconf 90' lang='lat' dir='ltr'><strong>ct</strong></span> <span class='ocrx_word' id='word_1_641' title='bbox 3087 4001 3402 4068; x_wconf 85' lang='lat' dir='ltr'><strong>respuebat,</strong></span> 
     </span>
    </p>
   </div>
   <div class='ocr_carea' id='block_1_87' title="bbox 1839 4086 3405 4151">
    <p class='ocr_par' dir='ltr' id='par_1_87' title="bbox 1839 4086 3405 4151">
     <span class='ocr_line' id='line_1_87' title="bbox 1839 4086 3405 4151; baseline 0.003 -12"><span class='ocrx_word' id='word_1_642' title='bbox 1839 4099 1892 4142; x_wconf 94' lang='lat' dir='ltr'><strong>ct</strong></span> <span class='ocrx_word' id='word_1_643' title='bbox 1927 4103 2046 4140; x_wconf 87' lang='lat' dir='ltr'><strong>cum</strong></span> <span class='ocrx_word' id='word_1_644' title='bbox 2080 4086 2166 4142; x_wconf 89' lang='lat' dir='ltr'><strong>iis.</strong></span> <span class='ocrx_word' id='word_1_645' title='bbox 2196 4099 2315 4151; x_wconf 79' lang='lat' dir='ltr'><strong>qua:</strong></span> <span class='ocrx_word' id='word_1_646' title='bbox 2344 4099 2527 4137; x_wconf 87' lang='lat' dir='ltr'><strong>secum</strong></span> <span class='ocrx_word' id='word_1_647' title='bbox 2563 4095 2738 4147; x_wconf 82' lang='lat' dir='ltr'><strong>erant,</strong></span> <span class='ocrx_word' id='word_1_648' title='bbox 2773 4088 2995 4141; x_wconf 85' lang='lat' dir='ltr'><strong>vacabat</strong></span> <span class='ocrx_word' id='word_1_649' title='bbox 3028 4091 3280 4144; x_wconf 85' lang='lat' dir='ltr'><strong>orationi.</strong></span> <span class='ocrx_word' id='word_1_650' title='bbox 3321 4093 3405 4144; x_wconf 85' lang='lat' dir='ltr'><strong>ln-</strong></span> 
     </span>
    </p>
   </div>
   <div class='ocr_carea' id='block_1_88' title="bbox 1841 4177 3406 4247">
    <p class='ocr_par' dir='ltr' id='par_1_88' title="bbox 1841 4177 3406 4247">
     <span class='ocr_line' id='line_1_88' title="bbox 1841 4177 3406 4247; baseline 0.002 -14"><span class='ocrx_word' id='word_1_651' title='bbox 1841 4182 1994 4233; x_wconf 91' lang='lat' dir='ltr'><strong>terim</strong></span> <span class='ocrx_word' id='word_1_652' title='bbox 2050 4181 2227 4231; x_wconf 78' lang='lat' dir='ltr'><strong>autem</strong></span> <span class='ocrx_word' id='word_1_653' title='bbox 2273 4177 2400 4231; x_wconf 90' lang='lat' dir='ltr'><strong>dum</strong></span> <span class='ocrx_word' id='word_1_654' title='bbox 2442 4178 2796 4247; x_wconf 79' lang='lat' dir='ltr'><strong>peragebatur</strong></span> <span class='ocrx_word' id='word_1_655' title='bbox 2835 4181 3027 4242; x_wconf 88' lang='lat' dir='ltr'><strong>oratio,</strong></span> <span class='ocrx_word' id='word_1_656' title='bbox 3061 4184 3264 4234; x_wconf 91' lang='lat' dir='ltr'><strong>tonitru</strong></span> <span class='ocrx_word' id='word_1_657' title='bbox 3314 4198 3406 4236; x_wconf 84' lang='lat' dir='ltr'><strong>re-</strong></span> 
     </span>
    </p>
   </div>
   <div class='ocr_carea' id='block_1_89' title="bbox 1839 4270 3404 4342">
    <p class='ocr_par' dir='ltr' id='par_1_89' title="bbox 1839 4270 3404 4342">
     <span class='ocr_line' id='line_1_89' title="bbox 1839 4270 3404 4342; baseline 0.002 -18"><span class='ocrx_word' id='word_1_658' title='bbox 1839 4281 2001 4342; x_wconf 78' lang='lat' dir='ltr'><strong>pente</strong></span> <span class='ocrx_word' id='word_1_659' title='bbox 2042 4270 2244 4339; x_wconf 89' lang='lat' dir='ltr'><strong>erupit.</strong></span> <span class='ocrx_word' id='word_1_660' title='bbox 2279 4278 2334 4323; x_wconf 92' lang='lat' dir='ltr'><strong>et</strong></span> <span class='ocrx_word' id='word_1_661' title='bbox 2383 4285 2487 4323; x_wconf 79' lang='lat' dir='ltr'><strong>vox</strong></span> <span class='ocrx_word' id='word_1_662' title='bbox 2527 4270 2761 4339; x_wconf 78' lang='lat' dir='ltr'><strong>desuper</strong></span> <span class='ocrx_word' id='word_1_663' title='bbox 2812 4285 2841 4324; x_wconf 91' lang='lat' dir='ltr'><strong>e</strong></span> <span class='ocrx_word' id='word_1_664' title='bbox 2879 4272 3078 4325; x_wconf 86' lang='lat' dir='ltr'><strong>tonitru</strong></span> <span class='ocrx_word' id='word_1_665' title='bbox 3141 4274 3404 4336; x_wconf 86' lang='lat' dir='ltr'><strong>resonuit.</strong></span> 
     </span>
    </p>
   </div>
   <div class='ocr_carea' id='block_1_90' title="bbox 1841 4361 3404 4424">
    <p class='ocr_par' dir='ltr' id='par_1_90' title="bbox 1841 4361 3404 4424">
     <span class='ocr_line' id='line_1_90' title="bbox 1841 4361 3404 4424; baseline 0.003 -5"><span class='ocrx_word' id='word_1_666' title='bbox 1841 4364 2026 4419; x_wconf 83' lang='lat' dir='ltr'><strong>dicens</strong></span> <span class='ocrx_word' id='word_1_667' title='bbox 2060 4380 2072 4416; x_wconf 89' lang='lat'>:</span> <span class='ocrx_word' id='word_1_668' title='bbox 2110 4361 2294 4415; x_wconf 83' lang='lat' dir='ltr'><strong>Estote</strong></span> <span class='ocrx_word' id='word_1_669' title='bbox 2330 4361 2456 4415; x_wconf 90' lang='lat' dir='ltr'><strong>forti</strong></span> <span class='ocrx_word' id='word_1_670' title='bbox 2485 4363 2691 4422; x_wconf 88' lang='lat' dir='ltr'><strong>animo.</strong></span> <span class='ocrx_word' id='word_1_671' title='bbox 2725 4371 2779 4417; x_wconf 91' lang='lat' dir='ltr'><strong>et</strong></span> <span class='ocrx_word' id='word_1_672' title='bbox 2809 4364 3083 4419; x_wconf 75' lang='lat' dir='ltr'><strong>confidite.</strong></span> <span class='ocrx_word' id='word_1_673' title='bbox 3105 4363 3234 4420; x_wconf 91' lang='lat' dir='ltr'><strong>Sum</strong></span> <span class='ocrx_word' id='word_1_674' title='bbox 3258 4370 3404 4424; x_wconf 86' lang='lat' dir='ltr'><strong>enim</strong></span> 
     </span>
    </p>
   </div>
   <div class='ocr_carea' id='block_1_91' title="bbox 123 4449 1725 4536">
    <p class='ocr_par' dir='ltr' id='par_1_91' title="bbox 123 4449 1725 4520">
     <span class='ocr_line' id='line_1_91' title="bbox 123 4449 1725 4520; baseline -0.007 -16"><span class='ocrx_word' id='word_1_675' title='bbox 123 4453 412 4520; x_wconf 76' lang='grc' dir='ltr'>λέγουσα,</span> <span class='ocrx_word' id='word_1_676' title='bbox 438 4451 535 4502; x_wconf 81' lang='grc' dir='ltr'>καὶ</span> <span class='ocrx_word' id='word_1_677' title='bbox 582 4449 858 4520; x_wconf 80' lang='grc' dir='ltr'>θαρσεῖτε,</span> <span class='ocrx_word' id='word_1_678' title='bbox 889 4449 1006 4520; x_wconf 82' lang='grc' dir='ltr'>μεθ’</span> <span class='ocrx_word' id='word_1_679' title='bbox 1029 4449 1180 4518; x_wconf 82' lang='grc' dir='ltr'>ὑμῶν</span> <span class='ocrx_word' id='word_1_680' title='bbox 1210 4452 1316 4518; x_wconf 84' lang='grc' dir='ltr'><strong>γάρ</strong></span> <span class='ocrx_word' id='word_1_681' title='bbox 1346 4451 1460 4518; x_wconf 81' lang='grc' dir='ltr'>ειμι</span> <span class='ocrx_word' id='word_1_682' title='bbox 1481 4465 1494 4478; x_wconf 77' lang='grc' dir='ltr'><strong><em>ο</em></strong></span> <span class='ocrx_word' id='word_1_683' title='bbox 1523 4452 1613 4501; x_wconf 75' lang='grc' dir='ltr'><strong>καὶ</strong></span> <span class='ocrx_word' id='word_1_684' title='bbox 1640 4467 1725 4518; x_wconf 80' lang='grc' dir='ltr'><strong>φυ.</strong></span> 
     </span>
    </p>
   </div>
   <div class='ocr_carea' id='block_1_92' title="bbox 1829 4449 3404 4536">
    <p class='ocr_par' dir='ltr' id='par_1_92' title="bbox 1845 4453 3404 4511">
     <span class='ocr_line' id='line_1_92' title="bbox 1845 4453 3404 4511; baseline 0.002 -3"><span class='ocrx_word' id='word_1_685' title='bbox 1845 4457 2123 4509; x_wconf 77' lang='lat' dir='ltr'><strong>vobiscum</strong></span> <span class='ocrx_word' id='word_1_686' title='bbox 2152 4475 2163 4508; x_wconf 93' lang='lat'>:</span> <span class='ocrx_word' id='word_1_687' title='bbox 2200 4461 2254 4506; x_wconf 93' lang='lat' dir='ltr'><strong>et</strong></span> <span class='ocrx_word' id='word_1_688' title='bbox 2285 4453 2742 4507; x_wconf 87' lang='lat' dir='ltr'><strong>conscrvabimini</strong></span> <span class='ocrx_word' id='word_1_689' title='bbox 2790 4454 2922 4506; x_wconf 90' lang='lat' dir='ltr'><strong>mihi</strong></span> <span class='ocrx_word' id='word_1_690' title='bbox 2967 4455 3185 4510; x_wconf 67' lang='lat' dir='ltr'><strong>intactae</strong></span> <span class='ocrx_word' id='word_1_691' title='bbox 3218 4458 3286 4511; x_wconf 83' lang='lat' dir='ltr'><strong>ab</strong></span> <span class='ocrx_word' id='word_1_692' title='bbox 3319 4459 3404 4510; x_wconf 90' lang='lat' dir='ltr'><strong>in-</strong></span> 
     </span>
    </p>
   </div>
   <div class='ocr_carea' id='block_1_93' title="bbox 121 4539 1725 4618">
    <p class='ocr_par' dir='ltr' id='par_1_93' title="bbox 121 4539 1718 4618">
     <span class='ocr_line' id='line_1_93' title="bbox 121 4539 1718 4618; baseline -0.005 -19"><span class='ocrx_word' id='word_1_693' title='bbox 121 4542 494 4618; x_wconf 77' lang='grc' dir='ltr'>λαχθήσεσθέ</span> <span class='ocrx_word' id='word_1_694' title='bbox 537 4558 628 4614; x_wconf 90' lang='grc' dir='ltr'><strong>μοι</strong></span> <span class='ocrx_word' id='word_1_695' title='bbox 661 4540 928 4609; x_wconf 77' lang='grc' dir='ltr'>ἀνέπαφοι</span> <span class='ocrx_word' id='word_1_696' title='bbox 961 4543 1080 4604; x_wconf 85' lang='grc' dir='ltr'>ταῖς</span> <span class='ocrx_word' id='word_1_697' title='bbox 1101 4539 1194 4593; x_wconf 80' lang='grc' dir='ltr'>τοῦ</span> <span class='ocrx_word' id='word_1_698' title='bbox 1220 4539 1414 4609; x_wconf 75' lang='grc' dir='ltr'>ἐχθροῦ</span> <span class='ocrx_word' id='word_1_699' title='bbox 1438 4539 1718 4610; x_wconf 83' lang='grc' dir='ltr'>ὲπηρείαις</span> 
     </span>
    </p>
   </div>
   <div class='ocr_carea' id='block_1_94' title="bbox 1829 4539 3402 4618">
    <p class='ocr_par' dir='ltr' id='par_1_94' title="bbox 1844 4543 3402 4613">
     <span class='ocr_line' id='line_1_94' title="bbox 1844 4543 3402 4613; baseline 0.001 -14"><span class='ocrx_word' id='word_1_700' title='bbox 1844 4545 2076 4599; x_wconf 91' lang='lat' dir='ltr'><strong>sultibus</strong></span> <span class='ocrx_word' id='word_1_701' title='bbox 2119 4543 2344 4607; x_wconf 90' lang='lat' dir='ltr'><strong>inimici,</strong></span> <span class='ocrx_word' id='word_1_702' title='bbox 2368 4553 2422 4598; x_wconf 90' lang='lat' dir='ltr'><strong>et</strong></span> <span class='ocrx_word' id='word_1_703' title='bbox 2458 4543 2834 4613; x_wconf 80' lang='lat' dir='ltr'><strong>ingrediemini</strong></span> <span class='ocrx_word' id='word_1_704' title='bbox 2871 4559 3082 4598; x_wconf 89' lang='lat' dir='ltr'><strong>mecum</strong></span> <span class='ocrx_word' id='word_1_705' title='bbox 3133 4546 3186 4600; x_wconf 87' lang='lat' dir='ltr'><strong>in</strong></span> <span class='ocrx_word' id='word_1_706' title='bbox 3219 4562 3402 4601; x_wconf 89' lang='lat' dir='ltr'><strong>meum</strong></span> 
     </span>
    </p>
   </div>
   <div class='ocr_carea' id='block_1_95' title="bbox 121 4628 1725 4708">
    <p class='ocr_par' dir='ltr' id='par_1_95' title="bbox 121 4628 1725 4704">
     <span class='ocr_line' id='line_1_95' title="bbox 121 4628 1725 4704; baseline -0.004 -12"><span class='ocrx_word' id='word_1_707' title='bbox 121 4639 226 4692; x_wconf 73' lang='grc' dir='ltr'><strong>καὶ</strong></span> <span class='ocrx_word' id='word_1_708' title='bbox 252 4633 655 4690; x_wconf 81' lang='grc' dir='ltr'>είσελεύσεσθε</span> <span class='ocrx_word' id='word_1_709' title='bbox 691 4631 809 4704; x_wconf 84' lang='grc' dir='ltr'>μετ’</span> <span class='ocrx_word' id='word_1_710' title='bbox 830 4631 963 4702; x_wconf 70' lang='grc' dir='ltr'>ἐμοῦ</span> <span class='ocrx_word' id='word_1_711' title='bbox 987 4635 1065 4694; x_wconf 86' lang='grc' dir='ltr'><strong>είς</strong></span> <span class='ocrx_word' id='word_1_712' title='bbox 1091 4634 1180 4684; x_wconf 74' lang='grc' dir='ltr'><strong>τὸν</strong></span> <span class='ocrx_word' id='word_1_713' title='bbox 1198 4630 1464 4702; x_wconf 69' lang='grc' dir='ltr'>νυμφῶνα</span> <span class='ocrx_word' id='word_1_714' title='bbox 1481 4628 1570 4684; x_wconf 77' lang='grc' dir='ltr'><strong>τὸν</strong></span> <span class='ocrx_word' id='word_1_715' title='bbox 1589 4633 1725 4702; x_wconf 69' lang='grc' dir='ltr'>ἐμὸν,</span> 
     </span>
    </p>
   </div>
   <div class='ocr_carea' id='block_1_96' title="bbox 1829 4628 3404 4708">
    <p class='ocr_par' dir='ltr' id='par_1_96' title="bbox 1839 4635 3404 4708">
     <span class='ocr_line' id='line_1_96' title="bbox 1839 4635 3404 4708; baseline 0.003 -19"><span class='ocrx_word' id='word_1_716' title='bbox 1839 4635 2172 4697; x_wconf 85' lang='lat' dir='ltr'><strong>thalamum,</strong></span> <span class='ocrx_word' id='word_1_717' title='bbox 2217 4644 2271 4688; x_wconf 93' lang='lat' dir='ltr'><strong>et</strong></span> <span class='ocrx_word' id='word_1_718' title='bbox 2321 4635 2599 4702; x_wconf 86' lang='lat' dir='ltr'><strong>accipietis</strong></span> <span class='ocrx_word' id='word_1_719' title='bbox 2654 4651 2879 4705; x_wconf 82' lang='lat' dir='ltr'><strong>regnum</strong></span> <span class='ocrx_word' id='word_1_720' title='bbox 2928 4638 3083 4692; x_wconf 79' lang='lat' dir='ltr'><strong>vobis</strong></span> <span class='ocrx_word' id='word_1_721' title='bbox 3132 4651 3404 4708; x_wconf 87' lang='lat' dir='ltr'><strong>paratum.</strong></span> 
     </span>
    </p>
   </div>
   <div class='ocr_carea' id='block_1_97' title="bbox 125 4722 1725 4798">
    <p class='ocr_par' dir='ltr' id='par_1_97' title="bbox 125 4722 1725 4798">
     <span class='ocr_line' id='line_1_97' title="bbox 125 4722 1725 4798; baseline -0.011 -11"><span class='ocrx_word' id='word_1_722' title='bbox 125 4733 230 4787; x_wconf 73' lang='grc' dir='ltr'><strong>καὶ</strong></span> <span class='ocrx_word' id='word_1_723' title='bbox 268 4731 381 4798; x_wconf 78' lang='grc' dir='ltr'>τὴν</span> <span class='ocrx_word' id='word_1_724' title='bbox 435 4725 855 4795; x_wconf 75' lang='grc' dir='ltr'>ἡτοιμασμένην</span> <span class='ocrx_word' id='word_1_725' title='bbox 909 4725 1037 4793; x_wconf 79' lang='grc' dir='ltr'>ὑμῖν</span> <span class='ocrx_word' id='word_1_726' title='bbox 1067 4723 1418 4790; x_wconf 69' lang='grc' dir='ltr'>ἀπολήψεσθε</span> <span class='ocrx_word' id='word_1_727' title='bbox 1435 4722 1725 4791; x_wconf 29' lang='grc' dir='ltr'>βασιλείαν,</span> 
     </span>
    </p>
   </div>
   <div class='ocr_carea' id='block_1_98' title="bbox 1829 4722 3406 4798">
    <p class='ocr_par' dir='ltr' id='par_1_98' title="bbox 1838 4728 3406 4791">
     <span class='ocr_line' id='line_1_98' title="bbox 1838 4728 3406 4791; baseline 0.003 -11"><span class='ocrx_word' id='word_1_728' title='bbox 1838 4728 1961 4782; x_wconf 65' lang='lat' dir='ltr'><strong>llaec</strong></span> <span class='ocrx_word' id='word_1_729' title='bbox 1991 4741 2045 4782; x_wconf 83' lang='lat' dir='ltr'><strong>et</strong></span> <span class='ocrx_word' id='word_1_730' title='bbox 2086 4743 2185 4782; x_wconf 85' lang='lat' dir='ltr'><strong>vox</strong></span> <span class='ocrx_word' id='word_1_731' title='bbox 2218 4728 2450 4791; x_wconf 85' lang='lat' dir='ltr'><strong>dicebat,</strong></span> <span class='ocrx_word' id='word_1_732' title='bbox 2487 4737 2541 4781; x_wconf 91' lang='lat' dir='ltr'><strong>ct</strong></span> <span class='ocrx_word' id='word_1_733' title='bbox 2569 4731 2771 4782; x_wconf 87' lang='lat' dir='ltr'><strong>tonitru</strong></span> <span class='ocrx_word' id='word_1_734' title='bbox 2807 4731 3096 4784; x_wconf 89' lang='lat' dir='ltr'><strong>resonabat</strong></span> <span class='ocrx_word' id='word_1_735' title='bbox 3130 4733 3406 4786; x_wconf 87' lang='lat' dir='ltr'><strong>horribili-</strong></span> 
     </span>
    </p>
   </div>
   <div class='ocr_carea' id='block_1_99' title="bbox 119 4813 1725 4892">
    <p class='ocr_par' dir='ltr' id='par_1_99' title="bbox 119 4813 1725 4886">
     <span class='ocr_line' id='line_1_99' title="bbox 119 4813 1725 4886; baseline -0.006 -10"><span class='ocrx_word' id='word_1_736' title='bbox 119 4821 327 4876; x_wconf 82' lang='grc' dir='ltr'>Ταῦτα</span> <span class='ocrx_word' id='word_1_737' title='bbox 381 4817 424 4886; x_wconf 73' lang='grc' dir='ltr'>ἦ</span> <span class='ocrx_word' id='word_1_738' title='bbox 454 4831 514 4867; x_wconf 84' lang='grc' dir='ltr'><strong>τε</strong></span> <span class='ocrx_word' id='word_1_739' title='bbox 553 4816 706 4883; x_wconf 75' lang='grc' dir='ltr'>φωνὴ</span> <span class='ocrx_word' id='word_1_740' title='bbox 727 4815 900 4882; x_wconf 67' lang='grc' dir='ltr'>ἔλεγε,</span> <span class='ocrx_word' id='word_1_741' title='bbox 921 4814 1014 4867; x_wconf 78' lang='grc' dir='ltr'><strong>καὶ</strong></span> <span class='ocrx_word' id='word_1_742' title='bbox 1041 4816 1074 4884; x_wconf 80' lang='grc' dir='ltr'>ὴ</span> <span class='ocrx_word' id='word_1_743' title='bbox 1107 4813 1305 4884; x_wconf 80' lang='grc' dir='ltr'>βροντὴ</span> <span class='ocrx_word' id='word_1_744' title='bbox 1328 4814 1552 4881; x_wconf 76' lang='grc' dir='ltr'>φοϐερὸν</span> <span class='ocrx_word' id='word_1_745' title='bbox 1580 4816 1725 4867; x_wconf 66' lang='lat' dir='ltr'><strong>eia-:6-</strong></span> 
     </span>
    </p>
   </div>
   <div class='ocr_carea' id='block_1_100' title="bbox 1829 4813 3403 4892">
    <p class='ocr_par' dir='ltr' id='par_1_100' title="bbox 1840 4820 3403 4892">
     <span class='ocr_line' id='line_1_100' title="bbox 1840 4820 3403 4892; baseline 0.003 -22"><span class='ocrx_word' id='word_1_746' title='bbox 1840 4827 1940 4882; x_wconf 90' lang='lat' dir='ltr'><strong>ter,</strong></span> <span class='ocrx_word' id='word_1_747' title='bbox 1974 4830 2150 4873; x_wconf 88' lang='lat' dir='ltr'><strong>etuna</strong></span> <span class='ocrx_word' id='word_1_748' title='bbox 2184 4836 2306 4871; x_wconf 87' lang='lat' dir='ltr'><strong>cum</strong></span> <span class='ocrx_word' id='word_1_749' title='bbox 2355 4835 2417 4871; x_wconf 84' lang='lat' dir='ltr'><strong>ea</strong></span> <span class='ocrx_word' id='word_1_750' title='bbox 2451 4820 2539 4872; x_wconf 85' lang='lat' dir='ltr'><strong>diu</strong></span> <span class='ocrx_word' id='word_1_751' title='bbox 2583 4820 2736 4874; x_wconf 79' lang='lat' dir='ltr'><strong>affuit</strong></span> <span class='ocrx_word' id='word_1_752' title='bbox 2770 4839 2783 4874; x_wconf 89' lang='lat'><strong>:</strong></span> <span class='ocrx_word' id='word_1_753' title='bbox 2830 4831 2886 4877; x_wconf 90' lang='lat' dir='ltr'><strong>et</strong></span> <span class='ocrx_word' id='word_1_754' title='bbox 2930 4823 3132 4877; x_wconf 91' lang='lat' dir='ltr'><strong>multos</strong></span> <span class='ocrx_word' id='word_1_755' title='bbox 3162 4824 3403 4892; x_wconf 84' lang='lat' dir='ltr'><strong>quidem,</strong></span> 
     </span>
    </p>
   </div>
   <div class='ocr_carea' id='block_1_101' title="bbox 117 4904 1725 4980">
    <p class='ocr_par' dir='ltr' id='par_1_101' title="bbox 117 4904 1725 4978">
     <span class='ocr_line' id='line_1_101' title="bbox 117 4904 1725 4978; baseline -0.004 -13"><span class='ocrx_word' id='word_1_756' title='bbox 117 4932 241 4978; x_wconf 74' lang='grc' dir='ltr'>πει,</span> <span class='ocrx_word' id='word_1_757' title='bbox 274 4913 385 4964; x_wconf 77' lang='grc' dir='ltr'>καὶ</span> <span class='ocrx_word' id='word_1_758' title='bbox 405 4906 510 4961; x_wconf 76' lang='grc' dir='ltr'><strong>ἐπὶ</strong></span> <span class='ocrx_word' id='word_1_759' title='bbox 537 4904 867 4975; x_wconf 54' lang='grc' dir='ltr'>πολὺραύτῃ</span> <span class='ocrx_word' id='word_1_760' title='bbox 891 4906 1377 4976; x_wconf 82' lang='grc' dir='ltr'>συμπαρετείνετο,</span> <span class='ocrx_word' id='word_1_761' title='bbox 1397 4905 1489 4957; x_wconf 74' lang='grc' dir='ltr'><strong>καί</strong></span> <span class='ocrx_word' id='word_1_762' title='bbox 1515 4905 1725 4971; x_wconf 73' lang='grc' dir='ltr'>πολλοὺς</span> 
     </span>
    </p>
   </div>
   <div class='ocr_carea' id='block_1_102' title="bbox 1829 4904 3407 4980">
    <p class='ocr_par' dir='ltr' id='par_1_102' title="bbox 1840 4911 3407 4980">
     <span class='ocr_line' id='line_1_102' title="bbox 1840 4911 3407 4980; baseline 0.003 -17"><span class='ocrx_word' id='word_1_763' title='bbox 1840 4925 1964 4964; x_wconf 91' lang='lat' dir='ltr'><strong>cum</strong></span> <span class='ocrx_word' id='word_1_764' title='bbox 2001 4913 2220 4978; x_wconf 75' lang='lat' dir='ltr'><strong>repente</strong></span> <span class='ocrx_word' id='word_1_765' title='bbox 2274 4911 2547 4978; x_wconf 86' lang='lat' dir='ltr'><strong>erupisset</strong></span> <span class='ocrx_word' id='word_1_766' title='bbox 2589 4913 2653 4964; x_wconf 89' lang='lat' dir='ltr'><strong>ad</strong></span> <span class='ocrx_word' id='word_1_767' title='bbox 2688 4927 2869 4976; x_wconf 89' lang='lat' dir='ltr'><strong>aures,</strong></span> <span class='ocrx_word' id='word_1_768' title='bbox 2905 4912 3050 4965; x_wconf 84' lang='lat' dir='ltr'><strong>humi</strong></span> <span class='ocrx_word' id='word_1_769' title='bbox 3093 4912 3312 4980; x_wconf 85' lang='lat' dir='ltr'><strong>dejecit,</strong></span> <span class='ocrx_word' id='word_1_770' title='bbox 3351 4925 3407 4969; x_wconf 87' lang='lat' dir='ltr'><strong>et</strong></span> 
     </span>
    </p>
   </div>
   <div class='ocr_carea' id='block_1_103' title="bbox 119 4989 1725 5076">
    <p class='ocr_par' dir='ltr' id='par_1_103' title="bbox 119 4995 1725 5076">
     <span class='ocr_line' id='line_1_103' title="bbox 119 4995 1725 5076; baseline -0.007 -17"><span class='ocrx_word' id='word_1_771' title='bbox 119 5006 226 5076; x_wconf 71' lang='grc' dir='ltr'>μὲν</span> <span class='ocrx_word' id='word_1_772' title='bbox 244 5005 318 5056; x_wconf 80' lang='grc' dir='ltr'><strong>ὲκ</strong></span> <span class='ocrx_word' id='word_1_773' title='bbox 334 4998 444 5054; x_wconf 78' lang='grc' dir='ltr'>τοῦ</span> <span class='ocrx_word' id='word_1_774' title='bbox 465 4996 728 5066; x_wconf 79' lang='grc' dir='ltr'>αἰφνιδίου</span> <span class='ocrx_word' id='word_1_775' title='bbox 746 4997 809 5064; x_wconf 80' lang='grc' dir='ltr'>τῇ</span> <span class='ocrx_word' id='word_1_776' title='bbox 829 4995 964 5063; x_wconf 72' lang='grc' dir='ltr'>ἀκοῇ</span> <span class='ocrx_word' id='word_1_777' title='bbox 987 4997 1375 5064; x_wconf 73' lang='grc' dir='ltr'>προσραγεῖσα,</span> <span class='ocrx_word' id='word_1_778' title='bbox 1394 4998 1473 5059; x_wconf 86' lang='grc' dir='ltr'><strong>είς</strong></span> <span class='ocrx_word' id='word_1_779' title='bbox 1493 4997 1596 5064; x_wconf 80' lang='grc' dir='ltr'><strong>γῆν</strong></span> <span class='ocrx_word' id='word_1_780' title='bbox 1611 5014 1725 5048; x_wconf 82' lang='grc' dir='ltr'><strong>κατ¹</strong></span> 
     </span>
    </p>
   </div>
   <div class='ocr_carea' id='block_1_104' title="bbox 1829 4989 3408 5076">
    <p class='ocr_par' dir='ltr' id='par_1_104' title="bbox 1841 4989 3408 5074">
     <span class='ocr_line' id='line_1_104' title="bbox 1841 4989 3408 5074; baseline 0.001 -16"><span class='ocrx_word' id='word_1_781' title='bbox 1841 4989 2148 5058; x_wconf 84' lang='lat' dir='ltr'><strong>sermonem</strong></span> <span class='ocrx_word' id='word_1_782' title='bbox 2186 5000 2264 5055; x_wconf 83' lang='lat' dir='ltr'><strong>eis</strong></span> <span class='ocrx_word' id='word_1_783' title='bbox 2297 5002 2521 5055; x_wconf 89' lang='lat' dir='ltr'><strong>abstulit</strong></span> <span class='ocrx_word' id='word_1_784' title='bbox 2550 5019 2562 5054; x_wconf 90' lang='lat'><strong>:</strong></span> <span class='ocrx_word' id='word_1_785' title='bbox 2598 5003 2727 5071; x_wconf 86' lang='lat' dir='ltr'><strong>quin</strong></span> <span class='ocrx_word' id='word_1_786' title='bbox 2758 5003 2921 5055; x_wconf 87' lang='lat' dir='ltr'><strong>etiam</strong></span> <span class='ocrx_word' id='word_1_787' title='bbox 2970 5003 3168 5059; x_wconf 91' lang='lat' dir='ltr'><strong>multos</strong></span> <span class='ocrx_word' id='word_1_788' title='bbox 3194 5005 3408 5074; x_wconf 88' lang='lat' dir='ltr'><strong>equites</strong></span> 
     </span>
    </p>
   </div>
   <div class='ocr_carea' id='block_1_105' title="bbox 116 5085 1725 5165">
    <p class='ocr_par' dir='ltr' id='par_1_105' title="bbox 116 5085 1725 5158">
     <span class='ocr_line' id='line_1_105' title="bbox 116 5085 1725 5158; baseline -0.007 -8"><span class='ocrx_word' id='word_1_789' title='bbox 116 5098 318 5158; x_wconf 79' lang='grc' dir='ltr'>έλαϐε,</span> <span class='ocrx_word' id='word_1_790' title='bbox 341 5092 454 5147; x_wconf 76' lang='grc' dir='ltr'><strong>καὶ</strong></span> <span class='ocrx_word' id='word_1_791' title='bbox 498 5089 561 5140; x_wconf 84' lang='grc' dir='ltr'><strong>τὸ</strong></span> <span class='ocrx_word' id='word_1_792' title='bbox 596 5085 930 5157; x_wconf 83' lang='grc' dir='ltr'>φθέγγεσθαι</span> <span class='ocrx_word' id='word_1_793' title='bbox 949 5085 1127 5137; x_wconf 79' lang='grc' dir='ltr'>αὐτῶν</span> <span class='ocrx_word' id='word_1_794' title='bbox 1149 5087 1418 5152; x_wconf 74' lang='grc' dir='ltr'>ἀφείλετο,</span> <span class='ocrx_word' id='word_1_795' title='bbox 1445 5087 1666 5149; x_wconf 81' lang='grc' dir='ltr'>πολλοὺς</span> <span class='ocrx_word' id='word_1_796' title='bbox 1685 5086 1725 5139; x_wconf 80' lang='grc' dir='ltr'><strong>δί</strong></span> 
     </span>
    </p>
   </div>
   <div class='ocr_carea' id='block_1_106' title="bbox 1829 5085 3409 5165">
    <p class='ocr_par' dir='ltr' id='par_1_106' title="bbox 1846 5094 3409 5165">
     <span class='ocr_line' id='line_1_106' title="bbox 1846 5094 3409 5165; baseline 0.003 -18"><span class='ocrx_word' id='word_1_797' title='bbox 1846 5095 2005 5163; x_wconf 86' lang='lat' dir='ltr'><strong>ejecit</strong></span> <span class='ocrx_word' id='word_1_798' title='bbox 2065 5109 2128 5146; x_wconf 78' lang='lat' dir='ltr'><strong>ex</strong></span> <span class='ocrx_word' id='word_1_799' title='bbox 2177 5094 2307 5162; x_wconf 86' lang='lat' dir='ltr'><strong>ipsis</strong></span> <span class='ocrx_word' id='word_1_800' title='bbox 2358 5095 2533 5162; x_wconf 85' lang='lat' dir='ltr'><strong>equis,</strong></span> <span class='ocrx_word' id='word_1_801' title='bbox 2591 5109 2728 5162; x_wconf 87' lang='lat' dir='ltr'><strong>quos</strong></span> <span class='ocrx_word' id='word_1_802' title='bbox 2777 5096 2936 5165; x_wconf 88' lang='lat' dir='ltr'><strong>equi,</strong></span> <span class='ocrx_word' id='word_1_803' title='bbox 2978 5097 3303 5152; x_wconf 80' lang='lat' dir='ltr'><strong>insultantes</strong></span> <span class='ocrx_word' id='word_1_804' title='bbox 3353 5109 3409 5152; x_wconf 90' lang='lat' dir='ltr'><strong>et</strong></span> 
     </span>
    </p>
   </div>
   <div class='ocr_carea' id='block_1_107' title="bbox 119 5177 1725 5249">
    <p class='ocr_par' dir='ltr' id='par_1_107' title="bbox 119 5177 1725 5249">
     <span class='ocr_line' id='line_1_107' title="bbox 119 5177 1725 5249; baseline -0.006 -8"><span class='ocrx_word' id='word_1_805' title='bbox 119 5189 330 5249; x_wconf 76' lang='grc' dir='ltr'>ἱππεῖς</span> <span class='ocrx_word' id='word_1_806' title='bbox 353 5183 466 5237; x_wconf 75' lang='grc' dir='ltr'><strong>καὶ</strong></span> <span class='ocrx_word' id='word_1_807' title='bbox 488 5179 670 5233; x_wconf 80' lang='grc' dir='ltr'>αὐτῶν</span> <span class='ocrx_word' id='word_1_808' title='bbox 693 5178 933 5233; x_wconf 75' lang='grc' dir='ltr'>ἀπέϐαλε</span> <span class='ocrx_word' id='word_1_809' title='bbox 956 5178 1064 5232; x_wconf 84' lang='grc' dir='ltr'><strong>τῶν</strong></span> <span class='ocrx_word' id='word_1_810' title='bbox 1087 5177 1397 5245; x_wconf 75' lang='grc' dir='ltr'>ἴππων,καὶ</span> <span class='ocrx_word' id='word_1_811' title='bbox 1419 5195 1482 5230; x_wconf 90' lang='grc' dir='ltr'><strong>πε</strong></span> <span class='ocrx_word' id='word_1_812' title='bbox 1490 5179 1725 5249; x_wconf 74' lang='grc' dir='ltr'>ριϐἀντες</span> 
     </span>
    </p>
   </div>
   <div class='ocr_carea' id='block_1_108' title="bbox 1829 5177 3406 5249">
    <p class='ocr_par' dir='ltr' id='par_1_108' title="bbox 1842 5184 3406 5248">
     <span class='ocr_line' id='line_1_108' title="bbox 1842 5184 3406 5248; baseline 0.002 -10"><span class='ocrx_word' id='word_1_813' title='bbox 1842 5185 2242 5248; x_wconf 87' lang='lat' dir='ltr'><strong>concultantes,</strong></span> <span class='ocrx_word' id='word_1_814' title='bbox 2274 5184 2592 5242; x_wconf 86' lang='lat' dir='ltr'><strong>occiderunt</strong></span> <span class='ocrx_word' id='word_1_815' title='bbox 2623 5203 2637 5239; x_wconf 88' lang='lat'><strong>:</strong></span> <span class='ocrx_word' id='word_1_816' title='bbox 2672 5194 2727 5240; x_wconf 89' lang='lat' dir='ltr'><strong>et</strong></span> <span class='ocrx_word' id='word_1_817' title='bbox 2772 5187 2838 5241; x_wconf 89' lang='lat' dir='ltr'><strong>ad</strong></span> <span class='ocrx_word' id='word_1_818' title='bbox 2879 5203 3149 5241; x_wconf 87' lang='lat' dir='ltr'><strong>summum</strong></span> <span class='ocrx_word' id='word_1_819' title='bbox 3185 5197 3406 5244; x_wconf 85' lang='lat' dir='ltr'><strong>contur-</strong></span> 
     </span>
    </p>
   </div>
   <div class='ocr_carea' id='block_1_109' title="bbox 114 5271 1725 5347">
    <p class='ocr_par' dir='ltr' id='par_1_109' title="bbox 114 5271 1725 5342">
     <span class='ocr_line' id='line_1_109' title="bbox 114 5271 1725 5342; baseline -0.011 -6"><span class='ocrx_word' id='word_1_820' title='bbox 114 5283 330 5342; x_wconf 83' lang='grc' dir='ltr'>αὐτοὺς</span> <span class='ocrx_word' id='word_1_821' title='bbox 368 5272 481 5331; x_wconf 77' lang='grc' dir='ltr'>καὶ</span> <span class='ocrx_word' id='word_1_822' title='bbox 513 5272 970 5342; x_wconf 79' lang='grc' dir='ltr'>συμπατήσαντες</span> <span class='ocrx_word' id='word_1_823' title='bbox 999 5274 1045 5325; x_wconf 82' lang='lat' dir='ltr'><strong>oi</strong></span> <span class='ocrx_word' id='word_1_824' title='bbox 1074 5271 1249 5334; x_wconf 79' lang='grc' dir='ltr'>ἵπποι,</span> <span class='ocrx_word' id='word_1_825' title='bbox 1275 5271 1607 5324; x_wconf 79' lang='grc' dir='ltr'>ἀπέκτειναν</span> <span class='ocrx_word' id='word_1_826' title='bbox 1643 5272 1725 5322; x_wconf 69' lang='grc' dir='ltr'><strong>καί</strong></span> 
     </span>
    </p>
   </div>
   <div class='ocr_carea' id='block_1_110' title="bbox 1829 5271 3406 5347">
    <p class='ocr_par' dir='ltr' id='par_1_110' title="bbox 1839 5277 3406 5347">
     <span class='ocr_line' id='line_1_110' title="bbox 1839 5277 3406 5347; baseline 0.001 -16"><span class='ocrx_word' id='word_1_827' title='bbox 1839 5278 1986 5332; x_wconf 81' lang='lat' dir='ltr'><strong>bavit</strong></span> <span class='ocrx_word' id='word_1_828' title='bbox 2042 5277 2256 5345; x_wconf 88' lang='lat' dir='ltr'><strong>penitus</strong></span> <span class='ocrx_word' id='word_1_829' title='bbox 2323 5290 2417 5328; x_wconf 82' lang='lat' dir='ltr'><strong>cos</strong></span> <span class='ocrx_word' id='word_1_830' title='bbox 2463 5277 2554 5343; x_wconf 91' lang='lat' dir='ltr'><strong>qui</strong></span> <span class='ocrx_word' id='word_1_831' title='bbox 2620 5278 2879 5339; x_wconf 80' lang='lat' dir='ltr'><strong>aderant.</strong></span> <span class='ocrx_word' id='word_1_832' title='bbox 2922 5293 3121 5347; x_wconf 84' lang='lat' dir='ltr'><strong>eosque</strong></span> <span class='ocrx_word' id='word_1_833' title='bbox 3173 5280 3406 5334; x_wconf 76' lang='lat' dir='ltr'><strong>reddidit</strong></span> 
     </span>
    </p>
   </div>
   <div class='ocr_carea' id='block_1_111' title="bbox 113 5360 1731 5437">
    <p class='ocr_par' dir='ltr' id='par_1_111' title="bbox 113 5360 1731 5437">
     <span class='ocr_line' id='line_1_111' title="bbox 113 5360 1731 5437; baseline -0.006 -17"><span class='ocrx_word' id='word_1_834' title='bbox 113 5373 258 5430; x_wconf 79' lang='grc' dir='ltr'>ὅλως</span> <span class='ocrx_word' id='word_1_835' title='bbox 294 5363 626 5437; x_wconf 75' lang='grc' dir='ltr'>ὲθορύϐησε</span> <span class='ocrx_word' id='word_1_836' title='bbox 660 5365 781 5426; x_wconf 77' lang='grc' dir='ltr'>τοὺς</span> <span class='ocrx_word' id='word_1_837' title='bbox 831 5363 1107 5433; x_wconf 78' lang='grc' dir='ltr'>παρόντας</span> <span class='ocrx_word' id='word_1_838' title='bbox 1146 5363 1238 5412; x_wconf 80' lang='grc' dir='ltr'><strong>καὶ</strong></span> <span class='ocrx_word' id='word_1_839' title='bbox 1294 5362 1371 5421; x_wconf 85' lang='grc' dir='ltr'>εἰς</span> <span class='ocrx_word' id='word_1_840' title='bbox 1420 5360 1731 5430; x_wconf 78' lang='grc' dir='ltr'>ἀμηχανίαν</span> 
     </span>
    </p>
   </div>
   <div class='ocr_carea' id='block_1_112' title="bbox 114 5451 1730 5526">
    <p class='ocr_par' dir='ltr' id='par_1_112' title="bbox 114 5451 1730 5526">
     <span class='ocr_line' id='line_1_112' title="bbox 114 5451 1730 5526; baseline -0.01 -8"><span class='ocrx_word' id='word_1_841' title='bbox 114 5464 423 5518; x_wconf 70' lang='grc' dir='ltr'>ινέϐαλεν.</span> <span class='ocrx_word' id='word_1_842' title='bbox 455 5458 525 5510; x_wconf 83' lang='lat' dir='ltr'><strong>Ui</strong></span> <span class='ocrx_word' id='word_1_843' title='bbox 561 5455 746 5526; x_wconf 81' lang='grc' dir='ltr'>μέντοι</span> <span class='ocrx_word' id='word_1_844' title='bbox 789 5456 922 5524; x_wconf 71' lang='grc' dir='ltr'>πρὸς</span> <span class='ocrx_word' id='word_1_845' title='bbox 957 5453 1051 5507; x_wconf 82' lang='grc' dir='ltr'>τοῦ</span> <span class='ocrx_word' id='word_1_846' title='bbox 1107 5453 1369 5522; x_wconf 85' lang='grc' dir='ltr'>βασιλέως</span> <span class='ocrx_word' id='word_1_847' title='bbox 1431 5451 1730 5522; x_wconf 76' lang='grc' dir='ltr'>Τηριδατου</span> 
     </span>
    </p>
   </div>
   <div class='ocr_carea' id='block_1_113' title="bbox 116 5541 1729 5617">
    <p class='ocr_par' dir='ltr' id='par_1_113' title="bbox 116 5541 1729 5617">
     <span class='ocr_line' id='line_1_113' title="bbox 116 5541 1729 5617; baseline -0.007 -8"><span class='ocrx_word' id='word_1_848' title='bbox 116 5556 432 5614; x_wconf 84' lang='grc' dir='ltr'>σταλέντες</span> <span class='ocrx_word' id='word_1_849' title='bbox 521 5549 607 5617; x_wconf 69' lang='grc' dir='ltr'><strong>ἐφ’</strong></span> <span class='ocrx_word' id='word_1_850' title='bbox 657 5541 701 5616; x_wconf 79' lang='grc' dir='ltr'><strong>ᾧ</strong></span> <span class='ocrx_word' id='word_1_851' title='bbox 749 5547 848 5615; x_wconf 76' lang='grc' dir='ltr'>τὴν</span> <span class='ocrx_word' id='word_1_852' title='bbox 937 5547 1193 5617; x_wconf 66' lang='grc' dir='ltr'>Ῥιψίμην</span> <span class='ocrx_word' id='word_1_853' title='bbox 1253 5545 1729 5614; x_wconf 76' lang='grc' dir='ltr'>μετακαλέσονται,</span> 
     </span>
    </p>
   </div>
   <div class='ocr_carea' id='block_1_114' title="bbox 188 5752 678 5811">
    <p class='ocr_par' dir='ltr' id='par_1_114' title="bbox 188 5752 678 5811">
     <span class='ocr_line' id='line_1_114' title="bbox 188 5752 678 5811; baseline -0.02 -1"><span class='ocrx_word' id='word_1_854' title='bbox 188 5762 210 5791; x_wconf 69' lang='grc' dir='ltr'>δ</span> <span class='ocrx_word' id='word_1_855' title='bbox 247 5753 470 5811; x_wconf 79' lang='lat' dir='ltr'><strong>Matth.</strong></span> <span class='ocrx_word' id='word_1_856' title='bbox 506 5768 555 5803; x_wconf 68' lang='grc' dir='ltr'>χ.</span> <span class='ocrx_word' id='word_1_857' title='bbox 594 5752 678 5802; x_wconf 60' lang='grc' dir='ltr'>ἳό.</span> 
     </span>
    </p>
   </div>
   <div class='ocr_carea' id='block_1_115' title="bbox 1837 5367 3404 5436">
    <p class='ocr_par' dir='ltr' id='par_1_115' title="bbox 1837 5367 3404 5436">
     <span class='ocr_line' id='line_1_115' title="bbox 1837 5367 3404 5436; baseline 0.001 -14"><span class='ocrx_word' id='word_1_858' title='bbox 1837 5368 2003 5422; x_wconf 85' lang='lat' dir='ltr'><strong>animi</strong></span> <span class='ocrx_word' id='word_1_859' title='bbox 2034 5367 2226 5421; x_wconf 87' lang='lat' dir='ltr'><strong>dubios</strong></span> <span class='ocrx_word' id='word_1_860' title='bbox 2249 5376 2302 5419; x_wconf 90' lang='lat' dir='ltr'><strong>et</strong></span> <span class='ocrx_word' id='word_1_861' title='bbox 2334 5367 2634 5436; x_wconf 78' lang='lat' dir='ltr'><strong>pet-plexos.</strong></span> <span class='ocrx_word' id='word_1_862' title='bbox 2659 5369 2760 5433; x_wconf 79' lang='lat' dir='ltr'><strong>Qui</strong></span> <span class='ocrx_word' id='word_1_863' title='bbox 2789 5379 2967 5424; x_wconf 88' lang='lat' dir='ltr'><strong>autem</strong></span> <span class='ocrx_word' id='word_1_864' title='bbox 3006 5369 3154 5424; x_wconf 89' lang='lat' dir='ltr'><strong>missi</strong></span> <span class='ocrx_word' id='word_1_865' title='bbox 3188 5369 3404 5426; x_wconf 88' lang='lat' dir='ltr'><strong>fuerant</strong></span> 
     </span>
    </p>
   </div>
   <div class='ocr_carea' id='block_1_116' title="bbox 1838 5456 3406 5530">
    <p class='ocr_par' dir='ltr' id='par_1_116' title="bbox 1838 5456 3406 5530">
     <span class='ocr_line' id='line_1_116' title="bbox 1838 5456 3406 5530; baseline 0.002 -18"><span class='ocrx_word' id='word_1_866' title='bbox 1838 5475 1867 5512; x_wconf 89' lang='lat' dir='ltr'><strong>a</strong></span> <span class='ocrx_word' id='word_1_867' title='bbox 1904 5475 2027 5529; x_wconf 85' lang='lat' dir='ltr'><strong>rege</strong></span> <span class='ocrx_word' id='word_1_868' title='bbox 2079 5456 2353 5523; x_wconf 86' lang='lat' dir='ltr'><strong>Teridate,</strong></span> <span class='ocrx_word' id='word_1_869' title='bbox 2386 5467 2443 5511; x_wconf 91' lang='lat' dir='ltr'><strong>ut</strong></span> <span class='ocrx_word' id='word_1_870' title='bbox 2497 5471 2841 5516; x_wconf 87' lang='lat' dir='ltr'><strong>accerserent</strong></span> <span class='ocrx_word' id='word_1_871' title='bbox 2871 5462 3187 5530; x_wconf 77' lang='lat' dir='ltr'><strong>Ripsimem,</strong></span> <span class='ocrx_word' id='word_1_872' title='bbox 3223 5465 3406 5516; x_wconf 88' lang='lat' dir='ltr'><strong>animo</strong></span> 
     </span>
    </p>
   </div>
   <div class='ocr_carea' id='block_1_117' title="bbox 1841 5551 3404 5622">
    <p class='ocr_par' dir='ltr' id='par_1_117' title="bbox 1841 5551 3404 5622">
     <span class='ocr_line' id='line_1_117' title="bbox 1841 5551 3404 5622; baseline 0.001 -18"><span class='ocrx_word' id='word_1_873' title='bbox 1841 5551 2145 5615; x_wconf 82' lang='lat' dir='ltr'><strong>conterriti,</strong></span> <span class='ocrx_word' id='word_1_874' title='bbox 2183 5559 2531 5604; x_wconf 89' lang='lat' dir='ltr'><strong>revertuntur</strong></span> <span class='ocrx_word' id='word_1_875' title='bbox 2567 5553 2635 5606; x_wconf 89' lang='lat' dir='ltr'><strong>ad</strong></span> <span class='ocrx_word' id='word_1_876' title='bbox 2668 5567 2844 5622; x_wconf 81' lang='lat' dir='ltr'><strong>regem</strong></span> <span class='ocrx_word' id='word_1_877' title='bbox 2884 5554 3135 5610; x_wconf 86' lang='lat' dir='ltr'><strong>deorsum</strong></span> <span class='ocrx_word' id='word_1_878' title='bbox 3184 5554 3404 5607; x_wconf 82' lang='lat' dir='ltr'><strong>intuen-</strong></span> 
     </span>
    </p>
   </div>
  </div>
