4154 6318
751 349 853 412 967

1982 347 2261 409 MENSIS
2301 347 2767 407 SEPTEMBER.

3889 356 3987 417 ρος

752 471 852 521 tes,
883 469 936 513 et
965 458 1012 513 ei
1044 458 1360 513 renuntiant
1392 473 1453 512 ea
1499 472 1617 527 qua:
1660 456 1797 511 facta
1829 456 2064 521 l'uerant,
2096 468 2150 511 et
2182 458 2320 527 quod

2433 460 2599 527 φόϐου
2640 459 2736 521 τάς
2797 458 2978 529 ψυχὰς
3035 459 3492 532 ὑποπλησθέντες,
3528 462 3787 518 ἐπανίασι
3850 469 3994 520 κατι.)

749 566 848 605 nec
886 551 1160 618 acciperet
1201 549 1443 618 Bipsime
1470 564 1530 601 ea
1592 563 1710 618 qua:
1759 549 1921 601 missa
1950 548 2185 610 fuerant,
2219 563 2320 602 nec

747 642 973 695 omnino
997 644 1062 697 ad
1094 658 1217 697 eum
1268 642 1452 695 venire
1499 642 1551 694 in
1596 642 1838 693 animum
1887 640 2189 695 induceret.
2228 639 2322 693 Ille

747 744 929 787 autem
959 735 1111 787 valde
1145 733 1422 795 eil'eratus,
1452 742 1507 786 et
1536 733 1669 785 nihil
1714 733 1956 799 c0gitans
1982 745 2166 785 eorum
2201 746 2322 800 qute

753 826 1135 880 renuntiabant
1161 826 1268 879 illis
1314 825 1566 880 evenisse
1598 824 1890 892 (quomodo
1917 824 2063 876 enim
2098 823 2151 875 id
2175 822 2319 876 face-

748 929 829 970 ret
856 920 1036 971 anima
1081 933 1264 971 amore
1311 917 1459 969 ebria
1480 917 1546 980 2),
1597 931 1772 983 neque
1814 916 2078 969 reveritus
2126 917 2322 983 probro

747 1011 964 1062 alficere
997 1009 1261 1075 virginem
1301 1026 1313 1061 :
1346 1008 1450 1060 Sed
1500 1024 1617 1073 vos,
1654 1008 1852 1076 inquit,
1905 1024 2020 1060 eam
2069 1008 2151 1060 vel
2188 1007 2323 1059 invi—

748 1110 855 1153 tam
891 1101 1161 1153 adducite.
1191 1100 1269 1153 llli
1298 1116 1425 1171 ergo
1456 1115 1579 1154 cum
1614 1116 1773 1169 quam
1806 1099 2067 1153 citissime
2091 1114 2322 1152 concur-

748 1192 946 1245 rissent
975 1193 1039 1245 ad
1072 1193 1391 1259 Ripsimem,
1425 1203 1481 1244 et
1516 1207 1634 1244 eam
1670 1190 1808 1243 alius
1839 1191 2058 1242 aliunde
2090 1191 2321 1258 prehen-

746 1285 975 1350 dissent,
1008 1294 1065 1338 et
1097 1297 1286 1354 magna
1318 1286 1368 1337 vi
1416 1286 1577 1338 simul
1632 1285 2005 1347 altraxissent,
2029 1285 2094 1338 ad
2140 1298 2319 1353 regem

746 1378 1043 1431 adducunt.
1082 1377 1171 1431 llla
1206 1388 1407 1440 autem,
1434 1377 1646 1430 etiarnsi
1700 1378 1777 1431 sic
1811 1387 1989 1445 capta,
2022 1387 2077 1429 et
2115 1377 2181 1430 ad
2215 1377 2320 1429 hoc

749 1468 949 1520 malum
992 1477 1140 1521 esset
1188 1470 1426 1529 redacta,
1462 1483 1655 1538 magno
1695 1478 1749 1521 et
1798 1467 1920 1519 l'orii
1969 1466 2151 1519 animo
2190 1465 2319 1519 illud

750 1561 979 1612 canebat
1039 1576 1052 1613 :
1117 1579 1134 1611 ι
1168 1558 1329 1629 Eripe
1376 1575 1406 1613 a
1458 1561 1793 1626 rhomphaea,
1842 1559 2048 1622 dicens,
2082 1558 2319 1611 animam

750 1664 948 1710 meam,
989 1656 1042 1702 et
1086 1663 1116 1702 a
1160 1664 1323 1701 manu
1368 1648 1517 1701 canis
1571 1650 1908 1719 unigenitam
1956 1648 2177 1700 meam':
2209 1665 2227 1697 ι
2266 1655 2323 1699 et

748 1738 1039 1794 invocabat
1072 1755 1271 1793 nomen
1301 1740 1483 1808 sponsi
1520 1738 1910 1793 desiderabilis.

816 1914 937 1969 XX.
970 1913 1262 1983 Postquam
1297 1924 1475 1968 autem
1516 1912 1617 1968 fuit
1647 1914 1699 1967 in
1732 1914 1846 1983 ipso
1878 1912 2127 1967 cubiculo
2150 1911 2319 1983 regio,

746 2010 935 2061 oculos
977 2009 1042 2062 ad
1082 2007 1361 2061 Christum
1411 2022 1533 2060 cum
1583 2015 1763 2061 mente
1794 2007 2067 2070 attollens,
2102 2021 2322 2059 revoca-

750 2098 841 2151 bat
890 2100 945 2151 in
1001 2100 1315 2152 memoriam
1360 2098 1649 2160 mirabilia,
1680 2098 1967 2165 quaelacta
2006 2098 2220 2149 inerant
2267 2095 2320 2147 in

753 2190 937 2245 Rubro
967 2190 1102 2243 mari
1138 2198 1194 2242 et
1241 2188 1531 2243 solitudine
1570 2204 1583 2240 :
1613 2198 1666 2241 et
1712 2186 1903 2241 Jonam
1936 2188 2236 2240 adducebat
2269 2189 2322 2239 iii

749 2286 991 2338 medium
1040 2297 1162 2337 cum
1219 2280 1500 2349 naufragio
1548 2280 1877 2342 admirabili,
1931 2290 2003 2343 ei,
2055 2294 2176 2347 qua:
2225 2280 2327 2333 l‘uit

749 2378 946 2443 prater
982 2373 1337 2441 opinionem,
1379 2368 1499 2436 ejus
1555 2368 1612 2421 in
1660 2369 1823 2421 vitam
1871 2367 2270 2421 revocationem
2307 2384 2321 2421 :

751 2464 985 2517 Danielis
1044 2471 1101 2516 et
1139 2464 1302 2515 trium
1347 2460 1671 2513 meminerat
1723 2473 2013 2527 puerorum
2049 2466 2104 2511 et
2132 2473 2324 2527 quem-

748 2554 1040 2606 admodum
1082 2552 1157 2605 illi
1191 2561 1447 2620 tanquam
1480 2550 1537 2603 in
1588 2551 1759 2604 herba
1788 2552 1997 2604 roscida
2028 2552 2082 2603 in
2106 2550 2321 2606 ﬂamma

749 2646 1111 2699 incedebant:
1137 2644 1335 2699 deinde
1364 2643 1527 2697 etiam
1554 2640 1816 2697 Susanna:
1848 2644 2120 2699 referebat
2149 2643 2323 2699 factas

749 2737 999 2801 insidias,
1029 2746 1084 2790 et
1113 2736 1544 2803 redemptionem
1581 2751 1595 2787 :
1625 2744 1684 2788 et
1729 2734 1828 2789 Sibi
1858 2735 2091 2789 similem
2131 2735 2324 2788 adesse

748 2830 1049 2896 adiutorem
1095 2829 1317 2895 petebat
1358 2827 1409 2878 in
1462 2840 1593 2878 casu
1640 2825 1823 2877 simili.
1877 2824 2100 2876 Interim
2140 2832 2321 2877 autem

750 2926 805 2974 in
836 2919 1151 2973 cubiculum
1182 2920 1486 2989 ingressum
1532 2916 1839 2970 Teridaleni
1878 2917 2082 2971 invadit
2110 2918 2324 2989 gravior

750 3014 959 3068 ιιεειιιοιι
1020 3011 1474 3081 intemperantiae,
1512 3019 1865 3080 amenterque
1895 3019 1947 3064 et
1990 3011 2179 3065 insane
2215 3026 2321 3077 prae

2424 551 2670 613 νεύοντες
2702 553 2834 619 πρὸς
2864 553 2954 604 τὸν
2980 550 3230 621 βασιλέα,
3253 555 3348 607 καὶ
3382 555 3529 625 αὑτῷ
3581 556 3994 623 ἀπαγγέλλουσι

2422 644 2489 696 τα
2529 646 2886 711 γεγενημένα,
2921 646 3008 695 καὶ
3040 643 3114 705 ὡς
3151 643 3276 700 οὔτε
3350 645 3559 710 εέιοιτο
3596 648 3629 717 ή
3672 646 3902 717 Ῥιψίμη
3931 652 3993 702 τὰ

2425 735 2765 803 πεμφθέντα,
2792 734 2903 786 οὗθ’
2926 737 3057 797 ὅλως
3086 738 3491 805 παραγενέσθαι
3508 740 3817 807 ἀνάσχοιτο.
3837 739 3893 793 '0
3916 742 3992 801 δὲ.

2424 827 2675 896 χαλεπῶς
2709 829 2972 896 ἀγριάνας
3010 830 3101 882 καὶ
3147 830 3315 899 μηδὲν
3357 832 3493 898 μήτε
3550 825 3623 883 ῶν
3649 833 3991 901 ἀπήγγειλαν

2424 920 2905 997 a't'attp’cup61).div
2931 922 3069 991 (πῶς
3104 925 3212 991 γὰρ
3258 922 3421 993 ἔρωτι
3466 924 3743 991 μεθύουσα
3798 926 3990 993 eum;

2428 1010 2557 1079 μήτέ
2585 1010 2837 1078 αἰσχῦναι
2873 1011 2969 1079 τὴν
2998 1012 3263 1079 παρθένον
3294 1012 3633 1081 εὑλαϐηθεί,·
3671 1014 3815 1066 Ἀλλ’
3844 1018 3994 1083 ὑμεῖς

2424 1103 2657 1170 ἀγάγετε
2693 1103 2897 1171 ταύτην
2929 1104 3022 1154 καὶ
3058 1106 3317 1170 ἄκουσαν,
3372 1106 3498 1172 ἔφη.
3544 1102 3704 1161 Οὗτοι
3734 1106 3867 1173 γοῦν
3896 1110 3995 1174 τὴν

2421 1198 2685 1263 ταχίστην
2712 1195 2803 1247 ἐπὶ
2836 1194 2934 1263 τὴν
2972 1195 3233 1265 Ῥιψίμην
3266 1197 3690 1266 συρῤεύσαντες,
3714 1199 3812 1250 καὶ
3840 1197 3994 1258 ἄλλος

2422 1284 2641 1339 ἀλλοοεν
2672 1285 2956 1353 λαὸὁμενοι
2980 1288 3180 1354 ταύτης
3209 1288 3300 1339 καὶ
3334 1288 3425 1358 βίᾳ
3455 1290 3619 1357 πολλῇ
3648 1305 3994 1340 συνεπισπα-

2426 1379 2650 1446 σάμενοι
2676 1376 2753 1445 τῷ
2801 1376 3008 1444 βασιλεί
3075 1380 3437 1448 παριστῶσιν.
3480 1381 3542 1432 Ἦ
3574 1380 3631 1431 δὲ
3684 1382 3779 1431 καὶ
3819 1380 3994 1440 οὕτως

2422 1470 2829 1537 ἀπολειφθεῖσα,
2871 1474 2963 1523 καὶ
3014 1472 3094 1533 είς
3143 1473 3301 1523 τούτο
3345 1472 3513 1525 κακοῦ
3548 1475 3879 1541 περιστᾶτα,
3908 1474 3993 1523 ἀν-

2423 1560 2708 1631 δρειότατα
2742 1563 2786 1614 δ’
2819 1558 2915 1615 οὖν
2967 1563 3116 1629 ὅμως
3157 1564 3330 1613 ἐκεῖνο
3360 1564 3526 1632 ὑπῇδε
3549 1604 3564 1629 ,
3602 1581 3618 1613 ι
3672 1564 3864 1616 ἰδύσαι
3890 1564 3996 1616 ἀπό

2428 1653 2722 1723 ῥομφαίας,
2750 1652 2981 1721 λέγουσα
3008 1653 3105 1723 τὴν
3127 1654 3302 1723 ψυχήν
3328 1670 3450 1721 μου,
3469 1657 3561 1706 καὶ
3584 1658 3647 1707 ἐκ
3686 1656 3871 1724 χειρός
3903 1673 3995 1706 xu-

2420 1747 2508 1809 νὸς
2543 1749 2641 1813 τὴν
2680 1746 2939 1815 μονογενῆ
2970 1762 3092 1815 μου,
3133 1764 3153 1797 ι
3202 1746 3377 1799 καὶτὸ
3411 1746 3582 1815 ὄνομα
3615 1745 3711 1798 τοῦ
3743 1746 3993 1798 ποθεινοῦ

2425 1836 2658 1904 νυμφίου
2692 1836 2976 1891 ὲπεὸοᾶτο.

2496 1926 2579 1981 κ’.
2616 1928 2831 1997 Ἐπειδὴ
2862 1928 2917 1979 δὲ
2954 1928 3046 1980 καὶ
3080 1928 3246 1983 αὑτοῦ
3272 1929 3421 1982 ινδον
3452 1928 3667 1995 ἐγένετο
3698 1927 3791 1981 τοῦ
3837 1928 3994 1999 βασι-

2423 2021 2569 2074 λείου
2608 2020 2887 2084 κοιτῶνος,
2914 2021 3042 2083 τοὺς
3079 2020 3393 2088 ὀφθαλμοὺς
3425 2023 3646 2092 Χριστῷ
3680 2023 3827 2091 μετά
3885 2024 3994 2075 τῶν

2424 2114 2637 2183 φρενῶν
2687 2113 3022 2182 ἀδιασχοῦσα,
3070 2112 3178 2165 τῶν
3222 2114 3364 2165 κατά
3417 2116 3514 2182 τὴν
3563 2114 3773 2184 ἔρημον
3834 2116 3996 2166 αὑτὸν

2424 2207 2803 2277 ἀνεμίμνησκε
2844 2204 3306 2272 θαυμασίων,καὶ
3335 2206 3425 2258 τὸν
3462 2208 3647 2260 Ἰωνᾶν
3697 2211 3779 2271 είς
3832 2212 3995 2279 μέσον

2425 2301 2716 2368 παρήγαγε
2748 2299 2889 2364 μετά
2930 2296 3025 2347 τοὺ
3064 2294 3382 2365 θαυμαστοῦ
3436 2300 3697 2366 ναυαγίου
3738 2301 3835 2352 καὶ
3896 2300 3995 2365 τῆς

2424 2388 2728 2460 παραδόξου
2789 2385 3177 2447 ἀναδιώσεως·
3235 2385 3328 2438 τοὺ
3383 2388 3583 2455 Δανιήλ
3628 2404 3687 2438 τε
3743 2390 3843 2441 καὶ
3887 2390 3995 2439 τῶν

2423 2480 2591 2551 τριῶν
2620 2482 2893 2551 ἐμέμνητο
2918 2478 3140 2541 παίδων,
3169 2477 3260 2530 καὶ
3289 2476 3436 2538 ὅπως
3475 2476 3548 2538 ὡς
3579 2480 3673 2528 ἐπὶ
3723 2478 3993 2546 δροσερᾶς

2425 2576 2562 2637 πόας
2596 2575 2792 2626 ἐκεῖνοι
2822 2571 2921 2643 τῆς
2952 2572 3148 2640 φλογὸς
3187 2570 3425 2633 ἔϐαινον,
3470 2564 3587 2622 εἶτα
3622 2570 3719 2621 καὶ
3749 2570 3851 2638 τῆς
3886 2572 3993 2622 Σω-

2425 2670 2625 2735 σάννης
2649 2664 2851 2734 διεξῄει
2882 2663 2979 2733 τὴν
3010 2662 3300 2732 ὲπισουλὴν
3332 2661 3427 2714 καὶ
3452 2661 3549 2732 τὴν
3581 2662 3994 2734 ἀπολύτρωσιν,

2426 2764 2520 2815 καὶ
2552 2763 2739 2830 ὅμοιον
2768 2757 2905 2824 αὑτῇ
2936 2755 3284 2823 παραστῆναι
3322 2754 3513 2825 βοηθὸν
3547 2756 3605 2807 ἐν
3634 2757 3856 2826 ὁμοίαις
3878 2755 3992 2827 ᾔτει

2423 2856 2541 2916 ταῖς
2569 2851 2940 2921 περιστάσεσι.
2966 2847 3076 2902 Καὶ
3104 2848 3312 2916 μεταξὺ
3369 2849 3764 2920 είσπηδήσαντι
3792 2854 3871 2913 είς
3903 2852 3991 2902 τὸν

2423 2946 2655 2999 κοιτῶνα
2683 2942 2757 3009 τῷ
2801 2932 3100 3013 Τηριδάτῃ,
3147 2939 3442 3009 βαρύτερος
3484 2942 3512 2992 ό
3555 2940 3653 3006 τῆς
3698 2942 3990 3000 ἀκολασίας

2425 3037 2688 3105 ἐμπίπτει
2729 3035 2959 3101 δαίμων,
3001 3034 3094 3084 καὶ
3145 3031 3464 3099 παράφορον
3512 3031 3617 3082 ὑπὸ
3653 3030 3749 3083 τοῦ
3795 3032 3990 3102 ἔρωτος

751 3120 935 3159 amore
966 3105 1325 3170 exclamabat,
1354 3112 1409 3158 et
1440 3104 1683 3158 ardebat.
1717 3113 1769 3157 et
1797 3104 2135 3171 eliquabatur
2170 3121 2181 3155 :
2219 3102 2320 3154 illi-

2425 3102 2519 3180 καὶ
2568 3123 2806 3193 ἐμμανὲς
2842 3121 3057 3184 ἀνεϐόα,
3106 3122 3200 3175 καὶ
3237 3122 3606 3190 διεφθέγγετο,
3635 3125 3732 3175 καὶ
3762 3126 3993 3193 κατετὴ-

751 3197 1032 3265 ciebatque
1057 3196 1380 3264 Ripsimem,
1404 3203 1459 3247 et
1476 3194 1523 3246 ei
1545 3194 1944 3253 blandiebatur.
1965 3202 2019 3247 et
2036 3192 2320 3247 vaferrime

752 3289 1008 3342 omnibus
1045 3287 1220 3337 modia
1270 3298 1388 3336 eam
1438 3284 1871 3354 aggrediebatur.
1916 3285 2008 3338 llla
2056 3293 2321 3338 autemet

749 3383 1101 3433 acoeilentem
1158 3376 1533 3441 aversabatur,
1590 3387 1644 3431 et
1700 3378 1831 3431 dum
1884 3392 2004 3431 eam
2053 3386 2316 3446 tangeret,

748 3485 890 3541 aegre
921 3471 1147 3533 ferebat,
1178 3478 1234 3521 et
1267 3468 1467 3521 collum
1493 3466 1904 3528 extentlenteni,
1938 3475 1997 3518 ut
2030 3467 2323 3533 impudicis

749 3564 1091 3613 oscularetur
1131 3562 1319 3621 labris,
1355 3573 1461 3609 non
1495 3558 1817 3619 sustinebat,
1851 3566 1906 3608 ut
1931 3557 2154 3610 decebat
2179 3566 2320 3609 recte

748 3653 1050 3708 institutam
1111 3650 1375 3719 virginem
1423 3664 1436 3703 :
1484 3650 1708 3717 ejusque
1767 3648 1947 3701 vultus
2001 3650 2322 3718 implebatur

750 3746 978 3815 pudore,
1020 3752 1076 3796 et
1127 3743 1337 3795 acerbis
1404 3742 1583 3795 verbis
1632 3743 1996 3795 insectabatur
2042 3742 2316 3795 hominem

750 3837 1103 3906 impudicum,
1136 3844 1190 3888 et
1235 3848 1495 3902 sponsum
1524 3832 2143 3897 vocabatCliristtiiii,et
2177 3835 2319 3886 illius

748 3928 1061 3982 lerventiori
1084 3941 1268 3979 amore
1299 3924 1691 3976 incendebatur
1719 3938 1733 3972 :
1761 3933 1815 3975 et
1845 3934 1904 3973 ut
1928 3924 2113 3989 paucis
2141 3925 2321 3975 absol-

750 4036 895 4083 vam,
926 4019 1203 4085 superavit
1231 4029 1378 4077 eum,
1407 4014 1495 4083 qui
1530 4021 1677 4066 tanta
1704 4021 1820 4066 erat
1844 4013 2236 4083 magnitudine,
2264 4024 2320 4067 et

750 4113 915 4167 tantis
957 4111 1179 4174 viribus,
1221 4118 1275 4160 et
1325 4122 1516 4178 puram
1572 4122 1772 4176 sponso
1807 4106 2026 4159 Christo
2076 4107 2320 4176 corporis

749 4203 1212 4274 pulchritudinem
1247 4210 1302 4255 et
1347 4214 1543 4253 animae
1573 4200 1913 4253 conservavit
1954 4199 2314 4253 nobilitatem.

751 4296 842 4351 Sic
864 4295 1001 4348 nihil
1034 4303 1116 4347 est
1144 4308 1298 4361 atque
1325 4293 1759 4363 inexpugnabile,
1781 4304 1942 4362 atque
1968 4296 2019 4347 in
2041 4292 2318 4349 Christum

750 4387 1121 4442 benevolentia
1147 4396 1201 4443 et
1233 4402 1358 4459 spes
1386 4403 1399 4439 :
1423 4386 1619 4454 quibus
1643 4385 1685 4437 si
1722 4394 1770 4437 te
1794 4386 1969 4437 solum
2001 4385 2313 4445 armaveris,

2425 3236 2581 3274 κετο’
2615 3219 2705 3271 καὶ
2753 3218 3021 3286 ὑπέτρεχε
3046 3215 3146 3286 τὴν
3195 3214 3448 3286 Ῥιψίμην
3482 3217 3574 3269 καί
3607 3215 3879 3278 ὲθῶπευε,
3901 3220 3991 3270 καὶ

2424 3314 2603 3367 πάντα
2647 3312 2847 3383 τρόπον
2905 3310 3320 3380 πανουργότατα
3370 3310 3668 3380 ἐπεχείρει.
3725 3311 3789 3363 Ἦ
3821 3312 3879 3364 δὲ
3906 3311 3991 3363 καὶ

2423 3405 2795 3473 ἀπεστρέφετο
2827 3401 3138 3468 προσιόντα,
3162 3402 3253 3451 καὶ
3278 3400 3582 3467 ἁπτομένου
3617 3400 3992 3468 ἐδυσχέραινε,

2426 3496 2517 3545 καὶ
2550 3493 2638 3543 τὸν
2670 3491 2870 3559 αὐχένα.
2900 3488 3214 3540 ἐκτείνοντα
3250 3489 3569 3549 ἀκολάστοις
3602 3490 3834 3559 φιλῆσαι
3880 3492 3989 3561 χεί-

2424 3582 2569 3635 λεσιν
2602 3583 2700 3651 οὐχ
2729 3580 2986 3648 ὑπέμενε,
3011 3577 3355 3649 παρθενικῶς
3391 3574 3450 3629 εὖ
3479 3578 3623 3646 μάλα
3653 3581 3750 3630 καὶ
3794 3598 3990 3633 πεπαι-

2422 3675 2732 3745 δευμένως·
2786 3671 3128 3743 ὲρυθήματός
3176 3688 3233 3723 τε
3267 3670 3539 3740 σώφρονος
3598 3671 3991 3738 ὑπεπίμπλατο

2422 3769 2519 3838 τὴν
2549 3768 2668 3835 ὄψιν
2691 3782 2703 3795 ·
2736 3768 2831 3816 καὶ
2854 3763 3110 3833 είμάζειν
3128 3762 3218 3815 τὸν
3237 3762 3532 3815 ἀκόλαστον
3559 3762 3739 3831 ἔλεγε,
3778 3767 3878 3817 καὶ
3911 3767 3995 3816 τὸν

2422 3863 2653 3930 νυμφίον
2706 3858 2889 3909 έκάλει
2946 3856 3201 3925 Χριστὸν,
3235 3856 3328 3907 καὶ
3384 3854 3701 3923 θερμοτέρῳ
3741 3856 3821 3925 τῷ
3864 3858 3993 3927 πῴς

2422 3954 2627 4004 ἐκεῖνον
2655 3950 2817 4016 ἔρωτι
2869 3949 3216 4014 ἀνεφλέγετο·
3248 3946 3337 3998 καί
3372 3961 3426 3997 τι
3456 3948 3563 4015 γὰρ
3592 3948 3648 3997 ἐν
3686 3946 3887 4016 βραχεῖ
3908 3949 3993 4000 τοῦ

2422 4041 2674 4092 τοσούτου
2744 4041 2833 4091 τὸν
2888 4039 3050 4103 ὃγκον
3107 4038 3199 4089 καὶ
3259 4036 3572 4105 τηλικούτου
3627 4038 3726 4106 τὴν
3808 4041 3994 4109 ῥώμην

2424 4133 2713 4202 ὑπερέσχε,
2744 4131 2837 4184 καὶ
2875 4130 3112 4199 καθαρὸν
3139 4127 3215 4197 τῷ
3254 4130 3469 4197 νυμφίῳ
3515 4127 3739 4198 Χριστῷ
3796 4136 3890 4183 καί
3941 4135 3995 4183 τὸ

2420 4226 2512 4279 τοῦ
2555 4224 2806 4293 σώματος
2844 4220 3037 4283 κάλλος
3070 4221 3163 4273 καὶ
3194 4221 3291 4290 τὴν
3322 4218 3420 4287 τῆς
3464 4219 3642 4288 ψυχῆς
3712 4224 3990 4289 εὐγένειαν

2419 4314 2729 4368 διεσώσατο.
2755 4312 2939 4375 Οὕτως
2975 4311 3127 4365 οὐδὲν
3168 4311 3381 4381 ἀμαχον
3420 4310 3494 4372 ὡς
3543 4311 3576 4380 ἠ
3618 4312 3714 4363 ἐπὶ
3761 4313 3993 4383 Χριστὸν

2422 4405 2601 4458 εὑνοισ.
2641 4407 2737 4457 καὶ
2793 4406 2978 4467 ἐλπίς·
3008 4406 3103 4457 καὶ
3155 4406 3203 4457 εί
3233 4404 3407 4475 ταύτῃ
3460 4405 3622 4474 μόνον
3677 4405 3903 4476 ὀπλίσῃ,
3936 4410 3987 4459 οὐ

749 4494 858 4535 non
891 4480 1151 4535 accedent
1176 4480 1245 4533 ad
1295 4489 1348 4533 te
1395 4478 1556 4540 mala,
1596 4490 1770 4545 neque
1815 4473 2083 4545 ﬂagellum
2125 4488 2316 4542 appro-

2423 4497 2844 4565 προσελεύσεται
2869 4496 3003 4563 πρὸς
3037 4494 3094 4547 σὲ
3129 4496 3294 4558 κακὰ,
3323 4472 3439 4548 οὑδὲ
3462 4472 3685 4565 ήμάστιξ
3714 4472 3894 4567 ἐγγιεί
3919 4500 3989 4570 τῷ

750 4571 1036 4641 pinquabit
1057 4570 1411 4625 tabernaculo
1448 4578 1541 4622 tuo
1572 4568 1615 4620 '.
1644 4585 1662 4616 ι

823 4682 963 4740 XXI.
997 4685 1040 4737 A
1063 4682 1269 4754 virgine
1292 4697 1419 4752 ergo
1463 4679 1774 4750 turpissime
1807 4676 1981 4733 vietus
2011 4676 2315 4744 Teridates,

748 4785 1023 4856 egreditur
1046 4780 1363 4843 ecubiculo,
1400 4790 1452 4832 et
1498 4778 1682 4833 eluere
1722 4774 1911 4829 volens
1943 4774 2316 4843 ignominiam,

750 4896 845 4941 aut
882 4886 1061 4953 potius
1107 4896 1219 4936 non
1267 4881 1451 4935 valens
1500 4878 1783 4933 continere
1815 4875 2315 4946 intemperantiam,

751 5000 929 5055 neque
954 4986 1137 5041 vivere
1166 4982 1462 5044 sustinens,
1487 4981 1531 5035 si
1561 4997 1667 5034 non
1688 4982 2032 5051 impudenter
2056 4978 2317 5047 probrum

751 5088 971 5143 all‘erret
1002 5087 1221 5158 virgini,
1257 5088 1411 5155 jubet
1434 5084 1618 5140 collari
1657 5084 1890 5139 vinctam
1932 5081 2124 5137 adduci
2159 5078 2319 5133 Gaia-

752 5204 899 5253 nam,
927 5199 982 5244 et
1027 5188 1160 5243 foris
1196 5196 1429 5241 stantem
1470 5186 1535 5239 ad
1566 5175 1787 5252 ianuam
1824 5184 1941 5253 cogi
1973 5199 2008 5236 a
2051 5180 2316 5237 ministris

751 5292 981 5345 suadere
1014 5289 1291 5358 Ripsimaa,
1324 5304 1444 5357 qua:
1474 5294 1591 5341 erat
1638 5284 1805 5351 intus,
1840 5293 1898 5337 ut
1924 5284 2032 5353 regi
2077 5290 2315 5351 pareret,

752 5405 807 5451 et
857 5394 987 5449 nulli
1030 5394 1130 5455 rei,
1161 5406 1319 5463 quam
1368 5391 1456 5443 ille
1510 5389 1657 5453 velit,
1708 5395 2059 5457 repugnaret.
2103 5384 2322 5439 Sciebat

752 5498 897 5551 enim
916 5496 1174 5551 Gaianam
1210 5509 1331 5548 esse
1371 5492 1516 5547 illius
1549 5490 1886 5561 paedagogam
1923 5499 1978 5542 et
2008 5488 2319 5558 magistram

755 5600 808 5653 in
844 5599 909 5652 iis
960 5613 1079 5666 quae
1105 5596 1378 5665 pertinent
1416 5596 1482 5649 ad
1517 5595 1769 5646 virtutem
1805 5609 1818 5644 :
1851 5598 1904 5643 et
1930 5591 1974 5644 si
2013 5590 2102 5645 illa
2146 5592 2321 5645 solum

754 5699 1005 5763 voluerit,
1040 5696 1333 5765 Ripsimem
1378 5695 1508 5748 nihil
1556 5709 1674 5748 esse
1707 5693 2197 5746 contradicturam.
2234 5689 2317 5743 ln-

826 5814 845 5843 ⁸
879 5812 1017 5866 Psal.
1053 5828 1158 5877 ut,
1190 5811 1276 5865 91.
1356 5812 1374 5843 ‘
1404 5812 1541 5865 Psal.
1580 5825 1661 5873 xc,
1695 5810 1747 5874 7,
1780 5807 1831 5862 8.

2423 4586 2741 4655 σκηνώματι
2797 4603 2911 4637 σου.

2493 4676 2622 4733 KA'.
2648 4677 2757 4747 Τῆς
2788 4676 3056 4747 παρθένου
3080 4676 3258 4731 τοίνυν
3281 4674 3586 4745 τηριδάτης
3613 4676 3876 4749 αι’σχιστα
3908 4684 3991 4751 ης.

2416 4768 2810 4840 τηθεὶς,εξεισι
2843 4767 2939 4822 τοῦ
2993 4769 3271 4834 κοιτῶνος,
3317 4770 3413 4822 καὶ
3467 4768 3859 4825 ἀπολύσασθαι
3904 4778 3991 4842 τὴν

2419 4863 2635 4929 ἀδοξίαν
2662 4863 2879 4927 ἐθέλων,
2900 4862 3099 4933 μᾶλλον
3131 4861 3187 4914 δὲ
3224 4861 3300 4932 μὴ
3334 4861 3541 4929 στέγων
3560 4866 3665 4930 τὴν
3694 4865 3991 4921 ἀκολασίαν

2424 4953 2555 5023 μηδὲ
2582 4954 2680 5023 ζῇν
2710 4952 3032 5020 ἀνεχόμενος
3059 4952 3106 5002 si
3138 4951 3213 5022 μὴ
3243 4951 3434 5021 ἀνέδην
3463 4951 3543 5012 είς
3585 4952 3689 5022 τὴν
3724 4957 3991 5025 παρθένον

2420 5044 2714 5115 ἐνυϐρίσοι,
2765 5043 2975 5096 κελεύει
3015 5043 3117 5094 ὑπὸ
3168 5042 3331 5111 κλοιῷ
3359 5044 3518 5112 ἀχθεῖ
3541 5059 3602 5095 σε
3631 5043 3882 5118 Γαῖανην
3910 5048 3991 5101 καὶ

2424 5134 2555 5203 πρὸς
2582 5136 2677 5195 τὰς
2712 5132 2877 5203 Θύρας
2910 5132 3108 5196 ἔξωθεν
3141 5132 3343 5185 στᾶσαν
3371 5131 3796 5199 ἀναγκάζεσθαι
3851 5140 3989 5206 παρὰ

2422 5227 2528 5278 τῶν
2557 5225 2969 5295 ὑπηρετούντων
3026 5226 3172 5279 ἔνδον
3216 5224 3348 5296 οὔσῃ
3393 5229 3682 5295 παραινεῖν
3712 5230 3781 5297 τῇ
3846 5228 3988 5297 Ριίᾷί-

2423 5336 2516 5389 μη,
2570 5319 2859 5387 πεισθῆναί
2908 5336 2963 5371 τε
2994 5317 3071 5387 τῷ
3134 5317 3365 5388 βασιλέϊ,
3412 5320 3504 5369 καὶ
3560 5317 3700 5385 πρὸς
3736 5321 3895 5374 οὐδὲν
3924 5316 3989 5377 ὧν

2422 5412 2632 5472 ἐκεῖνος
2696 5410 2934 5481 βούλοιτο
2987 5411 3304 5477 ἀντιλέγειν.
3362 5409 3515 5479 ’ῌόει
3553 5410 3665 5477 γὰρ
3710 5417 3987 5482 παιδαγω-

2422 5505 2515 5569 γόν
2543 5521 2601 5555 τε
2628 5505 2663 5556 Γ
2670 5504 2858 5574 αῖανὴν
2886 5500 3048 5555 οὖσαν
3112 5503 3366 5573 Ῥιψίμης
3424 5501 3516 5555 καὶ
3574 5502 3905 5561 διδάσκαλον
3932 5510 3987 5561 τά

2420 5600 2498 5659 εἰς
2547 5597 2767 5665 ἀρετὴν,
2788 5600 2882 5648 καὶ
2928 5595 2978 5647 εί
3031 5596 3193 5664 μόνον
3226 5596 3413 5665 εκείνη
3475 5594 3764 5668 ἐθελήσειε
3832 5602 3985 5670 μηδὲν

2425 5685 2754 5753 ἀντεροῦσαν
2831 5684 3129 5755 ’1³ιψίμην,
3180 5686 3395 5751 ἄθλιος,
3450 5690 3507 5750 ὃς
3568 5706 3629 5756 γε
3709 5696 3814 5744 οὺχ
3870 5696 3987 5763 ητα.
