4154 6318
195 351 294 414 959

1139 344 1311 404 VlTA
1353 344 1415 403 S.
1457 341 1830 403 GREGORII
1871 341 2494 406 ILLUMINATORIS.

3303 350 3402 414 970

201 486 275 522 πα
308 468 472 538 μόνης
521 462 772 533 ἡττηθεὶς
815 460 907 529 τῆς
974 459 1252 528 Ῥιψίμης,
1299 455 1432 509 ἀλλὰ
1471 457 1558 508 καὶ
1593 455 1748 509 Γαῖα-

1856 453 2005 516 felix,
2035 455 2123 523 qui
2160 469 2263 506 non
2294 454 2426 508 satis
2453 453 2640 508 habuit
2670 470 2697 509 a
2729 457 2839 512 sola
2865 456 3062 512 victum
3093 474 3211 515 esse
3241 461 3412 531 Ripsi-

194 563 284 630 νὴν
309 561 372 628 τῇ
408 553 596 610 ἐαυτοῦ
629 552 835 622 κεφαλῇ
856 549 1102 620 δεύτερον
1131 549 1298 616 ἐπῆγε
1342 546 1530 600 κακόν.
1581 546 1740 606 Ἤτις

196 651 374 721 ἐπειδὴ
405 650 500 703 καὶ
530 645 797 716 παρέστη,
821 645 1078 697 ἐτύπτετο
1113 641 1210 712 μὲν
1239 641 1342 692 ύπδ
1375 641 1481 692 τῶν
1533 637 1740 690 ἐκείνου

192 741 495 811 δορυφόρων
517 736 608 790 διὰ
649 735 904 805 Ῥιψίμην
926 732 1018 785 καὶ
1046 731 1412 800 ἐσπαράττετο
1441 747 1450 756 ·
1480 729 1513 796 ἡ
1541 728 1618 792 δέ,
1652 727 1744 780 καὶ

192 831 407 885 τοιαῦτα
457 829 762 897 πάσχουσα,
804 827 946 893 ὅμως
979 823 1037 876 τὸ
1084 823 1325 875 ἐναντίον
1376 822 1518 873 ἆπαν
1554 819 1741 871 ἐποίει.

202 922 598 992 Ἀνεμίμνησκε
628 919 734 989 γὰρ
760 916 858 986 τὴν
885 913 1152 984 παρθένον
1182 913 1286 965 τῶν
1314 912 1449 980 πρὸς
1481 910 1573 962 τδν
1615 909 1746 962 Θεὸν

193 1012 486 1083 ὁμολογιῶν
519 1028 532 1043 ’
592 1011 873 1078 ὑπέγραφε
933 1004 1033 1075 τὴν
1096 1003 1304 1055 ἐκεῖθεν
1359 1003 1468 1054 τῶν
1522 1002 1748 1053 δικαίων

189 1105 547 1176 λαμπρότητα
566 1101 642 1169 τῷ
671 1099 833 1167 λόγῳ·
861 1086 1360 1164 τῆν’·ὴπειλημένην
1387 1095 1497 1150 τοῖς
1521 1091 1744 1159 φαύλοις

194 1199 415 1266 γέενναν
453 1191 718 1248 ἁντετίθει
749 1189 930 1242 πάλιν.
962 1186 1070 1240 Καὶ
1109 1187 1155 1238 οἱ
1195 1183 1503 1253 δορυφόροι,
1549 1179 1747 1250 μεταξῦ

195 1287 500 1355 αἰσθόμενοι
516 1283 621 1334 τῶν
640 1280 963 1349 εἰρημένων,
994 1277 1162 1338 λίθοις
1183 1292 1243 1328 τε
1262 1275 1431 1343 αὐτῆς
1456 1274 1689 1339 ὲκκρύου
1701 1289 1750 1324 σι

193 1379 314 1438 τοὺς
335 1376 575 1436 ὀδόντας,
607 1373 702 1424 καὶ
729 1369 805 1436 τῷ
838 1367 1046 1437 βασιλεῖ
1073 1367 1138 1419 τὰ
1165 1365 1305 1418 κατὰ
1328 1364 1551 1434 γνώμην
1582 1364 1752 1432 ἠνάγ-

192 1471 356 1535 καζον
392 1465 745 1536 φθέγγεσθαι.
777 1464 841 1516 ἰὶ
866 1462 922 1515 δέ
952 1461 1141 1529 ῶσπερ
1167 1459 1438 1530 ῥωσθεῖσα
1463 1461 1583 1521 ταῖς
1614 1457 1754 1526 πλη-

191 1564 314 1630 γαῖς
358 1559 576 1630 μᾶλλον,
621 1556 734 1610 ἀλλ’
781 1556 880 1608 ούκ
923 1553 1205 1623 ὰλέγήσασα
1256 1550 1412 1612 ὅλως,
1455 1548 1548 1600 καὶ
1594 1547 1755 1613 ἕτερα

184 1653 522 1723 προσετίθει.
567 1649 726 1704 Ἀλλὰ
778 1648 876 1714 τὴν
911 1645 1008 1713 μέν
1037 1644 1084 1694 oi
1115 1640 1399 1710 δορυφόροι
1456 1638 1612 1700 εὐθὺς
1660 1639 1756 1708 ἀρε

188 1747 474 1805 πάσαντες,
522 1739 710 1810 πόρρω
763 1752 863 1786 που
917 1732 1108 1785 ἔθεσαν
1150 1729 1500 1791 κελεύσαντες
1541 1728 1754 1782 ἀπιέναι

187 1837 342 1889 πάλιν
371 1833 490 1886 ὅθεν
517 1829 758 1898 ἀφίκετο.

1851 560 1957 610 me,
1983 546 2078 599 sed
2127 548 2290 600 etiam
2347 546 2604 601 Gaianam
2653 563 2752 603 suo
2796 549 2956 619 capiti
3008 552 3303 606 secundum
3334 553 3414 606 in-

1844 637 1985 691 vexit
2023 639 2242 691 malum.
2272 640 2400 705 Qua‘:
2432 641 2647 710 quidem
2703 651 2983 712 postquam
3023 645 3251 706 adstitit,
3285 663 3407 699 ver-

1845 729 2365 798 berabaturquidem
2393 742 2448 786 et
2476 733 2813 787 lacerabatur
2828 735 2894 788 ab
2917 735 3059 789 illius
3084 738 3410 790 satellitibus

1847 831 2067 890 propter
2093 820 2384 890 Ripsimem
2420 842 2432 876 :
2475 824 2560 877 illa
2597 833 2774 878 autem
2807 826 3018 880 etiamsi
3055 827 3168 881 bzec
3201 837 3410 896 patere—

1849 921 1957 974 tur,
1987 919 2157 965 totum
2202 923 2381 968 tamen
2433 913 2664 970 faciebat
2707 917 2922 971 illorum
2975 919 3252 989 imperatis
3282 935 3410 974 cnn-

1852 1003 2097 1056 trarium.
2134 1004 2329 1075 Virgini
2363 1006 2506 1059 enim
2529 1008 2813 1062 revocabat
2841 1009 2894 1062 in
2914 1011 3229 1063 memoriam
3256 1022 3410 1079 pacta

1849 1102 2140 1154 conventa,
2170 1111 2288 1163 quae
2314 1111 2436 1150 cum
2486 1097 2594 1151 Deo
2625 1100 2845 1152 fecerat.
2891 1099 3241 1154 Describebat
3297 1117 3414 1154 ser-

1851 1198 2010 1237 mone
2036 1184 2332 1253 justorum,
2363 1187 2454 1255 qui
2516 1188 2623 1242 illic
2661 1198 2762 1254 est,
2800 1189 3143 1258 splendorem
3176 1207 3189 1243 :
3222 1201 3412 1244 contra

1852 1275 2162 1342 opponebat
2209 1275 2534 1344 gehennam,
2564 1279 2720 1346 cujus
2762 1281 2923 1334 mina:
2969 1281 3121 1334 malis
3163 1291 3289 1336 sunt
3330 1283 3415 1335 in»

1855 1373 2090 1419 tentatat.
2127 1365 2344 1420 Interim
2397 1378 2575 1423 autem
2625 1370 2906 1433 satellites,
2939 1386 3062 1425 cum
3115 1372 3412 1426 sensissent

1853 1470 1938 1514 ea,
1982 1471 2101 1525 qua:
2128 1457 2269 1510 dicta
2312 1457 2547 1522 fuerant,
2575 1459 2847 1530 lapidibus
2883 1462 3000 1532 ejus
3026 1460 3218 1516 dentes
3251 1476 3412 1515 excu-

1856 1549 2016 1613 tiunt,
2042 1558 2096 1603 et
2132 1550 2387 1604 mandant
2420 1567 2481 1606 ea
2539 1553 2708 1620 loqui,
2741 1570 2860 1623 quae
2899 1556 3008 1624 regi
3049 1555 3229 1607 futura
3263 1562 3417 1607 erant

1854 1643 2234 1708 extsententia.
2273 1642 2367 1696 llla
2399 1652 2600 1707 autem,
2620 1653 2874 1714 tanquam
2903 1645 3214 1699 verberibus
3237 1644 3416 1712 potius

1857 1731 2199 1795 conﬁrmata,
2244 1749 2403 1802 quam
2447 1736 2613 1789 ullum
2650 1739 2872 1791 omnino
2903 1737 3140 1791 dolorem
3171 1736 3412 1802 accepis—

1783 1803 1830 1862 Β
1859 1831 1960 1886 set,
1999 1823 2101 1876 alia
2136 1839 2350 1892 quoque
2377 1825 2568 1893 primis
2595 1827 2941 1880 suasionibus
2970 1825 3277 1894 adjiciebat.
3306 1823 3413 1877 Sed

186 1929 332 1980 illam
368 1921 584 1993 quidem
623 1934 744 1975 cum
794 1915 1056 1974 satellites
1089 1913 1338 1985 protinus
1371 1909 1744 1982 arripuissent,
1787 1911 1973 1980 procul
2006 1921 2374 1978 removerunt,
2407 1928 2524 1968 eam
2559 1930 2746 1970 rursus
2793 1915 3044 1983 jubentes
3073 1915 3219 1968 abire
3270 1912 3416 1966 unde

191 2029 433 2076 venerat.

265 2117 389 2170 KB‘.
409 2114 714 2186 Τηριδατης
745 2112 800 2166 δέ
832 2107 1110 2163 κάνταῦθα
1153 2106 1551 2175 ἐκφανέστερον
1584 2104 1750 2173 ἡττη-

189 2208 305 2271 θεὶς
331 2207 423 2260 καὶ
442 2205 575 2268 ὅλως
596 2205 688 2259 τοῦ
721 2203 853 2272 πρὸς
890 2201 1149 2270 Ῥιψίμην
1172 2196 1505 2266 ἀποσφαλεὶς
1528 2196 1748 2266 ἔρωτος,

187 2297 510 2354 καταϐαλὼν
539 2295 730 2350 ἐαυτὸν
762 2297 841 2356 εἰς
897 2293 1089 2359 ἔδαφος
1137 2291 1400 2346 ἐκυλίετο.
1457 2289 1523 2343 Ἦ
1571 2288 1751 2358 μέντοι

187 2392 483 2461 νικηφόρος
519 2386 762 2455 Ῥιψίμη,
799 2383 1099 2452 ἁνακράτος
1137 2381 1230 2434 τοῦ
1269 2380 1562 2434 ἀντιπάλου
1599 2395 1752 2447 -κρα-

185 2484 422 2555 τήσασα,
444 2480 637 2543 ἔξεισιν
658 2477 844 2546 ῶσπερ
859 2492 942 2538 τις
975 2474 1417 2543 Ὀλυμπιονίκης,
1436 2473 1630 2543 (ἐδίδου
1649 2473 1753 2540 γὰρ

187 2576 329 2644 αὐτῇ
393 2572 593 2639 πολλὴν
639 2569 820 2624 ἄδειαν
869 2568 966 2620 καὶ
1001 2568 1034 2636 ἠ
1074 2566 1170 2630 νὺξ
1207 2565 1354 2636 ήδη),
1397 2566 1493 2617 καὶ
1538 2565 1625 2618 διὰ
1656 2565 1754 2632 τῆς

187 2666 400 2727 πόλεως
434 2663 663 2716 ἐλθοῦσα
724 2662 922 2731 μέσης,
951 2659 1186 2726 ἄγγελος
1243 2661 1363 2721 ταῖς
1401 2658 1585 2720 ἄλλαις
1616 2673 1754 2726 παρ-

189 2758 366 2820 θένοις
396 2758 492 2825 τῆς
542 2754 746 2816 οἰκείας
781 2753 938 2821 νίκης
980 2752 1072 2803 καὶ
1112 2751 1221 2804 τῶν
1262 2752 1402 2804 κατὰ
1428 2750 1521 2804 τοῦ
1559 2749 1755 2820 ἐχθροῦ

189 2853 405 2917 γίνεται
444 2847 742 2917 τροπαίων,
797 2842 997 2913 μᾶλλον
1032 2841 1086 2893 δέ
1123 2843 1259 2911 αὑτὴ
1314 2843 1575 2912 τρόπαιον
1604 2841 1748 2910 ἥκει,

183 2939 335 2993 οὕτω
368 2955 430 2992 τε
461 2938 550 2989 τὸν
575 2933 984 3003 ἀνταγωνιστὴν
1019 2933 1252 3000 χαλεπὸν
1276 2933 1474 3002 πτῶμα
1504 2931 1747 2986 καταϐα-

183 3031 378 3094 λοῦσα,
399 3031 490 3084 καὶ
523 3029 782 3099 ἀκέραιον
822 3024 1020 3095 ἑαυτὴν
1049 3024 1429 3095 διασωσαμένη
1465 3026 1564 3094 τὴν
1609 3041 1748 3094 παρα

1920 2101 2085 2156 ΧΧΙΙ.
2113 2103 2392 2158 Teridates
2423 2113 2600 2158 autem
2635 2104 2723 2157 hic
2751 2119 2964 2174 quoque
2987 2105 3226 2172 apertius
3255 2121 3413 2174 supe—

1851 2203 2159 2257 ratus,cum
2196 2208 2380 2248 amore
2409 2193 2676 2262 Ripsimes
2697 2195 2916 2248 omnino
2938 2205 3081 2248 esset
3100 2195 3413 2261 frustratus,

1851 2287 2089 2355 seipsum
2133 2287 2412 2356 dejiciens,
2445 2286 2590 2338 humi
2625 2286 2981 2340 volutabatur.
3015 2286 3212 2340 Victrix
3232 2299 3412 2344 autem

1853 2376 2111 2445 Ripsime,
2148 2392 2243 2446 per
2275 2376 2381 2429 vim
2415 2376 2574 2430 victis
2598 2376 2945 2438 adversariis,
2976 2377 3414 2445 egreditur,tan-

1852 2483 2013 2537 quam
2056 2468 2274 2535 quidam
2325 2469 2494 2520 victor
2530 2467 2582 2520 in
2625 2469 2919 2523 certamine
2947 2466 3243 2539 Olympico,
3280 2470 3413 2541 (Nox

1844 2550 1996 2613 enim
2022 2560 2130 2627 jam
2162 2560 2211 2612 ei
2240 2574 2492 2626 magnam
2525 2552 2689 2612 dabat
2719 2561 3090 2627 securitatem)
3116 2571 3168 2617 et
3189 2577 3286 2633 per
3302 2579 3413 2619 me-

1851 2651 1996 2704 diam
2030 2650 2256 2704 veniens
2299 2651 2594 2712 civitatem,
2624 2649 2682 2704 ﬁt
2714 2651 2831 2704 aliis
2869 2646 3166 2720 virginibus
3222 2657 3412 2709 nuntia

1853 2754 1966 2794 sua:
2011 2739 2270 2800 victoriae,
2319 2747 2374 2791 et
2412 2749 2732 2808 tropmorum
2779 2738 3038 2795 adversus
3091 2742 3409 2797 inimicum:

1855 2831 1941 2883 vel
1971 2830 2150 2898 potius
2204 2830 2317 2899 ipsa
2371 2831 2520 2884 venit
2559 2841 2839 2900 tmpaeum,
2865 2833 2942 2886 sic
2981 2833 3114 2887 truci
3147 2841 3415 2899 prostrato

1857 2923 2187 2988 adversario,
2219 2933 2273 2977 et
2318 2924 2426 2976 sibi
2458 2936 2779 2979 conservata
2831 2926 3036 2996 integra
3082 2926 3410 2996 virginitate.

1855 3013 2008 3070 lllam
2041 3031 2166 3087 ergo
2195 3024 2406 3072 noctem
2437 3016 2737 3078 sulluratze,
2761 3032 2884 3072 cum
2916 3033 2979 3072 es
3018 3017 3106 3072 illo
3137 3019 3414 3084 torculari,

186 3125 395 3176 θενίαν.
439 3121 682 3186 Ἐκείνην
714 3118 814 3188 μὲν
853 3113 945 3170 οὖν
980 3116 1249 3183 κλέψασαι
1289 3114 1386 3178 τὴν
1422 3115 1611 3177 νύκτα,
1651 3116 1744 3166 καὶ

1853 3111 1981 3163 dum
2015 3121 2330 3191 .potuerunt
2373 3113 2559 3176 latere,
2596 3113 2974 3177 excessissent,
3012 3116 3407 3185 appropinqua-

181 3213 287 3282 τῆς
314 3209 474 3280 ληνοῦ
502 3210 574 3270 ὡς
597 3210 723 3276 ἐνῆν
749 3207 936 3266 αὑταῖς
965 3204 1186 3256 δυνατὸν
1207 3202 1480 3255 διαλαθεῖν
1506 3205 1752 3273 ἐκχωρη-

187 3318 378 3365 σασαι,
428 3300 518 3352 ἐπί
577 3298 719 3362 τινός
759 3313 819 3348 τε
878 3292 1172 3364 ἁμμώδους
1225 3294 1452 3365 πλησίον
1505 3295 1752 3363 ἐγένοντο

181 3394 380 3456 τόπου,
429 3391 523 3445 καὶ
571 3389 648 3459 τῷ
701 3387 918 3458 νυμφίῳ
963 3386 1185 3458 Χριστῷ
1235 3387 1610 3457 εὑχαρίστουν,
1659 3387 1752 3438 καὶ

181 3483 336 3554 αὐτῷ
382 3484 584 3553 νοητῶς
632 3480 982 3549 συνῆσαν,καὶ
1022 3479 1189 3546 ταύτῃ
1225 3476 1633 3546 παρεμυθοῦντο
1660 3477 1751 3529 τὸν

179 3575 387 3644 ἔρωτα·
435 3569 552 3628 εἶτα
595 3573 687 3626 καὶ
716 3571 814 3641 τὴν
877 3568 1008 3640 πρὸς
1062 3567 1224 3620 αὑτὸν
1255 3567 1511 3622 ἀνάλυσιν
1565 3566 1748 3637 ᾔτουν·

179 3666 493 3726 Φιλοπόνως
525 3664 581 3716 δέ
607 3665 808 3716 τούτων
834 3666 898 3731 τῇ
932 3662 1065 3731 εὐχῇ
1091 3661 1444 3729 ἐγκειμένων,
1469 3660 1750 3727 ἐφίσταται

179 3755 535 3825 προηκούσης
565 3753 662 3823 ἤδη
699 3755 796 3819 τῆς
829 3751 1021 3812 νυκτὸς
1054 3752 1080 3801 ό
1112 3749 1205 3801 τοῦ
1237 3749 1492 3818 βασιλέως
1516 3749 1750 3817 ἀρχιμά-

179 3863 374 3916 γειρος
408 3846 544 3914 μετὰ
570 3842 882 3913 δορυφόρων
907 3839 998 3893 ὑπ’
1037 3839 1200 3893 αὑτοῦ
1233 3839 1582 3908 ἐσταλμένος,
1612 3839 1750 3908 λαμ-

175 3939 362 4000 πάδας
392 3937 479 3991 διὰ
510 3935 689 4006 χειρὸς
722 3934 961 4003 ἔχοντες.
988 3931 1096 3985 Καὶ
1126 3931 1413 4001 λαΰόμενοι
1440 3930 1540 3999 τῆς
1574 3948 1749 3999 μακα-

180 4031 310 4102 ρίας
358 4028 613 4098 Ῥιψίμης
643 4028 736 4079 καὶ
767 4025 941 4077 ὀπίσω
998 4024 1073 4076 τὼ
1122 4025 1272 4092 χεῖρε
1322 4023 1748 4091 περιαγαγόντες

173 4119 467 4189 δεσμοῦσι,
502 4118 592 4170 καὶ
641 4116 741 4184 τὴν
797 4114 1048 4183 γλῶσσαν
1094 4112 1394 4183 προτείνειν
1447 4113 1745 4168 κελεύουσι.

174 4213 299 4282 Τῆς
320 4212 376 4266 δέ
400 4207 605 4264 καὶτοῦ
631 4206 787 4273 λόγου
811 4206 1002 4259 θᾶττον
1026 4205 1083 4257 τὸ
1108 4203 1394 4257 κελευσθὲν
1422 4204 1745 4272 ποιησάσας,

173 4305 512 4374 ἐπιτέμνουσι
552 4299 776 4370 ταύτην,
805 4295 924 4352 εῐτα
965 4299 1056 4351 τὸν
1109 4297 1430 4367 χιτωνίσκον
1453 4299 1502 4350 οί
1532 4299 1748 4365 παλαμ-

175 4396 328 4451 ναῖοι
373 4390 852 4462 περιρρηξάμενοι,
875 4387 968 4439 καὶ
1000 4386 1109 4437 τῶν
1138 4386 1335 4456 χειρῶν
1364 4389 1746 4446 ἀποτείναντες

1853 3208 1980 3251 runt
2009 3201 2220 3254 cuidam
2266 3203 2382 3256 loco
2413 3217 2662 3269 arcnoso,
2693 3213 2745 3258 et
2785 3219 2984 3273 sponso
3024 3205 3238 3260 Christo
3287 3222 3399 3277 ege-

1852 3297 1980 3343 runt
2000 3291 2218 3360 gratias,
2245 3299 2299 3344 et
2329 3303 2511 3347 mente
2554 3308 2675 3346 cum
2717 3309 2781 3347 eo
2809 3303 2936 3348 sunt
2977 3305 3217 3361 versatae,
3247 3306 3302 3350 ct
3334 3300 3404 3354 sic

1854 3396 2094 3435 amorem
2121 3396 2279 3435 suum
2312 3383 2779 3437 consolabantur:
2817 3383 3012 3438 deinde
3055 3385 3215 3439 etiam
3257 3396 3407 3454 pete-
3498 3451 3500 3453 ς

1853 3470 1986 3524 bant
2013 3485 2164 3523 suam
2192 3471 2263 3524 ad
2291 3473 2464 3540 ipsum
2498 3475 2907 3528 resolutionem.
2947 3475 3036 3530 Eis
3080 3485 3257 3530 autem
3294 3490 3414 3529 ora-

1855 3559 1986 3615 tioni
2017 3562 2304 3634 diligenter
2346 3565 2589 3628 intentis,
2626 3582 2747 3619 eum
2778 3567 2994 3635 quidam
3045 3568 3411 3630 nuntiassent,

1855 3655 1945 3708 ubi
1982 3656 2081 3708 illa:
2109 3666 2311 3720 essent,
2346 3657 2574 3722 accedit,
2601 3659 2926 3727 procedente
2960 3659 3072 3728 jam
3121 3671 3299 3722 nocte,
3327 3676 3412 3715 ro-

1852 3745 1931 3811 gis
1959 3759 2253 3812 coquorum
2284 3749 2538 3818 princeps
2569 3750 2634 3803 ab
2682 3750 2798 3818 ipso
2829 3751 3024 3804 missus
3056 3767 3178 3805 cum
3217 3751 3414 3806 satelli-

1854 3835 1998 3889 tibus
2030 3835 2351 3890 ltabentibus
2379 3839 2430 3889 in
2468 3853 2631 3892 manu
2669 3841 2966 3907 lampades.
3007 3839 3106 3906 Qui
3139 3857 3260 3895 ettm
3288 3843 3413 3896 bea-

1856 3935 1960 3978 tam
1992 3924 2286 3995 llipsimem
2338 3928 2698 3999 accepissent,
2732 3930 2984 3984 manibus
3030 3947 3169 4002 pune
3202 3933 3408 3987 circum

1851 4019 1987 4072 actis
2040 4031 2157 4071 eam
2205 4021 2468 4084 vinciunt,
2508 4031 2561 4074 ct
2603 4036 2723 4075 eam
2769 4023 2964 4090 jubent
3016 4025 3250 4096 linguam
3288 4041 3409 4095 pro-

1852 4107 2012 4161 ferre.
2053 4109 2185 4163 Cum
2235 4110 2320 4164 illa
2366 4121 2546 4166 autem
2597 4115 2759 4167 verbo
2795 4113 2952 4170 citius
2987 4113 3219 4184 fecisset,
3265 4120 3407 4188 quod

1848 4197 1996 4263 jussa
2032 4198 2225 4264 fuerat,
2251 4216 2368 4254 eam
2416 4202 2757 4255 exscindunt.
2787 4201 2977 4257 Postea
3009 4206 3173 4260 fracta
3203 4209 3406 4270 tunica,

1852 4298 1905 4339 et
1936 4290 2172 4342 extensis
2206 4293 2446 4358 utrisque
2488 4291 2633 4345 illius
2659 4293 2907 4348 manibus
2929 4304 2980 4349 et
3007 4297 3253 4365 pedibus,
3284 4314 3406 4354 cum

1850 4391 1968 4431 eam
1995 4381 2154 4435 rectis
2178 4382 2337 4452 lignis
2370 4383 2662 4452 aligassent
2704 4388 2976 4453 scelerati,
3016 4390 3246 4445 urebant
3272 4391 3408 4444 lam-

173 4459 458 4555 ἑκατέραν
506 4459 610 4534 ’καὶ
643 4480 751 4532 τῶν
799 4477 995 4542 ποδῶν,
1024 4475 1119 4529 καὶ
1148 4475 1350 4544 ὀρθίοις
1394 4475 1745 4543 ἐνδησάμενοι

1851 4468 2098 4539 padibus.
2137 4471 2396 4541 Deinceps
2432 4485 2608 4526 autem
2633 4489 2755 4528 eum
2787 4485 2943 4529 acuto
2964 4477 3137 4547 lapide
3165 4491 3402 4534 ventrem

174 4578 387 4643 ξύλοις,
416 4578 532 4639 ταῖς
564 4571 811 4642 λαμπάσι
866 4570 1178 4624 κατέκαιον.
1226 4565 1382 4636 Ἐξῆς
1416 4566 1472 4620 δὲ
1521 4566 1649 4635 λίθῳ
1681 4567 1746 4618 τὰ

175 4669 321 4738 περὶ
356 4665 469 4736 τὴν
521 4665 762 4734 γαστέρα
813 4661 1159 4727 διατεμόντες
1214 4658 1508 4723 όξεῑ,κατὰ
1560 4661 1658 4727 γῆς
1689 4673 1747 4709 τε

173 4759 374 4830 χέουσι
400 4755 469 4807 τὰ
497 4753 827 4822 ἐγκατα,καὶ
854 4752 976 4813 τοὺς
999 4749 1311 4819 ὀφθαλμοὺς
1340 4750 1532 4818 μικρὸν
1571 4750 1746 4803 ὑπασ-

172 4844 494 4914 παιρούσης
528 4844 976 4904 ἐτιέκκόπτουσι,
1020 4839 1113 4891 καὶ
1141 4839 1268 4909 ὃλην
1303 4839 1378 4900 είς
1424 4838 1595 4890 λεπτὰ
1649 4839 1748 4891 διεο

173 4937 488 4992 σπάσαντο.
529 4930 668 4984 Ἀλλ’
698 4933 731 4999 ῄ
769 4931 866 4997 μὲν
897 4924 984 4982 οἷά
1016 4946 1117 4999 περ
1133 4929 1255 5000 ἄρτι
1281 4929 1385 4981 τῶν
1409 4927 1746 4997 παρθενικῶν

170 5028 447 5097 θαλάμων
488 5022 865 5094 ἐξορμηθείσα,
932 5020 1072 5074 οὕτω
1147 5011 1283 5093 κάλὴ
1335 5023 1428 5075 καὶ
1493 5021 1747 5090 ἐπίχαρις

166 5120 532 5178 ἀπολιποῦσα
561 5118 620 5171 τὸ
651 5117 828 5185 σῶμα,
852 5114 929 5185 τῷ
964 5115 1185 5184 νυμφίῳ
1212 5113 1431 5183 Χριστῴ
1475 5113 1743 5182 παρέστη,

166 5213 278 5268 καὶ
307 5209 604 5279 ὀφθαλμῶν
624 5206 731 5259 τῶν
763 5205 968 5259 ἐκείνου
996 5208 1085 5258 καὶ
1115 5205 1399 5257 παστάδων
1422 5202 1565 5270 ἀξία,
1585 5203 1746 5255 λίθων

161 5321 235 5358 τε
276 5297 584 5356 πολυτελῶν
619 5297 818 5366 μᾶλλον
847 5292 939 5350 κάὶ
970 5293 1365 5365 αριδερραίων
1407 5294 1498 5344 καὶ
1537 5292 1742 5360 ὅρμων,

163 5395 273 5450 καὶ
324 5389 610 5463 νυμφικῶν
674 5387 1096 5458 περιδλημόιτων
1161 5386 1432 5445 ἁπάντων,
1463 5385 1572 5444 τοῖς
1604 5384 1741 5452 ὑπὲρ

156 5483 344 5544 αὐτοῦ
386 5483 646 5550 στίγμασι
698 5479 955 5531 πάντοθεν
1004 5476 1499 5545 διακεκοσμημένη,
1540 5472 1643 5524 ’1ὀῦ
1677 5490 1738 5540 γε

167 5580 292 5647 μὴν
319 5575 421 5644 τῆς
454 5573 626 5642 φυγῆς
657 5571 793 5638 αὐτῇ
826 5571 1242 5636 κοινωνήσαντος
1289 5569 1395 5618 τῶν
1455 5566 1733 5635 παρθένων

1845 4562 2238 4623 exsecuissent,
2268 4566 2318 4614 in
2350 4572 2546 4617 terram
2588 4564 2870 4621 cll'undunt
2901 4568 3169 4634 intestina,
3205 4581 3253 4626 et
3288 4574 3404 4642 ejus

1845 4651 2019 4705 adhuc
2054 4667 2239 4719 parum
2268 4655 2579 4724 palpitantis
2612 4659 2796 4712 or-ulos
2831 4658 3094 4715 effodiunt
3125 4674 3211 4717 :et
3238 4673 3400 4718 totam

1848 4742 2156 4797 minutatim
2200 4745 2622 4815 discerpserunt.
2659 4746 2762 4802 Sed
2795 4749 2880 4803 illa
2924 4752 3161 4818 quidem,
3196 4765 3251 4808 ut
3285 4770 3402 4824 qua!

1847 4833 1981 4888 adeo
2013 4835 2232 4903 pulchra
2265 4843 2320 4889 et
2351 4845 2577 4891 venusta
2617 4853 2647 4892 e
2677 4838 3025 4908 virginalibus
3053 4856 3270 4912 egressa
3292 4860 3406 4902 erat

1846 4923 2116 4984 thalamis,
2146 4939 2347 4993 sponso
2372 4925 2590 4983 Christo
2615 4929 2846 4993 adstitit,
2881 4932 3039 5003 digna
3068 4935 3208 4990 illius
3235 4939 3405 4994 oculis

1844 5025 1898 5068 et
1954 5015 2222 5081 thalamis,
2277 5019 2654 5089 lapidibusque
2701 5024 2977 5091 pretiosis,
3021 5029 3298 5095 torquibus
3348 5044 3403 5085 et

1845 5107 2156 5174 monilibus,
2213 5119 2268 5165 et
2322 5113 2663 5180 sponsalibus
2735 5116 2986 5171 omnibus
3044 5118 3395 5186 indumentis,

1847 5211 2042 5267 nempe
2070 5213 2168 5268 pro
2194 5214 2259 5253 eo
2288 5201 2558 5270 susceptis
2585 5203 2924 5274 stigmatibus
2981 5207 3124 5260 omni
3154 5224 3216 5262 ex
3253 5219 3399 5276 parte

1843 5297 2123 5344 exornata.
2167 5289 2328 5343 Chori
2382 5302 2559 5346 autem
2607 5293 2896 5364 virginum,
2947 5309 3064 5363 qua:
3108 5298 3227 5367 ejus
3266 5305 3400 5368 fugat

1847 5380 2298 5447 socialuerant,
2363 5383 2580 5454 triginta
2640 5394 2846 5456 septem
2883 5403 3129 5454 numero,
3186 5391 3398 5462 triginta

1845 5479 1951 5532 tres
1976 5474 2076 5541 (l);
2110 5489 2227 5543 qua:
2254 5485 2518 5529 venerant
2558 5475 2621 5530 ad
2657 5478 2928 5534 venandas
2977 5483 3226 5554 martyris
3277 5484 3402 5537 reli-

1835 5565 2009 5634 quias,
2035 5581 2155 5619 cum
2179 5565 2406 5621 fuissent
2423 5568 2615 5626 deinde
2633 5569 2981 5640 deprehensa
3005 5590 3031 5625 a
3057 5573 3394 5639 satellitibus.

243 5768 328 5835 (ι)
361 5766 426 5817 34
463 5763 599 5815 Cum
634 5758 876 5827 Ripsime
905 5766 959 5812 et
988 5755 1187 5810 Gaiana
1239 5756 1398 5813 fuisse
1438 5755 1596 5809 habet
1640 5751 1996 5826 Menologium
2023 5755 2352 5814 Graecorum.

498 5862 765 5920 Parnm.
799 5857 912 5918 Gn.
954 5854 1129 5915 CXV.

3014 5848 3078 5914 31
