4154 6318
195 416 279 477 973

1093 406 1262 465 VITA
1311 406 1368 464 S.
1417 398 1794 462 GBEGORH
1843 398 2471 460 lLLUMlNATORlS.

3283 398 3383 459 οτι

188 530 353 589 αὑταῖς
393 527 591 597 ῥίζαις,
646 524 739 587 τὰς
779 523 1021 591 γλώττας
1062 522 1438 590 ὲκτέμνονται.
1478 515 1607 571 Εἶτα
1633 517 1778 578 καὶ]

1871 527 2032 571 untur
2062 518 2344 572 radicitus.
2385 515 2587 570 Deinde
2624 530 2743 571 cum
2769 513 3036 583 lapidibus
3083 512 3254 564 instar
3278 514 3389 582 gla-

188 620 335 681 λίθοις
365 617 648 687 μαχαιρῶν
692 616 850 684 δίκην
895 612 1301 682 ὲστομωμένοις
1338 614 1431 664 καλ⁵
1463 611 1722 679 τέμνουσι

190 710 276 771 τὰς
319 709 587 778 γαστέρας
634 708 1016 766 ἀνακοπεῖσαι,
1064 704 1161 757 κοιλ⁸
1216 703 1313 773 τὴν
1353 702 1502 765 έντδς
1546 704 1728 754 πᾶσαν

190 796 456 849 διάπλασιν
503 796 608 866 πρὸ
644 795 753 849 τῶν
795 793 970 847 ποδῶν
1016 791 1274 861 χυθεῖσαν
1326 789 1555 851 ἰδοῦσαι,
1588 788 1729 841 οὕτω

190 889 276 941 καὶ
305 887 399 949 τὰς
437 887 679 955 κεφαλὰς
713 882 1094 953 ἀφαιροῦνται.
1150 882 1325 952 ’Ἐκτῃ
1379 881 1479 950 μὲν
1508 876 1599 934 οὖν
1640 881 1732 934 καὶ

192 976 347 1030 εἰκάδι
399 976 493 1029 τοῦ
551 974 925 1044 Σεπτεμϐρίου
958 973 1145 1042 μηνὸς,
1179 974 1211 1041 ἠ
1245 971 1466 1039 γενναία
1508 969 1730 1039 Ῥιψίμη

188 1060 273 1113 τὸν
317 1061 649 1130 μαρτυρικὸν
702 1059 945 1112 ἀνείλετο
1006 1059 1293 1127 στέρανον.
1350 1059 1461 1121 Τὰς
1509 1060 1603 1109 ἐπὶ
1664 1060 1731 1126 τῇ

183 1150 324 1220 ἄγρᾳ
370 1150 424 1201 δὲ
452 1150 557 1203 τῶν
599 1150 810 1215 ἐκείνης
850 1148 1115 1216 λειψάνων
1151 1147 1506 1217 ὁρμηθείσας·
1531 1148 1564 1214 ἠ
1595 1146 1733 1212 αὐτὴ

196 1242 463 1310 μάρτυρας
518 1235 655 1292 εἶδεν
707 1242 910 1309 ἡμέρα.
945 1240 1023 1309 Τῇ
1062 1238 1307 1309 ἑπομένῃ
1356 1236 1414 1289 δὲ
1445 1239 1540 1289 καὶ
1572 1237 1604 1304 ἡ
1639 1252 1737 1304 μα-

191 1333 344 1402 καρία
376 1330 577 1400 Γαῖανὴ
630 1332 769 1399 μετὰ
801 1331 912 1383 τῶν
953 1330 1351 1399 συμπαρθένων
1403 1329 1465 1380 τὸ
1519 1327 1617 1396 τῆς
1650 1341 1737 1377 τε·

197 1422 427 1485 λεώσεως
463 1423 698 1492 ἔδραμον
728 1423 961 1475 στάδιον.
996 1423 1171 1489 ’Ἐκτη
1217 1422 1394 1474 τοίνυν
1424 1419 1484 1483 ἐξ
1531 1418 1739 1471 ἐκείνου

190 1511 394 1580 διῆλθεν
436 1513 641 1581 ἡμέρα,
681 1512 777 1565 καὶ
827 1510 1346 1579 ὑπομαραινομένης
1382 1508 1482 1577 ἤδη
1510 1506 1585 1576 τῷ
1636 1508 1745 1575 Τη-

195 1602 370 1671 ριδάτῃ
404 1604 503 1670 τῆς
529 1601 641 1653 τῶν
670 1600 893 1669 ἐρώτων
923 1599 1139 1667 φλογὸς,
1171 1598 1369 1664 μελέτη
1394 1596 1566 1664 θήρας
1594 1594 1743 1662 αὐτῷ

190 1690 388 1754 γίνεται
444 1689 538 1741 καὶ
593 1688 939 1757 παρασκευή.
978 1685 1085 1738 Καὶ
1118 1686 1146 1735 ό
1183 1684 1281 1751 μὲν
1334 1680 1418 1731 ἐπ’
1467 1679 1743 1748 ὀχήματος

192 1783 328 1852 ἐξῄει
358 1783 456 1849 τῆς
490 1783 695 1840 πόλεως
717 1798 730 1811 ο
760 1783 792 1849 ἡ
850 1779 974 1846 δίκη
1005 1777 1061 1828 δὲ
1100 1776 1201 1827 οὐκ
1257 1772 1567 1842 ἐϐράδυνεν,
1612 1769 1744 1822 ἀλλά

192 1890 272 1934 τις
319 1872 465 1941 αὐτῷ
506 1870 869 1940 προσπαλαίει
925 1868 1112 1938 μανία.
1171 1867 1278 1920 Καὶ
1346 1863 1748 1933 δαιμονιώτατα

189 1958 339 2027 οὗτος
370 1964 645 2032 ἐμαίνετο,
688 1963 782 2015 καὶ
830 1961 1151 2030 παράφορος
1209 1955 1278 2028 ἦν
1333 1959 1453 2019 ὅλος
1510 1956 1614 2007 ὑπὸ
1652 1955 1745 2021 τῆς

194 2056 368 2121 νόσου,
400 2056 507 2108 τῶν
532 2056 677 2110 ἰδίων
701 2072 758 2107 τε
792 2054 1009 2124 σαρκῶν
1062 2052 1387 2120 παρέτρωγε
1416 2052 1523 2111 τοῖς
1547 2047 1746 2107 ὀδοῦσι,

193 2148 282 2199 καὶ
320 2151 397 2210 εἰς
448 2150 632 2218 χοῖρον
672 2147 875 2217 ἦμειψε
907 2148 1002 2198 καὶ
1028 2146 1088 2196 τὸ
1117 2139 1277 2207 εἶδος,
1312 2140 1753 2217 καὶμμετηλλάγη

192 2240 651 2307 Ναόουχοδονόσορ
674 2242 751 2299 εἰς
775 2239 871 2305 τὴν
902 2236 1131 2305 μορφὴν,
1160 2235 1476 2302 μεταλαϐὼν
1504 2235 1610 2300 γὰρ
1631 2232 1756 2284 ταί-

193 2332 594 2399 τηνοὴγνόησεν,
609 2329 797 2381 τοῦτον
823 2328 909 2379 τὸ]
930 2327 1243 2395 μανθανέτω
1259 2326 1458 2393 τρόπον
1477 2326 1570 2378 καὶ
1592 2327 1756 2394 Τηρι-

192 2423 381 2491 δάτην,
414 2422 509 2489 τὴν
532 2420 703 2488 αὐτὴν
730 2420 922 2487 ἐκείνῳ
952 2416 1254 2486 μεταϐολὴν
1286 2418 1619 2476 ὑποστάντα,
1665 2416 1753 2465 καὶ

193 2512 368 2585 ταύτῃ
403 2518 500 2578 τὴν
538 2511 831 2563 ἀκολασίαν
894 2509 1351 2578 εἰσπραττόμενον
1400 2508 1493 2557 καὶ
1542 2507 1600 2556 τὸ
1628 2505 1756 2570 ἄγος

196 2604 296 2657 καὶ
344 2602 486 2655 οὕτω
537 2602 770 2671 πικρῶς.
826 2601 930 2653 Καὶ
959 2597 1025 2666 ἦν
1074 2599 1143 2652 τὰ
1195 2599 1298 2664 ἔξω
1334 2598 1427 2650 τοῦ
1459 2597 1758 2666 Τηριδάτου

197 2698 404 2769 χοῖρος,
458 2696 556 2761 τῆς
584 2694 760 2761 ⁴ἔνδον
793 2691 1077 2761 ὼμότητός
1110 2708 1169 2742 τε
1205 2692 1298 2743 καὶ
1356 2689 1451 2741 τοῦ
1500 2688 1760 2757 βορϐόρου

196 2787 312 2839 τῶν
344 2785 569 2853 ἡδονῶν,
596 2784 691 2835 καὶ
727 2785 824 2851 τῆς
854 2783 1021 2853 ἄλλης
1051 2782 1293 2851 χοιρείας
1329 2781 1421 2833 καὶ
1459 2779 1639 2847 ψυχῆς
1672 2781 1764 2830 καὶ

200 2876 425 2943 ἀγωγῆς
453 2874 616 2926 εἰκὼ)
644 2874 759 2945 ἅμα
824 2876 918 2927 καὶ
984 2872 1290 2941 εἴσπραξις.
1327 2871 1438 2940 Οὐχ
1479 2872 1507 2921 ό
1538 2870 1767 2939 Τηριδά-

201 2984 305 3035 της
340 2966 395 3019 δὲ
453 2968 613 3036 μόνος
662 2969 837 3021 ταῦτα
883 2970 910 3019 ὁ
949 2965 1167 3035 μιαρὸς,
1222 2963 1359 3017 ἀλλὰ
1412 2962 1507 3015 καὶ
1546 2962 1608 3014 τὸ
1641 2963 1769 3031 περὶ

202 3065 369 3119 αὑτὸν
423 3066 821 3135 στρατιωτικὶν
871 3064 1040 3128 ἅπαν,
1093 3062 1186 3114 καὶ
1234 3062 1359 3113 ὅσον
1413 3063 1468 3111 έν
1520 3060 1766 3127 ἄρχουσι,

1830 610 2037 661 diorum
2072 609 2240 662 acutis
2274 618 2329 661 et
2367 607 2698 669 secantibus,
2736 607 2937 659 exsecti
2988 603 3216 658 fuissent
3262 619 3392 657 ven-

1832 708 1960 761 tres,
1988 709 2038 752 et
2087 700 2400 753 universum
2454 699 2728 753 internum
2776 697 3087 768 ﬁgmentum
3129 695 3393 750 vidissem

1835 788 2011 842 fusum
2047 805 2142 858 pro
2186 790 2434 858 pedibus,
2472 791 2551 843 eis
2600 789 2772 859 capita
2815 797 3184 858 amputantur.
3218 790 3391 857 Atque

1840 880 2099 934 vicesimo
2129 880 2346 949 quidem
2375 891 2528 934 sexto
2560 880 2763 935 mensis
2794 879 3129 947 Septembris
3163 880 3392 948 gloriosa

1835 967 2077 1038 Ripsime
2136 984 2387 1023 coronam
2438 971 2674 1035 suscepit
2733 969 3075 1038 martyricam
3137 968 3233 1035 (Ξ).
3298 966 3399 1019 Eas

1837 1077 1988 1123 vero,
2024 1078 2143 1130 quae
2196 1072 2454 1116 venerant
2485 1063 2550 1115 ad
2603 1062 2875 1115 venandas
2930 1061 3073 1114 illius
3119 1060 3396 1127 reliquias,

1839 1151 1981 1204 idem
2018 1153 2133 1206 dies
2155 1154 2287 1207 vidit
2318 1164 2599 1223 martyres.
2631 1154 2727 1209 Die
2756 1164 2943 1207 autem
2978 1152 3227 1221 sequenti
3244 1152 3400 1205 beata

1839 1258 2052 1312 quoque
2079 1243 2281 1299 Gaiana
2327 1263 2450 1300 cum
2491 1246 2653 1301 sociis
2685 1244 2982 1316 virginibus
3014 1250 3402 1312 percurrerunt

1842 1333 2077 1389 stadium
2138 1337 2646 1391 consummationis.
2692 1337 2775 1391 Ab
2831 1335 2923 1389 illo
2977 1348 3104 1402 ergo
3162 1343 3403 1399 tempore

1844 1425 2059 1478 transiit
2083 1434 2266 1479 sextus
2300 1427 2437 1492 dies,
2465 1436 2521 1481 et
2562 1427 2673 1495 jam
2707 1427 2921 1481 ﬂamma
2974 1438 3221 1478 amorum
3252 1423 3405 1489 Teri-

1845 1515 1983 1569 data:
2007 1517 2207 1570 sensim
2243 1528 2629 1580 marcescente,
2663 1519 2750 1572 ille
2779 1533 3028 1587 egressus
3043 1526 3126 1569 εει
3154 1516 3218 1567 ad
3247 1528 3407 1567 vena-

1847 1611 2069 1665 tionem.
2096 1611 2211 1665 Non
2245 1612 2473 1667 tardavit
2501 1621 2677 1666 autem
2708 1612 2915 1681 justitia
2948 1630 2960 1663 :
3000 1610 3091 1663 sed
3122 1623 3244 1661 eum
3263 1622 3410 1675 quae-

1845 1700 1967 1754 dam
1998 1702 2204 1756 invadit
2228 1705 2453 1766 insania,
2483 1720 2588 1773 qua
2631 1703 2843 1757 furebat
2871 1702 3029 1772 plane
3058 1698 3411 1754 daamoniaee.

1848 1801 1903 1845 et
1930 1807 2038 1862 pra:
2065 1794 2255 1847 morbo
2280 1804 2396 1848 erat
2431 1805 2623 1848 emotze
2662 1794 2877 1853 mentis,
2906 1802 2962 1846 et
3005 1792 3256 1845 dentibus
3286 1804 3411 1842 suas

1850 1886 2140 1939 arrodebat
2161 1901 2350 1941 carnes
2374 1904 2389 1941 :
2415 1896 2469 1942 et
2498 1894 2698 1939 mutata
2723 1884 2823 1938 fuit
2856 1884 3026 1937 forma
3061 1882 3180 1951 ejus
3212 1881 3263 1932 in
3287 1894 3413 1945 por-

1850 1990 1995 2031 cum.
2030 1980 2181 2041 Quod
2233 1980 2277 2034 si
2325 1980 2446 2049 quis
2476 1979 2566 2043 sit,
2597 1978 2685 2046 qui
2716 1992 2823 2030 non
2872 1977 3083 2045 ignoret
3116 1972 3281 2026 fuisse
3308 1968 3415 2022 Na-

1853 2066 2353 2122 buchodonosorem
2404 2077 2668 2122 mutatum
2702 2067 2757 2120 in
2789 2068 2926 2120 hanc
2951 2066 3202 2125 formam,
3224 2062 3413 2116 eodem

1855 2156 2014 2211 modo
2048 2158 2183 2211 sciat
2223 2159 2385 2212 etiam
2432 2157 2736 2211 'l'cridatem
2786 2157 3051 2216 eamdem,
3094 2168 3254 2223 quam
3303 2153 3412 2213 ille.

1857 2248 2087 2303 subiisse
2112 2251 2489 2303 mutationem.
2521 2248 2720 2315 Sicque
2758 2247 2825 2300 de
2866 2245 3088 2300 libidine
3128 2253 3180 2297 et
3216 2242 3416 2311 ﬂagitio

1859 2350 2084 2407 sumpta:
2114 2349 2237 2394 sunt
2274 2350 2378 2394 tam
2432 2340 2638 2394 acerba:
2685 2351 2856 2407 pinna:
2884 2337 2985 2405 (5).
3018 2334 3083 2389 Et
3121 2345 3234 2389 erat
3266 2333 3420 2387 Teri-

1859 2432 2011 2484 dates
2051 2434 2388 2486 extrinsecus
2430 2446 2626 2501 porcus
2670 2450 2682 2484 :
2735 2430 2960 2483 internm
2998 2425 3334 2482 crudelitatis
3368 2434 3423 2479 et

1859 2521 2369 2589 cmnivoluptatum,
2401 2533 2453 2575 et
2484 2523 2704 2575 alterius
2738 2521 2972 2588 porcina:
2997 2520 3191 2572 animae
3219 2533 3281 2571 ac
3303 2518 3426 2571 vitae

1862 2613 2024 2665 simul
2048 2612 2224 2682 imago
2247 2622 2299 2667 et
2334 2628 2515 2681 pcena.
2548 2613 2665 2665 Non
2708 2610 2787 2665 sic
2817 2620 2995 2665 autem
3025 2610 3173 2663 solus
3202 2619 3319 2661 erat
3349 2606 3429 2660 af—

1865 2705 2039 2759 fectus
2074 2706 2442 2761 exsecrandus
2476 2704 2755 2758 Teridates
2795 2718 2810 2755 :
2862 2703 2959 2756 sed
2991 2710 3046 2755 et
3089 2715 3302 2762 omnes,
3333 2699 3429 2767 qui

1867 2808 2023 2852 erant
2052 2814 2177 2853 cum
2207 2814 2272 2853 eo
2308 2793 2530 2858 milites.
2567 2808 2623 2851 et
2663 2798 2974 2866 quicunque
3005 2810 3069 2848 ex
3102 2794 3431 2862 magistrati-

1869 2889 1969 2941 bus
2002 2899 2058 2942 et
2095 2890 2215 2943 aliis
2253 2890 2460 2942 civibus
2494 2889 2651 2941 simul
2685 2889 3010 2940 laetabantur
3042 2887 3127 2946 iis,
3156 2900 3274 2953 qua:
3306 2899 3432 2952 per-

1871 2990 2080 3053 petrata
2111 2982 2343 3044 luerant,
2374 2998 2497 3037 cum
2532 2983 2721 3037 eodem
2760 2981 3103 3036 luctabantur
3137 2981 3380 3035 daemone
3415 2997 3429 3033 :

1874 3090 1982 3129 non
2014 3076 2154 3145 quod
2188 3085 2370 3131 essent
2400 3075 2496 3145 ipsi
2527 3090 2739 3143 quoque
2780 3089 3068 3143 porcorum
3101 3073 3274 3127 induti
3310 3087 3434 3140 spe-

204 3164 303 3217 καὶ
336 3164 389 3215 εἴ
416 3182 466 3216 τι
507 3163 632 3215 ἄλλο
655 3160 747 3213 τοῦ
779 3160 1176 3229 πολιτεύματος
1207 3161 1319 3218 τοῖς
1348 3155 1770 3221 τετολμημένοις

1874 3166 1976 3229 cie,
2006 3168 2100 3218 sed
2135 3168 2184 3218 in
2218 3167 2455 3220 furorem
2491 3168 2693 3219 redacti
2725 3176 2900 3226 erant,
2926 3178 2979 3219 et
3008 3181 3035 3218 a
3065 3179 3123 3218 se
3148 3167 3303 3233 plane
3325 3166 3436 3218 dis-

205 3256 465 3324 συνήδετο
501 3254 579 3321 τῷ
612 3252 761 3322 αὐτῷ
796 3253 1009 3321 δαίμονι
1037 3250 1376 3303 διαπαλαῖον.
1409 3242 1517 3298 Ἦν
1547 3242 1640 3297 οὖν
1676 3246 1771 3297 καὶ

198 3350 319 3409 τοῖς
379 3346 630 3415 κατόχοις
695 3343 774 3411 τῷ
821 3344 982 3396 πάθει
1046 3340 1206 3393 ὁπότε
1260 3339 1353 3391 καὶ
1410 3338 1770 3408 ἀνανήῴειαν,

201 3437 384 3506 πολλὴ
414 3437 512 3505 τῆς
543 3435 867 3502 ἀπαλλαγῆς
904 3436 935 3504 ἡ
977 3432 1266 3501 ἐπιθυμία,
1298 3431 1390 3484 καὶ
1420 3432 1529 3499 τοζς
1555 3431 1776 3499 οἰκείοις

200 3532 238 3601 ή
275 3532 499 3601 φροντὶς
552 3530 654 3581 οὐκ
706 3528 966 3587 ἐλάττων,
1024 3524 1180 3578 τοῦτο
1233 3526 1331 3591 μὲν
1365 3523 1505 3575 ὥστε
1562 3524 1636 3590 μὴ
1668 3525 1778 3585 τοῖς

199 3622 417 3691 ὁμοίοις
453 3621 805 3690 περιπεσεῖν,
836 3617 997 3668 τοῦτο
1048 3616 1105 3666 δὲ
1163 3614 1303 3665 ὥστε
1337 3614 1434 3679 τῆς
1465 3612 1620 3663 νόσου
1653 3614 1777 3673 τοὺς

205 3717 599 3784 προσήκοντας
629 3709 1014 3778 κουφισθῆναι.

283 3801 414 3855 κει.
463 3802 551 3854 Ἐν
601 3796 646 3868 ᾧ
687 3801 744 3853 δὲ
795 3798 1056 3861 τοιούτοις
1110 3796 1405 3865 ἐξητάζετο
1459 3795 1690 3849 πάθεσιν
1744 3797 1776 3862 ἡ

219 3892 510 3963 Ἀρμενία,
545 3894 758 3963 δνειρος
797 3894 862 3961 τῇ
898 3889 993 3943 τοῦ
1027 3889 1294 3960 βασιλέως
1326 3888 1530 3954 ἀδελφῇ
1567 3887 1781 3938 Κουσα-

204 3987 481 4056 ροδούκτα
506 3987 783 4056 ἐπιφοιτᾷ.
819 3987 879 4039 '0
905 3984 961 4037 δὲ
991 3984 1197 4053 ὄνειρος
1261 3979 1375 4048 φῶς
1407 3974 1473 4047 ἦν
1508 3976 1780 4047 ἀνθρώπῳ

202 4079 314 4147 τὴν
342 4078 633 4131 διάπλασιν
658 4077 853 4137 ἐοικός.
909 4075 1108 4127 Ἐδόκει
1137 4074 1191 4123 δὲ
1232 4070 1411 4136 λέγειν
1437 4068 1531 4132 ὡς,
1562 4070 1611 4121 εί
1642 4068 1783 4137 Γρη-

202 4170 403 4236 γόριον
436 4170 644 4219 ἐκεῖνον
670 4166 731 4217 δν
781 4164 932 4234 παρὰ
965 4167 1029 4231 τῇ
1060 4161 1209 4215 πόλει
1258 4160 1489 4228 Ἀρταξᾷ
1527 4157 1784 4227 βαράθρῳ

206 4258 474 4324 καθῆκαν
532 4257 893 4325 ἀνιμήσαιντο
945 4253 1177 4317 ἐκεῖθεν,
1234 4251 1375 4305 κατὰ
1407 4249 1571 4311 πόδας
1623 4248 1782 4310 εὐθὺς

205 4349 318 4402 καὶ
373 4350 527 4412 λύσις
582 4348 941 4417 ἀκολουθήσει
991 4349 1091 4415 τῆς
1150 4341 1453 4413 συμφορᾶς.
1516 4339 1660 4395 Εἰδὲ
1711 4338 1785 4409 μὴ

204 4439 397 4493 ταῦτα
433 4441 565 4510 μηδὲ
599 4440 741 4492 οὓτω
774 4437 1028 4506 ποιητέον
1057 4435 1265 4497 αὐτοῖς,
1299 4434 1435 4485 ἀλλὰ
1471 4433 1547 4501 μὴ
1582 4430 1781 4499 ἑτέραν

203 4533 317 4587 τοῦ
372 4531 544 4586 κακοῦ
601 4530 895 4599 θεραπείαν
951 4528 1221 4593 εὑρήσειν.
1273 4521 1458 4574 Ταῦτα
1508 4521 1601 4572 τοῦ
1652 4522 1789 4573 ὀνεί-

210 4642 324 4695 ρου
361 4624 606 4684 εἰπόντος
642 4618 989 4689 παρελθοῦσα
1026 4619 1105 4678 εἰς
1137 4615 1226 4667 τὸν
1250 4615 1419 4682 δῆμον
1478 4614 1509 4682 ἡ
1577 4614 1791 4667 Κουσπ-

214 4716 501 4785 ροδούκτα
541 4714 716 4786 (ἐνίκα
749 4713 859 4783 γάρ
909 4713 1010 4781 τὴν
1042 4709 1175 4786 αἰδῶ
1233 4709 1265 4776 ἡ
1309 4707 1399 4758 ἐπὶ
1447 4706 1525 4774 τῷ
1574 4705 1792 4775 ἀδελφῷ

212 4809 426 4877 λύπη),
457 4806 728 4859 κοινοῦται
755 4806 853 4873 τὴν
887 4803 1031 4871 ὄψιν.
1067 4785 1130 4855 Οί
1161 4800 1216 4853 δὲ
1256 4798 1540 4867 μαίνεσθαι
1570 4798 1663 4850 καὶ
1694 4799 1791 4849 αὐ-

212 4900 330 4970 τὴν
363 4896 663 4967 οἰηθέντες,
695 4896 821 4965 (ποῦ
854 4897 961 4965 γὰρ
998 4894 1064 4946 ἂν
1094 4892 1182 4945 καὶ
1213 4890 1404 4943 ὀστοῦν
1444 4890 1522 4941 ἔτι
1554 4889 1793 4958 περιλεί-

214 4991 434 5045 πεσθαι
486 4988 784 5060 Γρηγορίου
832 4990 960 5057 παρ’
994 4987 1173 5047 αὐτοῖς
1225 4987 1358 5047 ὅλως
1392 4982 1705 5052 ὴλπίζετο;)
1738 4982 1794 5032 ἐν

216 5083 529 5159 χλευασμῷ
571 5084 695 5142 τοὺς
725 5083 819 5150 τῆς
856 5078 1334 5149 Κουσαροδούκτας
1365 5076 1555 5142 λόγους
1600 5072 1793 5141 γέλωτι

224 5177 547 5232 ἐποιοῦντο.
592 5175 811 5244 Ἐπειδὴ
844 5173 896 5225 δὲ
944 5174 1003 5223 τὸ
1038 5172 1206 5224 κακὸν
1237 5171 1327 5221 ἐπὶ
1354 5167 1512 5219 πλέον
1542 5165 1793 5227 ἑτείνετο,

225 5272 339 5322 καὶ
390 5271 419 5321 ὁ
461 5267 667 5338 δνειρὸς
720 5264 1014 5336 ἐπιφοιτῶν
1066 5263 1164 5315 οὐκ
1216 5262 1375 5321 ἀνίει,
1431 5260 1523 5311 καὶ
1575 5257 1607 5325 ἡ
1660 5256 1796 5325 γυνὴ

222 5369 494 5420 ἐπέκειτο
552 5363 886 5432 σφοδροτέρα
948 5356 1335 5424 ἀναγκάζουσα
1362 5354 1450 5406 τὸν
1500 5353 1668 5419 δῆμον
1715 5351 1795 5411 είς

222 5460 405 5525 ἔργον
456 5458 682 5523 ἀγαγεῖν
738 5455 833 5520 τὴν
894 5453 1035 5521 ὄψιν,
1101 5447 1373 5501 στέλλεταί
1408 5460 1489 5506 τις
1526 5440 1677 5512 παρὰ
1724 5440 1799 5508 τῷ

240 5547 498 5617 ’Δρταξᾲ
561 5546 803 5618 φρουρίῳ
851 5547 954 5596 τῶν
1000 5546 1301 5611 ἐπισήμων.
1349 5536 1583 5596 Λὺταϊας
1633 5532 1801 5601 ὄνομα

308 5752 390 5821 (2)
444 5748 706 5821 Ripsime,
759 5747 986 5821 Gaiana;
1029 5756 1084 5798 et
1156 5744 1427 5821 sociarum
1509 5746 1800 5821 martyrum

230 5811 449 5880 festum
472 5811 609 5889 apud
635 5818 851 5875 Graccus
874 5819 941 5872 50
956 5813 1289 5885 Septembris
1314 5813 1415 5867 sub
1432 5823 1537 5865 una
1565 5811 1803 5862 solenni-

1875 3265 2175 3312 cesserant.
2201 3258 2329 3311 Erat
2350 3259 2515 3327 igitur
2544 3259 2626 3320 iis,
2652 3272 2788 3325 quos
2822 3258 2934 3311 haec
2963 3258 3180 3311 tenebat
3200 3255 3437 3320 aﬂ'ectio.

1877 3347 2096 3417 quando
2127 3347 2539 3415 resipiscebant,
2579 3346 2915 3402 liberationis
2949 3362 3200 3416 magnum
3228 3348 3441 3400 deside-

1879 3440 2019 3495 rium
2062 3458 2077 3494 :
2110 3455 2407 3509 eorumque
2460 3439 2784 3495 necessariis
2820 3454 2930 3492 non
2963 3439 3138 3491 minor
3166 3439 3326 3507 hujus
3362 3441 3439 3493 rei

1879 3548 2029 3589 cura,
2084 3533 2277 3600 partim
2324 3531 2562 3598 quidem,
2611 3545 2679 3582 ne
2735 3530 3038 3584 inciderent
3084 3530 3139 3584 in
3191 3531 3384 3585 similia
3425 3550 3437 3585 :

1879 3622 2071 3691 partim
2101 3629 2303 3681 autem,
2348 3628 2405 3672 ut
2432 3620 2621 3674 morbo
2645 3621 2974 3682 levarentur,
3004 3622 3095 3689 qui
3120 3621 3188 3675 ad
3219 3636 3314 3676 eos
3343 3632 3441 3675 at-

1881 3713 2146 3768 tinebant.

1952 3804 2113 3857 XXV.
2142 3803 2360 3857 Interim
2389 3812 2567 3856 autem
2601 3803 2727 3856 dum
2766 3802 2815 3855 in
2855 3802 2938 3856 his
2981 3803 3135 3858 malis
3161 3803 3441 3859 conﬂicta-

1882 3894 2042 3948 batur
2073 3893 2349 3959 Armenia,
2383 3904 2608 3962 apparet
2637 3893 2910 3946 somnium
2953 3895 3094 3962 regis
3126 3895 3299 3947 sorori
3338 3896 3445 3948 Cu-

1885 3985 2204 4039 saroductaa.
2225 3983 2505 4037 Somnium
2538 3992 2718 4037 autem
2773 3992 2889 4037 erat
2924 3981 3016 4036 lux
3048 3982 3251 4037 homini
3277 3984 3443 4055 ﬁgura

1884 4077 2093 4129 similis.
2134 4076 2419 4130 Videbatur
2450 4087 2628 4129 autem
2668 4077 2868 4140 dicere,
2890 4076 3032 4145 quod
3059 4076 3101 4130 si
3129 4075 3443 4147 Gregorium

1888 4168 2061 4222 illum.
2082 4182 2243 4237 quem
2274 4168 2325 4221 in
2352 4167 2571 4222 civitate
2594 4170 2820 4221 Artaxat
2850 4168 2904 4220 in
2933 4170 3247 4222 barathrum
3271 4169 3445 4223 demi-

1888 4270 2096 4325 serunt,
2136 4260 2283 4314 illinc
2338 4260 2638 4325 hauserint,
2680 4275 2711 4313 e
2756 4258 2981 4330 vestigio
3018 4259 3145 4313 mali
3187 4268 3447 4328 sequetur

1888 4353 2104 4407 solutio.
2132 4351 2225 4405 Sin
2288 4351 2467 4407 minus
2525 4364 2704 4405 autem
2760 4351 2875 4405 haec
2926 4350 3003 4405 sic
3045 4350 3195 4413 ﬁant,
3244 4366 3451 4419 nequa-

1894 4460 2053 4512 quam
2090 4452 2216 4497 sunt
2257 4443 2528 4495 inventuri
2578 4442 2733 4494 aliam
2766 4441 3125 4495 curationem.
3168 4439 3289 4494 Haec
3325 4456 3447 4494 cum

1894 4536 2118 4590 dixisset
2165 4533 2455 4597 somnium,
2493 4530 2558 4584 ad
2611 4530 2867 4600 populum
2914 4530 3176 4585 accedens
3220 4530 3454 4585 Cusaro-

1895 4627 2054 4679 ducta
2103 4623 2377 4689 (vincebat
2403 4623 2549 4676 enim
2584 4622 2844 4692 pudorem
2887 4621 2951 4685 is,
2985 4636 3146 4690 quem
3192 4622 3260 4675 de
3288 4620 3452 4676 fratre

1895 4712 2197 4783 accipiebat
2226 4710 2399 4779 dolor)
2430 4709 2792 4765 communicat
2824 4708 3107 4761 visionem.
3156 4707 3232 4759 Illi
3274 4716 3450 4760 autem

1897 4820 2014 4860 eam
2044 4803 2292 4858 arbitrati
2338 4800 2579 4855 insanire
2610 4799 2903 4869 (quomodo
2956 4798 3097 4853 enim
3145 4806 3454 4867 speraretur

1898 4897 2038 4965 apud
2070 4910 2164 4949 eos
2206 4879 2428 4948 omnino
2452 4893 2718 4961 reliquum
2754 4907 2874 4945 esse
2919 4890 2996 4945 vel
3030 4905 3095 4945 os
3126 4889 3291 4944 ullum
3321 4889 3454 4944 Gre-

1897 4983 2086 5053 gorii?)
2110 4982 2273 5036 verba
2307 4981 2688 5037 Gusaroductae
2731 4978 3135 5031 subsannabant
3171 4985 3223 5029 ct
3268 4976 3454 5028 irride-

1898 5077 2045 5131 bant.
2076 5073 2210 5127 Cum
2256 5082 2434 5127 autem
2478 5069 2676 5124 malum
2720 5067 3118 5129 intenderetur,
3155 5081 3254 5119 nec
3291 5065 3456 5118 inter-

1900 5168 2140 5221 mitteret
2196 5164 2484 5219 adventare
2532 5160 2828 5220 somnium,
2879 5167 2932 5212 et
2989 5157 3182 5211 mulier
3231 5156 3458 5210 instaret

1900 5258 2296 5317 vehementius,
2332 5267 2531 5324 cogens
2578 5251 2860 5321 p0pulum,
2891 5259 2949 5304 ut
2991 5249 3254 5303 visionem
3288 5247 3350 5299 ad
3380 5246 3458 5300 ef-

1903 5351 2098 5405 fectura
2141 5347 2457 5409 deduceret,
2492 5344 2719 5399 mittitur
2764 5342 2982 5411 quidam
3033 5340 3112 5392 vir
3165 5339 3342 5393 clarus
3394 5339 3460 5391 ad

1901 5439 2161 5509 oppidum
2194 5436 2437 5498 Artaxat,
2479 5434 2699 5489 nomine
2746 5433 2990 5487 Autaias.
3014 5430 3149 5485 Cum
3182 5446 3329 5501 ergo,
3369 5435 3461 5498 qui

1903 5535 1955 5587 in
1990 5547 2056 5585 eo
2088 5540 2267 5596 erant,
2300 5538 2711 5599 rogassent,cur
2745 5524 2949 5580 veniret
2985 5523 3222 5585 Autaias,
3248 5533 3299 5576 et
3319 5537 3467 5591 qua!-

1907 5747 2013 5791 tate
2044 5734 2372 5791 celebratur.
2405 5734 2600 5800 Latini,
2633 5732 2702 5787 ‘29
2734 5729 3088 5802 Septembris.

1983 5808 2059 5878 (ὅ)
2107 5808 2237 5861 Dan.
2270 5809 2321 5858 ι.
