4154 6318
175 370 279 432 977

1098 368 1273 430 VI'I‘A
1315 369 1373 428 S.
1409 362 1787 426 GREGORII
1827 359 2460 428 ILLUMINATORIS.

3288 365 3389 425 978

178 483 288 542 τοῖς
319 476 482 531 αὑτοῦ
537 476 837 546 ὀφθαλμοῖς
880 476 1248 546 ἐπιφαίνεται,
1277 475 1375 545 ἡδύ
1405 492 1458 526 τι
1489 475 1613 527 λίαν
1646 473 1740 526 καὶ

1858 469 1995 523 rebat
2027 471 2143 539 ejus
2172 469 2341 523 oculis
2371 469 2523 523 valde
2557 471 2793 523 suaviter
2824 471 3167 539 resplendeus
3195 481 3249 527 et
3287 477 3403 528 evi-

180 570 408 640 ιναργὶς
457 568 837 636 ἁπολάμπων·
898 566 1048 630 τέλος
1103 567 1156 620 δὲ
1198 567 1290 618 καὶ
1331 566 1493 628 ναοὺς
1520 566 1734 631 ἐγεῖραι

178 662 299 717 ταῖς
337 659 600 728 μάρτυσιν
629 657 940 727 ἐπισκήψας
989 657 1082 710 καὶ
1133 656 1301 710 πολλὰ
1330 655 1494 725 ἕτερα
1542 655 1739 718 διεξελο

179 749 289 800 θὼν
318 747 407 800 καὶ
439 749 564 813 τοὺς
591 749 858 820 παρόντας
889 748 1350 818 μυσταγωγήσας,
1380 747 1453 810 ὡς
1484 746 1583 817 ήδη
1607 746 1740 816 πρὸς

181 840 420 910 ισπέραν
443 838 530 912 ἦν,
557 842 650 896 τὸν
675 843 925 910 σύλλογον
951 842 1250 895 διελύσατο.

256 934 381 988 KZ'.
414 935 490 1003 Τῇ
526 934 653 1003 ἑξῆς
684 934 740 988 δὲ
773 934 1022 1003 νηστείαν
1060 934 1156 1003 μὲν
1211 934 1304 986 καί⁸
1343 932 1425 992 είς
1478 930 1740 1000 ἑξήκοντα

179 1022 310 1086 ὅλας
345 1024 558 1094 ἡμέρας
587 1023 664 1092 τῷ
717 1021 909 1092 πλήθει
950 1022 1112 1075 παντὶ
1148 1020 1538 1092 παραγγέλλει,
1578 1021 1739 1082 αὐτὸς

181 1114 240 1165 δὲ
285 1113 352 1167 τά
393 1131 449 1166 τε
491 1113 1097 1184 προμυσταγωγηθέντα
1126 1115 1184 1166 ὲν
1235 1112 1457 1173 ταύταις
1498 1111 1742 1178 ἀναλαμ-

184 1204 386 1268 ϐάνων,
423 1207 516 1258 καὶ
540 1206 606 1257 τα
633 1205 889 1258 λείποντα
927 1205 1261 1274 προστιθεὶς,
1293 1206 1388 1256 καὶ
1433 1204 1559 1263 τοὺς
1591 1201 1740 1269 βίους

183 1297 296 1350 τῶν
349 1297 514 1365 ἀρετῇ
562 1295 946 1362 διενεγκόντων
1008 1298 1087 1358 είς
1140 1296 1199 1346 τὸ
1247 1296 1408 1365 μέσον
1457 1295 1746 1365 παράγων,

184 1389 326 1456 πρὸς
367 1387 594 1456 μίμησίν
621 1404 678 1440 τε
709 1387 806 1450 τας
837 1388 1057 1441 ἐκείνων
1080 1387 1253 1457 ψυχὰς
1277 1386 1619 1456 διεθέρμαινε
1654 1387 1748 1438 καὶ

184 1479 370 1546 ζῆλον,
409 1479 501 1530 καὶ
530 1477 789 1530 τοιούτων
818 1478 1002 1540 αὐτοῖς
1050 1477 1159 1532 τῶν
1198 1476 1471 1540 συνάξεων
1503 1476 1749 1543 ἀφθόνως

181 1568 485 1623 ἀπολαύειν
519 1571 800 1640 παρεῖχεν.
848 1569 1114 1622 Ἐνταῦθα
1175 1570 1269 1621 καὶ
1307 1568 1402 1636 τὴν
1473 1566 1741 1620 ὀπτασίαν

183 1653 257 1728 ἧς
300 1659 457 1728 μόνον
493 1661 694 1722 ἐκεῖνος
723 1659 940 1726 ⁴ἠξίωτο,
968 1659 1046 1720 είς
1079 1659 1261 1725 κοινὴν
1304 1656 1558 1709 ἁπάντων
1588 1658 1750 1726 ἀκρό-

187 1766 318 1802 ασιν
368 1751 691 1818 παρετίθει·
729 1753 759 1819 ή
811 1750 866 1801 δὲ
911 1746 978 1820 ἦν
1006 1749 1126 1802 οὐδὲ
1160 1749 1283 1818 μίαν
1334 1750 1750 1818 παραλείπουσα

191 1841 473 1905 Θαύματος
508 1839 829 1909 ὑπερϐολὴν,
888 1839 1000 1892 ἀλλ’
1057 1841 1141 1892 οἵα
1193 1841 1458 1910 ὁραθῆναι
1513 1843 1607 1910 μὲν
1645 1857 1747 1908 φο-

183 1930 348 1998 ϐερὰ,
390 1929 722 2000 ὲνηχηθῆναι
771 1931 827 1983 δὲ
862 1933 978 1994 ταῖς
1014 1934 1201 1994 ἀκοαῖς
1261 1933 1548 2002 σωτήριος.
1618 1931 1756 1982 Ἰἰδό-

184 2037 278 2072 κει
313 2020 419 2090 γάρ
468 2038 578 2086 μοι,
624 2024 810 2089 φησὶν,
853 2025 879 2074 ὁ
916 2023 1142 2092 οὐρανὸς
1178 2022 1450 2092 ἀνεῷχθαι
1480 2024 1576 2074 καὶ
1599 2023 1666 2072 τα
1697 2023 1753 2072 ὲν

184 2113 334 2181 ὀρχῇ
373 2114 830 2181 ὲναπολειφθέντα
887 2114 962 2180 τῷ
1006 2113 1324 2179 κυρτώματι
1361 2111 1551 2174 ὓδατα,
1589 2110 1742 2164 ἐνθεν

185 2205 287 2254 καὶ
314 2201 463 2256 ἐνθεν
481 2202 833 2271 διαιρεθέντα,
857 2204 1223 2272 ἐστηριγμίνιι
1238 2200 1322 2268 ἐφ’
1345 2202 1605 2271 ἑκατέρου
1622 2201 1758 2270 τμή-

185 2306 361 2360 ματος
384 2292 582 2357 μένειν.
603 2289 797 2358 Μορφὴ
824 2289 876 2340 δέ
899 2307 977 2351 τις
1011 2291 1609 2360 ἀνδρί-ιπεία,λαμπραν
1638 2291 1756 2342 οἵαν

189 2381 392 2449 αἰγλην
418 2383 654 2448 ἀφιεῖσα,
691 2381 780 2433 καὶ
815 2380 994 2450 πολλῴ
1035 2383 1296 2434 πάντοθεν
1328 2385 1463 2450 φωτὶ
1485 2382 1756 2452 περιλαμο

193 2473 434 2543 στομένη,
478 2473 685 2544 χρυσῆν
744 2476 808 2542 τῇ
862 2473 1004 2543 χειρὶ
1040 2475 1342 2542 κατέχουσα
1385 2474 1618 2544 σφύραν,
1656 2473 1752 2543 τὴν

187 2563 303 2631 γῆν
339 2565 537 2618 παίειν.
574 2565 690 2627 Φῶς
722 2582 778 2617 τε
812 2564 1015 2618 ἄνωθεν
1048 2566 1111 2617 ὲκ
1157 2565 1264 2617 τῶν
1296 2564 1542 2633 οὐρανῶν
1579 2564 1756 2618 πυκνὶ(

186 2659 315 2716 ταῖς
350 2657 530 2709 ἀκτῖσι
582 2657 815 2726 διᾷττον,
865 2656 934 2709 τὰ
969 2657 1066 2725 τῆς
1113 2657 1215 2727 γῆς
1249 2658 1458 2728 πέρατα
1491 2656 1753 2726 ἐπλήρου.

187 2746 306 2797 Καὶ
330 2746 391 2812 δὴ
425 2749 514 2818 καί
535 2748 826 2818 ύπιπτεροί
858 2765 999 2809 τινες
1034 2753 1310 2818 στρατιαὶ,
1343 2749 1501 2801 αὑταὶ
1524 2749 1757 2801 ἕκασται

188 2835 311 2902 φῶς
346 2834 522 2900 οὖσαι,
583 2838 718 2905 πρὸς
749 2839 1014 2906 οὐρανοὺς
1047 2840 1372 2908 ἐπεδήμουν.
1416 2840 1527 2893 Καὶ
1570 2839 1756 2901 στῦλος

190 2927 375 2994 πυρὸς
414 2929 505 2979 ἐπὶ
541 2927 692 2997 βάσει
721 2932 894 2999 χρυσῇ
959 2930 1261 3001 ἱδρυμένος,
1295 2933 1374 2995 είς
1404 2932 1639 2993 ἐκείνους
1670 2932 1761 2985 ἀν-

187 3020 412 3090 έτρεχε,
449 3022 541 3074 καὶ
569 3021 682 3089 φῶς
717 3021 1076 3074 πάλιν.’Δ).λὰ
1110 3022 1172 3075 τὸ
1209 3023 1305 3090 μὲν
1328 3023 1494 3076 αὐτοῦ
1520 3022 1612 3076 τοῦ
1649 3041 1760 3091 φω-

1841 561 2030 615 denter
2069 578 2081 617 :
2114 569 2385 628 postremo
2416 571 2595 614 autem
2622 570 2674 614 et
2699 562 2892 630 templa
2925 562 3173 631 jussisset
3194 568 3400 619 exstrui

1841 648 2186 722 martyribus.
2207 664 2262 708 et
2288 655 2454 708 multa
2479 654 2578 707 alia
2614 663 2756 708 esset
2791 656 3034 708 oratione
3059 666 3398 725 persecutus,

1842 755 1894 799 et
1924 761 2016 799 eos
2056 747 2144 814 qui
2196 745 2438 810 aderant,
2479 747 2746 816 'mysteriis
2790 746 3071 809 initiasset.
3125 762 3245 801 cum
3290 749 3401 817 jam

1843 836 2341 904 advesperasceret,
2367 846 2564 891 emtum
2598 838 2822 891 dimisit.

1914 924 2127 980 XXVII.
2162 926 2420 995 Sequenti
2455 937 2632 980 autem
2669 928 2753 981 die
2796 928 3057 997 jejunium
3089 931 3303 998 quidem
3335 932 3401 984 ad

1845 1019 2120 1089 sexaginta
2153 1033 2321 1086 usque
2352 1018 2468 1072 dies
2511 1028 2650 1072 totos
2683 1021 2934 1074 universo
2963 1022 3159 1090 populo
3189 1022 3402 1077 denun-

1849 1110 1946 1162 tiat
1975 1127 1987 1162 :
2013 1118 2066 1162 et
2101 1109 2215 1177 ipse
2249 1124 2332 1171 ea,
2361 1124 2479 1176 quae
2525 1109 2577 1161 in
2628 1111 3002 1179 mysteriorum
3054 1112 3220 1166 initiis
3256 1113 3404 1180 prius

1846 1200 1986 1255 dicta
2018 1201 2250 1263 fuerant,
2277 1201 2330 1254 in
2374 1201 2456 1255 his
2487 1210 2760 1270 repetens,
2788 1212 2841 1256 et
2872 1216 2989 1270 qua:
3015 1202 3238 1256 deerant
3267 1204 3408 1272 adji-

1848 1293 2014 1354 ciens,
2040 1300 2093 1344 et
2128 1291 2291 1344 vitam
2326 1306 2535 1356 eorum,
2569 1292 2659 1359 qui
2698 1293 2749 1345 in
2778 1292 2977 1347 virtute
3015 1292 3407 1358 excelluerunt,

1851 1387 1905 1439 in
1943 1386 2180 1439 medium
2214 1385 2507 1448 adducens,
2537 1386 2601 1438 ad
2639 1385 2994 1440 imitationem
3028 1395 3082 1441 et
3109 1386 3410 1441 aemulatio-

1850 1493 1972 1531 nem
2005 1477 2219 1532 illorum
2252 1476 2462 1530 animos
2481 1475 2832 1541 accendebat,
2851 1485 2904 1530 et
2929 1478 3142 1530 abunde
3170 1479 3248 1531 eis
3275 1494 3413 1546 prae-

1852 1567 2017 1622 bebat
2052 1567 2185 1620 tales
2213 1566 2472 1621 fruendas
2516 1569 2825 1621 conciones.
2858 1568 2969 1622 Hoc
2998 1568 3052 1621 in
3098 1568 3215 1622 loco
3245 1570 3414 1622 visio-

1851 1675 1976 1714 nem
2009 1673 2243 1728 quoque,
2278 1674 2438 1727 quam
2467 1659 2614 1714 solus
2643 1659 2730 1713 ille
2780 1657 2954 1713 fuerat
2985 1669 3286 1725 assecutus,
3319 1671 3415 1728 pu-

1785 1795 1824 1849 B
1853 1751 1990 1806 blice
2020 1751 2163 1819 apud
2209 1765 2367 1805 aures
2403 1751 2644 1804 omnium
2687 1751 2955 1820 deposuit.
2994 1751 3080 1804 Illa
3118 1761 3295 1805 autem
3333 1762 3417 1806 est

1856 1842 2143 1910 ejusmodi,
2177 1851 2231 1894 ut
2265 1841 2398 1894 nihil
2431 1841 2601 1910 possit
2635 1856 2755 1897 esse
2785 1840 3190 1897 admirabilius:
3222 1851 3274 1896 et
3297 1855 3416 1912 qua

1855 1933 1973 1987 visu
2001 1932 2220 2000 quidem
2253 1930 2354 1986 fuit
2391 1932 2650 1986 terribilis
2699 1950 2711 1985 :
2749 1933 2792 1987 si
2826 1933 3049 1987 auribus
3107 1943 3289 1986 autem
3327 1950 3417 1986 ac-

1854 2031 2005 2090 cepta
2059 2017 2241 2085 fuerit,
2288 2022 2558 2076 salutaris.
2595 2022 2884 2080 Videbatur
2935 2023 3079 2076 enim
3119 2022 3274 2085 mihi,
3333 2025 3420 2078 in-

1854 2114 1991 2181 quit,
2025 2114 2219 2166 coslum
2257 2127 2378 2166 esse
2408 2123 2676 2180 apertum,
2711 2123 2765 2166 et
2796 2128 2912 2182 quae
2942 2115 3094 2167 initio
3123 2113 3421 2167 incnrvita-

1857 2204 1999 2259 tibus
2026 2203 2336 2272 interceptae
2384 2214 2537 2257 erant
2564 2218 2738 2274 aquae,
2775 2204 2896 2259 hinc
2950 2213 3005 2258 et
3055 2203 3183 2258 hinc
3212 2204 3416 2268 divisae.

1859 2297 2024 2351 firmae
2053 2310 2118 2351 ac
2143 2297 2364 2351 stabiles
2392 2311 2614 2351 manere
2652 2299 2702 2350 in
2751 2306 2976 2366 utraque
3009 2306 3179 2366 parte.
3227 2296 3420 2351 Forma

1857 2397 2034 2440 autem
2080 2389 2322 2454 quaedam
2378 2387 2635 2449 humana,
2668 2387 2905 2440 lucidum
2955 2387 3222 2452 quoddam
3263 2387 3420 2452 jubar

1859 2478 2131 2538 emittens,
2161 2487 2212 2530 et
2244 2477 2408 2531 inulta
2466 2478 2585 2531 luce
2623 2477 2769 2531 omni
2817 2491 2880 2530 ex
2933 2485 3084 2546 parte
3129 2476 3422 2547 refulgens,

1858 2583 2081 2622 aureum
2112 2583 2272 2620 manu
2303 2577 2493 2622 tenens
2522 2569 2798 2631 malleum,
2833 2579 3028 2624 terram
3063 2568 3329 2637 pulsabat.
3361 2567 3425 2622 Et

1859 2660 1948 2714 lux
1981 2661 2215 2728 desuper
2248 2673 2275 2712 e
2305 2658 2455 2713 caelis
2488 2659 2653 2711 radiis
2689 2659 3000 2727 frequenter
3034 2661 3296 2719 emicans.
3322 2661 3424 2712 imo

1869 2749 2050 2819 plebat
2091 2749 2223 2801 lines
2266 2756 2444 2802 terrae.
2481 2746 2622 2812 Quin
2645 2748 2807 2801 etiam
2845 2747 3061 2816 quidam
3105 2749 3226 2802 :dati
3269 2764 3426 2802 exer-

1861 2842 2018 2903 citus,
2045 2841 2310 2910 quierant
2347 2840 2504 2893 ctiam
2537 2839 2904 2908 unusquisque
2942 2839 3050 2902 lux.
3071 2840 3427 2895 movebantur

1862 2929 1914 2983 in
1944 2929 2110 2983 cadis.
2143 2929 2206 2981 Et
2228 2928 2475 2980 columna
2507 2941 2655 2980 aenea
2694 2928 2805 2979 basi
2837 2942 3013 2981 aurere
3049 2929 3318 2996 imposita,
3361 2929 3428 2983 ad

1865 3020 1983 3074 illos
2003 3018 2362 3088 pertingebat.
2400 3016 2503 3072 Sed
2551 3032 2674 3086 pars
2699 3018 2918 3086 quidem
2970 3019 3138 3087 ipsius
3184 3020 3317 3073 lucis
3352 3021 3425 3071 vi-

180 3113 287 3175 τὸς
322 3115 504 3182 σχῆμα
533 3113 766 3185 σταυροῦ
796 3114 981 3184 φέρον,
1007 3118 1067 3170 τὸ
1101 3117 1156 3170 δὲ
1185 3117 1360 3186 στύλῳ
1392 3117 1758 3185 ὑπερμεγέθη

1865 3112 2092 3167 debatur
2120 3109 2263 3164 ferre
2297 3110 2523 3178 figuram
2562 3111 2766 3170 crucis.
2801 3124 2924 3178 pars
2947 3120 3128 3163 autem
3167 3122 3282 3166 erat
3314 3127 3428 3165 ma-

187 3205 518 3272 προσεοικὸς
549 3202 636 3275 ἦν.
681 3208 790 3260 Καὶ
837 3212 985 3277 τρεῖς
1037 3210 1318 3272 ἐλάττονες
1352 3210 1499 3263 ἄλλοι
1549 3208 1753 3274 στῦλοι,

185 3293 292 3346 ἐπὶ
325 3295 523 3362 ὁμοίων
569 3296 679 3346 τῶν
735 3296 946 3364 βάσεων
1005 3297 1294 3369 βεϐηκότες
1345 3295 1506 3369 ἦσαν.
1551 3298 1690 3351 Ἀλλ’
1727 3301 1755 3352 ὁ

189 3387 304 3456 μὶν
339 3385 430 3436 ἐπὶ
465 3384 558 3438 τοῦ
596 3387 935 3458 μαρτυρικοῠ
963 3389 1061 3458 τῆς
1094 3407 1152 3443 τε
1182 3392 1460 3462 μακαρίας
1502 3389 1758 3462 Ῥιψίμης

189 3474 421 3527 σταδίου
462 3475 553 3528 καὶ
577 3477 683 3529 τῶν
718 3479 884 3548 τριῶν
932 3481 1024 3532 ἐπὶ
1055 3486 1174 3546 ταῖς
1209 3486 1501 3552 τριάκοντα
1557 3486 1770 3556 ποιεοιθέειΔ

183 3583 312 3630 νοις
344 3568 605 3637 εἱστήκει.
636 3571 862 3640 Ἀτερον
888 3572 943 3626 δὲ
998 3575 1226 3644 ὅποιπερ
1251 3578 1280 3642 ἡ
1309 3579 1528 3640 γενναία
1556 3578 1758 3648 Γαῖανὴ

187 3661 344 3729 μετὰ
374 3661 480 3712 τῶν
511 3662 602 3712 δύο
635 3665 727 3714 καὶ
780 3664 920 3733 αὕτη
964 3667 1391 3736 συμπαρθένων,
1423 3670 1513 3721 τὸν
1543 3669 1641 3739 τῆς
1673 3687 1761 3723 τε-

179 3752 468 3810 λειώσεως
523 3751 793 3804 ἀνείλοντο
829 3755 1092 3822 στέιρανον
1130 3775 1144 3789 ο
1187 3760 1276 3810 ἐπὶ
1330 3760 1386 3813 δὲ
1439 3762 1535 3830 τῆς
1595 3761 1760 3832 ληνοῦ

183 3841 384 3906 ἄλλος,
418 3843 449 3910 ἦ
480 3844 739 3913 πρότερον
796 3847 894 3914 μὲν
941 3849 1119 3912 πάσας
1160 3851 1293 3919 ὁμοῦ
1328 3853 1631 3920 φευγούσας
1662 3856 1764 3906 ὑπ-

178 3933 424 3996 εδέξατο
453 3935 548 3997 τὰς
583 3935 905 4006 παρθένους,
946 3941 1073 4009 μιᾶς
1123 3941 1178 3995 δὲ
1210 3942 1438 4014 ὕστερον
1473 3946 1566 3998 καὶ
1615 3947 1758 3999 οίνου

184 4026 409 4088 παντὸς
439 4025 773 4098 γλυκύτερον
828 4031 888 4082 τὸ
943 4026 1081 4100 αἷμα
1111 4033 1325 4096 ἐδέξατο
1363 4049 1376 4063 ’
1412 4035 1531 4104 ἥτις
1570 4036 1760 4104 ἐπειδὴ

181 4117 347 4186 νόσῳ
379 4120 500 4172 κατ’
530 4119 694 4188 αὐτὴν
722 4123 1032 4192 περιπέσοι,
1088 4124 1187 4174 ούκ
1226 4125 1423 4193 ἔχουσα
1471 4126 1617 4188 ὅπως
1647 4129 1764 4188 ταῖς

180 4209 391 4271 ἄλλαις
417 4212 602 4268 ἕποιτο
628 4211 1036 4282 συμπαρθένοις
1076 4215 1240 4268 αὑτοῦ
1297 4217 1445 4287 παρᾶ
1486 4220 1551 4287 τῇ
1593 4218 1760 4288 ληνῷ,

176 4296 291 4354 οἶα
326 4299 517 4371 βότρυς
535 4305 733 4368 ὡραῖος
759 4303 940 4373 ἱλαρόν
963 4322 1010 4357 τι
1031 4309 1145 4369 ταῖς
1174 4307 1327 4373 δῲεσι
1357 4310 1448 4361 καὶ
1477 4310 1571 4378 ἡδὺ
1601 4327 1766 4380 προσ-

178 4389 497 4452 ϐάλλουσα,
557 4393 616 4443 οὗ
649 4397 773 4444 ποσὶ
804 4395 1026 4448 δικαίων
1049 4397 1380 4462 ἐκθλίϐεται,
1411 4400 1549 4452 ἀλλὰ
1576 4402 1764 4471 χερσὶν

1865 3219 1981 3274 grta:
1998 3203 2262 3256 columnae.
2288 3200 2498 3254 similis.
2530 3199 2597 3253 Et
2615 3208 2723 3253 tres
2749 3199 2865 3253 aliae
2891 3203 3128 3255 minores
3157 3201 3425 3258 columna:

1865 3297 2050 3350 locata:
2101 3303 2253 3348 erant
2280 3307 2472 3361 surper
2503 3292 2658 3345 bases
2691 3292 2914 3347 similes.
2945 3291 3050 3347 Sed
3082 3309 3184 3346 una
3211 3293 3424 3362 quidem

1866 3388 2040 3443 Stabat
2069 3399 2232 3454 super
2267 3383 2614 3453 martyricum
2652 3381 2884 3435 stadium
2931 3383 3099 3436 beatae
3133 3383 3424 3449 iiipsimes,

1867 3491 1920 3536 et
1955 3479 2171 3550 triginta
2210 3478 2368 3531 trium
2401 3475 2688 3545 virginum,
2727 3474 2891 3528 altera
2946 3485 3144 3538 autem.
3170 3478 3259 3532 ubi
3295 3493 3429 3547 prm-

1866 3578 2008 3630 clara
2046 3574 2248 3628 Gaiana
2294 3586 2418 3627 cum
2459 3571 2670 3624 duabus
2722 3572 2887 3626 sociis
2947 3573 3262 3642 virginibus,
3299 3590 3430 3629 eon-

1868 3664 2246 3722 summationis
2284 3677 2539 3717 coronam
2599 3676 2877 3730 accepere.
2927 3664 3041 3717 Alia
3086 3674 3265 3719 autem
3307 3680 3424 3722 erat

1868 3775 2032 3828 super
2065 3756 2316 3820 torcular,
2349 3755 2489 3824 quod
2524 3755 2674 3824 prius
2695 3755 2910 3824 quidem
2946 3770 3133 3811 omnes
3159 3757 3315 3811 simul
3347 3759 3430 3813 fu-

1869 3852 2077 3922 gientes
2104 3848 2315 3913 excepit
2358 3846 2593 3915 virgines
2633 3846 2837 3900 :unius
2886 3856 3066 3901 autem
3115 3861 3297 3915 postea
3345 3855 3427 3906 vel

1868 3942 2058 4013 quovis
2102 3954 2248 3994 mero
2282 3947 2374 3991 aut
2408 3949 2623 3992 nectare
2654 3938 2943 3994 dulciorem
2972 3939 3183 4007 excepit
3214 3942 3429 4012 sangui-

1870 4051 2019 4090 nein.
2062 4033 2189 4097 Qua:
2232 4047 2354 4085 cum
2407 4031 2459 4082 in
2498 4044 2560 4083 eo
2596 4031 2647 4082 in
2697 4029 2944 4082 morbum
2994 4029 3291 4098 incidisset,
3328 4048 3426 4089 nec

1872 4132 2052 4195 posset
2087 4123 2218 4176 alias
2260 4123 2411 4189 sequi
2449 4121 2704 4190 virgines,
2750 4119 2946 4173 ibidem
2982 4123 3124 4188 apud
3173 4124 3425 4189 torcular,

1872 4227 2124 4283 tanquam
2157 4229 2261 4268 una
2316 4212 2557 4281 speciosa
2599 4211 2770 4267 oculis
2823 4212 3144 4268 hilaritatem
3173 4215 3428 4281 affert-ns,

1871 4320 1921 4362 et
1961 4307 2281 4362 suavitatem
2343 4320 2450 4358 non
2498 4306 2764 4374 justorum
2818 4305 3044 4373 pedibus
3082 4309 3427 4373 exprimitur,

1873 4400 1967 4454 sed
2004 4397 2563 4465 manibusimpiorum
2599 4396 2661 4449 de
2690 4395 2865 4448 medio
2891 4395 3112 4450 tollitur.
3149 4396 3273 4452 Post
3315 4400 3429 4455 hazc

186 4481 424 4537 ἀσεϐῶν
453 4485 778 4553 ἀναιρεῖται.
828 4487 949 4540 Ἐπὶ
998 4487 1207 4552 τούτοις
1243 4490 1374 4543 πολὺ
1425 4492 1522 4559 μὲν
1569 4493 1758 4562 πλῆθος

1875 4506 2122 4560 magnam
2146 4489 2359 4558 quidem
2401 4488 2681 4554 igneorum
2727 4485 2976 4540 altarium
3029 4488 3427 4544 multitudinem

187 4574 452 4641 πυρίνων
508 4573 902 4646 θυσιαστηρίων
959 4579 1126 4631 ἐδίδου
1203 4579 1422 4649 βλέπειν
1467 4583 1499 4650 ὴ
1547 4583 1764 4652 ὅρασις,

185 4668 306 4720 καὶ
343 4669 575 4737 σταυρὶν
622 4669 855 4738 ὕπερθεν
882 4671 967 4738 ὲφζ
993 4672 1223 4724 ἑκάστου
1255 4671 1638 4742 θυσιαστηρίου
1669 4674 1768 4742 τῆς

181 4755 381 4822 αὐτῆς
418 4758 546 4824 ὕλης
581 4755 1064 4828 διαμορφούμενον.
1099 4761 1252 4830 Πηγὴ
1281 4762 1335 4814 δέ
1361 4779 1440 4824 τις
1471 4765 1532 4815 ὲκ
1567 4763 1769 4816 τούτων

183 4847 383 4914 ἕρῤει,
410 4847 596 4909 διειδές
628 4864 684 4898 τε
709 4848 820 4916 ἅμα
847 4850 936 4901 καὶ
964 4851 1102 4902 οὕτω
1131 4867 1181 4902 τι
1214 4847 1440 4918 ἄφθονον
1466 4849 1766 4912 ἐκδιδοῦσα,

177 4940 281 4996 ὡς
305 4936 614 4996 ἐπικλύζειν
642 4939 782 4990 ἇπαν
805 4941 892 4992 τοῦ
922 4943 1278 5012 ὑποκειμένου
1306 4944 1488 4995 πεδίου
1515 4943 1572 4999 τὸ
1602 4945 1765 5013 πρέσ-

183 5043 384 5083 ωπον.
427 5027 585 5079 ’Λλλὲι
632 5029 735 5097 μὴν
769 5030 874 5091 Δκαὶ
908 5031 1075 5097 ἀγέλη
1109 5050 1197 5098 μοι
1236 5033 1551 5102 καθεωρᾶτο
1576 5035 1766 5101 αἰγῶν,

172 5128 258 5176 ἐν
317 5119 394 5188 τῷ
423 5121 609 5187 μέλανι
660 5121 764 5172 τῶν
812 5119 1008 5191 τριχῶν
1054 5122 1387 5176 στίλϐουσαι.
1434 5126 1582 5179 Ἐπεὶ
1612 5126 1666 5177 δὲ
1710 5125 1768 5176 τὸ

177 5212 350 5278 ὕδωρ
387 5212 561 5260 ἐκεῖνο
588 5213 904 5276 περάσειαν,
939 5214 969 5281 ή
1007 5213 1114 5264 ἰδέα
1150 5213 1246 5281 μὲν
1275 5216 1465 5277 αὑταῖς
1520 5220 1596 5279 εἰς
1640 5217 1770 5285 πρό·

173 5305 351 5356 6:21
400 5301 776 5370 μετεϐάλλετο·
825 5306 883 5356 τὸ
923 5304 976 5354 δὲ
1037 5306 1142 5356 τιῖιν
1192 5309 1392 5378 τριχῶν
1463 5310 1626 5377 μέλαν
1693 5311 1769 5374 εἰς

177 5397 518 5463 λευκότητα
553 5394 723 5464 χιόνος
757 5397 1032 5462 ἠμείϐετο.
1074 5396 1233 5461 Eine;
1266 5398 1329 5450 ἂν
1363 5401 1418 5451 ἐν
1451 5403 1645 5468 ἀκαρεί
1674 5402 1767 5459 τας

175 5490 458 5563 μέλανας
498 5484 855 5556 ύπορρεῧσαι,
907 5489 995 5539 καὶ
1027 5491 1121 5550 τὰς
1156 5491 1352 5558 ἑτέρας
1381 5490 1644 5557 ἀναφῦναι
1676 5491 1770 5553 τὰς

173 5581 430 5640 λευκάς.
470 5581 546 5632 Τὰ
596 5582 778 5649 μέντοι
835 5581 1078 5649 πρόϐατα
1132 5585 1334 5635 τίκτειν
1381 5584 1648 5653 ἐῴκεσαν·
1683 5591 1773 5638 καὶ

175 5673 376 5730 πολιὰ
429 5673 525 5740 μὲν
554 5674 644 5724 καὶ
697 5675 805 5734 τοῖς
835 5677 1068 5739 νεογνοῖς
1105 5676 1133 5742 ἡ
1169 5675 1311 5742 θρὶξ,
1350 5676 1406 5725 τὸ
1440 5676 1492 5727 δὲ
1545 5675 1765 5744 πλῆθος,

180 5768 314 5826 καὶ
345 5764 573 5836 ἀριθμὸν
605 5767 697 5818 καὶ
733 5765 890 5818 τόπον
922 5765 1043 5817 ὅσον
1076 5767 1345 5835 ὀφθαλμὸς
1378 5767 1617 5838 ὡρίζετο,
1650 5770 1776 5825 ilus-

1869 4583 2016 4635 dedit
2051 4579 2410 4648 aspiciendam
2468 4578 2646 4644 visio,
2694 4587 2746 4632 et
2794 4594 2956 4647 super
3011 4582 3430 4648 unumquodque

1869 4688 2084 4729 crucem
2131 4671 2409 4726 formatam
2453 4687 2518 4725 ex
2559 4671 2743 4724 eadem
2791 4670 3011 4723 materia
3053 4670 3218 4725 :fons
3250 4681 3429 4726 autem

1868 4765 2084 4834 quidam
2135 4778 2198 4818 ex
2254 4764 2334 4815 his
2389 4762 2712 4825 emanabat,
2766 4763 3110 4831 perspicuum
3162 4766 3428 4831 quoddam

1870 4859 2036 4914 edens
2091 4856 2372 4918 fluentum,
2405 4863 2458 4907 et
2512 4853 2644 4907 adeo
2697 4855 2996 4922 copiosum,
3037 4863 3094 4907 ut
3149 4857 3430 4909 mundaret

1873 4949 2174 5002 universam
2207 4947 2434 5012 subjecti
2481 4946 2654 5013 campi
2687 4945 2895 4999 faciem.
2945 4946 3080 5010 Quin
3108 4947 3267 5000 etiam
3301 4948 3427 5001 mihi

1871 5041 2190 5093 cernebatur
2219 5055 2344 5107 grex
2390 5053 2670 5105 caprarum
2728 5037 3083 5105 respleudens
3125 5039 3178 5091 in
3218 5040 3431 5107 nigrore

1873 5133 2124 5201 pilorum.
2171 5129 2460 5195 Postquam
2515 5139 2696 5181 autem
2751 5142 2945 5196 aquam
2997 5129 3430 5192 transmiserant,

1873 5222 2080 5291 Species
2111 5222 2326 5290 quidem
2362 5220 2438 5272 eis
2474 5221 2779 5273 mutabatur
2826 5220 2878 5272 in
2920 5236 3046 5274 oves
3078 5238 3090 5274 :
3127 5220 3310 5290 nigrbr
3341 5238 3434 5275 au-

1875 5327 1980 5371 tem
2035 5317 2285 5384 pilorum,
2323 5316 2631 5368 mutabatur
2676 5315 2726 5365 in
2775 5314 3009 5368 alhorem
3069 5315 3227 5370 nivis.
3264 5315 3436 5368 Dixis-

1875 5425 1959 5464 ses
2011 5418 2285 5462 momento
2331 5408 2587 5476 temporis
2630 5405 2899 5460 ellluxisse
2939 5408 3139 5475 nigras,
3197 5418 3249 5459 et
3300 5408 3433 5462 alias

1875 5512 2087 5554 exortas
2111 5515 2250 5560 esse,
2290 5479 2482 5567 nempe
2515 5498 2684 5552 albas.
2723 5499 2894 5563 Atque
2919 5515 3046 5552 oves
3067 5499 3281 5567 quidem
3309 5499 3432 5553 visa!

1878 5597 2000 5644 sunt
2033 5602 2222 5657 parere
2255 5608 2266 5640 -.
2305 5599 2355 5640 et
2388 5588 2504 5640 cani
2553 5585 2642 5654 pili
2693 5596 2847 5638 erant
2877 5587 3036 5640 etiam
3073 5603 3261 5642 recens
3296 5588 3436 5641 natis

1881 5681 2115 5738 fustibus.
2147 5679 2431 5734 Multitudo
2461 5688 2637 5731 autem
2690 5679 2978 5745 superabat
3025 5688 3077 5732 et
3125 5691 3430 5742 numerum,

1831 5795 1834 5798 η
1881 5783 1931 5824 et
1967 5771 2158 5829 locum,
2196 5746 2668 5838 quantumcunque
2698 5766 2982 5821 definiebat
3013 5769 3217 5822 oculus.
3252 5766 3322 5820 Ex
3354 5769 3433 5825 his
