4154 6318
156 384 261 451 993

1095 376 1272 437 VlTA
1314 375 1375 434 S.
1413 371 1790 431 GBEGORH
1841 369 2469 429 iI.LUMlN:\TORlS.

3277 373 3381 433 994

221 501 338 552 ΛΖ’.
369 499 406 550 Κ
422 499 476 548 αἱ
507 497 701 559 παῖδας
734 496 786 548 δὲ
824 494 1001 547 αυτῶν
1032 493 1290 562 πρότερον
1319 491 1566 543 ἀπίστων
1596 505 1700 539 πα-

1874 484 2130 538 ΧΧΧῊΙ.
2155 483 2324 538 Porro
2357 495 2533 540 autem
2560 498 2679 536 cum
2698 483 2981 538 nonnullos
3007 499 3220 554 quoque
3249 485 3385 543 ﬁlios

154 587 401 659 pzmét‘ev
437 590 463 640 6
496 587 638 657 ἱερὸς
686 585 1002 654 ι’ρηγόριος,
1040 585 1130 634 καὶ
1177 581 1400 648 ἀγωγῆς
1433 578 1716 647 ἀμείνονος

152 684 246 733 καὶ
279 679 524 740 παιδείας
555 677 966 745 ὲμμελεστέρας
1002 671 1257 738 ἀξιώσας,
1294 673 1384 725 καὶ
1413 669 1506 723 τοῦ
1557 684 1720 720 πνευο

157 770 383 841 ματικοῦ
426 769 539 839 βίου
577 770 789 836 καὶτῆς
840 769 1060 835 χάριτος
1121 764 1403 832 μεταδοὺς,
1447 764 1525 824 εἰς
1558 759 1717 813 τοῦτο

151 865 490 933 τελειότητος
524 864 617 913 καὶ
646 860 853 928 ἀρετῶν
883 858 1114 927 ἢγαγεν,
1149 855 1222 917 ὡς
1259 856 1350 906 καὶ
1403 855 1480 914 είς
1524 852 1717 911 αὐτοὺς

150 956 214 1026 δή
244 971 343 1007 που
393 955 519 1016 τοὺς
557 952 821 1021 μεγάλους
855 949 963 1000 τῶν
1021 948 1333 999 ἐπισκόπων
1387 944 1715 997 ἀναϐιὸἀσαι

154 1045 395 1115 θρόνους,
434 1045 527 1096 καὶ
562 1042 638 1110 τῷ
671 1040 768 1107 μὲν
793 1040 861 1091 τά
893 1039 1040 1108 παρά
1073 1038 1161 1088 τον
1196 1035 1486 1103 Εὐφράτην
1533 1037 1715 1100 ἐγχει-

155 1137 335 1203 ρίσαι·
385 1135 615 1193 Ἀλκῖνος
671 1131 839 1196 ὄνομα
891 1127 978 1198 ἦν,
1011 1128 1086 1194 τῷ
1142 1126 1197 1178 δὲ
1239 1125 1516 1189 (eorum;
1565 1119 1718 1186 οὗτος

152 1228 417 1292 ἐκαλεῖτο)
465 1227 560 1290 τὴν
601 1221 840 1272 Βασινὼν
887 1220 1204 1288 περίχωρον.
1258 1217 1367 1268 Καὶ
1436 1215 1612 1284 τρίτος
1659 1213 1716 1266 δὲ

155 1317 367 1384 ὑπῆρχε
422 1314 648 1375 Βᾶσσος,
678 1313 770 1364 καὶ
805 1312 966 1381 μέχρι
999 1310 1090 1360 τοῦ
1123 1308 1348 1360 δεκάτου
1386 1306 1655 1375 προῆλθεν
1690 1307 1716 1356 6

150 1407 401 1475 ἀρὶθμός.
443 1404 658 1466 Πολλοῖς
722 1405 904 1472 μέντοι
949 1403 1038 1452 καὶ
1068 1399 1245 1460 ἄλλοις
1279 1400 1470 1465 γένους
1530 1396 1718 1464 ἐτέρου

168 1495 507 1564 Ἐκχλησιὼν
538 1495 840 1561 ἐπισκοπὴν
871 1491 1110 1544 ἀνέθετο.
1154 1490 1259 1541 Καὶ
1292 1490 1496 1548 πάντας
1528 1487 1603 1547 είς
1635 1502 1720 1536 τε-

152 1587 476 1655 τρακοσίους
514 1588 571 1637 ἐν
620 1585 809 1654 βραχεῖ
847 1582 925 1651 τῷ
954 1581 1128 1651 χρόνῳ
1176 1577 1432 1646 γενέσθαι
1475 1577 1712 1640 λέγεται.

155 1679 261 1731 Τόν
289 1695 352 1744 γε
388 1678 493 1746 μὴν
536 1677 778 1728 ’Δλκῖνον
797 1676 892 1726 ὅσα
921 1674 1052 1741 πρὸς
1075 1668 1273 1740 ἀρετῆς
1293 1669 1522 1734 ἄσκησιν
1552 1667 1719 1734 ἄκρον

152 1768 303 1828 ὄντα,
329 1769 421 1818 καὶ
453 1766 622 1826 ἄλλως
658 1764 872 1829 ἐπιεικῆ
908 1768 998 1812 καί
1029 1759 1272 1826 μέτριον,
1305 1755 1464 1823 ἡνίκα
1491 1755 1516 1805 6
1544 1756 1714 1820 μέγας

146 1852 298 1916 οὗτος
328 1857 417 1906 ἐπὶ
448 1857 514 1905 τα
548 1852 850 1920 ὑψηλότατα
876 1850 983 1901 τῶν
1006 1845 1339 1915 Ἀρμενικῶν
1369 1843 1508 1912 ὀρῶν
1562 1844 1720 1894 ἁπαί·
1750 1828 1793 1886 Β

151 1961 268 2014 ρειν
289 1943 474 2012 ἔμελλε
492 1947 554 2011 τῇ
576 1944 701 2011 φίλῃ
722 1941 1068 2007 συνεσόμενος
1087 1936 1412 2005 ὲρήμῳ,τοῖς
1434 1931 1716 2000 βασιλείοις

149 2034 312 2084 αὑτὸν
348 2035 411 2101 δὴ
445 2035 531 2085 τὸν
576 2031 816 2084 Ἀλκῐνον
844 2029 1057 2098 ἐφίστη,
1086 2027 1267 2078 ἐκεῖνα
1315 2028 1484 2076 ποιεῖν
1537 2021 1713 2074 ἐντελ-

150 2123 397 2193 λόμενος,
451 2123 598 2194 ἅπερ
652 2123 718 2176 ἂν
769 2126 862 2175 καὶ
910 2120 1070 2180 αὐτὸς
1105 2119 1153 2170 εί
1185 2117 1385 2187 παρῆν,
1420 2115 1510 2168 καί
1541 2132 1621 2166 τοι
1656 2129 1716 2180 γε

150 2217 319 2278 πολὺς
349 2215 414 2286 ἦν
443 2217 498 2268 ὲν
538 2218 603 2286 τῇ
643 2216 878 2282 έκδημίᾳ
916 2215 1054 2282 μετὰ
1086 2211 1182 2264 τοῦ
1217 2212 1468 2278 ποιμνίου
1500 2209 1527 2261 ὁ
1559 2207 1712 2276 βασι-

150 2307 275 2365 )εὺς
311 2306 388 2373 τῷ
416 2305 705 2373 Γρηγορίῳ
773 2304 1178 2371 προσκείμενοι,
1235 2300 1496 2370 μηδαμῶς
1545 2297 1720 2350 αὐτῶν

156 2396 289 2463 μηδὲ
337 2398 396 2447 τὸ
437 2398 607 2465 βραχὺ
645 2395 951 2462 ὀιαστῆναι,
981 2392 1095 2447 ἀλλ’
1122 2392 1274 2444 ἐνίκα
1299 2394 1444 2460 ὅμως
1473 2392 1500 2442 ὁ
1529 2390 1624 2458 τῆς
1662 2390 1722 2456 ἡ·

150 2488 341 2556 συχίας
385 2488 520 2556 ἔρως
553 2487 648 2556 τὴν
697 2485 901 2555 δέησιν,
948 2487 1038 2537 καὶ
1073 2485 1292 2537 ἀπιέναι
1337 2484 1460 2535 ὅσον
1509 2481 1717 2532 οὐδέπω

150 2577 421 2628 ἐϐούλετο.
455 2616 468 2629 .
499 2618 511 2631 .
540 2616 555 2632 .
584 2616 597 2629 .
628 2613 640 2628 .
670 2618 685 2630 .
718 2577 815 2629 σὺν
839 2576 1034 2644 ὀλίγοις
1059 2574 1166 2626 τῶν
1202 2572 1457 2644 μαθητῶν
1492 2571 1716 2640 πέτραις

153 2662 428 2728 ὑπογείοις
468 2663 681 2730 οίκήσει
733 2664 1017 2733 χρήσαιτο,
1069 2662 1161 2713 καὶ
1193 2660 1433 2714 κατιδίαν
1467 2659 1716 2729 ὁμιλήσει

149 2752 229 2819 τῷ
267 2752 604 2820 ποθουμένῳ,
641 2757 774 2821 μηδὲ
821 2755 975 2819 ολίγα
1032 2755 1094 2822 τῇ
1133 2753 1226 2804 τοῦ
1265 2752 1510 2820 σώματος
1561 2751 1719 2817 θερα-

150 2842 283 2910 πεία
350 2843 861 2910 προσκολλώμενος.
921 2844 1116 2910 Ἄρτου
1151 2842 1326 2908 γὰρῆ
1383 2843 1489 2892 τῶν
1542 2841 1716 2894 ἄλλων

149 2933 227 2992 εἰς
267 2932 467 2999 βρῶσιν
500 2934 818 3002 ἐπιτηδείων
847 2933 972 3002 παρ’
998 2933 1124 2995 ὅλας
1155 2934 1557 3002 τεσσαράκοντα
1579 2932 1716 3001 ήμέο

149 3037 251 3090 ρας
284 3023 428 3086 ἅπαξ
460 3023 700 3090 ἐγεύετο.

221 3116 349 3165 ΛΗ¹.
380 3115 632 3176 Βασιλεὺς
657 3114 712 3166 δὲ
737 3112 1039 3181 Τηριὸάτης
1063 3113 1226 3182 ὀλίγῳ
1258 3111 1502 3182 ὕστερον,
1529 3112 1713 3182 ἐπειδὴ

149 3203 228 3271 τῷ
268 3205 568 3273 Γρηγορίου
622 3207 883 3273 χωρισμιρ
917 3204 1132 3270 ἧχθετο,
1183 3207 1273 3252 καὶ
1309 3203 1587 3270 βαρύτατα
1616 3204 1711 3272 τὴν

149 3296 362 3344 ἐκείνου
391 3297 668 3345 διάστασιν
701 3298 791 3345 καὶ
824 3295 920 3362 τὴν
967 3291 1274 3359 ἀποδημίαν
1305 3291 1544 3353 ἐπένθει,
1585 3294 1715 3343 ἁνα-

149 3385 342 3452 μαθων
373 3385 465 3436 δύο
504 3385 693 3446 παῖδας
723 3383 780 3448 ἐξ
808 3384 971 3435 αὑτοῦ
998 3401 1056 3434 τε
1086 3384 1179 3436 καὶ
1201 3385 1457 3450 γυναικὸς
1486 3383 1714 3454 γνησίας

147 3471 241 3530 ἰπὶ
271 3479 367 3548 τῆς
399 3480 604 3530 ἐκείνου
640 3479 882 3544 νεότητος
913 3479 990 3528 ἑτι
1015 3478 1106 3528 καὶ
1131 3475 1311 3543 ἀκμῆς
1341 3475 1712 3542 γεγεννῆσθαι,

144 3566 224 3621 ὢν
258 3570 332 3638 τῷ
361 3571 458 3640 μὲν
503 3570 764 3638 Ὀρθάνης
797 3569 964 3636 ὗνομα
989 3564 1074 3636 ἦν,
1103 3567 1176 3632 τῷ
1201 3566 1436 3632 δευτέρῳ
1459 3565 1513 3614 δὲ
1542 3565 1715 3630 ’Δρω-

149 3669 350 3733 στάνης
384 3668 566 3732 φίλους
603 3664 802 3732 ἀρετῆς
836 3664 998 3730 άμφω
1028 3664 1118 3712 καὶ
1150 3660 1389 3728 φύλακας
1413 3657 1712 3720 εὐσεϐείαςσ

145 3758 285 3808 ἀλλα
309 3758 515 3806 τούτοιν
547 3770 606 3820 γε
640 3757 749 3805 τοῖν
783 3755 924 3805 δυοῖν
970 3754 1177 3804 παίδοιν
1209 3753 1296 3804 τὸν
1333 3753 1431 3821 μὲν
1487 3755 1583 3805 καὶ
1636 3754 1716 3813 είς

148 3844 525 3914 πρεσϐυτέρου
546 3845 909 3910 καταλεγῆναι
931 3841 1158 3912 βαθμὸν,
1192 3843 1488 3913 (Ὀρθανης
1517 3836 1666 3902 οὗτος
1692 3843 1717 3892 ὁ

149 3937 418 4005 πρότερος
449 3931 563 4006 ἧν,)
622 3937 965 4005 ’Λρωστάνην
996 3935 1049 3985 δὲ
1079 3935 1166 3984 τὸν
1197 3934 1456 4001 έρημικον
1491 3930 1601 3999 βίον
1627 3932 1718 3983 καὶ

145 4029 513 4094 ἀκοινώνητον
536 4029 593 4090 ἐξ
617 4027 778 4078 αὑτοῦ
804 4029 1069 4094 γάλακτος
1099 4024 1175 4073 ἔτι
1195 4021 1388 4091 κομιδῆ
1413 4023 1575 4074 παῖδα
1606 4023 1720 4074 ἑλέ-

148 4118 295 4173 σθαι.
331 4119 679 4186 Μονοχίτωνά
701 4133 757 4169 τε
780 4120 887 4184 γάρ
914 4119 1002 4166 ἐπὶ
1035 4115 1130 4183 τῆς
1165 4114 1395 4182 ἐρημίας
1429 4113 1721 4183 διατρίϐειν

145 4210 368 4276 ἐλέγετο
409 4212 570 4276 ψύχει
621 4210 710 4258 καὶ
754 4209 944 4258 θάλπει
997 4206 1312 4267 παλαίοντα,
1366 4207 1456 4255 καὶ
1517 4205 1722 4271 λάχανα

152 4304 422 4353 σιτεῖσθαι
452 4305 607 4370 μονα,
636 4293 944 4368 παννύχυυς
963 4297 1020 4350 δὲ
1047 4298 1264 4359 στάσεις
1291 4298 1382 4348 καὶ
1412 4297 1719 4364 ἀγρυπνίας

148 4393 244 4443 καὶ
273 4393 644 4462 μεθημερινὰς
670 4392 999 4460 προσευχάς,
1028 4391 1120 4441 καὶ
1144 4386 1371 4455 Γραςῶν
1424 4386 1580 4437 θείων
1605 4388 1723 4452 ὀμι-

1820 577 2050 637 ίΙΙυι-ιιιιι,
2123 577 2212 644 qui
2270 578 2415 644 prius
2484 585 2639 629 erant
2694 575 2954 636 inﬁdeles,
3012 585 3387 633 sacrosanctus

1827 668 2209 737 assuinpsisset
2236 667 2547 737 Gregorius,
2591 667 2892 737 meliusque
2920 668 3230 722 educandos
3276 686 3372 723 cua

1819 769 1987 814 rasset
2040 770 2092 813 et
2119 761 2468 821 erudiendos,
2503 761 2718 830 vitaque
2751 761 2977 829 spiritali
3006 771 3059 815 et
3084 763 3251 831 gratia
3285 778 3381 816 eos

1819 851 2190 920 impertiisset,
2252 866 2315 903 eo
2369 851 2723 919 perfectionis
2789 853 3012 905 deduxit
3071 861 3124 905 et
3151 854 3384 917 virtutis,

1819 951 1879 994 ιιι
1908 943 2067 995 etiam
2130 943 2181 994 in
2242 942 2382 1009 ipsas
2441 958 2661 1009 magnas
2687 945 3064 1011 episcoriorum
3098 945 3256 998 sedes
3289 960 3381 998 eos

1819 1034 2119 1100 provexerit
2150 1051 2164 1088 :
2195 1043 2245 1086 et
2273 1033 2360 1085 uni
2390 1034 2604 1102 quidem
2630 1049 2744 1086 eam
2775 1035 3054 1088 tradiderit
3083 1037 3383 1103 regionem,

1817 1139 1937 1191 qua:
1973 1133 2056 1178 est
2104 1125 2168 1177 ad
2222 1123 2552 1193 Euphratem
2620 1141 2633 1177 :
2686 1124 2733 1176 ei
2786 1135 2966 1177 autem
3030 1141 3231 1180 nomen
3273 1135 3390 1179 erat

1817 1214 2038 1267 Alcinus
2072 1233 2082 1265 :
2118 1215 2271 1266 alteri
2304 1231 2430 1268 vero
2453 1214 2772 1283 (vocabatur
2816 1216 2858 1268 is
2887 1215 3190 1285 Eutlialius)
3243 1216 3388 1268 Basi-

1817 1317 2032 1364 norum,
2086 1317 2206 1369 quae
2277 1312 2362 1356 est
2418 1303 2792 1366 circumcirca,
2852 1304 3152 1372 regionem.
3218 1302 3386 1357 Porro

1820 1401 1999 1446 autem
2026 1392 2219 1445 tertius
2253 1407 2467 1460 quoque
2524 1393 2626 1447 fuit
2653 1393 2848 1448 Bassus
2880 1411 2892 1446 :
2946 1396 3084 1447 etad
3114 1395 3383 1448 decimum

1821 1496 1989 1549 usque
2022 1481 2284 1549 processit
2315 1495 2604 1535 numerus.
2631 1481 2748 1535 Jam
2799 1497 2928 1536 vero
2961 1483 3142 1537 multis
3175 1499 3390 1553 quoque

1820 1572 1942 1624 aliis
1968 1572 2191 1625 alterius
2223 1572 2455 1642 generis,
2489 1572 2850 1626 Ecclesiarum
2881 1574 3155 1627 mandavit
3179 1575 3390 1643 episco-

1820 1673 1995 1731 patus.
2044 1663 2415 1733 Dicunturque
2479 1664 2625 1719 brevi
2683 1675 2927 1735 tempore
2992 1664 3160 1720 fuisse
3194 1680 3385 1721 omnes

1821 1755 2220 1825 quadringenti.
2275 1757 2521 1810 Alcinum
2575 1766 2779 1820 autem,
2839 1758 2928 1826 qui
2962 1768 3281 1826 pervenerat
3318 1759 3384 1812 ad

1823 1858 2090 1899 summam
2132 1844 2346 1898 virtutis
2395 1845 2863 1905 exercitationem.
2923 1855 2975 1898 et
3009 1855 3126 1898 erat
3185 1846 3386 1915 alioqui

1823 1932 1968 1986 mitis
2001 1922 2053 1985 et
2084 1934 2413 1998 moderatus,
2450 1937 2665 2000 quando
2703 1951 2928 2003 magnus
2965 1936 3051 1990 hic
3098 1936 3391 2006 Gregorius

1823 2025 2017 2078 eratad
2045 2025 2337 2080 altissimos
2356 2037 2567 2084 montes
2591 2029 2860 2081 Armenia:
2877 2029 3235 2094 profecturus.
3259 2038 3317 2081 ut
3337 2029 3389 2080 in

1822 2114 1983 2168 chara
2013 2116 2232 2186 degeret
2271 2118 2582 2179 solitudine,
2635 2117 2836 2185 ipsum,
2865 2120 3106 2187 inquam.
3141 2107 3398 2174 Alcinum

1814 2206 2041 2281 praeficit
2063 2209 2241 2276 regiae,
2262 2207 2460 2275 jubens
2486 2219 2540 2263 ut
2564 2211 2648 2263 illa
2671 2209 2889 2270 faceret.
2915 2227 3034 2279 quae
3055 2212 3189 2280 ipse,
3215 2213 3258 2264 si
3279 2211 3373 2264 ad-

1821 2311 1982 2353 CSSCI.
2004 2283 2319 2368 Quanquam
2346 2315 2471 2352 νει-ο
2489 2300 2615 2354 dum
2637 2310 2780 2354 esset
2796 2317 3123 2361 I’BCCSSUI‘US,
3145 2316 3234 2354 rex
3258 2316 3378 2354 cum

1821 2403 1978 2458 grege
2006 2405 2034 2442 a
2053 2389 2312 2461 Gregorio
2335 2394 2686 2444 vehementer
2709 2393 3006 2456 contendit,
3030 2401 3081 2445 ul
3107 2392 3176 2446 ab
3191 2394 3269 2448 eis
3294 2408 3390 2446 ne—

1816 2490 2084 2544 quaquam
2108 2481 2447 2537 discederet:
2475 2483 2599 2536 vicit
2624 2493 2803 2537 tamen
2823 2499 3012 2536 eorum
3040 2498 3226 2552 preces
3241 2499 3393 2538 arnor

1815 2568 2012 2637 quietis
2035 2578 2089 2623 et
2110 2571 2306 2624 silentii
2343 2581 2437 2625 :et
2482 2588 2602 2625 mox
2626 2589 2691 2627 eo
2726 2575 2890 2626 voluit
2914 2574 3083 2637 abire,
3128 2575 3215 2628 ubi
3267 2591 3390 2630 cum

1816 2660 2004 2729 paucis
2034 2659 2312 2729 discipulis
2337 2661 2386 2713 in
2413 2667 2581 2730 petris
2609 2664 2980 2717 subterraneis
3014 2675 3257 2718 uteretur
3291 2667 3392 2719 lia-

1819 2750 2098 2814 bitatione,
2121 2761 2176 2806 et
2208 2767 2328 2805 cum
2354 2767 2438 2817 eo,
2468 2768 2626 2823 quem
2651 2755 3013 2812 desiderabat.
3034 2771 3275 2812 seorsum
3297 2758 3396 2810 ha-

1817 2841 1970 2896 beret
1999 2845 2470 2908 consuetudinem,
2513 2855 2580 2900 n’e
2613 2847 2893 2900 minimum
2943 2848 3158 2915 quidem
3193 2865 3389 2904 vacans

1817 2935 2057 2986 curando
2106 2937 2344 3003 corpori.
2398 2937 2597 2990 Panem
2657 2939 2802 2990 enim
2843 2936 3061 2991 autalia
3092 2940 3390 3004 esculenta,

1818 3024 2228 3095 quadragesimo
2285 3042 2498 3096 quoque
2536 3029 2623 3082 die
2654 3031 2818 3083 semel
2849 3031 3120 3099 gustabat.

1888 3119 2170 3175 XXXVIII.
2195 3122 2304 3176 Rex
2321 3134 2499 3177 autem
2519 3123 2798 3180 Teridates
2819 3127 2976 3194 paulo
2999 3129 3244 3197 post,qui
3264 3127 3393 3183 Gre-

1815 3213 1946 3280 gorii
1971 3227 2110 3281 aegre
2128 3213 2763 3282 ferebatseparatiouem,
2805 3217 3054 3285 illiusque
3072 3219 3394 3286 disjunctio—

1814 3316 1938 3356 nem
1956 3312 2010 3355 et
2028 3302 2327 3356 absentiam
2348 3305 2916 3374 lugebatgravissilne,
2936 3322 3055 3358 cum
3081 3309 3392 3363 rescivisset

1814 3392 1951 3447 duos
1979 3392 2115 3448 ﬁlios
2145 3410 2208 3447 ex
2246 3393 2363 3463 ipso
2390 3405 2444 3448 et
2469 3395 2704 3466 legitima
2735 3398 2961 3467 conjuge
2987 3398 3038 3451 in
3081 3398 3207 3452 ﬂore
3235 3401 3384 3455 illius

1812 3483 2118 3552 iuventutis
2142 3499 2262 3539 esse
2291 3495 2472 3546 natos,
2517 3501 2747 3554 quorum
2786 3488 2874 3538 uni
2912 3487 3130 3554 quidem
3190 3503 3387 3543 nomen

1816 3584 1929 3626 erat
1982 3575 2232 3636 Orthaes,
2292 3579 2529 3630 secundo
2565 3586 2745 3628 autem
2796 3578 3091 3633 Arostanes
3119 3618 3132 3642 ,
3173 3583 3391 3635 ambos

1817 3665 2018 3719 amicos
2047 3675 2100 3720 et
2155 3667 2408 3721 custodes
2475 3667 2733 3735 pietatis:
2782 3667 2875 3721 sed
2924 3683 2987 3719 ex
3035 3669 3117 3720 liis
3153 3671 3374 3737 quidem

1817 3757 2028 3812 duobus
2065 3758 2186 3810 filiis
2243 3759 2471 3809 alterum
2511 3758 2675 3810 fuisse
2735 3759 2963 3810 relatum
3003 3758 3052 3810 in
3094 3774 3384 3814 numerum

1819 3848 2014 3916 gradus
2045 3848 2448 3916 presbyteratus
2484 3847 2631 3916 (Erat
2664 3857 2840 3901 autem
2888 3851 2930 3902 is
2972 3850 3238 3904 Orthanes
3276 3868 3391 3905 ma-

1816 3938 1902 4008 jor
1935 3939 2109 4006 natu),
2133 3939 2453 3992 Arostanetn
2487 3931 2860 3992 autem'vitam
2887 3940 3202 4003 solitariam,
3227 3952 3278 3993 et
3305 3942 3391 3996 cui

1820 4043 1939 4081 cum
1973 4027 2118 4082 nullo
2148 4029 2432 4082 intercedit
2479 4028 2814 4097 congressio,
2857 4030 2923 4082 ab
2991 4029 3108 4098 ipso
3156 4028 3295 4084 lacte
3336 4040 3393 4086 et

1820 4118 1994 4172 adhuc
2027 4120 2189 4187 plane
2229 4118 2489 4172 infantem
2515 4119 2742 4189 elegisse
2777 4138 2790 4172 :
2851 4136 2976 4174 nam
3010 4131 3064 4174 ct
3106 4123 3266 4175 unica
3309 4123 3393 4176 in-

1822 4208 1987 4264 dutus
2048 4211 2250 4275 tunica,
2303 4211 2589 4265 dicebatur
2648 4211 2856 4264 versari
2934 4211 2990 4263 in
3063 4212 3389 4278 solitudine,

1821 4319 1944 4356 cum
1976 4303 2154 4373 algore
2183 4311 2238 4356 et
2269 4303 2448 4356 calore
2499 4302 2806 4364 decertans,
2835 4309 2892 4355 et
2921 4302 3049 4358 solis
3089 4307 3232 4358 vesci
3277 4306 3391 4358 ole-

1824 4395 2296 4458 ribus,noeturnas
2319 4403 2499 4447 autem
2537 4395 2800 4447 stationes
2827 4406 2880 4447 et
2916 4394 3124 4463 vigilias
3155 4405 3208 4448 et
3240 4396 3387 4448 diur-

147 4483 295 4548 λίαν,
331 4487 394 4536 ἐκ
425 4485 610 4545 παιδὸς
646 4481 934 4535 καὶταῦτα
964 4479 1041 4547 τῷ
1086 4477 1400 4547 Ἀρωστάνῃ
1441 4478 1708 4545 συνηυξή-

1821 4501 1918 4539 nas
1957 4487 2314 4554 precationes,
2341 4493 2397 4537 et
2428 4498 2550 4537 cum
2606 4484 2803 4534 divinis
2866 4481 3164 4549 Scripturis
3233 4483 3391 4534 fami-

151 4574 306 4628 σθαι.
346 4573 551 4627 Μαθὼν
587 4569 678 4625 οὖν
736 4571 909 4623 ταῦτα
941 4573 967 4622 ὁ
999 4569 1273 4638 βασιλεὺς,
1302 4567 1489 4636 ἐπειδὴ
1519 4570 1717 4636 ἀρετὴν

140 4684 203 4720 τε
242 4669 347 4738 ήδη
381 4670 474 4718 καί
513 4661 664 4726 οὗτος
715 4657 902 4735 ἔτίμα,
957 4661 1290 4732 μεταμέλειά
1319 4676 1377 4710 τε
1433 4664 1597 4710 αυτὸν
1629 4661 1719 4708 ἐπὶ

142 4764 259 4822 τοῖς
301 4759 586 4829 προτέροις
646 4760 833 4819 κακοῖς
866 4753 997 4825 εἶχε,
1032 4756 1124 4805 καί
1156 4752 1313 4821 ergo;
1351 4749 1417 4823 ἦν
1458 4751 1720 4816 ἀπονίψαι

145 4854 275 4906 σθαι
312 4852 478 4903 ταῦτα
509 4853 619 4911 τοῖς
671 4850 1000 4909 τελευταίοις
1045 4846 1518 4915 φιλοτιμούμενος,
1569 4844 1717 4911 τρεῖς

148 4945 261 4999 τῶν
317 4942 730 5011 ἐπισημοτάτων
778 4940 975 5006 ἄνδρας
1033 4943 1171 4989 κατα
1208 4937 1434 5004 ζήτησιν
1484 4934 1590 4985 τῶν
1623 4933 1715 4983 τοῦ

144 5035 457 5108 Γρηγορίου
488 5032 691 5085 παίδων
716 5029 847 5099 πρὸς
879 5031 1214 5097 Καισάρειαν
1239 5028 1579 5093 ἀποπέμπει.
1610 5025 1718 5075 [law

141 5129 503 5201 ραγενόμενοι
526 5125 701 5177 τοίνυν
728 5117 891 5182 οὗτοι,
923 5122 1139 5191 ltissim
1165 5118 1262 5185 μὲν
1293 5116 1716 5180 ἐκκλησιάζοντα

138 5220 567 5280 καταλαϐόντες,
598 5219 685 5270 τὸν
719 5217 773 5268 δὲ
800 5212 900 5267 ἀνα
921 5213 1016 5282 τὴν
1040 5214 1270 5280 ἐρημίαν
1305 5205 1713 5277 φιλοσοφοῦντα,

143 5315 308 5384 μόλις
359 5312 451 5364 καὶ
502 5312 598 5360 σὺν
651 5309 834 5377 μόχθῳ
891 5306 979 5356 τὸν
1046 5305 1389 5372 Ἀρωστάνην
1429 5300 1713 5359 πείσαντες

137 5409 342 5472 ἁγουσι
367 5402 516 5473 παρὰ
549 5400 638 5450 τὸν
669 5399 910 5466 βασιλέα.
951 5393 1008 5446 ὐ
1037 5395 1112 5457 δὲ,
1145 5396 1473 5461 χαριέστατα
1494 5388 1715 5449 τούτους

134 5500 238 5553 καὶ
266 5497 363 5548 σὺν
419 5493 578 5565 ἡδονῇ
637 5491 1070 5558 ἀποδεξάμενος,
1102 5486 1385 5551 ἐκλιπαρεί
1439 5484 1528 5533 τον
1571 5478 1712 5547 ἱερὸν

131 5590 445 5659 Γρηγόριον
483 5587 620 5656 μετὰ
665 5583 757 5633 τοῦ
794 5580 1052 5649 πΑηθους,
1102 5576 1351 5644 καθάπερ
1381 5575 1499 5625 τινα
1531 5572 1712 5622 εἰκόνα

131 5703 232 5738 και
261 5681 573 5750 ἀρχέτυπον
605 5674 821 5737 ἑαυτοῦ,
846 5677 934 5725 τὸν
989 5673 1333 5740 ’Λρωστανην
1362 5667 1583 5726 τούτους
1615 5681 1712 5714 κα-

129 5784 412 5842 ταλιπεῖν,
461 5779 559 5830 καὶ
592 5773 923 5828 ἀναϐιϐάσαι
955 5786 1012 5820 τε
1047 5769 1210 5819 αὑτὸν
1249 5767 1339 5817 ἐπὶ
1371 5762 1459 5815 τὸν
1498 5759 1707 5828 θρόνον,

1821 4578 2106 4632 liaritatem
2138 4578 2205 4630 ab
2237 4579 2454 4628 inuente
2483 4583 2639 4627 :etate
2667 4575 2715 4627 ei
2744 4573 3038 4627 coaluisse.
3074 4570 3209 4626 Cum
3249 4573 3387 4635 haec,

1820 4669 2062 4738 inquam,
2092 4684 2183 4721 rex
2209 4667 2535 4730 rescivisset,
2563 4665 2819 4735 quoniam
2849 4667 2892 4719 is
2915 4665 3024 4734 jam
3050 4674 3104 4718 et
3132 4666 3388 4719 virtutem

1821 4762 2053 4815 habebat
2083 4761 2136 4812 in
2169 4761 2393 4822 honore,
2432 4770 2484 4812 ct
2525 4759 2762 4826 priorum
2795 4757 3058 4811 malorum
3085 4756 3388 4808 ducebatur

1818 4853 2166 4922 poenitentia,
2220 4859 2480 4919 etaperte
2534 4851 2858 4906 ostendebat
2909 4863 2967 4903 se
3025 4849 3386 4912 contendere,

1819 4952 1878 4996 ut
1919 4945 2093 5012 prima
2123 4941 2326 4995 ultimis
2355 4940 2510 4993 factis
2561 4940 2787 5003 clueret,
2840 4949 2947 4992 tres
2975 4939 3121 4992 viros
3153 4939 3389 4994 maxime

1817 5035 2055 5104 insignes
2119 5034 2281 5087 mittit
2354 5033 2661 5086 Caesaream
2726 5033 2793 5086 ad
2849 5033 3172 5100 quierendos
3243 5033 3382 5084 tilios

1816 5126 2080 5195 Gregorii.
2110 5125 2243 5180 Cum
2298 5124 2332 5175 ii
2378 5139 2510 5194 ergo
2561 5125 2796 5193 proiecti
2845 5132 3050 5186 essent,
3081 5132 3133 5175 et
3160 5122 3387 5176 altertun

1818 5222 2037 5287 quidem
2079 5217 2412 5271 invenissent
2456 5220 2894 5281 concionantem,
2933 5215 3163 5269 alterum
3197 5225 3378 5268 autem

1819 5311 2291 5383 philosophantem
2314 5308 2365 5361 in
2397 5308 2708 5372 solitudine,
2761 5322 2882 5358 cum
2933 5305 3021 5358 vix
3051 5314 3239 5358 etnon
3267 5304 3387 5357 sine

1819 5413 2011 5468 magno
2041 5401 2220 5450 labore
2273 5398 2670 5466 persuasissent
2712 5394 2988 5460 Arostani,
3030 5409 3123 5447 eos
3179 5395 3388 5446 ducunt

1815 5495 1878 5546 ad
1911 5507 2113 5560 regem.
2175 5492 2264 5544 Ille
2313 5499 2492 5541 autem
2523 5503 2642 5541 cum
2693 5501 2787 5539 eos
2842 5486 3146 5555 gratissime
3174 5492 3383 5538 etcum

1817 5585 2089 5651 voluptate
2144 5583 2486 5651 accepisset,
2546 5587 2951 5632 sacrosanctum
3009 5590 3106 5644 per
3167 5579 3389 5628 nuntios

1816 5677 2063 5729 obsecrat
2087 5674 2398 5743 Gregorium
2436 5671 2596 5725 simul
2655 5687 2777 5727 cum
2840 5669 3056 5739 populo,
3088 5678 3144 5721 ut
3181 5666 3260 5719 sui
3300 5681 3390 5720 vc-

1815 5764 1910 5818 luti
1958 5765 2241 5834 quamdam
2288 5762 2576 5834 imaginem
2615 5772 2670 5818 et
2700 5757 2974 5831 exemplar
3006 5758 3388 5828 archetypum,
