4178 6316
761 365 868 430 995

1966 357 2242 417 MENSIS
2283 354 2570 415 SEPTEM
2587 352 2751 410 BER.

3896 340 3997 403 996

761 483 1074 533 Arostanem
1108 476 1186 527 eis
1219 474 1567 540 relinqueret,
1611 480 1661 525 et
1692 487 1812 527 eum
1850 471 1900 522 in
1959 473 2141 525 sedem
2206 486 2325 537 pro-

2454 469 2520 520 ιαὶ
2554 468 2726 533 eoo-np
2752 464 2846 532 τὴν
2875 462 3264 530 ἀρχιερατικὴν
3284 459 3457 530 ἀρχὴν
3489 454 3817 527 ἐγχειρίσαι.
3865 452 3923 505 ’0
3944 453 3995 503 δὲ

764 569 1006 623 veheret.
1061 575 1113 617 et
1170 564 1215 615 ei
1273 562 1637 629 pontiﬁcalem
1707 562 1941 614 traderet
2005 564 2322 613 rectionem.

763 661 855 715 llle
905 667 1084 710 autem
1144 670 1248 706 non
1298 654 1486 707 leviter
1544 664 1600 706 et
1626 664 1826 705 tenuere
1886 652 1987 705 hoe.
2038 651 2161 704 facit
2196 650 2326 702 :sed

764 751 1021 820 quoniam
1080 747 1283 801 sciebat
1341 760 1558 798 onmem
1626 744 1878 796 virtutem
1936 743 2241 809 plantatam_
2275 741 2326 793 in

768 842 944 895 anima
976 840 1140 899 illius,
1168 838 1276 892 cito
1305 851 1487 889 sacras
1516 835 1589 888 illi
1644 849 1836 886 manus
1890 834 2137 902 imponit.
2166 830 2328 885 Cum-

766 949 871 1003 que
900 948 1025 985 eum
1078 936 1453 983 consecrasset
1482 968 1497 991 ,
1550 934 1601 979 et
1632 925 1935 978 universam
1970 921 2330 976 circumcirca

767 1026 1042 1094 regionem
1073 1035 1195 1074 cum
1227 1034 1292 1073 eo
1324 1019 1602 1079 obivisset,
1640 1024 1693 1069 et
1733 1015 1899 1068 verbo
1931 1013 2053 1065 ﬁdei
2081 1028 2175 1064 eos
2220 1025 2333 1065 am-

768 1116 908 1184 plius
934 1112 1327 1173 conﬁrmasset,
1360 1112 1410 1160 in
1453 1123 1595 1170 eam,
1629 1121 1790 1174 quam
1839 1106 1950 1174 jam
1998 1102 2125 1156 olim
2154 1112 2332 1169 partu—

770 1207 955 1265 rierat,
995 1202 1289 1256 revertitur
1314 1199 1687 1253 solitudinem.

842 1294 1077 1349 XXXIX.
1120 1295 1251 1362 Ejus
1285 1300 1464 1344 autem
1516 1299 1755 1355 tempore
1790 1284 2178 1340 Constantinus
2201 1296 2335 1349 quo-

768 1404 871 1457 que
896 1384 1197 1441 Constantii
1232 1384 1395 1445 tilius,
1436 1380 1778 1434 renuntiatur
1806 1378 2104 1445 imperator
2138 1374 2337 1427 Roma-

772 1495 965 1532 normn
998 1493 1011 1529 :
1044 1476 1132 1542 qui
1166 1474 1288 1527 cum
1319 1472 1513 1524 virtute
1544 1472 1744 1537 erucis,
1764 1478 1817 1523 et
1846 1470 1897 1522 in
1923 1467 2198 1521 Christum
2226 1466 2338 1535 pie-

771 1579 879 1624 tate
904 1580 1157 1638 tyrannos
1178 1566 1483 1635 dejecisset,
1520 1564 1632 1633 ipse
1655 1563 1802 1619 solus
1824 1560 2033 1615 obtinet
2054 1558 2336 1627 imperium

776 1662 1163 1715 Romanorum.
1194 1659 1328 1712 Eum
1363 1658 1504 1710 inter
1530 1656 1883 1723 imperatores
1916 1651 2139 1703 dixerim
2176 1650 2337 1701 etiam

769 1754 971 1808 Christi
1018 1750 1362 1820 discipulum.
1418 1758 1473 1802 et
1506 1748 1679 1816 ipsius
1726 1757 2029 1813 praeconem
2095 1743 2334 1811 pietatis,

774 1855 836 1899 ut
867 1844 957 1912 qui
990 1841 1318 1897 exsecranda
1348 1840 1654 1893 daemonum
1691 1835 1888 1898 templa
1943 1841 1997 1886 et
2042 1832 2228 1885 altaria
2257 1832 2339 1883 di-

775 1938 978 1990 ruerit:
1017 1945 1072 1989 et
1096 1947 1277 1988 sacras
1324 1930 1467 1985 mdes
1523 1928 1631 1983 Deo
1685 1925 2037 1987 exstruxerit,
2067 1934 2123 1978 et
2155 1938 2339 1992 puram

776 2026 830 2078 in
863 2025 1136 2079 Christum
1172 2022 1594 2085 confessionem,
1619 2030 1671 2075 et
1693 2030 1901 2074 rectum
1927 2020 2117 2088 dogma
2146 2018 2343 2072 litteris

781 2118 940 2186 regiis
967 2126 1023 2170 et
1058 2115 1268 2179 edictis,
1305 2117 1598 2177 universze,
1641 2128 1759 2181 quze
1804 2114 1921 2181 ejus
1968 2111 2160 2164 ditioni
2195 2125 2345 2178 parc-

780 2210 889 2273 liat,
946 2209 1153 2278 regioni
1214 2208 1568 2275 exposuerit:
1619 2214 1674 2258 et
1727 2219 1823 2270 pro
1879 2204 2075 2270 pietate
2136 2213 2344 2254 tantum

774 2300 1013 2353 studium
1043 2305 1304 2365 posuerit,
1333 2292 1392 2349 ut
1434 2304 1707 2350 trecentos
1756 2295 1944 2346 decem
1972 2302 2026 2343 et
2059 2300 2183 2344 octo
2240 2291 2343 2343 Pa-

775 2407 887 2451 tres
919 2395 1321 2451 convoeaverit.
1349 2400 1405 2446 et
1449 2407 1662 2445 sacrum
1709 2388 1839 2443 illud
1894 2386 2184 2441 concilium
2219 2401 2349 2440 con-

774 2488 1099 2557 gregaverit,
1137 2494 1274 2539 utet
1300 2501 1430 2554 quae
1459 2491 1643 2537 exorta
1677 2490 1832 2535 erant
1891 2479 2099 2532 zizania
2131 2479 2347 2532 exscin-

774 2581 948 2643 deret,
984 2589 1039 2632 et
1070 2593 1099 2630 a
1134 2577 1407 2631 frumento
1443 2585 1603 2629 recta:
1635 2574 1752 2626 ﬁdei
1793 2580 2125 2642 segregaret.
2178 2570 2348 2622 Erant

776 2680 958 2725 autem
1013 2670 1089 2734 hi,
1146 2668 1559 2730 Constantinus,
1620 2670 1860 2734 inquam,
1925 2676 1979 2717 et
2034 2662 2343 2725 Ter-idates,

777 2774 1037 2830 tanquam
1070 2760 1265 2814 lueidae
1302 2759 1490 2823 stellae,
1518 2759 1655 2812 alter
1705 2756 1920 2824 quidem
1975 2753 2345 2813 Occidentem,

778 2853 1167 2906 Constantinus
1191 2852 1417 2907 scilicet.
1442 2850 1576 2902 alter
1604 2858 1785 2903 autem
1808 2848 2087 2899 Orientem
2112 2845 2349 2898 lustran-

784 2952 887 3005 tes.
909 2943 1246 3009 honesteque
1274 2950 1328 2993 et
1360 2940 1597 2992 suaviter
1623 2937 2043 3004 resplendentes.
2071 2934 2349 2989 Evaserat—

781 3052 887 3103 que
924 3034 1203 3086 Teridates
1258 3033 1368 3099 jam
1418 3030 1471 3083 in
1531 3029 1730 3098 pietate
1774 3027 2234 3087 ferventissimus,
2292 3036 2348 3079 et

780 3124 1150 3195 nullijejuniis
1179 3124 1376 3176 cedens
1405 3130 1459 3175 et
1485 3123 1754 3182 oratione,
1803 3134 1871 3172 ne
1913 3118 2199 3171 monachis
2227 3116 2351 3185 qui-

782 3216 928 3280 dem,
960 3215 1134 3282 quise
1165 3214 1217 3265 in
1249 3213 1330 3266 his
1357 3219 1620 3265 exercent
1653 3212 1707 3263 in
1756 3208 2125 3261 monasteriis.
2164 3209 2220 3261 In
2250 3206 2347 3259 hac

782 3321 916 3375 ergo
946 3319 1096 3359 sacra
1132 3302 1355 3375 synodo,
1388 3310 1443 3357 ct
1472 3301 1607 3355 alter
1636 3302 1867 3354 alterum
1892 3299 2149 3369 juverunt
2174 3313 2352 3369 reges,

783 3408 985 3453 etcum
1047 3394 1154 3449 alio
1206 3395 1416 3448 honore
1451 3407 1511 3447 se
1556 3392 1789 3445 invicem
1851 3390 2172 3453 allecerunt,
2240 3400 2353 3442 tum

785 3492 948 3542 etiam
1008 3503 1102 3554 per
1152 3486 1359 3538 litteras
1429 3484 1675 3537 eollaatati
1731 3490 1859 3535 sunt
1893 3480 2178 3533 sententiae
2210 3494 2353 3532 com-

788 3577 1048 3632 munione
1073 3576 1125 3628 in
1154 3589 1277 3629 vera
1310 3576 1533 3643 pietate.
1552 3570 1722 3625 Porro
1742 3580 1921 3624 autem
1946 3568 2176 3624 accessit
2194 3569 2355 3624 etiam

788 3670 1058 3723 Armeniae
1086 3667 1375 3737 epist-Opus
1401 3668 1713 3725 Arostanes,
1747 3680 1869 3719 eum
1898 3665 2191 3731 imperator
2217 3663 2357 3717 Con-

786 3760 1061 3814 stantinus
1104 3773 1227 3811 eum
1287 3756 1629 3817 accersisset,
1699 3754 1791 3823 qui
1845 3755 1958 3822 ipse
2011 3768 2233 3822 quoque
2255 3754 2359 3809 fuit

788 3865 916 3921 pars
945 3850 1086 3905 sacri
1140 3859 1339 3903 cretus.
1374 3847 1440 3902 Et
1477 3861 1600 3901 cum
1635 3862 1755 3915 quae
1783 3846 2057 3902 communi
2093 3847 2359 3898 sententia

789 3943 1001 3996 fuerant
1030 3942 1252 4010 scripta,
1307 3942 1558 4009 dogmata
1613 3938 1938 4005 accepisset.
1987 3950 2237 3990 reversus
2268 3944 2352 3988 est

788 4033 844 4086 in
874 4047 1025 4086 suam
1075 4033 1373 4090 civitatem.
1425 4030 1825 4100 jucundissime
1894 4038 1950 4081 et
1997 4026 2361 4081 libentissime

789 4125 941 4179 visus
979 4139 1008 4176 a
1067 4122 1182 4176 suis
1233 4131 1355 4189 post
1406 4119 1898 4190 peregrinationem
1940 4133 1953 4169 :
2014 4115 2361 4185 religiosissi-

794 4228 1050 4282 mumque
1077 4228 1255 4282 regem
1296 4210 1630 4271 Teridatem,
1653 4216 1708 4260 et
1735 4221 1951 4260 omnem
1977 4206 2359 4259 Armeniorum

794 4309 1072 4378 regionem
1100 4307 1299 4377 gaudio
1333 4304 1574 4373 implevit
1633 4309 1853 4372 propter
1888 4299 2200 4367 dogmatum
2231 4314 2364 4353 con-

796 4400 1125 4455 sensionem.
1157 4398 1287 4462 Quae
1333 4400 1495 4452 etiam
1557 4395 1716 4463 longo
1780 4403 2024 4461 tempore
2050 4391 2127 4444 sic
2153 4404 2367 4443 manse-

799 4498 949 4550 runt,
980 4502 1194 4557 semper
1225 4487 1426 4556 pietate
1479 4487 1533 4539 in
1592 4485 1791 4554 pepulo
1823 4490 2126 4541 crescente,
2176 4489 2231 4532 et
2271 4495 2366 4547 per

795 4580 981 4633 omnia
1024 4580 1133 4632 Deo
1159 4579 1305 4648 pacis
1327 4577 1643 4648 gloriﬁcato,
1667 4577 1719 4628 in
1736 4575 1952 4630 Christo
1978 4573 2103 4627 Jesu
2141 4572 2366 4626 Domino

803 4679 988 4723 nostro
1022 4686 1035 4721 :
1068 4683 1191 4721 cum
1222 4684 1329 4736 quo
1367 4667 1508 4721 Patri
1543 4665 1705 4721 simul
1758 4678 1883 4718 cum
1942 4673 2132 4716 sancto
2161 4661 2371 4731 Spiritu

804 4762 993 4829 gloria,
1025 4760 1290 4830 potentia,
1331 4767 1388 4813 et
1428 4760 1601 4814 honor
1626 4771 1793 4821 nunc,
1822 4764 1878 4808 et
1940 4753 1992 4805 in
2051 4753 2246 4805 saecula
2274 4767 2375 4806 sa:-

808 4853 1076 4906 culorum.
1114 4852 1304 4906 Amen.

2435 559 2495 609 οὐ
2534 558 2819 625 παρέργως
2861 553 3018 604 τοῦτο
3049 554 3212 612 ποιεῖ,
3251 551 3364 601 ἀλλ’
3398 566 3410 578 ·
3447 548 3635 614 ἐπειδὴ
3666 548 3854 597 πᾶσαν
3881 543 3992 610 ᾔδει

2435 651 2530 717 τὴν
2563 647 2762 716 ἀρετὴν
2798 647 2852 696 ἐν
2903 647 2967 711 τῇ
3004 642 3150 711 ψυχῇ
3210 641 3302 692 τοῦ
3342 639 3531 699 παιδὸς
3578 635 3997 702 πεφυτευμένην

2435 738 2644 805 ταχέως
2688 736 2772 787 ἐπ’
2800 735 2942 803 αὐτῴ
2988 736 3085 795 τας
3139 734 3289 801 ἱερὰς
3330 728 3604 796 ἐπιτίθησι
3657 725 3999 794 χεῖρας.1ίσὶ

2437 830 2823 897 χειροτονήσας
2853 825 3061 888 τοῦτον,
3094 825 3185 876 καὶ
3217 824 3315 892 τὴν
3348 824 3652 889 περίχωρον
3682 817 3835 885 αὐτῷ
3869 833 3999 879 συμ-

2439 917 2760 987 περιελοὼν,
2795 919 2888 968 καὶ
2914 915 2993 985 τῷ
3023 916 3165 985 λόγῳ
3189 916 3287 984 τῆς
3320 915 3554 974 πίστεως
3581 909 3847 961 ἐπιπλὲον
3886 909 3999 959 τού-

2438 1026 2561 1071 τους
2614 1008 2891 1077 στηρίξας,
2925 1010 3005 1068 εἰς
3047 1005 3115 1074 ἦν
3161 1008 3225 1056 ἐκ
3260 1002 3456 1057 πολλοῦ
3497 1003 3688 1055 ὤδινεν
3746 1002 3997 1070 ἐρημίαν,

2438 1104 2532 1153 καὶ
2566 1099 2723 1163 αὖθις
2751 1099 3049 1168 ἀναχωρεῖ.

2511 1258 2631 1309 ΛΘ.
2674 1255 2808 1307 ’Υπδ
2836 1254 2892 1306 δὲ
2920 1254 3045 1315 τοὺς
3078 1250 3274 1312 αὐτοὺς
3329 1247 3551 1317 χρόνους
3582 1246 3676 1297 καὶ
3713 1244 4000 1294 Κωνστανο

2441 1353 2580 1410 τίνος
2611 1350 2639 1399 ὁ
2672 1346 3049 1400 Κωνσταντίου
3080 1346 3209 1405 παῖς
3268 1339 3521 1410 βασιλεὺς
3558 1335 3846 1403 Ῥωμαίων
3879 1333 4003 1383 ἀνα-

2442 1442 2745 1513 γορεύεται,
2773 1440 2867 1491 καὶ
2892 1440 2957 1507 τῇ
2988 1435 3081 1487 τοῦ
3123 1432 3365 1502 Σταυροῦ
3421 1430 3672 1498 δυνάμει,
3697 1427 3794 1477 καὶ
3824 1427 3890 1493 τῇ
3918 1424 4004 1475 ἐπὶ

2443 1536 2676 1604 Χριστὸν
2702 1530 2971 1600 εὐσεϐείᾳ,
2998 1528 3122 1589 τούς
3149 1528 3441 1594 τυράννους
3468 1518 3820 1579 καταϐαλὼν,
3850 1516 4004 1574 αὐτὸς

2451 1628 2610 1693 μόνος
2646 1624 2743 1694 τὴν
2786 1622 3075 1691 Ῥωμαίων
3103 1617 3351 1685 ἐξουσίαν
3382 1614 3476 1665 καὶ
3506 1614 3601 1680 τὴν
3632 1610 3813 1678 ἀρχὴν
3848 1624 4005 1674 περι-

2446 1719 2720 1770 ϐάλλεται.
2757 1715 2955 1768 Τοῦτον
2988 1716 3046 1765 ἐν
3089 1708 3369 1781 βασιλεῦσι
3418 1706 3510 1758 καὶ
3549 1700 3786 1771 Χριστοῦ
3832 1700 4007 1766 μαθη-

2370 1810 2536 1877 Bri?)
2562 1810 2769 1875 εἴποιμι
2815 1807 2880 1859 ἂν
2944 1806 3140 1871 ἐγω-(ε,
3201 1801 3293 1853 καὶ
3356 1797 3521 1864 αὐτῆς
3580 1795 3801 1862 κήρυκα
3857 1791 4009 1841 εὐσε-

2445 1902 2617 1962 ϐείας,
2656 1900 2719 1950 τά
2751 1915 2806 1949 τε
2841 1896 3014 1963 μιαρὰ
3044 1894 3149 1945 τῶν
3184 1892 3452 1959 δαιμόνων
3500 1889 3698 1955 τεμένη
3744 1882 3839 1940 καὶ
3888 1882 4011 1939 τοὺς

2448 1994 2663 2067 βωμοὺς
2699 1990 3016 2049 καθελόντα,
3053 1985 3231 2055 ἱερούς
3279 2000 3337 2034 τε
3372 1980 3445 2051 τῷ
3475 1980 3592 2047 θεῷ
3626 1977 4011 2045 ἀναστήσαντα

2443 2092 2644 2152 οἴκους,
2669 2086 2761 2137 καὶ
2792 2084 2887 2146 τὴν
2919 2083 2994 2143 εἰς
3032 2080 3268 2147 Χριστὸν
3310 2074 3559 2143 καθαρὰν
3595 2069 3891 2139 ὁμολογίαν
3926 2068 4012 2117 καί

2446 2181 2506 2232 τὸ
2549 2177 2825 2247 ὀρθύδοξον
2859 2175 3035 2240 δόγμα
3082 2174 3174 2223 καὶ
3208 2171 3500 2238 γράμμασι
3559 2162 3865 2232 βασιλικοῖς
3924 2158 4015 2208 καὶ

2448 2283 2830 2339 προσταγμασι
2864 2269 2929 2334 τῇ
2972 2263 3075 2314 ὐπὸ
3144 2264 3301 2330 χεῖρα
3352 2262 3501 2326 πασῃ
3558 2254 3858 2322 ἐκθέμενον
3927 2251 4017 2299 καὶ

2444 2362 2706 2430 τοιαύτην
2760 2360 2901 2425 ὑπὲρ
2936 2357 3033 2424 τῆς
3088 2351 3372 2412 εὐσεϐείας
3435 2345 3818 2415 είσενεγκόντα
3848 2359 4015 2394 σπου·

2444 2457 2561 2523 δὴν,
2608 2455 2682 2514 ὡς
2732 2453 2824 2504 καὶ
2890 2449 3019 2501 δέκα
3070 2448 3164 2499 καί
3200 2442 3347 2496 ὀκτὼ
3389 2442 3481 2494 ἐπὶ
3526 2441 3636 2501 τοῖς
3680 2437 4017 2507 τριακοσίοις

2452 2544 2789 2613 συγκαλέσαι
2819 2541 2993 2601 Θείους
3027 2539 3295 2606 Πατέρας,
3340 2536 3434 2588 καὶ
3465 2534 3563 2601 τὴν
3596 2531 3755 2600 ἱερὰν
3801 2529 4016 2591 ἐκεί-ην

2450 2638 2663 2690 σύνοδον
2716 2633 3107 2704 συγκροτῆσαι,
3170 2631 3254 2696 ἐφ’
3291 2623 3333 2693 ᾧ
3391 2629 3455 2676 τα
3514 2620 3906 2687 ὐπαναιξυέντα
3963 2634 4017 2667 τε

2450 2729 2662 2790 ζιζάνια
2701 2726 2969 2792 ἐκτεμεῖν,
3004 2723 3098 2773 καὶ
3140 2719 3222 2769 τοῦ
3257 2716 3355 2784 τῆς
3398 2713 3560 2782 ὀρθῆς
3619 2712 3859 2769 πίστεως
3913 2706 4020 2757 δια-

2449 2823 2606 2891 κρῖνα
2636 2819 2806 2870 σίτου.
2845 2815 2952 2867 Καὶ
3000 2808 3138 2882 ἦσάν
3193 2825 3255 2875 γε
3293 2803 3456 2871 οὗτοι,
3500 2802 3905 2859 Κωνσταντῖνος
3934 2799 4019 2849 καὶ

2449 2890 2774 2979 ’[ήριδάτης,
2814 2906 2951 2957 κατὰ
2980 2905 3105 2963 τοὺς
3152 2898 3428 2965 διαφανεῖς
3462 2894 3721 2960 ἀστέρας,
3769 2893 3798 2942 ὁ
3831 2891 3930 2958 μέν
3958 2890 4021 2939 τὰ

2458 3000 2718 3069 Ἐσπέρια
2743 3040 2755 3062 ,
2783 2999 2809 3049 ὸ
2840 2995 3265 3055 Κωνσταντῐνος,
3301 2990 3462 3058 φημὶ,
3494 2989 3520 3038 ὁ
3551 2987 3607 3036 δὲ
3645 2984 3714 3035 τὰ
3743 2985 3881 3052 πρὸς
3916 2984 4023 3033 Ἕω

2456 3091 2875 3161 περιπολοῦντες
2918 3089 3011 3138 καὶ
3048 3086 3207 3137 καλὸν
3235 3085 3329 3135 καὶ
3371 3082 3469 3147 ἡδὶ)
3530 3078 3866 3145 λάμποντες.
3895 3078 4024 3141 θερ-

2462 3182 2689 3253 μότατος
2712 3196 2770 3232 τε
2802 3180 2909 3248 γὰρ
2929 3172 2997 3249 ἦν
3020 3178 3113 3229 καὶ
3136 3173 3441 3243 Τηριδὰτης
3464 3172 3564 3238 τὴν
3588 3169 3648 3217 εὐ
3660 3167 3879 3217 σέϐειαν
3902 3165 4023 3232 ήδη,

2458 3275 2551 3326 καὶ
2577 3270 2789 3333 οὐδενδς
2826 3270 2894 3319 τά.
2916 3284 2975 3335 γε
3010 3267 3085 3326 εἰς
3120 3264 3373 3334 νηστείαν
3402 3263 3494 3313 καὶ
3540 3256 3855 3326 προσευχάς
3900 3258 4027 3304 σπο-

2457 3365 2795 3432 λειπόμενος,
2821 3361 2942 3412 οὐδέ
2974 3358 3154 3410 αὐτῶν
3194 3355 3299 3407 τῶν
3356 3335 3421 3404 ξά
3451 3350 3674 3403 τοιαῦτα
3710 3350 3769 3398 ἐν
3808 3361 4025 3415 φροντι-

2462 3457 2703 3523 στηρίοις
2739 3451 2984 3521 μοναχῶν
3030 3447 3404 3514 ἀσκουμένων.
3445 3444 3534 3493 Ἐν
3581 3444 3647 3508 τῇ
3689 3443 3813 3506 ἱερᾷ.
3852 3444 4028 3487 τοίνυν

2458 3551 2629 3619 ταύτῃ
2664 3546 2865 3616 συνόδῳ
2915 3542 3197 3613 ὠνήσαντο
3235 3537 3497 3606 ἀλλήλους
3536 3534 3585 3585 oi
3628 3532 3896 3599 βασιλεῖς,
3944 3530 4029 3579 καὶ

2459 3646 2525 3711 τῇ
2553 3660 2610 3693 τε
2636 3641 2793 3708 λοιπῇ
2822 3641 2956 3705 τιμῇ
2976 3636 3064 3687 τὸν
3088 3632 3273 3701 ἕτερον
3306 3631 3533 3688 ἕκαστος
3581 3620 3912 3687 ἐδεξιοῦντο,
3942 3622 4033 3669 καὶ

2459 3737 2524 3803 δὴ
2561 3734 2655 3785 καὶ
2682 3734 2751 3799 τῇ
2786 3731 2916 3797 περὶ
2946 3726 3043 3795 τὴν
3080 3723 3361 3776 εὐσέϐειαν
3397 3719 3648 3784 κοινωνία
3676 3718 3775 3784 τῆς
3810 3714 4032 3781 γνώμης

2464 3825 2771 3894 συνήδοντο.
2799 3820 3164 3888 Παραγίνεται
3220 3816 3399 3883 μέντοι
3426 3811 3518 3864 καὶ
3542 3812 3569 3861 ὁ
3611 3809 3911 3876 Ἀρμενίας
3942 3806 4034 3869 ἀρ-

2462 3920 2819 3989 χιεπίσκοπος
2855 3910 3228 3984 ’Λρωστάνης,
3254 3905 3349 3957 τοῦ
3383 3902 3647 3972 βασιλέως
3682 3896 4032 3951 Κωνσταντέ-

2463 4028 2555 4062 νου
2586 4008 2774 4061 τοῦτον
2818 3999 3349 4075 μεταπεμψαμένου,
3397 3994 3492 4047 καὶ
3551 3992 3718 4061 μέρος
3748 3987 3845 4041 τοῦ
3885 3984 4031 4054 ἱεροῦ

2466 4100 2723 4166 συλλόγου
2752 4098 2847 4151 καὶ
2876 4092 3029 4156 οὗτος
3066 4092 3379 4161 γενόμενος.
3421 4088 3462 4138 Τ
3465 4087 3499 4137 ἀ
3525 4086 3677 4153 κοινῇ
3708 4082 3874 4151 ψήφῳ
3902 4096 4034 4147 κραο

2463 4192 2707 4261 τήσαντα
2739 4189 2985 4255 δόγματα
3014 4181 3380 4253 γεγραμμένα
3406 4176 3610 4240 λαϐὼν,
3657 4176 3736 4234 είς
3762 4174 3864 4239 τὴν
3902 4170 4036 4223 ίδίαν

2465 4284 2728 4352 ἐπανήκει
2778 4278 2955 4341 πόλιν,
3002 4276 3229 4344 γλυκεῖά
3258 4290 3340 4334 τις
3374 4270 3495 4339 ὄψις
3531 4269 3625 4320 καὶ
3678 4266 3898 4333 ἣδιστον
3937 4262 4038 4314 ἀπὸ

2465 4379 2565 4447 τῆς
2621 4372 2928 4441 ἀποδημίας
2960 4370 3026 4437 τῇ
3057 4367 3264 4435 ποίμνῃ
3295 4360 3599 4429 ἐπιφανείς·
3647 4358 3744 4408 καί
3779 4356 3948 4407 αὐτόν
3984 4371 4038 4405 τι

2474 4446 2563 4520 τον
2612 4464 3006 4534 φιλοθεώτατον
3066 4457 3291 4527 βασιλέα
3335 4451 3665 4521 Τηριδάτην,
3714 4446 3813 4498 καὶ
3862 4446 4039 4496 πᾶσαν

2474 4560 2570 4630 τὴν
2604 4556 2899 4627 Ἀρμενίαν
2967 4549 3307 4620 εὐφροσύνης
3354 4546 3446 4598 ἐπὶ
3492 4546 3558 4613 τῇ
3592 4541 3705 4594 τῶν
3753 4538 4042 4606 δογμάτων

2470 4651 2755 4720 συμφωνίᾳ
2778 4644 3090 4717 πληρώσας.
3123 4643 3187 4696 Ἃ
3216 4640 3282 4707 δὴ
3309 4639 3403 4691 καὶ
3432 4638 3707 4703 διέμεινεν
3742 4631 3891 4684 οὕτω
3921 4634 4041 4701 χρὸ-

2469 4759 2558 4794 νον
2592 4741 2680 4792 ἐπὶ
2709 4737 2917 4807 μακρὸν
2942 4773 2957 4800 ,
2983 4735 3081 4802 τῆς
3128 4726 3407 4788 εὐσεϐείας
3437 4727 3699 4778 ἐκαστοτε
3730 4724 3811 4784 είς
3841 4722 4042 4788 πλῆθος

2468 4830 2831 4898 ἐπιδιδούσης,
2864 4827 2957 4879 καὶ⁹
2985 4823 3078 4875 τοῦ
3112 4822 3211 4891 τῆς
3242 4820 3467 4891 εἰρήνης
3495 4815 3650 4886 ,Θεοῦ
3702 4815 3798 4869 δια
3832 4815 4041 4869 πάντων

807 4942 1187 5013 δοξαζομένου,
1214 4948 1269 4996 ἐν
1293 4941 1512 5013 Χριστῷ
1550 4940 1721 5012 Ἰησοῦ
1761 4938 1836 5006 τῷ
1866 4936 2054 5008 Κυρίῳ
2077 4935 2252 5005 ἡμῶν·
2281 4933 2399 5004 μεθ’
2433 4923 2494 4984 οὗ
2532 4928 2610 4997 τῷ
2661 4922 2833 4993 Πατρὶ
2872 4920 2987 4991 ἅμα
3014 4917 3091 4988 τῷ
3152 4916 3291 4985 ἁγίῳ
3343 4912 3624 4981 Πνεύματι
3676 4908 3835 4974 δόξα,
3894 4906 4042 4975 τιμὴ⁹

812 5039 1013 5106 κράτος
1034 5035 1128 5088 νῦν
1159 5036 1252 5088 καὶ
1278 5038 1362 5090 ἀεὶ
1388 5039 1480 5089 καὶ
1510 5039 1591 5101 εἰς
1610 5038 1734 5098 τοὺς
1766 5033 1867 5086 αίώ
1884 5050 1979 5096 νας
2006 5031 2112 5085 τῶν
2138 5027 2369 5084 αἰώνων.
2422 5028 2478 5079 Ἀ
2490 5023 2614 5093 μήν.
