4178 6316
203 365 325 431 1001

1277 363 1734 428 MARTYRIUM
1777 362 1835 422 S.
1876 362 2334 425 CHARITlNi'E.

3275 360 3412 426 100‘!

194 490 317 545 ταῖς
377 482 632 554 πλευραῖς
683 483 848 554 αὐτῆς
903 482 1289 538 ἰπικαῐεσθαι·
1340 487 1372 550 ἡ
1425 484 1623 546 δὲ,καὶ
1652 482 1756 534 τῶν

1830 535 1832 541 ,
1861 481 2355 551 accendebantur(l
2378 480 2443 552 l),
2487 479 2753 538 intensius
2792 481 3170 553 perseverabat
3202 481 3256 536 in
3288 499 3414 536 ora-

193 575 490 644 λαμπάδων
529 576 945 644 ὑφαπτομένων,
987 576 1093 628 τῶν
1147 575 1321 646 εὐχῶν
1375 574 1757 644 ἐκτενέστερον

193 668 394 736 εἴχετο.
438 668 532 720 καὶ
566 668 664 730 τῆς
702 669 970 736 τιμωρίας
1008 667 1258 720 ἀνεθεῖσα
1316 667 1451 738 πρὸς
1495 665 1555 718 τὸ
1597 664 1756 717 θῦσαι

191 759 308 818 τοῖς
343 757 481 820 θεοῖς
512 759 872 825 ἠναγκάζετο.

269 848 342 900 Δ’.
385 847 535 900 Ἐπεὶ
564 849 618 900 δὲ
650 851 743 901 καὶ
795 849 991 920 καρδίᾳ
1017 848 1110 901 καὶ⁵
1159 848 1393 918 χείλεσιν
1423 847 1756 917 ἀμετάθετος

191 934 263 1008 ἦν
290 940 388 1007 τὴν
420 940 731 1005 ὁμολογίαν,
758 941 951 1008 ἐπίσης
998 941 1136 1007 αὐτῇ
1188 940 1282 990 καὶ
1308 940 1336 990 6
1376 938 1634 1002 δικάζων,
1661 937 1758 1006 τὴν

194 1030 292 1080 ἐπὶ
325 1031 398 1099 τῷ
432 1030 587 1097 κακῷ
618 1029 866 1080 ἔνστασιν
902 1027 1176 1089 άνὲνδοτος
1200 1027 1294 1091 ῶν,
1315 1017 1526 1083 κελεύει
1552 1026 1757 1094 ταύτην

194 1119 347 1171 λίθον
394 1120 486 1170 τοῦ
532 1120 800 1189 τραχήλου
859 1119 1178 1188 ὲκδεθῆναι,
1219 1119 1312 1170 καὶ
1371 1118 1540 1180 οὕτως
1590 1118 1757 1184 αὐτὴν

195 1213 340 1264 κατὰ
373 1213 534 1282 βυθοῦ
552 1210 822 1280 θαλάσσης
841 1211 1208 1278 άπορῤιςρῆναι
1234 1227 1246 1239 ·
1274 1203 1444 1277 οὗπερ
1492 1210 1554 1279 δὴ
1607 1225 1760 1275 γενο-

198 1306 387 1373 μένου,
434 1302 752 1371 Εὐχάριστῶ
786 1319 886 1366 σοι,
941 1301 1197 1370 Κύριε,ἡ
1247 1302 1454 1370 μάρτυς
1506 1301 1757 1360 ἐῦὁαοδτι

197 1413 268 1464 με
305 1395 529 1446 διελθεῖν
557 1394 622 1445 δι’
653 1393 840 1454 ὓδατος
870 1392 1154 1444 θαλαττίου
1187 1392 1274 1444 διὰ
1297 1388 1470 1445 τδσὸν
1534 1380 1757 1462 5'5).qu-

192 1484 290 1534 τὸν
317 1485 508 1551 ὄνομα,
552 1480 692 1532 ὥστε
731 1482 823 1532 καὶ
880 1479 1128 1548 καθαρὰν
1169 1481 1459 1549 εὑρεθῆναι
1487 1482 1627 1532 κατὰ
1662 1481 1758 1550 τὴν

191 1574 409 1643 ἡμέραν
466 1572 566 1641 τῆς
618 1572 966 1632 ἀναστάσεως
990 1589 1004 1603 ·
1038 1571 1172 1625 ἀλλά
1228 1589 1318 1623 σου
1353 1570 1540 1635 δεῖξον,
1566 1571 1639 1632 ὡς
1674 1571 1758 1624 ἀεὶ

192 1666 295 1718 καὶ
325 1664 419 1716 νῦν
448 1666 532 1717 ἐπ’
566 1666 690 1734 ἐμοὶ
713 1665 780 1716 τὰ
804 1663 1101 1728 θαυμάσια,
1127 1664 1194 1715 δι’
1229 1657 1303 1716 ῶν
1338 1665 1429 1714 ἐπὶ
1483 1660 1643 1714 πλέον
1672 1661 1758 1714 δο-

193 1759 524 1828 ξασθήσεται
575 1758 635 1810 τὸ
688 1761 829 1824 μέγα
882 1773 974 1808 σου
1022 1756 1192 1816 ὄνομα
1241 1757 1319 1816 ei;
1370 1757 1495 1816 τοὺς
1532 1755 1754 1815 αἰῶνας.

205 1851 401 1920 ’Λμήν.
444 1851 626 1900 Ταῦτα
674 1847 843 1908 οὕτως
874 1849 1052 1914 ἐκείνη
1081 1863 1138 1898 τε
1177 1846 1539 1916 προσηύχετο,
1567 1845 1660 1896 καὶ
1690 1844 1756 1896 τὰ
1784 1869 1832 1927 Β

185 1939 368 2008 δεσμᾶ
397 1940 652 2004 διελύετο,
674 1939 831 2006 μόνος
856 1954 910 1988 τε
939 1938 966 1988 ὁ
996 1938 1136 1998 λίθος
1157 1937 1233 2004 τῷ
1265 1936 1407 2005 βυθῷ
1447 1935 1750 1988 κατεδύετο.
1787 1978 1789 1981 .

199 2033 269 2084 Ἥ
304 2033 359 2084 δὲ
396 2032 459 2102 (ὦ
496 2032 586 2084 τοῦ
629 2031 955 2099 θαύματοςί)
987 2030 1206 2098 ἀτρόμῳ
1254 2029 1370 2080 ποδὶ
1401 2031 1511 2089 τοῖς
1540 2027 1637 2095 τῆς
1664 2025 1758 2078 θα-

185 2128 397 2193 λάσσης
420 2126 606 2182 νώτοις
638 2124 896 2189 ἐφίστατο
928 2121 1018 2173 καὶ
1049 2121 1154 2172 τῶν
1187 2121 1388 2173 ὑδάτων
1415 2114 1501 2170 οἷα
1531 2119 1754 2186 στερεᾶς

185 2215 548 2268 ἑπιϐαίνουσα
582 2213 715 2282 πρὸς
740 2213 829 2263 τὸν
858 2209 1102 2278 αἰγιαλὸν
1123 2211 1431 2278 ἐπορεύετο.
1472 2207 1558 2260 Ἐν
1586 2209 1757 2277 τούτῳ

186 2307 247 2358 δὲ
277 2308 366 2358 καὶ
393 2306 481 2357 τὸν
535 2302 800 2356 ὑπατικὸν
851 2302 1033 2355 ἰδοῦσα
1082 2302 1460 2372 προσμένοντα
1490 2317 1547 2353 τε
1577 2302 1669 2353 καὶ
1697 2301 1756 2351 τὸ

183 2399 284 2450 τοῦ
321 2397 640 2466 πράγματος
676 2397 849 2464 πέρας
881 2394 1028 2458 ἰδεῖν,
1073 2395 1210 2463 ὅπερ
1235 2394 1300 2446 ἂν
1337 2393 1562 2461 γένοιτο,
1608 2391 1756 2445 ἐκδε-

181 2490 442 2559 κόμενον,
473 2488 717 2557 Χαίροις,
748 2485 999 2548 ὐπατικὲ,
1049 2485 1235 2552 λέγει·
1272 2484 1396 2536 οὐδὲ
1445 2483 1605 2553 μέχρι
1665 2483 1758 2535 κα)⁸

183 2582 285 2634 νῦν
325 2583 558 2650 συνῆκας
602 2579 696 2651 τὴν
744 2579 822 2637 εἰς
856 2577 954 2648 ἐμὲ
988 2576 1081 2629 τοῦ
1119 2574 1470 2645 ἐνεργοῦντος
1525 2578 1581 2627 ὲν
1632 2575 1755 2642 ἐμοὶ

180 2674 426 2741 Χριστοῦ
478 2674 744 2740 δύναμιν;
781 2673 850 2724 Ἢ
898 2671 1224 2739 τυφλώττειν
1273 2669 1352 2722 ἔτι
1411 2669 1752 2736 φιλονεικεῐς,

181 2767 283 2816 καί
317 2765 448 2844 πρὸς
493 2766 592 2831 τὴν
649 2765 906 2832 ἀλήθειαν
959 2763 1370 2831 ἀπομάχεσθαι;
1404 2761 1463 2812 El
1515 2761 1613 2828 μὲν
1642 2755 1752 2822 οὖν,

179 2856 280 2908 τοῦ
357 2855 579 2916 σκότους
650 2856 922 2922 ἀφέμενος
976 2853 1052 2922 τῷ
1109 2854 1347 2923 ἀληθινῷ
1401 2852 1757 2922 προσδράμῃς

181 2948 354 3015 φωτὶ,
400 2947 606 3014 σεαυτῷ
667 2946 1068 3015 πραγματεύσῃ
1118 2947 1214 3013 τὴν
1272 2947 1578 3012 σωτηρίαν·
1614 2944 1755 3018 εἰδὲ

179 3041 282 3090 καὶ
318 3041 397 3091 ἔτι
436 3043 546 3100 τοῖς
591 3039 876 3108 προτέροις
926 3039 1178 3105 ἐμμεῖναι
1206 3034 1476 3102 θελήσεις,
1504 3036 1625 3101 ἐμοὶ
1658 3035 1754 3102 μὲν

179 3131 400 3182 πολλῶν
457 3131 625 3191 αἴτιος
687 3129 924 3196 ἀγαθῶν,
971 3131 1037 3198 τῇ
1067 3127 1122 3180 δὲ
1165 3130 1231 3197 σῇ
1283 3127 1427 3196 ψυχῇ
1480 3124 1751 3186 ἀπωλείας

177 3220 448 3288 πρόξενος
502 3221 621 3292 ἔσῃ.
670 3220 883 3286 Ταύτην
913 3222 939 3270 ὁ
982 3222 1284 3286 κατάρατος
1318 3221 1415 3287 τὴν
1445 3219 1752 3288 παρρησίαν

173 3315 283 3363 οὐκ
321 3309 577 3376 ἐνεγκὼν,
600 3309 678 3360 ἔτι
708 3309 761 3361 δὲ
797 3314 890 3360 καὶ
919 3309 974 3360 τὸ
1006 3310 1133 3378 περὶ
1167 3310 1332 3377 αὐτὴν
1366 3307 1547 3375 θαῦμα
1577 3324 1750 3359 κατα-

177 3402 415 3467 πλαγεὶς
445 3400 689 3463 ἐξίστατο
728 3417 783 3450 τε
810 3396 1026 3460 ἐιυτοῦ,
1048 3398 1142 3449 καὶ
1167 3399 1380 3466 ἀφωνία
1397 3397 1747 3465 κατείληπτο.

193 3493 332 3561 Ὀψὲ
361 3492 419 3543 δέ
448 3504 574 3544 ποτε
602 3492 698 3543 καὶ
731 3489 883 3559 μόλις
909 3488 1220 3556 ἀνενεγκὼν
1254 3489 1490 3541 συνιέναι
1524 3487 1620 3556 μὲν
1653 3488 1751 3538 οὐκ

177 3585 446 3637 ἐϐούλετο
469 3599 482 3612 ⁸
516 3585 649 3648 φησὶ
679 3581 734 3632 δὲ
760 3597 774 3610 ·
801 3580 1057 3647 Μεγάλην
1091 3579 1297 3630 οἴεσθαί
1349 3594 1418 3645 με
1459 3576 1550 3627 τοῦ
1588 3577 1746 3627 Γαλι-

177 3677 343 3727 λαίου
398 3675 495 3742 τὴν
545 3673 774 3740 δύναμιν
829 3671 1076 3722 πείθουσι
1108 3669 1174 3721 τὰ
1229 3669 1596 3737 γεγενημένα.
1631 3665 1748 3718 ἀλλ’

177 3768 366 3835 ἔγωγε
396 3764 618 3835 γοητείᾳ
651 3762 845 3833 μᾶλλον
874 3761 1273 3829 ἐξειργασμένα
1303 3760 1541 3824 διαλέξαι
1571 3760 1746 3812 ταῦτα

178 3849 542 3928 πειράσομαι.
583 3857 768 3916 Οὕτως
818 3855 945 3921 ἔφη,
981 3855 1071 3906 καὶ
1118 3855 1230 3914 τοῖς
1274 3853 1617 3920 παρεστῶσιν
1649 3856 1747 3906 αὑ.

176 3953 315 4002 τίκα
343 3952 438 4010 τὰς
467 3947 611 4015 best;
646 3942 915 3997 ἐπιϐαλὼν
939 3941 1220 4010 γυμνῶσαί
1255 3958 1312 3992 τε
1342 3944 1437 4012 τὴν
1471 3944 1747 4012 μακαρίαν

178 4040 352 4103 εὐθὺς
413 4039 507 4092 καὶ
567 4040 1016 4109 περιαγκωνίισαι
1072 4032 1397 4103 προστάττει
1453 4035 1629 4104 τροχῷ
1689 4051 1746 4087 τε

256 4245 373 4314 (ll)
409 4243 655 4297 Incensas
694 4240 857 4314 faces.
890 4253 996 4291 non
1024 4245 1230 4314 tantum
1249 4234 1519 4314 lateribus
1547 4247 1748 4308 marty-

176 4309 330 4374 rum.
355 4309 451 4367 sed
479 4323 532 4366 et
561 4311 783 4379 singulis
814 4324 999 4361 eorum
1034 4309 1561 4379 membrisadmotas
1581 4323 1750 4376 quan-

177 4391 365 4453 doque
395 4386 574 4453 luisse,
604 4377 832 4453 testatur
862 4380 1168 4453 Laclantius
1202 4377 1272 4429 De
1293 4377 1745 4453 illorl._p_ersecul.

179 4448 308 4524 cap.
349 4469 455 4505 Mil.
503 4448 801 4524 Lampades
844 4459 1020 4524 autem
1057 4449 1184 4524 illae.
1238 4459 1389 4524 uincit
1435 4449 1661 4501 Ualonto
1693 4451 1748 4504 et

177 4515 478 4578 La'urenuo
513 4526 576 4572 de
624 4515 804 4573 Rebus
848 4519 1072 4585 publicis
1103 4520 1258 4568 docet
1291 4515 1521 4570 Pitiscus
1564 4523 1616 4569 in
1645 4536 1742 4572 suo
1771 4528 1821 4587 Ῑ)

177 4597 380 4649 ιεπὶςο
429 4592 832 4658 Antiquitatum,
885 4589 1082 4658 liebant
1141 4591 1241 4638 hoc
1276 4589 1477 4638 modo:
1521 4605 1539 4638 ‹
1571 4588 1742 4641 Desu-

178 4668 491 4725 mcbantur,
541 4657 714 4727 inquit
763 4657 1006 4711 laudatus
1050 4657 1299 4727 PlllSCUS,
1343 4671 1465 4727 vasa
1499 4660 1739 4724 quwdam

177 4738 292 4787 lata
347 4735 504 4784 unius
556 4725 712 4797 paimi
749 4727 1140 4800 longitudinis,
1168 4797 1175 4800 _
1204 4725 1288 4778 vel
1318 4725 1740 4800 .aliquantulum

175 4804 427 4871 majoris,
447 4815 565 4867 qua:
597 4799 791 4852 deinde
818 4812 847 4848 a
879 4811 1088 4849 summo
1114 4797 1177 4847 ad
1200 4797 1495 4871 arctiorem
1514 4799 1740 4871 formam

173 4867 456 4944 paululum
483 4879 822 4940 praepostera:
859 4880 1228 4944 perversaeque
1257 4867 1548 4944 pyramidis
1574 4869 1743 4922 instar

178 4935 646 4998 contralicbantur
670 4949 830 5006 atque
854 4939 1348 5006 adstringebantttr.
1370 4935 1532 4989 Erant
1563 4952 1740 4993 autem

176 5031 336 5073 vasa,
374 5013 453 5066 vel
484 5023 681 5071 terrea,
722 5012 881 5061 sicuti
916 5007 1158 5060 indicant
1192 5006 1302 5070 illa,
1328 5021 1445 5074 qua:
1473 5021 1535 5060 ex
1571 5011 1742 5064 ruinis

177 5085 415 5151 hujusce
448 5081 604 5134 Urbis
652 5079 878 5148 (Romae)
904 5091 1291 5151 nonnunquam
1326 5085 1621 5151 eruuntur;
1662 5079 1740 5132 vel

179 5144 383 5213 ter'rea,
417 5163 474 5204 ut
528 5144 708 5204 innuit
747 5151 959 5200 Colum.
1007 5162 1103 5205 xu,
1139 5145 1224 5207 18,
1382 5144 1572 5199 Postea
1615 5164 1741 5202 vero

175 5238 313 5276 vasa
364 5223 476 5275 haec
533 5221 756 5274 bastulis
789 5217 1110 5283 quibusdam
1161 5216 1438 5284 quadratis
1483 5226 1536 5268 et
1581 5220 1741 5271 simul

174 5293 441 5363 colligatis
476 5299 646 5360 septa,
687 5306 802 5359 quae
844 5289 911 5363 ad
943 5302 1213 5363 vasorum
1240 5285 1648 5363 similitudinem
1688 5301 1741 5342 et

175 5356 337 5433 ipsa;
383 5378 416 5416 a
467 5356 719 5414 summo'
760 5357 1015 5433 paulatim
1084 5356 1562 5433 astritigebantur,
1621 5361 1741 5427 igne

175 5424 452 5488 tlammam
482 5424 774 5486 emittente
793 5428 984 5497 repleri
1020 5424 1283 5478 solebant.
1312 5425 1480 5479 Porro
1520 5429 1617 5482 has
1644 5424 1742 5482 iia-

175 5505 378 5564 stuias.
407 5509 450 5557 si
484 5501 548 5554 ad
579 5518 662 5562 ca,
696 5501 761 5552 ad
797 5511 914 5565 qua:
955 5497 1226 5562 lampades
1257 5498 1375 5548 usui
1418 5507 1593 5560 erant,
1624 5502 1740 5552 aui-

175 5591 330 5629 mutu
365 5577 679 5634 releramus,
714 5568 1095 5637 intelligemus,
1124 5568 1362 5633 quinque
1385 5577 1476 5637 aut
1507 5583 1594 5620 sex
1627 5569 1740 5637 pal-

176 5647 283 5698 mis
311 5645 430 5714 plus
459 5643 705 5714 minusve
728 5636 999 5714 exstitisse
1027 5637 1303 5714 oblongas.
1337 5654 1354 5685 ι
1403 5636 1600 5691 Harum
1628 5636 1740 5714 e_ll_l_-

176 5707 329 5785 gieui
378 5712 599 5767 exhibet
641 5712 928 5785 AGalonius'
958 5711 1122 5762 citato
1167 5707 1423 5785 Tractatu
1473 5724 1590 5785 pag.
1651 5709 1734 5785 75.

175 5777 470 5848 Caeterum,
525 5795 582 5834 ιιι
640 5783 967 5843 Lactantius,
1029 5793 1193 5847 supra
1246 5777 1513 5864 laudatus,
1559 5780 1740 5836 innuit

515 5877 781 5934 PATROL.
834 5877 948 5932 Ga.
987 5873 1160 5932 CXV.

1861 571 2115 627 tionibus.
2152 571 2254 627 Sed
2289 589 2316 627 a
2349 574 2590 628 cruciatu
2624 575 2871 630 relaxata:
2898 574 2978 630 vis
3019 574 3197 637 liebat.
3222 584 3278 629 ut
3310 574 3416 630 diis

1860 664 2208 720 sacriﬁcaret.

1930 842 2018 896 IV.
2045 843 2179 898 Cum
2208 853 2389 898 autem
2432 853 2485 900 et
2516 847 2677 902 corde
2704 856 2760 902 et
2789 848 2953 902 labris
2988 849 3040 901 in
3078 847 3417 902 conl‘essione

1859 942 2003 986 esset
2046 933 2419 999 immutabilis,
2468 935 2654 1002 judex,
2686 937 2773 1005 qui
2823 952 2974 1005 aeque
3018 947 3176 1007 atque
3206 938 3318 1006 ipsa
3362 937 3416 990 in

1861 1025 2142 1079 tormentis
2184 1037 2461 1087 constans,
2497 1028 2560 1080 ad
2597 1028 2796 1081 malum
2831 1038 2947 1083 erat
2977 1029 3297 1092 obstinatus,
3327 1032 3417 1099 ju-

1861 1115 1952 1168 bet
1992 1115 2223 1183 lapidem
2258 1116 2396 1169 collo
2435 1118 2550 1185 ejus
2587 1118 2788 1187 alligari
2823 1128 2872 1173 et
2908 1119 2985 1174 sic
3012 1135 3128 1173 eam
3164 1119 3323 1189 dejici
3363 1120 3416 1174 in

1859 1203 2184 1273 profundum
2217 1207 2382 1260 maris
2414 1207 2546 1276 (l2).
2585 1208 2735 1273 Quod
2786 1209 3004 1278 quidem
3052 1225 3174 1264 cum
3217 1211 3416 1264 factum

1859 1305 2023 1354 esset.
2057 1299 2166 1366 Ago
2211 1297 2304 1350 tibi
2353 1300 2574 1367 gratias,
2607 1301 2847 1365 Domine,
2883 1302 3151 1355 clamabat
3194 1313 3415 1373 martyr,

1859 1386 2003 1455 quod
2049 1397 2107 1440 ut
2158 1403 2252 1456 per
2285 1404 2478 1458 aquam
2533 1391 2793 1445 marinam
2847 1394 3153 1454 transirem,
3199 1405 3419 1464 pr0pter
3499 1446 3501 1448 .

1859 1488 2104 1532 sanctum
2145 1489 2292 1532 tuum
2325 1497 2542 1544 nomen,
2583 1483 2679 1536 tibi
2713 1482 2885 1535 visum
2913 1483 3000 1547 sit,
3033 1498 3140 1552 quo
3173 1484 3418 1538 inveniar

1860 1570 2058 1622 munda
2095 1569 2146 1621 in
2195 1570 2282 1624 die
2323 1572 2771 1635 restirrectionis;
2813 1574 2904 1626 sed
2953 1583 3039 1627 tua
3086 1575 3331 1641 ostende,
3359 1585 3419 1630 ut

1859 1675 2092 1729 semper,
2127 1677 2270 1714 nunc
2317 1679 2530 1730 quoque
2589 1664 2642 1716 in
2696 1679 2783 1718 me
2836 1664 3114 1728 miracula,
3169 1681 3264 1734 per
3297 1682 3416 1734 qua:

1861 1769 2113 1822 magnum
2145 1765 2294 1808 tuum
2337 1771 2534 1811 nomen
2568 1756 2737 1825 magis
2777 1755 3107 1825 gloriﬁcctur
3137 1759 3188 1811 in
3222 1758 3415 1813 smeula

1861 1843 2204 1898 saeculorum.
2233 1845 2423 1897 Amen.
2459 1843 2580 1898 Haec
2613 1845 2699 1896 illa
2737 1844 2812 1898 sic
2845 1847 3036 1906 oravit,
3067 1855 3120 1899 et
3160 1848 3419 1902 dissoluta

1859 1943 1982 1987 sunt
2009 1935 2240 1997 vincula,
2274 1945 2326 1988 et
2362 1936 2509 1988 solus
2541 1936 2673 2004 lapis
2696 1935 2798 1989 fuit
2825 1937 2877 1988 in
2912 1935 3178 2004 profundo
3204 1934 3418 1991 demer-

1857 2044 1970 2083 sus.
2023 2027 2110 2081 Illa
2158 2036 2336 2082 autem
2385 2029 2453 2098 (0
2499 2028 2892 2097 miraculum!)
2931 2028 3084 2082 ﬁrmo
3133 2045 3194 2082 ac
3241 2028 3417 2084 stabili

1857 2120 1992 2189 pede
2029 2118 2206 2172 stabat
2252 2133 2414 2186 super
2463 2117 2684 2172 dorsum
2736 2117 2923 2178 maris,
2983 2125 3036 2169 et
3083 2131 3179 2186 per
3229 2131 3416 2186 aquas,

1858 2222 2111 2280 tanquam
2149 2227 2245 2279 per
2273 2219 2472 2264 terram
2506 2211 2732 2264 solidam
2758 2209 3087 2278 ingrediens,
3114 2209 3420 2277 proﬁcisce-

1857 2306 2016 2361 batur
2050 2305 2115 2359 ad
2146 2305 2298 2358 littus
2328 2303 2463 2370 (l3).
2500 2303 2720 2357 Interim
2755 2317 2880 2356 vero
2909 2316 3032 2356 cum
3066 2301 3418 2355 vidissetma-

1858 2410 2077 2452 nentem
2123 2395 2462 2451 consularem
2503 2407 2558 2449 et
2583 2403 3012 2464 exspectantem,
3047 2393 3292 2462 quisnam
3336 2392 3422 2447 l'u-

1860 2498 2015 2544 turus
2042 2496 2188 2541 esset
2221 2487 2295 2540 rei
2326 2487 2523 2545 exitus.
2564 2485 2695 2540 dicit
2729 2503 2740 2537 :
2779 2485 2959 2547 Salve,
2993 2483 3317 2537 consularis.
3343 2481 3421 2537 Ne

1858 2595 2006 2635 nunc
2048 2579 2262 2648 quidem
2309 2576 2617 2630 intellexisti
2673 2577 2926 2630 virtutem
2975 2573 3197 2639 Christi,
3238 2574 3326 2642 qui
3366 2575 3420 2628 in

1859 2690 1944 2726 me
1972 2669 2264 2741 operatur?
2298 2673 2374 2722 An
2409 2670 2584 2724 adhuc
2635 2667 2918 2724 contendis
2960 2668 3211 2721 ezecutire
3255 2675 3308 2719 et
3338 2680 3422 2722 re-

1859 2778 2096 2831 pugnare
2121 2761 2378 2815 veritati?
2404 2759 2458 2812 Si
2492 2774 2618 2828 ergo
2655 2759 2854 2811 relictis
2884 2756 3124 2810 tenebris
3146 2755 3210 2809 ad
3235 2769 3416 2808 veram

1859 2854 2032 2907 lucem
2068 2851 2384 2912 accesseris,
2429 2850 2522 2903 tibi
2558 2849 2875 2918 procurabis
2904 2848 3155 2902 salutem.
3187 2845 3341 2911 Quod
3372 2846 3417 2899 si

1859 2945 2149 3015 persistere
2175 2945 2307 2997 velis
2331 2943 2382 2996 in
2407 2944 2702 3011 prioribus,
2729 2941 2861 2994 mihi
2887 2941 3102 3009 quidem
3130 2940 3236 2992 eris
3257 2954 3416 2992 causa

1859 3037 2146 3090 multorum
2207 3035 2494 3094 bonorum,
2524 3042 2627 3086 tua:
2677 3041 2855 3085 autem
2901 3031 3095 3084 animae
3139 3029 3417 3084 interitum

1857 3129 2191 3182 conciliabis.
2230 3127 2377 3179 llanc
2418 3124 2630 3179 dicendi
2674 3124 2972 3176 libertatem
3013 3137 3134 3174 cum
3167 3136 3274 3173 non
3309 3122 3418 3173 ler-

1781 3203 1821 3256 θ
1859 3230 1937 3276 t'ct
1969 3221 2050 3273 vir
2089 3219 2477 3278 exsecrandus,
2511 3232 2577 3273 eo
2622 3226 2825 3274 autem,
2860 3213 3002 3283 quod
3035 3213 3084 3266 in
3118 3227 3235 3266 eam
3271 3212 3418 3265 acci-

1855 3315 2025 3372 derat,
2055 3311 2311 3363 miraculo
2342 3316 2485 3365 esset
2521 3305 2951 3374 obstupefactus,
2982 3319 3012 3357 a
3044 3319 3102 3357 se
3145 3303 3416 3366 discessit,

1854 3416 2084 3471 cumque
2117 3416 2219 3453 vox
2251 3410 2302 3452 et
2335 3415 2511 3452 sermo
2540 3398 2760 3452 defecit.
2790 3398 2925 3450 Cum
2962 3403 3142 3449 autem
3186 3394 3269 3448 vix
3296 3404 3418 3448 tan-

1855 3497 1975 3550 dem
2026 3494 2091 3547 ad
2150 3508 2209 3547 se
2244 3491 2510 3553 rediisset,
2551 3489 2768 3542 nolebat
2823 3487 3038 3556 quidem
3094 3487 3414 3556 intelligere.

1854 3585 1998 3638 Dixit
2043 3594 2221 3637 autem
2256 3601 2268 3635 ι
2303 3583 2371 3637 Ut
2411 3598 2655 3652 magnam
2699 3579 2900 3636 Galilaei
2935 3578 3042 3649 (l4)
3079 3589 3262 3648 putem
3297 3594 3417 3633 esse

1854 3674 2166 3742 potentiam,
2210 3673 2536 3742 persuadent
2563 3688 2648 3735 ea,
2672 3689 2789 3740 qua:
2822 3673 2958 3726 facta
2996 3681 3154 3737 sunt;
3192 3674 3284 3726 sed
3316 3687 3415 3743 ego

1852 3768 2088 3822 conabor
2140 3768 2446 3830 ostendere,
2508 3780 2568 3819 ca
2625 3763 2805 3834 potius
2854 3762 2990 3818 facta
3041 3777 3158 3818 esse
3203 3765 3414 3833 praasti-

1852 3856 1951 3926 giis
1985 3855 2117 3924 (I5).
2155 3853 2241 3907 Sic
2271 3854 2424 3915 dixit,
2458 3863 2512 3906 et
2557 3854 2610 3906 in
2649 3870 2761 3920 eos,
2800 3855 2888 3923 qui
2924 3854 3190 3918 astabant,
3229 3857 3409 3910 statim

1852 3947 2035 4001 oculos
2057 3945 2372 4013 conjiciens,
2398 3945 2552 4013 jubet
2591 3960 2685 4000 eos
2719 3947 2896 3998 statim
2935 3949 3141 4001 nudare
3170 3957 3410 4001 sanctam

1851 4048 1905 4094 et
1927 4039 2176 4094 manibus
2210 4047 2330 4108 post
2377 4048 2578 4111 tergum
2611 4039 2803 4094 vinctis
2825 4053 2942 4094 eam
2986 4048 3114 4094 rotae
3156 4039 3264 4108 (l6l
3292 4039 3413 4093 alli-

1849 4257 1969 4312 cap.
1999 4242 2507 4312 ‘21.,nonntmquam
2534 4249 2762 4294 tortores
2792 4239 3062 4310 lampades
3099 4240 3214 4294 illas
3235 4256 3409 4310 quan-

1853 4311 1963 4368 tum
1998 4316 2064 4366 ad
2094 4311 2418 4364 ﬂammantia
2454 4312 2674 4369 Iumina,
2707 4313 2844 4365 haud
2875 4327 3001 4364 vero
3037 4323 3297 4380 quantum
3339 4314 3408 4365 ad

1849 4387 2101 4444 Calorem,
2124 4383 2278 4449 paulo
2311 4393 2433 4434 ante
2461 4383 2896 4449 exstinguebant.
2917 4398 3075 4451 quam
3116 4392 3409 4451 martyrum

1852 4454 2170 4522 Corpol'ibus
2192 4466 2284 4502 cas
2315 4451 2684 4523 admoverent,
2715 4463 2771 4505 ut
2800 4455 2876 4505 sic
2909 4454 3118 4504 leutiori
3153 4453 3271 4523 igne
3294 4467 3411 4505 cre—

1854 4520 2063 4577 mandis
2089 4531 2380 4587 martyrum
2413 4520 2671 4574 membris
2701 4525 2942 4587 aptiores
2969 4532 3172 4575 essent.

1917 4592 2027 4661 (12)
2063 4590 2204 4661 Mare
2232 4591 2373 4643 istud
2414 4589 2578 4643 fuisse
2618 4589 2844 4644 Pontum
2903 4589 3194 4656 Euxinum,
3226 4591 3410 4646 Amiso

1847 4660 1962 4716 urbi
1999 4660 2324 4729 proximum,
2359 4675 2421 4713 ex
2453 4661 2764 4725 conjectura
2796 4663 2954 4715 docui
2987 4677 3137 4716 num.
3174 4663 3258 4717 15.

1918 4733 2028 4802 (15)
2057 4731 2128 4784 Ita
2167 4729 2222 4783 S.
2261 4729 2472 4802 Petrus,
2506 4743 2564 4802 ut
2616 4738 2890 4784 testantur
2922 4735 3288 4801 evangelista.
3327 4733 3410 4787 di-

1846 4795 1967 4857 vina
2001 4795 2228 4871 vit-tute
2254 4795 2548 4852 ambulavit
2578 4814 2741 4869 super
2775 4817 2988 4871 aquam,
3026 4795 3170 4870 quod
3208 4813 3261 4857 et
3288 4804 3409 4857 aliis

1844 4872 2046 4928 sanctis
2089 4868 2400 4940 contigisse,
2449 4868 2736 4938 perhibent
2790 4868 3184 4928 E‘cclesiasticc
3225 4875 3404 4928 Histo-

1845 4959 1958 4997 rue.

1915 5012 2024 5083 (l4)
2055 5010 2180 5084 Hoc_
2203 5011 2420 5084 nomine
2465 5012 2660 5084 impius
2691 5012 2982 5084 judexper
3011 5013 3398 5084 blasphemiam

1841 5081 2116 5137 Christum
2159 5082 2440 5137 Dominum
2477 5081 2649 5147 vocat,
2689 5081 2908 5137 sceleris
2946 5083 3029 5136 sui
3080 5081 3398 5138 imitatorem

1845 5155 2131 5219 pessimum
2163 5163 2346 5220 postea
2369 5163 2560 5209 nactus
2582 5154 2851 5211 lulianum
2879 5156 3208 5221 Apostatatn,
3233 5156 3321 5221 qui
3345 5166 3401 5207 et

1844 5222 2118 5344 Fictricem
2173 5224 2264 5276 Dei
2315 5222 2503 5277 ultoris
2561 5239 2778 5278 manum
2827 5236 3121 5293 agnoscere
3177 5231 3400 5276 coactus

1869 5301 1962 5344 tut.

1869 5301 1962 5346 tttt.

1881 5363 2023 5442 _(l5)
2045 5365 2254 5442 Sempe
2280 5377 2400 5419 cum
2431 5364 2672 5436 prodigia
2697 5363 2805 5425 illa,
2840 5371 2945 5417 tota
2978 5361 3408 5442 quandoquoci-

1841 5435 2008 5505 vitate
2044 5435 2382 5505 inspectante
2413 5435 2642 5505 patrata,
2680 5449 2877 5502 negare
2909 5447 3015 5505 non
3051 5445 3274 5505 possent
3305 5435 3410 5488 ini-

1841 5504 2087 5570 quissimi
2114 5503 2350 5572 j’udices,
2389 5503 2457 5559 ne
2505 5505 2840 5558 Christianos
2886 5503 2994 5555 veri
3046 5503 3137 5557 Dei
3174 5508 3408 5558 cultores

1843 5587 1984 5637 esse,
2009 5576 2160 5627 lateri
2197 5580 2540 5641 cegerentur,
2577 5587 2671 5641 per
2715 5588 2977 5626 summam
3009 5575 3272 5627 insaniam
3304 5575 3408 5626 mi-

1845 5652 2025 5698 racula
2055 5644 2140 5697 illa
2177 5646 2481 5700 daemonum
2519 5642 2805 5713 praestigiis
2834 5645 3197 5698 ascribebaut.

1913 5714 2022 5780 (l6)
2078 5714 2392 5779 Huiusmodi
2462 5711 2573 5767 fere
2629 5711 2796 5767 rotam
2859 5716 3075 5768 exhibet
3131 5711 3410 5768 Gallonius

1843 5798 1962 5854 pag.
1994 5784 2062 5837 27
2107 5788 2282 5838 littera
2334 5786 2390 5850 Β,
2428 5785 2534 5839 nisi
2567 5787 2704 5854 quod
2751 5785 3052 5838 ardentium
3106 5787 3408 5840 carbonum

3014 5875 3088 5934 32
