4178 6316
799 391 812 449 1
829 391 930 452 007

2071 387 2352 450 MENSIS
2385 385 2748 450 OCTOBER.

3893 390 4027 458 1008

791 500 933 570 apud
968 499 1164 571 Regem
1193 510 1246 555 et
1276 499 1441 554 Deum
1472 499 1854 566 immortalem,
1888 512 1945 555 ut
1976 502 2064 573 qui
2102 504 2355 556 taberna—
2386 508 2402 563 Δ

2456 502 2705 573 ἀθανάτῳ
2753 501 2959 572 βασιλεῖ
2993 503 3084 556 καὶ
3121 502 3236 574 Θεῷ
3293 505 3602 577 παρρησίαν
3663 509 4029 579 κτησάμενοι.

790 591 967 645 culum
1000 593 1216 660 quidem
1255 604 1307 647 et
1333 594 1650 659 incolatum,
1681 605 1734 648 et
1762 596 2032 656 exsilium,
2059 605 2117 648 et
2144 596 2185 649 si
2219 595 2348 664 quid

789 684 930 737 aliud
964 694 1045 737 est
1078 684 1162 737 his
1189 685 1370 748 vilius,
1405 686 1544 738 hanc
1593 687 1754 738 vitam
1796 687 2181 740 existimarent.
2215 688 2348 741 Cum

789 786 973 830 essent
1004 786 1182 829 autem
1217 777 1339 829 boui
1391 787 1723 831 mercatores
1752 793 1858 831 suae
1886 779 2090 837 salutis.
2128 789 2202 843 et,
2230 797 2349 848 quae

792 878 873 921 est
897 868 948 919 in
975 867 1176 929 futuro,
1213 870 1373 921 vitam
1403 880 1776 935 compararent
1809 886 1898 936 per
1926 873 2233 939 praesentia,
2261 888 2351 925 ve-

790 957 885 1009 luti
926 959 1212 1022 quamdam
1244 969 1412 1011 artem
1437 959 1503 1012 ad
1541 959 1685 1012 illam
1708 961 2113 1029 acquirendam,
2140 963 2350 1017 divinas

785 1049 1109 1104 exercebant
1145 1050 1472 1116 Scripturas,
1502 1061 1554 1103 et
1582 1066 1672 1104 eas
1703 1065 1919 1118 semper
1946 1051 2214 1104 habebant
2240 1067 2349 1118 prae

787 1141 1059 1193 manibus.
1109 1139 1377 1204 Quocirca
1431 1142 1540 1194 haec
1576 1157 1681 1195 non
1733 1141 1906 1209 potuit
1951 1141 2180 1194 tolerare
2211 1141 2348 1192 invi-

780 1230 902 1286 dia:
934 1240 988 1283 et
1018 1247 1136 1284 cum
1169 1234 1388 1300 quidam
1421 1233 1529 1295 alii,
1553 1241 1663 1285 tum
1694 1232 1826 1287 alias
1855 1246 2066 1300 quoque
2093 1232 2342 1298 virtutes,

784 1333 893 1374 tum
936 1323 1076 1391 apud
1117 1323 1289 1391 ipsum
1322 1323 1702 1390 imperatorem
1734 1323 2003 1387 ﬁduciam,
2038 1323 2171 1377 viris
2205 1340 2342 1393 pra:-

782 1414 938 1467 claris
970 1416 1295 1473 inviderent.
1328 1415 1466 1482 apud
1502 1413 1648 1468 illum
1697 1415 1870 1483 ipsum
1908 1431 2096 1469 eorum
2131 1416 2342 1470 ﬁducia

783 1519 1076 1567 aucmrem,
1145 1521 1343 1574 nempe
1403 1508 1812 1576 imperatorem,
1875 1523 1970 1562 eos
2034 1518 2336 1562 accusant:

776 1598 922 1663 quod
958 1597 1100 1650 illius
1133 1597 1347 1666 quidem
1381 1606 1824 1664 contempserunt
1859 1600 2172 1665 amicitiam,
2211 1600 2340 1655 deo-

782 1706 1008 1757 rumque
1052 1691 1256 1744 cultum
1301 1704 1516 1759 quoque
1565 1690 1954 1759 neglexerunt:
2001 1693 2110 1761 jam
2158 1702 2337 1746 autem

782 1779 847 1832 ad
885 1780 1043 1832 aliam
1077 1780 1422 1832 declinarunt
1460 1779 1797 1850 religionem.
1833 1796 1890 1834 se
1922 1780 2260 1835 Christianos
2285 1792 2336 1835 et

782 1869 875 1924 Dei
911 1885 1096 1925 servos
1130 1878 1404 1923 vocantes.

850 1961 913 2012 ll.
957 1960 1309 2014 Maximianus
1332 1970 1534 2023 autem,
1567 1961 1776 2018 etiamsi
1808 1962 1991 2027 sciret,
2023 1965 2164 2032 quod
2198 1980 2342 2033 saepe

785 2053 936 2106 multi
966 2053 1250 2107 calumnia:
1284 2053 1536 2107 invidiam
1569 2071 1781 2108 causam
1811 2055 2030 2118 habent,
2067 2073 2174 2109 non
2205 2057 2343 2110 veri-

780 2155 963 2208 tatem,
1014 2146 1246 2199 maxime
1277 2155 1457 2201 autem
1515 2163 1636 2201 cum
1670 2164 1778 2201 non
1814 2149 2106 2217 ignoraret,
2142 2158 2340 2217 quanta

777 2250 925 2293 esset
982 2252 1169 2292 eorum
1225 2237 1278 2291 in
1329 2239 1504 2308 ipsum
1561 2239 1940 2294 benevolentia
1983 2258 1996 2292 :
2042 2243 2340 2310 quinetiam

776 2327 958 2381 animo
985 2335 1223 2382 versaret
1268 2342 1421 2381 suam
1469 2328 1731 2381 saevitiam
1776 2339 1831 2382 et
1876 2331 2220 2384 acerbitatem
2257 2334 2340 2401 (ea

775 2419 918 2472 enim
952 2419 1034 2472 vel
1067 2419 1298 2472 maxime
1346 2419 1464 2472 aliis
1511 2419 1877 2474 contendebat
1920 2423 2260 2490 antecellere)
2289 2433 2341 2479 et

775 2510 917 2576 quod
957 2511 1000 2564 si
1031 2508 1170 2564 forte
1201 2511 1425 2568 deorum
1458 2509 1916 2582 benevolentiam,
1945 2524 1999 2566 et
2033 2515 2174 2567 illius
2203 2517 2338 2568 ami-

774 2600 954 2654 citiam
1008 2603 1322 2656 statuissent
1387 2603 1692 2671 deSpicere,
1761 2605 2060 2672 periculum
2120 2608 2335 2675 quidem

774 2700 920 2746 certe
957 2692 1300 2748 timuissent:
1339 2695 1788 2764 existimaretque
1820 2711 1940 2751 esse
1981 2713 2092 2751 non
2145 2701 2338 2766 proba-

774 2783 925 2845 bilia,
976 2784 1070 2837 sed
1095 2783 1248 2848 falsa,
1293 2800 1411 2854 qua:
1438 2785 1801 2840 dicebantur:
1836 2802 1896 2841 ea
1926 2799 2104 2842 tamen
2141 2790 2333 2843 admit-

773 2874 934 2929 tenda
964 2889 1071 2927 non
1111 2890 1233 2929 esse
1276 2876 1410 2929 citra
1443 2877 1917 2941 examinationem,
1953 2887 2010 2932 ut
2046 2892 2336 2934 consenta-

773 2981 933 3018 neum
987 2974 1125 3029 erat,
1170 2966 1571 3020 considerabat.
1627 2964 1767 3030 Quid
1813 2981 1941 3036 ergo
1997 2967 2158 3020 facit?
2202 2971 2334 3023 Cum

770 3057 1114 3124 Splendidum
1159 3066 1213 3112 et
1235 3057 1576 3126 magniﬁcum
1615 3068 1856 3125 parasset
1888 3060 2235 3126 sacriﬁcium,
2282 3071 2336 3116 et

769 3149 1080 3218 quicunque
1111 3157 1264 3202 erant
1299 3149 1427 3202 clari
1455 3157 1510 3203 et
1541 3148 1794 3211 illustres,
1823 3150 1876 3203 in
1911 3152 2166 3220 templum
2205 3168 2334 3206 con-
2357 3188 2402 3250 Ο

770 3241 975 3302 venire,
1022 3248 1076 3294 et
1116 3240 1362 3296 sacriﬁcii
1409 3255 1533 3294 cum
1571 3255 1637 3294 eo
1682 3255 1803 3294 esse
1845 3243 2136 3310 participes
2183 3247 2332 3311 prius

769 3331 1035 3399 iussisset,
1070 3347 1181 3385 rem
1207 3331 1464 3400 deinceps
1490 3331 1800 3386 examinare
1826 3334 2127 3387 constituit.
2156 3335 2332 3403 Atque

769 3426 882 3492 ipse
913 3424 1129 3493 quidem
1176 3425 1384 3492 primus
1415 3424 1752 3494 ingreditur:
1782 3427 1943 3480 simul
1986 3438 2162 3481 autem
2207 3444 2330 3482 cum

768 3533 834 3572 eo
864 3517 1160 3587 ingreditur
1189 3518 1349 3571 etiam
1384 3532 1576 3587 magna
1614 3518 1923 3580 multitudo,
1975 3529 2028 3572 et
2068 3529 2183 3572 erat
2211 3524 2332 3572 uni-

767 3623 921 3662 versa
941 3608 993 3662 in
1022 3607 1220 3678 templo
1243 3617 1583 3677 congregata.
1612 3606 1674 3660 Et
1692 3608 1780 3661 alii
1805 3609 2020 3677 quidem
2044 3609 2332 3678 diligenter

770 3697 1097 3768 peragebant
1134 3697 1484 3759 sacriﬁcium,
1528 3706 1582 3751 et
1616 3708 1935 3766 pratsentem
1969 3699 2331 3753 observabant

775 3787 1177 3841 Maximiauum.
1219 3783 1438 3854 Sergius
1469 3800 1597 3838 vero
1633 3795 1687 3837 et
1707 3785 1950 3838 Bacchus
1978 3787 2073 3839 viri
2101 3802 2326 3854 genero-

770 3876 992 3939 sissimi,
1042 3890 1109 3929 ne
1158 3873 1338 3940 tetnpli
1387 3874 1602 3944 quidem
1651 3883 1858 3942 portam
1904 3873 2152 3945 ingressi,
2200 3875 2331 3930 foris

773 3967 989 4021 stabant
1041 3966 1258 4029 alicubi,
1306 3966 1406 4034 ipsi
1456 3965 1564 4018 Deo
1592 3964 1772 4033 potius
1819 3981 2012 4031 purum
2053 3975 2107 4019 et
2143 3981 2326 4020 verum

773 4070 1089 4127 peragentes
1133 4055 1478 4118 sacriﬁcium,
1521 4065 1574 4109 et
1620 4069 1714 4122 pro
1741 4055 1858 4106 aliis
1896 4066 2186 4126 rogantes:
2224 4057 2329 4109 Do-

773 4151 939 4213 mine,
995 4149 1241 4214 Domine,
1295 4147 1565 4212 dicebant,
1623 4148 1762 4200 Deus
1815 4146 1919 4198 Rex
1972 4147 2327 4216 singulorum,

769 4241 961 4296 exaudi
1013 4256 1198 4295 vocem
1240 4250 1436 4294 nostra:
1469 4240 1748 4301 orationis,
1797 4248 1849 4293 et
1903 4240 2165 4307 propitius
2212 4247 2328 4293 esto

773 4331 1076 4387 haereditati
1108 4341 1231 4386 tuae.
1261 4332 1447 4392 Parce,
1469 4331 1715 4392 Domine,
1741 4341 1795 4384 et
1823 4345 1889 4383 ne
1912 4344 2005 4383 eos
2029 4329 2236 4382 dederis
2262 4331 2328 4383 ad

768 4422 1106 4491 gloriandum
1135 4421 1468 4474 adversario.
1506 4419 1610 4472 Sed
1637 4419 1902 4485 illumiua,
1935 4421 2179 4492 Domine,
2213 4421 2330 4472 illu-

2458 591 2549 644 ἆτε
2585 591 2785 660 σκηνὴν
2814 593 2908 660 μὲν
2941 593 3028 643 τον
3059 595 3182 663 τῇδε
3228 593 3341 663 βίον
3397 597 3490 648 καὶ
3525 599 3822 666 παροικίαν
3849 599 3946 648 καὶ
3973 597 4032 649 εἴ

2452 700 2504 733 τι
2533 683 2663 734 ἄλλο
2693 684 2798 734 τῶν
2852 684 3084 735 εὐτελῶν
3121 684 3433 754 ἡγούμενοι,
3488 688 3714 756 ἔμποροι
3746 689 3800 740 δὲ
3833 688 4027 755 ἀγαθοὶ

2452 773 2548 838 τῆς
2587 773 2792 823 ἑαυτῶν
2827 774 3096 840 γινόμενοι
3131 775 3422 844 σωτηρίας,
3454 778 3545 827 καὶ
3574 777 3670 844 τὴν
3703 780 3761 826 ἐν
3796 777 3877 844 τῷ
3905 778 4024 844 μὲλ-

2450 864 2594 915 λοντι
2627 865 2769 932 ζωὴν
2803 865 2890 915 διὰ
2916 866 3021 914 τῶν
3047 868 3328 933 παρόντων
3372 868 3906 935 πραγματευόμενοι,
3936 871 4024 921 καὶ

2452 953 2639 1023 ὥσπερ
2674 956 2795 1007 τινὰ
2839 958 2972 1026 πρὸς
3016 959 3112 1024 τὴν
3147 959 3356 1025 ἐκείνης
3403 960 3643 1026 κτήσεως
3674 960 3861 1010 διδασκ
3907 962 4024 1011 λίαν

2452 1045 2544 1096 καὶ
2573 1047 2763 1112 τέχνην
2788 1047 2882 1105 τὰς
2929 1045 3075 1105 θείας
3119 1048 3384 1114 μετιόντες
3442 1047 3654 1114 Γραφὰς
3687 1049 3781 1098 καὶ
3819 1050 4024 1111 ταύτας

2448 1134 2534 1187 διὰ
2590 1135 2772 1203 χειρὸς
2809 1136 3061 1203 Ἔχοντες.
3111 1135 3272 1185 ’Ὅθεν
3323 1137 3441 1185 οὑὀέ
3496 1137 3697 1187 ἀνεκτὰ
3750 1136 3922 1186 ταῦτα
3948 1141 4024 1206 τῷ

2450 1225 2627 1294 φθόνῳ
2660 1227 2915 1294 κατέστη,
2951 1226 3086 1278 ἀλλά
3145 1243 3286 1288 τινες
3341 1228 3449 1287 τοῖς
3505 1232 3770 1290 γενναίοις
3818 1231 3917 1296 τῆς
3966 1247 4021 1281 τε

2447 1316 2611 1383 ἄλλης
2658 1316 2858 1384 ἀρετῆς
2918 1318 3010 1368 καὶ
3058 1317 3120 1386 δὴ
3167 1319 3258 1368 καὶ
3314 1317 3411 1383 τῆς
3459 1318 3538 1378 εἰς
3584 1321 3746 1369 αὐτὸν
3799 1321 4024 1388 βασιλέα

2447 1411 2758 1478 παρῤησιας
2787 1411 3042 1478 χήναντες
3069 1410 3200 1479 πρὸς
3239 1414 3442 1460 ἐκεῖνον
3468 1411 3558 1461 τὸν
3591 1412 3684 1479 τῆς
3709 1415 4021 1481 παρρησίας

2446 1498 2617 1550 αἴτιον
2679 1498 2926 1568 βασιλέα,
2977 1501 3101 1561 τοὺς
3167 1501 3362 1568 ἄνδρας
3426 1503 3900 1555 ἐνδιαϐάλλουσιν·
3943 1505 4016 1568 ὡς

2444 1589 2830 1660 ώλιγωρήκασι
2888 1591 2984 1660 μὲν
3020 1592 3227 1644 ἐκείνου
3281 1595 3486 1660 φιλίας,
3514 1596 3790 1666 ὴλόγησαν
3840 1597 4019 1648 δὲκαὶ

2441 1684 2536 1748 τῆς
2565 1685 2699 1752 πρὸς
2723 1684 2874 1752 θεοὺς
2907 1684 3222 1750 θεραπείας,
3252 1686 3343 1737 καὶ
3369 1688 3497 1755 προς
3539 1689 3728 1756 ἑτέραν
3755 1689 3857 1756 ἤδη
3889 1690 4021 1757 θρη-

2445 1775 2633 1825 σκείαν
2663 1774 2978 1834 ἀπέκλιναν,
3004 1773 3362 1844 Χριστιανοὺς
3394 1778 3617 1840 ἑαυτοὺς
3651 1781 3746 1830 καὶ
3773 1781 4015 1849 Χριστοῦ

2376 1861 2416 1915 Β
2445 1866 2660 1927 δούλους
2691 1866 3137 1935 ἐπιφημίζοντες.

2515 1957 2588 2008 B'.
2611 1957 2954 2025 Μαξιμιανὸς
2998 1961 3178 2025 μέντοι
3207 1960 3298 2010 καὶ
3332 1961 3490 2021 αὐτὸς
3519 1961 3670 2024 εἰδὼς
3695 1963 3775 2014 ὅτι
3804 1961 4017 2022 πολλοῖς

2444 2046 2700 2108 πολλάκις
2754 2049 2811 2099 αἱ
2848 2048 3092 2102 διαϐολαὶ
3147 2049 3340 2117 φθόνου
3389 2053 3565 2103 αἰτίαν
3628 2056 3870 2120 ἔχουσιν,
3921 2056 4017 2106 οὐκ

2441 2139 2722 2207 ἀλήθειαν.
2745 2141 2916 2202 ἄλλως
2955 2158 3012 2192 τε
3053 2141 3109 2192 δὲ
3151 2147 3240 2194 καὶ
3278 2144 3378 2212 τὴν
3422 2144 3527 2196 τῶν
3566 2145 3774 2213 ἀνδρων
3803 2147 4017 2198 εὔνοιαν

2443 2233 2613 2300 ὁπόση
2651 2233 2722 2302 μὴ
2756 2232 2988 2298 ἀγνοῶν,
3014 2233 3148 2285 ἀλλὰ
3184 2237 3277 2285 καὶ
3317 2235 3413 2303 τὴν
3443 2236 3648 2287 οἰκείαν
3667 2237 3936 2302 ἀπήνειαν
3959 2255 4014 2289 τε

2442 2323 2536 2373 καὶ
2587 2322 2888 2390 αὐστηρίαν
2933 2323 3025 2374 ἐπὶ
3083 2323 3206 2374 νοῦν
3252 2325 3424 2392 ἔχων·
3455 2327 3625 2396 ταύτῃ
3659 2344 3742 2378 τοι
3777 2330 3889 2395 γὰρ
3923 2331 4015 2380 καὶ

2445 2413 2676 2481 μάλιστα
2726 2411 3005 2480 διαφέρειν
3052 2412 3158 2464 τῶν
3205 2413 3378 2465 ἄλλων
3404 2415 3586 2477 αὐτοῖς
3617 2419 4011 2485 ἐφιλοτιμεῖτο,

2441 2503 2534 2554 καὶ
2565 2503 2637 2564 ώς
2670 2503 2717 2554 εἰ
2754 2504 2891 2572 τάχα
2927 2503 3022 2555 καὶ
3053 2505 3151 2568 τῆς
3192 2506 3401 2566 εὐνοίας
3454 2508 3649 2559 ἐκεῖνοι
3685 2510 3890 2576 ταύτης
3919 2515 4011 2563 καὶ

2438 2595 2534 2660 τῆς
2560 2594 2740 2660 φιλίας
2772 2595 3043 2661 ὑπεριδεῖν
3069 2595 3308 2664 ἔκριναν,
3352 2595 3486 2648 αλλὰ
3532 2598 3624 2648 τὸν
3666 2600 3910 2651 κίνδυνον
3949 2606 4011 2653 ἂν

2438 2683 2783 2754 ἐφοϐήθησαν
2805 2701 2819 2715 ·
2849 2686 3089 2738 ἀπίθανά
3111 2702 3168 2736 τε
3200 2689 3385 2755 ἡγεῖτο
3424 2689 3517 2740 καὶ
3546 2690 3713 2758 ψευδή
3754 2694 3823 2744 τὰ
3857 2693 4012 2759 λεγὸ-

2442 2793 2574 2844 μενα
2600 2815 2613 2838 ,
2650 2779 2742 2828 καὶ
2788 2777 2869 2827 ὅτι
2911 2780 2985 2845 μὴ
3013 2777 3384 2840 ἀϐασανίστως
3419 2779 3587 2832 ταῦτα
3617 2785 4009 2853 προσδέχεσθαι

2437 2868 2535 2930 δεῖ,
2564 2871 2702 2921 κατὰ
2759 2869 2913 2937 λόγον
2962 2871 3285 2922 ἐσκόπει.ἰ’ί
3324 2871 3415 2923 οὖν
3463 2878 3644 2934 ποιεῖς
3682 2876 3891 2927 Θυσίαν
3925 2896 4010 2943 φι-

2437 2960 2649 3029 λότιμον
2685 2963 2777 3014 καὶ
2810 2963 3070 3030 πολυτελῆ
3097 2964 3674 3033 παρασκευασάμενος,
3700 2971 3796 3018 καὶ
3825 2972 4008 3020 συνελ-

2438 3056 2548 3108 θεῖν
2582 3059 2656 3118 εἰς
2687 3056 2746 3107 τὸ
2804 3055 2945 3122 ἱερὸν
2985 3057 3112 3106 ὅσον
3177 3058 3302 3121 περὶ
3376 3059 3536 3108 αὑτὸν
3584 3061 3851 3124 ἐπιφανὲς
3903 3058 4003 3132 ἦν·

2437 3148 2760 3214 κοινωνῆσαί
2792 3163 2849 3196 τε
2885 3145 3031 3212 αὐτῷ
3086 3145 3180 3212 τῆς
3242 3145 3431 3205 θυσίας
3471 3147 3737 3216 πρότερον
3789 3168 4006 3217 παραγ-

2437 3240 2640 3304 γείλας,
2666 3237 2910 3288 ἐντεῦθεν
2942 3237 3233 3303 δοκιμάσαι
3261 3241 3317 3286 τὸ
3343 3239 3576 3305 πρᾶγμα
3625 3248 3717 3290 καὶ
3771 3244 3870 3308 τὴν
3895 3243 4005 3293 δια-

2436 3329 2595 3396 ϐολήν
2622 3329 2956 3395 διεσκέῲατο.
2984 3324 3168 3394 Εἰσῄει
3201 3328 3296 3396 μὲν
3317 3323 3406 3380 οὖν
3430 3332 3588 3391 αὐτὸς
3608 3333 3849 3398 πρῶτος,
3883 3351 4002 3384 συν-

2434 3420 2603 3489 εισῄει
2666 3421 2720 3471 δέ
2750 3419 2899 3488 αὐτῷ
2947 3422 3038 3471 καὶ
3073 3420 3204 3471 πολύ
3246 3437 3294 3471 τι
3343 3420 3566 3488 πλῆθος,
3593 3425 3688 3474 καὶ
3721 3424 3846 3476 ὅσον
3871 3429 4002 3479 κατὰ

2432 3512 2492 3561 τὸ
2526 3513 2668 3578 ἱερὸν
2691 3571 2694 3575 _
2716 3511 2988 3579 ἤθροιστο.
3016 3512 3124 3561 Καὶ
3153 3513 3199 3562 οί
3239 3511 3336 3578 μὲν
3375 3513 3473 3578 τὴν
3504 3511 3697 3562 Θυσίαν
3733 3517 4003 3582 ἐπιμελῶς

2432 3603 2719 3674 διετέλουν,
2752 3604 2844 3654 καὶ
2876 3603 3114 3672 παρόντα
3143 3602 3232 3654 τὸν
3261 3602 3598 3670 Μαξιμιανὸν
3640 3604 4000 3671 ἐθεράπευον.

2433 3697 2650 3763 Σέργιος
2669 3697 2722 3744 δὲ
2747 3697 2839 3746 καὶ
2870 3697 3078 3764 Βάκχος
3107 3697 3154 3746 oi.
3193 3696 3574 3761 γενναιότατοι,
3605 3697 3743 3764 μηδέ
3769 3701 3834 3766 τῇ
3866 3699 4003 3768 θύρᾳ.

2432 3784 2524 3836 τοῦ
2583 3785 2726 3854 ἱεροῦ
2773 3785 3189 3853 προσϐαλόντες,
3217 3783 3321 3846 ἔξω
3380 3797 3481 3836 που
3529 3790 3997 3852 παρειστήκεσαν.

2432 3876 2582 3926 αὐτοὶ
2617 3875 2816 3944 μᾶλλον
2849 3875 2966 3944 Θεῷ
3005 3876 3101 3944 τὴν
3125 3875 3372 3944 καθαράν
3401 3891 3459 3927 τε
3484 3875 3576 3927 καὶ
3597 3875 3778 3944 ἁληθῆ
3793 3877 4000 3929 τελοῦν-

2431 3985 2519 4028 τες
2549 3969 2757 4027 θυσίαν,
2781 3969 2876 4018 καὶ
2909 3968 3045 4036 ὑπὲρ
3074 3969 3294 4018 ἐκείνων
3324 3967 3586 4036 δεόμενοι,
3612 3967 3810 4036 Κύριε,
3834 3971 3997 4038 Κύριε

2429 4059 2745 4126 λέγοντες,ὁ
2779 4057 3031 4126 βασιλεὺς
3059 4057 3163 4108 τῶν
3194 4056 3428 4121 αἰώνων,
3460 4055 3714 4108 ἐνώτισαι
3743 4061 3846 4127 τὴν
3892 4078 3998 4127 φω-

2432 4149 2525 4220 νὴν
2555 4151 2648 4219 τῆς
2675 4148 3120 4220 δεήσεωςοὴμῶν,
3140 4148 3390 4218 ἱλάσθητι
3421 4151 3485 4217 τῇ
3519 4148 3861 4219 κληρονομίᾳ
3888 4167 3992 4206 σου,

2430 4244 2632 4301 Φεῖσαι.
2666 4241 2857 4310 Κύριε,
2883 4247 2976 4295 καὶ
3011 4243 3083 4312 μὴ
3113 4241 3215 4307 etp;
3259 4243 3453 4302 αὐτοὺς
3495 4241 3572 4303 εις
3623 4245 3895 4310 καύχημα
3928 4243 3994 4312 τῷ

2437 4335 2807 4400 ἀντικειμένῳ,
2864 4331 2996 4384 ἀλλὰ
3047 4332 3301 4399 φώτισον,
3356 4330 3545 4401 Κύριε,
3574 4334 3817 4398 φώτισον
3880 4338 3993 4396 τοὺς

2432 4423 2740 4490 ὀφθαλμοὺς
2768 4421 2873 4473 τών
2904 4421 3140 4491 καρδιῶν
3164 4420 3361 4482 αὐτῶν,
3391 4426 3481 4472 καὶ
3510 4423 3586 4483 είς
3619 4425 3720 4491 τὴν
3755 4426 3857 4492 σὴν
3887 4414 3994 4474 επί-

767 4515 915 4569 miua
949 4515 1134 4568 oculos
1176 4512 1422 4566 cordium
1469 4525 1680 4573 eorum,
1719 4521 1772 4564 et
1803 4526 1894 4564 eos
1931 4513 2104 4566 deduc
2138 4513 2202 4565 ad
2249 4513 2323 4565 tui
2355 4531 2402 4589 ι)

2442 4531 2631 4581 γνωσιν
2695 4514 2888 4576 αὐτοὺς
2943 4513 3330 4583 καθοδήγησον,
3383 4514 3431 4565 οῖ
3471 4515 3527 4566 ὲν
3557 4517 3739 4568 σκότει
3777 4516 3874 4566 νύν
3907 4517 3992 4582 τῆς

767 4604 1118 4673 agnitionem,
1157 4605 1244 4671 qui
1298 4617 1441 4655 nunc
1485 4603 1536 4655 in
1586 4600 1823 4655 tenebris
1853 4601 2131 4656 ambulant
2175 4604 2325 4673 igno-

769 4695 978 4758 rantiae,
1009 4703 1064 4748 et
1099 4713 1116 4744 ι
1151 4702 1502 4747 mutaverunt
1528 4692 1750 4762 gloriam
1778 4704 1942 4756 tuam,
1970 4697 2061 4761 qui
2091 4710 2148 4746 es
2180 4695 2326 4748 solus

766 4786 931 4850 Deus,
988 4796 1044 4840 et
1099 4787 1311 4840 alienus
1369 4787 1436 4840 ab
1494 4786 1741 4847 interitu,
1801 4785 1854 4837 in
1913 4785 2324 4839 similitudinem

763 4876 1087 4939 bestiarum,
1119 4875 1554 4945 quadrupedum,
1580 4885 1633 4928 et
1654 4875 1989 4945 serpentium
2013 4876 2053 4938 ¹,
2086 4893 2104 4926 ι
2141 4886 2193 4928 et
2217 4891 2243 4926 a
2276 4885 2326 4928 te

765 4968 1102 5032 defecerunt,
1159 4978 1214 5022 et
1254 4966 1632 5022 sacriﬁcarunt
1679 4982 1864 5020 eorum
1902 4967 2240 5036 sculptilibus
2273 4976 2327 5020 et

765 5073 965 5113 nomen
997 5068 1243 5112 sanctum
1280 5069 1428 5112 tuum
1468 5057 1804 5127 contemptui
1835 5059 2160 5112 habuerunt.
2188 5058 2326 5111 Con-

763 5161 910 5208 verte
942 5165 1058 5215 eos,
1095 5150 1342 5212 Domine.
1384 5162 1437 5204 et
1466 5159 1794 5220 cognoscant
1829 5150 2089 5203 mirabilia
2124 5159 2233 5213 tua,
2276 5157 2329 5202 et

764 5245 1103 5314 unigenitum
1140 5251 1288 5295 tuum
1324 5238 1540 5305 Filium,
1587 5251 1641 5295 et
1674 5240 2006 5295 Salvator-em
2053 5252 2322 5307 nostrum,

764 5336 856 5405 qui
895 5335 1198 5390 voluntaria
1233 5347 1394 5388 cruce
1428 5344 1481 5388 et
1513 5343 1686 5387 morte
1735 5344 1977 5388 nostram
2015 5335 2324 5404 procuravit

762 5429 1010 5481 salutem.
1038 5425 1205 5480 Porro
1236 5436 1415 5480 autem
1451 5441 1550 5479 nos
1580 5439 1794 5495 quoque
1823 5439 2092 5479 conserva
2117 5425 2321 5479 alienos

761 5535 789 5573 ο
828 5519 1253 5588 reprehensione
1303 5520 1356 5572 in
1387 5519 1470 5572 via
1512 5516 1948 5572 testimoniorum
1997 5528 2231 5571 tuorum.
2265 5524 2318 5570 et

763 5612 816 5664 in
869 5609 1114 5666 custodia
1165 5619 1378 5663 tuorum
1435 5610 1835 5664 mandatorum.
1884 5607 2058 5676 Atque
2102 5610 2314 5676 quidem

763 5702 892 5754 loris
922 5712 1126 5755 stantes
1168 5710 1315 5753 extra
1348 5706 1530 5768 portas
1558 5700 1764 5768 templi,
1791 5699 1902 5752 haec
1938 5698 2316 5765 precabantur,

766 5801 818 5846 et
849 5792 923 5841 sic
951 5791 1115 5842 Deum
1147 5791 1448 5853 placabant.

841 5882 859 5915 ⁸
894 5877 1122 5940 Rom.l,
1163 5881 1252 5932 ‘23.

2424 4609 2640 4674 ἀγνοίας
2674 4606 3013 4678 πορεύονται,
3055 4611 3146 4658 καὶ
3205 4605 3500 4674 ἠλλαξαντο
3557 4608 3656 4676 τὴν
3696 4607 3862 4673 δόξαν
3908 4625 3989 4659 σου

2422 4695 2516 4748 τοῦ
2549 4697 2866 4764 μονογενοῦς
2898 4702 2990 4749 καὶ
3039 4699 3316 4768 ἀφθάρτου
3367 4696 3525 4761 θεοῦ,
3583 4700 3641 4750 ἐν
3687 4701 3988 4769 ὁμοιώματι

2425 4788 2650 4858 θηρίων,
2677 4788 2771 4840 καὶ
2803 4791 3147 4858 τετραπόδων
3185 4792 3279 4842 καὶ
3313 4790 3558 4859 ἑρπετῶν
3584 4779 3913 4860 ἀπέστησαν
3938 4807 3986 4842 τι

2425 4881 2532 4934 ἀπὸ
2566 4880 2679 4944 σοῦ,
2722 4882 2814 4932 καὶ
2852 4881 3050 4934 ἔθυσαν
3084 4885 3194 4944 τοῖς
3236 4882 3492 4950 γλυπτοῖς
3541 4883 3746 4948 αὐτῶν,
3789 4887 3887 4938 καὶ
3939 4885 3989 4934 τὸ

2424 4971 2592 5040 ονομα
2625 4971 2683 5024 τὸ
2709 4971 2860 5038 ἅγιόν
2897 4989 2989 5025 σου
3015 4973 3308 5042 ἠθέτησαν.
3358 4972 3726 5044 Ἐπίστρεψον
3777 4977 3984 5034 αὐτοὺς.

2424 5064 2616 5133 Κύριε,
2647 5065 2739 5116 καὶ
2784 5063 3074 5131 γνώτωσαν
3097 5066 3166 5118 τὰ
3211 5064 3485 5135 θαυμάσιά
3512 5082 3626 5129 σου,
3646 5068 3745 5119 καὶ
3775 5068 3870 5121 τὸν
3906 5084 3986 5135 μο-

2424 5157 2618 5226 νογενῆ
2649 5173 2740 5209 σου
2775 5157 2898 5210 Υίὸν
2925 5158 3018 5212 καὶ
3071 5158 3296 5227 Σωτῆρα
3325 5160 3595 5229 ἡμέτερον
3617 5175 3630 5189 ·
3663 5158 3724 5222 ὃς
3760 5161 3982 5226 ἐκουσίῳ

2427 5248 2640 5318 σταυρῷ
2666 5251 2759 5302 καὶ⁵
2796 5250 3010 5318 θανάτῳ
3046 5249 3142 5312 τὴν
3180 5251 3335 5320 ἡμῶν
3361 5250 3866 5320 ἐπραγματεύσατο
3895 5268 3982 5303 σω-

2424 5341 2639 5411 τηρίαν.
2663 5343 2765 5394 Καὶ
2791 5342 2933 5411 ἡμᾶς
2957 5341 3012 5394 δέ
3055 5342 3320 5411 ἀμώμους
3354 5345 3409 5396 ἐν
3453 5345 3516 5410 τῇ
3549 5342 3654 5410 ὀδῷ
3705 5343 3816 5394 τῶν
3856 5362 3980 5413 μαρο

2428 5434 2628 5502 τυρίων
2658 5451 2748 5486 σου
2788 5437 2876 5486 καὶ
2905 5437 2970 5504 τῇ
3000 5434 3108 5486 τῶν
3142 5435 3366 5488 ἐντολῶν
3403 5451 3496 5486 σου
3542 5434 3767 5506 φυλακῇ
3813 5436 3981 5500 διατή-

2431 5542 2612 5594 ρησον.
2634 5527 2696 5578 Ol
2727 5525 2825 5596 μὲν
2851 5520 2943 5579 οὖν
2969 5525 3072 5592 ἐξω
3097 5529 3200 5597 πρὸ
3238 5527 3342 5580 τῶν
3380 5525 3562 5581 πυλῶν
3594 5525 3692 5581 τοῦ
3741 5526 3887 5597 ἱεροῦ
3911 5526 3981 5578 ἐσ-

2425 5617 2592 5680 τῶτες
2614 5617 2836 5672 τοιαῦτα
2873 5618 3267 5690 προσηύχοντο.
