4178 6316
195 373 318 442 1009

255 489 329 541 l".
384 480 727 552 Μαξιμιανδς
779 480 835 535 δὲ
894 478 1170 545 εἰσελθὼν,
1222 480 1318 532 καὶ
1352 478 1477 548 τῇδε
1529 476 1750 531 κάκεῖσε
1780 473 1829 532 Α

192 577 672 651 περιϐλεψάμενος,
702 574 778 638 ὡς
842 572 1036 643 μόνους
1090 571 1332 634 ἐκείνους
1382 571 1607 639 Σέργιον
1651 567 1751 620 οὐκ

178 673 283 729 νῖδοι
314 671 406 723 καὶ
446 671 658 737 Βάκχον
684 668 818 721 εῖσω
850 667 944 720 τοῦ
979 664 1124 737 ἱεροῦ
1148 666 1285 734 μετὰ
1317 662 1426 717 τῶν
1453 662 1627 717 ἄλλων
1650 678 1752 713 πα-

194 767 377 837 ρόντας
400 765 520 817 τότε
552 763 616 832 δὴ
650 762 833 815 πίστιν
866 759 1071 828 ἀκριΕῆ
1100 760 1157 811 τδ
1193 759 1474 826 γινόμενον
1499 756 1595 822 τῆς
1630 750 1750 806 κατ’

194 853 362 905 αὐτῶν
387 851 633 921 διαϐολῆς
660 853 911 902 ἐποιεῖτο.
938 850 1043 900 Καὶ
1067 846 1225 908 εὐθὺς
1257 848 1290 917 ἡ
1332 846 1568 914 συνήθης
1610 843 1753 911 ἀπή-

190 943 303 997 νειά
352 960 408 995 τε
464 944 559 997 καὶ
616 943 872 1012 ἀγριότης
904 942 998 992 καὶ
1027 941 1059 1010 ὴ
1087 941 1220 1009 ὀργή
1242 956 1258 972 ο
1293 939 1382 991 καὶ
1418 938 1470 990 τί
1507 936 1748 1005 μέλλετε,

194 1035 320 1104 πρὸς
349 1037 472 1095 τοὺς
505 1034 859 1103 παρεστῶτας
882 1049 898 1063 ⁸
936 1035 1029 1086 καὶ
1063 1033 1196 1086 πολὺ
1235 1032 1556 1101 άχοήτωσαν
1580 1030 1628 1082 οἱ
1654 1046 1752 1081 και

196 1128 415 1197 τάρατοι
470 1126 608 1197 μετὰ
658 1124 889 1194 φοεεροῦ
917 1125 1011 1179 τοῦ
1057 1124 1442 1193 κελεύσματος.
1497 1123 1752 1189 Ἀγονται

193 1219 367 1272 τοίνυν
397 1220 446 1270 οἱ
476 1218 732 1286 μακάριοι
761 1217 977 1278 στολαῖς
1023 1218 1213 1279 αὑταῖς
1253 1218 1347 1269 καὶ
1395 1215 1607 1285 χλανίσι
1659 1216 1755 1267 καὶ

193 1308 407 1372 ζώναις,
435 1308 537 1362 ὑπὸ
579 1310 679 1379 μιᾷ
714 1310 932 1383 γλώττῃ
960 1310 1056 1378 τὴν
1106 1309 1365 1375 γλυκεῖαν
1406 1308 1624 1377 ἐκείνην
1667 1307 1755 1358 εύ-

192 1402 287 1473 χὴν
318 1403 757 1470 ἐπιστρέφοντες.
783 1399 917 1455 Εἶτα
947 1402 1045 1471 τὴν
1093 1402 1325 1472 άρχικὴν
1372 1402 1509 1472 ἄρας
1535 1402 1706 1469 ὀφρὺν
1729 1402 1757 1453 ὁ

193 1494 461 1563 βασιλεὺς,
503 1495 596 1547 καὶ
651 1494 883 1561 σοϐαρὸν
936 1495 1120 1554 αὐτοῖς
1167 1490 1261 1546 καὶ
1311 1493 1499 1560 ἄγριον
1547 1491 1754 1556 ἐνιδὼν,

205 1582 470 1647 Ἐοίκατε,
500 1585 628 1655 ἔφη,
650 1585 961 1655 παρρησίας
988 1586 1051 1635 ού
1085 1584 1223 1635 κατα
1284 1582 1473 1651 καιρὸν
1517 1582 1759 1635 ἀπολαύ-

194 1690 383 1735 σαντες
417 1673 517 1740 τῆς
554 1676 715 1742 ἐμῆς,
748 1673 924 1734 ἄλλως
957 1689 1011 1722 τε
1045 1671 1099 1722 δὲ
1137 1672 1230 1723 καὶ
1264 1672 1330 1738 τῇ
1381 1668 1547 1738 πολλῇ
1586 1668 1760 1739 ταύτῃ

193 1761 375 1837 ᾗπερῖ.
400 1768 541 1835 ὑμᾶς
562 1763 1234 1834 ὲκεχρήμεοα,·εύμενείᾳ,
1261 1761 1461 1830 πολλὴν
1508 1756 1759 1828 εὐήθειαν

196 1856 558 1923 καταγνόντες
611 1856 787 1926 ἡμῶν,
813 1858 905 1909 καὶ
932 1855 1020 1908 διὰ
1050 1853 1206 1907 τοῦτο
1256 1850 1669 1921 κατεπαρθῆναί
1704 1868 1761 1903 τε

192 1948 285 2001 τοῦ
314 1950 585 2019 ἡμετέρου
619 1950 874 2020 κράτους.
905 1950 999 2003 καὶ
1026 1949 1230 2002 ἀνόσιοι
1265 1947 1362 2017 μὲν
1394 1945 1460 1998 τὰ
1487 1944 1613 2013 περὶ
1638 1944 1763 2007 τοὺς

196 2040 351 2105 θεοὺς
385 2043 601 2107 αὐτοὺς,
634 2045 918 2114 ἀχάριστοι
954 2042 1009 2094 δὲ
1046 2042 1177 2111 περὶ
1224 2042 1370 2109 ἡμᾶς
1412 2039 1638 2106 ὀφθῆναι
1671 2036 1765 2088 καὶ

193 2135 392 2190 ἄδικοι.
433 2137 574 2189 Ἀλλ’
604 2140 651 2189 εἰ
686 2138 759 2206 μὴ
787 2136 977 2188 θύσετε
1013 2137 1105 2187 καὶ
1137 2134 1286 2192 Θεοίν,
1325 2131 1443 2201 ἅμα
1481 2132 1575 2183 καὶ
1621 2130 1767 2198 ἡμᾶς

195 2228 532 2293 ἑξιλάσεσθε,
560 2228 670 2291 ἐγὼ
703 2230 798 2297 τὴν
843 2229 982 2295 ἐμὴν
1028 2224 1233 2288 ἱκανῶς
1272 2226 1492 2290 ἰάσομαι
1523 2223 1727 2291 μέμψιν
1748 2238 1763 2254 ο

193 2322 294 2372 καὶ
328 2322 483 2389 ὑμεῖς
511 2322 705 2373 αὐτίκα
743 2320 989 2390 φανερῶς
1018 2319 1252 2381 εἴσεσθε,
1277 2321 1392 2381 οἵας
1434 2321 1769 2389 ἡμερότητος

197 2416 297 2466 καὶ
351 2415 680 2481 προσηνεὲας
716 2413 815 2464 οὐκ
877 2411 1147 2473 ἐθέλοντες
1180 2410 1490 2473 ἀπολαύειν,
1520 2407 1629 2463 οἷόν
1669 2420 1768 2477 μου

195 2506 291 2557 τὸν
350 2504 520 2573 θυμὸν
579 2504 703 2574 ἄρτι
760 2503 879 2557 καθ’
940 2503 1093 2572 ὑμῶν
1156 2503 1503 2571 κεκινήκατε.
1554 2500 1771 2553 Τούτων

196 2596 533 2657 ἀκούσαντες
570 2598 618 2648 οἱ
651 2600 907 2663 γενναῖοι.
931 2596 1027 2649 καὶ
1058 2596 1277 2662 γνόντες
1324 2595 1404 2646 ὃτι
1450 2592 1603 2656 δῆλοι
1638 2593 1772 2645 πάν-

192 2704 307 2749 τως
345 2689 444 2757 ἤδη
477 2689 554 2757 τῷ
584 2688 795 2757 βασιλεῖ
829 2689 1110 2757 γεγόνασι,
1144 2691 1236 2740 καὶ
1269 2688 1350 2740 ὃτι
1385 2686 1648 2755 κρύπτειν
1693 2684 1771 2737 ἔτι

192 2779 300 2847 τὴν
336 2782 615 2833 εὗσέδειῖν
646 2784 842 2850 ἧκξστα
870 2784 975 2853 χρὴ
1013 2785 1106 2837 καὶ
1146 2783 1236 2834 τὸν
1273 2782 1465 2850 καιρὸν
1494 2779 1770 2849 παριέναι,

193 2874 339 2926 ἀλλὰ
393 2873 741 2946 δημοσιεύειν
785 2876 987 2941 μᾶλλον
1036 2876 1110 2936 ὡς
1144 2872 1254 2927 οἶόν
1309 2891 1389 2936 τε,
1438 2874 1531 2924 καὶ
1576 2871 1774 2941 πολλὴν

195 2964 347 3034 ὑπὲρ
377 2968 546 3034 αὐτῆς
579 2966 852 3034 εἰσφέρειν
886 2968 983 3036 τὴν
1015 2968 1331 3037 παρρησίαν
1373 2965 1632 3033 ἐλευθέρα
1676 2964 1775 3028 καὶ

194 3058 351 3127 ψυχῇ
388 3062 482 3111 καὶ
512 3058 748 3131 γλώττῃ,
767 3060 899 3115 Θεὸν
933 3061 1030 3127 μὲν
1061 3059 1233 3127 ἀληθῆ
1256 3060 1345 3111 τὸν
1372 3057 1603 3127 Χριστὸν
1628 3057 1774 3124 ὡμο-

194 3153 464 3217 λόγησαν.
487 3154 692 3207 Εἵδωλα
715 3154 769 3217 δὲ
788 3155 910 3216 τοὺς
951 3155 1128 3206 αὐτῶν
1163 3156 1316 3216 Θεοῦς
1341 3156 1435 3207 καὶ
1456 3152 1653 3224 χειρῶν
1683 3154 1776 3208 ἅν·
1806 3149 1848 3205 C

197 3245 492 3314 ορωπίνων
515 3246 648 3313 ἔργα
670 3249 834 3315 πνοῆς
855 3247 1031 3319 ἔρημα
1058 3249 1146 3299 καὶ
1170 3248 1325 3313 κωφὰ
1351 3247 1603 3316 καθαρῶς
1637 3249 1781 3299 ἀνεῖο

196 3355 343 3397 πον,
391 3356 408 3388 ι
452 3340 511 3390 0i
550 3338 605 3392 δὲ
658 3340 829 3407 ὑμῶν,
850 3339 1119 3408 λέγοντες,
1156 3338 1415 3410 ἀργύριον
1443 3342 1533 3391 καὶ
1563 3339 1780 3408 χρυσίον

196 3430 344 3497 ἔργα
363 3431 559 3501 χειρῶν
594 3423 916 3503 ἀνθρώπων,
952 3452 970 3485 ι
1009 3436 1100 3510 καὶ
1138 3434 1234 3486 ὃσα
1273 3434 1396 3502 ἑξῆς
1420 3431 1779 3499 ἐπιλέγοντες,

197 3525 310 3575 καὶ
332 3523 519 3593 ὅτιπερ
547 3525 753 3590 Ἡμεῖς,
780 3519 824 3577 ὦ
851 3526 1090 3593 βασιλεῦ,
1113 3526 1203 3579 τοῦ
1222 3528 1365 3579 τόσοι
1396 3526 1552 3594 μόνον
1576 3525 1783 3593 ὀφείλο-

200 3628 336 3679 μεν,
361 3613 486 3663 τότε
510 3615 587 3674 εις
605 3614 702 3681 τὴν
720 3615 961 3687 ἐπίγειον
984 3614 1187 3684 ταύτην
1208 3614 1491 3685 στρατείαν
1511 3615 1783 3682 εὐγνωμό-

196 3720 321 3763 νως
354 3704 666 3770 ὑπηρετεῖ-ί,
716 3707 809 3756 καὶ
841 3707 940 3776 τὴν
1005 3709 1313 3770 ἀνήκουσαν
1352 3706 1595 3774 ἑκατέρῳ
1632 3707 1783 3770 τάξιν

198 3792 585 3863 ἀποκληροῦν.
612 3794 747 3848 Οὔτε
777 3798 829 3849 δὲ
856 3801 961 3859 τοῖς
987 3799 1188 3866 κωφοῖς
1210 3799 1415 3861 τούτοις
1441 3800 1531 3852 καὶ
1558 3798 1784 3870 ἀψύχοις

199 3884 357 3948 θεοῖς
388 3885 784 3957 Θύσομεν,οὖτε
822 3890 912 3943 τοῦ
946 3893 1218 3964 ἡμετέρου
1257 3894 1350 3945 καὶ
1392 3893 1604 3962 άληθῶς
1648 3891 1783 3945 Θεοῦ
1844 3898 1851 3906 “

204 3977 382 4047 μόνου
412 3980 854 4050 ἀποστησάμεθα,
875 3984 976 4037 κᾶν
999 3987 1046 4039 εἰ
1070 3990 1157 4039 καὶ
1191 3985 1567 4057 χαλεπώτερον
1592 3982 1785 4056 ἀγριά-

198 4084 337 4143 νῃς,
370 4072 470 4125 κᾶν
500 4075 547 4125 εἰ
580 4074 745 4143 μηδὲν
772 4077 852 4138 εἰς
890 4078 1035 4146 ἡμᾶς
1082 4078 1464 4147 φιλάνθρωπον
1494 4078 1783 4148 ἐπιδείξῃς,

200 4161 356 4216 ἀλλὰ
395 4166 486 4218 καὶ
516 4166 717 4237 σιδήρῳ
753 4169 847 4219 καὶ
896 4169 1026 4237 τιυρὶ
1081 4172 1175 4222 καὶ
1216 4173 1336 4233 ταῖς
1376 4171 1560 4233 ἄλλαις
1604 4188 1782 4242 παρα-

198 4254 359 4325 δῴης
392 4259 664 4314 κολάσεσι.
697 4258 763 4314 Τί
796 4259 903 4332 γὰρ
946 4263 1293 4335 ἰσχυρότερον
1320 4264 1598 4330 εὐσεῦεἱας
1630 4265 1662 4335 ἢ
1692 4262 1785 4319 τοῦ⁹

202 4348 364 4415 ὑπὲρ
401 4350 568 4418 αὐτῆς
613 4352 842 4422 πάσχειν
886 4358 1333 4427 μακαριώτερον;

1097 366 1574 431 MARTYRIUM
1610 366 1718 426 SS.
1767 361 2029 425 SERGll
2070 364 2165 426 ET
2203 364 2498 426 BACCHI.

3280 356 3413 423 1010

1926 475 2016 530 Ill.
2059 476 2413 532 Maximianus
2444 476 2650 529 interea
2690 474 2950 541 templum
2974 470 3269 542 ingressus,
3292 483 3414 521 cum

1854 570 1960 625 huc
1984 580 2038 625 et
2068 570 2196 625 illuc
2230 569 2729 639 circumspexisset,
2768 567 2914 621 solos
2946 579 3073 620 vero
3106 562 3244 628 illos,
3283 558 3418 614 Sero

1853 667 1998 737 gium
2035 674 2088 719 et
2123 663 2421 727 Bacchum,
2456 675 2563 717 non
2590 660 2817 722 vidisset
2846 657 3045 724 templo
3073 654 3263 709 adesse
3292 664 3415 706 cmn

1852 758 1989 823 aliis,
2025 768 2155 812 tunc
2196 757 2271 819 id,
2308 756 2450 824 quod
2500 754 2681 816 ﬁebat,
2730 752 2919 807 statUit
2960 757 3146 819 aperte
3187 745 3420 815 probare

1853 868 1996 915 eam,
2046 867 2166 921 qua:
2218 850 2271 903 in
2322 850 2470 917 ipsos
2520 845 2928 905 intendebatur,
2974 838 3415 896 accusationem:

1855 946 2216 1017 protinusque
2256 943 2461 998 exarsit
2488 949 2748 996 consueta
2790 938 2933 992 illius
2976 933 3204 995 sazvitia,
3234 929 3419 985 feritas

1855 1050 1909 1095 et
1955 1039 2031 1094 ira
2062 1060 2075 1094 :
2109 1047 2185 1103 et,
2219 1038 2357 1103 Quid
2406 1033 2780 1090 cunctamini?
2856 1030 2987 1086 dixit
3029 1026 3093 1082 iis
3136 1024 3228 1095 qui
3274 1032 3421 1079 asta-

1858 1131 1986 1187 bant
2018 1149 2029 1183 :
2068 1142 2122 1184 et
2173 1129 2492 1197 frequenter
2522 1124 2738 1194 repetiit
2764 1121 2918 1176 illud.
2954 1119 3232 1173 Ducantur
3265 1128 3423 1168 exse-

1856 1226 2067 1287 crandi,
2094 1240 2215 1278 cum
2240 1222 2394 1291 jussu
2420 1219 2671 1274 terribili.
2704 1216 2986 1270 Ducuntur
3005 1227 3133 1282 ergo
3157 1215 3425 1280 martyres

1857 1334 1979 1374 cum
2018 1318 2207 1372 iisdem
2243 1315 2503 1377 vestibus,
2538 1311 2759 1371 tunicis,
2789 1317 2842 1363 et
2877 1305 3048 1369 zonis,
3090 1318 3195 1357 una
3236 1301 3422 1370 lingua

1859 1417 2139 1464 versantes
2175 1408 2320 1461 illam
2355 1405 2566 1461 dulcem
2598 1402 2990 1472 precationem.
3023 1394 3224 1450 Deinde
3253 1394 3425 1461 impe-

1863 1512 2007 1555 rator
2056 1499 2319 1569 principis
2348 1494 2619 1551 extollens
2659 1491 3035 1562 supercilium,
3084 1485 3426 1555 superbeque

1861 1602 1915 1648 et
1945 1599 2093 1646 torve
2119 1604 2212 1643 eos
2242 1590 2493 1642 intuens:
2524 1583 2821 1644 Videmini,
2850 1580 3045 1649 inquit,
3076 1592 3183 1631 non
3208 1575 3261 1628 in
3290 1582 3429 1628 tem-

1864 1666 2000 1751 pore
2028 1697 2142 1735 mea
2184 1695 2304 1735 esse
2350 1676 2504 1733 abusi
2536 1675 2749 1732 fiducia.
2787 1682 2841 1727 et
2876 1680 3096 1741 propter
3127 1668 3289 1729 hanc,
3324 1678 3426 1733 qua

1794 1811 1835 1869 Β
1866 1778 1918 1831 in
1954 1790 2045 1830 vos
2083 1775 2163 1828 usi
2194 1788 2402 1834 sumus,
2438 1767 2870 1826 benevolentiam
2905 1779 3003 1819 nos
3033 1776 3241 1831 magna:
3272 1759 3428 1813 dam-

1866 1884 2027 1923 nasse
2052 1865 2319 1925 stultitim.
2352 1873 2406 1918 et
2431 1871 2617 1919 contra
2650 1869 2892 1915 nostram
2940 1854 3301 1910 insurrexisse
3331 1864 3430 1920 po-

1868 1965 2113 2027 tentiam,
2142 1972 2197 2018 et
2225 1958 2615 2030 impiiquidem
2642 1971 2763 2011 esse
2795 1955 2849 2007 in
2882 1954 3012 2007 deos
3038 1950 3203 2019 ipsos,
3237 1945 3427 2016 ingrati

1868 2066 2048 2112 autem
2082 2056 2134 2109 in
2174 2067 2273 2107 nos
2297 2062 2350 2107 et
2381 2052 2587 2120 injusti.
2623 2048 2729 2104 Sed
2755 2047 2860 2101 nisi
2898 2039 3353 2103 sacrificaveritis,
3380 2046 3435 2090 et

1869 2150 2022 2211 deos,
2054 2157 2109 2202 et
2141 2162 2240 2201 nos
2272 2146 2431 2200 simul
2466 2141 2830 2214 placaveritis,
2853 2153 2955 2205 ego
2986 2151 3118 2189 mea:
3151 2132 3281 2188 satis
3317 2146 3433 2185 me-

1870 2243 2041 2299 debor
2068 2240 2333 2311 querela;
2361 2245 2416 2291 et
2450 2251 2543 2291 vos
2572 2233 2753 2289 statim
2777 2239 2962 2300 aperte
2986 2228 3193 2289 scietis,
3223 2238 3435 2279 summa

1872 2335 2209 2403 benignitate
2241 2341 2295 2386 et
2327 2326 2745 2384 mansuetudine
2777 2323 2882 2378 frui
2918 2322 3185 2379 nolentes,
3222 2315 3435 2386 qualem

1874 2442 2046 2481 meam
2091 2426 2145 2479 in
2180 2439 2273 2479 vos
2308 2423 2439 2476 iram
2492 2435 2666 2489 nuper
2713 2417 2981 2472 movistis.
3021 2411 3143 2467 Haec
3164 2425 3288 2467 cum
3338 2407 3441 2461 viri

1875 2517 1950 2569 illi
1985 2514 2225 2584 pr:ec|ari
2259 2513 2560 2567 audiissent
2595 2520 2647 2565 et
2676 2508 3059 2580 cognovissent
3090 2519 3149 2559 se
3183 2503 3293 2573 jam
3320 2515 3441 2553 om-

1873 2608 2003 2662 nino
2034 2606 2353 2660 manifcstos
2391 2605 2631 2658 evasisse
2672 2599 3011 2672 imperatori,
3051 2606 3104 2652 et
3131 2611 3238 2651 non
3281 2609 3444 2663 opor-

1876 2710 1989 2754 tere
2022 2699 2250 2766 amplius
2284 2699 2460 2751 celare
2510 2697 2791 2765 pietatem,
2833 2704 2889 2748 et
2919 2691 3265 2746 occasionem
3304 2703 3445 2758 prae-

1877 2794 2064 2851 terire.
2108 2792 2204 2846 sed
2230 2790 2411 2860 potius
2434 2804 2597 2857 quam
2639 2794 2866 2857 possunt
2896 2785 3131 2838 maxime
3164 2780 3443 2851 publicare

1876 2897 1929 2941 et
1957 2902 2053 2955 pro
2086 2886 2200 2955 ipsa
2234 2899 2482 2952 magnam
2508 2882 2708 2936 allerre
2740 2879 2993 2933 fiduciam
3024 2886 3079 2931 et
3124 2873 3340 2929 dicendi
3378 2872 3444 2924 li-

1877 2978 2165 3036 bertatem.
2208 2978 2378 3029 libera
2412 2976 2592 3029 anima
2636 2983 2690 3028 et
2727 2972 2908 3041 lingua
2943 2968 3223 3024 Christum
3275 2966 3444 3019 Demn

1877 3084 2066 3123 verum
2102 3078 2228 3122 sunt
2263 3066 2498 3121 confessi
2524 3084 2537 3119 :
2563 3067 2853 3119 simulacra
2876 3073 3057 3117 autem
3081 3073 3269 3115 eorum
3294 3057 3445 3120 deos,

1882 3170 1937 3217 et
1971 3163 2327 3216 humanarum
2360 3174 2616 3215 manuum
2663 3174 2847 3228 opera,
2883 3155 3078 3225 spiritu
3128 3149 3365 3208 carentia
3390 3159 3449 3203 et

1882 3255 2066 3316 surda,
2094 3253 2382 3306 manifesto
2413 3252 2768 3305 ostenderunt
2795 3267 2810 3305 :
2863 3267 2881 3300 ι
2918 3247 2999 3301 Dii
3038 3246 3227 3308 vestri,
3257 3242 3449 3297 dicen-

1884 3357 1987 3406 tes.
2035 3359 2319 3416 argentum
2377 3354 2432 3401 et
2482 3359 2699 3410 aurum,
2751 3357 2913 3413 opera
2960 3350 3223 3394 manuum
3270 3332 3450 3389 homi-

1882 3457 2013 3496 num
2038 3445 2057 3474 '
2086 3459 2098 3497 :
2131 3462 2147 3494 I
2182 3451 2237 3496 et
2266 3441 2658 3512 subiungeutes
2682 3454 2766 3503 ea,
2790 3453 2910 3507 quae
2934 3436 3193 3503 deinceps
3213 3442 3454 3499 sequun-

1886 3547 2013 3590 tur:
2045 3545 2118 3597 et,
2152 3536 2280 3597 Nos,
2306 3551 2337 3588 ο
2361 3536 2670 3602 imperator,
2708 3533 2810 3586 hoc
2840 3530 3011 3583 solum
3042 3526 3135 3581 tibi
3165 3523 3450 3583 debemus,

1884 3637 1945 3682 ut
1970 3628 2025 3682 in
2059 3628 2162 3682 hac
2199 3638 2412 3681 terrena
2440 3624 2626 3678 militia
2656 3624 2749 3677 tibi
2793 3630 2947 3694 grato
2975 3619 3157 3674 animo
3186 3614 3454 3672 inservia.

1884 3728 2027 3783 "mus,
2064 3731 2118 3775 et
2148 3720 2291 3789 quod
2349 3719 2564 3787 utrique
2607 3718 2922 3771 mandatum
2971 3712 3073 3767 fuit
3101 3725 3323 3771 munus,
3352 3706 3454 3761 im-

1885 3815 2146 3885 pleamus.
2200 3811 2385 3879 Neque
2435 3824 2561 3862 vero
2612 3808 2696 3860 bis
2741 3807 2920 3861 surdis
2954 3815 3007 3858 et
3053 3801 3313 3857 inanimis
3349 3798 3454 3855 diis

1886 3903 2337 3965 sacrificabimus,
2372 3914 2549 3969 neque
2599 3914 2628 3952 a
2677 3905 2867 3953 nostro
2912 3905 2967 3949 et
3005 3908 3136 3948 vero
3179 3891 3291 3947 Deo
3336 3890 3453 3943 solo

1886 3997 2219 4055 deficietnus.
2261 3993 2473 4049 etiamsi
2508 4006 2670 4061 supra
2695 3990 2913 4044 modum
2938 3985 3205 4048 etl'ereris,
3239 3980 3455 4036 etiamsi

1887 4089 1941 4143 in
1976 4104 2072 4142 nos
2100 4088 2303 4140 nullam
2332 4084 2589 4138 ostendas
2614 4080 3011 4134 humanitatem
3037 4096 3050 4132 :
3082 4077 3177 4132 sed
3205 4086 3259 4130 et
3285 4073 3453 4135 ferro.

1887 4193 1942 4238 et
1965 4181 2094 4253 igni,
2130 4189 2185 4235 et
2206 4180 2325 4233 aliis
2373 4175 2662 4231 tradideris
2695 4171 2994 4242 suppliciis.
3030 4169 3170 4235 Quid
3202 4179 3282 4223 est
3307 4166 3455 4220 enim

1887 4277 2087 4348 pietate
2134 4273 2347 4338 fortius,
2402 4281 2495 4325 aut
2540 4283 2701 4339 quam
2735 4281 2830 4337 pro
2874 4264 2991 4336 ipsa
3043 4262 3153 4333 pati
3202 4256 3456 4316 beatius?

286 4442 361 4491 A'.
390 4438 527 4543 Πρὸς
557 4441 729 4495 ταῦτα
752 4445 1004 4522 ὀξύτερον
1040 4449 1132 4500 καὶ
1150 4449 1491 4517 Μαξιμιανὸς
1526 4450 1782 4521 κινηθεὶς,

1963 4458 2047 4515 1V.
2092 4459 2191 4512 His
2236 4455 2619 4519 vehementius
2652 4462 2853 4511 motus.
2912 4450 3267 4505 Maximianus
3300 4448 3457 4516 jubet

200 4533 588 4604 ἀφαιρεθῆναι
624 4536 722 4607 μὲν
761 4537 956 4601 αὐτοὺς
1008 4541 1079 4591 τὰ
1142 4545 1448 4612 παράσημα
1480 4544 1575 4615 τῆς
1615 4547 1786 4616 ἀρχῆς

199 4626 422 4680 αὐτίκα
457 4628 1011 4700 κελεύειοέσοήματα
1068 4633 1123 4686 δὲ
1164 4640 1792 4708 γυναικεῖαμεταμφια-

206 4716 520 4784 σαμένους,
574 4719 670 4771 καὶ⁸
731 4719 971 4791 σιδηροῖς
1028 4723 1227 4787 κλοιοῖς
1291 4724 1405 4795 ἅμα
1452 4742 1793 4796 περιαυχενι-

205 4807 576 4870 σθέντας,διὰ
611 4811 781 4880 μέσης
810 4814 908 4882 τῆς
952 4816 1143 4881 ἀγυιᾶς
1179 4817 1341 4887 μέχρι
1371 4819 1479 4870 τῶν
1511 4819 1792 4889 βασιλείων

204 4898 406 4952 αὐτῶν
444 4900 693 4968 ἄγεσθαι.
720 4905 955 4969 Ἦγοντο
997 4908 1095 4974 μὲν
1121 4904 1213 4961 οὖν
1257 4909 1417 4974 εὐθὺς
1438 4913 1486 4963 οῑ
1532 4912 1790 4983 μακάριοι

200 4995 322 5063 τὴν
363 4995 636 5065 μακαρίαν
665 4995 831 5058 ὅντως
873 5000 1087 5069 ἐκείνην
1127 5003 1244 5055 ὁδὸν
1301 5005 1393 5057 καὶ
1440 5007 1517 5067 el;
1560 5007 1790 5077 Χριστὸν

202 5088 388 5141 αὑτὸν
415 5088 707 5156 φέρουσαν,
730 5090 829 5144 οὐκ
877 5094 1137 5167 αἰσχύνην
1171 5091 1311 5149 εἶναι
1344 5097 1403 5149 τὸ
1450 5099 1682 5168 πρᾶγμα
1707 5117 1791 5153 νο·-

208 5180 501 5249 μίξαντες,
529 5180 641 5235 ἀλλ’
680 5183 754 5245 ὼς
784 5184 881 5254 τὴν
919 5185 1204 5241 εύσέὗειαν
1243 5190 1440 5258 μᾶλλον
1487 5193 1542 5243 ἐν
1580 5193 1811 5256 ἑαυτοῖς.

203 5273 703 5341 καταισχύνοντες,
744 5280 1057 5346 περιφανῶς
1118 5278 1493 5352 βαρυνόμενοι.
1522 5285 1627 5336 Καὶ
1665 5288 1791 5348 τοὺς

210 5364 330 5435 μὲν
386 5364 553 5425 πόδας
591 5371 623 5435 ἡ
665 5369 881 5437 πορεῖα.
938 5372 1005 5423 τὰ
1040 5373 1192 5444 χείλη
1222 5375 1276 5428 δὲ
1309 5376 1628 5445 εὐχαριστία
1680 5374 1792 5449 εἶχε

204 5459 319 5511 καὶ
357 5458 391 5526 ἠ
434 5458 569 5528 πρὸς
623 5460 755 5513 Θεὸν
816 5463 998 5530 ὁμιλία
1038 5466 1133 5519 καὶ
1164 5467 1365 5536 δέησις.
1408 5468 1631 5536 Ἔλεγον
1665 5470 1791 5539 γάρ,

217 5571 242 5604 α
290 5551 559 5605 Ἐὰν”καὶ
600 5554 953 5627 πορευθῶμεν
984 5558 1041 5608 ἐν
1081 5559 1230 5627 μέσῳ
1252 5561 1409 5623 σκιᾶς
1445 5560 1699 5625 θανάτου,
1732 5564 1792 5616 ού

209 5641 660 5718 φοεηθησόμεοα
684 5648 847 5713 κακὰ,
881 5649 958 5702 ὅτι
988 5650 1048 5703 σὺ
1090 5650 1209 5703 ιιειν
1251 5634 1406 5721 ἡμῶν
1441 5645 1508 5721 εἶ,
1539 5653 1728 5723 Κύριε.
1769 5675 1786 5708 ι

291 5830 308 5873 ι
345 5823 492 5880 Psal.
517 5843 658 5889 cxm.
701 5829 752 5883 4.

1892 4558 1972 4608 eis
2020 4552 2239 4622 quidem
2274 4549 2457 4604 statim
2514 4546 2716 4603 auferri
2776 4544 3011 4616 insignia
3064 4542 3453 4613 magistratus:

1890 4642 2245 4698 muliebribus
2278 4652 2457 4695 autem
2497 4638 2740 4694 vestibus
2775 4638 3015 4698 indutos,
3067 4645 3124 4690 et
3165 4633 3457 4689 collaribus

1891 4735 2082 4789 ferreis
2132 4734 2293 4788 simul
2345 4733 2398 4786 in
2457 4731 2595 4785 collo
2646 4729 3027 4789 circumdatos,
3075 4742 3169 4796 per
3221 4728 3456 4781 mediam

1892 4828 2015 4883 duci
2041 4828 2314 4882 civitatem
2350 4840 2524 4893 usque
2552 4824 2617 4877 ad
2654 4824 2825 4897 ipsam
2869 4824 3092 4891 regiam.
3131 4820 3307 4889 Atque
3348 4828 3458 4873 sta-

1896 4922 1990 4975 tim
2038 4921 2257 4989 quidem
2298 4917 2636 4971 ducebantur
2686 4914 2855 4968 sancti
2904 4914 2969 4967 ad
3023 4913 3235 4967 beatam
3286 4910 3455 4975 illam,

1890 5029 2010 5083 quae
2040 5025 2164 5066 vere
2194 5022 2297 5072 est,
2338 5009 2500 5071 viam,
2549 5018 2604 5062 et
2632 5023 2750 5077 quae
2795 5007 2944 5061 ducit
2988 5005 3052 5059 ad
3088 5008 3263 5074 ipsum
3294 5002 3459 5059 Chri-

1891 5118 2057 5167 stum.
2113 5121 2220 5160 non
2256 5118 2375 5159 eam
2425 5117 2538 5156 rem
2591 5100 2968 5153 existimantes
3010 5112 3131 5153 esse
3183 5098 3452 5163 dedecus;

1891 5198 1987 5251 sed
2022 5207 2276 5265 tanquam
2306 5191 2635 5260 impietatem
2659 5189 2927 5244 dedecore
2958 5188 3127 5258 magis
3154 5185 3454 5251 efﬁcerent,

1891 5294 2075 5357 aperte
2123 5287 2434 5356 gloriantes,
2478 5291 2532 5336 et
2576 5280 2676 5335 sibi
2726 5279 3018 5349 placentes.
3063 5276 3129 5332 Et
3177 5279 3451 5349 ingredie-

1895 5382 2091 5436 bantur
2130 5379 2346 5449 quidem
2389 5377 2575 5447 pedes,
2609 5373 2755 5427 labra
2790 5384 2968 5426 autem
3004 5373 3358 5427 versabantur
3397 5373 3449 5425 in

1894 5472 2187 5542 gratiarum
2240 5468 2473 5530 actione,
2526 5474 2580 5523 et
2624 5480 2745 5519 cum
2804 5464 2911 5518 Deo
2961 5463 3359 5519 consuetudine
3403 5474 3463 5520 et

1896 5564 2224 5636 precatione.
2267 5560 2525 5616 Dicebant
2554 5558 2743 5612 enim:
2780 5574 2798 5608 ι
2833 5554 3057 5611 Etiamsi
3094 5556 3458 5611 ambulaveri-

1896 5673 2014 5713 mus
2046 5656 2098 5710 in
2136 5655 2313 5711 medio
2343 5653 2549 5708 umbra:
2576 5651 2786 5717 mortis,
2817 5664 2923 5706 non
2957 5648 3265 5704 timebimus
3294 5647 3455 5714 mala,
