4178 6316
737 349 872 413 1015

2015 359 2298 421 MENSIS
2340 359 2708 425 OCTOBER.

3846 352 3979 419 1016

735 462 916 518 socios
949 462 1136 534 ingrati
1177 465 1341 520 animi
1374 468 1622 536 crimine,
1655 485 1832 540 neque
1854 483 2100 527 nostrum
2131 473 2301 527 bene-

2439 493 2560 546 ερον
2587 474 2885 546 εὐεργέτην
2911 479 3006 528 καὶ
3036 472 3212 544 ἀληθῆ
3231 471 3365 527 Θεὸν
3392 468 3767 544 ἀρνησόμεθα.
3820 467 3903 521 Τὰ
3924 467 3981 521 δι

738 555 1000 612 factorem
1059 568 1113 613 et
1184 573 1372 614 verum
1421 561 1592 616 Deum
1644 577 1765 617 esse
1810 571 2118 634 negaturos.
2169 562 2301 628 Quae

739 657 921 703 autem
959 661 1078 705 ate
1129 651 1501 720 proferuntur,
1573 669 1605 708 ο
1661 655 1978 724 imperator,
2029 655 2144 709 sive
2193 654 2302 708 sint

736 744 899 809 bona,
930 745 1043 798 sive
1076 745 1329 811 diliicilia,
1367 755 1420 801 et
1451 747 1531 800 vel
1559 748 1729 816 ipsam
1776 757 2005 802 mortem
2060 746 2301 801 inferen-

736 835 830 898 tia,
878 847 1004 890 sunt
1040 853 1190 906 mque
1232 854 1260 890 a
1303 839 1459 894 nobis
1514 850 1736 909 propter
1787 840 2063 896 Christum
2124 838 2303 908 despi-

737 927 954 993 cienda,
988 938 1041 982 et
1071 944 1098 982 a
1135 929 1294 984 nobis
1327 944 1433 984 non
1459 933 1697 986 curanda

808 1018 940 1073 VIII.
998 1019 1092 1072 His
1131 1020 1267 1074 adeo
1315 1031 1617 1090 opportune
1676 1031 1734 1077 et
1775 1023 2015 1094 jucunde
2072 1024 2232 1078 dictis
2274 1039 2305 1078 a

643 1193 649 1201 -
737 1112 1092 1182 martyribus.
1121 1111 1471 1168 Maximianus
1506 1115 1722 1183 quidem
1761 1114 1862 1168 fuit
1893 1115 1966 1168 ita
2015 1123 2196 1168 motus
2253 1123 2306 1169 et

739 1203 954 1257 volebat
983 1203 1176 1256 acerbe
1217 1205 1406 1272 punire
1428 1216 1666 1264 sanctos.
1713 1203 1920 1260 Rursus
1949 1217 2127 1261 autem
2179 1222 2306 1262 cun-

741 1295 1012 1356 ctabatur.
1083 1303 1138 1348 et
1185 1293 1472 1348 dillerebat
1509 1294 1745 1364 aggredi,
1796 1297 2091 1365 respiciens
2117 1312 2304 1351 eorum

738 1383 1114 1458 splendorem.
1141 1396 1192 1440 et
1220 1401 1333 1439 non
1362 1386 1548 1440 volens
1587 1387 1768 1441 talium
1826 1387 2067 1442 virorum
2132 1387 2309 1442 facere

739 1479 1026 1549 iacturam.
1064 1478 1365 1554 Verebatur
1394 1477 1570 1543 enim,
1604 1493 1673 1532 ne
1711 1478 1963 1541 cruciati,
2004 1493 2126 1532 cum
2170 1479 2311 1532 veri-

740 1580 909 1624 tatem
975 1569 1029 1623 in
1066 1569 1246 1623 medio
1292 1569 1588 1623 multorum
1630 1569 1802 1622 libere
1851 1578 2036 1624 essent
2084 1569 2305 1636 elocuti,

742 1663 941 1719 deinde
981 1672 1366 1732 permanerent
1392 1665 1618 1717 omnino
1643 1663 1966 1718 immobiles.
1989 1663 2097 1717 Eos
2131 1663 2310 1731 itaque

743 1756 932 1810 statuit
970 1755 1344 1810 transmittere
1367 1755 1433 1808 ad
1451 1754 1780 1810 Antiochum
1817 1756 2012 1809 ducem
2049 1755 2306 1815 Orientis.

2404 571 2558 641 παρὰ
2591 570 2683 623 σοῦ
2718 569 3142 640 προτεινόμενα,
3178 565 3425 636 βασιλεῦ,
3454 565 3506 618 εῖ
3525 581 3584 617 τε
3629 560 3815 632 ἀγαθά
3846 555 3976 626 εἷεν,

2405 665 2514 718 εἴτε
2550 665 2646 716 καὶ
2673 664 2942 733 δυσχερῆ,
2977 660 3074 715 καὶ
3105 661 3264 714 αὐτὸν
3295 660 3569 726 ἐπάγοντα
3589 653 3977 718 θάνατον,ὲπί-

2406 772 2507 825 σης
2543 758 2677 826 ἡμῖν
2708 757 2928 809 ἅπαντα
2959 753 3246 825 παροπτέα
3273 751 3360 804 διὰ
3404 748 3640 820 Χριστὸν
3684 747 3781 799 καὶ
3819 762 3980 814 φρον-

2404 849 2550 912 τίδος
2585 848 2849 917 οὐδεμιᾶς
2883 847 3030 911 ἄξια.

2479 1027 2562 1080 Η’.
2591 1025 2810 1079 Τούτων
2840 1026 3114 1094 εὐκαίρως
3141 1025 3281 1078 οὕτω
3310 1027 3403 1078 καὶ
3428 1023 3600 1093 ἡδέως
3626 1021 3741 1082 τοῖς
3776 1018 3983 1088 μάρτυ-

2411 1137 2493 1174 σιν
2548 1119 3060 1190 ὐπαγορευθέντων,
3110 1119 3138 1170 ὁ
3186 1117 3525 1188 Μαξιμιανὸς
3589 1100 3830 1166 ἐκινεῖτο
3887 1111 3983 1176 μιν

2410 1214 2515 1268 ὑπὸ
2555 1214 2649 1266 τοῦ
2702 1213 2899 1280 θυμοῦ,
2947 1213 3043 1279 καὶ
3093 1212 3306 1280 πικρῶς
3347 1209 3585 1271 αίκίζέιν
3616 1207 3743 1268 τοὺς
3795 1203 3985 1271 ἁγίους

2407 1305 2670 1374 ἠϐούλετο
2700 1320 2714 1334 ’
2756 1303 2918 1358 ὤκνει
2955 1304 3012 1356 δὲ
3055 1303 3220 1357 πάλιν
3251 1301 3348 1354 καὶ
3391 1299 3720 1354 ἀνεϐάλλετο
3751 1296 3856 1362 τὴν
3898 1295 3988 1357 £1-

2410 1398 2684 1468 χείρησιν,
2733 1396 2792 1449 τὸ
2828 1397 3134 1465 περιφανὲς
3191 1395 3371 1449 αὐτῶν
3427 1391 3852 1458 εὐλαϐούμενος,
3895 1385 3988 1437 καὶ

2410 1496 2508 1546 οὐκ
2562 1490 2764 1543 ἐθέλων
2811 1488 3022 1557 ἀνδρῶν
3074 1488 3332 1540 τοιούτων
3401 1485 3707 1553 ὑποστῆναι
3757 1479 3984 1547 ζημίαν.

2408 1578 2644 1634 Ἐδεδίει
2678 1584 2784 1650 γὰρ
2827 1580 2900 1650 μὴ
2933 1580 3028 1632 καὶ
3066 1577 3479 1648 τιμωρηθέντες
3538 1577 3636 1642 τὴν
3676 1572 3855 1642 ἀρχὴν
3893 1570 3988 1623 καὶ

2415 1677 2940 1747 παρρησιασάμενοι
2970 1672 3212 1725 εὐσεϐῶν
3242 1674 3299 1724 ὲν
3331 1671 3482 1740 μέσῳ
3517 1669 3748 1730 πολλῶν,
3777 1663 3898 1718 εἶτα
3931 1663 3992 1715 τὸ

2416 1769 2684 1838 παράπαν
2721 1767 3053 1836 ἁμετάθετοι
3081 1765 3457 1832 διαμείνωσιν.
3493 1762 3716 1829 ’Δμελει
3752 1761 3848 1811 καὶ
3872 1760 3992 1810 Ἀν-

744 1858 804 1900 ut
842 1847 931 1916 qui
967 1846 1234 1911 omnium,
1273 1846 1364 1916 qui
1399 1857 1556 1900 erant
1597 1846 1649 1899 in
1679 1846 1799 1915 ejus
1831 1853 2122 1915 potestate,
2170 1854 2314 1900 esset

2435 1818 2582 1927 τιόχῳ
2608 1856 2685 1926 τῷ
2715 1818 2814 1926 ﬁt};
2853 1853 3142 1924 Ἀνατολῆς
3162 1818 3314 1906 δουκὶ
3353 1849 3755 1922 παραπέμπειν
3789 1849 3992 1910 αὐτοὺς

744 1928 1187 2003 crudelissimus,
1227 1948 1282 1992 et
1327 1939 1407 1992 vel
1436 1939 1551 1992 solo
1586 1941 1806 1992 nomine
1830 1947 2011 2006 posset
2057 1953 2152 1993 eos
2185 1953 2313 2007 per-

747 2039 954 2084 terrere
990 2039 1084 2084 :et
1113 2029 1256 2098 quod
1293 2037 1515 2098 propter
1559 2029 1778 2097 majoris
1819 2029 2040 2082 honoris
2093 2027 2311 2083 deside—

747 2123 909 2180 rium.
950 2122 1038 2175 ille
1064 2117 1444 2174 Maximianum
1479 2121 1803 2175 observandi
1861 2133 2046 2174 curam
2100 2135 2315 2191 gerens,

748 2231 779 2270 a
805 2214 966 2268 nullis
999 2213 1294 2268 abstinebit
1326 2213 1613 2277 machinis,
1649 2229 1757 2282 quo
1800 2227 1894 2267 eos
1922 2222 2223 2282 oppugnet,
2262 2223 2320 2266 et

748 2308 814 2363 ad
848 2322 998 2362 suam
1042 2310 1287 2361 traducat
1317 2307 1665 2360 sententiam.
1708 2303 1980 2358 Praeterea
2014 2314 2072 2358 ut
2102 2315 2156 2359 et
2202 2305 2320 2357 lon-

749 2414 879 2469 gum
916 2401 1019 2452 iter
1037 2397 1532 2468 etignominiosum
1575 2404 1683 2449 tam
1729 2394 1996 2448 intensam
2057 2396 2323 2450 relaxaret

750 2489 1140 2556 constantiam,
1178 2498 1232 2542 et
1254 2504 1348 2542 eos
1371 2487 1576 2542 sensim
1602 2502 1630 2541 a
1666 2488 1864 2556 pietate
1895 2487 2218 2548 dimoveret.
2267 2494 2323 2540 et

752 2584 987 2637 maxime
1008 2584 1151 2651 quod
1184 2581 1299 2651 ipse
1321 2596 1536 2650 quoque
1554 2581 1854 2634 Antiochus
1887 2590 2000 2633 erat
2042 2580 2120 2633 eis
2173 2583 2324 2650 prius

752 2677 1052 2746 subjectus.
1077 2675 1220 2742 apud
1249 2690 1411 2745 quem
1453 2673 1873 2733 erantsistendi.
1911 2685 1964 2726 et
1998 2688 2028 2725 a
2083 2689 2189 2742 quo
2236 2673 2327 2742 ju-

753 2768 990 2822 dicandi.
1021 2767 1075 2821 ld
1109 2767 1256 2822 enim
1309 2767 1542 2820 maxime
1604 2765 1772 2834 tangit
1823 2766 2063 2818 animum
2113 2779 2323 2828 eorum,

754 2861 847 2931 qui
881 2870 1009 2914 sunt
1040 2860 1267 2914 honesto
1293 2859 1413 2915 loco
1442 2859 1574 2921 nati.
1620 2857 1764 2927 quod
1818 2856 1906 2925 qui
1973 2856 2122 2925 prius
2171 2868 2329 2926 pare-

757 2954 921 3018 bant,
963 2948 1042 3008 eis
1085 2964 1268 3023 postea
1301 2955 1617 3022 imperent,
1675 2961 1730 3005 et
1762 2951 1843 3006 eis
1899 2959 2142 3013 utantur,
2206 2959 2326 3002 tan-

758 3063 922 3118 quam
951 3047 1235 3114 subjectis,
1264 3060 1372 3098 non
1397 3046 1566 3100 multo
1589 3053 1714 3100 ante
1752 3043 1966 3099 fuerant
2014 3057 2202 3096 eorum
2234 3041 2331 3094 do-

760 3139 894 3193 mini
928 3149 986 3193 ct
1024 3139 1419 3193 benefactores.
1469 3138 1810 3192 Consecutus
1862 3149 2095 3204 namque
2155 3132 2331 3187 fuerat

760 3229 909 3283 hunc
932 3230 1162 3284 ducatus
1199 3231 1571 3297 magistratum
1603 3227 1906 3281 Antiochus
1950 3227 2121 3296 ipsius
2157 3225 2331 3285 admi—

760 3323 948 3376 rabilis
980 3321 1158 3392 Sergii
1198 3323 1616 3376 intercessione.
1657 3320 1761 3376 Sed
1796 3335 1982 3375 revera
2012 3320 2147 3373 nihil
2181 3318 2334 3373 vide-

762 3424 856 3468 tur
900 3423 1006 3468 tam
1056 3414 1213 3468 facile
1256 3430 1616 3479 marcescere,
1673 3424 1836 3484 atque
1885 3413 2213 3468 beneﬁcium
2280 3409 2333 3463 in

764 3508 951 3563 animo
990 3508 1200 3580 ingrato
1224 3509 1548 3577 plantatum.
1577 3506 1628 3560 Is
1655 3507 1800 3560 enim
1829 3521 1936 3558 non
1963 3507 2137 3559 solum
2168 3518 2335 3572 appa-

768 3603 882 3658 ruit
901 3603 1119 3656 minime
1142 3616 1266 3656 esse
1290 3599 1606 3654 recordatus
1635 3596 1906 3658 beneﬁcii,
1945 3605 2006 3650 ut
2038 3596 2339 3663 procedens

771 3695 1024 3749 osreudet
1083 3695 1289 3760 oratio;
1348 3693 1443 3746 sed
1498 3691 1722 3760 perinde
1763 3705 1826 3743 ac
1868 3689 1936 3743 ab
1989 3688 2094 3741 illis
2127 3702 2336 3741 summa

769 3784 1000 3840 aﬂ‘ectns
1026 3785 1246 3853 injuria,
1279 3797 1373 3837 eos
1406 3781 1674 3843 tractavit,
1705 3789 1760 3833 et
1799 3779 1876 3832 eis
1920 3780 2100 3848 gravia
2143 3779 2333 3831 intulit

769 3875 1056 3946 supplicia.
1133 3876 1310 3945 Atque
1363 3873 1722 3929 mittebantur
1799 3871 2017 3942 quidem
2081 3871 2147 3926 ad
2217 3885 2340 3923 eum

772 3973 971 4033 sancti,
1006 3971 1174 4024 vincti
1204 3969 1349 4038 gravi
1379 3978 1591 4024 catena.
1622 3967 1701 4019 Ad
1743 3980 1868 4018 cum
1918 3973 2101 4019 autem
2141 3965 2341 4032 scripta

773 4077 889 4123 erat
929 4065 1091 4119 etiam
1119 4064 1349 4134 epistola
1383 4063 1450 4116 ab
1478 4063 1825 4130 imperatore,
1869 4073 1988 4127 quae
2046 4057 2125 4110 sic
2173 4058 2340 4110 habe-

775 4157 870 4211 bat
906 4176 918 4209 :
948 4153 1178 4208 Deorum
1211 4153 1444 4206 maxima
1486 4147 1824 4221 providentia
1879 4161 2070 4202 omnes
2124 4147 2344 4216 quidem

775 4245 1056 4303 homines.
1097 4243 1328 4296 maxime
1377 4252 1557 4295 autem
1599 4239 1703 4293 mei
1746 4237 1955 4308 imperii
1996 4237 2253 4292 satellites
2288 4246 2347 4291 et

776 4336 1087 4407 stipatores,
1123 4333 1177 4387 in
1210 4333 1328 4389 illos
1376 4347 1495 4388 esse
1534 4332 1672 4401 pios,
1720 4339 1773 4382 et
1823 4329 1886 4383 iis
1940 4344 2152 4395 rursus,
2211 4345 2348 4398 quos

779 4429 1066 4498 illidignos
1095 4435 1430 4480 censuerunt
1457 4423 1707 4493 imperio,
1740 4421 1854 4474 vult
1883 4420 2132 4486 obedire,
2193 4430 2246 4474 et
2293 4422 2347 4474 in

2419 1951 2581 2020 ἔγνω,
2619 1949 2693 2011 ὡς
2727 1947 2792 2001 ἂν
2819 1947 3091 2017 ὠμοτάτῳ
3124 1947 3339 1998 πάντων
3373 1945 3479 1997 τῶν
3519 1943 3618 1996 ὐπ’
3646 1941 3816 1996 αὐτοῦ
3857 1941 3995 2000 δντι,

2420 2048 2514 2098 καὶ
2541 2044 2648 2097 ἀπὸ
2669 2040 2830 2112 ψιλοῦ
2857 2042 3000 2110 τάχα
3025 2039 3120 2092 καὶ
3161 2031 3254 2090 τοῦ
3279 2039 3569 2107 ὀνόματος,
3616 2033 3998 2100 καταπλήξειν

2421 2138 2620 2199 αὐτοὺς
2649 2135 2976 2203 δυναμένῳ·
3017 2133 3112 2185 καὶ
3145 2133 3226 2184 δτι
3257 2131 3345 2182 διὰ
3383 2127 3630 2198 μείζονος
3661 2129 3831 2196 τιμῆς
3876 2128 3995 2194 ἔφεο

2423 2245 2508 2280 σιν
2534 2229 2637 2297 τὴν
2662 2223 3011 2295 Μαξιμιανοῦ
3046 2223 3356 2293 θεραπείαν
3396 2224 3606 2283 ἐκεῖνος
3654 2219 4002 2282 σπουδάζων,

2422 2321 2678 2387 οὐδεμιᾶς
2723 2317 2987 2384 ἀφέξεται
3052 2316 3324 2385 μηχανῆς,
3361 2315 3509 2376 ὅπως
3548 2313 3708 2375 αὐτὸς
3763 2311 3861 2380 ἕλῃ
3908 2313 4004 2363 καὶ

2427 2410 2796 2478 μεταπείσειε.
2821 2407 2964 2477 Πρὸς
2983 2406 3217 2470 τούτοις,
3234 2405 3320 2458 ῖνα
3340 2405 3486 2475 καὶή
3518 2405 3704 2473 μακρὰ
3724 2404 4006 2470 ὁδοιπςρῖσ

2426 2505 2520 2556 καὶ
2560 2503 2752 2570 ἄτιμος
2805 2499 2903 2568 τῆς
2945 2498 3253 2559 ἐνστάσεως
3304 2498 3487 2557 αὐτοῖς
3544 2493 3868 2560 ὑποχαλάτη
3906 2492 4006 2560 τὴν

2427 2590 2696 2652 εὐτονίαν,
2718 2587 2836 2651 ,καὶ
2876 2587 3059 2656 ἠρέμα
3098 2588 3415 2655 μεταστήσῃ
3448 2587 3548 2653 τῆς
3570 2582 3877 2644 εὐσεϐείας,
3909 2581 4007 2633 πα.λ

2432 2682 2668 2753 μάλιστα
2727 2681 2808 2733 ὅτι
2871 2680 2967 2732 καὶ
3004 2679 3108 2731 ὑπὸ
3134 2681 3287 2748 χεῖρα
3350 2678 3616 2747 πρότερον
3651 2675 3837 2737 αὐτοῖς
3884 2670 4006 2743 ἧνέ

2442 2774 2711 2842 Ἀντίοχος
2739 2789 2750 2802 ·
2861 2773 2954 2825 καὶ
2987 2771 3334 2840 παραστῆναι(
3365 2786 3423 2822 τε
3463 2771 3556 2822 καί
3584 2768 3673 2836 ὐφ’
3725 2763 3783 2820 οὗ
3814 2765 4006 2836 κριθη-

2434 2867 2622 2920 σεσθαι
2656 2864 2902 2933 ἔμελλον.
2946 2865 3012 2915 ‘0
3051 2863 3115 2931 δὴ
3147 2864 3239 2914 καὶ
3277 2861 3436 2912 πλέον
3466 2861 3564 2930 τῆς
3615 2860 3723 2912 τῶν
3757 2855 3815 2911 εὖ
3851 2875 4006 2925 γεγο-

2431 2959 2597 3012 νότων
2627 2959 2802 3027 ψυχῆς
2835 2954 3086 3021 ἅπτεται,
3129 2956 3190 3008 τὸ
3219 2955 3346 3017 τοὺς
3376 2959 3640 3023 πρότερον
3661 2953 4009 3022 ἀρχομένους

2433 3051 2623 3120 ἄρχειν
2660 3067 2716 3101 τε
2746 3050 2925 3101 αὐτῶν
2956 3049 3184 3116 ὕστερον
3216 3048 3310 3100 καὶ
3332 3049 3589 3116 ὑπηκόοις
3624 3045 3864 3115 χρῆσθαι
3899 3047 4010 3104 τοῖς

2358 3165 2399 3220 c
2435 3146 2492 3196 οὐ
2534 3143 2637 3211 πρὸ
2679 3141 2876 3195 πολλοῦ
2912 3140 3200 3201 δεσπόταις
3238 3138 3417 3190 αὐτῶν
3440 3138 3533 3189 καὶ
3561 3138 3885 3205 εὐεργέταις
3918 3151 4013 3203 γε·

2437 3239 2776 3306 γενημένοις.
2823 3234 3118 3303 Ἐτύγχανε
3153 3236 3261 3301 γὰρ
3289 3234 3386 3304 τὴν
3413 3234 3665 3298 τοιαύτην
3697 3229 3789 3282 τοῦ
3825 3229 4011 3291 δουκδς

2435 3329 2608 3399 ἀρχὴν
2640 3329 2668 3380 ὀ
2711 3327 2982 3396 Ἀντίοχος
3010 3326 3261 3396 μεσιτείᾳ
3285 3325 3547 3394 πρότερον
3571 3322 3666 3374 τοῦ
3693 3318 4014 3389 θαυμαστοῦ

2438 3421 2663 3491 Σεργίου
2722 3418 3097 3488 παρειληφώς.
3165 3416 3308 3468 Ἀλλ’
3363 3416 3540 3466 ἔοικεν
3589 3413 3810 3482 ἀληθῶς
3868 3412 4015 3463 οὐδὲν

2437 3514 2611 3575 οὓτως
2647 3511 2992 3580 εὐμάραντον
3055 3504 3218 3566 εἶναι,
3271 3506 3345 3567 ὡς
3402 3504 3720 3573 ἀνθρωπίνη
3777 3503 4016 3571 χάρις

2440 3607 2714 3676 ἀχαρίστῳ
2743 3604 2888 3672 ψυχῇ
2932 3597 3280 3667 φυτευθεῖσα.
3306 3591 3473 3658 Οὗτος
3508 3600 3615 3664 γὰρ
3643 3594 3798 3646 οὐδὲν
3834 3597 4019 3659 ἀπομ-

2443 3697 2781 3768 νημονεύσας
2824 3695 2984 3765 μόνον
3017 3694 3200 3754 αὐτοῖς
3227 3694 3323 3760 τῆς
3355 3689 3672 3758 εὐεργεσίας
3715 3688 3918 3754 ὲςάνη,
3945 3685 4020 3747 ὡς

2443 3791 2510 3844 τὰ
2547 3790 2639 3842 τοῦ
2674 3789 2834 3854 λόγου
2862 3786 3122 3855 προῖόντα
3173 3783 3422 3851 δηλώσει,
3478 3779 3925 3848 ἀλλά-καθάπερ
3956 3780 4023 3830 τά

2444 3882 2648 3952 ἔσχατα
2682 3879 2775 3932 ὐπ’
2801 3877 3024 3930 ἐκείνων
3057 3875 3358 3945 ἀδικηθεὶς,
3405 3871 3580 3933 οὕτως
3636 3871 3825 3929 αὐτοῖς
3861 3869 4025 3936 ὲχρήι

2446 3993 2610 4030 σατο·
2643 3974 2737 4027 καὶ
2762 3971 2902 4024 οὓτω
2943 3967 3182 4041 χαλεπὰς
3212 3969 3456 4047 ὲπῂγαγε
3481 3963 3780 4034 τιμωρίας.
3826 3961 4027 4028 Ἐπέμο

2446 4085 2608 4121 ποντο
2646 4068 2744 4136 μὲν
2782 4061 2875 4118 οὖν
2911 4066 2960 4116 οἱ
2993 4064 3140 4130 ἆγιοι
3181 4059 3315 4130 πρὸς
3356 4059 3537 4118 αὐτὸν,
3585 4056 3780 4129 ἁλύσει
3832 4055 4024 4124 βαρείᾳ

2445 4160 2740 4227 δεδεμένοι.
2828 4154 3257 4224 Ἐγέγραπτοδὲ
3281 4149 3429 4220 αὐτῷ
3456 4149 3548 4201 καί
3580 4147 3846 4212 ἐπιστολὴ
3881 4145 4025 4210 παρὰ

2450 4248 2712 4320 βασιλέως
2774 4247 2969 4316 ἔχουσα
3023 4244 3193 4305 οὕτως
3238 4237 3368 4295 ·’Ἢ
3423 4242 3532 4295 τῶν
3604 4238 3748 4290 θεῶν
3798 4236 4028 4306 μεγίστη

2451 4342 2699 4408 πρόνοια.
2742 4341 2836 4391 καὶ
2893 4336 3102 4397 πάντας
3157 4333 3255 4402 μὲν
3315 4333 3660 4401 ἀνθρώπους,
3702 4331 3944 4398 μάλιστα
3978 4328 4029 4380 δὲ

2449 4431 2576 4491 τοὺς
2605 4433 2701 4498 τῆς
2736 4431 2875 4496 ἐμῆς
2919 4427 3196 4497 βασιλείας
3248 4423 3597 4484 ὑπασπιστάς
3638 4438 3697 4473 τε
3751 4421 3849 4474 καὶ
3877 4419 4031 4489 δορο-

778 4537 875 4577 eos
909 4534 1026 4574 esse
1055 4529 1207 4589 grato
1239 4518 1439 4572 animo.
1471 4517 1760 4584 PrOpterea
1795 4514 1961 4568 hunc
1989 4513 2236 4581 Sergium
2292 4524 2333 4566 cl

2454 4527 2673 4590 φόρους,
2719 4520 2963 4576 εὐσεϐεῖς
3002 4534 3062 4570 τε
3111 4519 3177 4569 τά
3208 4519 3285 4578 είς
3342 4518 3585 4577 ἐκείνους
3641 4513 3740 4565 καὶ
3784 4517 3896 4572 τοῖς
3940 4508 4030 4561 ὐπ’

777 4613 1075 4671 Bacchum.
1106 4611 1196 4680 qui
1225 4609 1276 4662 in
1304 4611 1435 4663 deos
1489 4608 1708 4677 quidem
1749 4618 2115 4678 apparuerunt
2173 4604 2345 4673 impii.

780 4715 836 4762 et
867 4720 925 4759 se
945 4702 1380 4759 Christianorum
1432 4699 1745 4765 adjunxisse
1785 4697 2051 4765 religioni.
2111 4696 2347 4750 convicti

783 4810 912 4854 sunt
947 4806 1128 4851 autem
1180 4793 1422 4848 criminis
1453 4791 1644 4861 ingrati
1680 4793 1733 4844 in
1765 4804 1849 4844 me
1886 4788 2073 4852 animi,
2128 4800 2182 4842 et
2239 4791 2348 4857 jam

783 4901 974 4948 nostro
1013 4888 1294 4950 tribunali,
1336 4896 1390 4940 et
1426 4894 1611 4939 nostra
1676 4881 2080 4938 examinatione
2125 4880 2352 4950 judicati

783 4993 913 5039 sunt
947 4983 1172 5049 indigni,
1213 4980 1313 5033 sub
1354 4975 1617 5032 tutissima
1649 4974 1893 5027 custodia
1934 4984 1988 5027 et
2032 4971 2264 5024 vinculis
2285 4971 2351 5024 ad

786 5087 933 5132 tuam
973 5073 1371 5128 transmisimus
1399 5069 1782 5125 constantiam.
1827 5066 1881 5118 Si
1914 5081 2042 5136 ergo
2076 5065 2350 5134 poeniten-

787 5168 863 5222 tia
921 5165 1070 5220 ducti
1127 5163 1230 5218 diis
1281 5161 1754 5222 sacriﬁcaverint,
1826 5157 2105 5210 solvantur
2152 5159 2218 5211 ab
2273 5155 2353 5209 cis

788 5258 1061 5329 impositis
1100 5257 1354 5312 vinculis.
1390 5263 1440 5307 et
1471 5254 1618 5322 digni
1650 5261 1980 5307 censeantur
2032 5249 2239 5303 honore
2302 5258 2356 5303 et

786 5351 1193 5410 benevolentia.
1228 5346 1646 5402 Revocabuntur
1671 5345 1815 5397 enim
1851 5357 2038 5396 rursus
2073 5357 2102 5394 a
2171 5350 2358 5394 nostra

790 5445 1031 5517 potentia
1059 5486 1071 5504 .
1108 5441 1478 5509 recipientque
1509 5437 1717 5507 priores
1763 5435 1998 5488 honores
2022 5477 2034 5498 ,
2071 5443 2162 5486 aut
2193 5433 2358 5486 ctiam

791 5539 1048 5605 majores,
1081 5542 1350 5602 eruntque
1381 5532 1636 5599 deinceps
1693 5528 1746 5582 in
1781 5527 1901 5581 loco
1939 5539 1993 5580 et
2034 5526 2227 5580 ordine
2280 5524 2360 5577 eis

794 5628 1168 5686 convenienti.
1204 5626 1300 5680 Sin
1331 5632 1512 5678 autem
1551 5620 1902 5675 immobiliter
1922 5618 2086 5686 priori
2124 5618 2364 5670 haereant

796 5725 1108 5785 sententiae,
1143 5720 1318 5789 legum
1354 5715 1581 5785 subjecti
1615 5715 1726 5768 sint
1749 5711 2078 5773 austeritati,
2137 5708 2363 5780 ipsaque

799 5817 1038 5875 essentia
1059 5824 1112 5871 et
1145 5813 1254 5870 vita
1284 5824 1413 5866 ense
1437 5808 1719 5883 priventur
1742 5821 1862 5864 cum
1888 5803 2024 5860 aliis.
2069 5801 2219 5858 Vale.

2453 4616 2678 4668 ἐκείνων
2712 4613 2873 4666 πάλιν
2901 4613 3094 4680 ’ἄρχειν
3125 4607 3475 4679 ἠξιωμένοις,
3521 4609 3654 4674 ἡμῖν
3713 4604 4029 4672 πειθηνίους

2453 4705 2593 4761 εἶναι
2628 4707 2899 4776 βούλεται,
2933 4707 3026 4756 καὶ
3053 4702 3422 4770 εὐγνώμονας.
3456 4700 3554 4751 Διά
3604 4697 3786 4750 ταῦτά
3831 4715 3910 4749 τοι
3948 4699 4035 4748 καὶ

2454 4802 2675 4870 Σέργιον
2705 4799 2893 4853 τοῦτον
2924 4800 3015 4849 καὶ
3040 4797 3128 4848 τὸν
3151 4796 3245 4845 σὺν
3270 4794 3418 4860 αὑτῴ
3444 4792 3656 4861 Βάκχον
3684 4791 3911 4852 ἀσεϐεῖς
3943 4791 4036 4853 μὲν

2455 4895 2521 4946 τά
2557 4894 2681 4961 περὶ
2712 4893 2841 4950 τοὺς
2895 4891 3049 4951 θεοὺς
3098 4887 3491 4952 ἀναφανέντας,
3539 4886 3631 4937 καὶ
3666 4888 3734 4953 τῇ
3765 4886 3875 4936 τῶν
3909 4884 4037 4952 Χριο

2461 4987 2694 5039 στιανῶν
2718 4983 3130 5054 προσθεμένους
3169 4981 3457 5050 θρησκείᾳ,
3493 4984 3622 5048 περὶ
3664 4979 3820 5044 ἡμᾶς
3854 4978 3912 5028 δὲ
3949 4979 4038 5039 άγς

2459 5079 2706 5146 νώμονάς
2732 5095 2789 5130 τε
2816 5079 2910 5128 καὶ
2939 5077 3269 5146 ἀχαρίστους
3305 5072 3727 5140 ἐληλεγμένους,
3767 5071 3864 5121 καὶ
3895 5068 4038 5134 παρὰ

2461 5171 2619 5222 τοῦτο
2677 5170 2898 5230 πολλαῖς
2949 5170 3239 5237 τιμωρίαις
3273 5165 3644 5235 ὑποΰληθῆναι
3695 5165 4037 5228 ὀφείλοντας,

2463 5263 2713 5329 ἀναξίους
2745 5263 2846 5333 ἤδη
2887 5260 2980 5313 τοῦ
3017 5261 3289 5330 ἡμετέρου
3336 5259 3574 5329 βήματος
3618 5258 3714 5308 καὶ
3771 5256 3868 5322 τῆς,
3919 5253 4040 5322 παρ’

2467 5357 2624 5427 ἡμῶν
2668 5355 2848 5410 αὐτῶν
2884 5354 3183 5419 ἐξετάσεως
3221 5352 3593 5421 νομισθέντας.
3631 5345 3740 5398 ὑπὸ
3797 5349 4040 5415 ἀσφαλε-

2469 5451 2636 5518 στάτη
2693 5449 2906 5518 φρουρᾷ
2934 5449 3026 5498 καὶ
3052 5445 3267 5513 δεσμοῖς
3301 5447 3363 5514 τῇ
3401 5445 3468 5510 σῇ
3503 5442 3833 5510 στερρότητι
3872 5456 4041 5508 παρε-

2469 5543 2784 5612 πέμψαμεν.
2826 5543 2887 5594 Εἰ
2915 5542 3013 5610 μὲν
3040 5538 3130 5590 οὐν
3167 5534 3638 5608 μεταμεληθέντες
3680 5533 3916 5585 θύσειαν
3942 5536 4044 5591 τοῖς

2471 5636 2775 5698 οεοἷς,,τιῖ›ν
2807 5632 3020 5700 δεσμῶν
3056 5649 3115 5683 τε
3139 5631 3245 5684 τῶν
3279 5624 3641 5694 ἐπικειμένων
3666 5625 3858 5685 αὐτοῖς
3893 5623 4048 5686 λυθῇ-

2469 5744 2674 5791 τωσαν,
2710 5726 2804 5779 καὶ
2845 5724 3011 5793 τιμῆς
3060 5721 3449 5788 ἀξιωθήτωσαν
3486 5715 3687 5785 μᾶλλον
3741 5715 3847 5765 καὶ
3908 5713 4051 5776 εὐμε-

2475 5819 2660 5887 νείαςο
2719 5816 3187 5888 ἁνακληθήσονται
3245 5809 3354 5892 γὰρ
3403 5804 3562 5868 αὖθις
3609 5805 3704 5861 καὶ
3770 5802 3928 5867 παρὰ
3966 5798 4051 5852 se}
