4178 6316
195 366 336 436 1017

1110 383 1575 451 MARTYRIUM
1615 392 1717 456 SS.
1767 397 2032 459 SERGlI
2077 401 2172 462 ET
2210 405 2505 469 BACCHl.

3293 415 3438 480 1018

181 491 461 609 statim:
494 496 768 608 κράτους
797 496 899 609 καὶ
924 499 1027 607 τάς
1057 519 1114 554 τε
1142 507 1412 578 προτέρας
1451 509 1819 582 ἀπολήψονται
1846 518 2006 587 τιμὰς
2031 519 2062 590 ἦ
2092 522 2184 576 καὶ
2223 524 2464 594 μείζους,
2487 529 2583 581 καὶ
2606 529 2662 584 ἐν
2691 530 2840 598 τάξει
2867 534 2934 606 τῇ
2971 534 3328 609 προσηκούσῃ
3375 537 3439 591 τὸ

181 585 373 640 λοιπον
424 587 637 643 ἔσονται
663 608 675 622 ’
703 593 752 644 εἰ
792 591 849 646 δὲ
888 594 987 664 τῆς
1043 598 1422 673 προλαόοὑσης

1475 605 1826 703 ἀμεταθέτως
1853 612 2064 682 ἔχονται
2119 619 2346 691 γνώμης
2384 625 2450 693 τῇ
2507 625 2878 699 αὐστηρότητι
2913 605 3027 684 τῶν
3067 605 3250 703 νόμων
3300 605 3438 687 imo-

188 671 502 744 ϐληθέντες,
524 681 615 732 καὶ
640 680 771 734 αὐτὸ
795 685 932 751 μετά
959 686 1066 740 τῶν
1087 687 1260 742 ἄλλων
1287 692 1345 745 τὸ
1376 671 1527 748 εἶναι-
1549 699 1642 750 καὶ
1675 700 1736 752 τὸ
1758 671 1857 772 Civ
1882 671 1984 759 "ad
2025 671 2211 778 ξίφους

267 769 343 822 8'.
373 770 452 822 Τά
479 771 701 826 τοιαῦτα
731 777 1029 847 γράμματα
1047 779 1301 848 λαϐόντες
1325 788 1374 837 οἱ
1401 791 1750 860 στρατιῶται,

180 853 307 910 εἶτα
343 861 435 912 καὶ
489 864 615 925 τοὺς
673 866 859 931 ἁγίους
907 872 1319 938 παραλαϐόντες
1366 853 1486 930 όδυθ
1523 853 1750 950 εἴχοντοξ

178 950 307 1003 Τῶν
336 954 562 1006 οίκετῶν
597 956 651 1008 δέ
685 975 847 1024 τινες,
879 961 956 1028 τῷ
984 981 1043 1015 τε
1073 967 1244 1036 ὁμοίῳ
1283 971 1413 1039 περὶ
1449 972 1549 1040 τὴν
1594 975 1762 1047 εὗσέ-ι

177 1041 340 1094 δειαν
387 1044 533 1115 ζήλῳ
584 1049 675 1100 καὶ
709 1050 771 1119 δὴ
801 1053 1058 1121 καὶπρὸς
1093 1056 1218 1119 τοὺς
1244 1061 1523 1123 ,δεσπότας
1567 1065 1749 1136 εὐνοίᾳ

172 1137 554 1204 νενικημένοι,
619 1142 937 1195 συνείποντο
979 1147 1074 1198 καὶ
1133 1149 1312 1210 αὐτοὶ.
1378 1152 1629 1222 καθάπερ
1685 1159 1745 1211 οὐ

174 1224 328 1294 μόνῳ
351 1227 417 1279 τὰ
450 1229 675 1297 σώματα
699 1232 1054 1289 δεδουλῶσθαι
1089 1241 1271 1307 μόνον,
1308 1243 1443 1296 ἀλλὰ
1467 1247 1557 1297 καὶ
1597 1247 1745 1315 πόθῳ

165 1319 273 1381 τὰς
306 1318 481 1389 ψυχὰς
534 1323 866 1393 βουλόμενοι.
932 1329 994 1381 Οἳ
1032 1333 1125 1384 καὶ
1172 1334 1280 1387 τῶν
1321 1335 1490 1404 ἁγίων
1545 1339 1743 1408 ἢκουον

169 1410 314 1478 πρὸς
366 1412 624 1481 ἀλλήλους
680 1418 885 1482 μεταξὺ
929 1424 1457 1496 κοινολογουμένων·
1504 1429 1581 1493 ὡς
1635 1431 1742 1500 ἄρα

163 1502 268 1566 τῆς
298 1502 489 1564 νυκτὸς
526 1505 649 1557 καθ’
682 1508 747 1578 ἢν
775 1511 883 1576 τῆς·
906 1513 1114 1578 πόλεως
1155 1515 1443 1586 Ῥωμαίων
1486 1520 1737 1591 ἐξῄεσαν,

169 1591 424 1664 θειοτέρα
469 1613 550 1659 τις
581 1598 701 1668 ὄψις
755 1604 1102 1672 ἐπιφανεῖσα,
1137 1609 1360 1681 θαρρεῖν
1397 1614 1579 1676 αὐτοῖς
1619 1616 1740 1667 ἐκέ-

161 1684 292 1738 λευε
316 1687 405 1739 τὸν
434 1689 644 1759 ἀγῶνα,
679 1693 772 1746 καὶ
812 1699 1222 1768 προθυμότερον
1268 1704 1363 1771 τῆς
1395 1705 1562 1774 καλῆς
1591 1708 1740 1758 ὲκεί-

161 1797 264 1845 νης
305 1780 390 1834 διὰ
419 1782 655 1851 Χριστὸν
691 1787 910 1855 ἔχεσθαι
966 1795 1211 1861 πορείας.
1265 1795 1356 1847 Διὸ
1391 1798 1481 1848 καὶ
1535 1797 1639 1849 ὑπὸ
1670 1801 1734 1869 τῇ

156 1870 353 1924 ἁλύσει
395 1879 458 1944 τῇ
493 1875 686 1947 σιδηρᾷ
717 1879 991 1946 βαίνοντες
1018 1885 1210 1937 ἐκεῖνοι
1243 1888 1338 1937 καὶ
1367 1889 1478 1950 τοῖς
1495 1889 1733 1957 δεσμοῖς,

154 1958 384 2028 ἀλύπως
415 1966 534 2035 μεθ’
561 1968 750 2038 ἡδονῆς
771 1971 998 2040 ἔψαλλον
1017 1991 1029 2003 ·
1069 1976 1155 2028 Ἐν
1185 1981 1250 2048 τῇ
1283 1978 1381 2047 ὁδῷ
1404 1981 1512 2031 τῶν
1533 1998 1736 2050 μαρτυο

156 2052 294 2121 ρίων
327 2073 419 2108 σου
449 2061 810 2131 ἐτέρφθημεν,
842 2064 1035 2136 Κύριε,
1064 2067 1137 2131 ὡς
1172 2071 1262 2123 ἐπὶ
1301 2072 1464 2124 παντὶ
1493 2072 1731 2140 πλούτῳ.

167 2138 260 2194 Ἐν
305 2149 414 2207 τοῖς
444 2148 775 2218 δικαιώμασί
808 2171 904 2206 σου
936 2157 1301 2228 μελετήσομεν
1332 2162 1425 2212 καὶ
1449 2160 1542 2214 τοῦ
1575 2162 1738 2230 νόμου
1777 2159 1815 2211 Β

147 2250 251 2287 σου
296 2239 394 2290 οὐκ
429 2241 923 2310 ἐπιλησθησόμεθα.
967 2248 1054 2300 Ἐν
1079 2254 1197 2312 ταῖς
1223 2252 1457 2315 ἐντολαῖς
1487 2271 1579 2306 σου
1609 2255 1729 2307 ἀδο-

151 2323 511 2397 λεσχήσομεν,
543 2335 634 2383 καὶ
667 2335 1041 2404 ἐκζητήσομεν
1091 2342 1190 2402 τὰς
1219 2342 1370 2406 ὁδούς
1405 2361 1519 2395 σου.
1559 2346 1728 2413 Ζησό-

147 2414 296 2483 μεθα
327 2420 418 2467 καὶ
452 2419 756 2490 φυλάξομεν
785 2426 908 2487 τοὺς
939 2427 1130 2494 λόγους
1154 2448 1268 2484 σου.
1300 2435 1482 2485 Πᾶσαν
1512 2434 1605 2486 οὖν
1626 2438 1724 2504 τὴν

138 2507 268 2559 ὁδὸν
298 2510 511 2580 ἐκείνην
540 2514 753 2577 ἀπόνως
781 2517 1097 2585 ἀνύσαντες,
1147 2520 1204 2574 ἐν
1252 2541 1356 2576 τινι
1387 2523 1722 2594 Βαρόαλησὼ

139 2598 301 2654 πόλει
358 2606 456 2672 τῆς
515 2606 874 2677 Λιμητανέων
933 2613 1097 2680 ἐγγὺς
1160 2615 1514 2683 κατάγονται.
1552 2617 1720 2671 Ἔνθα

134 2690 470 2763 διατρίϐοντι
488 2698 562 2767 τῷ
586 2699 736 2752 δουκὶ
758 2705 1106 2774 παρέστησαν
1144 2709 1419 2779 Ἀντιόχῳ,
1442 2711 1721 2780 χαρίεντες

144 2784 252 2851 μὲν
297 2788 388 2837 καὶ
420 2790 637 2859 φαιδροὶ
668 2793 765 2862 τὴν
803 2796 948 2862 ὄψιν,
990 2798 1088 2864 τὴν
1117 2800 1171 2851 δὲ
1203 2801 1300 2869 τῆς
1344 2802 1523 2871 ψυχῆς
1556 2805 1719 2871 εὐγέ-

132 2895 292 2929 νειαν
323 2879 398 2948 τῷ
428 2879 520 2932 τοῦ
552 2883 713 2952 ἠθους
747 2883 803 2938 εὖ
832 2887 978 2954 μάλα
1007 2890 1398 2956 διαδεικνύντες
1430 2896 1719 2965 ἐλευθερίῳ

144 2968 372 3035 Ἀμέλει
405 2977 494 3025 καὶ
525 2977 572 3027 οἱ
604 2977 1105 3047 τῶνπεριεστώτων
1135 2984 1403 3053 ὀφθαλμοὶ
1442 2988 1541 3054 τῆς
1578 2988 1720 3040 ἐκεί-

129 3079 243 3113 νων
263 3061 385 3123 θέας
412 3066 547 3129 ὅλως
564 3069 858 3140 ἐξήρτηντο
879 3091 892 3102 ·
913 3074 1005 3127 καὶ
1019 3075 1140 3128 οὐδὲ
1163 3077 1358 3147 ῥᾳδίως
1408 3080 1503 3131 ἀπ’
1536 3080 1716 3134 αὐτῶν

130 3153 696 3226 ἀφίστασθαιῆθελον,
738 3163 853 3215 ἀλλ’
904 3166 1134 3230 ἐκτενῶς
1163 3171 1240 3231 είς
1274 3169 1469 3233 αὐτοὺς
1505 3170 1710 3241 ἐώρων,

127 3246 229 3294 καί
260 3245 484 3311 γλυκεῖά
513 3266 593 3311 τις
626 3246 766 3321 ἦσαν
795 3254 1006 3325 θεάτρῳ
1035 3261 1359 3330 πανήγυρις.

208 3335 267 3385 l'.
301 3335 653 3407 θεασάμενος
678 3346 856 3396 τοίνυν
896 3349 1092 3411 αὐτοὺς
1121 3351 1266 3414 ὅπως
1295 3347 1438 3422 εἶχον
1485 3355 1512 3407 ὁ
1559 3355 1707 3422 δοῦξ,

124 3425 252 3481 εἶτα
278 3433 380 3522 ,καὶ
405 3433 471 3485 τὰ
496 3433 756 3503 βασιλέως
784 3443 1052 3510 ἀναγνοὺς
1080 3448 1404 3517 γράμματα.
1430 3455 1555 3522 σιγῇ
1584 3453 1707 3506 καθ’

124 3520 329 3573 ἑαυτὸν
368 3524 727 3596 ἀπεθαύμαζε
753 3543 767 3558 ⁸
809 3533 904 3585 καὶ
939 3535 1099 3588 πάλιν
1133 3537 1330 3601 αὐτοὺς
1379 3541 1711 3598 ὲπανεθεᾶτο

127 3613 281 3680 μέγα
312 3631 365 3666 τι
395 3617 486 3668 καὶ
530 3621 720 3675 καινὸν
757 3620 897 3678 εἶναι
951 3628 1215 3697 οίόμενος,
1258 3633 1404 3695 ὅπως
1439 3636 1516 3696 είς
1552 3636 1710 3689 τοῦτο

120 3710 599 3776 γενναιότητόςητε
619 3715 712 3764 καὶ
736 3714 938 3785 τόλμης
961 3713 1145 3788 ἦλθον,
1178 3722 1251 3784 ὡς
1298 3726 1390 3776 καὶ
1432 3725 1708 3779 κολάσεων

122 3801 230 3853 καὶ
259 3799 500 3852 ἀπειλῶν
541 3803 632 3854 καὶ
656 3803 813 3874 δόξης
846 3809 937 3860 καὶ
987 3810 1150 3863 αὐτοῦ
1192 3813 1256 3882 δὴ
1291 3821 1704 3887 καταφρονῆσαι

116 3889 220 3943 τοῦ
272 3891 537 3956 βασιλέως
571 3895 664 3947 καὶ
702 3900 831 3968 περὶ
881 3900 1167 3971 ἐλαχίστου
1200 3905 1394 3957 θέσθαι
1415 3909 1505 3960 τὸν
1538 3908 1704 3963 θάνα-

117 3998 242 4035 τον.
277 3982 378 4035 Τὸν
407 3985 502 4054 τῆς
553 3989 760 4054 τάξεως
810 3994 867 4045 δὲ
898 3995 1043 4062 ὅμως
1086 4002 1515 4070 κομενταρήσιον
1549 4006 1701 4056 καλέ-

118 4088 248 4136 σας,
285 4077 422 4142 Τοὺς
462 4081 718 4150 δεσμίους
755 4086 998 4150 τούτους,
1031 4086 1157 4158 ἔφη,
1193 4086 1548 4161 παραλαὸὼν,
1586 4095 1695 4148 ὑπο

119 4171 345 4240 φρουρᾷ
381 4177 480 4238 μὲν
510 4175 669 4244 τήρει
713 4191 806 4244 μοι
834 4181 897 4248 τῇ
929 4182 1312 4254 ἀσφαλεστάτη
1335 4199 1347 4212 ⁸
1389 4184 1526 4256 πλὴν
1572 4189 1695 4255 μηδ’

112 4257 304 4332 ὁτιοῦν
340 4261 644 4333 λυπηρὸνῆ
692 4266 989 4338 ἀϐούλητον
1051 4273 1455 4345 ὑπομένοντας’
1493 4280 1696 4350 ὄψομαι

112 4350 229 4417 γὰρ
260 4354 355 4404 καὶ
395 4355 474 4417 είς
515 4356 779 4430 δευτέραν
815 4363 1021 4426 αὐτοὺς
1076 4366 1342 4429 ἐξέτασιν.
1382 4363 1543 4424 Οὗτοι
1591 4366 1707 4444 μὲν

108 4440 236 4531 οὖν,
273 4448 415 4498 κατά
450 4448 509 4498 τὸ
537 4448 728 4515 δουκὸς
745 4455 1078 4525 πρόσταγμα
1106 4460 1161 4510 ὲν
1186 4459 1266 4527 τῷ
1288 4464 1522 4531 ἀσφαλεῖ
1547 4440 1693 4519 κλει-

109 4530 340 4597 σθέντες
396 4536 492 4604 τῆς
525 4540 773 4610 φυλακῆς
817 4544 1055 4616 ἑσπέρας
1122 4530 1555 4625 καταλαὸούσης,
1584 4559 1692 4621 Δεἰς

109 4627 432 4697 προσευχὴν
491 4630 716 4696 ἑαυτοὺς
761 4637 1003 4703 ἀνῆκαν
1051 4641 1372 4712 Ἐπίῦλεψον
1401 4649 1486 4716 ἐφ’
1517 4651 1686 4719 ἡμᾶς,

105 4717 388 4784 λέγοντες,
426 4714 485 4788 ἐξ
520 4724 679 4791 ἁγίου
741 4743 856 4791 σου⁹
888 4731 1157 4798 Δέσποτα,
1205 4728 1629 4811 κατοικητηρίου
1663 4757 1678 4773 ’

1923 799 2013 855 ΙΧ.
2056 803 2189 870 Cum
2227 807 2326 862 bas
2353 810 2557 865 litteras
2601 820 2653 866 et
2704 823 2922 868 sanctos
2980 815 3126 871 viros
3178 818 3423 886 accepis-

1858 903 1979 948 sent
2019 892 2235 959 milites.
2267 901 2403 955 viam
2436 914 2565 958 sunt
2593 904 2843 976 ingressi.
2876 905 3107 971 Quidam
3143 918 3324 962 autem
3361 926 3429 965 ex

1857 986 2096 1051 famulis,
2129 1002 2184 1043 et
2206 991 2362 1045 simili
2397 995 2514 1048 zelo
2544 997 2598 1049 in
2633 998 2916 1065 pietatem,
2966 1007 3020 1052 et
3063 999 3115 1051 in
3173 1001 3424 1054 dominos

1855 1079 1983 1134 victi
2019 1081 2532 1150 benevolentia,eos
2573 1103 2792 1156 quoque
2843 1099 2972 1144 sunt
3013 1090 3211 1154 seculi,
3268 1096 3423 1160 quasi

1853 1185 1961 1223 non
1994 1187 2219 1241 corpora
2263 1176 2433 1229 solum
2458 1177 2581 1248 legi,
2613 1179 2706 1233 sed
2733 1181 2896 1234 etiam
2924 1182 3135 1237 animas
3175 1184 3420 1238 voletith

1851 1258 1964 1315 Deo
1995 1265 2218 1318 servire.
2261 1265 2365 1331 Qui
2395 1268 2557 1321 etiam
2587 1270 2876 1324 audierunt
2911 1282 3131 1327 sanctos
3169 1275 3308 1327 inter
3357 1289 3416 1329 se

1849 1352 2242 1421 colloquentes,
2278 1368 2331 1410 et
2361 1359 2627 1422 dicentes,
2670 1361 2814 1426 quod
2838 1371 3018 1426 nocte,
3055 1378 3158 1431 qua
3214 1361 3420 1434 egressi

1803 1455 1809 1460 '
1849 1455 1974 1497 sunt
2007 1460 2037 1498 e
2070 1448 2292 1502 civitate
2325 1448 2716 1512 Romanorum,
2744 1453 2925 1506 divina
2957 1457 3199 1522 quaedam
3251 1469 3419 1522 appa-

1847 1552 1971 1591 rens
1997 1538 2130 1592 visio
2157 1540 2321 1607 jussit
2350 1558 2442 1596 eos
2465 1544 2762 1610 conlidere,
2789 1553 2842 1599 et
2877 1546 3019 1600 bono
3052 1560 3172 1600 esse
3231 1547 3416 1602 animo

1846 1628 1912 1682 ad
1969 1625 2266 1696 certamen,
2328 1641 2386 1687 et
2439 1635 2694 1688 alacriter
2767 1637 2977 1708 ingredi
3045 1637 3250 1692 bonum
3314 1639 3416 1693 iter

1846 1734 2072 1794 propter
2120 1727 2419 1782 Christum.
2455 1730 2818 1795 Quamobrem
2862 1733 2961 1786 etsi
3014 1744 3197 1787 essent
3239 1733 3412 1788 ferrea

1844 1817 1929 1871 illa
1953 1819 2122 1873 vincti
2145 1829 2358 1885 catena,
2387 1822 2520 1876 citra
2553 1823 2856 1877 moiestiam
2891 1834 2942 1877 et
2978 1838 3098 1877 cum
3134 1826 3414 1892 voluptate

1842 1909 2140 1976 psallebant
2171 1926 2184 1964 :
2218 1908 2273 1963 In
2303 1912 2384 1963 via
2419 1912 2856 1966 testimoniorum
2893 1923 3109 1967 tuorum
3160 1914 3413 1970 delectati

1840 2016 2046 2063 sumus,
2085 2003 2334 2064 Domine,
2369 2014 2624 2073 tanquam
2660 2003 2726 2059 in'
2756 2008 3012 2060 omnibus
3068 2006 3298 2061 divitiis.
3353 2008 3412 2062 In

1837 2091 2321 2159 justiﬁcationibus
2348 2097 2452 2148 tuis
2478 2096 2724 2150 meditati
2761 2112 2971 2161 sumus,
3030 2107 3086 2150 et
3121 2098 3254 2166 legis
3308 2109 3415 2152 tua!

1841 2198 1948 2236 non
1974 2199 2162 2238 sumus
2179 2186 2350 2238 obliti.
2383 2186 2440 2239 In
2472 2189 2746 2243 mandatis
2769 2190 2874 2243 tuis
2913 2187 3325 2250 meditabimur,
3357 2199 3413 2244 et

1836 2276 2182 2345 exquiremus
2232 2278 2346 2331 vias
2384 2286 2525 2333 tuas.
2582 2279 2863 2341 Vivemus.
2925 2289 2980 2334 et
3035 2280 3409 2334 custodiemus

1836 2381 2118 2422 sermones
2179 2378 2322 2423 tuos.
2374 2368 2510 2425 Cum
2564 2387 2693 2440 ergo
2769 2383 2937 2426 totum
2974 2371 3102 2425 illud
3147 2371 3250 2424 iter
3271 2371 3407 2425 citra

1834 2458 2076 2514 laborem
2106 2462 2496 2521 confecissent.
2528 2465 2880 2518 diversantur
2909 2465 2962 2516 in
2986 2464 3218 2529 quadam
3267 2463 3402 2516 civi—

1832 2555 1941 2599 tate
1967 2590 1979 2608 ,
2016 2550 2235 2604 nomine
2267 2549 2578 2615 Barbaleso,
2617 2567 2784 2622 prope
2828 2551 3103 2620 regionem
3173 2548 3401 2601 Limita-

1822 2646 2076 2692 neorum.
2104 2640 2222 2704 Quo
2246 2643 2298 2694 in
2320 2643 2439 2696 loco
2459 2660 2581 2696 cum
2613 2647 2719 2698 dux
2748 2654 3054 2697 versaretur
3072 2639 3398 2705 Antiochus,

1830 2740 1953 2785 ante
1981 2748 2101 2786 eum
2121 2741 2248 2787 sunt
2267 2736 2539 2803 producti,
2567 2735 2670 2787 laeti
2696 2735 2914 2802 quidem
2942 2743 2995 2786 et
3021 2735 3170 2786 vultu
3206 2732 3397 2796 alacri,

1829 2827 1996 2880 animi
2048 2838 2228 2881 autem
2287 2828 2622 2882 nobilitatem
2674 2828 3396 2882 liberalibus'ostendenles

1827 2920 2090 2974 moribus.
2127 2922 2325 2975 Eorum
2359 2921 2565 2991 itaque.
2591 2922 2680 2991 qui
2710 2924 2857 2990 ipsos
2885 2921 3390 2984 circumsismbont,

1825 3011 1964 3066 oculi
1993 3020 2148 3063 erant
2183 3027 2374 3068 omnes
2409 3014 2462 3065 in
2499 3029 2592 3066 eos
2632 3014 2866 3078 conjecti
2902 3030 2914 3066 :
2972 3023 3026 3068 et
3083 3029 3180 3068 nec
3229 3012 3392 3068 facile

1823 3101 2181 3168 desistebaut,
2221 3107 2312 3158 sed
2342 3105 2495 3157 ﬁrmo
2524 3115 2577 3158 et
2609 3105 2820 3157 intento
2848 3111 3040 3159 obtutu
3098 3121 3193 3158 eos
3248 3105 3395 3174 aspi-

1820 3193 2066 3258 ciebant;
2104 3207 2365 3268 erantque
2411 3197 2513 3269 ipsi
2549 3197 2760 3252 theatro
2784 3197 3086 3268 jucundum
3118 3197 3388 3266 quoddam

1818 3286 2209 3353 spectaculum.

1887 3375 1954 3430 X.
2007 3376 2141 3432 Cum
2212 3393 2308 3432 eos
2364 3394 2493 3449 ergo
2551 3382 2776 3437 vidisset
2829 3382 2934 3435 dux
2988 3383 3264 3450 quomodo
3332 3400 3393 3440 se

1818 3468 2107 3533 haberent,
2150 3482 2205 3525 et
2234 3471 2430 3526 deinde
2468 3474 2630 3528 etiam
2659 3473 2877 3545 legisset
2907 3475 3116 3530 litteras
3149 3477 3385 3541 impera-

1816 3563 1970 3625 toris,
1997 3563 2194 3617 tacitus
2228 3567 2371 3632 apud
2405 3581 2464 3619 se
2501 3567 2888 3628 admirabatur,
2938 3577 3015 3621 et-
3047 3583 3140 3621 eos
3200 3581 3392 3625 rursus

1816 3653 2302 3721 contemplabatur.
2338 3671 2592 3725 magnum
2624 3658 2753 3725 quid
2784 3672 2904 3711 esse
2927 3667 2983 3712 et
3015 3673 3216 3713 novum
3241 3659 3388 3714 exis-

1812 3745 2035 3805 timans.
2067 3746 2210 3813 quod
2230 3745 2293 3800 ad
2329 3757 2530 3800 tantam
2598 3749 2996 3816 processissent
3046 3751 3212 3802 animi
3273 3765 3392 3804 ma-

1808 3836 2179 3908 gnitudinem,
2218 3848 2276 3890 ut
2304 3850 2355 3892 et
2381 3840 2666 3909 supplicia,
2691 3851 2747 3894 et
2785 3841 2979 3904 minas,
3031 3850 3087 3895 et
3130 3841 3379 3911 gloriam,

1805 3939 1860 3984 et
1913 3930 2088 3999 ipsum
2139 3931 2305 3984 etiam
2389 3932 2742 4000 desiiicerent
2788 3933 3205 4003 imperatorem,
3272 3936 3380 3990 imo

1805 4029 2033 4075 mortem
2060 4035 2276 4091 quoque
2304 4023 2514 4076 minimi
2551 4022 2814 4077 iacerent.
2868 4025 3149 4080 Accersito
3194 4037 3376 4082 autent

1803 4113 2277 4166 commentariensi
2307 4130 2320 4166 :
2355 4114 2577 4183 Accipe.
2610 4115 2808 4183 inquit,
2837 4114 2937 4168 hos
2973 4118 3200 4176 vinctos.
3227 4128 3282 4172 et
3319 4120 3373 4172 iu

1801 4201 2044 4256 custodia
2068 4204 2285 4271 quidem
2318 4189 2475 4258 serva
2502 4206 2771 4260 tutissima
2798 4248 2812 4272 ,
2840 4207 2975 4262 nihil
3002 4218 3182 4263 autem
3211 4225 3375 4281 grave

1799 4303 1892 4346 aut
1953 4295 2236 4348 molestum
2295 4297 2631 4350 sustinentes
2687 4315 2702 4351 :
2765 4312 2862 4352 eos
2927 4300 3073 4352 enim
3151 4318 3376 4357 reservo

1797 4387 2209 4441 examinationi.
2246 4389 2423 4459 Atque
2456 4385 2495 4441 ii
2521 4389 2743 4459 quidem
2777 4391 2935 4459 jussu
2965 4390 3122 4446 ducis
3151 4392 3208 4446 in
3251 4403 3368 4450 tuta

1796 4477 1990 4533 inclusi
2043 4480 2311 4546 custodia,
2371 4497 2496 4536 cum
2553 4483 2798 4538 venisset
2850 4499 3101 4555 vespera,
3155 4487 3366 4555 se'ipsos

1794 4571 2066 4624 dederunt
2099 4573 2331 4626 orationi
2361 4595 2374 4628 :
2406 4575 2636 4645 Adspice
2672 4577 2740 4630 ad
2771 4591 2894 4639 nos,
2935 4577 3202 4642 dicentes,
3252 4577 3364 4633 Do-

1792 4663 1958 4726 mine,
1989 4678 2020 4717 e
2051 4675 2239 4719 sancto
2277 4675 2368 4718 tuo
2399 4667 2749 4722 liabitaculo:
2798 4670 3055 4739 quoiiiam
3107 4671 3365 4726 inimicus

1791 4767 1892 4806 nos
1918 4756 2130 4822 probris
2159 4756 2361 4819 aﬂ‘ecit,
2415 4767 2470 4812 et
2529 4760 2760 4829 papulus
2815 4761 3079 4830 insipiens
3135 4763 3368 4816 irritavit

107 4810 198 4862 ὅτι
229 4813 258 4862 ὁ
288 4814 478 4883 ἐχθρὸς
508 4816 789 4872 ὠνείδισεν
821 4824 967 4893 ημᾶς
1019 4826 1108 4879 διὰ
1135 4829 1194 4880 τὸ
1240 4832 1331 4882 σὺν
1361 4810 1553 4902 ὀνομα,
1587 4835 1682 4888 καὶ

1815 4859 1992 4897 iumen
2028 4857 2278 4901 sanctum
2320 4856 2494 4907 tuum.
2555 4850 2620 4904 Et
2672 4866 2740 4903 ne
2802 4854 2984 4905 tradas
3053 4851 3368 4907 horninibus

100 4902 235 4966 λαὸς
276 4905 464 4972 ἄφρων
487 4907 770 4979 παρώξυνε
791 4921 851 4968 το
891 4918 1066 4988 ὄνομά
1118 4940 1212 4975 σου
1249 4927 1313 4977 τὸ
1343 4928 1499 4995 ἆγιον
1530 4946 1545 4960 ⁸
1582 4931 1682 4982 καὶ

105 4995 186 5064 μὴ
220 4997 480 5067 παραδῷς
516 5001 825 5071 ἀνθρώποις
857 5007 1062 5080 θηρίων
1086 5014 1448 5086 ἀγριωτέρως
1504 5019 1680 5088 ψυχὰς

98 5089 611 5162 ἐξομολογουμένας
639 5112 720 5149 σοι
746 5112 761 5124 ·
803 5102 918 5154 ἀλλ’
941 5106 1344 5181 ἐπίϐλεψονιεξς
1366 5110 1463 5180 τὴν
1487 5113 1677 5184 διαθή-

99 5201 210 5254 κην
244 5203 361 5251 σου,
391 5192 482 5242 καὶ
512 5194 801 5247 ἀντιλαδοῦ
831 5182 1007 5266 ἡμῶν,
1045 5202 1240 5272 Κύριε,
1267 5205 1361 5256 καὶ
1397 5206 1675 5277 λύτρωσαι

95 5278 254 5345 ἡμᾶς
284 5281 591 5338 ἕνεκεν.τοῦ
621 5287 881 5357 ὀνόματός
928 5308 1024 5344 σου
1055 5309 1068 5324 ’
1091 5297 1171 5348 ὃτι
1204 5298 1235 5364 ἡ
1289 5299 1674 5367 ὑπερήφανεια

95 5361 213 5424 τ’ὦν
245 5377 551 5443 μισούντων
587 5397 668 5446 σε,
704 5363 931 5451 γέγονεν
958 5389 1043 5454 ἐφ’
1084 5361 1234 5456 ἡμᾶς
1283 5361 1505 5462 ἰσχυρά..
1567 5395 1675 5448 Καὶ

92 5469 198 5536 τῆς
222 5471 390 5540 εὐχῆς
431 5474 528 5543 ἤδη
563 5477 932 5551 τελεσθείσης,
967 5483 1138 5552 βραχὺ
1176 5485 1309 5553 πρὸς
1359 5487 1527 5540 ὕπνον
1558 5487 1673 5539 δια-

92 5564 389 5630 τραπεῖσιν
436 5567 664 5636 ἄγγελος
718 5573 898 5636 αὐτοῖς
945 5578 1192 5642 ἐπιστὰς,
1254 5578 1386 5647 ἡλίῳ
1451 5581 1548 5648 μὲν
1575 5579 1672 5651 τὴν

97 5654 320 5725 μορφὴν
355 5658 568 5726 ἐοικὼς,
610 5664 834 5733 φαιδρὸν
855 5667 909 5719 δὲ
942 5667 1036 5719 καὶ
1095 5669 1190 5738 τῆς
1230 5670 1455 5738 ἐσθῆτος
1504 5673 1671 5740 αὐτῆς

90 5750 448 5820 ἀπολάμπον.
495 5757 782 5828 Θαρσεῖτε,
837 5761 973 5829 φησὶ
1013 5765 1148 5831 πρὸς
1207 5764 1419 5822 αὐτοὺς.
1488 5767 1534 5818 oi
1570 5765 1661 5819 τοῦ

93 5842 340 5916 Χριστοῦ
369 5843 569 5915 δοῦλοι,
601 5852 694 5904 καὶ
728 5854 802 5921 μὴ
835 5856 955 5921 (ροϐε
970 5855 1083 5907 ἰησοε
1111 5871 1121 5884 ·
1154 5856 1424 5926 ἐδραῖοιδὲ
1463 5859 1662 5927 μᾶλλον

1793 4936 1920 4989 feris
1962 4938 2374 4994 immanioribus
2417 4943 2626 4994 animas
2684 4942 2780 4996 tibi
2847 4943 3222 4999 conﬁtentes:
3268 4947 3365 5001 sed

1792 5031 1976 5098 aspice
2038 5032 2105 5084 ad
2155 5040 2543 5087 testamentum
2603 5045 2796 5099 tuum,
2851 5047 2906 5091 et
2965 5037 3182 5106 suscipe
3235 5053 3361 5105 nos,

1789 5117 2034 5182 Domine,
2092 5131 2146 5174 et
2213 5124 2417 5178 redime
2476 5141 2578 5180 nos
2625 5138 2858 5196 propter
2919 5143 3115 5182 nomen
3183 5138 3357 5186 tuum.

1788 5211 2052 5276 Quoniam
2082 5217 2336 5282 superbia
2373 5233 2585 5282 eorum,
2623 5220 2714 5287 qui
2747 5228 2798 5274 te
2859 5220 3118 5286 oderunt,
3171 5223 3225 5275 iu
3257 5238 3358 5279 nos

1784 5307 1961 5357 evasit
1993 5305 2292 5361 vehemens
2321 5322 2384 5360 ac
2415 5315 2633 5378 potens.
2669 5309 2911 5365 Peractis
2942 5320 3125 5366 autem
3181 5316 3353 5383 preci:

1778 5397 1899 5454 bus.
1945 5414 2069 5452 cum
2102 5401 2165 5452 ad
2187 5415 2435 5454 somnum
2465 5413 2649 5457 essent
2678 5403 2953 5467 conversi,
2979 5405 3058 5460 eis
3082 5422 3353 5477 apparens

1775 5493 1999 5559 angelus
2023 5531 2037 5554 ,
2071 5493 2164 5544 soli
2202 5493 2420 5562 quidem
2453 5496 2625 5552 {arma
2657 5500 2867 5564 similis,
2901 5510 2958 5555 et
2983 5516 3050 5556 ex
3083 5503 3198 5570 ipsa
3215 5521 3355 5573 quo-

1776 5601 1880 5653 que
1907 5594 2050 5636 veste
2083 5584 2262 5638 laetum
2299 5591 2646 5658 splendorem
2695 5594 2953 5649 emittens
2990 5610 3006 5651 :
3059 5594 3349 5663 Coulidite,

1775 5679 1854 5730 eis
1874 5677 2031 5738 dixit,
2069 5681 2213 5731 servi
2251 5680 2480 5744 Christi,
2509 5696 2563 5738 et
2601 5687 2770 5741 nolite
2797 5687 3021 5753 timere;
3050 5688 3147 5743 sed
3203 5698 3347 5744 state

1777 5766 1915 5822 ﬁrmi
1966 5777 2019 5821 et
2076 5771 2298 5825 stabiles
2357 5772 2409 5825 in
2467 5772 2677 5829 Domini
2728 5778 2901 5832 nostri
2954 5777 3083 5832 Jesu
3137 5774 3340 5836 Christi

1770 5860 2125 5918 confessione.
2151 5863 2271 5934 Ipse
2289 5865 2433 5923 enim
2449 5875 2530 5920 est
2549 5867 2844 5934 vobiscum,
2860 5868 3115 5923 defensor
3131 5875 3333 5925 vester.
3359 5882 3363 5886 ‘
