  <div class='ocr_page' id='page_1' title='image "/cluster/home/n/w/nwhite01/storage/ocr_20150623/115/pst.000005714285/622.png"; bbox 0 0 4178 6316; ppageno 0'>
   <div class='ocr_carea' id='block_1_1' title="bbox 216 373 351 439">
    <p class='ocr_par' dir='ltr' id='par_1_1' title="bbox 216 373 351 439">
     <span class='ocr_line' id='line_1_1' title="bbox 216 373 351 439; baseline 0.007 -5"><span class='ocrx_word' id='word_1_1' title='bbox 216 373 351 439; x_wconf 74' lang='grc'><strong>1021</strong></span> 
     </span>
    </p>
   </div>
   <div class='ocr_carea' id='block_1_2' title="bbox 1169 378 2532 449">
    <p class='ocr_par' dir='ltr' id='par_1_2' title="bbox 1169 378 2532 449">
     <span class='ocr_line' id='line_1_2' title="bbox 1169 378 2532 449; baseline 0.007 -11"><span class='ocrx_word' id='word_1_2' title='bbox 1169 378 1625 442; x_wconf 80' lang='lat' dir='ltr'><strong>MARTYRIUM</strong></span> <span class='ocrx_word' id='word_1_3' title='bbox 1663 382 1768 442; x_wconf 91' lang='lat' dir='ltr'><strong>SS.</strong></span> <span class='ocrx_word' id='word_1_4' title='bbox 1804 380 2062 442; x_wconf 84' lang='lat' dir='ltr'><strong>SERGII</strong></span> <span class='ocrx_word' id='word_1_5' title='bbox 2106 383 2202 443; x_wconf 87' lang='lat' dir='ltr'><strong>ET</strong></span> <span class='ocrx_word' id='word_1_6' title='bbox 2243 385 2532 449; x_wconf 75' lang='lat' dir='ltr'><strong>BACCHL</strong></span> 
     </span>
    </p>
   </div>
   <div class='ocr_carea' id='block_1_3' title="bbox 3311 387 3444 454">
    <p class='ocr_par' dir='ltr' id='par_1_3' title="bbox 3311 387 3444 454">
     <span class='ocr_line' id='line_1_3' title="bbox 3311 387 3444 454; baseline 0.015 -2"><span class='ocrx_word' id='word_1_7' title='bbox 3311 387 3444 454; x_wconf 73' lang='lat'><strong>1022</strong></span> 
     </span>
    </p>
   </div>
   <div class='ocr_carea' id='block_1_4' title="bbox 210 483 1738 567">
    <p class='ocr_par' dir='ltr' id='par_1_4' title="bbox 210 483 1738 558">
     <span class='ocr_line' id='line_1_4' title="bbox 210 483 1738 558; baseline 0.005 -27"><span class='ocrx_word' id='word_1_8' title='bbox 210 483 430 533; x_wconf 75' lang='grc' dir='ltr'><strong>πείσειν</strong></span> <span class='ocrx_word' id='word_1_9' title='bbox 482 484 679 545; x_wconf 65' lang='grc' dir='ltr'>αὐτοὺς</span> <span class='ocrx_word' id='word_1_10' title='bbox 721 483 1070 556; x_wconf 71' lang='grc' dir='ltr'><strong>βουληθῆναι,</strong></span> <span class='ocrx_word' id='word_1_11' title='bbox 1119 489 1300 550; x_wconf 76' lang='grc' dir='ltr'>ὁποῖος</span> <span class='ocrx_word' id='word_1_12' title='bbox 1344 489 1406 558; x_wconf 76' lang='grc' dir='ltr'><strong>δὴ</strong></span> <span class='ocrx_word' id='word_1_13' title='bbox 1448 489 1738 556; x_wconf 71' lang='grc' dir='ltr'>Μαξιμιανὶ</span> 
     </span>
    </p>
   </div>
   <div class='ocr_carea' id='block_1_5' title="bbox 1833 483 3442 567">
    <p class='ocr_par' dir='ltr' id='par_1_5' title="bbox 1833 491 3442 567">
     <span class='ocr_line' id='line_1_5' title="bbox 1833 491 3442 567; baseline 0.004 -21"><span class='ocrx_word' id='word_1_14' title='bbox 1833 491 2240 555; x_wconf 73' lang='lat' dir='ltr'><strong>lsententiam,</strong></span> <span class='ocrx_word' id='word_1_15' title='bbox 2305 501 2490 561; x_wconf 78' lang='lat' dir='ltr'><strong>utpote</strong></span> <span class='ocrx_word' id='word_1_16' title='bbox 2574 491 2717 562; x_wconf 91' lang='lat' dir='ltr'><strong>quod</strong></span> <span class='ocrx_word' id='word_1_17' title='bbox 2796 493 2862 549; x_wconf 85' lang='lat' dir='ltr'><strong>ad</strong></span> <span class='ocrx_word' id='word_1_18' title='bbox 2915 493 3031 550; x_wconf 72' lang='lat' dir='ltr'><strong>haec</strong></span> <span class='ocrx_word' id='word_1_19' title='bbox 3087 497 3442 567; x_wconf 80' lang='lat' dir='ltr'><strong>excogitanda</strong></span> 
     </span>
    </p>
   </div>
   <div class='ocr_carea' id='block_1_6' title="bbox 207 573 1773 648">
    <p class='ocr_par' dir='ltr' id='par_1_6' title="bbox 207 573 1773 648">
     <span class='ocr_line' id='line_1_6' title="bbox 207 573 1773 648; baseline 0.006 -23"><span class='ocrx_word' id='word_1_20' title='bbox 207 573 511 644; x_wconf 77' lang='grc' dir='ltr'>τεχνᾶσθοιι</span> <span class='ocrx_word' id='word_1_21' title='bbox 557 575 731 629; x_wconf 78' lang='grc' dir='ltr'>ταῦτα</span> <span class='ocrx_word' id='word_1_22' title='bbox 788 578 1086 648; x_wconf 74' lang='grc' dir='ltr'>βαρύτατὸς</span> <span class='ocrx_word' id='word_1_23' title='bbox 1130 597 1189 632; x_wconf 85' lang='grc' dir='ltr'>τε</span> <span class='ocrx_word' id='word_1_24' title='bbox 1226 581 1317 632; x_wconf 72' lang='grc' dir='ltr'><strong>καὶ</strong></span> <span class='ocrx_word' id='word_1_25' title='bbox 1364 580 1773 644; x_wconf 71' lang='grc' dir='ltr'>ποικιλώτατος.</span> 
     </span>
    </p>
   </div>
   <div class='ocr_carea' id='block_1_7' title="bbox 223 663 1778 744">
    <p class='ocr_par' dir='ltr' id='par_1_7' title="bbox 223 663 1778 744">
     <span class='ocr_line' id='line_1_7' title="bbox 223 663 1778 744; baseline 0.005 -27"><span class='ocrx_word' id='word_1_26' title='bbox 223 663 389 718; x_wconf 70' lang='grc' dir='ltr'>Ἀλλὰ</span> <span class='ocrx_word' id='word_1_27' title='bbox 444 668 707 732; x_wconf 72' lang='grc' dir='ltr'><strong>τοιούτοις</strong></span> <span class='ocrx_word' id='word_1_28' title='bbox 764 670 917 738; x_wconf 75' lang='grc' dir='ltr'>μὲνῤ</span> <span class='ocrx_word' id='word_1_29' title='bbox 978 672 1270 740; x_wconf 67' lang='grc' dir='ltr'>Ἀντίοχος,</span> <span class='ocrx_word' id='word_1_30' title='bbox 1318 672 1507 744; x_wconf 74' lang='grc' dir='ltr'>ὥσπερ</span> <span class='ocrx_word' id='word_1_31' title='bbox 1545 674 1778 741; x_wconf 75' lang='grc' dir='ltr'><strong>ἔφημεν,</strong></span> 
     </span>
    </p>
   </div>
   <div class='ocr_carea' id='block_1_8' title="bbox 215 758 1778 833">
    <p class='ocr_par' dir='ltr' id='par_1_8' title="bbox 215 758 1778 833">
     <span class='ocr_line' id='line_1_8' title="bbox 215 758 1778 833; baseline 0.007 -24"><span class='ocrx_word' id='word_1_32' title='bbox 215 758 564 828; x_wconf 72' lang='grc' dir='ltr'>θελκτηοεοις</span> <span class='ocrx_word' id='word_1_33' title='bbox 605 762 968 814; x_wconf 78' lang='grc' dir='ltr'>ὑποκλέπτειν</span> <span class='ocrx_word' id='word_1_34' title='bbox 999 765 1065 816; x_wconf 76' lang='grc' dir='ltr'><strong>τά</strong></span> <span class='ocrx_word' id='word_1_35' title='bbox 1108 765 1302 832; x_wconf 78' lang='grc' dir='ltr'>πρῶτα</span> <span class='ocrx_word' id='word_1_36' title='bbox 1360 765 1538 833; x_wconf 78' lang='grc' dir='ltr'>λόγοις</span> <span class='ocrx_word' id='word_1_37' title='bbox 1587 769 1778 830; x_wconf 70' lang='grc' dir='ltr'>αὐτοὺς</span> 
     </span>
    </p>
   </div>
   <div class='ocr_carea' id='block_1_9' title="bbox 208 849 1777 928">
    <p class='ocr_par' dir='ltr' id='par_1_9' title="bbox 208 849 1777 928">
     <span class='ocr_line' id='line_1_9' title="bbox 208 849 1777 928; baseline 0.006 -27"><span class='ocrx_word' id='word_1_38' title='bbox 208 853 511 921; x_wconf 78' lang='grc' dir='ltr'><strong>ἑπειρᾶτο;</strong></span> <span class='ocrx_word' id='word_1_39' title='bbox 548 851 674 906; x_wconf 77' lang='grc' dir='ltr'><strong>Εἶτα</strong></span> <span class='ocrx_word' id='word_1_40' title='bbox 707 855 1014 920; x_wconf 75' lang='grc' dir='ltr'><strong>προσετίθει</strong></span> <span class='ocrx_word' id='word_1_41' title='bbox 1038 857 1094 907; x_wconf 74' lang='grc' dir='ltr'>τὸ</span> <span class='ocrx_word' id='word_1_42' title='bbox 1123 849 1212 909; x_wconf 74' lang='grc' dir='ltr'><strong>καὶ</strong></span> <span class='ocrx_word' id='word_1_43' title='bbox 1239 860 1346 920; x_wconf 80' lang='grc' dir='ltr'>τοῖς</span> <span class='ocrx_word' id='word_1_44' title='bbox 1382 861 1777 928; x_wconf 74' lang='grc' dir='ltr'>φοϐερωτέροις</span> 
     </span>
    </p>
   </div>
   <div class='ocr_carea' id='block_1_10' title="bbox 209 944 1774 1022">
    <p class='ocr_par' dir='ltr' id='par_1_10' title="bbox 209 944 1774 1022">
     <span class='ocr_line' id='line_1_10' title="bbox 209 944 1774 1022; baseline 0.006 -26"><span class='ocrx_word' id='word_1_45' title='bbox 209 944 307 996; x_wconf 75' lang='grc' dir='ltr'>τοῦ</span> <span class='ocrx_word' id='word_1_46' title='bbox 345 945 546 996; x_wconf 77' lang='grc' dir='ltr'>σκοποῦ</span> <span class='ocrx_word' id='word_1_47' title='bbox 589 948 967 1014; x_wconf 69' lang='grc' dir='ltr'>μετακινῆσαι,</span> <span class='ocrx_word' id='word_1_48' title='bbox 999 949 1092 1000; x_wconf 68' lang='grc' dir='ltr'><strong>καὶ</strong></span> <span class='ocrx_word' id='word_1_49' title='bbox 1115 951 1213 1018; x_wconf 68' lang='grc' dir='ltr'><strong>τῆς</strong></span> <span class='ocrx_word' id='word_1_50' title='bbox 1247 953 1540 1017; x_wconf 81' lang='grc' dir='ltr'>ὲργάσεως,</span> <span class='ocrx_word' id='word_1_51' title='bbox 1577 954 1634 1004; x_wconf 80' lang='grc' dir='ltr'><strong>Εἰ</strong></span> <span class='ocrx_word' id='word_1_52' title='bbox 1667 954 1774 1022; x_wconf 80' lang='grc' dir='ltr'><strong>γάρ</strong></span> 
     </span>
    </p>
   </div>
   <div class='ocr_carea' id='block_1_11' title="bbox 211 1035 1772 1109">
    <p class='ocr_par' dir='ltr' id='par_1_11' title="bbox 211 1035 1772 1109">
     <span class='ocr_line' id='line_1_11' title="bbox 211 1035 1772 1109; baseline 0.004 -24"><span class='ocrx_word' id='word_1_53' title='bbox 211 1035 288 1101; x_wconf 73' lang='grc' dir='ltr'><strong>μὴ</strong></span> <span class='ocrx_word' id='word_1_54' title='bbox 349 1037 656 1104; x_wconf 81' lang='grc' dir='ltr'><strong>πεισθείητέ</strong></span> <span class='ocrx_word' id='word_1_55' title='bbox 713 1055 835 1107; x_wconf 76' lang='grc' dir='ltr'>μου,</span> <span class='ocrx_word' id='word_1_56' title='bbox 893 1039 1090 1104; x_wconf 82' lang='grc' dir='ltr'>λέγων,</span> <span class='ocrx_word' id='word_1_57' title='bbox 1175 1044 1298 1103; x_wconf 87' lang='grc' dir='ltr'>ταῖς</span> <span class='ocrx_word' id='word_1_58' title='bbox 1366 1046 1772 1109; x_wconf 68' lang='grc' dir='ltr'>παραινέσεσιν,</span> 
     </span>
    </p>
   </div>
   <div class='ocr_carea' id='block_1_12' title="bbox 207 1127 1770 1202">
    <p class='ocr_par' dir='ltr' id='par_1_12' title="bbox 207 1127 1770 1202">
     <span class='ocr_line' id='line_1_12' title="bbox 207 1127 1770 1202; baseline 0.005 -23"><span class='ocrx_word' id='word_1_59' title='bbox 207 1127 427 1196; x_wconf 74' lang='grc' dir='ltr'>ἀνάγκη</span> <span class='ocrx_word' id='word_1_60' title='bbox 477 1147 566 1198; x_wconf 90' lang='grc' dir='ltr'><strong>μοι</strong></span> <span class='ocrx_word' id='word_1_61' title='bbox 622 1131 836 1192; x_wconf 87' lang='grc' dir='ltr'>πάντως</span> <span class='ocrx_word' id='word_1_62' title='bbox 879 1132 1028 1183; x_wconf 77' lang='grc' dir='ltr'>ἔσται</span> <span class='ocrx_word' id='word_1_63' title='bbox 1061 1135 1153 1184; x_wconf 69' lang='grc' dir='ltr'>καὶ</span> <span class='ocrx_word' id='word_1_64' title='bbox 1202 1135 1270 1186; x_wconf 85' lang='grc' dir='ltr'>τὰ</span> <span class='ocrx_word' id='word_1_65' title='bbox 1320 1133 1770 1202; x_wconf 79' lang='grc' dir='ltr'>προστεταγμένα</span> 
     </span>
    </p>
   </div>
   <div class='ocr_carea' id='block_1_13' title="bbox 206 1221 1774 1297">
    <p class='ocr_par' dir='ltr' id='par_1_13' title="bbox 206 1221 1774 1297">
     <span class='ocr_line' id='line_1_13' title="bbox 206 1221 1774 1297; baseline 0.006 -26"><span class='ocrx_word' id='word_1_66' title='bbox 206 1225 386 1271; x_wconf 80' lang='grc' dir='ltr'>ποιεῖν</span> <span class='ocrx_word' id='word_1_67' title='bbox 409 1237 421 1248; x_wconf 81' lang='grc'><em>’</em></span> <span class='ocrx_word' id='word_1_68' title='bbox 474 1223 564 1272; x_wconf 75' lang='grc' dir='ltr'><strong>καὶ</strong></span> <span class='ocrx_word' id='word_1_69' title='bbox 604 1222 677 1282; x_wconf 78' lang='grc' dir='ltr'>ὡς</span> <span class='ocrx_word' id='word_1_70' title='bbox 705 1221 895 1288; x_wconf 69' lang='grc' dir='ltr'><strong>ἐχθρὶν</strong></span> <span class='ocrx_word' id='word_1_71' title='bbox 929 1225 1209 1293; x_wconf 53' lang='lat' dir='ltr'><strong>pilleati;</strong></span> <span class='ocrx_word' id='word_1_72' title='bbox 1256 1227 1496 1297; x_wconf 75' lang='grc' dir='ltr'><strong>ὑμετέρᾳ</strong></span> <span class='ocrx_word' id='word_1_73' title='bbox 1542 1229 1774 1297; x_wconf 76' lang='grc' dir='ltr'>προσιρέ-</span> 
     </span>
    </p>
   </div>
   <div class='ocr_carea' id='block_1_14' title="bbox 206 1309 1769 1384">
    <p class='ocr_par' dir='ltr' id='par_1_14' title="bbox 206 1309 1769 1384">
     <span class='ocr_line' id='line_1_14' title="bbox 206 1309 1769 1384; baseline 0.006 -25"><span class='ocrx_word' id='word_1_74' title='bbox 206 1309 400 1377; x_wconf 86' lang='grc' dir='ltr'>ρεσθαι</span> <span class='ocrx_word' id='word_1_75' title='bbox 421 1312 886 1382; x_wconf 67' lang='grc' dir='ltr'>μεγαλοπρεπείᾳ.</span> <span class='ocrx_word' id='word_1_76' title='bbox 907 1314 1014 1365; x_wconf 76' lang='grc' dir='ltr'>Καὶ</span> <span class='ocrx_word' id='word_1_77' title='bbox 1037 1315 1197 1378; x_wconf 75' lang='grc' dir='ltr'>πολὺς</span> <span class='ocrx_word' id='word_1_78' title='bbox 1220 1311 1284 1382; x_wconf 83' lang='grc' dir='ltr'><strong>ἦν</strong></span> <span class='ocrx_word' id='word_1_79' title='bbox 1307 1317 1503 1384; x_wconf 62' lang='grc' dir='ltr'>ἐφεξῆς</span> <span class='ocrx_word' id='word_1_80' title='bbox 1529 1322 1637 1380; x_wconf 81' lang='grc' dir='ltr'>τοῖς</span> <span class='ocrx_word' id='word_1_81' title='bbox 1663 1318 1769 1369; x_wconf 80' lang='grc' dir='ltr'>τῶν</span> 
     </span>
    </p>
   </div>
   <div class='ocr_carea' id='block_1_15' title="bbox 203 1400 1766 1471">
    <p class='ocr_par' dir='ltr' id='par_1_15' title="bbox 203 1400 1766 1471">
     <span class='ocr_line' id='line_1_15' title="bbox 203 1400 1766 1471; baseline 0.009 -21"><span class='ocrx_word' id='word_1_82' title='bbox 203 1400 580 1469; x_wconf 71' lang='grc' dir='ltr'><strong>κολαστηρίων</strong></span> <span class='ocrx_word' id='word_1_83' title='bbox 610 1401 838 1471; x_wconf 74' lang='grc' dir='ltr'>ὀνόμασι</span> <span class='ocrx_word' id='word_1_84' title='bbox 888 1407 977 1456; x_wconf 77' lang='grc' dir='ltr'>καὶ</span> <span class='ocrx_word' id='word_1_85' title='bbox 1031 1409 1150 1469; x_wconf 87' lang='grc' dir='ltr'>ταῖς</span> <span class='ocrx_word' id='word_1_86' title='bbox 1217 1407 1486 1471; x_wconf 75' lang='grc' dir='ltr'>ἀπειλαῖς.</span> <span class='ocrx_word' id='word_1_87' title='bbox 1528 1410 1668 1462; x_wconf 71' lang='grc' dir='ltr'>Ἀλλ’</span> <span class='ocrx_word' id='word_1_88' title='bbox 1719 1414 1766 1464; x_wconf 84' lang='grc' dir='ltr'>οἱ</span> 
     </span>
    </p>
   </div>
   <div class='ocr_carea' id='block_1_16' title="bbox 200 1491 1764 1570">
    <p class='ocr_par' dir='ltr' id='par_1_16' title="bbox 200 1491 1764 1570">
     <span class='ocr_line' id='line_1_16' title="bbox 200 1491 1764 1570; baseline 0.008 -28"><span class='ocrx_word' id='word_1_89' title='bbox 200 1491 353 1556; x_wconf 75' lang='grc' dir='ltr'>ἅγιοι</span> <span class='ocrx_word' id='word_1_90' title='bbox 387 1492 664 1562; x_wconf 84' lang='grc' dir='ltr'>μάρτυρες</span> <span class='ocrx_word' id='word_1_91' title='bbox 711 1493 834 1547; x_wconf 71' lang='grc' dir='ltr'>οὔτε</span> <span class='ocrx_word' id='word_1_92' title='bbox 889 1495 1154 1560; x_wconf 76' lang='grc' dir='ltr'><strong>θωπείαις</strong></span> <span class='ocrx_word' id='word_1_93' title='bbox 1199 1498 1614 1570; x_wconf 68' lang='grc' dir='ltr'>μαλαττόμενα,</span> <span class='ocrx_word' id='word_1_94' title='bbox 1645 1497 1764 1555; x_wconf 73' lang='grc' dir='ltr'>οὗτε</span> 
     </span>
    </p>
   </div>
   <div class='ocr_carea' id='block_1_17' title="bbox 199 1583 1760 1662">
    <p class='ocr_par' dir='ltr' id='par_1_17' title="bbox 199 1583 1760 1662">
     <span class='ocr_line' id='line_1_17' title="bbox 199 1583 1760 1662; baseline 0.006 -28"><span class='ocrx_word' id='word_1_95' title='bbox 199 1583 463 1646; x_wconf 69' lang='grc' dir='ltr'>ἁπειὶαῖς</span> <span class='ocrx_word' id='word_1_96' title='bbox 512 1588 956 1658; x_wconf 71' lang='grc' dir='ltr'>ταπεινούμενοι,</span> <span class='ocrx_word' id='word_1_97' title='bbox 1002 1591 1125 1652; x_wconf 84' lang='grc' dir='ltr'>Τοῖς</span> <span class='ocrx_word' id='word_1_98' title='bbox 1172 1591 1262 1643; x_wconf 78' lang='grc' dir='ltr'><strong>τὸν</strong></span> <span class='ocrx_word' id='word_1_99' title='bbox 1304 1592 1537 1661; x_wconf 73' lang='grc' dir='ltr'>Χριστὸν</span> <span class='ocrx_word' id='word_1_100' title='bbox 1582 1595 1760 1662; x_wconf 72' lang='grc' dir='ltr'>μόνον,</span> 
     </span>
    </p>
   </div>
   <div class='ocr_carea' id='block_1_18' title="bbox 195 1669 1760 1756">
    <p class='ocr_par' dir='ltr' id='par_1_18' title="bbox 195 1669 1760 1756">
     <span class='ocr_line' id='line_1_18' title="bbox 195 1669 1760 1756; baseline 0.008 -31"><span class='ocrx_word' id='word_1_101' title='bbox 195 1671 380 1738; x_wconf 78' lang='grc' dir='ltr'><strong>εἷπον,</strong></span> <span class='ocrx_word' id='word_1_102' title='bbox 414 1669 457 1728; x_wconf 79' lang='grc' dir='ltr'><strong>ὦ</strong></span> <span class='ocrx_word' id='word_1_103' title='bbox 480 1678 732 1745; x_wconf 82' lang='grc' dir='ltr'>δικαστά,</span> <span class='ocrx_word' id='word_1_104' title='bbox 759 1682 848 1733; x_wconf 79' lang='grc' dir='ltr'><strong>καὶ</strong></span> <span class='ocrx_word' id='word_1_105' title='bbox 883 1682 979 1748; x_wconf 79' lang='grc' dir='ltr'>τὴν</span> <span class='ocrx_word' id='word_1_106' title='bbox 1008 1683 1139 1752; x_wconf 76' lang='grc' dir='ltr'>παρ’</span> <span class='ocrx_word' id='word_1_107' title='bbox 1183 1683 1329 1752; x_wconf 77' lang='grc' dir='ltr'>αὐτῷ</span> <span class='ocrx_word' id='word_1_108' title='bbox 1375 1687 1760 1756; x_wconf 69' lang='grc' dir='ltr'>κρυπτομένην</span> 
     </span>
    </p>
   </div>
   <div class='ocr_carea' id='block_1_19' title="bbox 194 1766 1760 1849">
    <p class='ocr_par' dir='ltr' id='par_1_19' title="bbox 194 1766 1760 1849">
     <span class='ocr_line' id='line_1_19' title="bbox 194 1766 1760 1849; baseline 0.01 -31"><span class='ocrx_word' id='word_1_109' title='bbox 194 1766 348 1836; x_wconf 77' lang='grc' dir='ltr'>ζωὴν</span> <span class='ocrx_word' id='word_1_110' title='bbox 376 1771 629 1839; x_wconf 71' lang='grc' dir='ltr'>κερδᾶναι</span> <span class='ocrx_word' id='word_1_111' title='bbox 656 1774 1061 1842; x_wconf 71' lang='grc' dir='ltr'>προελομένοις,</span> <span class='ocrx_word' id='word_1_112' title='bbox 1082 1776 1203 1828; x_wconf 73' lang='grc' dir='ltr'>οὐδε</span> <span class='ocrx_word' id='word_1_113' title='bbox 1216 1776 1296 1838; x_wconf 66' lang='grc' dir='ltr'>νὸς</span> <span class='ocrx_word' id='word_1_114' title='bbox 1317 1777 1467 1844; x_wconf 82' lang='grc' dir='ltr'><strong>μέλει</strong></span> <span class='ocrx_word' id='word_1_115' title='bbox 1488 1780 1594 1830; x_wconf 81' lang='grc' dir='ltr'><strong>τῶν</strong></span> <span class='ocrx_word' id='word_1_116' title='bbox 1611 1781 1760 1849; x_wconf 81' lang='grc' dir='ltr'><strong>ρεὁν·</strong></span> 
     </span>
    </p>
   </div>
   <div class='ocr_carea' id='block_1_20' title="bbox 189 1864 1756 1942">
    <p class='ocr_par' dir='ltr' id='par_1_20' title="bbox 189 1864 1756 1942">
     <span class='ocr_line' id='line_1_20' title="bbox 189 1864 1756 1942; baseline 0.011 -32"><span class='ocrx_word' id='word_1_117' title='bbox 189 1877 308 1912; x_wconf 79' lang='grc' dir='ltr'><strong>των</strong></span> <span class='ocrx_word' id='word_1_118' title='bbox 353 1864 556 1916; x_wconf 78' lang='grc' dir='ltr'>τούτων</span> <span class='ocrx_word' id='word_1_119' title='bbox 608 1865 697 1917; x_wconf 73' lang='grc' dir='ltr'>καὶ</span> <span class='ocrx_word' id='word_1_120' title='bbox 743 1867 1139 1936; x_wconf 80' lang='grc' dir='ltr'>ῳθειρομένων,</span> <span class='ocrx_word' id='word_1_121' title='bbox 1169 1871 1228 1922; x_wconf 74' lang='grc' dir='ltr'>οὖ</span> <span class='ocrx_word' id='word_1_122' title='bbox 1260 1871 1445 1940; x_wconf 77' lang='grc' dir='ltr'>τιμῆς,</span> <span class='ocrx_word' id='word_1_123' title='bbox 1488 1872 1547 1924; x_wconf 80' lang='grc' dir='ltr'><strong>οὐ</strong></span> <span class='ocrx_word' id='word_1_124' title='bbox 1581 1873 1756 1942; x_wconf 69' lang='grc' dir='ltr'><strong>δόξης,</strong></span> 
     </span>
    </p>
   </div>
   <div class='ocr_carea' id='block_1_21' title="bbox 187 1953 1759 2029">
    <p class='ocr_par' dir='ltr' id='par_1_21' title="bbox 187 1953 1759 2029">
     <span class='ocr_line' id='line_1_21' title="bbox 187 1953 1759 2029; baseline 0.01 -25"><span class='ocrx_word' id='word_1_125' title='bbox 187 1953 252 2003; x_wconf 74' lang='grc' dir='ltr'>οὺ</span> <span class='ocrx_word' id='word_1_126' title='bbox 307 1955 641 2024; x_wconf 81' lang='grc' dir='ltr'>δυναμένων.</span> <span class='ocrx_word' id='word_1_127' title='bbox 681 1958 782 2009; x_wconf 84' lang='grc' dir='ltr'><strong>Ἴδε</strong></span> <span class='ocrx_word' id='word_1_128' title='bbox 817 1961 945 2028; x_wconf 76' lang='grc' dir='ltr'>γὰρ,</span> <span class='ocrx_word' id='word_1_129' title='bbox 990 1964 1172 2029; x_wconf 71' lang='grc' dir='ltr'>ἡμεῖς,</span> <span class='ocrx_word' id='word_1_130' title='bbox 1221 1965 1312 2017; x_wconf 83' lang='grc' dir='ltr'>καὶ</span> <span class='ocrx_word' id='word_1_131' title='bbox 1366 1967 1606 2019; x_wconf 70' lang='grc' dir='ltr'><strong>ἀπειλῶν</strong></span> <span class='ocrx_word' id='word_1_132' title='bbox 1651 1968 1759 2019; x_wconf 84' lang='grc' dir='ltr'>τῶν</span> 
     </span>
    </p>
   </div>
   <div class='ocr_carea' id='block_1_22' title="bbox 195 2045 1754 2126">
    <p class='ocr_par' dir='ltr' id='par_1_22' title="bbox 195 2045 1754 2126">
     <span class='ocr_line' id='line_1_22' title="bbox 195 2045 1754 2126; baseline 0.01 -31"><span class='ocrx_word' id='word_1_133' title='bbox 195 2045 352 2114; x_wconf 66' lang='grc' dir='ltr'>παρὰ</span> <span class='ocrx_word' id='word_1_134' title='bbox 420 2047 513 2098; x_wconf 78' lang='grc' dir='ltr'>σοῦ</span> <span class='ocrx_word' id='word_1_135' title='bbox 567 2049 657 2099; x_wconf 84' lang='grc' dir='ltr'><strong>καὶ</strong></span> <span class='ocrx_word' id='word_1_136' title='bbox 692 2049 990 2102; x_wconf 70' lang='grc' dir='ltr'>κολαγειῶν</span> <span class='ocrx_word' id='word_1_137' title='bbox 1043 2055 1241 2123; x_wconf 76' lang='grc' dir='ltr'>ἐπίσης</span> <span class='ocrx_word' id='word_1_138' title='bbox 1289 2057 1754 2126; x_wconf 68' lang='grc' dir='ltr'><strong>καταφρονοῦμεν,</strong></span> 
     </span>
    </p>
   </div>
   <div class='ocr_carea' id='block_1_23' title="bbox 187 2137 1756 2216">
    <p class='ocr_par' dir='ltr' id='par_1_23' title="bbox 187 2137 1756 2216">
     <span class='ocr_line' id='line_1_23' title="bbox 187 2137 1756 2216; baseline 0.011 -30"><span class='ocrx_word' id='word_1_139' title='bbox 187 2137 290 2187; x_wconf 79' lang='grc' dir='ltr'><strong>καὶ</strong></span> <span class='ocrx_word' id='word_1_140' title='bbox 315 2137 525 2201; x_wconf 77' lang='grc' dir='ltr'>οὐδενὸς</span> <span class='ocrx_word' id='word_1_141' title='bbox 550 2140 683 2202; x_wconf 75' lang='grc' dir='ltr'>ὅλως</span> <span class='ocrx_word' id='word_1_142' title='bbox 707 2141 814 2193; x_wconf 79' lang='grc' dir='ltr'><strong>τῶν</strong></span> <span class='ocrx_word' id='word_1_143' title='bbox 843 2145 1120 2213; x_wconf 72' lang='grc' dir='ltr'>ὑμετέρων</span> <span class='ocrx_word' id='word_1_144' title='bbox 1143 2149 1518 2216; x_wconf 74' lang='grc' dir='ltr'><strong>φροντίζομεν.</strong></span> <span class='ocrx_word' id='word_1_145' title='bbox 1543 2151 1756 2205; x_wconf 78' lang='grc' dir='ltr'><strong>Παῦσαι</strong></span> 
     </span>
    </p>
   </div>
   <div class='ocr_carea' id='block_1_24' title="bbox 190 2234 1756 2310">
    <p class='ocr_par' dir='ltr' id='par_1_24' title="bbox 190 2234 1756 2310">
     <span class='ocr_line' id='line_1_24' title="bbox 190 2234 1756 2310; baseline 0.01 -29"><span class='ocrx_word' id='word_1_146' title='bbox 190 2234 496 2303; x_wconf 68' lang='grc' dir='ltr'>τοιγαροῦν</span> <span class='ocrx_word' id='word_1_147' title='bbox 528 2235 740 2303; x_wconf 67' lang='grc' dir='ltr'>πονηρά</span> <span class='ocrx_word' id='word_1_148' title='bbox 772 2238 912 2288; x_wconf 79' lang='grc' dir='ltr'>κατὰ</span> <span class='ocrx_word' id='word_1_149' title='bbox 942 2237 1032 2289; x_wconf 75' lang='grc' dir='ltr'><strong>τὸν</strong></span> <span class='ocrx_word' id='word_1_150' title='bbox 1073 2238 1197 2305; x_wconf 75' lang='grc' dir='ltr'>ὅφιν</span> <span class='ocrx_word' id='word_1_151' title='bbox 1259 2243 1391 2310; x_wconf 82' lang='grc' dir='ltr'>ἡμῖν</span> <span class='ocrx_word' id='word_1_152' title='bbox 1446 2245 1535 2296; x_wconf 80' lang='grc' dir='ltr'><strong>καὶ</strong></span> <span class='ocrx_word' id='word_1_153' title='bbox 1591 2246 1756 2308; x_wconf 71' lang='grc' dir='ltr'>αὐτὸς</span> 
     </span>
    </p>
   </div>
   <div class='ocr_carea' id='block_1_25' title="bbox 189 2322 1754 2405">
    <p class='ocr_par' dir='ltr' id='par_1_25' title="bbox 189 2322 1754 2405">
     <span class='ocr_line' id='line_1_25' title="bbox 189 2322 1754 2405; baseline 0.011 -33"><span class='ocrx_word' id='word_1_154' title='bbox 189 2322 602 2388; x_wconf 72' lang='grc' dir='ltr'>συμόουλεύων.</span> <span class='ocrx_word' id='word_1_155' title='bbox 649 2325 892 2392; x_wconf 75' lang='grc' dir='ltr'>Ὀρῶμεν</span> <span class='ocrx_word' id='word_1_156' title='bbox 933 2331 1041 2400; x_wconf 78' lang='grc' dir='ltr'><strong>γάρ</strong></span> <span class='ocrx_word' id='word_1_157' title='bbox 1077 2331 1181 2383; x_wconf 67' lang='grc' dir='ltr'><strong>ὑπὸ</strong></span> <span class='ocrx_word' id='word_1_158' title='bbox 1215 2332 1285 2384; x_wconf 70' lang='grc' dir='ltr'>τὰ</span> <span class='ocrx_word' id='word_1_159' title='bbox 1330 2335 1482 2405; x_wconf 80' lang='grc' dir='ltr'>χείλη</span> <span class='ocrx_word' id='word_1_160' title='bbox 1540 2353 1632 2389; x_wconf 84' lang='grc' dir='ltr'><strong>σου</strong></span> <span class='ocrx_word' id='word_1_161' title='bbox 1662 2337 1754 2389; x_wconf 85' lang='grc' dir='ltr'>τὸν</span> 
     </span>
    </p>
   </div>
   <div class='ocr_carea' id='block_1_26' title="bbox 191 2413 1752 2499">
    <p class='ocr_par' dir='ltr' id='par_1_26' title="bbox 191 2413 1752 2499">
     <span class='ocr_line' id='line_1_26' title="bbox 191 2413 1752 2499; baseline 0.011 -34"><span class='ocrx_word' id='word_1_162' title='bbox 191 2413 298 2472; x_wconf 76' lang='grc' dir='ltr'><strong>ἰὸν.</strong></span> <span class='ocrx_word' id='word_1_163' title='bbox 330 2414 422 2465; x_wconf 78' lang='grc' dir='ltr'>καὶ</span> <span class='ocrx_word' id='word_1_164' title='bbox 468 2414 555 2466; x_wconf 76' lang='grc' dir='ltr'><strong>διὰ</strong></span> <span class='ocrx_word' id='word_1_165' title='bbox 594 2415 753 2469; x_wconf 82' lang='grc' dir='ltr'>τοῦτο</span> <span class='ocrx_word' id='word_1_166' title='bbox 781 2421 873 2473; x_wconf 76' lang='grc' dir='ltr'><strong>καὶ</strong></span> <span class='ocrx_word' id='word_1_167' title='bbox 929 2420 1027 2490; x_wconf 74' lang='grc' dir='ltr'>τὴν</span> <span class='ocrx_word' id='word_1_168' title='bbox 1060 2425 1374 2496; x_wconf 71' lang='grc' dir='ltr'>συμϐουλὴν</span> <span class='ocrx_word' id='word_1_169' title='bbox 1409 2431 1482 2490; x_wconf 82' lang='grc' dir='ltr'>ὡς</span> <span class='ocrx_word' id='word_1_170' title='bbox 1511 2429 1752 2499; x_wconf 76' lang='grc' dir='ltr'>χαλεπὴν</span> 
     </span>
    </p>
   </div>
   <div class='ocr_carea' id='block_1_27' title="bbox 180 2499 1751 2587">
    <p class='ocr_par' dir='ltr' id='par_1_27' title="bbox 180 2499 1751 2587">
     <span class='ocr_line' id='line_1_27' title="bbox 180 2499 1751 2587; baseline 0.012 -31"><span class='ocrx_word' id='word_1_171' title='bbox 180 2499 356 2558; x_wconf 70' lang='grc' dir='ltr'>εὗσαν</span> <span class='ocrx_word' id='word_1_172' title='bbox 387 2507 678 2578; x_wconf 73' lang='grc' dir='ltr'><strong>ἐπιϐουλὴν</strong></span> <span class='ocrx_word' id='word_1_173' title='bbox 709 2512 1104 2582; x_wconf 78' lang='grc' dir='ltr'>ἐκτρεπόμεθα.</span> <span class='ocrx_word' id='word_1_174' title='bbox 1142 2518 1231 2587; x_wconf 82' lang='grc' dir='ltr'><strong>Μὴ</strong></span> <span class='ocrx_word' id='word_1_175' title='bbox 1287 2519 1466 2571; x_wconf 77' lang='grc' dir='ltr'>τοίνυν</span> <span class='ocrx_word' id='word_1_176' title='bbox 1497 2521 1751 2587; x_wconf 80' lang='grc' dir='ltr'>ἐξαπατῶ</span> 
     </span>
    </p>
   </div>
   <div class='ocr_carea' id='block_1_28' title="bbox 180 2599 1749 2673">
    <p class='ocr_par' dir='ltr' id='par_1_28' title="bbox 180 2599 1749 2673">
     <span class='ocr_line' id='line_1_28' title="bbox 180 2599 1749 2673; baseline 0.013 -23"><span class='ocrx_word' id='word_1_177' title='bbox 180 2599 280 2650; x_wconf 73' lang='grc' dir='ltr'><strong>τὸν</strong></span> <span class='ocrx_word' id='word_1_178' title='bbox 319 2606 504 2668; x_wconf 77' lang='grc' dir='ltr'>καιρὸν</span> <span class='ocrx_word' id='word_1_179' title='bbox 532 2605 609 2663; x_wconf 75' lang='grc' dir='ltr'>εἰς</span> <span class='ocrx_word' id='word_1_180' title='bbox 639 2605 818 2673; x_wconf 80' lang='grc' dir='ltr'><strong>μάτην</strong></span> <span class='ocrx_word' id='word_1_181' title='bbox 845 2607 1151 2661; x_wconf 72' lang='grc' dir='ltr'>ἀναλίσκων</span> <span class='ocrx_word' id='word_1_182' title='bbox 1179 2613 1271 2663; x_wconf 75' lang='grc' dir='ltr'>καὶ</span> <span class='ocrx_word' id='word_1_183' title='bbox 1318 2614 1489 2666; x_wconf 78' lang='grc' dir='ltr'>κενῶν</span> <span class='ocrx_word' id='word_1_184' title='bbox 1519 2616 1749 2671; x_wconf 75' lang='grc' dir='ltr'>ἐλπίδων</span> 
     </span>
    </p>
   </div>
   <div class='ocr_carea' id='block_1_29' title="bbox 179 2689 1748 2772">
    <p class='ocr_par' dir='ltr' id='par_1_29' title="bbox 179 2689 1748 2772">
     <span class='ocr_line' id='line_1_29' title="bbox 179 2689 1748 2772; baseline 0.016 -36"><span class='ocrx_word' id='word_1_185' title='bbox 179 2689 463 2754; x_wconf 66' lang='grc' dir='ltr'>ἱκόμενος.</span> <span class='ocrx_word' id='word_1_186' title='bbox 518 2691 655 2744; x_wconf 68' lang='grc' dir='ltr'><strong>Οὔτε</strong></span> <span class='ocrx_word' id='word_1_187' title='bbox 699 2695 805 2763; x_wconf 79' lang='grc' dir='ltr'><strong>γάρ</strong></span> <span class='ocrx_word' id='word_1_188' title='bbox 830 2697 1071 2762; x_wconf 81' lang='grc' dir='ltr'>κολάζων</span> <span class='ocrx_word' id='word_1_189' title='bbox 1112 2702 1382 2772; x_wconf 76' lang='grc' dir='ltr'><strong>αἱρήσεις,</strong></span> <span class='ocrx_word' id='word_1_190' title='bbox 1431 2703 1553 2757; x_wconf 67' lang='grc' dir='ltr'><strong>οὔτε</strong></span> <span class='ocrx_word' id='word_1_191' title='bbox 1591 2710 1748 2760; x_wconf 80' lang='grc' dir='ltr'>ἀπει-</span> 
     </span>
    </p>
   </div>
   <div class='ocr_carea' id='block_1_30' title="bbox 171 2777 1743 2864">
    <p class='ocr_par' dir='ltr' id='par_1_30' title="bbox 171 2777 1743 2864">
     <span class='ocr_line' id='line_1_30' title="bbox 171 2777 1743 2864; baseline 0.015 -35"><span class='ocrx_word' id='word_1_192' title='bbox 171 2777 289 2830; x_wconf 83' lang='grc' dir='ltr'><strong>λῶν</strong></span> <span class='ocrx_word' id='word_1_193' title='bbox 328 2780 532 2843; x_wconf 77' lang='grc' dir='ltr'>πείσεις</span> <span class='ocrx_word' id='word_1_194' title='bbox 584 2786 909 2838; x_wconf 76' lang='grc' dir='ltr'>καταλιπεῖν</span> <span class='ocrx_word' id='word_1_195' title='bbox 947 2791 1036 2842; x_wconf 77' lang='grc' dir='ltr'>τὸν</span> <span class='ocrx_word' id='word_1_196' title='bbox 1097 2792 1273 2854; x_wconf 71' lang='grc' dir='ltr'>ζῶντα</span> <span class='ocrx_word' id='word_1_197' title='bbox 1334 2796 1486 2860; x_wconf 70' lang='grc' dir='ltr'>Θεὸν,</span> <span class='ocrx_word' id='word_1_198' title='bbox 1527 2797 1743 2864; x_wconf 77' lang='grc' dir='ltr'>δαίμοσι</span> 
     </span>
    </p>
   </div>
   <div class='ocr_carea' id='block_1_31' title="bbox 177 2871 1741 2958">
    <p class='ocr_par' dir='ltr' id='par_1_31' title="bbox 177 2871 1741 2958">
     <span class='ocr_line' id='line_1_31' title="bbox 177 2871 1741 2958; baseline 0.015 -37"><span class='ocrx_word' id='word_1_199' title='bbox 177 2871 240 2921; x_wconf 76' lang='grc' dir='ltr'><strong>δὲ</strong></span> <span class='ocrx_word' id='word_1_200' title='bbox 295 2875 499 2940; x_wconf 53' lang='grc' dir='ltr'>κωφοῖς</span> <span class='ocrx_word' id='word_1_201' title='bbox 553 2876 645 2928; x_wconf 78' lang='grc' dir='ltr'><strong>καὶ</strong></span> <span class='ocrx_word' id='word_1_202' title='bbox 702 2879 1056 2948; x_wconf 77' lang='grc' dir='ltr'><strong>ἀναισθήτοις</strong></span> <span class='ocrx_word' id='word_1_203' title='bbox 1099 2885 1290 2938; x_wconf 72' lang='grc' dir='ltr'>θυσίαν</span> <span class='ocrx_word' id='word_1_204' title='bbox 1334 2894 1741 2958; x_wconf 81' lang='grc' dir='ltr'>προσενεγκεῖν.</span> 
     </span>
    </p>
   </div>
   <div class='ocr_carea' id='block_1_32' title="bbox 188 2961 1744 3044">
    <p class='ocr_par' dir='ltr' id='par_1_32' title="bbox 188 2961 1744 3044">
     <span class='ocr_line' id='line_1_32' title="bbox 188 2961 1744 3044; baseline 0.017 -33"><span class='ocrx_word' id='word_1_205' title='bbox 188 2961 359 3030; x_wconf 80' lang='grc' dir='ltr'>Ἡμῖν</span> <span class='ocrx_word' id='word_1_206' title='bbox 391 2967 500 3036; x_wconf 81' lang='grc' dir='ltr'><strong>γάρ</strong></span> <span class='ocrx_word' id='word_1_207' title='bbox 536 2970 628 3021; x_wconf 76' lang='grc' dir='ltr'><strong>καὶ</strong></span> <span class='ocrx_word' id='word_1_208' title='bbox 664 2970 723 3022; x_wconf 74' lang='grc' dir='ltr'>τὸ</span> <span class='ocrx_word' id='word_1_209' title='bbox 761 2972 848 3024; x_wconf 69' lang='grc' dir='ltr'><strong>διὰ</strong></span> <span class='ocrx_word' id='word_1_210' title='bbox 895 2974 1130 3043; x_wconf 69' lang='grc' dir='ltr'>Χριστὸν</span> <span class='ocrx_word' id='word_1_211' title='bbox 1159 2979 1382 3044; x_wconf 65' lang='grc' dir='ltr'>ἀγαθον,</span> <span class='ocrx_word' id='word_1_212' title='bbox 1437 2985 1527 3035; x_wconf 74' lang='grc' dir='ltr'><strong>καὶ</strong></span> <span class='ocrx_word' id='word_1_213' title='bbox 1567 2985 1628 3036; x_wconf 83' lang='grc' dir='ltr'>τὺ</span> <span class='ocrx_word' id='word_1_214' title='bbox 1675 2986 1744 3038; x_wconf 87' lang='grc' dir='ltr'><strong>δι’</strong></span> 
     </span>
    </p>
   </div>
   <div class='ocr_carea' id='block_1_33' title="bbox 174 3055 1742 3137">
    <p class='ocr_par' dir='ltr' id='par_1_33' title="bbox 174 3055 1742 3137">
     <span class='ocr_line' id='line_1_33' title="bbox 174 3055 1742 3137; baseline 0.017 -33"><span class='ocrx_word' id='word_1_215' title='bbox 174 3055 347 3106; x_wconf 73' lang='grc' dir='ltr'>αὐτὸν</span> <span class='ocrx_word' id='word_1_216' title='bbox 384 3059 546 3112; x_wconf 82' lang='grc' dir='ltr'>πάλιν</span> <span class='ocrx_word' id='word_1_217' title='bbox 599 3062 889 3118; x_wconf 72' lang='grc' dir='ltr'><strong>ἀποθανεῖν</strong></span> <span class='ocrx_word' id='word_1_218' title='bbox 917 3067 1122 3137; x_wconf 81' lang='grc' dir='ltr'>κέρδος.</span> <span class='ocrx_word' id='word_1_219' title='bbox 1172 3071 1242 3124; x_wconf 71' lang='grc' dir='ltr'><strong>Σὺ</strong></span> <span class='ocrx_word' id='word_1_220' title='bbox 1289 3071 1345 3123; x_wconf 81' lang='grc' dir='ltr'><strong>δὲ</strong></span> <span class='ocrx_word' id='word_1_221' title='bbox 1390 3073 1506 3126; x_wconf 77' lang='grc' dir='ltr'><strong>ἀλλ’</strong></span> <span class='ocrx_word' id='word_1_222' title='bbox 1547 3075 1646 3128; x_wconf 77' lang='grc' dir='ltr'>οὐκ</span> <span class='ocrx_word' id='word_1_223' title='bbox 1675 3077 1742 3130; x_wconf 84' lang='grc' dir='ltr'><strong>ἂν</strong></span> 
     </span>
    </p>
   </div>
   <div class='ocr_carea' id='block_1_34' title="bbox 1886 579 3440 658">
    <p class='ocr_par' dir='ltr' id='par_1_34' title="bbox 1886 579 3440 658">
     <span class='ocr_line' id='line_1_34' title="bbox 1886 579 3440 658; baseline 0.008 -24"><span class='ocrx_word' id='word_1_224' title='bbox 1886 579 2246 638; x_wconf 76' lang='lat' dir='ltr'><strong>Maximianus</strong></span> <span class='ocrx_word' id='word_1_225' title='bbox 2275 594 2420 637; x_wconf 85' lang='lat' dir='ltr'><strong>esset</strong></span> <span class='ocrx_word' id='word_1_226' title='bbox 2459 582 2780 639; x_wconf 80' lang='lat' dir='ltr'><strong>raferrimus</strong></span> <span class='ocrx_word' id='word_1_227' title='bbox 2835 596 2887 641; x_wconf 88' lang='lat' dir='ltr'><strong>et</strong></span> <span class='ocrx_word' id='word_1_228' title='bbox 2950 588 3440 658; x_wconf 76' lang='lat' dir='ltr'><strong>ingeniosissimus.</strong></span> 
     </span>
    </p>
   </div>
   <div class='ocr_carea' id='block_1_35' title="bbox 1881 669 3440 747">
    <p class='ocr_par' dir='ltr' id='par_1_35' title="bbox 1881 669 3440 747">
     <span class='ocr_line' id='line_1_35' title="bbox 1881 669 3440 747; baseline 0.009 -23"><span class='ocrx_word' id='word_1_229' title='bbox 1881 669 1986 726; x_wconf 87' lang='lat' dir='ltr'><strong>Sed</strong></span> <span class='ocrx_word' id='word_1_230' title='bbox 2028 672 2114 726; x_wconf 90' lang='lat' dir='ltr'><strong>his</strong></span> <span class='ocrx_word' id='word_1_231' title='bbox 2161 675 2378 742; x_wconf 86' lang='lat' dir='ltr'><strong>quidem</strong></span> <span class='ocrx_word' id='word_1_232' title='bbox 2436 676 2645 731; x_wconf 87' lang='lat' dir='ltr'><strong>blandis</strong></span> <span class='ocrx_word' id='word_1_233' title='bbox 2690 687 2746 732; x_wconf 87' lang='lat' dir='ltr'><strong>et</strong></span> <span class='ocrx_word' id='word_1_234' title='bbox 2800 679 3202 747; x_wconf 85' lang='lat' dir='ltr'><strong>pellieientibus</strong></span> <span class='ocrx_word' id='word_1_235' title='bbox 3261 682 3440 738; x_wconf 82' lang='lat' dir='ltr'><strong>verbis</strong></span> 
     </span>
    </p>
   </div>
   <div class='ocr_carea' id='block_1_36' title="bbox 1877 766 3439 834">
    <p class='ocr_par' dir='ltr' id='par_1_36' title="bbox 1877 766 3439 834">
     <span class='ocr_line' id='line_1_36' title="bbox 1877 766 3439 834; baseline 0.008 -17"><span class='ocrx_word' id='word_1_236' title='bbox 1877 766 2029 834; x_wconf 89' lang='lat' dir='ltr'><strong>prius</strong></span> <span class='ocrx_word' id='word_1_237' title='bbox 2087 768 2385 822; x_wconf 76' lang='lat' dir='ltr'><strong>conabatur</strong></span> <span class='ocrx_word' id='word_1_238' title='bbox 2433 784 2527 822; x_wconf 81' lang='lat' dir='ltr'><strong>eos</strong></span> <span class='ocrx_word' id='word_1_239' title='bbox 2583 769 2785 824; x_wconf 78' lang='lat' dir='ltr'><strong>illicere</strong></span> <span class='ocrx_word' id='word_1_240' title='bbox 2854 771 3176 826; x_wconf 70' lang='lat' dir='ltr'><strong>Antiochus.</strong></span> <span class='ocrx_word' id='word_1_241' title='bbox 3234 773 3439 829; x_wconf 80' lang='lat' dir='ltr'><strong>Deinde</strong></span> 
     </span>
    </p>
   </div>
   <div class='ocr_carea' id='block_1_37' title="bbox 1877 863 3437 934">
    <p class='ocr_par' dir='ltr' id='par_1_37' title="bbox 1877 863 3437 934">
     <span class='ocr_line' id='line_1_37' title="bbox 1877 863 3437 934; baseline 0.005 -20"><span class='ocrx_word' id='word_1_242' title='bbox 1877 870 2107 915; x_wconf 79' lang='lat' dir='ltr'><strong>conatus</strong></span> <span class='ocrx_word' id='word_1_243' title='bbox 2139 873 2221 915; x_wconf 76' lang='grc' dir='ltr'>εει</span> <span class='ocrx_word' id='word_1_244' title='bbox 2244 863 2403 916; x_wconf 86' lang='lat' dir='ltr'><strong>etiam</strong></span> <span class='ocrx_word' id='word_1_245' title='bbox 2430 871 2638 917; x_wconf 80' lang='lat' dir='ltr'><strong>terrore</strong></span> <span class='ocrx_word' id='word_1_246' title='bbox 2669 879 2764 918; x_wconf 88' lang='lat' dir='ltr'><strong>eos</strong></span> <span class='ocrx_word' id='word_1_247' title='bbox 2791 881 2818 917; x_wconf 84' lang='lat' dir='ltr'><strong>a</strong></span> <span class='ocrx_word' id='word_1_248' title='bbox 2852 880 3018 934; x_wconf 87' lang='lat' dir='ltr'><strong>scopo</strong></span> <span class='ocrx_word' id='word_1_249' title='bbox 3049 868 3330 922; x_wconf 84' lang='lat' dir='ltr'><strong>traducere</strong></span> <span class='ocrx_word' id='word_1_250' title='bbox 3381 877 3437 922; x_wconf 90' lang='lat' dir='ltr'><strong>et</strong></span> 
     </span>
    </p>
   </div>
   <div class='ocr_carea' id='block_1_38' title="bbox 1877 952 3434 1025">
    <p class='ocr_par' dir='ltr' id='par_1_38' title="bbox 1877 952 3434 1025">
     <span class='ocr_line' id='line_1_38' title="bbox 1877 952 3434 1025; baseline 0.006 -24"><span class='ocrx_word' id='word_1_251' title='bbox 1877 954 2180 1003; x_wconf 88' lang='lat' dir='ltr'><strong>constantia</strong></span> <span class='ocrx_word' id='word_1_252' title='bbox 2209 968 2222 1004; x_wconf 87' lang='lat'><strong>:</strong></span> <span class='ocrx_word' id='word_1_253' title='bbox 2251 952 2306 1005; x_wconf 88' lang='lat' dir='ltr'><strong>Si</strong></span> <span class='ocrx_word' id='word_1_254' title='bbox 2339 955 2481 1005; x_wconf 91' lang='lat' dir='ltr'><strong>enim</strong></span> <span class='ocrx_word' id='word_1_255' title='bbox 2517 955 2668 1017; x_wconf 87' lang='lat' dir='ltr'><strong>meis,</strong></span> <span class='ocrx_word' id='word_1_256' title='bbox 2725 956 2935 1017; x_wconf 83' lang='lat' dir='ltr'><strong>dicens,</strong></span> <span class='ocrx_word' id='word_1_257' title='bbox 2996 970 3102 1010; x_wconf 91' lang='lat' dir='ltr'><strong>non</strong></span> <span class='ocrx_word' id='word_1_258' title='bbox 3143 957 3434 1025; x_wconf 82' lang='lat' dir='ltr'><strong>parueritis</strong></span> 
     </span>
    </p>
   </div>
   <div class='ocr_carea' id='block_1_39' title="bbox 1875 1044 3434 1109">
    <p class='ocr_par' dir='ltr' id='par_1_39' title="bbox 1875 1044 3434 1109">
     <span class='ocr_line' id='line_1_39' title="bbox 1875 1044 3434 1109; baseline 0.005 -14"><span class='ocrx_word' id='word_1_259' title='bbox 1875 1044 2371 1109; x_wconf 82' lang='lat' dir='ltr'><strong>adhortationibus,</strong></span> <span class='ocrx_word' id='word_1_260' title='bbox 2421 1048 2526 1100; x_wconf 87' lang='lat' dir='ltr'><strong>erit</strong></span> <span class='ocrx_word' id='word_1_261' title='bbox 2555 1050 2682 1101; x_wconf 81' lang='lat' dir='ltr'><strong>milii</strong></span> <span class='ocrx_word' id='word_1_262' title='bbox 2728 1051 2952 1102; x_wconf 89' lang='lat' dir='ltr'><strong>omnino</strong></span> <span class='ocrx_word' id='word_1_263' title='bbox 2984 1066 3206 1103; x_wconf 87' lang='lat' dir='ltr'><strong>necesse</strong></span> <span class='ocrx_word' id='word_1_264' title='bbox 3258 1050 3434 1104; x_wconf 81' lang='lat' dir='ltr'><strong>facere</strong></span> 
     </span>
    </p>
   </div>
   <div class='ocr_carea' id='block_1_40' title="bbox 1872 1136 3429 1209">
    <p class='ocr_par' dir='ltr' id='par_1_40' title="bbox 1872 1136 3429 1209">
     <span class='ocr_line' id='line_1_40' title="bbox 1872 1136 3429 1209; baseline 0.005 -23"><span class='ocrx_word' id='word_1_265' title='bbox 1872 1151 1991 1202; x_wconf 76' lang='lat' dir='ltr'><strong>qua:</strong></span> <span class='ocrx_word' id='word_1_266' title='bbox 2029 1145 2154 1188; x_wconf 91' lang='lat' dir='ltr'><strong>sunt</strong></span> <span class='ocrx_word' id='word_1_267' title='bbox 2195 1136 2453 1204; x_wconf 86' lang='lat' dir='ltr'><strong>imperata</strong></span> <span class='ocrx_word' id='word_1_268' title='bbox 2493 1154 2507 1190; x_wconf 88' lang='lat'><strong>:</strong></span> <span class='ocrx_word' id='word_1_269' title='bbox 2546 1148 2598 1191; x_wconf 89' lang='lat' dir='ltr'><strong>et</strong></span> <span class='ocrx_word' id='word_1_270' title='bbox 2650 1155 2754 1200; x_wconf 85' lang='lat' dir='ltr'><strong>me.</strong></span> <span class='ocrx_word' id='word_1_271' title='bbox 2809 1150 3062 1209; x_wconf 84' lang='lat' dir='ltr'><strong>tanquam</strong></span> <span class='ocrx_word' id='word_1_272' title='bbox 3127 1143 3429 1204; x_wconf 89' lang='lat' dir='ltr'><strong>inimicum,</strong></span> 
     </span>
    </p>
   </div>
   <div class='ocr_carea' id='block_1_41' title="bbox 1871 1229 3432 1302">
    <p class='ocr_par' dir='ltr' id='par_1_41' title="bbox 1871 1229 3432 1302">
     <span class='ocr_line' id='line_1_41' title="bbox 1871 1229 3432 1302; baseline 0.005 -22"><span class='ocrx_word' id='word_1_273' title='bbox 1871 1242 2056 1296; x_wconf 79' lang='lat' dir='ltr'><strong>gerere</strong></span> <span class='ocrx_word' id='word_1_274' title='bbox 2105 1229 2160 1279; x_wconf 90' lang='lat' dir='ltr'><strong>in</strong></span> <span class='ocrx_word' id='word_1_275' title='bbox 2211 1241 2444 1281; x_wconf 78' lang='lat' dir='ltr'><strong>vestram</strong></span> <span class='ocrx_word' id='word_1_276' title='bbox 2510 1231 2986 1298; x_wconf 86' lang='lat' dir='ltr'><strong>magnificentiam.</strong></span> <span class='ocrx_word' id='word_1_277' title='bbox 3039 1232 3101 1285; x_wconf 85' lang='lat' dir='ltr'><strong>Et</strong></span> <span class='ocrx_word' id='word_1_278' title='bbox 3153 1243 3272 1302; x_wconf 87' lang='lat' dir='ltr'><strong>post</strong></span> <span class='ocrx_word' id='word_1_279' title='bbox 3319 1235 3432 1288; x_wconf 60' lang='lat' dir='ltr'><strong>haec</strong></span> 
     </span>
    </p>
   </div>
   <div class='ocr_carea' id='block_1_42' title="bbox 1872 1317 3431 1379">
    <p class='ocr_par' dir='ltr' id='par_1_42' title="bbox 1872 1317 3431 1379">
     <span class='ocr_line' id='line_1_42' title="bbox 1872 1317 3431 1379; baseline 0.006 -9"><span class='ocrx_word' id='word_1_280' title='bbox 1872 1318 2076 1370; x_wconf 87' lang='lat' dir='ltr'><strong>multus</strong></span> <span class='ocrx_word' id='word_1_281' title='bbox 2113 1317 2216 1372; x_wconf 87' lang='lat' dir='ltr'><strong>fuit</strong></span> <span class='ocrx_word' id='word_1_282' title='bbox 2243 1320 2294 1370; x_wconf 93' lang='lat' dir='ltr'><strong>in</strong></span> <span class='ocrx_word' id='word_1_283' title='bbox 2324 1323 2708 1376; x_wconf 69' lang='lat' dir='ltr'><strong>enumerandis</strong></span> <span class='ocrx_word' id='word_1_284' title='bbox 2761 1317 3095 1378; x_wconf 74' lang='lat' dir='ltr'><strong>nominibus</strong></span> <span class='ocrx_word' id='word_1_285' title='bbox 3126 1333 3431 1379; x_wconf 81' lang='lat' dir='ltr'><strong>tormento-</strong></span> 
     </span>
    </p>
   </div>
   <div class='ocr_carea' id='block_1_43' title="bbox 1869 1411 3428 1484">
    <p class='ocr_par' dir='ltr' id='par_1_43' title="bbox 1869 1411 3428 1484">
     <span class='ocr_line' id='line_1_43' title="bbox 1869 1411 3428 1484; baseline 0.006 -24"><span class='ocrx_word' id='word_1_286' title='bbox 1869 1423 2010 1470; x_wconf 88' lang='lat' dir='ltr'><strong>rum,</strong></span> <span class='ocrx_word' id='word_1_287' title='bbox 2042 1419 2095 1462; x_wconf 88' lang='lat' dir='ltr'><strong>et</strong></span> <span class='ocrx_word' id='word_1_288' title='bbox 2141 1411 2304 1465; x_wconf 92' lang='lat' dir='ltr'><strong>minis</strong></span> <span class='ocrx_word' id='word_1_289' title='bbox 2351 1411 2701 1466; x_wconf 89' lang='lat' dir='ltr'><strong>intentandis.</strong></span> <span class='ocrx_word' id='word_1_290' title='bbox 2759 1412 2861 1466; x_wconf 86' lang='lat' dir='ltr'><strong>Sed</strong></span> <span class='ocrx_word' id='word_1_291' title='bbox 2913 1414 3082 1467; x_wconf 84' lang='lat' dir='ltr'><strong>sancti</strong></span> <span class='ocrx_word' id='word_1_292' title='bbox 3143 1426 3428 1484; x_wconf 77' lang='lat' dir='ltr'><strong>martyres,</strong></span> 
     </span>
    </p>
   </div>
   <div class='ocr_carea' id='block_1_44' title="bbox 1868 1501 3424 1576">
    <p class='ocr_par' dir='ltr' id='par_1_44' title="bbox 1868 1501 3424 1576">
     <span class='ocr_line' id='line_1_44' title="bbox 1868 1501 3424 1576; baseline 0.006 -24"><span class='ocrx_word' id='word_1_293' title='bbox 1868 1514 2046 1567; x_wconf 88' lang='lat' dir='ltr'><strong>neque</strong></span> <span class='ocrx_word' id='word_1_294' title='bbox 2075 1501 2352 1556; x_wconf 90' lang='lat' dir='ltr'><strong>blanditiis</strong></span> <span class='ocrx_word' id='word_1_295' title='bbox 2377 1501 2630 1565; x_wconf 85' lang='lat' dir='ltr'><strong>emolliti,</strong></span> <span class='ocrx_word' id='word_1_296' title='bbox 2670 1518 2848 1572; x_wconf 86' lang='lat' dir='ltr'><strong>neque</strong></span> <span class='ocrx_word' id='word_1_297' title='bbox 2896 1505 3056 1559; x_wconf 87' lang='lat' dir='ltr'><strong>minis</strong></span> <span class='ocrx_word' id='word_1_298' title='bbox 3083 1507 3277 1576; x_wconf 88' lang='lat' dir='ltr'><strong>dejecti</strong></span> <span class='ocrx_word' id='word_1_299' title='bbox 3302 1525 3314 1559; x_wconf 94' lang='lat'><strong>:</strong></span> <span class='ocrx_word' id='word_1_300' title='bbox 3335 1507 3424 1572; x_wconf 91' lang='lat' dir='ltr'><strong>Iis,</strong></span> 
     </span>
    </p>
   </div>
   <div class='ocr_carea' id='block_1_45' title="bbox 1865 1593 3428 1666">
    <p class='ocr_par' dir='ltr' id='par_1_45' title="bbox 1865 1593 3428 1666">
     <span class='ocr_line' id='line_1_45' title="bbox 1865 1593 3428 1666; baseline 0.004 -20"><span class='ocrx_word' id='word_1_301' title='bbox 1865 1593 2255 1662; x_wconf 76' lang='lat' dir='ltr'><strong>dixerunt,qui</strong></span> <span class='ocrx_word' id='word_1_302' title='bbox 2310 1595 2586 1648; x_wconf 87' lang='lat' dir='ltr'><strong>Christum</strong></span> <span class='ocrx_word' id='word_1_303' title='bbox 2639 1597 2831 1660; x_wconf 90' lang='lat' dir='ltr'><strong>solum,</strong></span> <span class='ocrx_word' id='word_1_304' title='bbox 2873 1613 2904 1650; x_wconf 91' lang='lat'><strong>0</strong></span> <span class='ocrx_word' id='word_1_305' title='bbox 2947 1599 3126 1666; x_wconf 82' lang='lat' dir='ltr'><strong>judex.</strong></span> <span class='ocrx_word' id='word_1_306' title='bbox 3187 1608 3240 1652; x_wconf 91' lang='lat' dir='ltr'><strong>et</strong></span> <span class='ocrx_word' id='word_1_307' title='bbox 3310 1613 3428 1666; x_wconf 67' lang='lat' dir='ltr'><strong>qua:</strong></span> 
     </span>
    </p>
   </div>
   <div class='ocr_carea' id='block_1_46' title="bbox 1865 1684 3421 1752">
    <p class='ocr_par' dir='ltr' id='par_1_46' title="bbox 1865 1684 3421 1752">
     <span class='ocr_line' id='line_1_46' title="bbox 1865 1684 3421 1752; baseline 0.003 -15"><span class='ocrx_word' id='word_1_308' title='bbox 1865 1684 2005 1752; x_wconf 87' lang='lat' dir='ltr'><strong>apud</strong></span> <span class='ocrx_word' id='word_1_309' title='bbox 2031 1684 2206 1752; x_wconf 87' lang='lat' dir='ltr'><strong>ipsum</strong></span> <span class='ocrx_word' id='word_1_310' title='bbox 2231 1685 2493 1740; x_wconf 85' lang='lat' dir='ltr'><strong>absconsa</strong></span> <span class='ocrx_word' id='word_1_311' title='bbox 2523 1696 2626 1751; x_wconf 86' lang='lat' dir='ltr'><strong>est,</strong></span> <span class='ocrx_word' id='word_1_312' title='bbox 2658 1693 2820 1740; x_wconf 84' lang='lat' dir='ltr'><strong>vitam</strong></span> <span class='ocrx_word' id='word_1_313' title='bbox 2872 1688 3063 1741; x_wconf 87' lang='lat' dir='ltr'><strong>lucrati</strong></span> <span class='ocrx_word' id='word_1_314' title='bbox 3111 1689 3421 1751; x_wconf 85' lang='lat' dir='ltr'><strong>statuerint,</strong></span> 
     </span>
    </p>
   </div>
   <div class='ocr_carea' id='block_1_47' title="bbox 1864 1773 3424 1847">
    <p class='ocr_par' dir='ltr' id='par_1_47' title="bbox 1864 1773 3424 1847">
     <span class='ocr_line' id='line_1_47' title="bbox 1864 1773 3424 1847; baseline 0.004 -19"><span class='ocrx_word' id='word_1_315' title='bbox 1864 1777 1998 1829; x_wconf 88' lang='lat' dir='ltr'><strong>nihil</strong></span> <span class='ocrx_word' id='word_1_316' title='bbox 2035 1787 2116 1831; x_wconf 89' lang='lat' dir='ltr'><strong>est</strong></span> <span class='ocrx_word' id='word_1_317' title='bbox 2145 1793 2287 1832; x_wconf 73' lang='lat' dir='ltr'><strong>curae</strong></span> <span class='ocrx_word' id='word_1_318' title='bbox 2316 1793 2379 1833; x_wconf 81' lang='lat' dir='ltr'><strong>ex</strong></span> <span class='ocrx_word' id='word_1_319' title='bbox 2434 1779 2497 1832; x_wconf 93' lang='lat' dir='ltr'><strong>iis</strong></span> <span class='ocrx_word' id='word_1_320' title='bbox 2528 1795 2646 1847; x_wconf 70' lang='lat' dir='ltr'><strong>quae</strong></span> <span class='ocrx_word' id='word_1_321' title='bbox 2670 1773 2843 1834; x_wconf 80' lang='lat' dir='ltr'><strong>fluunt</strong></span> <span class='ocrx_word' id='word_1_322' title='bbox 2869 1790 2924 1835; x_wconf 86' lang='lat' dir='ltr'><strong>et</strong></span> <span class='ocrx_word' id='word_1_323' title='bbox 2948 1782 3222 1834; x_wconf 87' lang='lat' dir='ltr'><strong>intereunt</strong></span> <span class='ocrx_word' id='word_1_324' title='bbox 3243 1820 3256 1842; x_wconf 92' lang='lat'><strong>,</strong></span> <span class='ocrx_word' id='word_1_325' title='bbox 3313 1797 3424 1835; x_wconf 89' lang='lat' dir='ltr'><strong>non</strong></span> 
     </span>
    </p>
   </div>
   <div class='ocr_carea' id='block_1_48' title="bbox 1862 1870 3422 1941">
    <p class='ocr_par' dir='ltr' id='par_1_48' title="bbox 1862 1870 3422 1941">
     <span class='ocr_line' id='line_1_48' title="bbox 1862 1870 3422 1941; baseline 0.003 -20"><span class='ocrx_word' id='word_1_326' title='bbox 1862 1870 2057 1937; x_wconf 83' lang='lat' dir='ltr'><strong>honor,</strong></span> <span class='ocrx_word' id='word_1_327' title='bbox 2082 1885 2190 1924; x_wconf 93' lang='lat' dir='ltr'><strong>non</strong></span> <span class='ocrx_word' id='word_1_328' title='bbox 2223 1871 2412 1940; x_wconf 78' lang='lat' dir='ltr'><strong>gloria,</strong></span> <span class='ocrx_word' id='word_1_329' title='bbox 2451 1885 2558 1923; x_wconf 93' lang='lat' dir='ltr'><strong>non</strong></span> <span class='ocrx_word' id='word_1_330' title='bbox 2598 1871 2856 1938; x_wconf 82' lang='lat' dir='ltr'><strong>porentia,</strong></span> <span class='ocrx_word' id='word_1_331' title='bbox 2897 1887 3004 1925; x_wconf 92' lang='lat' dir='ltr'><strong>non</strong></span> <span class='ocrx_word' id='word_1_332' title='bbox 3035 1873 3234 1941; x_wconf 90' lang='lat' dir='ltr'><strong>aliquid</strong></span> <span class='ocrx_word' id='word_1_333' title='bbox 3272 1871 3422 1926; x_wconf 86' lang='lat' dir='ltr'><strong>aliud</strong></span> 
     </span>
    </p>
   </div>
   <div class='ocr_carea' id='block_1_49' title="bbox 1861 1962 3422 2035">
    <p class='ocr_par' dir='ltr' id='par_1_49' title="bbox 1861 1962 3422 2035">
     <span class='ocr_line' id='line_1_49' title="bbox 1861 1962 3422 2035; baseline 0.001 -21"><span class='ocrx_word' id='word_1_334' title='bbox 1861 1975 2068 2035; x_wconf 85' lang='lat' dir='ltr'><strong>eorum,</strong></span> <span class='ocrx_word' id='word_1_335' title='bbox 2102 1977 2220 2030; x_wconf 80' lang='lat' dir='ltr'><strong>qua:</strong></span> <span class='ocrx_word' id='word_1_336' title='bbox 2249 1973 2340 2015; x_wconf 88' lang='lat' dir='ltr'><strong>aut</strong></span> <span class='ocrx_word' id='word_1_337' title='bbox 2369 1962 2678 2016; x_wconf 83' lang='lat' dir='ltr'><strong>demulcere</strong></span> <span class='ocrx_word' id='word_1_338' title='bbox 2714 1971 2962 2030; x_wconf 90' lang='lat' dir='ltr'><strong>possunt,</strong></span> <span class='ocrx_word' id='word_1_339' title='bbox 3027 1973 3120 2016; x_wconf 87' lang='lat' dir='ltr'><strong>aut</strong></span> <span class='ocrx_word' id='word_1_340' title='bbox 3177 1962 3422 2016; x_wconf 82' lang='lat' dir='ltr'><strong>molestia</strong></span> 
     </span>
    </p>
   </div>
   <div class='ocr_carea' id='block_1_50' title="bbox 1860 2053 3419 2118">
    <p class='ocr_par' dir='ltr' id='par_1_50' title="bbox 1860 2053 3419 2118">
     <span class='ocr_line' id='line_1_50' title="bbox 1860 2053 3419 2118; baseline 0.001 -12"><span class='ocrx_word' id='word_1_341' title='bbox 1860 2053 2091 2107; x_wconf 81' lang='lat' dir='ltr'><strong>allicere.</strong></span> <span class='ocrx_word' id='word_1_342' title='bbox 2133 2053 2241 2107; x_wconf 84' lang='lat' dir='ltr'><strong>Nos</strong></span> <span class='ocrx_word' id='word_1_343' title='bbox 2269 2054 2412 2108; x_wconf 85' lang='lat' dir='ltr'><strong>enim</strong></span> <span class='ocrx_word' id='word_1_344' title='bbox 2441 2064 2490 2109; x_wconf 88' lang='lat' dir='ltr'><strong>et</strong></span> <span class='ocrx_word' id='word_1_345' title='bbox 2535 2064 2653 2108; x_wconf 88' lang='lat' dir='ltr'><strong>tuas</strong></span> <span class='ocrx_word' id='word_1_346' title='bbox 2699 2055 2893 2118; x_wconf 88' lang='lat' dir='ltr'><strong>minas,</strong></span> <span class='ocrx_word' id='word_1_347' title='bbox 2931 2065 2986 2108; x_wconf 90' lang='lat' dir='ltr'><strong>et</strong></span> <span class='ocrx_word' id='word_1_348' title='bbox 3022 2055 3310 2109; x_wconf 83' lang='lat' dir='ltr'><strong>blanditias</strong></span> <span class='ocrx_word' id='word_1_349' title='bbox 3355 2069 3419 2108; x_wconf 86' lang='lat' dir='ltr'><strong>ex</strong></span> 
     </span>
    </p>
   </div>
   <div class='ocr_carea' id='block_1_51' title="bbox 1857 2145 3420 2216">
    <p class='ocr_par' dir='ltr' id='par_1_51' title="bbox 1857 2145 3420 2216">
     <span class='ocr_line' id='line_1_51' title="bbox 1857 2145 3420 2216; baseline -0.002 -15"><span class='ocrx_word' id='word_1_350' title='bbox 1857 2161 2011 2214; x_wconf 79' lang='lat' dir='ltr'><strong>aequo</strong></span> <span class='ocrx_word' id='word_1_351' title='bbox 2051 2147 2472 2201; x_wconf 84' lang='lat' dir='ltr'><strong>contemnimus.</strong></span> <span class='ocrx_word' id='word_1_352' title='bbox 2503 2146 2663 2201; x_wconf 87' lang='lat' dir='ltr'><strong>Cessa</strong></span> <span class='ocrx_word' id='word_1_353' title='bbox 2697 2162 2826 2216; x_wconf 84' lang='lat' dir='ltr'><strong>ergo</strong></span> <span class='ocrx_word' id='word_1_354' title='bbox 2868 2157 2923 2200; x_wconf 91' lang='lat' dir='ltr'><strong>tu</strong></span> <span class='ocrx_word' id='word_1_355' title='bbox 2977 2162 3212 2216; x_wconf 87' lang='lat' dir='ltr'><strong>quoque,</strong></span> <span class='ocrx_word' id='word_1_356' title='bbox 3277 2145 3420 2199; x_wconf 87' lang='lat' dir='ltr'><strong>sicut</strong></span> 
     </span>
    </p>
   </div>
   <div class='ocr_carea' id='block_1_52' title="bbox 1859 2237 3415 2307">
    <p class='ocr_par' dir='ltr' id='par_1_52' title="bbox 1859 2237 3415 2307">
     <span class='ocr_line' id='line_1_52' title="bbox 1859 2237 3415 2307; baseline -0.001 -16"><span class='ocrx_word' id='word_1_357' title='bbox 1859 2253 2086 2307; x_wconf 85' lang='lat' dir='ltr'><strong>serpens</strong></span> <span class='ocrx_word' id='word_1_358' title='bbox 2122 2239 2278 2293; x_wconf 91' lang='lat' dir='ltr'><strong>nobis</strong></span> <span class='ocrx_word' id='word_1_359' title='bbox 2305 2239 2441 2294; x_wconf 84' lang='lat' dir='ltr'><strong>mala</strong></span> <span class='ocrx_word' id='word_1_360' title='bbox 2472 2238 2778 2292; x_wconf 87' lang='lat' dir='ltr'><strong>consulere.</strong></span> <span class='ocrx_word' id='word_1_361' title='bbox 2809 2238 3070 2292; x_wconf 86' lang='lat' dir='ltr'><strong>Videmus</strong></span> <span class='ocrx_word' id='word_1_362' title='bbox 3088 2239 3232 2292; x_wconf 88' lang='lat' dir='ltr'><strong>enim</strong></span> <span class='ocrx_word' id='word_1_363' title='bbox 3268 2237 3415 2290; x_wconf 77' lang='lat' dir='ltr'><strong>virus</strong></span> 
     </span>
    </p>
   </div>
   <div class='ocr_carea' id='block_1_53' title="bbox 1857 2329 3412 2398">
    <p class='ocr_par' dir='ltr' id='par_1_53' title="bbox 1857 2329 3412 2398">
     <span class='ocr_line' id='line_1_53' title="bbox 1857 2329 3412 2398; baseline -0.001 -15"><span class='ocrx_word' id='word_1_364' title='bbox 1857 2330 1958 2383; x_wconf 86' lang='lat' dir='ltr'><strong>sub</strong></span> <span class='ocrx_word' id='word_1_365' title='bbox 1995 2330 2096 2383; x_wconf 91' lang='lat' dir='ltr'><strong>tuis</strong></span> <span class='ocrx_word' id='word_1_366' title='bbox 2128 2329 2293 2383; x_wconf 83' lang='lat' dir='ltr'><strong>labris</strong></span> <span class='ocrx_word' id='word_1_367' title='bbox 2323 2349 2336 2383; x_wconf 77' lang='grc' dir='ltr'><strong>ι</strong></span> <span class='ocrx_word' id='word_1_368' title='bbox 2370 2339 2422 2383; x_wconf 90' lang='lat' dir='ltr'><strong>et</strong></span> <span class='ocrx_word' id='word_1_369' title='bbox 2449 2329 2583 2384; x_wconf 77' lang='lat' dir='ltr'><strong>ideo.</strong></span> <span class='ocrx_word' id='word_1_370' title='bbox 2617 2331 2899 2384; x_wconf 84' lang='lat' dir='ltr'><strong>censilium</strong></span> <span class='ocrx_word' id='word_1_371' title='bbox 2949 2339 3098 2383; x_wconf 88' lang='lat' dir='ltr'><strong>tuum</strong></span> <span class='ocrx_word' id='word_1_372' title='bbox 3158 2341 3412 2398; x_wconf 89' lang='lat' dir='ltr'><strong>tanquam</strong></span> 
     </span>
    </p>
   </div>
   <div class='ocr_carea' id='block_1_54' title="bbox 1856 2421 3412 2492">
    <p class='ocr_par' dir='ltr' id='par_1_54' title="bbox 1856 2421 3412 2492">
     <span class='ocr_line' id='line_1_54' title="bbox 1856 2421 3412 2492; baseline -0.002 -17"><span class='ocrx_word' id='word_1_373' title='bbox 1856 2438 2047 2492; x_wconf 78' lang='lat' dir='ltr'><strong>graves</strong></span> <span class='ocrx_word' id='word_1_374' title='bbox 2077 2422 2664 2476; x_wconf 83' lang='lat' dir='ltr'><strong>aversamurinsidias.</strong></span> <span class='ocrx_word' id='word_1_375' title='bbox 2693 2423 2770 2476; x_wconf 83' lang='lat' dir='ltr'><strong>Ne</strong></span> <span class='ocrx_word' id='word_1_376' title='bbox 2813 2439 2943 2492; x_wconf 73' lang='lat' dir='ltr'><strong>ergo</strong></span> <span class='ocrx_word' id='word_1_377' title='bbox 2999 2421 3224 2480; x_wconf 87' lang='lat' dir='ltr'><strong>fallaris,</strong></span> <span class='ocrx_word' id='word_1_378' title='bbox 3273 2432 3412 2474; x_wconf 79' lang='lat' dir='ltr'><strong>tem-</strong></span> 
     </span>
    </p>
   </div>
   <div class='ocr_carea' id='block_1_55' title="bbox 1855 2511 3408 2584">
    <p class='ocr_par' dir='ltr' id='par_1_55' title="bbox 1855 2511 3408 2584">
     <span class='ocr_line' id='line_1_55' title="bbox 1855 2511 3408 2584; baseline -0.003 -18"><span class='ocrx_word' id='word_1_379' title='bbox 1855 2531 1955 2584; x_wconf 90' lang='lat' dir='ltr'><strong>pus</strong></span> <span class='ocrx_word' id='word_1_380' title='bbox 1996 2517 2196 2570; x_wconf 82' lang='lat' dir='ltr'><strong>frustra</strong></span> <span class='ocrx_word' id='word_1_381' title='bbox 2233 2529 2580 2574; x_wconf 85' lang='lat' dir='ltr'><strong>consumens.</strong></span> <span class='ocrx_word' id='word_1_382' title='bbox 2620 2524 2674 2567; x_wconf 84' lang='lat' dir='ltr'><strong>et</strong></span> <span class='ocrx_word' id='word_1_383' title='bbox 2713 2529 2739 2567; x_wconf 90' lang='lat' dir='ltr'><strong>a</strong></span> <span class='ocrx_word' id='word_1_384' title='bbox 2802 2528 2937 2566; x_wconf 78' lang='lat' dir='ltr'><strong>vana</strong></span> <span class='ocrx_word' id='word_1_385' title='bbox 2980 2526 3074 2580; x_wconf 88' lang='lat' dir='ltr'><strong>spe</strong></span> <span class='ocrx_word' id='word_1_386' title='bbox 3112 2511 3357 2579; x_wconf 81' lang='lat' dir='ltr'><strong>pendens</strong></span> <span class='ocrx_word' id='word_1_387' title='bbox 3395 2525 3408 2562; x_wconf 87' lang='lat'>:</span> 
     </span>
    </p>
   </div>
   <div class='ocr_carea' id='block_1_56' title="bbox 1853 2604 3415 2677">
    <p class='ocr_par' dir='ltr' id='par_1_56' title="bbox 1853 2604 3415 2677">
     <span class='ocr_line' id='line_1_56' title="bbox 1853 2604 3415 2677; baseline -0.004 -17"><span class='ocrx_word' id='word_1_388' title='bbox 1853 2608 2205 2676; x_wconf 88' lang='lat' dir='ltr'><strong>nequeenim</strong></span> <span class='ocrx_word' id='word_1_389' title='bbox 2247 2609 2479 2676; x_wconf 86' lang='lat' dir='ltr'><strong>puniens</strong></span> <span class='ocrx_word' id='word_1_390' title='bbox 2537 2606 2910 2677; x_wconf 70' lang='lat' dir='ltr'><strong>expugnabis,</strong></span> <span class='ocrx_word' id='word_1_391' title='bbox 2974 2619 3150 2672; x_wconf 90' lang='lat' dir='ltr'><strong>neque</strong></span> <span class='ocrx_word' id='word_1_392' title='bbox 3199 2604 3415 2656; x_wconf 90' lang='lat' dir='ltr'><strong>minans</strong></span> 
     </span>
    </p>
   </div>
   <div class='ocr_carea' id='block_1_57' title="bbox 1855 2695 3414 2770">
    <p class='ocr_par' dir='ltr' id='par_1_57' title="bbox 1855 2695 3414 2770">
     <span class='ocr_line' id='line_1_57' title="bbox 1855 2695 3414 2770; baseline -0.004 -15"><span class='ocrx_word' id='word_1_393' title='bbox 1855 2702 2226 2770; x_wconf 83' lang='lat' dir='ltr'><strong>persuadebis,</strong></span> <span class='ocrx_word' id='word_1_394' title='bbox 2263 2712 2318 2755; x_wconf 93' lang='lat' dir='ltr'><strong>ut</strong></span> <span class='ocrx_word' id='word_1_395' title='bbox 2352 2701 2622 2753; x_wconf 76' lang='lat' dir='ltr'><strong>virentem</strong></span> <span class='ocrx_word' id='word_1_396' title='bbox 2650 2698 2864 2766; x_wconf 89' lang='lat' dir='ltr'><strong>quidem</strong></span> <span class='ocrx_word' id='word_1_397' title='bbox 2917 2699 3082 2750; x_wconf 89' lang='lat' dir='ltr'><strong>Deum</strong></span> <span class='ocrx_word' id='word_1_398' title='bbox 3142 2695 3414 2763; x_wconf 84' lang='lat' dir='ltr'><strong>relinqua-</strong></span> 
     </span>
    </p>
   </div>
   <div class='ocr_carea' id='block_1_58' title="bbox 1853 2789 3414 2858">
    <p class='ocr_par' dir='ltr' id='par_1_58' title="bbox 1853 2789 3414 2858">
     <span class='ocr_line' id='line_1_58' title="bbox 1853 2789 3414 2858; baseline -0.005 -11"><span class='ocrx_word' id='word_1_399' title='bbox 1853 2809 1995 2858; x_wconf 87' lang='lat' dir='ltr'><strong>mus,</strong></span> <span class='ocrx_word' id='word_1_400' title='bbox 2022 2793 2358 2846; x_wconf 72' lang='lat' dir='ltr'><strong>daemonibus</strong></span> <span class='ocrx_word' id='word_1_401' title='bbox 2383 2801 2566 2844; x_wconf 90' lang='lat' dir='ltr'><strong>autem</strong></span> <span class='ocrx_word' id='word_1_402' title='bbox 2595 2789 2776 2843; x_wconf 89' lang='lat' dir='ltr'><strong>surdis</strong></span> <span class='ocrx_word' id='word_1_403' title='bbox 2796 2799 2848 2843; x_wconf 91' lang='lat' dir='ltr'><strong>ct</strong></span> <span class='ocrx_word' id='word_1_404' title='bbox 2871 2789 3018 2841; x_wconf 91' lang='lat' dir='ltr'><strong>nullo</strong></span> <span class='ocrx_word' id='word_1_405' title='bbox 3066 2802 3230 2841; x_wconf 84' lang='lat' dir='ltr'><strong>sensu</strong></span> <span class='ocrx_word' id='word_1_406' title='bbox 3283 2799 3414 2854; x_wconf 75' lang='lat' dir='ltr'><strong>pra:-</strong></span> 
     </span>
    </p>
   </div>
   <div class='ocr_carea' id='block_1_59' title="bbox 1851 2881 3413 2948">
    <p class='ocr_par' dir='ltr' id='par_1_59' title="bbox 1851 2881 3413 2948">
     <span class='ocr_line' id='line_1_59' title="bbox 1851 2881 3413 2948; baseline -0.007 -8"><span class='ocrx_word' id='word_1_407' title='bbox 1851 2886 1978 2940; x_wconf 76' lang='lat' dir='ltr'><strong>ditis</strong></span> <span class='ocrx_word' id='word_1_408' title='bbox 2009 2886 2312 2938; x_wconf 78' lang='lat' dir='ltr'><strong>offeramus</strong></span> <span class='ocrx_word' id='word_1_409' title='bbox 2347 2883 2694 2938; x_wconf 82' lang='lat' dir='ltr'><strong>sacrificium.</strong></span> <span class='ocrx_word' id='word_1_410' title='bbox 2724 2881 2893 2935; x_wconf 74' lang='lat' dir='ltr'><strong>Nobis</strong></span> <span class='ocrx_word' id='word_1_411' title='bbox 2922 2881 3065 2935; x_wconf 87' lang='lat' dir='ltr'><strong>enim</strong></span> <span class='ocrx_word' id='word_1_412' title='bbox 3091 2889 3144 2932; x_wconf 90' lang='lat' dir='ltr'><strong>et</strong></span> <span class='ocrx_word' id='word_1_413' title='bbox 3193 2888 3413 2948; x_wconf 88' lang='lat' dir='ltr'><strong>propter</strong></span> 
     </span>
    </p>
   </div>
   <div class='ocr_carea' id='block_1_60' title="bbox 1847 2969 3408 3040">
    <p class='ocr_par' dir='ltr' id='par_1_60' title="bbox 1847 2969 3408 3040">
     <span class='ocr_line' id='line_1_60' title="bbox 1847 2969 3408 3040; baseline -0.006 -9"><span class='ocrx_word' id='word_1_414' title='bbox 1847 2975 2123 3031; x_wconf 89' lang='lat' dir='ltr'><strong>Christum</strong></span> <span class='ocrx_word' id='word_1_415' title='bbox 2176 2977 2374 3036; x_wconf 84' lang='lat' dir='ltr'><strong>vivere,</strong></span> <span class='ocrx_word' id='word_1_416' title='bbox 2427 2986 2512 3028; x_wconf 90' lang='lat' dir='ltr'><strong>est</strong></span> <span class='ocrx_word' id='word_1_417' title='bbox 2555 2975 2806 3028; x_wconf 89' lang='lat' dir='ltr'><strong>bonum:</strong></span> <span class='ocrx_word' id='word_1_418' title='bbox 2853 2983 2907 3026; x_wconf 87' lang='lat' dir='ltr'><strong>et</strong></span> <span class='ocrx_word' id='word_1_419' title='bbox 2959 2969 3178 3040; x_wconf 55' lang='lat' dir='ltr'><strong>propter</strong></span> <span class='ocrx_word' id='word_1_420' title='bbox 3233 2971 3408 3038; x_wconf 88' lang='lat' dir='ltr'><strong>ipsum</strong></span> 
     </span>
    </p>
   </div>
   <div class='ocr_carea' id='block_1_61' title="bbox 1847 3063 3414 3132">
    <p class='ocr_par' dir='ltr' id='par_1_61' title="bbox 1847 3063 3414 3132">
     <span class='ocr_line' id='line_1_61' title="bbox 1847 3063 3414 3132; baseline -0.005 -7"><span class='ocrx_word' id='word_1_421' title='bbox 1847 3086 2039 3125; x_wconf 86' lang='lat' dir='ltr'><strong>rursus</strong></span> <span class='ocrx_word' id='word_1_422' title='bbox 2071 3069 2230 3132; x_wconf 86' lang='lat' dir='ltr'><strong>mori,-</strong></span> <span class='ocrx_word' id='word_1_423' title='bbox 2265 3069 2499 3124; x_wconf 73' lang='lat' dir='ltr'><strong>luCrum.</strong></span> <span class='ocrx_word' id='word_1_424' title='bbox 2535 3067 2613 3121; x_wconf 87' lang='lat' dir='ltr'><strong>Tu</strong></span> <span class='ocrx_word' id='word_1_425' title='bbox 2651 3076 2829 3119; x_wconf 85' lang='lat' dir='ltr'><strong>autem</strong></span> <span class='ocrx_word' id='word_1_426' title='bbox 2859 3065 2995 3118; x_wconf 84' lang='lat' dir='ltr'><strong>nihil</strong></span> <span class='ocrx_word' id='word_1_427' title='bbox 3028 3065 3133 3118; x_wconf 77' lang='lat' dir='ltr'><strong>tale</strong></span> <span class='ocrx_word' id='word_1_428' title='bbox 3169 3063 3414 3131; x_wconf 75' lang='lat' dir='ltr'><strong>potueris</strong></span> 
     </span>
    </p>
   </div>
   <div class='ocr_carea' id='block_1_62' title="bbox 169 3145 1738 3227">
    <p class='ocr_par' dir='ltr' id='par_1_62' title="bbox 169 3145 1738 3227">
     <span class='ocr_line' id='line_1_62' title="bbox 169 3145 1738 3227; baseline 0.017 -31"><span class='ocrx_word' id='word_1_429' title='bbox 169 3145 322 3214; x_wconf 70' lang='grc' dir='ltr'>ἔχοις</span> <span class='ocrx_word' id='word_1_430' title='bbox 346 3167 396 3202; x_wconf 90' lang='grc' dir='ltr'>τι</span> <span class='ocrx_word' id='word_1_431' title='bbox 423 3156 513 3206; x_wconf 83' lang='grc' dir='ltr'>καὶ</span> <span class='ocrx_word' id='word_1_432' title='bbox 536 3156 696 3217; x_wconf 72' lang='grc' dir='ltr'>αὐτὸς</span> <span class='ocrx_word' id='word_1_433' title='bbox 726 3160 966 3212; x_wconf 74' lang='grc' dir='ltr'>τοιοῦτον</span> <span class='ocrx_word' id='word_1_434' title='bbox 989 3179 1051 3214; x_wconf 87' lang='grc' dir='ltr'><strong>πε</strong></span> <span class='ocrx_word' id='word_1_435' title='bbox 1063 3166 1109 3227; x_wconf 74' lang='grc' dir='ltr'>οἱ</span> <span class='ocrx_word' id='word_1_436' title='bbox 1146 3164 1252 3216; x_wconf 83' lang='grc' dir='ltr'><strong>τῶν</strong></span> <span class='ocrx_word' id='word_1_437' title='bbox 1271 3167 1485 3220; x_wconf 79' lang='grc' dir='ltr'>ο“κεέων</span> <span class='ocrx_word' id='word_1_438' title='bbox 1507 3167 1738 3221; x_wconf 77' lang='grc' dir='ltr'><strong>εἰδώλων</strong></span> 
     </span>
    </p>
   </div>
   <div class='ocr_carea' id='block_1_63' title="bbox 1833 3145 3409 3227">
    <p class='ocr_par' dir='ltr' id='par_1_63' title="bbox 1844 3156 3409 3215">
     <span class='ocr_line' id='line_1_63' title="bbox 1844 3156 3409 3215; baseline -0.004 0"><span class='ocrx_word' id='word_1_439' title='bbox 1844 3162 2026 3215; x_wconf 84' lang='lat' dir='ltr'><strong>dicere</strong></span> <span class='ocrx_word' id='word_1_440' title='bbox 2060 3163 2128 3215; x_wconf 92' lang='lat' dir='ltr'><strong>de</strong></span> <span class='ocrx_word' id='word_1_441' title='bbox 2153 3161 2259 3214; x_wconf 90' lang='lat' dir='ltr'><strong>tuis</strong></span> <span class='ocrx_word' id='word_1_442' title='bbox 2298 3159 2625 3214; x_wconf 86' lang='lat' dir='ltr'><strong>simulacris.</strong></span> <span class='ocrx_word' id='word_1_443' title='bbox 2667 3156 2802 3212; x_wconf 84' lang='lat' dir='ltr'><strong>Vere</strong></span> <span class='ocrx_word' id='word_1_444' title='bbox 2861 3159 3004 3210; x_wconf 89' lang='lat' dir='ltr'><strong>enim</strong></span> <span class='ocrx_word' id='word_1_445' title='bbox 3071 3166 3196 3211; x_wconf 89' lang='lat' dir='ltr'><strong>sunt</strong></span> <span class='ocrx_word' id='word_1_446' title='bbox 3235 3175 3252 3207; x_wconf 79' lang='grc' dir='ltr'><strong>ι</strong></span> <span class='ocrx_word' id='word_1_447' title='bbox 3322 3171 3409 3208; x_wconf 92' lang='lat' dir='ltr'><strong>ar-</strong></span> 
     </span>
    </p>
   </div>
   <div class='ocr_carea' id='block_1_64' title="bbox 166 3239 1734 3331">
    <p class='ocr_par' dir='ltr' id='par_1_64' title="bbox 166 3239 1734 3331">
     <span class='ocr_line' id='line_1_64' title="bbox 166 3239 1734 3331; baseline 0.017 -42"><span class='ocrx_word' id='word_1_448' title='bbox 166 3239 374 3296; x_wconf 80' lang='grc' dir='ltr'><strong>εξπεῖν.</strong></span> <span class='ocrx_word' id='word_1_449' title='bbox 415 3243 652 3311; x_wconf 74' lang='grc' dir='ltr'><strong>Ἀληθῶς</strong></span> <span class='ocrx_word' id='word_1_450' title='bbox 679 3249 785 3316; x_wconf 85' lang='grc' dir='ltr'><strong>γάρ</strong></span> <span class='ocrx_word' id='word_1_451' title='bbox 803 3244 1062 3320; x_wconf 68' lang='grc' dir='ltr'>ἀργύριον</span> <span class='ocrx_word' id='word_1_452' title='bbox 1082 3258 1187 3306; x_wconf 86' lang='grc' dir='ltr'>εἱσι</span> <span class='ocrx_word' id='word_1_453' title='bbox 1219 3259 1310 3310; x_wconf 79' lang='grc' dir='ltr'><strong>καὶ</strong></span> <span class='ocrx_word' id='word_1_454' title='bbox 1338 3263 1557 3328; x_wconf 76' lang='grc' dir='ltr'>χρυσῖον</span> <span class='ocrx_word' id='word_1_455' title='bbox 1579 3260 1734 3331; x_wconf 76' lang='grc' dir='ltr'>ἔργα,</span> 
     </span>
    </p>
   </div>
   <div class='ocr_carea' id='block_1_65' title="bbox 168 3334 1737 3417">
    <p class='ocr_par' dir='ltr' id='par_1_65' title="bbox 168 3334 1737 3417">
     <span class='ocr_line' id='line_1_65' title="bbox 168 3334 1737 3417; baseline 0.017 -38"><span class='ocrx_word' id='word_1_456' title='bbox 168 3334 382 3400; x_wconf 75' lang='grc' dir='ltr'><strong>χειρῶν</strong></span> <span class='ocrx_word' id='word_1_457' title='bbox 414 3335 737 3406; x_wconf 75' lang='grc' dir='ltr'>ἀνθρώπων,</span> <span class='ocrx_word' id='word_1_458' title='bbox 763 3343 916 3393; x_wconf 73' lang='grc' dir='ltr'>οὐδὲν</span> <span class='ocrx_word' id='word_1_459' title='bbox 942 3346 1067 3408; x_wconf 78' lang='grc' dir='ltr'>τοὺς</span> <span class='ocrx_word' id='word_1_460' title='bbox 1097 3349 1176 3409; x_wconf 83' lang='grc' dir='ltr'><strong>εἰς</strong></span> <span class='ocrx_word' id='word_1_461' title='bbox 1222 3349 1360 3402; x_wconf 72' lang='grc' dir='ltr'>αὑτά</span> <span class='ocrx_word' id='word_1_462' title='bbox 1410 3353 1737 3417; x_wconf 78' lang='grc' dir='ltr'><strong>πεποιθότας</strong></span> 
     </span>
    </p>
   </div>
   <div class='ocr_carea' id='block_1_66' title="bbox 165 3426 1739 3513">
    <p class='ocr_par' dir='ltr' id='par_1_66' title="bbox 165 3426 1739 3513">
     <span class='ocr_line' id='line_1_66' title="bbox 165 3426 1739 3513; baseline 0.015 -37"><span class='ocrx_word' id='word_1_463' title='bbox 165 3426 384 3492; x_wconf 71' lang='grc' dir='ltr'>ὼνὴσαι</span> <span class='ocrx_word' id='word_1_464' title='bbox 415 3427 710 3499; x_wconf 79' lang='grc' dir='ltr'>δυνάμενα.</span> <span class='ocrx_word' id='word_1_465' title='bbox 749 3433 965 3502; x_wconf 75' lang='grc' dir='ltr'>Ὅμοιοι</span> <span class='ocrx_word' id='word_1_466' title='bbox 991 3439 1173 3502; x_wconf 72' lang='grc' dir='ltr'>αὐτοῖς</span> <span class='ocrx_word' id='word_1_467' title='bbox 1197 3445 1436 3510; x_wconf 75' lang='grc' dir='ltr'><strong>γένοιντο</strong></span> <span class='ocrx_word' id='word_1_468' title='bbox 1459 3447 1507 3497; x_wconf 81' lang='grc' dir='ltr'>οἱ</span> <span class='ocrx_word' id='word_1_469' title='bbox 1537 3447 1739 3513; x_wconf 83' lang='grc' dir='ltr'>τιμῶν-</span> 
     </span>
    </p>
   </div>
   <div class='ocr_carea' id='block_1_67' title="bbox 164 3518 1596 3599">
    <p class='ocr_par' dir='ltr' id='par_1_67' title="bbox 164 3518 1596 3599">
     <span class='ocr_line' id='line_1_67' title="bbox 164 3518 1596 3599; baseline 0.017 -34"><span class='ocrx_word' id='word_1_470' title='bbox 164 3531 265 3578; x_wconf 83' lang='grc' dir='ltr'><strong>τες</strong></span> <span class='ocrx_word' id='word_1_471' title='bbox 299 3518 460 3582; x_wconf 68' lang='grc' dir='ltr'>αὑτά,</span> <span class='ocrx_word' id='word_1_472' title='bbox 496 3522 588 3573; x_wconf 74' lang='grc' dir='ltr'><strong>καὶ</strong></span> <span class='ocrx_word' id='word_1_473' title='bbox 619 3523 816 3587; x_wconf 86' lang='grc' dir='ltr'>πάντες</span> <span class='ocrx_word' id='word_1_474' title='bbox 843 3528 890 3577; x_wconf 80' lang='grc' dir='ltr'>οἱ</span> <span class='ocrx_word' id='word_1_475' title='bbox 930 3529 1246 3594; x_wconf 72' lang='grc' dir='ltr'><strong>πεποιθότες</strong></span> <span class='ocrx_word' id='word_1_476' title='bbox 1275 3535 1362 3584; x_wconf 81' lang='grc' dir='ltr'><strong>ἐπ’</strong></span> <span class='ocrx_word' id='word_1_477' title='bbox 1389 3536 1596 3599; x_wconf 76' lang='grc' dir='ltr'>αὐτοῖς.</span> 
     </span>
    </p>
   </div>
   <div class='ocr_carea' id='block_1_68' title="bbox 243 3606 1732 3695">
    <p class='ocr_par' dir='ltr' id='par_1_68' title="bbox 243 3606 1732 3695">
     <span class='ocr_line' id='line_1_68' title="bbox 243 3606 1732 3695; baseline 0.014 -35"><span class='ocrx_word' id='word_1_478' title='bbox 243 3606 344 3662; x_wconf 77' lang='grc' dir='ltr'><strong>η’.</strong></span> <span class='ocrx_word' id='word_1_479' title='bbox 379 3609 437 3660; x_wconf 81' lang='grc'><strong>’0</strong></span> <span class='ocrx_word' id='word_1_480' title='bbox 453 3611 774 3676; x_wconf 72' lang='grc' dir='ltr'><strong>δοὺξ-τοίνυν</strong></span> <span class='ocrx_word' id='word_1_481' title='bbox 801 3620 1024 3672; x_wconf 78' lang='grc' dir='ltr'>τοιαῦτα</span> <span class='ocrx_word' id='word_1_482' title='bbox 1043 3622 1287 3690; x_wconf 64' lang='grc' dir='ltr'>φανερῶς</span> <span class='ocrx_word' id='word_1_483' title='bbox 1308 3625 1732 3695; x_wconf 69' lang='grc' dir='ltr'><strong>φθεγξαμένους,</strong></span> 
     </span>
    </p>
   </div>
   <div class='ocr_carea' id='block_1_69' title="bbox 162 3702 1732 3788">
    <p class='ocr_par' dir='ltr' id='par_1_69' title="bbox 162 3702 1732 3788">
     <span class='ocr_line' id='line_1_69' title="bbox 162 3702 1732 3788; baseline 0.013 -36"><span class='ocrx_word' id='word_1_484' title='bbox 162 3703 266 3753; x_wconf 69' lang='grc' dir='ltr'><strong>καὶ</strong></span> <span class='ocrx_word' id='word_1_485' title='bbox 299 3702 468 3764; x_wconf 75' lang='grc' dir='ltr'>οὕτως</span> <span class='ocrx_word' id='word_1_486' title='bbox 499 3706 822 3776; x_wconf 67' lang='grc' dir='ltr'>ἐλευθερίως</span> <span class='ocrx_word' id='word_1_487' title='bbox 857 3712 1080 3778; x_wconf 78' lang='grc' dir='ltr'>ἔχοντας</span> <span class='ocrx_word' id='word_1_488' title='bbox 1113 3716 1244 3778; x_wconf 80' lang='grc' dir='ltr'>τοὺς</span> <span class='ocrx_word' id='word_1_489' title='bbox 1277 3722 1555 3783; x_wconf 77' lang='grc' dir='ltr'>γενναίους</span> <span class='ocrx_word' id='word_1_490' title='bbox 1589 3721 1732 3788; x_wconf 85' lang='grc' dir='ltr'><strong>ἰδὼν,</strong></span> 
     </span>
    </p>
   </div>
   <div class='ocr_carea' id='block_1_70' title="bbox 162 3793 1731 3878">
    <p class='ocr_par' dir='ltr' id='par_1_70' title="bbox 162 3793 1731 3878">
     <span class='ocr_line' id='line_1_70' title="bbox 162 3793 1731 3878; baseline 0.016 -36"><span class='ocrx_word' id='word_1_491' title='bbox 162 3794 266 3842; x_wconf 79' lang='grc' dir='ltr'><strong>καὶ</strong></span> <span class='ocrx_word' id='word_1_492' title='bbox 302 3794 460 3856; x_wconf 71' lang='grc' dir='ltr'>γνοὺς</span> <span class='ocrx_word' id='word_1_493' title='bbox 495 3793 568 3857; x_wconf 83' lang='grc' dir='ltr'>ὡς</span> <span class='ocrx_word' id='word_1_494' title='bbox 600 3797 699 3848; x_wconf 64' lang='grc' dir='ltr'><strong>οὐκ</strong></span> <span class='ocrx_word' id='word_1_495' title='bbox 727 3799 790 3851; x_wconf 86' lang='grc' dir='ltr'><strong>ἄν</strong></span> <span class='ocrx_word' id='word_1_496' title='bbox 820 3817 946 3852; x_wconf 84' lang='grc' dir='ltr'>ποτε</span> <span class='ocrx_word' id='word_1_497' title='bbox 976 3803 1148 3870; x_wconf 67' lang='grc' dir='ltr'>λόγοις</span> <span class='ocrx_word' id='word_1_498' title='bbox 1181 3807 1379 3870; x_wconf 71' lang='grc' dir='ltr'>αὐτοὺς</span> <span class='ocrx_word' id='word_1_499' title='bbox 1405 3818 1731 3878; x_wconf 77' lang='grc' dir='ltr'>μεταπεῖσαι</span> 
     </span>
    </p>
   </div>
   <div class='ocr_carea' id='block_1_71' title="bbox 159 3883 1732 3974">
    <p class='ocr_par' dir='ltr' id='par_1_71' title="bbox 159 3883 1732 3974">
     <span class='ocr_line' id='line_1_71' title="bbox 159 3883 1732 3974; baseline 0.019 -44"><span class='ocrx_word' id='word_1_500' title='bbox 159 3883 422 3956; x_wconf 72' lang='grc' dir='ltr'><strong>δυνηθείη</strong></span> <span class='ocrx_word' id='word_1_501' title='bbox 459 3890 592 3958; x_wconf 83' lang='grc' dir='ltr'>πρὸς</span> <span class='ocrx_word' id='word_1_502' title='bbox 625 3889 720 3960; x_wconf 82' lang='grc' dir='ltr'><strong>τὴν</strong></span> <span class='ocrx_word' id='word_1_503' title='bbox 746 3890 832 3944; x_wconf 71' lang='grc' dir='ltr'><strong>διὰ</strong></span> <span class='ocrx_word' id='word_1_504' title='bbox 867 3892 1114 3962; x_wconf 80' lang='grc' dir='ltr'>βασάνων</span> <span class='ocrx_word' id='word_1_505' title='bbox 1152 3902 1346 3966; x_wconf 81' lang='grc' dir='ltr'>πεῖραν</span> <span class='ocrx_word' id='word_1_506' title='bbox 1382 3902 1608 3974; x_wconf 78' lang='grc' dir='ltr'><strong>ἐχώρει·</strong></span> <span class='ocrx_word' id='word_1_507' title='bbox 1642 3909 1732 3960; x_wconf 73' lang='grc' dir='ltr'><strong>καὶ</strong></span> 
     </span>
    </p>
   </div>
   <div class='ocr_carea' id='block_1_72' title="bbox 158 3976 1733 4072">
    <p class='ocr_par' dir='ltr' id='par_1_72' title="bbox 158 3976 1733 4072">
     <span class='ocr_line' id='line_1_72' title="bbox 158 3976 1733 4072; baseline 0.017 -44"><span class='ocrx_word' id='word_1_508' title='bbox 158 3976 260 4028; x_wconf 70' lang='grc' dir='ltr'><strong>τὸν</strong></span> <span class='ocrx_word' id='word_1_509' title='bbox 309 3980 409 4048; x_wconf 87' lang='grc' dir='ltr'><strong>μὲν</strong></span> <span class='ocrx_word' id='word_1_510' title='bbox 466 3987 735 4053; x_wconf 76' lang='grc' dir='ltr'>μακάριον</span> <span class='ocrx_word' id='word_1_511' title='bbox 788 3989 1016 4058; x_wconf 80' lang='grc' dir='ltr'>Σέργιον</span> <span class='ocrx_word' id='word_1_512' title='bbox 1071 3991 1454 4067; x_wconf 71' lang='grc' dir='ltr'>ἀσφαλεστάτη</span> <span class='ocrx_word' id='word_1_513' title='bbox 1519 4003 1733 4072; x_wconf 77' lang='grc' dir='ltr'>φρουρᾷ</span> 
     </span>
    </p>
   </div>
   <div class='ocr_carea' id='block_1_73' title="bbox 139 4075 1730 4162">
    <p class='ocr_par' dir='ltr' id='par_1_73' title="bbox 139 4075 1730 4162">
     <span class='ocr_line' id='line_1_73' title="bbox 139 4075 1730 4162; baseline 0.015 -40"><span class='ocrx_word' id='word_1_514' title='bbox 139 4075 459 4154; x_wconf 23' lang='grc' dir='ltr'>,παρεδίδου</span> <span class='ocrx_word' id='word_1_515' title='bbox 520 4078 695 4147; x_wconf 82' lang='grc' dir='ltr'>τούτῳ</span> <span class='ocrx_word' id='word_1_516' title='bbox 757 4082 919 4150; x_wconf 74' lang='grc' dir='ltr'><strong>δῆθεν</strong></span> <span class='ocrx_word' id='word_1_517' title='bbox 978 4085 1342 4155; x_wconf 74' lang='grc' dir='ltr'>ἀμειϐόμενος</span> <span class='ocrx_word' id='word_1_518' title='bbox 1416 4092 1578 4144; x_wconf 77' lang='grc' dir='ltr'>αὐτὸν</span> <span class='ocrx_word' id='word_1_519' title='bbox 1632 4096 1730 4162; x_wconf 78' lang='grc' dir='ltr'>τῆς</span> 
     </span>
    </p>
   </div>
   <div class='ocr_carea' id='block_1_74' title="bbox 156 4163 1730 4254">
    <p class='ocr_par' dir='ltr' id='par_1_74' title="bbox 156 4167 1730 4254">
     <span class='ocr_line' id='line_1_74' title="bbox 156 4167 1730 4254; baseline 0.013 -36"><span class='ocrx_word' id='word_1_520' title='bbox 156 4167 491 4247; x_wconf 73' lang='grc' dir='ltr'>εὐεργεσίας</span> <span class='ocrx_word' id='word_1_521' title='bbox 524 4183 541 4200; x_wconf 75' lang='grc' dir='ltr'><strong>ο</strong></span> <span class='ocrx_word' id='word_1_522' title='bbox 570 4172 661 4223; x_wconf 79' lang='grc' dir='ltr'>τὸν</span> <span class='ocrx_word' id='word_1_523' title='bbox 701 4173 907 4242; x_wconf 78' lang='grc' dir='ltr'>Βάκχον</span> <span class='ocrx_word' id='word_1_524' title='bbox 936 4177 994 4230; x_wconf 81' lang='grc' dir='ltr'><strong>δὲ</strong></span> <span class='ocrx_word' id='word_1_525' title='bbox 1040 4178 1128 4231; x_wconf 81' lang='grc' dir='ltr'><strong>διά</strong></span> <span class='ocrx_word' id='word_1_526' title='bbox 1158 4183 1440 4251; x_wconf 75' lang='grc' dir='ltr'>τεσσάρων</span> <span class='ocrx_word' id='word_1_527' title='bbox 1488 4188 1730 4254; x_wconf 84' lang='grc' dir='ltr'><strong>ἰσχυρῶς</strong></span> 
     </span>
    </p>
   </div>
   <div class='ocr_carea' id='block_1_75' title="bbox 158 4259 1722 4338">
    <p class='ocr_par' dir='ltr' id='par_1_75' title="bbox 158 4259 1722 4338">
     <span class='ocr_line' id='line_1_75' title="bbox 158 4259 1722 4338; baseline 0.015 -29"><span class='ocrx_word' id='word_1_528' title='bbox 158 4259 486 4324; x_wconf 79' lang='grc' dir='ltr'>ἐκταθέντα,</span> <span class='ocrx_word' id='word_1_529' title='bbox 519 4261 830 4334; x_wconf 80' lang='grc' dir='ltr'>βουνεύροις</span> <span class='ocrx_word' id='word_1_530' title='bbox 856 4267 1020 4333; x_wconf 82' lang='grc' dir='ltr'>ὠμῶς</span> <span class='ocrx_word' id='word_1_531' title='bbox 1047 4271 1262 4324; x_wconf 79' lang='grc' dir='ltr'>ἐκέλευε</span> <span class='ocrx_word' id='word_1_532' title='bbox 1285 4273 1722 4338; x_wconf 74' lang='grc' dir='ltr'>καταξαίνεσοαι.</span> 
     </span>
    </p>
   </div>
   <div class='ocr_carea' id='block_1_76' title="bbox 173 4351 1722 4441">
    <p class='ocr_par' dir='ltr' id='par_1_76' title="bbox 173 4351 1722 4441">
     <span class='ocr_line' id='line_1_76' title="bbox 173 4351 1722 4441; baseline 0.016 -40"><span class='ocrx_word' id='word_1_533' title='bbox 173 4353 323 4404; x_wconf 76' lang='grc' dir='ltr'><strong>Ἀλλ’</strong></span> <span class='ocrx_word' id='word_1_534' title='bbox 355 4351 421 4423; x_wconf 84' lang='grc' dir='ltr'>ἦν</span> <span class='ocrx_word' id='word_1_535' title='bbox 454 4355 581 4408; x_wconf 78' lang='grc' dir='ltr'>ἰδεῖν</span> <span class='ocrx_word' id='word_1_536' title='bbox 616 4358 841 4428; x_wconf 76' lang='grc' dir='ltr'>γνώμην</span> <span class='ocrx_word' id='word_1_537' title='bbox 870 4359 1051 4428; x_wconf 74' lang='grc' dir='ltr'>πολλῷ</span> <span class='ocrx_word' id='word_1_538' title='bbox 1083 4362 1299 4427; x_wconf 73' lang='grc' dir='ltr'>φύσεως</span> <span class='ocrx_word' id='word_1_539' title='bbox 1346 4370 1722 4441; x_wconf 71' lang='grc' dir='ltr'><strong>ἰσχυροτέραν,</strong></span> 
     </span>
    </p>
   </div>
   <div class='ocr_carea' id='block_1_77' title="bbox 158 4448 1718 4532">
    <p class='ocr_par' dir='ltr' id='par_1_77' title="bbox 158 4448 1718 4532">
     <span class='ocr_line' id='line_1_77' title="bbox 158 4448 1718 4532; baseline 0.012 -36"><span class='ocrx_word' id='word_1_540' title='bbox 158 4448 259 4497; x_wconf 60' lang='grc' dir='ltr'><strong>καὶ</strong></span> <span class='ocrx_word' id='word_1_541' title='bbox 297 4448 614 4517; x_wconf 77' lang='grc' dir='ltr'>προαίρεσιν</span> <span class='ocrx_word' id='word_1_542' title='bbox 646 4451 965 4525; x_wconf 72' lang='grc' dir='ltr'>σωματικῆς</span> <span class='ocrx_word' id='word_1_543' title='bbox 997 4455 1176 4523; x_wconf 77' lang='grc' dir='ltr'>πάσης</span> <span class='ocrx_word' id='word_1_544' title='bbox 1207 4456 1324 4525; x_wconf 80' lang='grc' dir='ltr'>βίας</span> <span class='ocrx_word' id='word_1_545' title='bbox 1359 4459 1718 4532; x_wconf 59' lang='grc' dir='ltr'>ὑψηλοτέραν.</span> 
     </span>
    </p>
   </div>
   <div class='ocr_carea' id='block_1_78' title="bbox 1847 3249 3408 3326">
    <p class='ocr_par' dir='ltr' id='par_1_78' title="bbox 1847 3249 3408 3326">
     <span class='ocr_line' id='line_1_78' title="bbox 1847 3249 3408 3326; baseline -0.004 -18"><span class='ocrx_word' id='word_1_546' title='bbox 1847 3262 2064 3326; x_wconf 82' lang='lat' dir='ltr'><strong>gentum</strong></span> <span class='ocrx_word' id='word_1_547' title='bbox 2095 3261 2148 3305; x_wconf 88' lang='lat' dir='ltr'><strong>et</strong></span> <span class='ocrx_word' id='word_1_548' title='bbox 2173 3267 2385 3313; x_wconf 85' lang='lat' dir='ltr'><strong>aurum,</strong></span> <span class='ocrx_word' id='word_1_549' title='bbox 2417 3267 2583 3320; x_wconf 81' lang='lat' dir='ltr'><strong>opera</strong></span> <span class='ocrx_word' id='word_1_550' title='bbox 2611 3266 2863 3304; x_wconf 86' lang='lat' dir='ltr'><strong>manuum</strong></span> <span class='ocrx_word' id='word_1_551' title='bbox 2889 3249 3261 3313; x_wconf 65' lang='lat' dir='ltr'><strong>hominum&#39;,»</strong></span> <span class='ocrx_word' id='word_1_552' title='bbox 3289 3263 3408 3315; x_wconf 66' lang='lat' dir='ltr'><strong>qua</strong></span> 
     </span>
    </p>
   </div>
   <div class='ocr_carea' id='block_1_79' title="bbox 1845 3338 3407 3413">
    <p class='ocr_par' dir='ltr' id='par_1_79' title="bbox 1845 3338 3407 3413">
     <span class='ocr_line' id='line_1_79' title="bbox 1845 3338 3407 3413; baseline -0.006 -15"><span class='ocrx_word' id='word_1_553' title='bbox 1845 3344 1982 3398; x_wconf 87' lang='lat' dir='ltr'><strong>nihil</strong></span> <span class='ocrx_word' id='word_1_554' title='bbox 2025 3353 2253 3412; x_wconf 85' lang='lat' dir='ltr'><strong>possunt</strong></span> <span class='ocrx_word' id='word_1_555' title='bbox 2273 3343 2528 3413; x_wconf 80' lang='lat' dir='ltr'><strong>prodesse</strong></span> <span class='ocrx_word' id='word_1_556' title='bbox 2558 3342 2644 3404; x_wconf 85' lang='lat' dir='ltr'><strong>iis,</strong></span> <span class='ocrx_word' id='word_1_557' title='bbox 2674 3342 2765 3410; x_wconf 88' lang='lat' dir='ltr'><strong>qui</strong></span> <span class='ocrx_word' id='word_1_558' title='bbox 2795 3341 2846 3392; x_wconf 90' lang='lat' dir='ltr'><strong>in</strong></span> <span class='ocrx_word' id='word_1_559' title='bbox 2873 3340 3004 3406; x_wconf 89' lang='lat' dir='ltr'><strong>ipsis</strong></span> <span class='ocrx_word' id='word_1_560' title='bbox 3027 3354 3180 3392; x_wconf 87' lang='lat' dir='ltr'><strong>suam</strong></span> <span class='ocrx_word' id='word_1_561' title='bbox 3237 3338 3407 3397; x_wconf 89' lang='lat' dir='ltr'><strong>collo-</strong></span> 
     </span>
    </p>
   </div>
   <div class='ocr_carea' id='block_1_80' title="bbox 1843 3431 3403 3502">
    <p class='ocr_par' dir='ltr' id='par_1_80' title="bbox 1843 3431 3403 3502">
     <span class='ocr_line' id='line_1_80' title="bbox 1843 3431 3403 3502; baseline -0.006 -9"><span class='ocrx_word' id='word_1_562' title='bbox 1843 3449 2039 3493; x_wconf 90' lang='lat' dir='ltr'><strong>carunt</strong></span> <span class='ocrx_word' id='word_1_563' title='bbox 2061 3436 2333 3490; x_wconf 83' lang='lat' dir='ltr'><strong>fiduciam.</strong></span> <span class='ocrx_word' id='word_1_564' title='bbox 2376 3433 2594 3489; x_wconf 88' lang='lat' dir='ltr'><strong>Similes</strong></span> <span class='ocrx_word' id='word_1_565' title='bbox 2621 3448 2748 3502; x_wconf 78' lang='lat' dir='ltr'><strong>ergo</strong></span> <span class='ocrx_word' id='word_1_566' title='bbox 2781 3433 2862 3486; x_wconf 88' lang='lat' dir='ltr'><strong>eis</strong></span> <span class='ocrx_word' id='word_1_567' title='bbox 2890 3434 3021 3486; x_wconf 83' lang='lat' dir='ltr'><strong>fiant</strong></span> <span class='ocrx_word' id='word_1_568' title='bbox 3054 3432 3111 3496; x_wconf 89' lang='lat' dir='ltr'><strong>ii,</strong></span> <span class='ocrx_word' id='word_1_569' title='bbox 3134 3431 3226 3500; x_wconf 90' lang='lat' dir='ltr'><strong>qui</strong></span> <span class='ocrx_word' id='word_1_570' title='bbox 3290 3431 3403 3500; x_wconf 84' lang='lat' dir='ltr'><strong>ipsa</strong></span> 
     </span>
    </p>
   </div>
   <div class='ocr_carea' id='block_1_81' title="bbox 1843 3527 3022 3597">
    <p class='ocr_par' dir='ltr' id='par_1_81' title="bbox 1843 3527 3022 3597">
     <span class='ocr_line' id='line_1_81' title="bbox 1843 3527 3022 3597; baseline -0.003 -14"><span class='ocrx_word' id='word_1_571' title='bbox 1843 3531 2046 3592; x_wconf 89' lang='lat' dir='ltr'><strong>colunt,</strong></span> <span class='ocrx_word' id='word_1_572' title='bbox 2081 3539 2132 3582; x_wconf 87' lang='lat' dir='ltr'><strong>et</strong></span> <span class='ocrx_word' id='word_1_573' title='bbox 2161 3533 2375 3582; x_wconf 86' lang='lat' dir='ltr'><strong>omnes</strong></span> <span class='ocrx_word' id='word_1_574' title='bbox 2404 3528 2494 3597; x_wconf 87' lang='lat' dir='ltr'><strong>qui</strong></span> <span class='ocrx_word' id='word_1_575' title='bbox 2527 3528 2805 3582; x_wconf 83' lang='lat' dir='ltr'><strong>confidunt</strong></span> <span class='ocrx_word' id='word_1_576' title='bbox 2837 3528 2889 3580; x_wconf 93' lang='lat' dir='ltr'><strong>in</strong></span> <span class='ocrx_word' id='word_1_577' title='bbox 2920 3527 3022 3580; x_wconf 87' lang='lat' dir='ltr'><strong>eis.</strong></span> 
     </span>
    </p>
   </div>
   <div class='ocr_carea' id='block_1_82' title="bbox 1916 3616 3401 3688">
    <p class='ocr_par' dir='ltr' id='par_1_82' title="bbox 1916 3616 3401 3688">
     <span class='ocr_line' id='line_1_82' title="bbox 1916 3616 3401 3688; baseline -0.001 -16"><span class='ocrx_word' id='word_1_578' title='bbox 1916 3620 2049 3672; x_wconf 83' lang='lat' dir='ltr'><strong>XIII.</strong></span> <span class='ocrx_word' id='word_1_579' title='bbox 2087 3621 2220 3673; x_wconf 88' lang='lat' dir='ltr'><strong>Cum</strong></span> <span class='ocrx_word' id='word_1_580' title='bbox 2243 3636 2368 3688; x_wconf 79' lang='lat' dir='ltr'><strong>ergo</strong></span> <span class='ocrx_word' id='word_1_581' title='bbox 2386 3621 2491 3673; x_wconf 83' lang='lat' dir='ltr'><strong>dux</strong></span> <span class='ocrx_word' id='word_1_582' title='bbox 2522 3620 2746 3672; x_wconf 78' lang='lat' dir='ltr'><strong>vidisset</strong></span> <span class='ocrx_word' id='word_1_583' title='bbox 2789 3633 2882 3672; x_wconf 88' lang='lat' dir='ltr'><strong>eos</strong></span> <span class='ocrx_word' id='word_1_584' title='bbox 2930 3626 3037 3670; x_wconf 85' lang='lat' dir='ltr'><strong>tam</strong></span> <span class='ocrx_word' id='word_1_585' title='bbox 3094 3627 3282 3685; x_wconf 88' lang='lat' dir='ltr'><strong>aperte</strong></span> <span class='ocrx_word' id='word_1_586' title='bbox 3321 3616 3401 3670; x_wconf 87' lang='lat' dir='ltr'><strong>Io-</strong></span> 
     </span>
    </p>
   </div>
   <div class='ocr_carea' id='block_1_83' title="bbox 1842 3708 3400 3781">
    <p class='ocr_par' dir='ltr' id='par_1_83' title="bbox 1842 3708 3400 3781">
     <span class='ocr_line' id='line_1_83' title="bbox 1842 3708 3400 3781; baseline -0.002 -15"><span class='ocrx_word' id='word_1_587' title='bbox 1842 3717 2016 3776; x_wconf 78' lang='lat' dir='ltr'><strong>cntos,</strong></span> <span class='ocrx_word' id='word_1_588' title='bbox 2047 3721 2300 3781; x_wconf 85' lang='lat' dir='ltr'><strong>tantaque</strong></span> <span class='ocrx_word' id='word_1_589' title='bbox 2322 3726 2441 3766; x_wconf 90' lang='lat' dir='ltr'><strong>esse</strong></span> <span class='ocrx_word' id='word_1_590' title='bbox 2508 3711 2763 3781; x_wconf 70' lang='lat' dir='ltr'><strong>praeditos</strong></span> <span class='ocrx_word' id='word_1_591' title='bbox 2831 3710 3080 3765; x_wconf 88' lang='lat' dir='ltr'><strong>libertate</strong></span> <span class='ocrx_word' id='word_1_592' title='bbox 3127 3720 3183 3764; x_wconf 90' lang='lat' dir='ltr'><strong>et</strong></span> <span class='ocrx_word' id='word_1_593' title='bbox 3235 3708 3400 3762; x_wconf 88' lang='lat' dir='ltr'><strong>animi</strong></span> 
     </span>
    </p>
   </div>
   <div class='ocr_carea' id='block_1_84' title="bbox 1841 3802 3402 3874">
    <p class='ocr_par' dir='ltr' id='par_1_84' title="bbox 1841 3802 3402 3874">
     <span class='ocr_line' id='line_1_84' title="bbox 1841 3802 3402 3874; baseline -0.003 -16"><span class='ocrx_word' id='word_1_594' title='bbox 1841 3805 2247 3874; x_wconf 79' lang='lat' dir='ltr'><strong>magnitudine;</strong></span> <span class='ocrx_word' id='word_1_595' title='bbox 2303 3813 2355 3858; x_wconf 88' lang='lat' dir='ltr'><strong>et</strong></span> <span class='ocrx_word' id='word_1_596' title='bbox 2404 3804 2762 3857; x_wconf 74' lang='lat' dir='ltr'><strong>intellexisset</strong></span> <span class='ocrx_word' id='word_1_597' title='bbox 2813 3802 2926 3857; x_wconf 88' lang='lat' dir='ltr'><strong>fieri</strong></span> <span class='ocrx_word' id='word_1_598' title='bbox 2983 3817 3092 3855; x_wconf 89' lang='lat' dir='ltr'><strong>non</strong></span> <span class='ocrx_word' id='word_1_599' title='bbox 3141 3815 3298 3869; x_wconf 86' lang='lat' dir='ltr'><strong>posse</strong></span> <span class='ocrx_word' id='word_1_600' title='bbox 3343 3808 3402 3854; x_wconf 89' lang='lat' dir='ltr'><strong>ut</strong></span> 
     </span>
    </p>
   </div>
   <div class='ocr_carea' id='block_1_85' title="bbox 1838 3894 3400 3964">
    <p class='ocr_par' dir='ltr' id='par_1_85' title="bbox 1838 3894 3400 3964">
     <span class='ocr_line' id='line_1_85' title="bbox 1838 3894 3400 3964; baseline -0.006 -13"><span class='ocrx_word' id='word_1_601' title='bbox 1838 3898 2022 3952; x_wconf 84' lang='lat' dir='ltr'><strong>verbis</strong></span> <span class='ocrx_word' id='word_1_602' title='bbox 2053 3899 2133 3950; x_wconf 77' lang='lat' dir='ltr'><strong>eis</strong></span> <span class='ocrx_word' id='word_1_603' title='bbox 2166 3896 2532 3964; x_wconf 79' lang='lat' dir='ltr'><strong>persuaderet,</strong></span> <span class='ocrx_word' id='word_1_604' title='bbox 2564 3897 2825 3964; x_wconf 83' lang='lat' dir='ltr'><strong>processit</strong></span> <span class='ocrx_word' id='word_1_605' title='bbox 2871 3895 2938 3947; x_wconf 89' lang='lat' dir='ltr'><strong>ad</strong></span> <span class='ocrx_word' id='word_1_606' title='bbox 2981 3894 3280 3962; x_wconf 89' lang='lat' dir='ltr'><strong>periculum</strong></span> <span class='ocrx_word' id='word_1_607' title='bbox 3303 3906 3400 3960; x_wconf 90' lang='lat' dir='ltr'><strong>per</strong></span> 
     </span>
    </p>
   </div>
   <div class='ocr_carea' id='block_1_86' title="bbox 1839 3971 3395 4055">
    <p class='ocr_par' dir='ltr' id='par_1_86' title="bbox 1839 3971 3395 4055">
     <span class='ocr_line' id='line_1_86' title="bbox 1839 3971 3395 4055; baseline -0.006 -8"><span class='ocrx_word' id='word_1_608' title='bbox 1839 4001 2107 4048; x_wconf 87' lang='lat' dir='ltr'><strong>tormenta</strong></span> <span class='ocrx_word' id='word_1_609' title='bbox 2142 3990 2488 4045; x_wconf 87' lang='lat' dir='ltr'><strong>faciendum:</strong></span> <span class='ocrx_word' id='word_1_610' title='bbox 2523 4001 2577 4044; x_wconf 86' lang='lat' dir='ltr'><strong>et</strong></span> <span class='ocrx_word' id='word_1_611' title='bbox 2613 3971 2827 4043; x_wconf 79' lang='lat' dir='ltr'><strong>beatum</strong></span> <span class='ocrx_word' id='word_1_612' title='bbox 2881 3987 3097 4054; x_wconf 87' lang='lat' dir='ltr'><strong>quidem</strong></span> <span class='ocrx_word' id='word_1_613' title='bbox 3149 3985 3395 4055; x_wconf 78' lang='lat' dir='ltr'><strong>Sergium</strong></span> 
     </span>
    </p>
   </div>
   <div class='ocr_carea' id='block_1_87' title="bbox 1837 4082 3400 4150">
    <p class='ocr_par' dir='ltr' id='par_1_87' title="bbox 1837 4082 3400 4150">
     <span class='ocr_line' id='line_1_87' title="bbox 1837 4082 3400 4150; baseline -0.005 -11"><span class='ocrx_word' id='word_1_614' title='bbox 1837 4085 1890 4139; x_wconf 89' lang='lat' dir='ltr'><strong>in</strong></span> <span class='ocrx_word' id='word_1_615' title='bbox 1950 4082 2273 4138; x_wconf 86' lang='lat' dir='ltr'><strong>tutissimam</strong></span> <span class='ocrx_word' id='word_1_616' title='bbox 2335 4083 2552 4136; x_wconf 86' lang='lat' dir='ltr'><strong>tradidit</strong></span> <span class='ocrx_word' id='word_1_617' title='bbox 2615 4082 2940 4146; x_wconf 86' lang='lat' dir='ltr'><strong>custodiam,</strong></span> <span class='ocrx_word' id='word_1_618' title='bbox 2994 4094 3092 4150; x_wconf 90' lang='lat' dir='ltr'><strong>pro</strong></span> <span class='ocrx_word' id='word_1_619' title='bbox 3169 4088 3400 4148; x_wconf 88' lang='lat' dir='ltr'><strong>accepto</strong></span> 
     </span>
    </p>
   </div>
   <div class='ocr_carea' id='block_1_88' title="bbox 1835 4172 3394 4231">
    <p class='ocr_par' dir='ltr' id='par_1_88' title="bbox 1835 4172 3394 4231">
     <span class='ocr_line' id='line_1_88' title="bbox 1835 4172 3394 4231; baseline -0.005 0"><span class='ocrx_word' id='word_1_620' title='bbox 1835 4176 2105 4231; x_wconf 81' lang='lat' dir='ltr'><strong>beneficio</strong></span> <span class='ocrx_word' id='word_1_621' title='bbox 2135 4189 2259 4228; x_wconf 89' lang='lat' dir='ltr'><strong>eum</strong></span> <span class='ocrx_word' id='word_1_622' title='bbox 2296 4174 2377 4228; x_wconf 90' lang='lat' dir='ltr'><strong>sic</strong></span> <span class='ocrx_word' id='word_1_623' title='bbox 2402 4187 2758 4226; x_wconf 80' lang='lat' dir='ltr'><strong>remunerans</strong></span> <span class='ocrx_word' id='word_1_624' title='bbox 2785 4191 2796 4225; x_wconf 89' lang='lat'>:</span> <span class='ocrx_word' id='word_1_625' title='bbox 2833 4172 3099 4227; x_wconf 84' lang='lat' dir='ltr'><strong>Bacchum</strong></span> <span class='ocrx_word' id='word_1_626' title='bbox 3126 4181 3312 4224; x_wconf 85' lang='lat' dir='ltr'><strong>autem</strong></span> <span class='ocrx_word' id='word_1_627' title='bbox 3363 4185 3394 4223; x_wconf 87' lang='lat' dir='ltr'><strong>a</strong></span> 
     </span>
    </p>
   </div>
   <div class='ocr_carea' id='block_1_89' title="bbox 1833 4255 3392 4337">
    <p class='ocr_par' dir='ltr' id='par_1_89' title="bbox 1833 4255 3392 4337">
     <span class='ocr_line' id='line_1_89' title="bbox 1833 4255 3392 4337; baseline -0.004 -15"><span class='ocrx_word' id='word_1_628' title='bbox 1833 4279 2068 4337; x_wconf 88' lang='lat' dir='ltr'><strong>quatuor</strong></span> <span class='ocrx_word' id='word_1_629' title='bbox 2094 4267 2310 4322; x_wconf 76' lang='lat' dir='ltr'><strong>fortiter</strong></span> <span class='ocrx_word' id='word_1_630' title='bbox 2333 4255 2643 4328; x_wconf 71' lang='lat' dir='ltr'><strong>extenSuni,</strong></span> <span class='ocrx_word' id='word_1_631' title='bbox 2664 4262 2832 4328; x_wconf 81' lang='lat' dir='ltr'><strong>boum</strong></span> <span class='ocrx_word' id='word_1_632' title='bbox 2857 4265 3038 4318; x_wconf 78' lang='lat' dir='ltr'><strong>nervis</strong></span> <span class='ocrx_word' id='word_1_633' title='bbox 3074 4264 3235 4334; x_wconf 86' lang='lat' dir='ltr'><strong>jussit</strong></span> <span class='ocrx_word' id='word_1_634' title='bbox 3258 4263 3392 4318; x_wconf 56' lang='lat' dir='ltr'><strong>cadi</strong></span> 
     </span>
    </p>
   </div>
   <div class='ocr_carea' id='block_1_90' title="bbox 1833 4359 3392 4427">
    <p class='ocr_par' dir='ltr' id='par_1_90' title="bbox 1833 4359 3392 4427">
     <span class='ocr_line' id='line_1_90' title="bbox 1833 4359 3392 4427; baseline -0.006 -9"><span class='ocrx_word' id='word_1_635' title='bbox 1833 4362 2144 4418; x_wconf 89' lang='lat' dir='ltr'><strong>crudeliter.</strong></span> <span class='ocrx_word' id='word_1_636' title='bbox 2177 4360 2281 4416; x_wconf 85' lang='lat' dir='ltr'><strong>Sed</strong></span> <span class='ocrx_word' id='word_1_637' title='bbox 2319 4360 2519 4414; x_wconf 87' lang='lat' dir='ltr'><strong>licebat</strong></span> <span class='ocrx_word' id='word_1_638' title='bbox 2557 4359 2739 4412; x_wconf 87' lang='lat' dir='ltr'><strong>videre</strong></span> <span class='ocrx_word' id='word_1_639' title='bbox 2788 4371 3023 4411; x_wconf 85' lang='lat' dir='ltr'><strong>mentem</strong></span> <span class='ocrx_word' id='word_1_640' title='bbox 3087 4359 3243 4427; x_wconf 83' lang='lat' dir='ltr'><strong>longe</strong></span> <span class='ocrx_word' id='word_1_641' title='bbox 3288 4371 3392 4409; x_wconf 80' lang='lat' dir='ltr'><strong>na-</strong></span> 
     </span>
    </p>
   </div>
   <div class='ocr_carea' id='block_1_91' title="bbox 1835 4451 3394 4518">
    <p class='ocr_par' dir='ltr' id='par_1_91' title="bbox 1835 4451 3394 4518">
     <span class='ocr_line' id='line_1_91' title="bbox 1835 4451 3394 4518; baseline -0.004 -4"><span class='ocrx_word' id='word_1_642' title='bbox 1835 4468 1955 4513; x_wconf 86' lang='lat' dir='ltr'><strong>tura</strong></span> <span class='ocrx_word' id='word_1_643' title='bbox 1987 4457 2289 4518; x_wconf 71' lang='lat' dir='ltr'><strong>fortiorem,</strong></span> <span class='ocrx_word' id='word_1_644' title='bbox 2315 4462 2368 4507; x_wconf 89' lang='lat' dir='ltr'><strong>et</strong></span> <span class='ocrx_word' id='word_1_645' title='bbox 2399 4451 2563 4504; x_wconf 82' lang='lat' dir='ltr'><strong>animi</strong></span> <span class='ocrx_word' id='word_1_646' title='bbox 2593 4451 2899 4503; x_wconf 86' lang='lat' dir='ltr'><strong>institutum</strong></span> <span class='ocrx_word' id='word_1_647' title='bbox 2930 4451 2978 4501; x_wconf 75' lang='lat' dir='ltr'><strong>\‘i</strong></span> <span class='ocrx_word' id='word_1_648' title='bbox 3028 4453 3220 4518; x_wconf 76' lang='lat' dir='ltr'><strong>quavis</strong></span> <span class='ocrx_word' id='word_1_649' title='bbox 3268 4467 3394 4507; x_wconf 90' lang='lat' dir='ltr'><strong>cor-</strong></span> 
     </span>
    </p>
   </div>
   <div class='ocr_carea' id='block_1_92' title="bbox 157 4521 1738 4622">
    <p class='ocr_par' dir='ltr' id='par_1_92' title="bbox 157 4539 1725 4620">
     <span class='ocr_line' id='line_1_92' title="bbox 157 4539 1725 4620; baseline 0.009 -27"><span class='ocrx_word' id='word_1_650' title='bbox 157 4539 328 4606; x_wconf 81' lang='grc' dir='ltr'>Μέρη</span> <span class='ocrx_word' id='word_1_651' title='bbox 362 4539 460 4606; x_wconf 79' lang='grc' dir='ltr'><strong>μὲν</strong></span> <span class='ocrx_word' id='word_1_652' title='bbox 508 4541 614 4609; x_wconf 73' lang='grc' dir='ltr'>γὰρ</span> <span class='ocrx_word' id='word_1_653' title='bbox 653 4543 746 4594; x_wconf 78' lang='grc' dir='ltr'>τοῦ</span> <span class='ocrx_word' id='word_1_654' title='bbox 780 4547 1046 4614; x_wconf 81' lang='grc' dir='ltr'>πανσγίου</span> <span class='ocrx_word' id='word_1_655' title='bbox 1082 4548 1329 4618; x_wconf 82' lang='grc' dir='ltr'>σώματος</span> <span class='ocrx_word' id='word_1_656' title='bbox 1366 4552 1574 4604; x_wconf 82' lang='grc' dir='ltr'>ἐκείνου</span> <span class='ocrx_word' id='word_1_657' title='bbox 1609 4559 1725 4620; x_wconf 85' lang='grc' dir='ltr'>τοῖς</span> 
     </span>
    </p>
   </div>
   <div class='ocr_carea' id='block_1_93' title="bbox 1833 4521 3393 4622">
    <p class='ocr_par' dir='ltr' id='par_1_93' title="bbox 1833 4542 3393 4622">
     <span class='ocr_line' id='line_1_93' title="bbox 1833 4542 3393 4622; baseline -0.005 -16"><span class='ocrx_word' id='word_1_658' title='bbox 1833 4554 1980 4622; x_wconf 89' lang='lat' dir='ltr'><strong>poris</strong></span> <span class='ocrx_word' id='word_1_659' title='bbox 2011 4549 2299 4604; x_wconf 78' lang='lat' dir='ltr'><strong>excelsius.</strong></span> <span class='ocrx_word' id='word_1_660' title='bbox 2325 4547 2458 4600; x_wconf 84' lang='lat' dir='ltr'><strong>Nam</strong></span> <span class='ocrx_word' id='word_1_661' title='bbox 2481 4543 2808 4599; x_wconf 84' lang='lat' dir='ltr'><strong>sanctissimi</strong></span> <span class='ocrx_word' id='word_1_662' title='bbox 2841 4542 3056 4610; x_wconf 89' lang='lat' dir='ltr'><strong>quidem</strong></span> <span class='ocrx_word' id='word_1_663' title='bbox 3089 4543 3232 4599; x_wconf 87' lang='lat' dir='ltr'><strong>illius</strong></span> <span class='ocrx_word' id='word_1_664' title='bbox 3273 4561 3393 4600; x_wconf 88' lang='lat' dir='ltr'><strong>cor-</strong></span> 
     </span>
    </p>
   </div>
   <div class='ocr_carea' id='block_1_94' title="bbox 161 4628 1728 4718">
    <p class='ocr_par' dir='ltr' id='par_1_94' title="bbox 161 4628 1728 4718">
     <span class='ocr_line' id='line_1_94' title="bbox 161 4628 1728 4718; baseline 0.004 -36"><span class='ocrx_word' id='word_1_665' title='bbox 161 4628 426 4694; x_wconf 77' lang='grc' dir='ltr'><strong>μάστιξιν</strong></span> <span class='ocrx_word' id='word_1_666' title='bbox 476 4633 870 4702; x_wconf 78' lang='grc' dir='ltr'>ἀποσπώμενα,</span> <span class='ocrx_word' id='word_1_667' title='bbox 930 4641 1062 4706; x_wconf 69' lang='grc' dir='ltr'>πρὸς</span> <span class='ocrx_word' id='word_1_668' title='bbox 1117 4642 1278 4693; x_wconf 70' lang='grc' dir='ltr'>αὑτὸν</span> <span class='ocrx_word' id='word_1_669' title='bbox 1325 4644 1473 4714; x_wconf 54' lang='grc' dir='ltr'>ἀέρα,</span> <span class='ocrx_word' id='word_1_670' title='bbox 1523 4645 1728 4718; x_wconf 69' lang='grc' dir='ltr'><strong>διεῤῥι-</strong></span> 
     </span>
    </p>
   </div>
   <div class='ocr_carea' id='block_1_95' title="bbox 157 4723 1716 4808">
    <p class='ocr_par' dir='ltr' id='par_1_95' title="bbox 157 4723 1716 4808">
     <span class='ocr_line' id='line_1_95' title="bbox 157 4723 1716 4808; baseline 0.012 -33"><span class='ocrx_word' id='word_1_671' title='bbox 157 4723 437 4776; x_wconf 72' lang='grc' dir='ltr'>πτοῦντοο</span> <span class='ocrx_word' id='word_1_672' title='bbox 491 4727 743 4795; x_wconf 63' lang='grc' dir='ltr'>αἱμάτων</span> <span class='ocrx_word' id='word_1_673' title='bbox 779 4728 834 4780; x_wconf 78' lang='grc' dir='ltr'><strong>δὲ</strong></span> <span class='ocrx_word' id='word_1_674' title='bbox 880 4730 1022 4783; x_wconf 68' lang='grc' dir='ltr'>κατὰ</span> <span class='ocrx_word' id='word_1_675' title='bbox 1064 4733 1162 4798; x_wconf 82' lang='grc' dir='ltr'><strong>γῆς</strong></span> <span class='ocrx_word' id='word_1_676' title='bbox 1205 4737 1460 4802; x_wconf 75' lang='grc' dir='ltr'>ἐφέροντο</span> <span class='ocrx_word' id='word_1_677' title='bbox 1495 4739 1716 4808; x_wconf 74' lang='grc' dir='ltr'>ρύακες,</span> 
     </span>
    </p>
   </div>
   <div class='ocr_carea' id='block_1_96' title="bbox 157 4816 1727 4901">
    <p class='ocr_par' dir='ltr' id='par_1_96' title="bbox 157 4816 1727 4901">
     <span class='ocr_line' id='line_1_96' title="bbox 157 4816 1727 4901; baseline 0.011 -33"><span class='ocrx_word' id='word_1_678' title='bbox 157 4817 263 4868; x_wconf 77' lang='grc' dir='ltr'><strong>καὶ</strong></span> <span class='ocrx_word' id='word_1_679' title='bbox 296 4816 578 4891; x_wconf 81' lang='grc' dir='ltr'>σπλάγχνα</span> <span class='ocrx_word' id='word_1_680' title='bbox 612 4819 712 4886; x_wconf 85' lang='grc' dir='ltr'>μὲν</span> <span class='ocrx_word' id='word_1_681' title='bbox 750 4822 860 4875; x_wconf 84' lang='grc' dir='ltr'>τῶν</span> <span class='ocrx_word' id='word_1_682' title='bbox 893 4825 1114 4892; x_wconf 70' lang='grc' dir='ltr'>σαρκῶν</span> <span class='ocrx_word' id='word_1_683' title='bbox 1148 4828 1477 4896; x_wconf 72' lang='grc' dir='ltr'>ἐγυμνοῦντο</span> <span class='ocrx_word' id='word_1_684' title='bbox 1507 4833 1603 4900; x_wconf 78' lang='grc' dir='ltr'>τὴν</span> <span class='ocrx_word' id='word_1_685' title='bbox 1629 4835 1727 4901; x_wconf 73' lang='grc' dir='ltr'>τῆς</span> 
     </span>
    </p>
   </div>
   <div class='ocr_carea' id='block_1_97' title="bbox 154 4909 1728 4990">
    <p class='ocr_par' dir='ltr' id='par_1_97' title="bbox 154 4909 1728 4990">
     <span class='ocr_line' id='line_1_97' title="bbox 154 4909 1728 4990; baseline 0.013 -31"><span class='ocrx_word' id='word_1_686' title='bbox 154 4909 379 4977; x_wconf 74' lang='grc' dir='ltr'>φύσεως</span> <span class='ocrx_word' id='word_1_687' title='bbox 435 4911 601 4980; x_wconf 80' lang='grc' dir='ltr'>αὐτῆς</span> <span class='ocrx_word' id='word_1_688' title='bbox 645 4913 934 4969; x_wconf 82' lang='grc' dir='ltr'>διάπλασιν</span> <span class='ocrx_word' id='word_1_689' title='bbox 979 4921 1091 4982; x_wconf 83' lang='grc' dir='ltr'>τοῖς</span> <span class='ocrx_word' id='word_1_690' title='bbox 1146 4921 1409 4990; x_wconf 79' lang='grc' dir='ltr'>παροῦσιν</span> <span class='ocrx_word' id='word_1_691' title='bbox 1459 4926 1728 4978; x_wconf 75' lang='grc' dir='ltr'>ἀνακαλύ-</span> 
     </span>
    </p>
   </div>
   <div class='ocr_carea' id='block_1_98' title="bbox 154 5003 1719 5086">
    <p class='ocr_par' dir='ltr' id='par_1_98' title="bbox 154 5003 1719 5086">
     <span class='ocr_line' id='line_1_98' title="bbox 154 5003 1719 5086; baseline 0.011 -33"><span class='ocrx_word' id='word_1_692' title='bbox 154 5019 390 5055; x_wconf 84' lang='grc' dir='ltr'>πτοντα.</span> <span class='ocrx_word' id='word_1_693' title='bbox 426 5003 583 5074; x_wconf 77' lang='grc' dir='ltr'>Ψυχὴ</span> <span class='ocrx_word' id='word_1_694' title='bbox 613 5004 668 5058; x_wconf 75' lang='grc' dir='ltr'><strong>δὲ</strong></span> <span class='ocrx_word' id='word_1_695' title='bbox 705 5007 797 5058; x_wconf 82' lang='grc' dir='ltr'><strong>καὶ</strong></span> <span class='ocrx_word' id='word_1_696' title='bbox 825 5008 963 5078; x_wconf 80' lang='grc' dir='ltr'>αὐτὴ</span> <span class='ocrx_word' id='word_1_697' title='bbox 1016 5011 1304 5064; x_wconf 80' lang='grc' dir='ltr'>ἀπολιπεῖν</span> <span class='ocrx_word' id='word_1_698' title='bbox 1344 5016 1434 5067; x_wconf 72' lang='grc' dir='ltr'><strong>τὸν</strong></span> <span class='ocrx_word' id='word_1_699' title='bbox 1482 5018 1719 5086; x_wconf 77' lang='grc' dir='ltr'><strong>ἀθλητὴν</strong></span> 
     </span>
    </p>
   </div>
   <div class='ocr_carea' id='block_1_99' title="bbox 152 5095 1725 5171">
    <p class='ocr_par' dir='ltr' id='par_1_99' title="bbox 152 5095 1725 5171">
     <span class='ocr_line' id='line_1_99' title="bbox 152 5095 1725 5171; baseline 0.01 -24"><span class='ocrx_word' id='word_1_700' title='bbox 152 5095 300 5153; x_wconf 76' lang='grc' dir='ltr'>ὅλως</span> <span class='ocrx_word' id='word_1_701' title='bbox 327 5097 681 5169; x_wconf 84' lang='grc' dir='ltr'>ἐπειγομένη.</span> <span class='ocrx_word' id='word_1_702' title='bbox 732 5099 880 5166; x_wconf 81' lang='grc' dir='ltr'>ὅμως</span> <span class='ocrx_word' id='word_1_703' title='bbox 939 5101 1170 5171; x_wconf 79' lang='grc' dir='ltr'>ἐπέμενε</span> <span class='ocrx_word' id='word_1_704' title='bbox 1205 5108 1296 5158; x_wconf 77' lang='grc' dir='ltr'><strong>καὶ</strong></span> <span class='ocrx_word' id='word_1_705' title='bbox 1343 5106 1560 5171; x_wconf 70' lang='grc' dir='ltr'>πλείους</span> <span class='ocrx_word' id='word_1_706' title='bbox 1607 5110 1725 5162; x_wconf 76' lang='grc' dir='ltr'><strong>ἔπι-</strong></span> 
     </span>
    </p>
   </div>
   <div class='ocr_carea' id='block_1_100' title="bbox 151 5184 1725 5265">
    <p class='ocr_par' dir='ltr' id='par_1_100' title="bbox 151 5184 1725 5265">
     <span class='ocr_line' id='line_1_100' title="bbox 151 5184 1725 5265; baseline 0.012 -29"><span class='ocrx_word' id='word_1_707' title='bbox 151 5184 402 5255; x_wconf 82' lang='grc' dir='ltr'>ζητοῦσα</span> <span class='ocrx_word' id='word_1_708' title='bbox 433 5190 705 5255; x_wconf 73' lang='grc' dir='ltr'>κολάσεις,</span> <span class='ocrx_word' id='word_1_709' title='bbox 755 5193 840 5245; x_wconf 77' lang='grc' dir='ltr'>ἵνα</span> <span class='ocrx_word' id='word_1_710' title='bbox 891 5193 1319 5265; x_wconf 77' lang='grc' dir='ltr'>φιλοτιμοτέρων</span> <span class='ocrx_word' id='word_1_711' title='bbox 1357 5201 1570 5264; x_wconf 88' lang='grc' dir='ltr'>πάντως</span> <span class='ocrx_word' id='word_1_712' title='bbox 1606 5204 1725 5255; x_wconf 79' lang='grc' dir='ltr'><strong>ἐπι-</strong></span> 
     </span>
    </p>
   </div>
   <div class='ocr_carea' id='block_1_101' title="bbox 149 5281 1725 5363">
    <p class='ocr_par' dir='ltr' id='par_1_101' title="bbox 149 5281 1725 5363">
     <span class='ocr_line' id='line_1_101' title="bbox 149 5281 1725 5363; baseline 0.01 -33"><span class='ocrx_word' id='word_1_713' title='bbox 149 5281 298 5349; x_wconf 70' lang='grc' dir='ltr'>τύχῃ</span> <span class='ocrx_word' id='word_1_714' title='bbox 330 5281 546 5335; x_wconf 74' lang='grc' dir='ltr'>καὶτῶν</span> <span class='ocrx_word' id='word_1_715' title='bbox 575 5283 861 5351; x_wconf 78' lang='grc' dir='ltr'>βραϐείων.</span> <span class='ocrx_word' id='word_1_716' title='bbox 899 5285 1157 5358; x_wconf 82' lang='grc' dir='ltr'>Ἐχαιρον</span> <span class='ocrx_word' id='word_1_717' title='bbox 1191 5289 1411 5356; x_wconf 81' lang='grc' dir='ltr'>ἄγγελοι</span> <span class='ocrx_word' id='word_1_718' title='bbox 1437 5293 1530 5362; x_wconf 78' lang='grc' dir='ltr'>τὴν</span> <span class='ocrx_word' id='word_1_719' title='bbox 1556 5293 1725 5363; x_wconf 77' lang='grc' dir='ltr'>ὑπερ-</span> 
     </span>
    </p>
   </div>
   <div class='ocr_carea' id='block_1_102' title="bbox 153 5371 1718 5448">
    <p class='ocr_par' dir='ltr' id='par_1_102' title="bbox 153 5371 1718 5448">
     <span class='ocr_line' id='line_1_102' title="bbox 153 5371 1718 5448; baseline 0.011 -29"><span class='ocrx_word' id='word_1_720' title='bbox 153 5371 276 5438; x_wconf 74' lang='grc' dir='ltr'><strong>φυᾶ</strong></span> <span class='ocrx_word' id='word_1_721' title='bbox 308 5372 402 5421; x_wconf 74' lang='grc' dir='ltr'><strong>τοῦ</strong></span> <span class='ocrx_word' id='word_1_722' title='bbox 458 5373 736 5442; x_wconf 79' lang='grc' dir='ltr'>μάρτυρος</span> <span class='ocrx_word' id='word_1_723' title='bbox 791 5379 1091 5448; x_wconf 76' lang='grc' dir='ltr'>καρτερίαν</span> <span class='ocrx_word' id='word_1_724' title='bbox 1141 5381 1394 5448; x_wconf 77' lang='grc' dir='ltr'>ὁρῶντες.</span> <span class='ocrx_word' id='word_1_725' title='bbox 1460 5385 1554 5435; x_wconf 82' lang='grc' dir='ltr'><strong>Ἦν</strong></span> <span class='ocrx_word' id='word_1_726' title='bbox 1581 5384 1718 5436; x_wconf 86' lang='grc' dir='ltr'>ὦντο</span> 
     </span>
    </p>
   </div>
   <div class='ocr_carea' id='block_1_103' title="bbox 147 5461 1717 5544">
    <p class='ocr_par' dir='ltr' id='par_1_103' title="bbox 147 5461 1717 5544">
     <span class='ocr_line' id='line_1_103' title="bbox 147 5461 1717 5544; baseline 0.013 -36"><span class='ocrx_word' id='word_1_727' title='bbox 147 5461 407 5528; x_wconf 75' lang='grc' dir='ltr'>δαίμονές</span> <span class='ocrx_word' id='word_1_728' title='bbox 431 5480 489 5516; x_wconf 89' lang='grc' dir='ltr'><strong>τε</strong></span> <span class='ocrx_word' id='word_1_729' title='bbox 526 5467 733 5518; x_wconf 74' lang='grc' dir='ltr'>ἑαυτῶν</span> <span class='ocrx_word' id='word_1_730' title='bbox 781 5465 952 5538; x_wconf 80' lang='grc' dir='ltr'>ἧτταν</span> <span class='ocrx_word' id='word_1_731' title='bbox 995 5471 1098 5522; x_wconf 79' lang='grc' dir='ltr'><strong>ὑπὸ</strong></span> <span class='ocrx_word' id='word_1_732' title='bbox 1123 5475 1242 5536; x_wconf 84' lang='grc' dir='ltr'>ταῖς</span> <span class='ocrx_word' id='word_1_733' title='bbox 1295 5476 1513 5527; x_wconf 82' lang='grc' dir='ltr'>πάντων</span> <span class='ocrx_word' id='word_1_734' title='bbox 1560 5475 1717 5544; x_wconf 62' lang='grc' dir='ltr'>ὕψεσι</span> 
     </span>
    </p>
   </div>
   <div class='ocr_carea' id='block_1_104' title="bbox 147 5555 1714 5641">
    <p class='ocr_par' dir='ltr' id='par_1_104' title="bbox 147 5555 1714 5641">
     <span class='ocr_line' id='line_1_104' title="bbox 147 5555 1714 5641; baseline 0.01 -34"><span class='ocrx_word' id='word_1_735' title='bbox 147 5555 606 5626; x_wconf 78' lang='grc' dir='ltr'>Θριαμσεύοντες.</span> <span class='ocrx_word' id='word_1_736' title='bbox 673 5561 1130 5632; x_wconf 75' lang='grc' dir='ltr'>Ἀπαγορεύοντες</span> <span class='ocrx_word' id='word_1_737' title='bbox 1184 5568 1230 5618; x_wconf 88' lang='grc' dir='ltr'>οἱ</span> <span class='ocrx_word' id='word_1_738' title='bbox 1277 5566 1459 5635; x_wconf 79' lang='grc' dir='ltr'>δήμιοι</span> <span class='ocrx_word' id='word_1_739' title='bbox 1513 5572 1576 5638; x_wconf 73' lang='grc' dir='ltr'>τῇ</span> <span class='ocrx_word' id='word_1_740' title='bbox 1646 5574 1714 5641; x_wconf 75' lang='grc' dir='ltr'>γῇ</span> 
     </span>
    </p>
   </div>
   <div class='ocr_carea' id='block_1_105' title="bbox 148 5649 1711 5728">
    <p class='ocr_par' dir='ltr' id='par_1_105' title="bbox 148 5649 1711 5728">
     <span class='ocr_line' id='line_1_105' title="bbox 148 5649 1711 5728; baseline 0.011 -28"><span class='ocrx_word' id='word_1_741' title='bbox 148 5649 542 5703; x_wconf 75' lang='grc' dir='ltr'>κατεκλίνοντο</span> <span class='ocrx_word' id='word_1_742' title='bbox 563 5667 578 5681; x_wconf 75' lang='grc' dir='ltr'><strong>ο</strong></span> <span class='ocrx_word' id='word_1_743' title='bbox 615 5655 708 5705; x_wconf 70' lang='grc' dir='ltr'><strong>καὶ</strong></span> <span class='ocrx_word' id='word_1_744' title='bbox 733 5657 758 5708; x_wconf 71' lang='grc' dir='ltr'><em>ὁ</em></span> <span class='ocrx_word' id='word_1_745' title='bbox 790 5655 1018 5725; x_wconf 77' lang='grc' dir='ltr'>μάρτυς,</span> <span class='ocrx_word' id='word_1_746' title='bbox 1046 5653 1200 5722; x_wconf 76' lang='grc' dir='ltr'>εἶπες</span> <span class='ocrx_word' id='word_1_747' title='bbox 1237 5659 1302 5713; x_wconf 80' lang='grc' dir='ltr'>ἂν</span> <span class='ocrx_word' id='word_1_748' title='bbox 1351 5660 1514 5714; x_wconf 75' lang='grc' dir='ltr'>αὑτὸν</span> <span class='ocrx_word' id='word_1_749' title='bbox 1544 5661 1711 5728; x_wconf 72' lang='grc' dir='ltr'>ὅντως</span> 
     </span>
    </p>
   </div>
   <div class='ocr_carea' id='block_1_106' title="bbox 221 5786 762 5854">
    <p class='ocr_par' dir='ltr' id='par_1_106' title="bbox 221 5786 762 5854">
     <span class='ocr_line' id='line_1_106' title="bbox 221 5786 762 5854; baseline 0.007 -15"><span class='ocrx_word' id='word_1_750' title='bbox 221 5790 242 5820; x_wconf 79' lang='grc'>⁸</span> <span class='ocrx_word' id='word_1_751' title='bbox 304 5786 447 5842; x_wconf 86' lang='lat' dir='ltr'><strong>Psal.</strong></span> <span class='ocrx_word' id='word_1_752' title='bbox 501 5803 646 5854; x_wconf 78' lang='lat' dir='ltr'><strong>exin,</strong></span> <span class='ocrx_word' id='word_1_753' title='bbox 707 5792 762 5843; x_wconf 75' lang='grc' dir='ltr'><strong>ι.</strong></span> 
     </span>
    </p>
   </div>
   <div class='ocr_carea' id='block_1_107' title="bbox 1829 4633 3389 4712">
    <p class='ocr_par' dir='ltr' id='par_1_107' title="bbox 1829 4633 3389 4712">
     <span class='ocr_line' id='line_1_107' title="bbox 1829 4633 3389 4712; baseline -0.003 -17"><span class='ocrx_word' id='word_1_754' title='bbox 1829 4644 1978 4712; x_wconf 88' lang='lat' dir='ltr'><strong>poris</strong></span> <span class='ocrx_word' id='word_1_755' title='bbox 2005 4651 2186 4710; x_wconf 90' lang='lat' dir='ltr'><strong>partes</strong></span> <span class='ocrx_word' id='word_1_756' title='bbox 2205 4640 2405 4694; x_wconf 73' lang='lat' dir='ltr'><strong>avulsa:</strong></span> <span class='ocrx_word' id='word_1_757' title='bbox 2425 4636 2667 4707; x_wconf 85' lang='lat' dir='ltr'><strong>ﬂagellis,</strong></span> <span class='ocrx_word' id='word_1_758' title='bbox 2697 4633 3106 4704; x_wconf 74' lang='lat' dir='ltr'><strong>disji&#39;eiebantur</strong></span> <span class='ocrx_word' id='word_1_759' title='bbox 3129 4637 3180 4688; x_wconf 90' lang='lat' dir='ltr'><strong>in</strong></span> <span class='ocrx_word' id='word_1_760' title='bbox 3213 4637 3389 4705; x_wconf 88' lang='lat' dir='ltr'><strong>ipsum</strong></span> 
     </span>
    </p>
   </div>
   <div class='ocr_carea' id='block_1_108' title="bbox 1829 4727 3390 4802">
    <p class='ocr_par' dir='ltr' id='par_1_108' title="bbox 1829 4727 3390 4802">
     <span class='ocr_line' id='line_1_108' title="bbox 1829 4727 3390 4802; baseline -0.003 -14"><span class='ocrx_word' id='word_1_761' title='bbox 1829 4749 2037 4796; x_wconf 86' lang='lat' dir='ltr'><strong>aerem,</strong></span> <span class='ocrx_word' id='word_1_762' title='bbox 2072 4749 2168 4802; x_wconf 90' lang='lat' dir='ltr'><strong>per</strong></span> <span class='ocrx_word' id='word_1_763' title='bbox 2191 4743 2389 4784; x_wconf 82' lang='lat' dir='ltr'><strong>terrain</strong></span> <span class='ocrx_word' id='word_1_764' title='bbox 2429 4741 2606 4783; x_wconf 83' lang='lat' dir='ltr'><strong>autem</strong></span> <span class='ocrx_word' id='word_1_765' title='bbox 2655 4727 2973 4781; x_wconf 87' lang='lat' dir='ltr'><strong>ferebantur</strong></span> <span class='ocrx_word' id='word_1_766' title='bbox 3017 4727 3114 4780; x_wconf 82' lang='lat' dir='ltr'><strong>rivi</strong></span> <span class='ocrx_word' id='word_1_767' title='bbox 3169 4729 3390 4800; x_wconf 84' lang='lat' dir='ltr'><strong>sangui-</strong></span> 
     </span>
    </p>
   </div>
   <div class='ocr_carea' id='block_1_109' title="bbox 1827 4820 3388 4893">
    <p class='ocr_par' dir='ltr' id='par_1_109' title="bbox 1827 4820 3388 4893">
     <span class='ocr_line' id='line_1_109' title="bbox 1827 4820 3388 4893; baseline -0.005 -11"><span class='ocrx_word' id='word_1_768' title='bbox 1827 4831 1947 4882; x_wconf 88' lang='lat' dir='ltr'><strong>nis:</strong></span> <span class='ocrx_word' id='word_1_769' title='bbox 1974 4827 2250 4879; x_wconf 76' lang='lat' dir='ltr'><strong>etviscera</strong></span> <span class='ocrx_word' id='word_1_770' title='bbox 2285 4823 2502 4893; x_wconf 84' lang='lat' dir='ltr'><strong>quidem</strong></span> <span class='ocrx_word' id='word_1_771' title='bbox 2535 4823 2876 4876; x_wconf 83' lang='lat' dir='ltr'><strong>nudabantur</strong></span> <span class='ocrx_word' id='word_1_772' title='bbox 2910 4820 3184 4882; x_wconf 85' lang='lat' dir='ltr'><strong>carnibus,</strong></span> <span class='ocrx_word' id='word_1_773' title='bbox 3218 4823 3388 4889; x_wconf 82' lang='lat' dir='ltr'><strong>ipsius</strong></span> 
     </span>
    </p>
   </div>
   <div class='ocr_carea' id='block_1_110' title="bbox 1829 4913 3385 4983">
    <p class='ocr_par' dir='ltr' id='par_1_110' title="bbox 1829 4913 3385 4983">
     <span class='ocr_line' id='line_1_110' title="bbox 1829 4913 3385 4983; baseline -0.006 -9"><span class='ocrx_word' id='word_1_774' title='bbox 1829 4928 2037 4974; x_wconf 69' lang='lat' dir='ltr'><strong>naturas</strong></span> <span class='ocrx_word' id='word_1_775' title='bbox 2091 4916 2465 4971; x_wconf 77' lang='lat' dir='ltr'><strong>formationem</strong></span> <span class='ocrx_word' id='word_1_776' title='bbox 2510 4913 2811 4983; x_wconf 86' lang='lat' dir='ltr'><strong>aperientia</strong></span> <span class='ocrx_word' id='word_1_777' title='bbox 2861 4913 2929 4967; x_wconf 90' lang='lat' dir='ltr'><strong>iis</strong></span> <span class='ocrx_word' id='word_1_778' title='bbox 2978 4913 3069 4981; x_wconf 90' lang='lat' dir='ltr'><strong>qui</strong></span> <span class='ocrx_word' id='word_1_779' title='bbox 3123 4913 3385 4967; x_wconf 87' lang='lat' dir='ltr'><strong>aderant:</strong></span> 
     </span>
    </p>
   </div>
   <div class='ocr_carea' id='block_1_111' title="bbox 1827 5007 3388 5080">
    <p class='ocr_par' dir='ltr' id='par_1_111' title="bbox 1827 5007 3388 5080">
     <span class='ocr_line' id='line_1_111' title="bbox 1827 5007 3388 5080; baseline -0.003 -16"><span class='ocrx_word' id='word_1_780' title='bbox 1827 5013 2009 5064; x_wconf 88' lang='lat' dir='ltr'><strong>anima</strong></span> <span class='ocrx_word' id='word_1_781' title='bbox 2059 5020 2264 5070; x_wconf 89' lang='lat' dir='ltr'><strong>autem,</strong></span> <span class='ocrx_word' id='word_1_782' title='bbox 2306 5024 2426 5077; x_wconf 76' lang='lat' dir='ltr'><strong>quae</strong></span> <span class='ocrx_word' id='word_1_783' title='bbox 2459 5007 2573 5074; x_wconf 85' lang='lat' dir='ltr'><strong>ipsa</strong></span> <span class='ocrx_word' id='word_1_784' title='bbox 2609 5023 2824 5080; x_wconf 86' lang='lat' dir='ltr'><strong>quoque</strong></span> <span class='ocrx_word' id='word_1_785' title='bbox 2856 5007 3113 5059; x_wconf 82' lang='lat' dir='ltr'><strong>athletam</strong></span> <span class='ocrx_word' id='word_1_786' title='bbox 3163 5007 3388 5060; x_wconf 80' lang='lat' dir='ltr'><strong>festina-</strong></span> 
     </span>
    </p>
   </div>
   <div class='ocr_carea' id='block_1_112' title="bbox 1824 5097 3380 5168">
    <p class='ocr_par' dir='ltr' id='par_1_112' title="bbox 1824 5097 3380 5168">
     <span class='ocr_line' id='line_1_112' title="bbox 1824 5097 3380 5168; baseline -0.002 -14"><span class='ocrx_word' id='word_1_787' title='bbox 1824 5103 1916 5155; x_wconf 86' lang='lat' dir='ltr'><strong>bat</strong></span> <span class='ocrx_word' id='word_1_788' title='bbox 1961 5100 2286 5168; x_wconf 81' lang='lat' dir='ltr'><strong>relinquere,</strong></span> <span class='ocrx_word' id='word_1_789' title='bbox 2327 5099 2626 5152; x_wconf 84' lang='lat' dir='ltr'><strong>sustinebat</strong></span> <span class='ocrx_word' id='word_1_790' title='bbox 2669 5104 2869 5160; x_wconf 85' lang='lat' dir='ltr'><strong>tamen,</strong></span> <span class='ocrx_word' id='word_1_791' title='bbox 2904 5097 3066 5149; x_wconf 84' lang='lat' dir='ltr'><strong>etiam</strong></span> <span class='ocrx_word' id='word_1_792' title='bbox 3114 5097 3264 5163; x_wconf 89' lang='lat' dir='ltr'><strong>plura</strong></span> <span class='ocrx_word' id='word_1_793' title='bbox 3304 5114 3380 5152; x_wconf 75' lang='lat' dir='ltr'><strong>re-</strong></span> 
     </span>
    </p>
   </div>
   <div class='ocr_carea' id='block_1_113' title="bbox 1819 5190 3387 5264">
    <p class='ocr_par' dir='ltr' id='par_1_113' title="bbox 1819 5190 3387 5264">
     <span class='ocr_line' id='line_1_113' title="bbox 1819 5190 3387 5264; baseline -0.001 -18"><span class='ocrx_word' id='word_1_794' title='bbox 1819 5195 2044 5264; x_wconf 86' lang='lat' dir='ltr'><strong>quirens</strong></span> <span class='ocrx_word' id='word_1_795' title='bbox 2076 5193 2360 5260; x_wconf 86' lang='lat' dir='ltr'><strong>supplicia,</strong></span> <span class='ocrx_word' id='word_1_796' title='bbox 2406 5200 2464 5243; x_wconf 87' lang='lat' dir='ltr'><strong>III.</strong></span> <span class='ocrx_word' id='word_1_797' title='bbox 2514 5191 2739 5244; x_wconf 82' lang='lat' dir='ltr'><strong>omnino</strong></span> <span class='ocrx_word' id='word_1_798' title='bbox 2767 5190 3197 5247; x_wconf 80' lang='lat' dir='ltr'><strong>ntunif‘tcentiora</strong></span> <span class='ocrx_word' id='word_1_799' title='bbox 3237 5206 3387 5245; x_wconf 85' lang='lat' dir='ltr'><strong>asse-</strong></span> 
     </span>
    </p>
   </div>
   <div class='ocr_carea' id='block_1_114' title="bbox 1819 5281 3385 5356">
    <p class='ocr_par' dir='ltr' id='par_1_114' title="bbox 1819 5281 3385 5356">
     <span class='ocr_line' id='line_1_114' title="bbox 1819 5281 3385 5356; baseline -0.004 -14"><span class='ocrx_word' id='word_1_800' title='bbox 1819 5297 2079 5356; x_wconf 90' lang='lat' dir='ltr'><strong>queretur</strong></span> <span class='ocrx_word' id='word_1_801' title='bbox 2123 5286 2326 5338; x_wconf 84' lang='lat' dir='ltr'><strong>bravia.</strong></span> <span class='ocrx_word' id='word_1_802' title='bbox 2375 5281 2720 5339; x_wconf 47' lang='lat' dir='ltr'><strong>Laeta&#39;bantur</strong></span> <span class='ocrx_word' id='word_1_803' title='bbox 2765 5283 2963 5349; x_wconf 74' lang='lat' dir='ltr'><strong>angeli,</strong></span> <span class='ocrx_word' id='word_1_804' title='bbox 3013 5282 3256 5336; x_wconf 77' lang='lat' dir='ltr'><strong>videntes</strong></span> <span class='ocrx_word' id='word_1_805' title='bbox 3289 5284 3385 5336; x_wconf 81' lang='lat' dir='ltr'><strong>ad-</strong></span> 
     </span>
    </p>
   </div>
   <div class='ocr_carea' id='block_1_115' title="bbox 1821 5373 3386 5445">
    <p class='ocr_par' dir='ltr' id='par_1_115' title="bbox 1821 5373 3386 5445">
     <span class='ocr_line' id='line_1_115' title="bbox 1821 5373 3386 5445; baseline -0.004 -12"><span class='ocrx_word' id='word_1_806' title='bbox 1821 5380 2119 5434; x_wconf 83' lang='lat' dir='ltr'><strong>mirabilem</strong></span> <span class='ocrx_word' id='word_1_807' title='bbox 2161 5379 2414 5445; x_wconf 81' lang='lat' dir='ltr'><strong>martyris</strong></span> <span class='ocrx_word' id='word_1_808' title='bbox 2438 5375 2817 5429; x_wconf 86' lang='lat' dir='ltr'><strong>constantiam.</strong></span> <span class='ocrx_word' id='word_1_809' title='bbox 2848 5373 3244 5427; x_wconf 79' lang='lat' dir='ltr'><strong>Cruciabantur</strong></span> <span class='ocrx_word' id='word_1_810' title='bbox 3280 5375 3386 5427; x_wconf 75' lang='lat' dir='ltr'><strong>dte-</strong></span> 
     </span>
    </p>
   </div>
   <div class='ocr_carea' id='block_1_116' title="bbox 1822 5465 3381 5540">
    <p class='ocr_par' dir='ltr' id='par_1_116' title="bbox 1822 5465 3381 5540">
     <span class='ocr_line' id='line_1_116' title="bbox 1822 5465 3381 5540; baseline -0.004 -16"><span class='ocrx_word' id='word_1_811' title='bbox 1822 5486 2032 5533; x_wconf 86' lang='lat' dir='ltr'><strong>mones,</strong></span> <span class='ocrx_word' id='word_1_812' title='bbox 2089 5471 2230 5540; x_wconf 84' lang='lat' dir='ltr'><strong>quod</strong></span> <span class='ocrx_word' id='word_1_813' title='bbox 2269 5480 2420 5540; x_wconf 87' lang='lat' dir='ltr'><strong>parta</strong></span> <span class='ocrx_word' id='word_1_814' title='bbox 2466 5468 2532 5523; x_wconf 90' lang='lat' dir='ltr'><strong>de</strong></span> <span class='ocrx_word' id='word_1_815' title='bbox 2563 5469 2644 5522; x_wconf 84' lang='lat' dir='ltr'><strong>eis</strong></span> <span class='ocrx_word' id='word_1_816' title='bbox 2685 5467 2929 5527; x_wconf 84' lang='lat' dir='ltr'><strong>victoria,</strong></span> <span class='ocrx_word' id='word_1_817' title='bbox 2981 5465 3034 5517; x_wconf 91' lang='lat' dir='ltr'><strong>in</strong></span> <span class='ocrx_word' id='word_1_818' title='bbox 3081 5474 3381 5534; x_wconf 89' lang='lat' dir='ltr'><strong>conspectu</strong></span> 
     </span>
    </p>
   </div>
   <div class='ocr_carea' id='block_1_117' title="bbox 1819 5559 3378 5634">
    <p class='ocr_par' dir='ltr' id='par_1_117' title="bbox 1819 5559 3378 5634">
     <span class='ocr_line' id='line_1_117' title="bbox 1819 5559 3378 5634; baseline -0.003 -17"><span class='ocrx_word' id='word_1_819' title='bbox 1819 5566 2060 5618; x_wconf 88' lang='lat' dir='ltr'><strong>omnium</strong></span> <span class='ocrx_word' id='word_1_820' title='bbox 2119 5562 2515 5634; x_wconf 83' lang='lat' dir='ltr'><strong>quodammodo</strong></span> <span class='ocrx_word' id='word_1_821' title='bbox 2557 5560 2849 5614; x_wconf 90' lang='lat' dir='ltr'><strong>duceretur</strong></span> <span class='ocrx_word' id='word_1_822' title='bbox 2910 5559 2963 5613; x_wconf 92' lang='lat' dir='ltr'><strong>in</strong></span> <span class='ocrx_word' id='word_1_823' title='bbox 3019 5560 3378 5629; x_wconf 87' lang='lat' dir='ltr'><strong>triumphum.</strong></span> 
     </span>
    </p>
   </div>
   <div class='ocr_carea' id='block_1_118' title="bbox 1818 5643 3377 5723">
    <p class='ocr_par' dir='ltr' id='par_1_118' title="bbox 1818 5643 3377 5723">
     <span class='ocr_line' id='line_1_118' title="bbox 1818 5643 3377 5723; baseline -0.004 -12"><span class='ocrx_word' id='word_1_824' title='bbox 1818 5657 2062 5712; x_wconf 86' lang='lat' dir='ltr'><strong>Lictores</strong></span> <span class='ocrx_word' id='word_1_825' title='bbox 2112 5656 2235 5711; x_wconf 85' lang='lat' dir='ltr'><strong>fessi</strong></span> <span class='ocrx_word' id='word_1_826' title='bbox 2287 5643 3170 5723; x_wconf 53' lang='lat' dir='ltr'><strong>humi&#39;aceumbebant.Martyrem</strong></span> <span class='ocrx_word' id='word_1_827' title='bbox 3197 5658 3377 5707; x_wconf 76' lang='lat' dir='ltr'><strong>autem</strong></span> 
     </span>
    </p>
   </div>
  </div>
