  <div class='ocr_page' id='page_1' title='image "/cluster/home/n/w/nwhite01/storage/ocr_20150623/115/pst.000005714285/623.png"; bbox 0 0 4178 6316; ppageno 0'>
   <div class='ocr_carea' id='block_1_1' title="bbox 785 353 923 417">
    <p class='ocr_par' dir='ltr' id='par_1_1' title="bbox 785 353 923 417">
     <span class='ocr_line' id='line_1_1' title="bbox 785 353 923 417; baseline 0.014 -2"><span class='ocrx_word' id='word_1_1' title='bbox 785 353 923 417; x_wconf 79' lang='lat'><strong>1023</strong></span> 
     </span>
    </p>
   </div>
   <div class='ocr_carea' id='block_1_2' title="bbox 2061 361 2739 425">
    <p class='ocr_par' dir='ltr' id='par_1_2' title="bbox 2061 361 2739 425">
     <span class='ocr_line' id='line_1_2' title="bbox 2061 361 2739 425; baseline 0.007 -5"><span class='ocrx_word' id='word_1_2' title='bbox 2061 361 2218 421; x_wconf 84' lang='grc' dir='ltr'><strong>ΜΕΝ</strong></span> <span class='ocrx_word' id='word_1_3' title='bbox 2227 363 2340 422; x_wconf 87' lang='lat' dir='ltr'><strong>SIS</strong></span> <span class='ocrx_word' id='word_1_4' title='bbox 2382 362 2739 425; x_wconf 83' lang='lat' dir='ltr'><strong>OCTOBER.</strong></span> 
     </span>
    </p>
   </div>
   <div class='ocr_carea' id='block_1_3' title="bbox 3923 361 4058 420">
    <p class='ocr_par' dir='ltr' id='par_1_3' title="bbox 3923 361 4058 420">
     <span class='ocr_line' id='line_1_3' title="bbox 3923 361 4058 420; baseline -0.015 0"><span class='ocrx_word' id='word_1_5' title='bbox 3923 361 4058 420; x_wconf 71' lang='grc'><strong>1024</strong></span> 
     </span>
    </p>
   </div>
   <div class='ocr_carea' id='block_1_4' title="bbox 782 471 2362 552">
    <p class='ocr_par' dir='ltr' id='par_1_4' title="bbox 782 471 2362 542">
     <span class='ocr_line' id='line_1_4' title="bbox 782 471 2362 542; baseline 0.004 -17"><span class='ocrx_word' id='word_1_6' title='bbox 782 471 978 527; x_wconf 86' lang='lat' dir='ltr'><strong>videns</strong></span> <span class='ocrx_word' id='word_1_7' title='bbox 1035 471 1268 527; x_wconf 81' lang='lat' dir='ltr'><strong>dixisses</strong></span> <span class='ocrx_word' id='word_1_8' title='bbox 1300 489 1422 528; x_wconf 88' lang='lat' dir='ltr'><strong>cum</strong></span> <span class='ocrx_word' id='word_1_9' title='bbox 1444 473 1512 529; x_wconf 88' lang='lat' dir='ltr'><strong>ita</strong></span> <span class='ocrx_word' id='word_1_10' title='bbox 1562 489 1682 529; x_wconf 91' lang='lat' dir='ltr'><strong>esse</strong></span> <span class='ocrx_word' id='word_1_11' title='bbox 1726 475 2000 542; x_wconf 79' lang='lat' dir='ltr'><strong>aﬂ‘ectum,</strong></span> <span class='ocrx_word' id='word_1_12' title='bbox 2033 487 2092 533; x_wconf 94' lang='lat' dir='ltr'><strong>ut</strong></span> <span class='ocrx_word' id='word_1_13' title='bbox 2119 494 2227 532; x_wconf 92' lang='lat' dir='ltr'><strong>non</strong></span> <span class='ocrx_word' id='word_1_14' title='bbox 2257 489 2362 533; x_wconf 90' lang='lat' dir='ltr'><strong>tam</strong></span> 
     </span>
    </p>
   </div>
   <div class='ocr_carea' id='block_1_5' title="bbox 2471 471 4057 552">
    <p class='ocr_par' dir='ltr' id='par_1_5' title="bbox 2472 479 4057 552">
     <span class='ocr_line' id='line_1_5' title="bbox 2472 479 4057 552; baseline -0.001 -19"><span class='ocrx_word' id='word_1_15' title='bbox 2472 479 2592 534; x_wconf 81' lang='grc' dir='ltr'>ίδὼν</span> <span class='ocrx_word' id='word_1_16' title='bbox 2644 482 2984 551; x_wconf 83' lang='grc' dir='ltr'>διακείμενον</span> <span class='ocrx_word' id='word_1_17' title='bbox 3041 481 3101 536; x_wconf 82' lang='grc' dir='ltr'>οὐ</span> <span class='ocrx_word' id='word_1_18' title='bbox 3171 481 3386 551; x_wconf 79' lang='grc' dir='ltr'>μάστιξι</span> <span class='ocrx_word' id='word_1_19' title='bbox 3448 481 3680 552; x_wconf 72' lang='grc' dir='ltr'>μᾶλλον,</span> <span class='ocrx_word' id='word_1_20' title='bbox 3755 481 3788 550; x_wconf 78' lang='grc' dir='ltr'><strong>ἦ</strong></span> <span class='ocrx_word' id='word_1_21' title='bbox 3835 480 4057 534; x_wconf 71' lang='grc' dir='ltr'>ἄνθεσιν</span> 
     </span>
    </p>
   </div>
   <div class='ocr_carea' id='block_1_6' title="bbox 782 564 2360 640">
    <p class='ocr_par' dir='ltr' id='par_1_6' title="bbox 782 564 2360 640">
     <span class='ocr_line' id='line_1_6' title="bbox 782 564 2360 640; baseline 0.007 -23"><span class='ocrx_word' id='word_1_22' title='bbox 782 564 968 634; x_wconf 86' lang='lat' dir='ltr'><strong>ﬂagris</strong></span> <span class='ocrx_word' id='word_1_23' title='bbox 993 578 1184 628; x_wconf 60' lang='lat' dir='ltr'><strong>casus,</strong></span> <span class='ocrx_word' id='word_1_24' title='bbox 1219 581 1382 634; x_wconf 88' lang='lat' dir='ltr'><strong>quam</strong></span> <span class='ocrx_word' id='word_1_25' title='bbox 1419 569 1597 621; x_wconf 84' lang='lat' dir='ltr'><strong>vernis</strong></span> <span class='ocrx_word' id='word_1_26' title='bbox 1616 567 1838 622; x_wconf 84' lang='lat' dir='ltr'><strong>ﬂoribus</strong></span> <span class='ocrx_word' id='word_1_27' title='bbox 1864 585 2192 640; x_wconf 79' lang='lat' dir='ltr'><strong>conspersus</strong></span> <span class='ocrx_word' id='word_1_28' title='bbox 2210 573 2360 627; x_wconf 86' lang='lat' dir='ltr'><strong>vide-</strong></span> 
     </span>
    </p>
   </div>
   <div class='ocr_carea' id='block_1_7' title="bbox 785 657 2358 727">
    <p class='ocr_par' dir='ltr' id='par_1_7' title="bbox 785 657 2358 727">
     <span class='ocr_line' id='line_1_7' title="bbox 785 657 2358 727; baseline 0.006 -17"><span class='ocrx_word' id='word_1_29' title='bbox 785 667 952 710; x_wconf 89' lang='lat' dir='ltr'><strong>retur.</strong></span> <span class='ocrx_word' id='word_1_30' title='bbox 974 657 1213 711; x_wconf 86' lang='lat' dir='ltr'><strong>Tandem</strong></span> <span class='ocrx_word' id='word_1_31' title='bbox 1234 675 1329 727; x_wconf 82' lang='lat' dir='ltr'><strong>per</strong></span> <span class='ocrx_word' id='word_1_32' title='bbox 1353 675 1511 714; x_wconf 85' lang='lat' dir='ltr'><strong>voces</strong></span> <span class='ocrx_word' id='word_1_33' title='bbox 1533 662 1784 716; x_wconf 75' lang='lat' dir='ltr'><strong>caelestes</strong></span> <span class='ocrx_word' id='word_1_34' title='bbox 1805 673 2026 718; x_wconf 87' lang='lat' dir='ltr'><strong>vocatus</strong></span> <span class='ocrx_word' id='word_1_35' title='bbox 2044 675 2125 718; x_wconf 90' lang='lat' dir='ltr'><strong>est</strong></span> <span class='ocrx_word' id='word_1_36' title='bbox 2144 664 2207 718; x_wconf 90' lang='lat' dir='ltr'><strong>ad</strong></span> <span class='ocrx_word' id='word_1_37' title='bbox 2229 665 2358 719; x_wconf 85' lang='lat' dir='ltr'><strong>bea-</strong></span> 
     </span>
    </p>
   </div>
   <div class='ocr_carea' id='block_1_8' title="bbox 784 747 2355 823">
    <p class='ocr_par' dir='ltr' id='par_1_8' title="bbox 784 747 2355 823">
     <span class='ocr_line' id='line_1_8' title="bbox 784 747 2355 823; baseline 0.007 -25"><span class='ocrx_word' id='word_1_38' title='bbox 784 759 895 800; x_wconf 92' lang='lat' dir='ltr'><strong>tum</strong></span> <span class='ocrx_word' id='word_1_39' title='bbox 917 747 1092 800; x_wconf 90' lang='lat' dir='ltr'><strong>locum</strong></span> <span class='ocrx_word' id='word_1_40' title='bbox 1109 750 1328 816; x_wconf 88' lang='lat' dir='ltr'><strong>quietis,</strong></span> <span class='ocrx_word' id='word_1_41' title='bbox 1355 750 1531 803; x_wconf 79' lang='lat' dir='ltr'><strong>anima</strong></span> <span class='ocrx_word' id='word_1_42' title='bbox 1553 752 1797 820; x_wconf 85' lang='lat' dir='ltr'><strong>deposita</strong></span> <span class='ocrx_word' id='word_1_43' title='bbox 1822 753 1876 805; x_wconf 90' lang='lat' dir='ltr'><strong>in</strong></span> <span class='ocrx_word' id='word_1_44' title='bbox 1905 769 2096 808; x_wconf 91' lang='lat' dir='ltr'><strong>manus</strong></span> <span class='ocrx_word' id='word_1_45' title='bbox 2113 754 2355 823; x_wconf 88' lang='lat' dir='ltr'><strong>Opificis.</strong></span> 
     </span>
    </p>
   </div>
   <div class='ocr_carea' id='block_1_9' title="bbox 851 840 2358 915">
    <p class='ocr_par' dir='ltr' id='par_1_9' title="bbox 851 840 2358 915">
     <span class='ocr_line' id='line_1_9' title="bbox 851 840 2358 915; baseline 0.005 -21"><span class='ocrx_word' id='word_1_46' title='bbox 851 840 990 894; x_wconf 80' lang='lat' dir='ltr'><strong>XIV.</strong></span> <span class='ocrx_word' id='word_1_47' title='bbox 1047 840 1392 912; x_wconf 78' lang='lat' dir='ltr'><strong>Martyricum</strong></span> <span class='ocrx_word' id='word_1_48' title='bbox 1434 853 1614 897; x_wconf 84' lang='lat' dir='ltr'><strong>autem</strong></span> <span class='ocrx_word' id='word_1_49' title='bbox 1649 845 1792 900; x_wconf 91' lang='lat' dir='ltr'><strong>illius</strong></span> <span class='ocrx_word' id='word_1_50' title='bbox 1842 862 2036 915; x_wconf 81' lang='lat' dir='ltr'><strong>corpus</strong></span> <span class='ocrx_word' id='word_1_51' title='bbox 2089 863 2117 900; x_wconf 92' lang='lat' dir='ltr'><strong>a</strong></span> <span class='ocrx_word' id='word_1_52' title='bbox 2170 848 2358 901; x_wconf 77' lang='lat' dir='ltr'><strong>bestiis</strong></span> 
     </span>
    </p>
   </div>
   <div class='ocr_carea' id='block_1_10' title="bbox 780 932 2356 1009">
    <p class='ocr_par' dir='ltr' id='par_1_10' title="bbox 780 932 2356 1009">
     <span class='ocr_line' id='line_1_10' title="bbox 780 932 2356 1009; baseline 0.007 -25"><span class='ocrx_word' id='word_1_53' title='bbox 780 932 1002 999; x_wconf 88' lang='lat' dir='ltr'><strong>quidem</strong></span> <span class='ocrx_word' id='word_1_54' title='bbox 1029 934 1400 989; x_wconf 86' lang='lat' dir='ltr'><strong>devorandum</strong></span> <span class='ocrx_word' id='word_1_55' title='bbox 1446 938 1701 1004; x_wconf 73' lang='lat' dir='ltr'><strong>exposuit</strong></span> <span class='ocrx_word' id='word_1_56' title='bbox 1771 938 1858 990; x_wconf 90' lang='lat' dir='ltr'><strong>ille</strong></span> <span class='ocrx_word' id='word_1_57' title='bbox 1899 939 2060 1007; x_wconf 86' lang='lat' dir='ltr'><strong>judex</strong></span> <span class='ocrx_word' id='word_1_58' title='bbox 2119 941 2356 1009; x_wconf 87' lang='lat' dir='ltr'><strong>iniquus.</strong></span> 
     </span>
    </p>
   </div>
   <div class='ocr_carea' id='block_1_11' title="bbox 783 1025 2356 1101">
    <p class='ocr_par' dir='ltr' id='par_1_11' title="bbox 783 1025 2356 1101">
     <span class='ocr_line' id='line_1_11' title="bbox 783 1025 2356 1101; baseline 0.004 -23"><span class='ocrx_word' id='word_1_59' title='bbox 783 1025 1298 1094; x_wconf 82' lang='lat' dir='ltr'><strong>lgnorabatautem,</strong></span> <span class='ocrx_word' id='word_1_60' title='bbox 1329 1029 1543 1096; x_wconf 84' lang='lat' dir='ltr'><strong>qualem</strong></span> <span class='ocrx_word' id='word_1_61' title='bbox 1571 1045 1755 1083; x_wconf 89' lang='lat' dir='ltr'><strong>curam</strong></span> <span class='ocrx_word' id='word_1_62' title='bbox 1805 1041 1956 1100; x_wconf 91' lang='lat' dir='ltr'><strong>gerat</strong></span> <span class='ocrx_word' id='word_1_63' title='bbox 1993 1046 2203 1095; x_wconf 89' lang='lat' dir='ltr'><strong>eorum,</strong></span> <span class='ocrx_word' id='word_1_64' title='bbox 2266 1032 2356 1101; x_wconf 89' lang='lat' dir='ltr'><strong>qui</strong></span> 
     </span>
    </p>
   </div>
   <div class='ocr_carea' id='block_1_12' title="bbox 783 1117 2357 1192">
    <p class='ocr_par' dir='ltr' id='par_1_12' title="bbox 783 1117 2357 1192">
     <span class='ocr_line' id='line_1_12' title="bbox 783 1117 2357 1192; baseline 0.005 -22"><span class='ocrx_word' id='word_1_65' title='bbox 783 1117 958 1186; x_wconf 91' lang='lat' dir='ltr'><strong>ipsum</strong></span> <span class='ocrx_word' id='word_1_66' title='bbox 988 1119 1238 1189; x_wconf 83' lang='lat' dir='ltr'><strong>diligunt,</strong></span> <span class='ocrx_word' id='word_1_67' title='bbox 1296 1122 1439 1176; x_wconf 91' lang='lat' dir='ltr'><strong>illius</strong></span> <span class='ocrx_word' id='word_1_68' title='bbox 1499 1122 1680 1184; x_wconf 83' lang='lat' dir='ltr'><strong>Deus,</strong></span> <span class='ocrx_word' id='word_1_69' title='bbox 1749 1124 1839 1192; x_wconf 89' lang='lat' dir='ltr'><strong>qui</strong></span> <span class='ocrx_word' id='word_1_70' title='bbox 1890 1124 2050 1176; x_wconf 89' lang='lat' dir='ltr'><strong>etiam</strong></span> <span class='ocrx_word' id='word_1_71' title='bbox 2118 1123 2357 1178; x_wconf 87' lang='lat' dir='ltr'><strong>ferarum</strong></span> 
     </span>
    </p>
   </div>
   <div class='ocr_carea' id='block_1_13' title="bbox 784 1211 2360 1287">
    <p class='ocr_par' dir='ltr' id='par_1_13' title="bbox 784 1211 2360 1287">
     <span class='ocr_line' id='line_1_13' title="bbox 784 1211 2360 1287; baseline 0.007 -27"><span class='ocrx_word' id='word_1_72' title='bbox 784 1217 1037 1262; x_wconf 87' lang='lat' dir='ltr'><strong>naturam</strong></span> <span class='ocrx_word' id='word_1_73' title='bbox 1073 1211 1177 1264; x_wconf 88' lang='lat' dir='ltr'><strong>scit</strong></span> <span class='ocrx_word' id='word_1_74' title='bbox 1206 1212 1491 1268; x_wconf 71' lang='lat' dir='ltr'><strong>traducere</strong></span> <span class='ocrx_word' id='word_1_75' title='bbox 1516 1215 1582 1269; x_wconf 89' lang='lat' dir='ltr'><strong>ad</strong></span> <span class='ocrx_word' id='word_1_76' title='bbox 1609 1214 2108 1278; x_wconf 86' lang='lat' dir='ltr'><strong>mansuetudinem,</strong></span> <span class='ocrx_word' id='word_1_77' title='bbox 2159 1227 2214 1270; x_wconf 92' lang='lat' dir='ltr'><strong>et</strong></span> <span class='ocrx_word' id='word_1_78' title='bbox 2264 1233 2360 1287; x_wconf 86' lang='lat' dir='ltr'><strong>per</strong></span> 
     </span>
    </p>
   </div>
   <div class='ocr_carea' id='block_1_14' title="bbox 783 1298 2359 1373">
    <p class='ocr_par' dir='ltr' id='par_1_14' title="bbox 783 1298 2359 1373">
     <span class='ocr_line' id='line_1_14' title="bbox 783 1298 2359 1373; baseline 0.006 -19"><span class='ocrx_word' id='word_1_79' title='bbox 783 1298 904 1354; x_wconf 80' lang='lat' dir='ltr'><strong>illas</strong></span> <span class='ocrx_word' id='word_1_80' title='bbox 937 1302 1114 1356; x_wconf 86' lang='lat' dir='ltr'><strong>adhuc</strong></span> <span class='ocrx_word' id='word_1_81' title='bbox 1133 1308 1337 1373; x_wconf 81' lang='lat' dir='ltr'><strong>majora</strong></span> <span class='ocrx_word' id='word_1_82' title='bbox 1371 1305 1550 1362; x_wconf 84' lang='lat' dir='ltr'><strong>facere</strong></span> <span class='ocrx_word' id='word_1_83' title='bbox 1575 1309 1866 1371; x_wconf 56' lang='lat' dir='ltr'><strong>,miracula.</strong></span> <span class='ocrx_word' id='word_1_84' title='bbox 1895 1308 2046 1362; x_wconf 63' lang='lat' dir='ltr'><strong>Fere</strong></span> <span class='ocrx_word' id='word_1_85' title='bbox 2089 1310 2231 1362; x_wconf 86' lang='lat' dir='ltr'><strong>enim</strong></span> <span class='ocrx_word' id='word_1_86' title='bbox 2272 1325 2359 1364; x_wconf 91' lang='lat' dir='ltr'><strong>re-</strong></span> 
     </span>
    </p>
   </div>
   <div class='ocr_carea' id='block_1_15' title="bbox 781 1392 2359 1468">
    <p class='ocr_par' dir='ltr' id='par_1_15' title="bbox 781 1392 2359 1468">
     <span class='ocr_line' id='line_1_15' title="bbox 781 1392 2359 1468; baseline 0.006 -24"><span class='ocrx_word' id='word_1_87' title='bbox 781 1392 972 1446; x_wconf 67' lang='lat' dir='ltr'><strong>verita:</strong></span> <span class='ocrx_word' id='word_1_88' title='bbox 1009 1397 1333 1463; x_wconf 74' lang='lat' dir='ltr'><strong>certamina,</strong></span> <span class='ocrx_word' id='word_1_89' title='bbox 1360 1414 1481 1466; x_wconf 69' lang='lat' dir='ltr'><strong>quae</strong></span> <span class='ocrx_word' id='word_1_90' title='bbox 1511 1415 1607 1468; x_wconf 90' lang='lat' dir='ltr'><strong>pro</strong></span> <span class='ocrx_word' id='word_1_91' title='bbox 1633 1401 1835 1468; x_wconf 83' lang='lat' dir='ltr'><strong>pietate</strong></span> <span class='ocrx_word' id='word_1_92' title='bbox 1869 1403 1936 1453; x_wconf 86' lang='lat' dir='ltr'><strong>ab</strong></span> <span class='ocrx_word' id='word_1_93' title='bbox 1958 1417 2022 1453; x_wconf 91' lang='lat' dir='ltr'><strong>eo</strong></span> <span class='ocrx_word' id='word_1_94' title='bbox 2043 1408 2198 1455; x_wconf 88' lang='lat' dir='ltr'><strong>erant</strong></span> <span class='ocrx_word' id='word_1_95' title='bbox 2236 1417 2359 1454; x_wconf 86' lang='lat' dir='ltr'><strong>sus-</strong></span> 
     </span>
    </p>
   </div>
   <div class='ocr_carea' id='block_1_16' title="bbox 747 1489 2357 1560">
    <p class='ocr_par' dir='ltr' id='par_1_16' title="bbox 747 1489 2357 1560">
     <span class='ocr_line' id='line_1_16' title="bbox 747 1489 2357 1560; baseline 0.007 -25"><span class='ocrx_word' id='word_1_96' title='bbox 747 1532 749 1534; x_wconf 83' lang='lat'><strong>.</strong></span> <span class='ocrx_word' id='word_1_97' title='bbox 783 1496 964 1552; x_wconf 87' lang='lat' dir='ltr'><strong>cepta,</strong></span> <span class='ocrx_word' id='word_1_98' title='bbox 992 1503 1098 1541; x_wconf 89' lang='lat' dir='ltr'><strong>non</strong></span> <span class='ocrx_word' id='word_1_99' title='bbox 1132 1489 1307 1543; x_wconf 89' lang='lat' dir='ltr'><strong>solum</strong></span> <span class='ocrx_word' id='word_1_100' title='bbox 1334 1491 1542 1543; x_wconf 92' lang='lat' dir='ltr'><strong>nullum</strong></span> <span class='ocrx_word' id='word_1_101' title='bbox 1576 1507 1639 1545; x_wconf 88' lang='lat' dir='ltr'><strong>ex</strong></span> <span class='ocrx_word' id='word_1_102' title='bbox 1662 1493 1781 1560; x_wconf 82' lang='lat' dir='ltr'><strong>ejus</strong></span> <span class='ocrx_word' id='word_1_103' title='bbox 1805 1495 2065 1546; x_wconf 86' lang='lat' dir='ltr'><strong>membris</strong></span> <span class='ocrx_word' id='word_1_104' title='bbox 2133 1493 2357 1547; x_wconf 87' lang='lat' dir='ltr'><strong>omnino</strong></span> 
     </span>
    </p>
   </div>
   <div class='ocr_carea' id='block_1_17' title="bbox 784 1581 2359 1653">
    <p class='ocr_par' dir='ltr' id='par_1_17' title="bbox 784 1581 2359 1653">
     <span class='ocr_line' id='line_1_17' title="bbox 784 1581 2359 1653; baseline 0.006 -25"><span class='ocrx_word' id='word_1_105' title='bbox 784 1585 1009 1646; x_wconf 81' lang='lat' dir='ltr'><strong>tangere</strong></span> <span class='ocrx_word' id='word_1_106' title='bbox 1039 1581 1453 1647; x_wconf 88' lang='lat' dir='ltr'><strong>sustinuerunt;</strong></span> <span class='ocrx_word' id='word_1_107' title='bbox 1486 1582 1580 1637; x_wconf 90' lang='lat' dir='ltr'><strong>sed</strong></span> <span class='ocrx_word' id='word_1_108' title='bbox 1618 1589 1805 1649; x_wconf 89' lang='lat' dir='ltr'><strong>etiam,</strong></span> <span class='ocrx_word' id='word_1_109' title='bbox 1862 1585 1988 1638; x_wconf 92' lang='lat' dir='ltr'><strong>dum</strong></span> <span class='ocrx_word' id='word_1_110' title='bbox 2055 1585 2120 1638; x_wconf 88' lang='lat' dir='ltr'><strong>ad</strong></span> <span class='ocrx_word' id='word_1_111' title='bbox 2174 1585 2359 1653; x_wconf 83' lang='lat' dir='ltr'><strong>sepul-</strong></span> 
     </span>
    </p>
   </div>
   <div class='ocr_carea' id='block_1_18' title="bbox 782 1669 2358 1745">
    <p class='ocr_par' dir='ltr' id='par_1_18' title="bbox 782 1669 2358 1745">
     <span class='ocr_line' id='line_1_18' title="bbox 782 1669 2358 1745; baseline 0.004 -23"><span class='ocrx_word' id='word_1_112' title='bbox 782 1683 935 1722; x_wconf 86' lang='lat' dir='ltr'><strong>crum</strong></span> <span class='ocrx_word' id='word_1_113' title='bbox 967 1669 1201 1725; x_wconf 87' lang='lat' dir='ltr'><strong>ferretur</strong></span> <span class='ocrx_word' id='word_1_114' title='bbox 1225 1691 1252 1725; x_wconf 89' lang='lat' dir='ltr'><strong>a</strong></span> <span class='ocrx_word' id='word_1_115' title='bbox 1294 1673 1657 1732; x_wconf 84' lang='lat' dir='ltr'><strong>Christianis.</strong></span> <span class='ocrx_word' id='word_1_116' title='bbox 1691 1691 1814 1729; x_wconf 90' lang='lat' dir='ltr'><strong>eum</strong></span> <span class='ocrx_word' id='word_1_117' title='bbox 1834 1677 2207 1745; x_wconf 81' lang='lat' dir='ltr'><strong>sequebantur</strong></span> <span class='ocrx_word' id='word_1_118' title='bbox 2233 1676 2358 1729; x_wconf 89' lang='lat' dir='ltr'><strong>fun-</strong></span> 
     </span>
    </p>
   </div>
   <div class='ocr_carea' id='block_1_19' title="bbox 783 1767 2360 1839">
    <p class='ocr_par' dir='ltr' id='par_1_19' title="bbox 783 1767 2360 1839">
     <span class='ocr_line' id='line_1_19' title="bbox 783 1767 2360 1839; baseline 0.006 -25"><span class='ocrx_word' id='word_1_119' title='bbox 783 1771 976 1831; x_wconf 84' lang='lat' dir='ltr'><strong>gentes</strong></span> <span class='ocrx_word' id='word_1_120' title='bbox 1009 1780 1234 1819; x_wconf 89' lang='lat' dir='ltr'><strong>munere</strong></span> <span class='ocrx_word' id='word_1_121' title='bbox 1268 1767 1583 1831; x_wconf 75' lang='lat' dir='ltr'><strong>satellitum,</strong></span> <span class='ocrx_word' id='word_1_122' title='bbox 1619 1780 1674 1822; x_wconf 90' lang='lat' dir='ltr'><strong>et</strong></span> <span class='ocrx_word' id='word_1_123' title='bbox 1710 1770 1803 1822; x_wconf 89' lang='lat' dir='ltr'><strong>Dei</strong></span> <span class='ocrx_word' id='word_1_124' title='bbox 1841 1771 2024 1823; x_wconf 78' lang='lat' dir='ltr'><strong>hostes</strong></span> <span class='ocrx_word' id='word_1_125' title='bbox 2053 1779 2240 1839; x_wconf 92' lang='lat' dir='ltr'><strong>aperte</strong></span> <span class='ocrx_word' id='word_1_126' title='bbox 2272 1785 2360 1823; x_wconf 84' lang='lat' dir='ltr'><strong>ar-</strong></span> 
     </span>
    </p>
   </div>
   <div class='ocr_carea' id='block_1_20' title="bbox 2470 573 4057 644">
    <p class='ocr_par' dir='ltr' id='par_1_20' title="bbox 2470 573 4057 644">
     <span class='ocr_line' id='line_1_20' title="bbox 2470 573 4057 644; baseline 0.003 -20"><span class='ocrx_word' id='word_1_127' title='bbox 2470 575 2706 642; x_wconf 74' lang='grc' dir='ltr'><strong>ἐαρινοῖς</strong></span> <span class='ocrx_word' id='word_1_128' title='bbox 2735 573 3121 643; x_wconf 84' lang='grc' dir='ltr'>καταχέεσθαι.</span> <span class='ocrx_word' id='word_1_129' title='bbox 3152 575 3296 636; x_wconf 84' lang='grc' dir='ltr'>Ἕως</span> <span class='ocrx_word' id='word_1_130' title='bbox 3320 576 3413 626; x_wconf 77' lang='grc' dir='ltr'><strong>ἐπὶ</strong></span> <span class='ocrx_word' id='word_1_131' title='bbox 3460 575 3551 627; x_wconf 77' lang='grc' dir='ltr'>τὸν</span> <span class='ocrx_word' id='word_1_132' title='bbox 3578 577 3932 644; x_wconf 68' lang='grc' dir='ltr'>μακαριστὸν</span> <span class='ocrx_word' id='word_1_133' title='bbox 3961 578 4057 644; x_wconf 73' lang='grc' dir='ltr'>τῆς</span> 
     </span>
    </p>
   </div>
   <div class='ocr_carea' id='block_1_21' title="bbox 2468 666 4053 738">
    <p class='ocr_par' dir='ltr' id='par_1_21' title="bbox 2468 666 4053 738">
     <span class='ocr_line' id='line_1_21' title="bbox 2468 666 4053 738; baseline 0.001 -21"><span class='ocrx_word' id='word_1_134' title='bbox 2468 666 2826 728; x_wconf 85' lang='grc' dir='ltr'>ἀναπαύσεως</span> <span class='ocrx_word' id='word_1_135' title='bbox 2879 666 2946 720; x_wconf 89' lang='grc' dir='ltr'>δι’</span> <span class='ocrx_word' id='word_1_136' title='bbox 2998 667 3323 736; x_wconf 70' lang='grc' dir='ltr'><strong>ἐπουρανίου</strong></span> <span class='ocrx_word' id='word_1_137' title='bbox 3381 668 3566 737; x_wconf 76' lang='grc' dir='ltr'>φωνῆς</span> <span class='ocrx_word' id='word_1_138' title='bbox 3597 670 3808 738; x_wconf 82' lang='grc' dir='ltr'>ἐκλήθη</span> <span class='ocrx_word' id='word_1_139' title='bbox 3867 671 4053 733; x_wconf 71' lang='grc' dir='ltr'>τόπον,</span> 
     </span>
    </p>
   </div>
   <div class='ocr_carea' id='block_1_22' title="bbox 2468 754 4052 828">
    <p class='ocr_par' dir='ltr' id='par_1_22' title="bbox 2468 754 4052 828">
     <span class='ocr_line' id='line_1_22' title="bbox 2468 754 4052 828; baseline 0.005 -23"><span class='ocrx_word' id='word_1_140' title='bbox 2468 756 2589 816; x_wconf 83' lang='grc' dir='ltr'>ταῖς</span> <span class='ocrx_word' id='word_1_141' title='bbox 2616 754 2710 806; x_wconf 83' lang='grc' dir='ltr'>τοῦ</span> <span class='ocrx_word' id='word_1_142' title='bbox 2739 754 3073 826; x_wconf 75' lang='grc' dir='ltr'><strong>δημιουργοῦ</strong></span> <span class='ocrx_word' id='word_1_143' title='bbox 3105 758 3260 826; x_wconf 81' lang='grc' dir='ltr'>χερσὶ</span> <span class='ocrx_word' id='word_1_144' title='bbox 3289 757 3387 824; x_wconf 79' lang='grc' dir='ltr'><strong>τὴν</strong></span> <span class='ocrx_word' id='word_1_145' title='bbox 3429 758 3606 826; x_wconf 69' lang='grc' dir='ltr'>ψυχὴν</span> <span class='ocrx_word' id='word_1_146' title='bbox 3640 762 4052 828; x_wconf 77' lang='grc' dir='ltr'><strong>παραθέμενος.</strong></span> 
     </span>
    </p>
   </div>
   <div class='ocr_carea' id='block_1_23' title="bbox 2539 846 4052 920">
    <p class='ocr_par' dir='ltr' id='par_1_23' title="bbox 2539 846 4052 920">
     <span class='ocr_line' id='line_1_23' title="bbox 2539 846 4052 920; baseline 0.003 -22"><span class='ocrx_word' id='word_1_147' title='bbox 2539 846 2638 900; x_wconf 70' lang='lat' dir='ltr'><strong>IA&#39;.</strong></span> <span class='ocrx_word' id='word_1_148' title='bbox 2679 846 2751 897; x_wconf 79' lang='grc' dir='ltr'><strong>Τὸ</strong></span> <span class='ocrx_word' id='word_1_149' title='bbox 2789 848 2973 914; x_wconf 80' lang='grc' dir='ltr'>μέντοι</span> <span class='ocrx_word' id='word_1_150' title='bbox 3009 849 3347 915; x_wconf 77' lang='grc' dir='ltr'>μαρτυρικὸν</span> <span class='ocrx_word' id='word_1_151' title='bbox 3381 850 3593 901; x_wconf 82' lang='grc' dir='ltr'>ἐκείνου</span> <span class='ocrx_word' id='word_1_152' title='bbox 3645 851 3812 918; x_wconf 79' lang='grc' dir='ltr'>σῶμα</span> <span class='ocrx_word' id='word_1_153' title='bbox 3854 853 4052 920; x_wconf 65' lang='grc' dir='ltr'>βρῶμα</span> 
     </span>
    </p>
   </div>
   <div class='ocr_carea' id='block_1_24' title="bbox 2463 935 4052 1010">
    <p class='ocr_par' dir='ltr' id='par_1_24' title="bbox 2463 935 4052 1010">
     <span class='ocr_line' id='line_1_24' title="bbox 2463 935 4052 1010; baseline 0.007 -25"><span class='ocrx_word' id='word_1_154' title='bbox 2463 936 2569 1010; x_wconf 75' lang='grc' dir='ltr'><strong>⁶μὲν</strong></span> <span class='ocrx_word' id='word_1_155' title='bbox 2599 935 2792 1006; x_wconf 71' lang='grc' dir='ltr'>θηρσὶν</span> <span class='ocrx_word' id='word_1_156' title='bbox 2821 939 2848 988; x_wconf 89' lang='grc' dir='ltr'>ὁ</span> <span class='ocrx_word' id='word_1_157' title='bbox 2882 939 3198 1006; x_wconf 84' lang='grc' dir='ltr'>παράνομος</span> <span class='ocrx_word' id='word_1_158' title='bbox 3249 939 3507 1008; x_wconf 79' lang='grc' dir='ltr'>δικαστὴς</span> <span class='ocrx_word' id='word_1_159' title='bbox 3581 941 3775 995; x_wconf 78' lang='grc' dir='ltr'>ἐτίθει.</span> <span class='ocrx_word' id='word_1_160' title='bbox 3837 945 4052 1007; x_wconf 83' lang='grc' dir='ltr'>Ἠγνὸει</span> 
     </span>
    </p>
   </div>
   <div class='ocr_carea' id='block_1_25' title="bbox 2465 1025 4053 1100">
    <p class='ocr_par' dir='ltr' id='par_1_25' title="bbox 2465 1025 4053 1100">
     <span class='ocr_line' id='line_1_25' title="bbox 2465 1025 4053 1100; baseline 0.005 -20"><span class='ocrx_word' id='word_1_161' title='bbox 2465 1027 2521 1080; x_wconf 81' lang='grc' dir='ltr'>δὲ</span> <span class='ocrx_word' id='word_1_162' title='bbox 2557 1030 2774 1091; x_wconf 84' lang='grc' dir='ltr'>πάντως</span> <span class='ocrx_word' id='word_1_163' title='bbox 2832 1029 3015 1092; x_wconf 80' lang='grc' dir='ltr'>ὁποῖος</span> <span class='ocrx_word' id='word_1_164' title='bbox 3068 1025 3136 1100; x_wconf 77' lang='grc' dir='ltr'>ἦν</span> <span class='ocrx_word' id='word_1_165' title='bbox 3201 1031 3457 1098; x_wconf 72' lang='grc' dir='ltr'>κήδεσθαι</span> <span class='ocrx_word' id='word_1_166' title='bbox 3509 1032 3615 1083; x_wconf 80' lang='grc' dir='ltr'><strong>τῶν</strong></span> <span class='ocrx_word' id='word_1_167' title='bbox 3665 1033 3979 1098; x_wconf 74' lang='grc' dir='ltr'><strong>φιλούντων</strong></span> <span class='ocrx_word' id='word_1_168' title='bbox 4028 1038 4053 1087; x_wconf 74' lang='grc' dir='ltr'>ὁ</span> 
     </span>
    </p>
   </div>
   <div class='ocr_carea' id='block_1_26' title="bbox 2467 1122 4049 1195">
    <p class='ocr_par' dir='ltr' id='par_1_26' title="bbox 2467 1122 4049 1195">
     <span class='ocr_line' id='line_1_26' title="bbox 2467 1122 4049 1195; baseline 0.004 -22"><span class='ocrx_word' id='word_1_169' title='bbox 2467 1122 2676 1174; x_wconf 80' lang='grc' dir='ltr'>ἐκείνου</span> <span class='ocrx_word' id='word_1_170' title='bbox 2733 1123 2886 1186; x_wconf 76' lang='grc' dir='ltr'>Θεὸς,</span> <span class='ocrx_word' id='word_1_171' title='bbox 2929 1123 2986 1185; x_wconf 82' lang='grc' dir='ltr'>ὃς</span> <span class='ocrx_word' id='word_1_172' title='bbox 3042 1125 3136 1176; x_wconf 75' lang='grc' dir='ltr'><strong>καὶ</strong></span> <span class='ocrx_word' id='word_1_173' title='bbox 3197 1123 3402 1195; x_wconf 72' lang='grc' dir='ltr'>θηρίων</span> <span class='ocrx_word' id='word_1_174' title='bbox 3460 1122 3568 1177; x_wconf 76' lang='grc' dir='ltr'>οἶδε</span> <span class='ocrx_word' id='word_1_175' title='bbox 3631 1126 3802 1192; x_wconf 68' lang='grc' dir='ltr'>φύσιν</span> <span class='ocrx_word' id='word_1_176' title='bbox 3883 1147 4049 1194; x_wconf 81' lang='grc' dir='ltr'>μετα-</span> 
     </span>
    </p>
   </div>
   <div class='ocr_carea' id='block_1_27' title="bbox 2467 1213 4053 1286">
    <p class='ocr_par' dir='ltr' id='par_1_27' title="bbox 2467 1213 4053 1286">
     <span class='ocr_line' id='line_1_27' title="bbox 2467 1213 4053 1286; baseline 0.004 -22"><span class='ocrx_word' id='word_1_177' title='bbox 2467 1213 2678 1267; x_wconf 71' lang='grc' dir='ltr'>ϐάλλειν</span> <span class='ocrx_word' id='word_1_178' title='bbox 2710 1217 2787 1276; x_wconf 87' lang='grc' dir='ltr'><strong>είς</strong></span> <span class='ocrx_word' id='word_1_179' title='bbox 2820 1217 3155 1285; x_wconf 76' lang='grc' dir='ltr'><strong>ἡμερότητα,</strong></span> <span class='ocrx_word' id='word_1_180' title='bbox 3191 1221 3284 1270; x_wconf 75' lang='grc' dir='ltr'><strong>καὶ</strong></span> <span class='ocrx_word' id='word_1_181' title='bbox 3320 1217 3542 1286; x_wconf 75' lang='grc' dir='ltr'>μείζονα</span> <span class='ocrx_word' id='word_1_182' title='bbox 3591 1219 3673 1270; x_wconf 81' lang='grc' dir='ltr'><strong>ἔτι</strong></span> <span class='ocrx_word' id='word_1_183' title='bbox 3707 1220 3783 1270; x_wconf 79' lang='grc' dir='ltr'>δι’</span> <span class='ocrx_word' id='word_1_184' title='bbox 3821 1221 4053 1270; x_wconf 75' lang='grc' dir='ltr'>ἐκείνων</span> 
     </span>
    </p>
   </div>
   <div class='ocr_carea' id='block_1_28' title="bbox 2471 1302 4058 1376">
    <p class='ocr_par' dir='ltr' id='par_1_28' title="bbox 2471 1302 4058 1376">
     <span class='ocr_line' id='line_1_28' title="bbox 2471 1302 4058 1376; baseline 0.003 -22"><span class='ocrx_word' id='word_1_185' title='bbox 2471 1302 2935 1375; x_wconf 79' lang='grc' dir='ltr'>θαυματουργεῖν.</span> <span class='ocrx_word' id='word_1_186' title='bbox 2987 1306 3126 1369; x_wconf 66' lang='grc' dir='ltr'>Τοὺς</span> <span class='ocrx_word' id='word_1_187' title='bbox 3172 1307 3280 1376; x_wconf 87' lang='grc' dir='ltr'>γὰρ</span> <span class='ocrx_word' id='word_1_188' title='bbox 3331 1307 3468 1376; x_wconf 76' lang='grc' dir='ltr'>ὑπὲρ</span> <span class='ocrx_word' id='word_1_189' title='bbox 3507 1310 3606 1374; x_wconf 79' lang='grc' dir='ltr'>τῆς</span> <span class='ocrx_word' id='word_1_190' title='bbox 3640 1309 3941 1369; x_wconf 70' lang='grc' dir='ltr'>εὐσεϐείας</span> <span class='ocrx_word' id='word_1_191' title='bbox 3977 1313 4058 1359; x_wconf 81' lang='grc' dir='ltr'><strong>αἰ-</strong></span> 
     </span>
    </p>
   </div>
   <div class='ocr_carea' id='block_1_29' title="bbox 2467 1396 4055 1468">
    <p class='ocr_par' dir='ltr' id='par_1_29' title="bbox 2467 1396 4055 1468">
     <span class='ocr_line' id='line_1_29' title="bbox 2467 1396 4055 1468; baseline 0.001 -20"><span class='ocrx_word' id='word_1_192' title='bbox 2467 1396 2720 1464; x_wconf 82' lang='grc' dir='ltr'>δούμενοι</span> <span class='ocrx_word' id='word_1_193' title='bbox 2767 1396 2861 1449; x_wconf 73' lang='grc' dir='ltr'>τοῦ</span> <span class='ocrx_word' id='word_1_194' title='bbox 2921 1397 3113 1466; x_wconf 82' lang='grc' dir='ltr'>ἀνδρὸς</span> <span class='ocrx_word' id='word_1_195' title='bbox 3171 1398 3368 1460; x_wconf 79' lang='grc' dir='ltr'>ἄθλους</span> <span class='ocrx_word' id='word_1_196' title='bbox 3409 1401 3455 1450; x_wconf 88' lang='grc' dir='ltr'><strong>οί</strong></span> <span class='ocrx_word' id='word_1_197' title='bbox 3517 1398 3705 1466; x_wconf 72' lang='grc' dir='ltr'>θῆρες,</span> <span class='ocrx_word' id='word_1_198' title='bbox 3764 1401 3828 1450; x_wconf 77' lang='grc' dir='ltr'><strong>οὐ</strong></span> <span class='ocrx_word' id='word_1_199' title='bbox 3897 1401 4055 1468; x_wconf 72' lang='grc' dir='ltr'>μόνον</span> 
     </span>
    </p>
   </div>
   <div class='ocr_carea' id='block_1_30' title="bbox 2467 1490 4052 1561">
    <p class='ocr_par' dir='ltr' id='par_1_30' title="bbox 2467 1490 4052 1561">
     <span class='ocr_line' id='line_1_30' title="bbox 2467 1490 4052 1561; baseline -0.001 -18"><span class='ocrx_word' id='word_1_200' title='bbox 2467 1491 2586 1543; x_wconf 71' lang='grc' dir='ltr'>οὐδὲ</span> <span class='ocrx_word' id='word_1_201' title='bbox 2612 1490 2818 1559; x_wconf 64' lang='grc' dir='ltr'>ψαῦσαί</span> <span class='ocrx_word' id='word_1_202' title='bbox 2843 1509 2987 1554; x_wconf 78' lang='grc' dir='ltr'>τινος</span> <span class='ocrx_word' id='word_1_203' title='bbox 3020 1493 3130 1542; x_wconf 84' lang='grc' dir='ltr'><strong>τῶν</strong></span> <span class='ocrx_word' id='word_1_204' title='bbox 3159 1491 3324 1544; x_wconf 79' lang='grc' dir='ltr'>αὐτοῦ</span> <span class='ocrx_word' id='word_1_205' title='bbox 3357 1492 3532 1560; x_wconf 77' lang='grc' dir='ltr'>μελῶν</span> <span class='ocrx_word' id='word_1_206' title='bbox 3558 1493 4052 1561; x_wconf 61' lang='grc' dir='ltr'>ὅλωςὴνὲσχοντο,</span> 
     </span>
    </p>
   </div>
   <div class='ocr_carea' id='block_1_31' title="bbox 2469 1583 4056 1655">
    <p class='ocr_par' dir='ltr' id='par_1_31' title="bbox 2469 1583 4056 1655">
     <span class='ocr_line' id='line_1_31' title="bbox 2469 1583 4056 1655; baseline -0.002 -18"><span class='ocrx_word' id='word_1_207' title='bbox 2469 1584 2606 1637; x_wconf 80' lang='grc' dir='ltr'>ἀλλὰ</span> <span class='ocrx_word' id='word_1_208' title='bbox 2648 1587 2742 1636; x_wconf 66' lang='grc' dir='ltr'><strong>κα)⁵</strong></span> <span class='ocrx_word' id='word_1_209' title='bbox 2777 1585 2909 1654; x_wconf 74' lang='grc' dir='ltr'>προς</span> <span class='ocrx_word' id='word_1_210' title='bbox 2969 1583 3146 1653; x_wconf 72' lang='grc' dir='ltr'>ταφὴν</span> <span class='ocrx_word' id='word_1_211' title='bbox 3200 1584 3304 1636; x_wconf 72' lang='grc' dir='ltr'>ὑπὸ</span> <span class='ocrx_word' id='word_1_212' title='bbox 3355 1585 3702 1654; x_wconf 81' lang='grc' dir='ltr'><strong>Χριστιανῶν</strong></span> <span class='ocrx_word' id='word_1_213' title='bbox 3759 1588 4056 1655; x_wconf 72' lang='grc' dir='ltr'><strong>φερομένῳ</strong></span> 
     </span>
    </p>
   </div>
   <div class='ocr_carea' id='block_1_32' title="bbox 2469 1676 4056 1747">
    <p class='ocr_par' dir='ltr' id='par_1_32' title="bbox 2469 1676 4056 1747">
     <span class='ocr_line' id='line_1_32' title="bbox 2469 1676 4056 1747; baseline 0 -18"><span class='ocrx_word' id='word_1_214' title='bbox 2469 1677 2821 1747; x_wconf 84' lang='grc' dir='ltr'>παρείποντο,</span> <span class='ocrx_word' id='word_1_215' title='bbox 2868 1678 3185 1747; x_wconf 73' lang='grc' dir='ltr'>δορυφόρων</span> <span class='ocrx_word' id='word_1_216' title='bbox 3238 1676 3390 1742; x_wconf 78' lang='grc' dir='ltr'>τάξιν</span> <span class='ocrx_word' id='word_1_217' title='bbox 3436 1679 3920 1746; x_wconf 71' lang='grc' dir='ltr'>ἀποπληροῦντες,</span> <span class='ocrx_word' id='word_1_218' title='bbox 3965 1681 4056 1730; x_wconf 68' lang='grc' dir='ltr'><strong>καὶ</strong></span> 
     </span>
    </p>
   </div>
   <div class='ocr_carea' id='block_1_33' title="bbox 2468 1769 4052 1840">
    <p class='ocr_par' dir='ltr' id='par_1_33' title="bbox 2468 1769 4052 1840">
     <span class='ocr_line' id='line_1_33' title="bbox 2468 1769 4052 1840; baseline 0.001 -18"><span class='ocrx_word' id='word_1_219' title='bbox 2468 1771 2570 1837; x_wconf 75' lang='grc' dir='ltr'>τὴν</span> <span class='ocrx_word' id='word_1_220' title='bbox 2624 1770 2703 1838; x_wconf 80' lang='grc' dir='ltr'>τῷ</span> <span class='ocrx_word' id='word_1_221' title='bbox 2755 1769 3044 1838; x_wconf 79' lang='grc' dir='ltr'>θεομάχων</span> <span class='ocrx_word' id='word_1_222' title='bbox 3104 1772 3291 1825; x_wconf 84' lang='grc' dir='ltr'>ἀνοιαν</span> <span class='ocrx_word' id='word_1_223' title='bbox 3345 1770 3598 1840; x_wconf 78' lang='grc' dir='ltr'><strong>φανερῶς</strong></span> <span class='ocrx_word' id='word_1_224' title='bbox 3652 1771 4052 1840; x_wconf 79' lang='grc' dir='ltr'>διελέγχοντες.</span> 
     </span>
    </p>
   </div>
   <div class='ocr_carea' id='block_1_34' title="bbox 785 1841 2362 1933">
    <p class='ocr_par' dir='ltr' id='par_1_34' title="bbox 785 1857 2358 1932">
     <span class='ocr_line' id='line_1_34' title="bbox 785 1857 2358 1932; baseline 0.007 -27"><span class='ocrx_word' id='word_1_225' title='bbox 785 1864 1018 1921; x_wconf 89' lang='lat' dir='ltr'><strong>guentes</strong></span> <span class='ocrx_word' id='word_1_226' title='bbox 1049 1857 1320 1912; x_wconf 73' lang='lat' dir='ltr'><strong>amentiae.</strong></span> <span class='ocrx_word' id='word_1_227' title='bbox 1355 1859 1448 1912; x_wconf 87' lang='lat' dir='ltr'><strong>Sic</strong></span> <span class='ocrx_word' id='word_1_228' title='bbox 1469 1874 1596 1926; x_wconf 85' lang='lat' dir='ltr'><strong>ergo</strong></span> <span class='ocrx_word' id='word_1_229' title='bbox 1619 1861 1856 1932; x_wconf 75' lang='lat' dir='ltr'><strong>inclytus</strong></span> <span class='ocrx_word' id='word_1_230' title='bbox 1890 1861 2135 1917; x_wconf 85' lang='lat' dir='ltr'><strong>Bacchus</strong></span> <span class='ocrx_word' id='word_1_231' title='bbox 2154 1877 2215 1915; x_wconf 90' lang='lat' dir='ltr'><strong>ea</strong></span> <span class='ocrx_word' id='word_1_232' title='bbox 2237 1877 2358 1931; x_wconf 62' lang='lat' dir='ltr'><strong>qua:</strong></span> 
     </span>
    </p>
   </div>
   <div class='ocr_carea' id='block_1_35' title="bbox 2471 1841 4057 1933">
    <p class='ocr_par' dir='ltr' id='par_1_35' title="bbox 2471 1856 4057 1933">
     <span class='ocr_line' id='line_1_35' title="bbox 2471 1856 4057 1933; baseline -0.001 -17"><span class='ocrx_word' id='word_1_233' title='bbox 2471 1861 2624 1916; x_wconf 74' lang='grc' dir='ltr'>Οὕτω</span> <span class='ocrx_word' id='word_1_234' title='bbox 2656 1866 2756 1932; x_wconf 82' lang='grc' dir='ltr'>μὲν</span> <span class='ocrx_word' id='word_1_235' title='bbox 2786 1861 2877 1916; x_wconf 72' lang='grc' dir='ltr'><strong>οὖν</strong></span> <span class='ocrx_word' id='word_1_236' title='bbox 2915 1865 2942 1916; x_wconf 86' lang='grc' dir='ltr'>ὁ</span> <span class='ocrx_word' id='word_1_237' title='bbox 2978 1864 3221 1933; x_wconf 82' lang='grc' dir='ltr'><strong>ἀοίδιμος</strong></span> <span class='ocrx_word' id='word_1_238' title='bbox 3268 1864 3475 1932; x_wconf 81' lang='grc' dir='ltr'>Βάκχος</span> <span class='ocrx_word' id='word_1_239' title='bbox 3526 1856 3599 1914; x_wconf 83' lang='grc' dir='ltr'>ὧν</span> <span class='ocrx_word' id='word_1_240' title='bbox 3643 1863 3921 1931; x_wconf 68' lang='grc' dir='ltr'>ἐπεθύμει</span> <span class='ocrx_word' id='word_1_241' title='bbox 3965 1882 4057 1915; x_wconf 78' lang='grc' dir='ltr'>τυ-</span> 
     </span>
    </p>
   </div>
   <div class='ocr_carea' id='block_1_36' title="bbox 785 1946 2359 2014">
    <p class='ocr_par' dir='ltr' id='par_1_36' title="bbox 785 1946 2359 2014">
     <span class='ocr_line' id='line_1_36' title="bbox 785 1946 2359 2014; baseline 0.008 -16"><span class='ocrx_word' id='word_1_242' title='bbox 785 1946 1041 2014; x_wconf 89' lang='lat' dir='ltr'><strong>cupiebat</strong></span> <span class='ocrx_word' id='word_1_243' title='bbox 1075 1959 1380 2008; x_wconf 85' lang='lat' dir='ltr'><strong>assecutus.</strong></span> <span class='ocrx_word' id='word_1_244' title='bbox 1407 1949 1471 2002; x_wconf 86' lang='lat' dir='ltr'><strong>ad</strong></span> <span class='ocrx_word' id='word_1_245' title='bbox 1513 1951 1755 2006; x_wconf 83' lang='lat' dir='ltr'><strong>ccelestia</strong></span> <span class='ocrx_word' id='word_1_246' title='bbox 1787 1954 2000 2007; x_wconf 83' lang='lat' dir='ltr'><strong>transiit</strong></span> <span class='ocrx_word' id='word_1_247' title='bbox 2034 1953 2359 2011; x_wconf 87' lang='lat' dir='ltr'><strong>habitacula.</strong></span> 
     </span>
    </p>
   </div>
   <div class='ocr_carea' id='block_1_37' title="bbox 855 2036 2364 2111">
    <p class='ocr_par' dir='ltr' id='par_1_37' title="bbox 855 2036 2364 2111">
     <span class='ocr_line' id='line_1_37' title="bbox 855 2036 2364 2111; baseline 0.008 -21"><span class='ocrx_word' id='word_1_248' title='bbox 855 2036 971 2091; x_wconf 77' lang='lat' dir='ltr'><strong>XV.</strong></span> <span class='ocrx_word' id='word_1_249' title='bbox 1013 2038 1236 2108; x_wconf 80' lang='lat' dir='ltr'><strong>Sergius</strong></span> <span class='ocrx_word' id='word_1_250' title='bbox 1265 2051 1443 2096; x_wconf 84' lang='lat' dir='ltr'><strong>autem</strong></span> <span class='ocrx_word' id='word_1_251' title='bbox 1473 2043 1653 2098; x_wconf 89' lang='lat' dir='ltr'><strong>socius</strong></span> <span class='ocrx_word' id='word_1_252' title='bbox 1686 2044 1807 2111; x_wconf 87' lang='lat' dir='ltr'><strong>ejus</strong></span> <span class='ocrx_word' id='word_1_253' title='bbox 1854 2045 2072 2101; x_wconf 88' lang='lat' dir='ltr'><strong>relictus</strong></span> <span class='ocrx_word' id='word_1_254' title='bbox 2101 2055 2154 2100; x_wconf 91' lang='lat' dir='ltr'><strong>et</strong></span> <span class='ocrx_word' id='word_1_255' title='bbox 2194 2048 2364 2102; x_wconf 86' lang='lat' dir='ltr'><strong>mole-</strong></span> 
     </span>
    </p>
   </div>
   <div class='ocr_carea' id='block_1_38' title="bbox 785 2130 2364 2206">
    <p class='ocr_par' dir='ltr' id='par_1_38' title="bbox 785 2130 2364 2206">
     <span class='ocr_line' id='line_1_38' title="bbox 785 2130 2364 2206; baseline 0.007 -21"><span class='ocrx_word' id='word_1_256' title='bbox 785 2133 892 2186; x_wconf 66' lang='lat' dir='ltr'><strong>alia</strong></span> <span class='ocrx_word' id='word_1_257' title='bbox 914 2130 1318 2186; x_wconf 86' lang='lat' dir='ltr'><strong>distrahebatur</strong></span> <span class='ocrx_word' id='word_1_258' title='bbox 1359 2144 1581 2203; x_wconf 76' lang='lat' dir='ltr'><strong>pronter</strong></span> <span class='ocrx_word' id='word_1_259' title='bbox 1614 2137 2031 2206; x_wconf 86' lang='lat' dir='ltr'><strong>separationem,</strong></span> <span class='ocrx_word' id='word_1_260' title='bbox 2086 2148 2140 2193; x_wconf 92' lang='lat' dir='ltr'><strong>et</strong></span> <span class='ocrx_word' id='word_1_261' title='bbox 2177 2155 2364 2196; x_wconf 88' lang='lat' dir='ltr'><strong>rursus</strong></span> 
     </span>
    </p>
   </div>
   <div class='ocr_carea' id='block_1_39' title="bbox 788 2221 2366 2302">
    <p class='ocr_par' dir='ltr' id='par_1_39' title="bbox 788 2221 2366 2302">
     <span class='ocr_line' id='line_1_39' title="bbox 788 2221 2366 2302; baseline 0.01 -29"><span class='ocrx_word' id='word_1_262' title='bbox 788 2221 972 2275; x_wconf 67' lang='lat' dir='ltr'><strong>laetitia</strong></span> <span class='ocrx_word' id='word_1_263' title='bbox 1007 2234 1230 2293; x_wconf 86' lang='lat' dir='ltr'><strong>propter</strong></span> <span class='ocrx_word' id='word_1_264' title='bbox 1254 2227 1744 2294; x_wconf 74' lang='lat' dir='ltr'><strong>exspectationem.</strong></span> <span class='ocrx_word' id='word_1_265' title='bbox 1792 2227 1895 2284; x_wconf 89' lang='lat' dir='ltr'><strong>Sed</strong></span> <span class='ocrx_word' id='word_1_266' title='bbox 1954 2248 2060 2285; x_wconf 91' lang='lat' dir='ltr'><strong>non</strong></span> <span class='ocrx_word' id='word_1_267' title='bbox 2116 2233 2366 2302; x_wconf 78' lang='lat' dir='ltr'><strong>despexit</strong></span> 
     </span>
    </p>
   </div>
   <div class='ocr_carea' id='block_1_40' title="bbox 786 2316 2363 2394">
    <p class='ocr_par' dir='ltr' id='par_1_40' title="bbox 786 2316 2363 2394">
     <span class='ocr_line' id='line_1_40' title="bbox 786 2316 2363 2394; baseline 0.009 -29"><span class='ocrx_word' id='word_1_268' title='bbox 786 2329 913 2366; x_wconf 86' lang='lat' dir='ltr'><strong>eum</strong></span> <span class='ocrx_word' id='word_1_269' title='bbox 963 2330 1107 2384; x_wconf 65' lang='lat' dir='ltr'><strong>aegre</strong></span> <span class='ocrx_word' id='word_1_270' title='bbox 1171 2316 1438 2373; x_wconf 84' lang='lat' dir='ltr'><strong>ferentem</strong></span> <span class='ocrx_word' id='word_1_271' title='bbox 1517 2321 1918 2389; x_wconf 86' lang='lat' dir='ltr'><strong>separationem</strong></span> <span class='ocrx_word' id='word_1_272' title='bbox 1995 2325 2168 2378; x_wconf 88' lang='lat' dir='ltr'><strong>dulcis</strong></span> <span class='ocrx_word' id='word_1_273' title='bbox 2243 2325 2363 2394; x_wconf 85' lang='lat' dir='ltr'><strong>ejus</strong></span> 
     </span>
    </p>
   </div>
   <div class='ocr_carea' id='block_1_41' title="bbox 788 2408 2362 2471">
    <p class='ocr_par' dir='ltr' id='par_1_41' title="bbox 788 2408 2362 2471">
     <span class='ocr_line' id='line_1_41' title="bbox 788 2408 2362 2471; baseline 0.007 -11"><span class='ocrx_word' id='word_1_274' title='bbox 788 2408 1000 2462; x_wconf 82' lang='lat' dir='ltr'><strong>amicus</strong></span> <span class='ocrx_word' id='word_1_275' title='bbox 1026 2419 1080 2464; x_wconf 91' lang='lat' dir='ltr'><strong>et</strong></span> <span class='ocrx_word' id='word_1_276' title='bbox 1111 2410 1426 2465; x_wconf 86' lang='lat' dir='ltr'><strong>familiaris:</strong></span> <span class='ocrx_word' id='word_1_277' title='bbox 1458 2414 1551 2468; x_wconf 87' lang='lat' dir='ltr'><strong>sed</strong></span> <span class='ocrx_word' id='word_1_278' title='bbox 1595 2415 1717 2468; x_wconf 66' lang='lat' dir='ltr'><strong>laeto</strong></span> <span class='ocrx_word' id='word_1_279' title='bbox 1753 2415 1900 2469; x_wconf 88' lang='lat' dir='ltr'><strong>vultu</strong></span> <span class='ocrx_word' id='word_1_280' title='bbox 1951 2416 2171 2470; x_wconf 88' lang='lat' dir='ltr'><strong>divinus</strong></span> <span class='ocrx_word' id='word_1_281' title='bbox 2223 2416 2362 2471; x_wconf 85' lang='lat' dir='ltr'><strong>Bac-</strong></span> 
     </span>
    </p>
   </div>
   <div class='ocr_carea' id='block_1_42' title="bbox 794 2500 2355 2580">
    <p class='ocr_par' dir='ltr' id='par_1_42' title="bbox 794 2500 2355 2580">
     <span class='ocr_line' id='line_1_42' title="bbox 794 2500 2355 2580; baseline 0.008 -27"><span class='ocrx_word' id='word_1_282' title='bbox 794 2500 954 2566; x_wconf 88' lang='lat' dir='ltr'><strong>chus,</strong></span> <span class='ocrx_word' id='word_1_283' title='bbox 983 2513 1036 2555; x_wconf 88' lang='lat' dir='ltr'><strong>et</strong></span> <span class='ocrx_word' id='word_1_284' title='bbox 1061 2514 1325 2558; x_wconf 85' lang='lat' dir='ltr'><strong>consueto</strong></span> <span class='ocrx_word' id='word_1_285' title='bbox 1355 2505 1543 2559; x_wconf 87' lang='lat' dir='ltr'><strong>habitu</strong></span> <span class='ocrx_word' id='word_1_286' title='bbox 1564 2506 1777 2560; x_wconf 85' lang='lat' dir='ltr'><strong>militari</strong></span> <span class='ocrx_word' id='word_1_287' title='bbox 1801 2519 1963 2562; x_wconf 90' lang='lat' dir='ltr'><strong>noctu</strong></span> <span class='ocrx_word' id='word_1_288' title='bbox 1983 2510 2029 2564; x_wconf 91' lang='lat' dir='ltr'><strong>ei</strong></span> <span class='ocrx_word' id='word_1_289' title='bbox 2063 2526 2355 2580; x_wconf 85' lang='lat' dir='ltr'><strong>apparens,</strong></span> 
     </span>
    </p>
   </div>
   <div class='ocr_carea' id='block_1_43' title="bbox 785 2593 2364 2670">
    <p class='ocr_par' dir='ltr' id='par_1_43' title="bbox 785 2593 2364 2670">
     <span class='ocr_line' id='line_1_43' title="bbox 785 2593 2364 2670; baseline 0.01 -26"><span class='ocrx_word' id='word_1_290' title='bbox 785 2607 912 2645; x_wconf 90' lang='lat' dir='ltr'><strong>cum</strong></span> <span class='ocrx_word' id='word_1_291' title='bbox 939 2593 1172 2648; x_wconf 87' lang='lat' dir='ltr'><strong>amicum</strong></span> <span class='ocrx_word' id='word_1_292' title='bbox 1206 2597 1577 2660; x_wconf 81' lang='lat' dir='ltr'><strong>convenisset,</strong></span> <span class='ocrx_word' id='word_1_293' title='bbox 1605 2606 1660 2651; x_wconf 91' lang='lat' dir='ltr'><strong>et</strong></span> <span class='ocrx_word' id='word_1_294' title='bbox 1705 2614 1829 2652; x_wconf 92' lang='lat' dir='ltr'><strong>eum</strong></span> <span class='ocrx_word' id='word_1_295' title='bbox 1870 2602 2208 2670; x_wconf 88' lang='lat' dir='ltr'><strong>implevisset</strong></span> <span class='ocrx_word' id='word_1_296' title='bbox 2266 2620 2364 2659; x_wconf 89' lang='lat' dir='ltr'><strong>au-</strong></span> 
     </span>
    </p>
   </div>
   <div class='ocr_carea' id='block_1_44' title="bbox 786 2683 2366 2767">
    <p class='ocr_par' dir='ltr' id='par_1_44' title="bbox 786 2683 2366 2767">
     <span class='ocr_line' id='line_1_44' title="bbox 786 2683 2366 2767; baseline 0.009 -29"><span class='ocrx_word' id='word_1_297' title='bbox 786 2683 961 2748; x_wconf 85' lang='lat' dir='ltr'><strong>dacia,</strong></span> <span class='ocrx_word' id='word_1_298' title='bbox 997 2697 1051 2740; x_wconf 86' lang='lat' dir='ltr'><strong>et</strong></span> <span class='ocrx_word' id='word_1_299' title='bbox 1075 2689 1190 2756; x_wconf 86' lang='lat' dir='ltr'><strong>ejus</strong></span> <span class='ocrx_word' id='word_1_300' title='bbox 1210 2688 1464 2743; x_wconf 87' lang='lat' dir='ltr'><strong>discussit</strong></span> <span class='ocrx_word' id='word_1_301' title='bbox 1486 2692 1784 2756; x_wconf 79' lang='lat' dir='ltr'><strong>tristitiam,</strong></span> <span class='ocrx_word' id='word_1_302' title='bbox 1815 2695 2091 2764; x_wconf 87' lang='lat' dir='ltr'><strong>animique</strong></span> <span class='ocrx_word' id='word_1_303' title='bbox 2147 2699 2366 2767; x_wconf 78' lang='lat' dir='ltr'><strong>:Pgritu—</strong></span> 
     </span>
    </p>
   </div>
   <div class='ocr_carea' id='block_1_45' title="bbox 788 2777 2365 2859">
    <p class='ocr_par' dir='ltr' id='par_1_45' title="bbox 788 2777 2365 2859">
     <span class='ocr_line' id='line_1_45' title="bbox 788 2777 2365 2859; baseline 0.01 -30"><span class='ocrx_word' id='word_1_304' title='bbox 788 2777 999 2842; x_wconf 86' lang='lat' dir='ltr'><strong>dinem,</strong></span> <span class='ocrx_word' id='word_1_305' title='bbox 1047 2790 1100 2833; x_wconf 91' lang='lat' dir='ltr'><strong>et</strong></span> <span class='ocrx_word' id='word_1_306' title='bbox 1125 2780 1417 2836; x_wconf 85' lang='lat' dir='ltr'><strong>firmiorem</strong></span> <span class='ocrx_word' id='word_1_307' title='bbox 1444 2783 1835 2854; x_wconf 81' lang='lat' dir='ltr'><strong>fortioremque</strong></span> <span class='ocrx_word' id='word_1_308' title='bbox 1860 2790 2176 2844; x_wconf 86' lang='lat' dir='ltr'><strong>reddiditad</strong></span> <span class='ocrx_word' id='word_1_309' title='bbox 2232 2807 2365 2859; x_wconf 90' lang='lat' dir='ltr'><strong>sup-</strong></span> 
     </span>
    </p>
   </div>
   <div class='ocr_carea' id='block_1_46' title="bbox 789 2869 2364 2942">
    <p class='ocr_par' dir='ltr' id='par_1_46' title="bbox 789 2869 2364 2942">
     <span class='ocr_line' id='line_1_46' title="bbox 789 2869 2364 2942; baseline 0.011 -24"><span class='ocrx_word' id='word_1_310' title='bbox 789 2869 973 2936; x_wconf 87' lang='lat' dir='ltr'><strong>plicia.</strong></span> <span class='ocrx_word' id='word_1_311' title='bbox 1024 2869 1118 2923; x_wconf 82' lang='lat' dir='ltr'><strong>Die</strong></span> <span class='ocrx_word' id='word_1_312' title='bbox 1150 2884 1332 2927; x_wconf 89' lang='lat' dir='ltr'><strong>autem</strong></span> <span class='ocrx_word' id='word_1_313' title='bbox 1400 2878 1648 2942; x_wconf 74' lang='lat' dir='ltr'><strong>sequenti</strong></span> <span class='ocrx_word' id='word_1_314' title='bbox 1691 2877 1797 2929; x_wconf 77' lang='lat' dir='ltr'><strong>dux</strong></span> <span class='ocrx_word' id='word_1_315' title='bbox 1849 2895 2040 2932; x_wconf 90' lang='lat' dir='ltr'><strong>rursus</strong></span> <span class='ocrx_word' id='word_1_316' title='bbox 2079 2882 2276 2934; x_wconf 90' lang='lat' dir='ltr'><strong>sedens</strong></span> <span class='ocrx_word' id='word_1_317' title='bbox 2311 2881 2364 2935; x_wconf 90' lang='lat' dir='ltr'><strong>in</strong></span> 
     </span>
    </p>
   </div>
   <div class='ocr_carea' id='block_1_47' title="bbox 789 2960 2362 3040">
    <p class='ocr_par' dir='ltr' id='par_1_47' title="bbox 789 2960 2362 3040">
     <span class='ocr_line' id='line_1_47' title="bbox 789 2960 2362 3040; baseline 0.008 -27"><span class='ocrx_word' id='word_1_318' title='bbox 789 2960 1051 3014; x_wconf 84' lang='lat' dir='ltr'><strong>tribunali</strong></span> <span class='ocrx_word' id='word_1_319' title='bbox 1075 2979 1197 3017; x_wconf 88' lang='lat' dir='ltr'><strong>cum</strong></span> <span class='ocrx_word' id='word_1_320' title='bbox 1257 2965 1474 3019; x_wconf 87' lang='lat' dir='ltr'><strong>beatum</strong></span> <span class='ocrx_word' id='word_1_321' title='bbox 1527 2977 1774 3022; x_wconf 84' lang='lat' dir='ltr'><strong>curasset</strong></span> <span class='ocrx_word' id='word_1_322' title='bbox 1823 2969 2047 3038; x_wconf 87' lang='lat' dir='ltr'><strong>produci</strong></span> <span class='ocrx_word' id='word_1_323' title='bbox 2088 2969 2362 3040; x_wconf 85' lang='lat' dir='ltr'><strong>Sergium,</strong></span> 
     </span>
    </p>
   </div>
   <div class='ocr_carea' id='block_1_48' title="bbox 786 3051 2361 3131">
    <p class='ocr_par' dir='ltr' id='par_1_48' title="bbox 786 3051 2361 3131">
     <span class='ocr_line' id='line_1_48' title="bbox 786 3051 2361 3131; baseline 0.008 -26"><span class='ocrx_word' id='word_1_324' title='bbox 786 3051 1061 3107; x_wconf 90' lang='lat' dir='ltr'><strong>leoninam</strong></span> <span class='ocrx_word' id='word_1_325' title='bbox 1086 3056 1278 3123; x_wconf 86' lang='lat' dir='ltr'><strong>pellem</strong></span> <span class='ocrx_word' id='word_1_326' title='bbox 1312 3072 1519 3112; x_wconf 80' lang='lat' dir='ltr'><strong>exuens</strong></span> <span class='ocrx_word' id='word_1_327' title='bbox 1568 3059 1892 3126; x_wconf 87' lang='lat' dir='ltr'><strong>versipellis,</strong></span> <span class='ocrx_word' id='word_1_328' title='bbox 1942 3061 2119 3113; x_wconf 89' lang='lat' dir='ltr'><strong>induit</strong></span> <span class='ocrx_word' id='word_1_329' title='bbox 2169 3063 2361 3131; x_wconf 86' lang='lat' dir='ltr'><strong>pellem</strong></span> 
     </span>
    </p>
   </div>
   <div class='ocr_carea' id='block_1_49' title="bbox 2470 1954 3854 2028">
    <p class='ocr_par' dir='ltr' id='par_1_49' title="bbox 2470 1954 3854 2028">
     <span class='ocr_line' id='line_1_49' title="bbox 2470 1954 3854 2028; baseline -0.001 -19"><span class='ocrx_word' id='word_1_330' title='bbox 2470 1959 2606 2028; x_wconf 77' lang='grc' dir='ltr'>χὼν,</span> <span class='ocrx_word' id='word_1_331' title='bbox 2646 1957 2780 2026; x_wconf 76' lang='grc' dir='ltr'>πρὸς</span> <span class='ocrx_word' id='word_1_332' title='bbox 2815 1957 2914 2020; x_wconf 73' lang='grc' dir='ltr'><strong>τὰς</strong></span> <span class='ocrx_word' id='word_1_333' title='bbox 2951 1959 3007 2009; x_wconf 83' lang='grc' dir='ltr'><strong>ἐν</strong></span> <span class='ocrx_word' id='word_1_334' title='bbox 3045 1957 3294 2024; x_wconf 66' lang='grc' dir='ltr'>οὐρανοῖς</span> <span class='ocrx_word' id='word_1_335' title='bbox 3327 1957 3530 2024; x_wconf 82' lang='grc' dir='ltr'>σκηνὰς</span> <span class='ocrx_word' id='word_1_336' title='bbox 3553 1954 3854 2007; x_wconf 82' lang='grc' dir='ltr'>διαϐαίνει.</span> 
     </span>
    </p>
   </div>
   <div class='ocr_carea' id='block_1_50' title="bbox 2540 2045 4059 2117">
    <p class='ocr_par' dir='ltr' id='par_1_50' title="bbox 2540 2045 4059 2117">
     <span class='ocr_line' id='line_1_50' title="bbox 2540 2045 4059 2117; baseline -0.003 -14"><span class='ocrx_word' id='word_1_337' title='bbox 2540 2048 2638 2103; x_wconf 84' lang='grc' dir='ltr'><strong>ΙΕ’.</strong></span> <span class='ocrx_word' id='word_1_338' title='bbox 2675 2051 2731 2102; x_wconf 89' lang='grc'><strong>’0</strong></span> <span class='ocrx_word' id='word_1_339' title='bbox 2757 2047 3017 2110; x_wconf 80' lang='grc' dir='ltr'>σύναθλος</span> <span class='ocrx_word' id='word_1_340' title='bbox 3039 2048 3093 2099; x_wconf 85' lang='grc' dir='ltr'>δὲ</span> <span class='ocrx_word' id='word_1_341' title='bbox 3111 2048 3332 2117; x_wconf 84' lang='grc' dir='ltr'>Σέργιος</span> <span class='ocrx_word' id='word_1_342' title='bbox 3359 2047 3707 2112; x_wconf 79' lang='grc' dir='ltr'>ἀπολειφθεὶς</span> <span class='ocrx_word' id='word_1_343' title='bbox 3726 2045 3792 2095; x_wconf 75' lang='grc' dir='ltr'><strong>λυ</strong></span> <span class='ocrx_word' id='word_1_344' title='bbox 3806 2061 3881 2116; x_wconf 79' lang='grc' dir='ltr'>πῃ</span> <span class='ocrx_word' id='word_1_345' title='bbox 3903 2064 3956 2097; x_wconf 86' lang='grc' dir='ltr'><strong>τε</strong></span> <span class='ocrx_word' id='word_1_346' title='bbox 3973 2046 4059 2098; x_wconf 65' lang='grc' dir='ltr'><strong>διά</strong></span> 
     </span>
    </p>
   </div>
   <div class='ocr_carea' id='block_1_51' title="bbox 2464 2137 4057 2212">
    <p class='ocr_par' dir='ltr' id='par_1_51' title="bbox 2464 2137 4057 2212">
     <span class='ocr_line' id='line_1_51' title="bbox 2464 2137 4057 2212; baseline -0.003 -17"><span class='ocrx_word' id='word_1_347' title='bbox 2464 2145 2553 2195; x_wconf 73' lang='grc' dir='ltr'><strong>τον</strong></span> <span class='ocrx_word' id='word_1_348' title='bbox 2577 2143 2854 2212; x_wconf 73' lang='grc' dir='ltr'>χωρισμὸν</span> <span class='ocrx_word' id='word_1_349' title='bbox 2887 2142 2978 2194; x_wconf 74' lang='grc' dir='ltr'>καὶ</span> <span class='ocrx_word' id='word_1_350' title='bbox 3006 2140 3166 2208; x_wconf 80' lang='grc' dir='ltr'>ἡδονῇ</span> <span class='ocrx_word' id='word_1_351' title='bbox 3198 2138 3360 2191; x_wconf 79' lang='grc' dir='ltr'>πάλιν</span> <span class='ocrx_word' id='word_1_352' title='bbox 3385 2137 3474 2190; x_wconf 70' lang='grc' dir='ltr'>διὰ</span> <span class='ocrx_word' id='word_1_353' title='bbox 3512 2137 3582 2188; x_wconf 80' lang='grc' dir='ltr'><strong>τά</strong></span> <span class='ocrx_word' id='word_1_354' title='bbox 3611 2138 4057 2207; x_wconf 68' lang='grc' dir='ltr'><strong>προσδοκώμενα</strong></span> 
     </span>
    </p>
   </div>
   <div class='ocr_carea' id='block_1_52' title="bbox 2468 2228 4059 2303">
    <p class='ocr_par' dir='ltr' id='par_1_52' title="bbox 2468 2228 4059 2303">
     <span class='ocr_line' id='line_1_52' title="bbox 2468 2228 4059 2303; baseline -0.004 -17"><span class='ocrx_word' id='word_1_355' title='bbox 2468 2235 2774 2303; x_wconf 75' lang='grc' dir='ltr'>ἐμερίζετο.</span> <span class='ocrx_word' id='word_1_356' title='bbox 2824 2232 2975 2284; x_wconf 80' lang='grc' dir='ltr'>Ἀλλ’</span> <span class='ocrx_word' id='word_1_357' title='bbox 3010 2231 3068 2283; x_wconf 70' lang='grc' dir='ltr'><strong>οὐ</strong></span> <span class='ocrx_word' id='word_1_358' title='bbox 3104 2230 3376 2300; x_wconf 84' lang='grc' dir='ltr'>περιεῖδεν</span> <span class='ocrx_word' id='word_1_359' title='bbox 3427 2228 3589 2281; x_wconf 72' lang='grc' dir='ltr'>αὑτὸν</span> <span class='ocrx_word' id='word_1_360' title='bbox 3644 2228 3725 2299; x_wconf 79' lang='grc' dir='ltr'>τῷ</span> <span class='ocrx_word' id='word_1_361' title='bbox 3783 2230 4059 2299; x_wconf 73' lang='grc' dir='ltr'>χωρισμῷ</span> 
     </span>
    </p>
   </div>
   <div class='ocr_carea' id='block_1_53' title="bbox 2470 2311 4058 2392">
    <p class='ocr_par' dir='ltr' id='par_1_53' title="bbox 2470 2311 4058 2392">
     <span class='ocr_line' id='line_1_53' title="bbox 2470 2311 4058 2392; baseline -0.003 -13"><span class='ocrx_word' id='word_1_362' title='bbox 2470 2327 2755 2392; x_wconf 80' lang='grc' dir='ltr'>κάμνοντα</span> <span class='ocrx_word' id='word_1_363' title='bbox 2816 2327 2843 2376; x_wconf 83' lang='grc' dir='ltr'><strong>ὁ</strong></span> <span class='ocrx_word' id='word_1_364' title='bbox 2906 2324 3113 2389; x_wconf 68' lang='grc' dir='ltr'>γλυκὺς</span> <span class='ocrx_word' id='word_1_365' title='bbox 3170 2311 3386 2389; x_wconf 81' lang='grc' dir='ltr'>ἐταῗρος</span> <span class='ocrx_word' id='word_1_366' title='bbox 3441 2321 3535 2374; x_wconf 80' lang='grc' dir='ltr'><strong>καὶ</strong></span> <span class='ocrx_word' id='word_1_367' title='bbox 3575 2323 3820 2392; x_wconf 81' lang='grc' dir='ltr'>ἐραστής</span> <span class='ocrx_word' id='word_1_368' title='bbox 3867 2339 3882 2352; x_wconf 89' lang='grc'><strong>·</strong></span> <span class='ocrx_word' id='word_1_369' title='bbox 3926 2324 4058 2376; x_wconf 69' lang='grc' dir='ltr'>ἀλλὰ</span> 
     </span>
    </p>
   </div>
   <div class='ocr_carea' id='block_1_54' title="bbox 2468 2413 4057 2487">
    <p class='ocr_par' dir='ltr' id='par_1_54' title="bbox 2468 2413 4057 2487">
     <span class='ocr_line' id='line_1_54' title="bbox 2468 2413 4057 2487; baseline -0.003 -18"><span class='ocrx_word' id='word_1_370' title='bbox 2468 2416 2672 2487; x_wconf 78' lang='grc' dir='ltr'>φαιδρᾷ</span> <span class='ocrx_word' id='word_1_371' title='bbox 2722 2418 2787 2486; x_wconf 83' lang='grc' dir='ltr'>τῇ</span> <span class='ocrx_word' id='word_1_372' title='bbox 2821 2414 2942 2483; x_wconf 65' lang='grc' dir='ltr'>ὄψει</span> <span class='ocrx_word' id='word_1_373' title='bbox 2969 2416 2995 2467; x_wconf 88' lang='grc' dir='ltr'>ὁ</span> <span class='ocrx_word' id='word_1_374' title='bbox 3030 2414 3170 2477; x_wconf 88' lang='grc' dir='ltr'>θεῖος</span> <span class='ocrx_word' id='word_1_375' title='bbox 3204 2414 3414 2483; x_wconf 81' lang='grc' dir='ltr'>Βάκχος</span> <span class='ocrx_word' id='word_1_376' title='bbox 3447 2414 3541 2465; x_wconf 79' lang='grc' dir='ltr'><strong>καὶ</strong></span> <span class='ocrx_word' id='word_1_377' title='bbox 3573 2413 3802 2483; x_wconf 80' lang='grc' dir='ltr'>συνήθει</span> <span class='ocrx_word' id='word_1_378' title='bbox 3831 2415 3915 2484; x_wconf 82' lang='grc' dir='ltr'>τῷ</span> <span class='ocrx_word' id='word_1_379' title='bbox 3959 2415 4057 2479; x_wconf 67' lang='grc' dir='ltr'>τῆς</span> 
     </span>
    </p>
   </div>
   <div class='ocr_carea' id='block_1_55' title="bbox 2471 2506 4058 2578">
    <p class='ocr_par' dir='ltr' id='par_1_55' title="bbox 2471 2506 4058 2578">
     <span class='ocr_line' id='line_1_55' title="bbox 2471 2506 4058 2578; baseline -0.004 -17"><span class='ocrx_word' id='word_1_380' title='bbox 2471 2507 2755 2578; x_wconf 76' lang='grc' dir='ltr'>στρατείας</span> <span class='ocrx_word' id='word_1_381' title='bbox 2817 2509 3058 2576; x_wconf 82' lang='grc' dir='ltr'>σχήματι</span> <span class='ocrx_word' id='word_1_382' title='bbox 3123 2506 3316 2567; x_wconf 79' lang='grc' dir='ltr'>νυκιὺς</span> <span class='ocrx_word' id='word_1_383' title='bbox 3376 2507 3663 2571; x_wconf 67' lang='grc' dir='ltr'>ἐπιφανεὶς</span> <span class='ocrx_word' id='word_1_384' title='bbox 3711 2506 3810 2557; x_wconf 74' lang='grc' dir='ltr'>καὶ</span> <span class='ocrx_word' id='word_1_385' title='bbox 3879 2507 4058 2555; x_wconf 70' lang='grc' dir='ltr'>διαλεο</span> 
     </span>
    </p>
   </div>
   <div class='ocr_carea' id='block_1_56' title="bbox 2468 2596 4059 2671">
    <p class='ocr_par' dir='ltr' id='par_1_56' title="bbox 2468 2596 4059 2671">
     <span class='ocr_line' id='line_1_56' title="bbox 2468 2596 4059 2671; baseline -0.003 -18"><span class='ocrx_word' id='word_1_386' title='bbox 2468 2600 2615 2671; x_wconf 72' lang='grc' dir='ltr'>χθεὶς</span> <span class='ocrx_word' id='word_1_387' title='bbox 2656 2600 2732 2668; x_wconf 82' lang='grc' dir='ltr'><strong>τῷ</strong></span> <span class='ocrx_word' id='word_1_388' title='bbox 2767 2599 2906 2667; x_wconf 74' lang='grc' dir='ltr'>φίλῳ</span> <span class='ocrx_word' id='word_1_389' title='bbox 2936 2601 3029 2651; x_wconf 67' lang='grc' dir='ltr'><strong>καὶ</strong></span> <span class='ocrx_word' id='word_1_390' title='bbox 3061 2598 3297 2667; x_wconf 74' lang='grc' dir='ltr'>θάρσους</span> <span class='ocrx_word' id='word_1_391' title='bbox 3331 2597 3639 2665; x_wconf 79' lang='grc' dir='ltr'>ἐμπλήσας,</span> <span class='ocrx_word' id='word_1_392' title='bbox 3697 2596 3760 2647; x_wconf 73' lang='grc' dir='ltr'><strong>τὸ</strong></span> <span class='ocrx_word' id='word_1_393' title='bbox 3806 2597 4059 2664; x_wconf 78' lang='grc' dir='ltr'>σκυθρω-</span> 
     </span>
    </p>
   </div>
   <div class='ocr_carea' id='block_1_57' title="bbox 2469 2685 4057 2760">
    <p class='ocr_par' dir='ltr' id='par_1_57' title="bbox 2469 2685 4057 2760">
     <span class='ocr_line' id='line_1_57' title="bbox 2469 2685 4057 2760; baseline -0.004 -13"><span class='ocrx_word' id='word_1_394' title='bbox 2469 2695 2569 2747; x_wconf 84' lang='grc' dir='ltr'>πόν</span> <span class='ocrx_word' id='word_1_395' title='bbox 2601 2709 2660 2745; x_wconf 87' lang='grc' dir='ltr'><strong>τε</strong></span> <span class='ocrx_word' id='word_1_396' title='bbox 2692 2693 2790 2760; x_wconf 74' lang='grc' dir='ltr'><strong>τῆς</strong></span> <span class='ocrx_word' id='word_1_397' title='bbox 2826 2689 3064 2758; x_wconf 76' lang='grc' dir='ltr'>ἀθυμίας</span> <span class='ocrx_word' id='word_1_398' title='bbox 3091 2687 3323 2751; x_wconf 81' lang='grc' dir='ltr'>διέλυσε,</span> <span class='ocrx_word' id='word_1_399' title='bbox 3355 2688 3448 2740; x_wconf 73' lang='grc' dir='ltr'><strong>καὶ</strong></span> <span class='ocrx_word' id='word_1_400' title='bbox 3485 2685 3907 2758; x_wconf 70' lang='grc' dir='ltr'>ἀσφαλέστερον</span> <span class='ocrx_word' id='word_1_401' title='bbox 3943 2688 4057 2758; x_wconf 72' lang='grc' dir='ltr'>ἄμα</span> 
     </span>
    </p>
   </div>
   <div class='ocr_carea' id='block_1_58' title="bbox 2469 2779 4058 2850">
    <p class='ocr_par' dir='ltr' id='par_1_58' title="bbox 2469 2779 4058 2850">
     <span class='ocr_line' id='line_1_58' title="bbox 2469 2779 4058 2850; baseline -0.002 -14"><span class='ocrx_word' id='word_1_402' title='bbox 2469 2785 2568 2836; x_wconf 82' lang='grc' dir='ltr'>καὶ</span> <span class='ocrx_word' id='word_1_403' title='bbox 2622 2783 3001 2850; x_wconf 81' lang='grc' dir='ltr'>γενναιότερον</span> <span class='ocrx_word' id='word_1_404' title='bbox 3063 2779 3198 2849; x_wconf 76' lang='grc' dir='ltr'>πρὸς</span> <span class='ocrx_word' id='word_1_405' title='bbox 3261 2779 3359 2843; x_wconf 84' lang='grc' dir='ltr'><strong>τάς</strong></span> <span class='ocrx_word' id='word_1_406' title='bbox 3415 2779 3722 2850; x_wconf 79' lang='grc' dir='ltr'>μελλούσας</span> <span class='ocrx_word' id='word_1_407' title='bbox 3778 2783 4058 2850; x_wconf 72' lang='grc' dir='ltr'>τιμωρίας</span> 
     </span>
    </p>
   </div>
   <div class='ocr_carea' id='block_1_59' title="bbox 2471 2871 4058 2944">
    <p class='ocr_par' dir='ltr' id='par_1_59' title="bbox 2471 2871 4058 2944">
     <span class='ocr_line' id='line_1_59' title="bbox 2471 2871 4058 2944; baseline -0.002 -17"><span class='ocrx_word' id='word_1_408' title='bbox 2471 2875 2743 2942; x_wconf 85' lang='grc' dir='ltr'>διέθηκεν.</span> <span class='ocrx_word' id='word_1_409' title='bbox 2775 2875 2867 2938; x_wconf 75' lang='lat' dir='ltr'><strong>EE;</strong></span> <span class='ocrx_word' id='word_1_410' title='bbox 2910 2875 2964 2928; x_wconf 80' lang='grc' dir='ltr'>δὲ</span> <span class='ocrx_word' id='word_1_411' title='bbox 2992 2875 3090 2943; x_wconf 81' lang='grc' dir='ltr'>τὴν</span> <span class='ocrx_word' id='word_1_412' title='bbox 3121 2872 3246 2944; x_wconf 79' lang='grc' dir='ltr'>ἑξῆς</span> <span class='ocrx_word' id='word_1_413' title='bbox 3279 2871 3510 2936; x_wconf 81' lang='grc' dir='ltr'>καθίσας</span> <span class='ocrx_word' id='word_1_414' title='bbox 3539 2873 3568 2924; x_wconf 82' lang='grc' dir='ltr'>ὁ</span> <span class='ocrx_word' id='word_1_415' title='bbox 3601 2873 3726 2935; x_wconf 66' lang='grc' dir='ltr'><strong>δοῦξ</strong></span> <span class='ocrx_word' id='word_1_416' title='bbox 3760 2876 3854 2924; x_wconf 71' lang='grc' dir='ltr'><strong>ἐπὶ</strong></span> <span class='ocrx_word' id='word_1_417' title='bbox 3885 2875 4058 2941; x_wconf 76' lang='grc' dir='ltr'>βήμα-</span> 
     </span>
    </p>
   </div>
   <div class='ocr_carea' id='block_1_60' title="bbox 2469 2962 4059 3034">
    <p class='ocr_par' dir='ltr' id='par_1_60' title="bbox 2469 2962 4059 3034">
     <span class='ocr_line' id='line_1_60' title="bbox 2469 2962 4059 3034; baseline -0.005 -15"><span class='ocrx_word' id='word_1_418' title='bbox 2469 2983 2583 3031; x_wconf 78' lang='grc' dir='ltr'>τος,</span> <span class='ocrx_word' id='word_1_419' title='bbox 2637 2968 2731 3020; x_wconf 73' lang='grc' dir='ltr'>καὶ</span> <span class='ocrx_word' id='word_1_420' title='bbox 2777 2967 2868 3019; x_wconf 80' lang='grc' dir='ltr'><strong>τὸν</strong></span> <span class='ocrx_word' id='word_1_421' title='bbox 2925 2971 3202 3034; x_wconf 70' lang='grc' dir='ltr'>μακάριον</span> <span class='ocrx_word' id='word_1_422' title='bbox 3275 2962 3622 3030; x_wconf 74' lang='grc' dir='ltr'>παραγαγὼν</span> <span class='ocrx_word' id='word_1_423' title='bbox 3681 2963 3918 3032; x_wconf 78' lang='grc' dir='ltr'>Σέργιον</span> <span class='ocrx_word' id='word_1_424' title='bbox 3961 2965 4059 3032; x_wconf 69' lang='grc' dir='ltr'><strong>τὴν</strong></span> 
     </span>
    </p>
   </div>
   <div class='ocr_carea' id='block_1_61' title="bbox 2477 3054 4059 3130">
    <p class='ocr_par' dir='ltr' id='par_1_61' title="bbox 2477 3054 4059 3130">
     <span class='ocr_line' id='line_1_61' title="bbox 2477 3054 4059 3130; baseline -0.005 -18"><span class='ocrx_word' id='word_1_425' title='bbox 2477 3061 2698 3130; x_wconf 78' lang='grc' dir='ltr'>λεοντῆν</span> <span class='ocrx_word' id='word_1_426' title='bbox 2728 3060 3020 3113; x_wconf 78' lang='grc' dir='ltr'>ἀποϐαλὼν</span> <span class='ocrx_word' id='word_1_427' title='bbox 3051 3059 3078 3109; x_wconf 82' lang='grc' dir='ltr'><strong>ὁ</strong></span> <span class='ocrx_word' id='word_1_428' title='bbox 3115 3056 3381 3119; x_wconf 83' lang='grc' dir='ltr'>ποικίλος,</span> <span class='ocrx_word' id='word_1_429' title='bbox 3409 3054 3507 3122; x_wconf 76' lang='grc' dir='ltr'>τὴν</span> <span class='ocrx_word' id='word_1_430' title='bbox 3533 3054 3834 3121; x_wconf 82' lang='grc' dir='ltr'>ἀλωπεκῆν</span> <span class='ocrx_word' id='word_1_431' title='bbox 3874 3055 4059 3106; x_wconf 61' lang='grc' dir='ltr'>ὲνδρε-</span> 
     </span>
    </p>
   </div>
   <div class='ocr_carea' id='block_1_62' title="bbox 786 3145 2362 3236">
    <p class='ocr_par' dir='ltr' id='par_1_62' title="bbox 786 3146 2362 3218">
     <span class='ocr_line' id='line_1_62' title="bbox 786 3146 2362 3218; baseline 0.006 -20"><span class='ocrx_word' id='word_1_432' title='bbox 786 3146 988 3215; x_wconf 79' lang='lat' dir='ltr'><strong>vulpis.</strong></span> <span class='ocrx_word' id='word_1_433' title='bbox 1017 3149 1228 3201; x_wconf 87' lang='lat' dir='ltr'><strong>Etcum</strong></span> <span class='ocrx_word' id='word_1_434' title='bbox 1261 3151 1313 3201; x_wconf 90' lang='lat' dir='ltr'><strong>in</strong></span> <span class='ocrx_word' id='word_1_435' title='bbox 1347 3166 1470 3202; x_wconf 89' lang='lat' dir='ltr'><strong>eum</strong></span> <span class='ocrx_word' id='word_1_436' title='bbox 1497 3153 1787 3218; x_wconf 83' lang='lat' dir='ltr'><strong>quamdam</strong></span> <span class='ocrx_word' id='word_1_437' title='bbox 1835 3153 2078 3209; x_wconf 76' lang='lat' dir='ltr'><strong>finxisset</strong></span> <span class='ocrx_word' id='word_1_438' title='bbox 2126 3155 2362 3209; x_wconf 83' lang='lat' dir='ltr'><strong>benevo-</strong></span> 
     </span>
    </p>
   </div>
   <div class='ocr_carea' id='block_1_63' title="bbox 2471 3145 4054 3236">
    <p class='ocr_par' dir='ltr' id='par_1_63' title="bbox 2471 3145 4054 3218">
     <span class='ocr_line' id='line_1_63' title="bbox 2471 3145 4054 3218; baseline -0.005 -12"><span class='ocrx_word' id='word_1_439' title='bbox 2471 3169 2589 3206; x_wconf 90' lang='grc' dir='ltr'>ται·</span> <span class='ocrx_word' id='word_1_440' title='bbox 2624 3153 2716 3205; x_wconf 88' lang='grc' dir='ltr'><strong>καί</strong></span> <span class='ocrx_word' id='word_1_441' title='bbox 2749 3169 2871 3203; x_wconf 83' lang='grc' dir='ltr'>τινα</span> <span class='ocrx_word' id='word_1_442' title='bbox 2905 3150 3254 3218; x_wconf 73' lang='grc' dir='ltr'>πλατάμενος</span> <span class='ocrx_word' id='word_1_443' title='bbox 3297 3149 3376 3209; x_wconf 86' lang='grc' dir='ltr'><strong>είς</strong></span> <span class='ocrx_word' id='word_1_444' title='bbox 3426 3149 3592 3200; x_wconf 70' lang='grc' dir='ltr'>αὐτὸν</span> <span class='ocrx_word' id='word_1_445' title='bbox 3655 3145 3902 3210; x_wconf 70' lang='grc' dir='ltr'>εὔνοιαν,</span> <span class='ocrx_word' id='word_1_446' title='bbox 3960 3150 4054 3198; x_wconf 67' lang='grc' dir='ltr'><strong>καὶ</strong></span> 
     </span>
    </p>
   </div>
   <div class='ocr_carea' id='block_1_64' title="bbox 785 3237 2360 3314">
    <p class='ocr_par' dir='ltr' id='par_1_64' title="bbox 785 3237 2360 3314">
     <span class='ocr_line' id='line_1_64' title="bbox 785 3237 2360 3314; baseline 0.008 -24"><span class='ocrx_word' id='word_1_447' title='bbox 785 3237 1034 3302; x_wconf 89' lang='lat' dir='ltr'><strong>lentiam,</strong></span> <span class='ocrx_word' id='word_1_448' title='bbox 1085 3244 1152 3294; x_wconf 85' lang='lat' dir='ltr'><strong>ad</strong></span> <span class='ocrx_word' id='word_1_449' title='bbox 1181 3240 1340 3294; x_wconf 86' lang='lat' dir='ltr'><strong>fidem</strong></span> <span class='ocrx_word' id='word_1_450' title='bbox 1372 3242 1670 3296; x_wconf 81' lang='lat' dir='ltr'><strong>faciendam</strong></span> <span class='ocrx_word' id='word_1_451' title='bbox 1721 3244 1924 3314; x_wconf 89' lang='lat' dir='ltr'><strong>aliquid</strong></span> <span class='ocrx_word' id='word_1_452' title='bbox 1981 3250 2360 3302; x_wconf 87' lang='lat' dir='ltr'><strong>acconnnoda-</strong></span> 
     </span>
    </p>
   </div>
   <div class='ocr_carea' id='block_1_65' title="bbox 786 3335 2356 3408">
    <p class='ocr_par' dir='ltr' id='par_1_65' title="bbox 786 3335 2356 3408">
     <span class='ocr_line' id='line_1_65' title="bbox 786 3335 2356 3408; baseline 0.008 -24"><span class='ocrx_word' id='word_1_453' title='bbox 786 3339 901 3385; x_wconf 91' lang='lat' dir='ltr'><strong>tum</strong></span> <span class='ocrx_word' id='word_1_454' title='bbox 935 3335 1252 3395; x_wconf 86' lang='lat' dir='ltr'><strong>ostendens,</strong></span> <span class='ocrx_word' id='word_1_455' title='bbox 1275 3335 1416 3403; x_wconf 91' lang='lat' dir='ltr'><strong>quod</strong></span> <span class='ocrx_word' id='word_1_456' title='bbox 1459 3337 1667 3389; x_wconf 80' lang='lat' dir='ltr'><strong>Scilicet</strong></span> <span class='ocrx_word' id='word_1_457' title='bbox 1702 3338 1852 3390; x_wconf 92' lang='lat' dir='ltr'><strong>illum</strong></span> <span class='ocrx_word' id='word_1_458' title='bbox 1883 3340 2259 3408; x_wconf 79' lang='lat' dir='ltr'><strong>magistratum</strong></span> <span class='ocrx_word' id='word_1_459' title='bbox 2289 3358 2356 3397; x_wconf 82' lang='lat' dir='ltr'><strong>ex</strong></span> 
     </span>
    </p>
   </div>
   <div class='ocr_carea' id='block_1_66' title="bbox 786 3427 2364 3486">
    <p class='ocr_par' dir='ltr' id='par_1_66' title="bbox 786 3427 2364 3486">
     <span class='ocr_line' id='line_1_66' title="bbox 786 3427 2364 3486; baseline 0.007 -11"><span class='ocrx_word' id='word_1_460' title='bbox 786 3436 853 3475; x_wconf 90' lang='lat' dir='ltr'><strong>eo</strong></span> <span class='ocrx_word' id='word_1_461' title='bbox 883 3433 1074 3477; x_wconf 82' lang='lat' dir='ltr'><strong>nactus</strong></span> <span class='ocrx_word' id='word_1_462' title='bbox 1109 3435 1273 3484; x_wconf 90' lang='lat' dir='ltr'><strong>esset,</strong></span> <span class='ocrx_word' id='word_1_463' title='bbox 1310 3442 1434 3478; x_wconf 85' lang='lat' dir='ltr'><strong>eum</strong></span> <span class='ocrx_word' id='word_1_464' title='bbox 1470 3427 1750 3482; x_wconf 79' lang='lat' dir='ltr'><strong>blanditiis</strong></span> <span class='ocrx_word' id='word_1_465' title='bbox 1774 3430 2036 3483; x_wconf 78' lang='lat' dir='ltr'><strong>evocabat</strong></span> <span class='ocrx_word' id='word_1_466' title='bbox 2071 3432 2135 3483; x_wconf 84' lang='lat' dir='ltr'><strong>ad</strong></span> <span class='ocrx_word' id='word_1_467' title='bbox 2193 3433 2364 3486; x_wconf 77' lang='lat' dir='ltr'><strong>sacri-</strong></span> 
     </span>
    </p>
   </div>
   <div class='ocr_carea' id='block_1_67' title="bbox 785 3511 2361 3593">
    <p class='ocr_par' dir='ltr' id='par_1_67' title="bbox 785 3511 2361 3593">
     <span class='ocr_line' id='line_1_67' title="bbox 785 3511 2361 3593; baseline 0.01 -27"><span class='ocrx_word' id='word_1_468' title='bbox 785 3511 1082 3578; x_wconf 84' lang='lat' dir='ltr'><strong>ﬁcandum,</strong></span> <span class='ocrx_word' id='word_1_469' title='bbox 1107 3516 1396 3586; x_wconf 72' lang='lat' dir='ltr'><strong>perfectam</strong></span> <span class='ocrx_word' id='word_1_470' title='bbox 1429 3530 1481 3573; x_wconf 91' lang='lat' dir='ltr'><strong>et</strong></span> <span class='ocrx_word' id='word_1_471' title='bbox 1503 3520 1800 3574; x_wconf 84' lang='lat' dir='ltr'><strong>absolutam</strong></span> <span class='ocrx_word' id='word_1_472' title='bbox 1834 3538 1861 3575; x_wconf 90' lang='lat' dir='ltr'><strong>a</strong></span> <span class='ocrx_word' id='word_1_473' title='bbox 1892 3521 2109 3577; x_wconf 86' lang='lat' dir='ltr'><strong>Christo</strong></span> <span class='ocrx_word' id='word_1_474' title='bbox 2142 3539 2361 3593; x_wconf 89' lang='lat' dir='ltr'><strong>separa-</strong></span> 
     </span>
    </p>
   </div>
   <div class='ocr_carea' id='block_1_68' title="bbox 789 3603 2364 3680">
    <p class='ocr_par' dir='ltr' id='par_1_68' title="bbox 789 3603 2364 3680">
     <span class='ocr_line' id='line_1_68' title="bbox 789 3603 2364 3680; baseline 0.01 -23"><span class='ocrx_word' id='word_1_475' title='bbox 789 3603 991 3660; x_wconf 90' lang='lat' dir='ltr'><strong>tionem</strong></span> <span class='ocrx_word' id='word_1_476' title='bbox 1022 3608 1069 3661; x_wconf 91' lang='lat' dir='ltr'><strong>ei</strong></span> <span class='ocrx_word' id='word_1_477' title='bbox 1097 3609 1283 3664; x_wconf 86' lang='lat' dir='ltr'><strong>volens</strong></span> <span class='ocrx_word' id='word_1_478' title='bbox 1307 3611 1536 3666; x_wconf 88' lang='lat' dir='ltr'><strong>reddere</strong></span> <span class='ocrx_word' id='word_1_479' title='bbox 1577 3628 1671 3680; x_wconf 87' lang='lat' dir='ltr'><strong>pro</strong></span> <span class='ocrx_word' id='word_1_480' title='bbox 1719 3613 2005 3680; x_wconf 78' lang='lat' dir='ltr'><strong>beneficio,</strong></span> <span class='ocrx_word' id='word_1_481' title='bbox 2037 3619 2256 3678; x_wconf 88' lang='lat' dir='ltr'><strong>stultus.</strong></span> <span class='ocrx_word' id='word_1_482' title='bbox 2284 3620 2364 3673; x_wconf 90' lang='lat' dir='ltr'><strong>sic</strong></span> 
     </span>
    </p>
   </div>
   <div class='ocr_carea' id='block_1_69' title="bbox 785 3703 2365 3772">
    <p class='ocr_par' dir='ltr' id='par_1_69' title="bbox 785 3703 2365 3772">
     <span class='ocr_line' id='line_1_69' title="bbox 785 3703 2365 3772; baseline 0.012 -23"><span class='ocrx_word' id='word_1_483' title='bbox 785 3713 1003 3766; x_wconf 88' lang='lat' dir='ltr'><strong>quoque</strong></span> <span class='ocrx_word' id='word_1_484' title='bbox 1027 3703 1228 3754; x_wconf 84' lang='lat' dir='ltr'><strong>sensim</strong></span> <span class='ocrx_word' id='word_1_485' title='bbox 1267 3717 1390 3754; x_wconf 89' lang='lat' dir='ltr'><strong>eum</strong></span> <span class='ocrx_word' id='word_1_486' title='bbox 1415 3705 1703 3772; x_wconf 90' lang='lat' dir='ltr'><strong>alloquens</strong></span> <span class='ocrx_word' id='word_1_487' title='bbox 1743 3722 1757 3759; x_wconf 92' lang='lat'><strong>:</strong></span> <span class='ocrx_word' id='word_1_488' title='bbox 1806 3707 1978 3761; x_wconf 84' lang='lat' dir='ltr'><strong>Pudet</strong></span> <span class='ocrx_word' id='word_1_489' title='bbox 2028 3724 2114 3761; x_wconf 90' lang='lat' dir='ltr'><strong>me</strong></span> <span class='ocrx_word' id='word_1_490' title='bbox 2164 3712 2365 3768; x_wconf 82' lang='lat' dir='ltr'><strong>veteris</strong></span> 
     </span>
    </p>
   </div>
   <div class='ocr_carea' id='block_1_70' title="bbox 786 3790 2366 3868">
    <p class='ocr_par' dir='ltr' id='par_1_70' title="bbox 786 3790 2366 3868">
     <span class='ocr_line' id='line_1_70' title="bbox 786 3790 2366 3868; baseline 0.008 -24"><span class='ocrx_word' id='word_1_491' title='bbox 786 3791 936 3845; x_wconf 91' lang='lat' dir='ltr'><strong>illius</strong></span> <span class='ocrx_word' id='word_1_492' title='bbox 959 3790 1256 3856; x_wconf 85' lang='lat' dir='ltr'><strong>felicitatis,</strong></span> <span class='ocrx_word' id='word_1_493' title='bbox 1284 3805 1338 3847; x_wconf 91' lang='lat' dir='ltr'><strong>et</strong></span> <span class='ocrx_word' id='word_1_494' title='bbox 1371 3795 1785 3861; x_wconf 85' lang='lat' dir='ltr'><strong>beneficiorum,</strong></span> <span class='ocrx_word' id='word_1_495' title='bbox 1838 3814 1959 3868; x_wconf 78' lang='lat' dir='ltr'><strong>quae</strong></span> <span class='ocrx_word' id='word_1_496' title='bbox 1990 3800 2041 3852; x_wconf 91' lang='lat' dir='ltr'><strong>in</strong></span> <span class='ocrx_word' id='word_1_497' title='bbox 2091 3815 2180 3856; x_wconf 88' lang='lat' dir='ltr'><strong>me</strong></span> <span class='ocrx_word' id='word_1_498' title='bbox 2233 3817 2366 3857; x_wconf 90' lang='lat' dir='ltr'><strong>con-</strong></span> 
     </span>
    </p>
   </div>
   <div class='ocr_carea' id='block_1_71' title="bbox 788 3882 2364 3964">
    <p class='ocr_par' dir='ltr' id='par_1_71' title="bbox 788 3882 2364 3964">
     <span class='ocr_line' id='line_1_71' title="bbox 788 3882 2364 3964; baseline 0.008 -26"><span class='ocrx_word' id='word_1_499' title='bbox 788 3882 981 3948; x_wconf 78' lang='lat' dir='ltr'><strong>tuliSIi,</strong></span> <span class='ocrx_word' id='word_1_500' title='bbox 1016 3883 1346 3941; x_wconf 88' lang='lat' dir='ltr'><strong>amicissime</strong></span> <span class='ocrx_word' id='word_1_501' title='bbox 1381 3887 1558 3957; x_wconf 82' lang='lat' dir='ltr'><strong>Sergi,</strong></span> <span class='ocrx_word' id='word_1_502' title='bbox 1618 3905 1722 3944; x_wconf 89' lang='lat' dir='ltr'><strong>nec</strong></span> <span class='ocrx_word' id='word_1_503' title='bbox 1782 3899 1834 3944; x_wconf 91' lang='lat' dir='ltr'><strong>te</strong></span> <span class='ocrx_word' id='word_1_504' title='bbox 1861 3891 2083 3959; x_wconf 90' lang='lat' dir='ltr'><strong>quidem</strong></span> <span class='ocrx_word' id='word_1_505' title='bbox 2131 3893 2364 3964; x_wconf 84' lang='lat' dir='ltr'><strong>amplius</strong></span> 
     </span>
    </p>
   </div>
   <div class='ocr_carea' id='block_1_72' title="bbox 787 3970 2364 4046">
    <p class='ocr_par' dir='ltr' id='par_1_72' title="bbox 787 3970 2364 4046">
     <span class='ocr_line' id='line_1_72' title="bbox 787 3970 2364 4046; baseline 0.007 -21"><span class='ocrx_word' id='word_1_506' title='bbox 787 3970 908 4025; x_wconf 85' lang='lat' dir='ltr'><strong>fero</strong></span> <span class='ocrx_word' id='word_1_507' title='bbox 943 3973 1142 4026; x_wconf 88' lang='lat' dir='ltr'><strong>intueri</strong></span> <span class='ocrx_word' id='word_1_508' title='bbox 1175 3975 1254 4026; x_wconf 86' lang='lat' dir='ltr'><strong>sic</strong></span> <span class='ocrx_word' id='word_1_509' title='bbox 1277 3991 1428 4028; x_wconf 86' lang='lat' dir='ltr'><strong>reum</strong></span> <span class='ocrx_word' id='word_1_510' title='bbox 1457 3985 1689 4030; x_wconf 83' lang='lat' dir='ltr'><strong>stantem</strong></span> <span class='ocrx_word' id='word_1_511' title='bbox 1721 3994 1818 4046; x_wconf 92' lang='lat' dir='ltr'><strong>pro</strong></span> <span class='ocrx_word' id='word_1_512' title='bbox 1849 3991 2060 4034; x_wconf 87' lang='lat' dir='ltr'><strong>nostro.</strong></span> <span class='ocrx_word' id='word_1_513' title='bbox 2094 3981 2364 4036; x_wconf 82' lang='lat' dir='ltr'><strong>Tribuna-</strong></span> 
     </span>
    </p>
   </div>
   <div class='ocr_carea' id='block_1_73' title="bbox 787 4058 2365 4142">
    <p class='ocr_par' dir='ltr' id='par_1_73' title="bbox 787 4058 2365 4142">
     <span class='ocr_line' id='line_1_73' title="bbox 787 4058 2365 4142; baseline 0.01 -30"><span class='ocrx_word' id='word_1_514' title='bbox 787 4058 848 4119; x_wconf 86' lang='lat' dir='ltr'><strong>li,</strong></span> <span class='ocrx_word' id='word_1_515' title='bbox 881 4060 974 4128; x_wconf 90' lang='lat' dir='ltr'><strong>qui</strong></span> <span class='ocrx_word' id='word_1_516' title='bbox 1004 4077 1121 4115; x_wconf 87' lang='lat' dir='ltr'><strong>sum</strong></span> <span class='ocrx_word' id='word_1_517' title='bbox 1153 4063 1430 4129; x_wconf 90' lang='lat' dir='ltr'><strong>minimus,</strong></span> <span class='ocrx_word' id='word_1_518' title='bbox 1468 4066 1510 4119; x_wconf 91' lang='lat' dir='ltr'><strong>si</strong></span> <span class='ocrx_word' id='word_1_519' title='bbox 1537 4083 1659 4120; x_wconf 90' lang='lat' dir='ltr'><strong>cum</strong></span> <span class='ocrx_word' id='word_1_520' title='bbox 1695 4079 1788 4123; x_wconf 92' lang='lat' dir='ltr'><strong>tuo</strong></span> <span class='ocrx_word' id='word_1_521' title='bbox 1813 4069 2066 4125; x_wconf 88' lang='lat' dir='ltr'><strong>conferar</strong></span> <span class='ocrx_word' id='word_1_522' title='bbox 2108 4073 2365 4142; x_wconf 86' lang='lat' dir='ltr'><strong>splendo-</strong></span> 
     </span>
    </p>
   </div>
   <div class='ocr_carea' id='block_1_74' title="bbox 788 4159 2361 4236">
    <p class='ocr_par' dir='ltr' id='par_1_74' title="bbox 788 4159 2361 4236">
     <span class='ocr_line' id='line_1_74' title="bbox 788 4159 2361 4236; baseline 0.01 -31"><span class='ocrx_word' id='word_1_523' title='bbox 788 4167 879 4216; x_wconf 88' lang='lat' dir='ltr'><strong>re,</strong></span> <span class='ocrx_word' id='word_1_524' title='bbox 907 4159 1410 4224; x_wconf 64' lang='lat' dir='ltr'><strong>tuaequeamicitim,</strong></span> <span class='ocrx_word' id='word_1_525' title='bbox 1436 4168 1490 4212; x_wconf 91' lang='lat' dir='ltr'><strong>et</strong></span> <span class='ocrx_word' id='word_1_526' title='bbox 1517 4161 1772 4228; x_wconf 72' lang='lat' dir='ltr'><strong>potentiae</strong></span> <span class='ocrx_word' id='word_1_527' title='bbox 1789 4177 1950 4231; x_wconf 77' lang='lat' dir='ltr'><strong>Opera</strong></span> <span class='ocrx_word' id='word_1_528' title='bbox 1977 4180 2095 4218; x_wconf 90' lang='lat' dir='ltr'><strong>sum</strong></span> <span class='ocrx_word' id='word_1_529' title='bbox 2123 4183 2361 4236; x_wconf 72' lang='lat' dir='ltr'><strong>praesen-</strong></span> 
     </span>
    </p>
   </div>
   <div class='ocr_carea' id='block_1_75' title="bbox 789 4250 2365 4322">
    <p class='ocr_par' dir='ltr' id='par_1_75' title="bbox 789 4250 2365 4322">
     <span class='ocr_line' id='line_1_75' title="bbox 789 4250 2365 4322; baseline 0.009 -22"><span class='ocrx_word' id='word_1_530' title='bbox 789 4256 899 4300; x_wconf 90' lang='lat' dir='ltr'><strong>tem</strong></span> <span class='ocrx_word' id='word_1_531' title='bbox 939 4259 1223 4300; x_wconf 87' lang='lat' dir='ltr'><strong>assecutus</strong></span> <span class='ocrx_word' id='word_1_532' title='bbox 1245 4250 1642 4319; x_wconf 83' lang='lat' dir='ltr'><strong>magistratum.</strong></span> <span class='ocrx_word' id='word_1_533' title='bbox 1676 4255 1766 4308; x_wconf 92' lang='lat' dir='ltr'><strong>llle</strong></span> <span class='ocrx_word' id='word_1_534' title='bbox 1795 4257 2010 4322; x_wconf 78' lang='lat' dir='ltr'><strong>qtiidem</strong></span> <span class='ocrx_word' id='word_1_535' title='bbox 2040 4259 2153 4311; x_wconf 74' lang='lat' dir='ltr'><strong>haec</strong></span> <span class='ocrx_word' id='word_1_536' title='bbox 2177 4259 2365 4314; x_wconf 85' lang='lat' dir='ltr'><strong>callide</strong></span> 
     </span>
    </p>
   </div>
   <div class='ocr_carea' id='block_1_76' title="bbox 789 4325 2366 4410">
    <p class='ocr_par' dir='ltr' id='par_1_76' title="bbox 789 4325 2366 4410">
     <span class='ocr_line' id='line_1_76' title="bbox 789 4325 2366 4410; baseline 0.008 -17"><span class='ocrx_word' id='word_1_537' title='bbox 789 4339 1025 4404; x_wconf 87' lang='lat' dir='ltr'><strong>dicebat,</strong></span> <span class='ocrx_word' id='word_1_538' title='bbox 1047 4341 1148 4397; x_wconf 88' lang='lat' dir='ltr'><strong>hoc</strong></span> <span class='ocrx_word' id='word_1_539' title='bbox 1167 4325 1342 4397; x_wconf 75' lang='lat' dir='ltr'><strong>solum</strong></span> <span class='ocrx_word' id='word_1_540' title='bbox 1363 4345 1707 4410; x_wconf 80' lang='lat' dir='ltr'><strong>maeliinans,</strong></span> <span class='ocrx_word' id='word_1_541' title='bbox 1739 4357 1796 4399; x_wconf 93' lang='lat' dir='ltr'><strong>ut</strong></span> <span class='ocrx_word' id='word_1_542' title='bbox 1821 4363 1943 4400; x_wconf 93' lang='lat' dir='ltr'><strong>eum</strong></span> <span class='ocrx_word' id='word_1_543' title='bbox 1967 4349 2191 4403; x_wconf 89' lang='lat' dir='ltr'><strong>omnino</strong></span> <span class='ocrx_word' id='word_1_544' title='bbox 2213 4352 2366 4406; x_wconf 86' lang='lat' dir='ltr'><strong>blan-</strong></span> 
     </span>
    </p>
   </div>
   <div class='ocr_carea' id='block_1_77' title="bbox 788 4430 2367 4501">
    <p class='ocr_par' dir='ltr' id='par_1_77' title="bbox 788 4430 2367 4501">
     <span class='ocr_line' id='line_1_77' title="bbox 788 4430 2367 4501; baseline 0.009 -14"><span class='ocrx_word' id='word_1_545' title='bbox 788 4430 873 4487; x_wconf 82' lang='lat' dir='ltr'><strong>dis</strong></span> <span class='ocrx_word' id='word_1_546' title='bbox 897 4434 1075 4488; x_wconf 89' lang='lat' dir='ltr'><strong>verbis</strong></span> <span class='ocrx_word' id='word_1_547' title='bbox 1093 4435 1339 4495; x_wconf 87' lang='lat' dir='ltr'><strong>illiceret,</strong></span> <span class='ocrx_word' id='word_1_548' title='bbox 1364 4449 1414 4490; x_wconf 89' lang='lat' dir='ltr'><strong>et</strong></span> <span class='ocrx_word' id='word_1_549' title='bbox 1441 4435 1815 4493; x_wconf 85' lang='lat' dir='ltr'><strong>fraudulenter</strong></span> <span class='ocrx_word' id='word_1_550' title='bbox 1841 4442 1907 4493; x_wconf 86' lang='lat' dir='ltr'><strong>ad</strong></span> <span class='ocrx_word' id='word_1_551' title='bbox 1928 4444 2173 4497; x_wconf 85' lang='lat' dir='ltr'><strong>eamdem</strong></span> <span class='ocrx_word' id='word_1_552' title='bbox 2194 4446 2367 4501; x_wconf 86' lang='lat' dir='ltr'><strong>dedu-</strong></span> 
     </span>
    </p>
   </div>
   <div class='ocr_carea' id='block_1_78' title="bbox 2468 3238 4052 3315">
    <p class='ocr_par' dir='ltr' id='par_1_78' title="bbox 2468 3238 4052 3315">
     <span class='ocr_line' id='line_1_78' title="bbox 2468 3238 4052 3315; baseline -0.006 -15"><span class='ocrx_word' id='word_1_553' title='bbox 2468 3246 2656 3300; x_wconf 59' lang='grc' dir='ltr'>πιστὸν</span> <span class='ocrx_word' id='word_1_554' title='bbox 2683 3245 2840 3315; x_wconf 78' lang='grc' dir='ltr'>δῆθεν</span> <span class='ocrx_word' id='word_1_555' title='bbox 2873 3243 3204 3306; x_wconf 72' lang='grc' dir='ltr'>ἐπιδεικνὺς,</span> <span class='ocrx_word' id='word_1_556' title='bbox 3231 3244 3312 3295; x_wconf 81' lang='grc' dir='ltr'><strong>ὅτι</strong></span> <span class='ocrx_word' id='word_1_557' title='bbox 3340 3241 3434 3313; x_wconf 78' lang='grc' dir='ltr'>τὴν</span> <span class='ocrx_word' id='word_1_558' title='bbox 3466 3243 3644 3312; x_wconf 74' lang='grc' dir='ltr'>ἀρχὴν</span> <span class='ocrx_word' id='word_1_559' title='bbox 3680 3238 3910 3309; x_wconf 69' lang='grc' dir='ltr'>ἐκείνην</span> <span class='ocrx_word' id='word_1_560' title='bbox 3961 3241 4052 3291; x_wconf 81' lang='grc' dir='ltr'>ὑπ’</span> 
     </span>
    </p>
   </div>
   <div class='ocr_carea' id='block_1_79' title="bbox 2468 3335 4053 3408">
    <p class='ocr_par' dir='ltr' id='par_1_79' title="bbox 2468 3335 4053 3408">
     <span class='ocr_line' id='line_1_79' title="bbox 2468 3335 4053 3408; baseline -0.006 -14"><span class='ocrx_word' id='word_1_561' title='bbox 2468 3340 2637 3394; x_wconf 77' lang='grc' dir='ltr'>αὐτοῦ</span> <span class='ocrx_word' id='word_1_562' title='bbox 2691 3341 2982 3408; x_wconf 80' lang='grc' dir='ltr'>κτήσαιτο,</span> <span class='ocrx_word' id='word_1_563' title='bbox 3046 3336 3361 3397; x_wconf 76' lang='grc' dir='ltr'>κολακείαις</span> <span class='ocrx_word' id='word_1_564' title='bbox 3411 3336 3576 3388; x_wconf 78' lang='grc' dir='ltr'>αὐτὸν</span> <span class='ocrx_word' id='word_1_565' title='bbox 3637 3337 3718 3397; x_wconf 81' lang='grc' dir='ltr'>εἰς</span> <span class='ocrx_word' id='word_1_566' title='bbox 3787 3336 3847 3387; x_wconf 69' lang='grc' dir='ltr'>τὸ</span> <span class='ocrx_word' id='word_1_567' title='bbox 3911 3335 4053 3386; x_wconf 75' lang='grc' dir='ltr'>θεῖον</span> 
     </span>
    </p>
   </div>
   <div class='ocr_carea' id='block_1_80' title="bbox 2469 3423 4058 3497">
    <p class='ocr_par' dir='ltr' id='par_1_80' title="bbox 2469 3423 4058 3497">
     <span class='ocr_line' id='line_1_80' title="bbox 2469 3423 4058 3497; baseline -0.006 -14"><span class='ocrx_word' id='word_1_568' title='bbox 2469 3431 2801 3494; x_wconf 80' lang='grc' dir='ltr'>ἐξεκαλεῖτο,</span> <span class='ocrx_word' id='word_1_569' title='bbox 2863 3427 2961 3497; x_wconf 83' lang='grc' dir='ltr'><strong>τὴν</strong></span> <span class='ocrx_word' id='word_1_570' title='bbox 3012 3426 3254 3493; x_wconf 78' lang='grc' dir='ltr'>παντελῆ</span> <span class='ocrx_word' id='word_1_571' title='bbox 3295 3423 3534 3491; x_wconf 75' lang='grc' dir='ltr'>Χριστοῦ</span> <span class='ocrx_word' id='word_1_572' title='bbox 3582 3424 3956 3492; x_wconf 70' lang='grc' dir='ltr'>ἀλλοτρίωσιν</span> <span class='ocrx_word' id='word_1_573' title='bbox 4002 3428 4058 3474; x_wconf 71' lang='grc' dir='ltr'><strong>ἐν</strong></span> 
     </span>
    </p>
   </div>
   <div class='ocr_carea' id='block_1_81' title="bbox 2472 3515 4059 3592">
    <p class='ocr_par' dir='ltr' id='par_1_81' title="bbox 2472 3515 4059 3592">
     <span class='ocr_line' id='line_1_81' title="bbox 2472 3515 4059 3592; baseline -0.008 -15"><span class='ocrx_word' id='word_1_574' title='bbox 2472 3523 2629 3589; x_wconf 77' lang='grc' dir='ltr'>τάξει</span> <span class='ocrx_word' id='word_1_575' title='bbox 2679 3521 2919 3592; x_wconf 80' lang='grc' dir='ltr'>χαρίτων</span> <span class='ocrx_word' id='word_1_576' title='bbox 2954 3517 3252 3572; x_wconf 75' lang='grc' dir='ltr'>ἀποδοῦναι</span> <span class='ocrx_word' id='word_1_577' title='bbox 3307 3515 3651 3584; x_wconf 78' lang='grc' dir='ltr'>βουλόμενος,</span> <span class='ocrx_word' id='word_1_578' title='bbox 3704 3517 3731 3565; x_wconf 84' lang='grc' dir='ltr'>ὁ</span> <span class='ocrx_word' id='word_1_579' title='bbox 3789 3515 4059 3582; x_wconf 54' lang='grc' dir='ltr'>θεομισὴς</span> 
     </span>
    </p>
   </div>
   <div class='ocr_carea' id='block_1_82' title="bbox 2472 3603 4058 3680">
    <p class='ocr_par' dir='ltr' id='par_1_82' title="bbox 2472 3603 4058 3680">
     <span class='ocr_line' id='line_1_82' title="bbox 2472 3603 4058 3680; baseline -0.008 -13"><span class='ocrx_word' id='word_1_580' title='bbox 2472 3615 2567 3667; x_wconf 72' lang='grc' dir='ltr'><strong>καὶ</strong></span> <span class='ocrx_word' id='word_1_581' title='bbox 2592 3615 2844 3680; x_wconf 74' lang='grc' dir='ltr'>ἀνόητος,</span> <span class='ocrx_word' id='word_1_582' title='bbox 2894 3611 3082 3680; x_wconf 77' lang='grc' dir='ltr'>ἠρέμα</span> <span class='ocrx_word' id='word_1_583' title='bbox 3132 3607 3189 3659; x_wconf 84' lang='grc' dir='ltr'>δὲ</span> <span class='ocrx_word' id='word_1_584' title='bbox 3221 3604 3316 3658; x_wconf 65' lang='grc' dir='ltr'><strong>καλ⁵</strong></span> <span class='ocrx_word' id='word_1_585' title='bbox 3353 3603 3528 3657; x_wconf 74' lang='grc' dir='ltr'>ταῦτα</span> <span class='ocrx_word' id='word_1_586' title='bbox 3571 3604 3887 3668; x_wconf 59' lang='grc' dir='ltr'>ὑποψωνῶν</span> <span class='ocrx_word' id='word_1_587' title='bbox 3917 3620 3933 3634; x_wconf 79' lang='grc' dir='ltr'>ο</span> <span class='ocrx_word' id='word_1_588' title='bbox 3966 3609 4058 3657; x_wconf 77' lang='grc' dir='ltr'><strong>Αἱ·</strong></span> 
     </span>
    </p>
   </div>
   <div class='ocr_carea' id='block_1_83' title="bbox 2473 3697 4058 3776">
    <p class='ocr_par' dir='ltr' id='par_1_83' title="bbox 2473 3697 4058 3776">
     <span class='ocr_line' id='line_1_83' title="bbox 2473 3697 4058 3776; baseline -0.004 -19"><span class='ocrx_word' id='word_1_589' title='bbox 2473 3709 2746 3776; x_wconf 79' lang='grc' dir='ltr'>σχύνομαι</span> <span class='ocrx_word' id='word_1_590' title='bbox 2772 3704 2871 3772; x_wconf 80' lang='grc' dir='ltr'><strong>τὴν</strong></span> <span class='ocrx_word' id='word_1_591' title='bbox 2908 3701 3142 3754; x_wconf 82' lang='grc' dir='ltr'>παλαιὰν</span> <span class='ocrx_word' id='word_1_592' title='bbox 3171 3698 3408 3766; x_wconf 75' lang='grc' dir='ltr'>’ἐκείνην</span> <span class='ocrx_word' id='word_1_593' title='bbox 3437 3697 3799 3766; x_wconf 70' lang='grc' dir='ltr'>εὐδαιμονίαν</span> <span class='ocrx_word' id='word_1_594' title='bbox 3833 3698 3934 3750; x_wconf 80' lang='grc' dir='ltr'>καὶ</span> <span class='ocrx_word' id='word_1_595' title='bbox 3960 3700 4058 3758; x_wconf 77' lang='grc' dir='ltr'>τὰς</span> 
     </span>
    </p>
   </div>
   <div class='ocr_carea' id='block_1_84' title="bbox 2473 3793 4058 3870">
    <p class='ocr_par' dir='ltr' id='par_1_84' title="bbox 2473 3793 4058 3870">
     <span class='ocr_line' id='line_1_84' title="bbox 2473 3793 4058 3870; baseline -0.008 -16"><span class='ocrx_word' id='word_1_596' title='bbox 2473 3803 2552 3864; x_wconf 85' lang='grc' dir='ltr'>εἰς</span> <span class='ocrx_word' id='word_1_597' title='bbox 2585 3801 2681 3870; x_wconf 72' lang='grc' dir='ltr'>ἐμὲ</span> <span class='ocrx_word' id='word_1_598' title='bbox 2731 3798 2986 3868; x_wconf 84' lang='grc' dir='ltr'>χάριτας,</span> <span class='ocrx_word' id='word_1_599' title='bbox 3039 3796 3264 3864; x_wconf 79' lang='grc' dir='ltr'>φίλτατε</span> <span class='ocrx_word' id='word_1_600' title='bbox 3321 3793 3533 3863; x_wconf 79' lang='grc' dir='ltr'>Σέργιε,</span> <span class='ocrx_word' id='word_1_601' title='bbox 3590 3793 3937 3862; x_wconf 72' lang='grc' dir='ltr'>αἰσχύνομαι</span> <span class='ocrx_word' id='word_1_602' title='bbox 3999 3793 4058 3859; x_wconf 61' lang='grc' dir='ltr'><strong>νὴ</strong></span> 
     </span>
    </p>
   </div>
   <div class='ocr_carea' id='block_1_85' title="bbox 2473 3884 4054 3959">
    <p class='ocr_par' dir='ltr' id='par_1_85' title="bbox 2473 3884 4054 3959">
     <span class='ocr_line' id='line_1_85' title="bbox 2473 3884 4054 3959; baseline -0.009 -10"><span class='ocrx_word' id='word_1_603' title='bbox 2473 3898 2601 3958; x_wconf 72' lang='grc' dir='ltr'>τοὺς</span> <span class='ocrx_word' id='word_1_604' title='bbox 2640 3894 2794 3954; x_wconf 74' lang='grc' dir='ltr'>θεοὺς</span> <span class='ocrx_word' id='word_1_605' title='bbox 2834 3892 2929 3945; x_wconf 72' lang='grc' dir='ltr'>καὶ</span> <span class='ocrx_word' id='word_1_606' title='bbox 2984 3891 3105 3943; x_wconf 69' lang='grc' dir='ltr'>οὖδέ</span> <span class='ocrx_word' id='word_1_607' title='bbox 3133 3888 3268 3959; x_wconf 74' lang='grc' dir='ltr'>ὁρᾷν</span> <span class='ocrx_word' id='word_1_608' title='bbox 3300 3885 3382 3938; x_wconf 81' lang='grc' dir='ltr'><strong>ἐτι</strong></span> <span class='ocrx_word' id='word_1_609' title='bbox 3432 3899 3491 3936; x_wconf 85' lang='grc' dir='ltr'><strong>σε</strong></span> <span class='ocrx_word' id='word_1_610' title='bbox 3547 3884 3703 3952; x_wconf 79' lang='grc' dir='ltr'>φέρω</span> <span class='ocrx_word' id='word_1_611' title='bbox 3750 3887 4054 3939; x_wconf 77' lang='grc' dir='ltr'>κατάδικον</span> 
     </span>
    </p>
   </div>
   <div class='ocr_carea' id='block_1_86' title="bbox 2473 3977 4058 4052">
    <p class='ocr_par' dir='ltr' id='par_1_86' title="bbox 2473 3977 4058 4052">
     <span class='ocr_line' id='line_1_86' title="bbox 2473 3977 4058 4052; baseline -0.005 -13"><span class='ocrx_word' id='word_1_612' title='bbox 2473 3986 2615 4039; x_wconf 70' lang='grc' dir='ltr'>οὕτω</span> <span class='ocrx_word' id='word_1_613' title='bbox 2643 3985 2719 4052; x_wconf 73' lang='grc' dir='ltr'><strong>τῷ</strong></span> <span class='ocrx_word' id='word_1_614' title='bbox 2747 3982 3000 4052; x_wconf 68' lang='grc' dir='ltr'>ἡμετέρῳ</span> <span class='ocrx_word' id='word_1_615' title='bbox 3038 3982 3246 4050; x_wconf 81' lang='grc' dir='ltr'>βήματι</span> <span class='ocrx_word' id='word_1_616' title='bbox 3301 3977 3743 4044; x_wconf 82' lang='grc' dir='ltr'>παριστάμενον,</span> <span class='ocrx_word' id='word_1_617' title='bbox 3784 3981 3812 4031; x_wconf 82' lang='grc' dir='ltr'><strong>ό</strong></span> <span class='ocrx_word' id='word_1_618' title='bbox 3865 3979 4058 4031; x_wconf 81' lang='grc' dir='ltr'>πολλο-</span> 
     </span>
    </p>
   </div>
   <div class='ocr_carea' id='block_1_87' title="bbox 2477 4064 4059 4143">
    <p class='ocr_par' dir='ltr' id='par_1_87' title="bbox 2477 4064 4059 4143">
     <span class='ocr_line' id='line_1_87' title="bbox 2477 4064 4059 4143; baseline -0.008 -14"><span class='ocrx_word' id='word_1_619' title='bbox 2477 4077 2599 4138; x_wconf 75' lang='grc' dir='ltr'>στὸς</span> <span class='ocrx_word' id='word_1_620' title='bbox 2635 4073 2748 4143; x_wconf 87' lang='grc' dir='ltr'><strong>ἐγὼ</strong></span> <span class='ocrx_word' id='word_1_621' title='bbox 2781 4073 2916 4143; x_wconf 75' lang='grc' dir='ltr'>πρὸς</span> <span class='ocrx_word' id='word_1_622' title='bbox 2962 4072 3061 4138; x_wconf 84' lang='grc' dir='ltr'><strong>τὴν</strong></span> <span class='ocrx_word' id='word_1_623' title='bbox 3109 4067 3209 4138; x_wconf 80' lang='grc' dir='ltr'>σὴν</span> <span class='ocrx_word' id='word_1_624' title='bbox 3260 4065 3607 4134; x_wconf 77' lang='grc' dir='ltr'>ἐπιφάνειαν,</span> <span class='ocrx_word' id='word_1_625' title='bbox 3659 4064 3758 4116; x_wconf 74' lang='grc' dir='ltr'>καὶ</span> <span class='ocrx_word' id='word_1_626' title='bbox 3813 4065 3920 4134; x_wconf 75' lang='grc' dir='ltr'>τῆς</span> <span class='ocrx_word' id='word_1_627' title='bbox 3965 4065 4059 4132; x_wconf 78' lang='grc' dir='ltr'>σῆς</span> 
     </span>
    </p>
   </div>
   <div class='ocr_carea' id='block_1_88' title="bbox 2475 4153 4058 4238">
    <p class='ocr_par' dir='ltr' id='par_1_88' title="bbox 2475 4153 4058 4238">
     <span class='ocr_line' id='line_1_88' title="bbox 2475 4153 4058 4238; baseline -0.009 -17"><span class='ocrx_word' id='word_1_628' title='bbox 2475 4168 2662 4238; x_wconf 76' lang='grc' dir='ltr'>φιλίας</span> <span class='ocrx_word' id='word_1_629' title='bbox 2697 4167 2790 4219; x_wconf 78' lang='grc' dir='ltr'><strong>καὶ</strong></span> <span class='ocrx_word' id='word_1_630' title='bbox 2819 4160 3146 4224; x_wconf 85' lang='grc' dir='ltr'>δυναστείας</span> <span class='ocrx_word' id='word_1_631' title='bbox 3177 4158 3344 4229; x_wconf 78' lang='grc' dir='ltr'>ἔργον</span> <span class='ocrx_word' id='word_1_632' title='bbox 3393 4155 3492 4227; x_wconf 81' lang='grc' dir='ltr'><strong>τὴν</strong></span> <span class='ocrx_word' id='word_1_633' title='bbox 3541 4153 3834 4226; x_wconf 77' lang='grc' dir='ltr'>παροῦσαν</span> <span class='ocrx_word' id='word_1_634' title='bbox 3885 4157 4058 4227; x_wconf 77' lang='grc' dir='ltr'>ἀρχὴν</span> 
     </span>
    </p>
   </div>
   <div class='ocr_carea' id='block_1_89' title="bbox 2475 4247 4059 4328">
    <p class='ocr_par' dir='ltr' id='par_1_89' title="bbox 2475 4247 4059 4328">
     <span class='ocr_line' id='line_1_89' title="bbox 2475 4247 4059 4328; baseline -0.006 -18"><span class='ocrx_word' id='word_1_635' title='bbox 2475 4257 2882 4328; x_wconf 79' lang='grc' dir='ltr'>περικείμενος.</span> <span class='ocrx_word' id='word_1_636' title='bbox 2930 4252 2991 4306; x_wconf 84' lang='lat'><strong>&#39;0</strong></span> <span class='ocrx_word' id='word_1_637' title='bbox 3021 4255 3117 4322; x_wconf 82' lang='grc' dir='ltr'>μὲν</span> <span class='ocrx_word' id='word_1_638' title='bbox 3156 4247 3251 4305; x_wconf 83' lang='grc' dir='ltr'><strong>οὖν</strong></span> <span class='ocrx_word' id='word_1_639' title='bbox 3286 4248 3611 4320; x_wconf 83' lang='grc' dir='ltr'>πανούργως</span> <span class='ocrx_word' id='word_1_640' title='bbox 3647 4247 3808 4313; x_wconf 78' lang='grc' dir='ltr'>ἔλεγε</span> <span class='ocrx_word' id='word_1_641' title='bbox 3845 4249 3917 4300; x_wconf 72' lang='lat' dir='ltr'><strong>ti</strong></span> <span class='ocrx_word' id='word_1_642' title='bbox 3954 4266 4059 4300; x_wconf 80' lang='grc' dir='ltr'>τοι·</span> 
     </span>
    </p>
   </div>
   <div class='ocr_carea' id='block_1_90' title="bbox 2475 4341 4058 4415">
    <p class='ocr_par' dir='ltr' id='par_1_90' title="bbox 2475 4341 4058 4415">
     <span class='ocr_line' id='line_1_90' title="bbox 2475 4341 4058 4415; baseline -0.008 -11"><span class='ocrx_word' id='word_1_643' title='bbox 2475 4349 2639 4415; x_wconf 77' lang='grc' dir='ltr'>αὔτα,</span> <span class='ocrx_word' id='word_1_644' title='bbox 2686 4348 2844 4400; x_wconf 80' lang='grc' dir='ltr'>τοῦτο</span> <span class='ocrx_word' id='word_1_645' title='bbox 2897 4346 3058 4415; x_wconf 80' lang='grc' dir='ltr'>μόνον</span> <span class='ocrx_word' id='word_1_646' title='bbox 3108 4361 3168 4396; x_wconf 91' lang='grc' dir='ltr'><strong>τε</strong></span> <span class='ocrx_word' id='word_1_647' title='bbox 3205 4343 3517 4412; x_wconf 80' lang='grc' dir='ltr'>χρώμενος,</span> <span class='ocrx_word' id='word_1_648' title='bbox 3575 4342 3726 4402; x_wconf 76' lang='grc' dir='ltr'>ὅπως</span> <span class='ocrx_word' id='word_1_649' title='bbox 3778 4341 3951 4394; x_wconf 78' lang='grc' dir='ltr'>αὐτὸν</span> <span class='ocrx_word' id='word_1_650' title='bbox 4005 4341 4058 4404; x_wconf 76' lang='grc' dir='ltr'>ἐξ</span> 
     </span>
    </p>
   </div>
   <div class='ocr_carea' id='block_1_91' title="bbox 2473 4433 4059 4508">
    <p class='ocr_par' dir='ltr' id='par_1_91' title="bbox 2473 4433 4059 4508">
     <span class='ocr_line' id='line_1_91' title="bbox 2473 4433 4059 4508; baseline -0.008 -12"><span class='ocrx_word' id='word_1_651' title='bbox 2473 4441 2718 4502; x_wconf 67' lang='grc' dir='ltr'>ἅπαντος</span> <span class='ocrx_word' id='word_1_652' title='bbox 2771 4437 3055 4508; x_wconf 73' lang='grc' dir='ltr'>ὐποκλέψῃ</span> <span class='ocrx_word' id='word_1_653' title='bbox 3092 4437 3187 4488; x_wconf 76' lang='grc' dir='ltr'>καὶ</span> <span class='ocrx_word' id='word_1_654' title='bbox 3221 4441 3358 4505; x_wconf 75' lang='grc' dir='ltr'>πρὸς</span> <span class='ocrx_word' id='word_1_655' title='bbox 3411 4433 3508 4502; x_wconf 82' lang='grc' dir='ltr'>τὴν</span> <span class='ocrx_word' id='word_1_656' title='bbox 3546 4435 3670 4502; x_wconf 77' lang='grc' dir='ltr'>ῖσην</span> <span class='ocrx_word' id='word_1_657' title='bbox 3715 4433 3875 4502; x_wconf 83' lang='grc' dir='ltr'><strong>αὑτῷ</strong></span> <span class='ocrx_word' id='word_1_658' title='bbox 3930 4433 4059 4504; x_wconf 80' lang='grc' dir='ltr'>θρηο</span> 
     </span>
    </p>
   </div>
   <div class='ocr_carea' id='block_1_92' title="bbox 788 4526 2362 4602">
    <p class='ocr_par' dir='ltr' id='par_1_92' title="bbox 788 4526 2362 4602">
     <span class='ocr_line' id='line_1_92' title="bbox 788 4526 2362 4602; baseline 0.006 -20"><span class='ocrx_word' id='word_1_659' title='bbox 788 4535 941 4582; x_wconf 87' lang='lat' dir='ltr'><strong>ccret</strong></span> <span class='ocrx_word' id='word_1_660' title='bbox 967 4526 1302 4597; x_wconf 80' lang='lat' dir='ltr'><strong>religionem.</strong></span> <span class='ocrx_word' id='word_1_661' title='bbox 1325 4528 1413 4581; x_wconf 88' lang='lat' dir='ltr'><strong>llle</strong></span> <span class='ocrx_word' id='word_1_662' title='bbox 1427 4536 1607 4581; x_wconf 89' lang='lat' dir='ltr'><strong>autem</strong></span> <span class='ocrx_word' id='word_1_663' title='bbox 1632 4547 1645 4580; x_wconf 89' lang='lat'><strong>:</strong></span> <span class='ocrx_word' id='word_1_664' title='bbox 1676 4529 1778 4582; x_wconf 88' lang='lat' dir='ltr'><strong>Sed</strong></span> <span class='ocrx_word' id='word_1_665' title='bbox 1807 4531 1848 4584; x_wconf 90' lang='lat' dir='ltr'><strong>si</strong></span> <span class='ocrx_word' id='word_1_666' title='bbox 1874 4548 1979 4594; x_wconf 90' lang='lat' dir='ltr'><strong>me,</strong></span> <span class='ocrx_word' id='word_1_667' title='bbox 2007 4533 2205 4602; x_wconf 92' lang='lat' dir='ltr'><strong>inquit,</strong></span> <span class='ocrx_word' id='word_1_668' title='bbox 2232 4539 2362 4593; x_wconf 86' lang='lat' dir='ltr'><strong>velis</strong></span> 
     </span>
    </p>
   </div>
   <div class='ocr_carea' id='block_1_93' title="bbox 2471 4526 4056 4602">
    <p class='ocr_par' dir='ltr' id='par_1_93' title="bbox 2475 4526 4056 4600">
     <span class='ocr_line' id='line_1_93' title="bbox 2475 4526 4056 4600; baseline -0.007 -13"><span class='ocrx_word' id='word_1_669' title='bbox 2475 4535 2663 4587; x_wconf 90' lang='grc' dir='ltr'>σκείαν</span> <span class='ocrx_word' id='word_1_670' title='bbox 2691 4531 2919 4600; x_wconf 85' lang='grc' dir='ltr'>δολερῶς</span> <span class='ocrx_word' id='word_1_671' title='bbox 2948 4531 3329 4599; x_wconf 83' lang='grc' dir='ltr'>ὑπαγάγηται.</span> <span class='ocrx_word' id='word_1_672' title='bbox 3395 4527 3454 4579; x_wconf 82' lang='grc' dir='ltr'>Ὀ</span> <span class='ocrx_word' id='word_1_673' title='bbox 3474 4527 3552 4591; x_wconf 80' lang='grc' dir='ltr'><strong>δέ,</strong></span> <span class='ocrx_word' id='word_1_674' title='bbox 3594 4526 3738 4578; x_wconf 82' lang='grc' dir='ltr'>Ἀλλ’</span> <span class='ocrx_word' id='word_1_675' title='bbox 3769 4530 3821 4580; x_wconf 84' lang='grc' dir='ltr'><strong>εί</strong></span> <span class='ocrx_word' id='word_1_676' title='bbox 3855 4527 4056 4596; x_wconf 73' lang='grc' dir='ltr'>βούλει,</span> 
     </span>
    </p>
   </div>
   <div class='ocr_carea' id='block_1_94' title="bbox 786 4621 2362 4691">
    <p class='ocr_par' dir='ltr' id='par_1_94' title="bbox 786 4621 2362 4691">
     <span class='ocr_line' id='line_1_94' title="bbox 786 4621 2362 4691; baseline 0.006 -17"><span class='ocrx_word' id='word_1_677' title='bbox 786 4635 936 4675; x_wconf 84' lang='lat' dir='ltr'><strong>nunc</strong></span> <span class='ocrx_word' id='word_1_678' title='bbox 953 4636 1167 4690; x_wconf 86' lang='lat' dir='ltr'><strong>quoque</strong></span> <span class='ocrx_word' id='word_1_679' title='bbox 1197 4622 1253 4675; x_wconf 91' lang='lat' dir='ltr'><strong>in</strong></span> <span class='ocrx_word' id='word_1_680' title='bbox 1284 4622 1532 4676; x_wconf 79' lang='lat' dir='ltr'><strong>maximis</strong></span> <span class='ocrx_word' id='word_1_681' title='bbox 1558 4621 1716 4676; x_wconf 92' lang='lat' dir='ltr'><strong>bonis</strong></span> <span class='ocrx_word' id='word_1_682' title='bbox 1749 4623 1997 4691; x_wconf 90' lang='lat' dir='ltr'><strong>accipere</strong></span> <span class='ocrx_word' id='word_1_683' title='bbox 2045 4626 2362 4683; x_wconf 81' lang='lat' dir='ltr'><strong>benefacto-</strong></span> 
     </span>
    </p>
   </div>
   <div class='ocr_carea' id='block_1_95' title="bbox 789 4715 2360 4783">
    <p class='ocr_par' dir='ltr' id='par_1_95' title="bbox 789 4715 2360 4783">
     <span class='ocr_line' id='line_1_95' title="bbox 789 4715 2360 4783; baseline 0.006 -17"><span class='ocrx_word' id='word_1_684' title='bbox 789 4727 928 4772; x_wconf 86' lang='lat' dir='ltr'><strong>rem.</strong></span> <span class='ocrx_word' id='word_1_685' title='bbox 952 4725 1205 4783; x_wconf 88' lang='lat' dir='ltr'><strong>prompto</strong></span> <span class='ocrx_word' id='word_1_686' title='bbox 1227 4723 1282 4767; x_wconf 90' lang='lat' dir='ltr'><strong>et</strong></span> <span class='ocrx_word' id='word_1_687' title='bbox 1307 4715 1471 4767; x_wconf 90' lang='lat' dir='ltr'><strong>alacri</strong></span> <span class='ocrx_word' id='word_1_688' title='bbox 1493 4715 1677 4768; x_wconf 89' lang='lat' dir='ltr'><strong>animo</strong></span> <span class='ocrx_word' id='word_1_689' title='bbox 1707 4715 1800 4768; x_wconf 92' lang='lat' dir='ltr'><strong>tibi</strong></span> <span class='ocrx_word' id='word_1_690' title='bbox 1845 4715 1942 4769; x_wconf 87' lang='lat' dir='ltr'><strong>hac</strong></span> <span class='ocrx_word' id='word_1_691' title='bbox 1973 4716 2028 4770; x_wconf 92' lang='lat' dir='ltr'><strong>in</strong></span> <span class='ocrx_word' id='word_1_692' title='bbox 2079 4733 2137 4772; x_wconf 89' lang='lat' dir='ltr'><strong>re</strong></span> <span class='ocrx_word' id='word_1_693' title='bbox 2186 4720 2360 4775; x_wconf 89' lang='lat' dir='ltr'><strong>inser-</strong></span> 
     </span>
    </p>
   </div>
   <div class='ocr_carea' id='block_1_96' title="bbox 789 4805 2357 4881">
    <p class='ocr_par' dir='ltr' id='par_1_96' title="bbox 789 4805 2357 4881">
     <span class='ocr_line' id='line_1_96' title="bbox 789 4805 2357 4881; baseline 0.008 -24"><span class='ocrx_word' id='word_1_694' title='bbox 789 4807 960 4860; x_wconf 82' lang='lat' dir='ltr'><strong>viam.</strong></span> <span class='ocrx_word' id='word_1_695' title='bbox 991 4805 1123 4860; x_wconf 83' lang='lat' dir='ltr'><strong>Nam</strong></span> <span class='ocrx_word' id='word_1_696' title='bbox 1163 4823 1286 4862; x_wconf 90' lang='lat' dir='ltr'><strong>cum</strong></span> <span class='ocrx_word' id='word_1_697' title='bbox 1356 4817 1408 4862; x_wconf 90' lang='lat' dir='ltr'><strong>te</strong></span> <span class='ocrx_word' id='word_1_698' title='bbox 1461 4808 1765 4862; x_wconf 87' lang='lat' dir='ltr'><strong>liberavero</strong></span> <span class='ocrx_word' id='word_1_699' title='bbox 1816 4807 1885 4860; x_wconf 86' lang='lat' dir='ltr'><strong>ab</strong></span> <span class='ocrx_word' id='word_1_700' title='bbox 1935 4807 2035 4863; x_wconf 90' lang='lat' dir='ltr'><strong>hac</strong></span> <span class='ocrx_word' id='word_1_701' title='bbox 2089 4812 2357 4881; x_wconf 87' lang='lat' dir='ltr'><strong>profunda</strong></span> 
     </span>
    </p>
   </div>
   <div class='ocr_carea' id='block_1_97' title="bbox 791 4900 2366 4979">
    <p class='ocr_par' dir='ltr' id='par_1_97' title="bbox 791 4900 2366 4979">
     <span class='ocr_line' id='line_1_97' title="bbox 791 4900 2366 4979; baseline 0.005 -25"><span class='ocrx_word' id='word_1_702' title='bbox 791 4900 1138 4967; x_wconf 82' lang='lat' dir='ltr'><strong>deceptione,</strong></span> <span class='ocrx_word' id='word_1_703' title='bbox 1172 4902 1437 4954; x_wconf 83' lang='lat' dir='ltr'><strong>adducam</strong></span> <span class='ocrx_word' id='word_1_704' title='bbox 1474 4902 1539 4954; x_wconf 92' lang='lat' dir='ltr'><strong>ad</strong></span> <span class='ocrx_word' id='word_1_705' title='bbox 1591 4903 1767 4955; x_wconf 91' lang='lat' dir='ltr'><strong>lucem</strong></span> <span class='ocrx_word' id='word_1_706' title='bbox 1817 4901 2078 4972; x_wconf 79' lang='lat' dir='ltr'><strong>veritatis,</strong></span> <span class='ocrx_word' id='word_1_707' title='bbox 2130 4917 2182 4960; x_wconf 87' lang='lat' dir='ltr'><strong>et</strong></span> <span class='ocrx_word' id='word_1_708' title='bbox 2233 4906 2366 4979; x_wconf 79' lang='lat' dir='ltr'><strong>Regi</strong></span> 
     </span>
    </p>
   </div>
   <div class='ocr_carea' id='block_1_98' title="bbox 774 4992 1773 5048">
    <p class='ocr_par' dir='ltr' id='par_1_98' title="bbox 774 4992 1773 5048">
     <span class='ocr_line' id='line_1_98' title="bbox 774 4992 1773 5048; baseline 0 -1"><span class='ocrx_word' id='word_1_709' title='bbox 774 4992 1085 5047; x_wconf 74' lang='lat' dir='ltr'><strong>&quot;immortali</strong></span> <span class='ocrx_word' id='word_1_710' title='bbox 1139 4995 1362 5048; x_wconf 82' lang='lat' dir='ltr'><strong>reddam</strong></span> <span class='ocrx_word' id='word_1_711' title='bbox 1428 4994 1773 5048; x_wconf 87' lang='lat' dir='ltr'><strong>familiarem.</strong></span> 
     </span>
    </p>
   </div>
   <div class='ocr_carea' id='block_1_99' title="bbox 863 5085 2366 5159">
    <p class='ocr_par' dir='ltr' id='par_1_99' title="bbox 863 5085 2366 5159">
     <span class='ocr_line' id='line_1_99' title="bbox 863 5085 2366 5159; baseline 0.004 -19"><span class='ocrx_word' id='word_1_712' title='bbox 863 5085 1003 5140; x_wconf 78' lang='lat' dir='ltr'><strong>XVI.</strong></span> <span class='ocrx_word' id='word_1_713' title='bbox 1038 5086 1154 5140; x_wconf 82' lang='lat' dir='ltr'><strong>Non</strong></span> <span class='ocrx_word' id='word_1_714' title='bbox 1211 5088 1465 5141; x_wconf 83' lang='lat' dir='ltr'><strong>lubenter</strong></span> <span class='ocrx_word' id='word_1_715' title='bbox 1508 5089 1680 5143; x_wconf 87' lang='lat' dir='ltr'><strong>audiit</strong></span> <span class='ocrx_word' id='word_1_716' title='bbox 1726 5106 1810 5152; x_wconf 94' lang='lat' dir='ltr'><strong>ea,</strong></span> <span class='ocrx_word' id='word_1_717' title='bbox 1852 5108 1972 5159; x_wconf 74' lang='lat' dir='ltr'><strong>qua:</strong></span> <span class='ocrx_word' id='word_1_718' title='bbox 2023 5093 2366 5154; x_wconf 86' lang='lat' dir='ltr'><strong>dicebantur,</strong></span> 
     </span>
    </p>
   </div>
   <div class='ocr_carea' id='block_1_100' title="bbox 795 5179 2366 5251">
    <p class='ocr_par' dir='ltr' id='par_1_100' title="bbox 795 5179 2366 5251">
     <span class='ocr_line' id='line_1_100' title="bbox 795 5179 2366 5251; baseline 0.004 -19"><span class='ocrx_word' id='word_1_719' title='bbox 795 5179 962 5232; x_wconf 86' lang='lat' dir='ltr'><strong>homo</strong></span> <span class='ocrx_word' id='word_1_720' title='bbox 1017 5181 1106 5248; x_wconf 94' lang='lat' dir='ltr'><strong>qui</strong></span> <span class='ocrx_word' id='word_1_721' title='bbox 1170 5181 1515 5236; x_wconf 85' lang='lat' dir='ltr'><strong>assuefactus</strong></span> <span class='ocrx_word' id='word_1_722' title='bbox 1558 5191 1675 5235; x_wconf 84' lang='lat' dir='ltr'><strong>erat</strong></span> <span class='ocrx_word' id='word_1_723' title='bbox 1705 5184 1980 5251; x_wconf 88' lang='lat' dir='ltr'><strong>interitni;</strong></span> <span class='ocrx_word' id='word_1_724' title='bbox 2029 5187 2124 5239; x_wconf 87' lang='lat' dir='ltr'><strong>sed</strong></span> <span class='ocrx_word' id='word_1_725' title='bbox 2186 5185 2366 5239; x_wconf 81' lang='lat' dir='ltr'><strong>statim</strong></span> 
     </span>
    </p>
   </div>
   <div class='ocr_carea' id='block_1_101' title="bbox 797 5270 2364 5343">
    <p class='ocr_par' dir='ltr' id='par_1_101' title="bbox 797 5270 2364 5343">
     <span class='ocr_line' id='line_1_101' title="bbox 797 5270 2364 5343; baseline 0.004 -19"><span class='ocrx_word' id='word_1_726' title='bbox 797 5270 1049 5340; x_wconf 83' lang='lat' dir='ltr'><strong>Sergium</strong></span> <span class='ocrx_word' id='word_1_727' title='bbox 1087 5276 1304 5341; x_wconf 88' lang='lat' dir='ltr'><strong>gravius</strong></span> <span class='ocrx_word' id='word_1_728' title='bbox 1333 5285 1387 5327; x_wconf 90' lang='lat' dir='ltr'><strong>et</strong></span> <span class='ocrx_word' id='word_1_729' title='bbox 1414 5273 1658 5327; x_wconf 88' lang='lat' dir='ltr'><strong>severius</strong></span> <span class='ocrx_word' id='word_1_730' title='bbox 1689 5274 1961 5343; x_wconf 87' lang='lat' dir='ltr'><strong>aspiciens</strong></span> <span class='ocrx_word' id='word_1_731' title='bbox 1995 5292 2009 5327; x_wconf 90' lang='lat'>:</span> <span class='ocrx_word' id='word_1_732' title='bbox 2080 5274 2156 5328; x_wconf 85' lang='lat' dir='ltr'><strong>Ne</strong></span> <span class='ocrx_word' id='word_1_733' title='bbox 2214 5277 2364 5338; x_wconf 90' lang='lat' dir='ltr'><strong>deos,</strong></span> 
     </span>
    </p>
   </div>
   <div class='ocr_carea' id='block_1_102' title="bbox 797 5365 2368 5438">
    <p class='ocr_par' dir='ltr' id='par_1_102' title="bbox 797 5365 2368 5438">
     <span class='ocr_line' id='line_1_102' title="bbox 797 5365 2368 5438; baseline 0.003 -21"><span class='ocrx_word' id='word_1_734' title='bbox 797 5365 999 5432; x_wconf 86' lang='lat' dir='ltr'><strong>inquit,</strong></span> <span class='ocrx_word' id='word_1_735' title='bbox 1066 5365 1412 5434; x_wconf 84' lang='lat' dir='ltr'><strong>blasphemes</strong></span> <span class='ocrx_word' id='word_1_736' title='bbox 1469 5366 1822 5421; x_wconf 84' lang='lat' dir='ltr'><strong>immortales.</strong></span> <span class='ocrx_word' id='word_1_737' title='bbox 1919 5366 2116 5438; x_wconf 81' lang='lat' dir='ltr'><strong>Martyr</strong></span> <span class='ocrx_word' id='word_1_738' title='bbox 2189 5380 2368 5422; x_wconf 89' lang='lat' dir='ltr'><strong>autem</strong></span> 
     </span>
    </p>
   </div>
   <div class='ocr_carea' id='block_1_103' title="bbox 799 5458 2375 5520">
    <p class='ocr_par' dir='ltr' id='par_1_103' title="bbox 799 5458 2375 5520">
     <span class='ocr_line' id='line_1_103' title="bbox 799 5458 2375 5520; baseline 0.001 -9"><span class='ocrx_word' id='word_1_739' title='bbox 799 5458 983 5511; x_wconf 86' lang='lat' dir='ltr'><strong>acrius</strong></span> <span class='ocrx_word' id='word_1_740' title='bbox 1016 5468 1177 5511; x_wconf 88' lang='lat' dir='ltr'><strong>utens</strong></span> <span class='ocrx_word' id='word_1_741' title='bbox 1209 5458 1427 5517; x_wconf 89' lang='lat' dir='ltr'><strong>dicendi</strong></span> <span class='ocrx_word' id='word_1_742' title='bbox 1463 5459 1728 5520; x_wconf 86' lang='lat' dir='ltr'><strong>libertate,</strong></span> <span class='ocrx_word' id='word_1_743' title='bbox 1753 5469 1922 5512; x_wconf 89' lang='lat' dir='ltr'><strong>totum</strong></span> <span class='ocrx_word' id='word_1_744' title='bbox 1963 5459 2193 5514; x_wconf 84' lang='lat' dir='ltr'><strong>faciebat</strong></span> <span class='ocrx_word' id='word_1_745' title='bbox 2243 5476 2375 5514; x_wconf 82' lang='lat' dir='ltr'><strong>eon-</strong></span> 
     </span>
    </p>
   </div>
   <div class='ocr_carea' id='block_1_104' title="bbox 800 5535 2376 5618">
    <p class='ocr_par' dir='ltr' id='par_1_104' title="bbox 800 5535 2376 5618">
     <span class='ocr_line' id='line_1_104' title="bbox 800 5535 2376 5618; baseline -0.001 -13"><span class='ocrx_word' id='word_1_746' title='bbox 800 5550 1026 5605; x_wconf 86' lang='lat' dir='ltr'><strong>trarinm</strong></span> <span class='ocrx_word' id='word_1_747' title='bbox 1055 5561 1142 5604; x_wconf 87' lang='lat' dir='ltr'><strong>:et</strong></span> <span class='ocrx_word' id='word_1_748' title='bbox 1177 5535 1469 5604; x_wconf 85' lang='lat' dir='ltr'><strong>illiusdeos</strong></span> <span class='ocrx_word' id='word_1_749' title='bbox 1498 5551 1764 5604; x_wconf 87' lang='lat' dir='ltr'><strong>alliciebat</strong></span> <span class='ocrx_word' id='word_1_750' title='bbox 1804 5551 2016 5618; x_wconf 88' lang='lat' dir='ltr'><strong>probris</strong></span> <span class='ocrx_word' id='word_1_751' title='bbox 2067 5566 2130 5604; x_wconf 87' lang='lat' dir='ltr'><strong>ac</strong></span> <span class='ocrx_word' id='word_1_752' title='bbox 2181 5559 2376 5604; x_wconf 90' lang='lat' dir='ltr'><strong>contu-</strong></span> 
     </span>
    </p>
   </div>
   <div class='ocr_carea' id='block_1_105' title="bbox 801 5643 2368 5702">
    <p class='ocr_par' dir='ltr' id='par_1_105' title="bbox 801 5643 2368 5702">
     <span class='ocr_line' id='line_1_105' title="bbox 801 5643 2368 5702; baseline 0.002 -7"><span class='ocrx_word' id='word_1_753' title='bbox 801 5644 999 5702; x_wconf 85' lang='lat' dir='ltr'><strong>meliis.</strong></span> <span class='ocrx_word' id='word_1_754' title='bbox 1025 5655 1077 5696; x_wconf 90' lang='lat' dir='ltr'><strong>et</strong></span> <span class='ocrx_word' id='word_1_755' title='bbox 1119 5659 1215 5698; x_wconf 91' lang='lat' dir='ltr'><strong>eos</strong></span> <span class='ocrx_word' id='word_1_756' title='bbox 1237 5643 1412 5696; x_wconf 88' lang='lat' dir='ltr'><strong>solum</strong></span> <span class='ocrx_word' id='word_1_757' title='bbox 1445 5646 1667 5698; x_wconf 89' lang='lat' dir='ltr'><strong>nomina</strong></span> <span class='ocrx_word' id='word_1_758' title='bbox 1707 5647 1932 5698; x_wconf 85' lang='lat' dir='ltr'><strong>vocabat</strong></span> <span class='ocrx_word' id='word_1_759' title='bbox 1983 5660 2041 5698; x_wconf 88' lang='lat' dir='ltr'><strong>re</strong></span> <span class='ocrx_word' id='word_1_760' title='bbox 2083 5647 2323 5698; x_wconf 86' lang='lat' dir='ltr'><strong>carentia</strong></span> <span class='ocrx_word' id='word_1_761' title='bbox 2356 5662 2368 5698; x_wconf 92' lang='lat'>:</span> 
     </span>
    </p>
   </div>
   <div class='ocr_carea' id='block_1_106' title="bbox 803 5736 2371 5805">
    <p class='ocr_par' dir='ltr' id='par_1_106' title="bbox 803 5736 2371 5805">
     <span class='ocr_line' id='line_1_106' title="bbox 803 5736 2371 5805; baseline 0.001 -15"><span class='ocrx_word' id='word_1_762' title='bbox 803 5751 901 5790; x_wconf 82' lang='lat' dir='ltr'><strong>eos</strong></span> <span class='ocrx_word' id='word_1_763' title='bbox 927 5753 1076 5798; x_wconf 87' lang='lat' dir='ltr'><strong>vero,</strong></span> <span class='ocrx_word' id='word_1_764' title='bbox 1103 5737 1192 5805; x_wconf 89' lang='lat' dir='ltr'><strong>qui</strong></span> <span class='ocrx_word' id='word_1_765' title='bbox 1229 5738 1348 5791; x_wconf 91' lang='lat' dir='ltr'><strong>illos</strong></span> <span class='ocrx_word' id='word_1_766' title='bbox 1379 5736 1677 5791; x_wconf 85' lang='lat' dir='ltr'><strong>adorabant</strong></span> <span class='ocrx_word' id='word_1_767' title='bbox 1705 5749 1759 5791; x_wconf 87' lang='lat' dir='ltr'><strong>et</strong></span> <span class='ocrx_word' id='word_1_768' title='bbox 1783 5739 2059 5802; x_wconf 85' lang='lat' dir='ltr'><strong>colebant,</strong></span> <span class='ocrx_word' id='word_1_769' title='bbox 2114 5737 2371 5792; x_wconf 87' lang='lat' dir='ltr'><strong>ostende-</strong></span> 
     </span>
    </p>
   </div>
   <div class='ocr_carea' id='block_1_107' title="bbox 804 5825 2373 5899">
    <p class='ocr_par' dir='ltr' id='par_1_107' title="bbox 804 5825 2373 5899">
     <span class='ocr_line' id='line_1_107' title="bbox 804 5825 2373 5899; baseline -0.001 -18"><span class='ocrx_word' id='word_1_770' title='bbox 804 5827 897 5881; x_wconf 86' lang='lat' dir='ltr'><strong>bat</strong></span> <span class='ocrx_word' id='word_1_771' title='bbox 921 5825 1087 5880; x_wconf 85' lang='lat' dir='ltr'><strong>multo</strong></span> <span class='ocrx_word' id='word_1_772' title='bbox 1116 5831 1325 5883; x_wconf 88' lang='lat' dir='ltr'><strong>minore</strong></span> <span class='ocrx_word' id='word_1_773' title='bbox 1355 5844 1516 5882; x_wconf 85' lang='lat' dir='ltr'><strong>sensu</strong></span> <span class='ocrx_word' id='word_1_774' title='bbox 1544 5843 1664 5883; x_wconf 84' lang='lat' dir='ltr'><strong>esse</strong></span> <span class='ocrx_word' id='word_1_775' title='bbox 1704 5829 1956 5899; x_wconf 62' lang='lat' dir='ltr'><strong>[traditos</strong></span> <span class='ocrx_word' id='word_1_776' title='bbox 1985 5846 2143 5899; x_wconf 82' lang='lat' dir='ltr'><strong>quam</strong></span> <span class='ocrx_word' id='word_1_777' title='bbox 2182 5828 2373 5884; x_wconf 89' lang='lat' dir='ltr'><strong>surdos</strong></span> 
     </span>
    </p>
   </div>
   <div class='ocr_carea' id='block_1_108' title="bbox 2474 4618 4054 4697">
    <p class='ocr_par' dir='ltr' id='par_1_108' title="bbox 2474 4618 4054 4697">
     <span class='ocr_line' id='line_1_108' title="bbox 2474 4618 4054 4697; baseline -0.005 -19"><span class='ocrx_word' id='word_1_778' title='bbox 2474 4627 2628 4697; x_wconf 72' lang='grc' dir='ltr'>φησὶ,</span> <span class='ocrx_word' id='word_1_779' title='bbox 2661 4626 2755 4678; x_wconf 77' lang='grc' dir='ltr'>καὶ</span> <span class='ocrx_word' id='word_1_780' title='bbox 2785 4623 2878 4676; x_wconf 78' lang='grc' dir='ltr'><strong>νῦν</strong></span> <span class='ocrx_word' id='word_1_781' title='bbox 2908 4623 2965 4674; x_wconf 83' lang='grc' dir='ltr'><strong>ἐν</strong></span> <span class='ocrx_word' id='word_1_782' title='bbox 2991 4625 3103 4684; x_wconf 85' lang='grc' dir='ltr'>τοῖς</span> <span class='ocrx_word' id='word_1_783' title='bbox 3149 4619 3434 4689; x_wconf 86' lang='grc' dir='ltr'>μεγίστοις</span> <span class='ocrx_word' id='word_1_784' title='bbox 3481 4619 3592 4671; x_wconf 83' lang='grc' dir='ltr'><strong>τῶν</strong></span> <span class='ocrx_word' id='word_1_785' title='bbox 3633 4618 3870 4683; x_wconf 77' lang='grc' dir='ltr'>ἀγαθῶν</span> <span class='ocrx_word' id='word_1_786' title='bbox 3901 4621 4054 4687; x_wconf 67' lang='grc' dir='ltr'>εὐερ-</span> 
     </span>
    </p>
   </div>
   <div class='ocr_carea' id='block_1_109' title="bbox 2474 4709 4054 4788">
    <p class='ocr_par' dir='ltr' id='par_1_109' title="bbox 2474 4709 4054 4788">
     <span class='ocr_line' id='line_1_109' title="bbox 2474 4709 4054 4788; baseline -0.008 -16"><span class='ocrx_word' id='word_1_787' title='bbox 2474 4721 2640 4788; x_wconf 74' lang='grc' dir='ltr'>γέτην</span> <span class='ocrx_word' id='word_1_788' title='bbox 2663 4716 2845 4769; x_wconf 78' lang='grc' dir='ltr'>λαδεῖν</span> <span class='ocrx_word' id='word_1_789' title='bbox 2879 4731 2945 4784; x_wconf 87' lang='grc' dir='ltr'><strong>με</strong></span> <span class='ocrx_word' id='word_1_790' title='bbox 2977 4713 3255 4783; x_wconf 80' lang='grc' dir='ltr'>πρόθυμος</span> <span class='ocrx_word' id='word_1_791' title='bbox 3283 4710 3476 4778; x_wconf 73' lang='grc' dir='ltr'>ἔσομαί</span> <span class='ocrx_word' id='word_1_792' title='bbox 3500 4726 3589 4776; x_wconf 89' lang='grc' dir='ltr'>γε.</span> <span class='ocrx_word' id='word_1_793' title='bbox 3637 4709 4054 4778; x_wconf 69' lang='grc' dir='ltr'>Ἐλευθερὼσας</span> 
     </span>
    </p>
   </div>
   <div class='ocr_carea' id='block_1_110' title="bbox 2472 4802 4049 4880">
    <p class='ocr_par' dir='ltr' id='par_1_110' title="bbox 2472 4802 4049 4880">
     <span class='ocr_line' id='line_1_110' title="bbox 2472 4802 4049 4880; baseline -0.008 -16"><span class='ocrx_word' id='word_1_794' title='bbox 2472 4813 2578 4880; x_wconf 80' lang='grc' dir='ltr'><strong>γάρ</strong></span> <span class='ocrx_word' id='word_1_795' title='bbox 2631 4827 2689 4862; x_wconf 89' lang='grc' dir='ltr'><strong>σε</strong></span> <span class='ocrx_word' id='word_1_796' title='bbox 2747 4810 2846 4876; x_wconf 83' lang='grc' dir='ltr'><strong>τῆς</strong></span> <span class='ocrx_word' id='word_1_797' title='bbox 2900 4805 3124 4875; x_wconf 84' lang='grc' dir='ltr'>βαθείας</span> <span class='ocrx_word' id='word_1_798' title='bbox 3180 4803 3386 4872; x_wconf 75' lang='grc' dir='ltr'>ταύτης</span> <span class='ocrx_word' id='word_1_799' title='bbox 3456 4803 3698 4873; x_wconf 76' lang='grc' dir='ltr'>ἀπάτης,</span> <span class='ocrx_word' id='word_1_800' title='bbox 3779 4802 3862 4871; x_wconf 81' lang='grc' dir='ltr'>τῷ</span> <span class='ocrx_word' id='word_1_801' title='bbox 3958 4803 4049 4869; x_wconf 74' lang='grc' dir='ltr'>τῆς</span> 
     </span>
    </p>
   </div>
   <div class='ocr_carea' id='block_1_111' title="bbox 2467 4893 4044 4972">
    <p class='ocr_par' dir='ltr' id='par_1_111' title="bbox 2467 4893 4044 4972">
     <span class='ocr_line' id='line_1_111' title="bbox 2467 4893 4044 4972; baseline -0.01 -14"><span class='ocrx_word' id='word_1_802' title='bbox 2467 4902 2728 4972; x_wconf 83' lang='grc' dir='ltr'>ἀληθείας</span> <span class='ocrx_word' id='word_1_803' title='bbox 2761 4897 3017 4968; x_wconf 78' lang='grc' dir='ltr'>προσάξω</span> <span class='ocrx_word' id='word_1_804' title='bbox 3053 4898 3191 4966; x_wconf 77' lang='grc' dir='ltr'>φωτὶ</span> <span class='ocrx_word' id='word_1_805' title='bbox 3241 4895 3336 4947; x_wconf 76' lang='grc' dir='ltr'>καὶ</span> <span class='ocrx_word' id='word_1_806' title='bbox 3371 4894 3583 4965; x_wconf 84' lang='grc' dir='ltr'>βασιλεῖ</span> <span class='ocrx_word' id='word_1_807' title='bbox 3645 4893 3726 4962; x_wconf 83' lang='grc' dir='ltr'>τῷ</span> <span class='ocrx_word' id='word_1_808' title='bbox 3787 4897 4044 4963; x_wconf 73' lang='grc' dir='ltr'>ἀθανάτῳ</span> 
     </span>
    </p>
   </div>
   <div class='ocr_carea' id='block_1_112' title="bbox 2469 4992 2995 5064">
    <p class='ocr_par' dir='ltr' id='par_1_112' title="bbox 2469 4992 2995 5064">
     <span class='ocr_line' id='line_1_112' title="bbox 2469 4992 2995 5064; baseline -0.008 -15"><span class='ocrx_word' id='word_1_809' title='bbox 2469 4992 2995 5064; x_wconf 83' lang='grc' dir='ltr'>προσοικειώσομαι.</span> 
     </span>
    </p>
   </div>
   <div class='ocr_carea' id='block_1_113' title="bbox 2540 5083 4046 5154">
    <p class='ocr_par' dir='ltr' id='par_1_113' title="bbox 2540 5083 4046 5154">
     <span class='ocr_line' id='line_1_113' title="bbox 2540 5083 4046 5154; baseline -0.01 -13"><span class='ocrx_word' id='word_1_810' title='bbox 2540 5085 2656 5154; x_wconf 70' lang='grc' dir='ltr'>ις’.</span> <span class='ocrx_word' id='word_1_811' title='bbox 2713 5087 2826 5138; x_wconf 68' lang='grc' dir='ltr'><strong>Οὐκ</strong></span> <span class='ocrx_word' id='word_1_812' title='bbox 2864 5086 3098 5154; x_wconf 63' lang='grc' dir='ltr'>’ἤκουσεν</span> <span class='ocrx_word' id='word_1_813' title='bbox 3150 5083 3326 5152; x_wconf 79' lang='grc' dir='ltr'>ἡδέως</span> <span class='ocrx_word' id='word_1_814' title='bbox 3377 5083 3486 5135; x_wconf 84' lang='grc' dir='ltr'><strong>τῶν</strong></span> <span class='ocrx_word' id='word_1_815' title='bbox 3539 5084 3873 5152; x_wconf 79' lang='grc' dir='ltr'>λεγομένων</span> <span class='ocrx_word' id='word_1_816' title='bbox 3916 5089 3943 5138; x_wconf 74' lang='grc' dir='ltr'>ὁ</span> <span class='ocrx_word' id='word_1_817' title='bbox 3991 5086 4046 5152; x_wconf 65' lang='grc' dir='ltr'><strong>τῇ</strong></span> 
     </span>
    </p>
   </div>
   <div class='ocr_carea' id='block_1_114' title="bbox 2467 5157 4049 5248">
    <p class='ocr_par' dir='ltr' id='par_1_114' title="bbox 2467 5157 4049 5248">
     <span class='ocr_line' id='line_1_114' title="bbox 2467 5157 4049 5248; baseline -0.006 -14"><span class='ocrx_word' id='word_1_818' title='bbox 2467 5183 2714 5248; x_wconf 71' lang='grc' dir='ltr'>ἀπωλείᾳ</span> <span class='ocrx_word' id='word_1_819' title='bbox 2749 5176 3087 5237; x_wconf 73' lang='grc' dir='ltr'>συνεθισθεὶς</span> <span class='ocrx_word' id='word_1_820' title='bbox 3118 5176 3410 5246; x_wconf 77' lang='grc' dir='ltr'>ἄνθρωπος</span> <span class='ocrx_word' id='word_1_821' title='bbox 3431 5157 3588 5229; x_wconf 44' lang='grc' dir='ltr'>’.ἀλλ’</span> <span class='ocrx_word' id='word_1_822' title='bbox 3612 5177 4049 5246; x_wconf 69' lang='grc' dir='ltr'>ἐμϐριθέστερον</span> 
     </span>
    </p>
   </div>
   <div class='ocr_carea' id='block_1_115' title="bbox 2470 5267 4052 5339">
    <p class='ocr_par' dir='ltr' id='par_1_115' title="bbox 2470 5267 4052 5339">
     <span class='ocr_line' id='line_1_115' title="bbox 2470 5267 4052 5339; baseline -0.003 -16"><span class='ocrx_word' id='word_1_823' title='bbox 2470 5271 2664 5324; x_wconf 72' lang='grc' dir='ltr'>αὐτίκα</span> <span class='ocrx_word' id='word_1_824' title='bbox 2693 5271 2904 5339; x_wconf 74' lang='grc' dir='ltr'>Σεργίῳ</span> <span class='ocrx_word' id='word_1_825' title='bbox 2931 5270 2991 5320; x_wconf 81' lang='grc' dir='ltr'><strong>τὸ</strong></span> <span class='ocrx_word' id='word_1_826' title='bbox 3019 5269 3234 5338; x_wconf 79' lang='grc' dir='ltr'>βλέμμα</span> <span class='ocrx_word' id='word_1_827' title='bbox 3257 5267 3532 5319; x_wconf 78' lang='grc' dir='ltr'>ἐπιϐαλών</span> <span class='ocrx_word' id='word_1_828' title='bbox 3563 5283 3576 5298; x_wconf 91' lang='grc'><strong>·</strong></span> <span class='ocrx_word' id='word_1_829' title='bbox 3612 5269 3705 5334; x_wconf 75' lang='grc' dir='ltr'><strong>Μὴ</strong></span> <span class='ocrx_word' id='word_1_830' title='bbox 3738 5269 4052 5337; x_wconf 56' lang='grc' dir='ltr'>βλασςθήμιι</span> 
     </span>
    </p>
   </div>
   <div class='ocr_carea' id='block_1_116' title="bbox 2469 5360 4055 5431">
    <p class='ocr_par' dir='ltr' id='par_1_116' title="bbox 2469 5360 4055 5431">
     <span class='ocr_line' id='line_1_116' title="bbox 2469 5360 4055 5431; baseline -0.001 -16"><span class='ocrx_word' id='word_1_831' title='bbox 2469 5366 2592 5426; x_wconf 81' lang='grc' dir='ltr'>τοὺς</span> <span class='ocrx_word' id='word_1_832' title='bbox 2625 5364 2950 5428; x_wconf 81' lang='grc' dir='ltr'>ἀθανάτους,</span> <span class='ocrx_word' id='word_1_833' title='bbox 2982 5364 3112 5431; x_wconf 76' lang='grc' dir='ltr'>ἐφη,</span> <span class='ocrx_word' id='word_1_834' title='bbox 3147 5360 3321 5423; x_wconf 80' lang='grc' dir='ltr'>θεούς.</span> <span class='ocrx_word' id='word_1_835' title='bbox 3373 5361 3530 5414; x_wconf 79' lang='grc' dir='ltr'>Καὶὸ</span> <span class='ocrx_word' id='word_1_836' title='bbox 3566 5362 3785 5430; x_wconf 78' lang='grc' dir='ltr'>μάρτυς</span> <span class='ocrx_word' id='word_1_837' title='bbox 3820 5363 3900 5427; x_wconf 79' lang='grc' dir='ltr'>δξ,</span> <span class='ocrx_word' id='word_1_838' title='bbox 3941 5365 4055 5430; x_wconf 63' lang='grc' dir='ltr'>θερ-</span> 
     </span>
    </p>
   </div>
   <div class='ocr_carea' id='block_1_117' title="bbox 2478 5439 4054 5526">
    <p class='ocr_par' dir='ltr' id='par_1_117' title="bbox 2478 5454 4054 5526">
     <span class='ocr_line' id='line_1_117' title="bbox 2478 5454 4054 5526; baseline -0.002 -18"><span class='ocrx_word' id='word_1_839' title='bbox 2478 5457 2703 5526; x_wconf 76' lang='grc' dir='ltr'>μότερον</span> <span class='ocrx_word' id='word_1_840' title='bbox 2734 5456 2896 5508; x_wconf 86' lang='grc' dir='ltr'>πάλιν</span> <span class='ocrx_word' id='word_1_841' title='bbox 2928 5458 2994 5524; x_wconf 76' lang='grc' dir='ltr'>τῇ</span> <span class='ocrx_word' id='word_1_842' title='bbox 3021 5454 3308 5525; x_wconf 69' lang='grc' dir='ltr'>παρρησία</span> <span class='ocrx_word' id='word_1_843' title='bbox 3332 5455 3709 5522; x_wconf 74' lang='grc' dir='ltr'>χρησάμενος,</span> <span class='ocrx_word' id='word_1_844' title='bbox 3743 5456 4054 5506; x_wconf 68' lang='grc' dir='ltr'>τούναντίιν</span> 
     </span>
    </p>
   </div>
   <div class='ocr_carea' id='block_1_118' title="bbox 2479 5545 4052 5613">
    <p class='ocr_par' dir='ltr' id='par_1_118' title="bbox 2479 5545 4052 5613">
     <span class='ocr_line' id='line_1_118' title="bbox 2479 5545 4052 5613; baseline -0.003 -13"><span class='ocrx_word' id='word_1_845' title='bbox 2479 5551 2622 5601; x_wconf 67' lang='grc' dir='ltr'>ἅπαν</span> <span class='ocrx_word' id='word_1_846' title='bbox 2669 5548 2877 5600; x_wconf 81' lang='grc' dir='ltr'>ἐποίει·</span> <span class='ocrx_word' id='word_1_847' title='bbox 2939 5550 3034 5598; x_wconf 71' lang='grc' dir='ltr'>καὶ</span> <span class='ocrx_word' id='word_1_848' title='bbox 3071 5548 3196 5606; x_wconf 68' lang='grc' dir='ltr'>τοὺς</span> <span class='ocrx_word' id='word_1_849' title='bbox 3251 5547 3461 5596; x_wconf 83' lang='grc' dir='ltr'>ἐκείνου</span> <span class='ocrx_word' id='word_1_850' title='bbox 3509 5546 3671 5607; x_wconf 61' lang='grc' dir='ltr'>θεοὺς</span> <span class='ocrx_word' id='word_1_851' title='bbox 3707 5545 3970 5613; x_wconf 67' lang='grc' dir='ltr'>ἐξύϐριζὲ</span> <span class='ocrx_word' id='word_1_852' title='bbox 4003 5560 4052 5596; x_wconf 68' lang='grc' dir='ltr'><strong>τε</strong></span> 
     </span>
    </p>
   </div>
   <div class='ocr_carea' id='block_1_119' title="bbox 2480 5638 4052 5707">
    <p class='ocr_par' dir='ltr' id='par_1_119' title="bbox 2480 5638 4052 5707">
     <span class='ocr_line' id='line_1_119' title="bbox 2480 5638 4052 5707; baseline -0.003 -14"><span class='ocrx_word' id='word_1_853' title='bbox 2480 5641 2574 5693; x_wconf 71' lang='grc' dir='ltr'>καὶ</span> <span class='ocrx_word' id='word_1_854' title='bbox 2591 5640 2832 5706; x_wconf 82' lang='grc' dir='ltr'>ὀνόματα</span> <span class='ocrx_word' id='word_1_855' title='bbox 2854 5638 3011 5707; x_wconf 79' lang='grc' dir='ltr'>μόνον</span> <span class='ocrx_word' id='word_1_856' title='bbox 3034 5639 3225 5690; x_wconf 61' lang='lat' dir='ltr'><strong>aiatait:</strong></span> <span class='ocrx_word' id='word_1_857' title='bbox 3251 5638 3434 5690; x_wconf 84' lang='grc' dir='ltr'>ἐκάλει</span> <span class='ocrx_word' id='word_1_858' title='bbox 3462 5639 3821 5705; x_wconf 80' lang='grc' dir='ltr'>πραγμάτων</span> <span class='ocrx_word' id='word_1_859' title='bbox 3844 5641 4052 5706; x_wconf 70' lang='grc' dir='ltr'>ἕρημα’</span> 
     </span>
    </p>
   </div>
   <div class='ocr_carea' id='block_1_120' title="bbox 2482 5729 4055 5800">
    <p class='ocr_par' dir='ltr' id='par_1_120' title="bbox 2482 5729 4055 5800">
     <span class='ocr_line' id='line_1_120' title="bbox 2482 5729 4055 5800; baseline -0.004 -16"><span class='ocrx_word' id='word_1_860' title='bbox 2482 5733 2727 5795; x_wconf 75' lang='grc' dir='ltr'>καὶτοὺς</span> <span class='ocrx_word' id='word_1_861' title='bbox 2763 5730 3206 5800; x_wconf 75' lang='grc' dir='ltr'>προσκυνοῦντας</span> <span class='ocrx_word' id='word_1_862' title='bbox 3238 5729 3294 5782; x_wconf 77' lang='grc' dir='ltr'>δὲ</span> <span class='ocrx_word' id='word_1_863' title='bbox 3341 5731 3434 5782; x_wconf 75' lang='grc' dir='ltr'>καὶ</span> <span class='ocrx_word' id='word_1_864' title='bbox 3486 5729 3830 5799; x_wconf 75' lang='grc' dir='ltr'>σεϐομένους</span> <span class='ocrx_word' id='word_1_865' title='bbox 3865 5730 4055 5788; x_wconf 61' lang='grc' dir='ltr'>αὐτοις</span> 
     </span>
    </p>
   </div>
   <div class='ocr_carea' id='block_1_121' title="bbox 2484 5822 4055 5894">
    <p class='ocr_par' dir='ltr' id='par_1_121' title="bbox 2484 5822 4055 5894">
     <span class='ocr_line' id='line_1_121' title="bbox 2484 5822 4055 5894; baseline -0.006 -14"><span class='ocrx_word' id='word_1_866' title='bbox 2484 5824 2971 5894; x_wconf 70' lang='grc' dir='ltr'>ἀναισθητοτέρονς</span> <span class='ocrx_word' id='word_1_867' title='bbox 3005 5823 3183 5892; x_wconf 80' lang='grc' dir='ltr'>πολλῷ</span> <span class='ocrx_word' id='word_1_868' title='bbox 3205 5823 3313 5876; x_wconf 81' lang='grc' dir='ltr'><strong>τῶν</strong></span> <span class='ocrx_word' id='word_1_869' title='bbox 3346 5822 3549 5891; x_wconf 58' lang='grc' dir='ltr'>κωςτῷν</span> <span class='ocrx_word' id='word_1_870' title='bbox 3581 5824 3820 5878; x_wconf 79' lang='grc' dir='ltr'>ἐκείνων</span> <span class='ocrx_word' id='word_1_871' title='bbox 3857 5823 4055 5875; x_wconf 61' lang='grc' dir='ltr'>ἐδείκνυ</span> 
     </span>
    </p>
   </div>
  </div>
