4178 6316
169 356 302 424 1025

1095 369 1562 433 MARTYRIUM
1605 374 1710 437 SS.
1754 375 2017 439 SERGll
2058 378 2152 440 ET
2194 381 2467 444 BACCHI

3285 397 3424 465 1026

168 472 325 529 θεῶν.
367 473 427 526 '0
460 472 588 540 δοὺξ
619 475 800 530 τοίνυν
828 476 906 539 ὡς
932 477 1081 549 ἐώρα
1124 479 1421 534 κολακειῶν
1455 499 1512 534 τε
1545 484 1706 552 κρείτ

1816 542 1817 547 η
1853 486 1974 541 illos
2002 488 2155 543 deos.
2190 490 2301 545 Dux
2331 499 2513 546 autem
2546 504 2830 564 postquam
2880 501 3013 556 vidit
3079 504 3328 577 Sergium
3366 522 3424 566 ct

164 581 241 618 τω
290 565 382 619 καὶ
433 567 673 622 ἀπειλῶν
721 572 812 624 τὸν
865 570 1099 648 Σέργιον
1134 614 1148 637 ,

167 657 473 711 ὑποδιδόντα
502 661 599 730 τῆς
630 662 964 732 παρρησίας,
992 663 1189 715 αὐτίκα
1232 667 1333 733 τὴν
1361 666 1740 736 κατεψευσμέ-

1203 574 1298 625 xui.
1333 575 1443 627 οὐδ’
1491 577 1742 641 ὁπωσοῦν

1844 578 2140 646 blanditiis,
2175 594 2229 637 et
2254 584 2418 638 minis
2438 600 2557 641 esse
2593 590 2953 659 superiorem,
2981 605 3037 649 et
3067 597 3200 653 nihil
3229 608 3423 656 remit-

1845 681 2048 726 tentem
2082 676 2147 730 de
2176 676 2431 745 loquendi
2458 680 2725 745 libertate,
2757 684 2902 741 illam
2942 690 3125 744 statim
3182 696 3420 750 ementi-

166 766 263 818 νην
292 751 507 821 ἐκείνην
544 752 729 819 φιλίαν
761 757 854 807 καὶ
888 755 950 807 τὸ
986 758 1328 822 προσωπεῖον
1382 760 1707 831 ἀποδυσάμε

1842 771 1949 817 tam
1981 781 2194 823 exuens
2221 772 2517 827 amicitiam
2566 786 2621 828 et
2680 792 2989 846 personam.
3019 794 3208 851 aperte
3234 798 3420 842 osten-

163 859 247 903 νος
278 844 412 913 ὅπερ
437 839 506 915 ἦν
550 846 798 916 ἐναργῶς
840 846 1217 911 ἀπεδείκνυτο,
1266 852 1358 902 καὶ
1409 850 1485 914 ὡς
1536 853 1735 919 ἔοικεν,

173 932 233 986 Ἢ
253 931 417 1003 πολλή
442 953 568 1004 μου,
594 942 778 1004 φησὶν,
804 938 1096 1008 ἡμερότης,
1118 946 1209 992 καὶ
1232 942 1290 997 τὸ
1313 943 1558 1012 ἀκαίρως
1581 943 1737 997 τούτο

160 1026 296 1096 πρός
324 1044 383 1081 σε
429 1028 838 1098 φιλάνθρωπον,
889 1029 1067 1084 ταῦτά
1123 1048 1183 1084 σε
1232 1033 1367 1102 πρὸς
1416 1033 1735 1098 ἀλαζονείαν

159 1118 336 1189 ἐπῆρε
366 1137 380 1151 ο
418 1122 511 1174 καὶ
556 1123 697 1175 οὕτω
743 1123 866 1175 καθ’
901 1123 1059 1192 ἡμῶν
1112 1142 1169 1177 τε
1207 1125 1383 1179 αὐτῶν
1444 1130 1541 1179 καὶ
1595 1127 1733 1181 θεῶν

156 1211 378 1281 ἠρέθισε
408 1214 517 1266 τῶν
553 1214 832 1284 μεγάλωνῖ
869 1216 1029 1269 Ἀλλὰ
1058 1218 1151 1271 καὶ
1179 1219 1271 1271 τὸν
1301 1217 1468 1285 τῦφον
1509 1220 1731 1288 ἀπομα-

152 1301 311 1375 θήσῃ.
344 1304 403 1357 εὖ
443 1300 583 1370 οἴδα,
623 1307 715 1357 καὶ
751 1307 1067 1379 ἐπιμελήσῃ
1112 1309 1209 1377 τῆς
1249 1307 1561 1373 αὐθαδείας,
1633 1309 1730 1362 καὶ

157 1396 341 1468 γνώσῃ
376 1397 602 1449 σεαυτὸν
651 1398 711 1449 οὗ
746 1397 975 1468 μεσίτην
1025 1401 1151 1468 ἄρτι
1179 1401 1291 1451 τῶν
1322 1402 1520 1453 κοινῶν
1571 1402 1724 1468 ὄντα,

148 1487 273 1539 οὐδὲ
309 1487 457 1557 παρὰ
497 1487 710 1557 βασιλεῖ
740 1491 807 1542 τὰ
846 1492 1062 1560 μεγάλα
1090 1492 1413 1561 δυνάμενον,
1461 1494 1599 1549 ἀλλὰ
1631 1512 1729 1547 κα-

140 1577 406 1647 τάκριτον
459 1582 552 1632 καὶ
601 1581 895 1652 δεσμώτην
948 1587 1040 1636 καὶ
1086 1586 1138 1637 εί
1160 1602 1212 1638 τι
1243 1585 1371 1638 ἄλλο
1417 1592 1529 1650 τοῖς
1586 1589 1728 1642 οὓτω

154 1671 415 1739 ιρρονοῦσι
451 1674 619 1726 κακὸν
651 1673 869 1730 ἕπεται.
920 1676 1028 1727 Καὶ
1074 1677 1277 1729 αὐτίκα
1322 1678 1417 1745 τὴν
1468 1679 1576 1731 ἀπὸ
1623 1680 1722 1733 τού

144 1760 410 1829 φρουρίου
445 1760 662 1831 Σουρῶν
744 1765 836 1816 ἐπὶ
888 1762 987 1835 τὴν
1040 1766 1192 1817 πόλιν
1243 1766 1724 1835 Ῥωσαφὼνστε).-

1837 856 1917 910 dit
1948 857 1997 911 id
2023 860 2164 928 quod
2192 872 2305 916 erat
2337 882 2350 917 :
2383 874 2459 927 et,
2495 866 2681 935 Magna
2710 887 2848 934 mea,
2902 873 3097 943 inquit.
3162 894 3420 936 mansue-

1837 947 1992 1010 tudo.
2040 961 2094 1005 et
2148 952 2263 1008 hac
2319 955 2374 1009 in
2426 966 2476 1009 te
2558 959 2870 1029 importuna
2957 965 3284 1037 benignitas.
3346 973 3415 1026 ad

1836 1044 2200 1111 arrogantiam
2234 1053 2285 1098 te
2308 1049 2648 1114 extulerunt,
2701 1060 2756 1105 et
2802 1056 2882 1109 sic
2934 1056 2989 1109 in
3041 1073 3140 1113 nos
3168 1062 3331 1129 ipsos.
3360 1075 3416 1119 et

1834 1130 1969 1188 deos
1999 1149 2226 1206 magnos
2250 1151 2636 1208 provocarunt.
2664 1142 2769 1198 Sed
2813 1146 3062 1206 dedisces
3110 1154 3214 1222 (sat
3272 1158 3411 1227 scio)

1833 1227 2169 1294 superbiam.
2204 1241 2258 1284 et
2296 1232 2637 1289 Oblivisceris
2686 1244 2790 1291 tua:
2829 1245 3170 1312 arrogantia,
3211 1258 3269 1302 et
3316 1265 3412 1303 co-

1830 1320 2063 1383 gnosces
2090 1318 2321 1388 teipsum
2348 1337 2460 1377 non
2490 1340 2613 1379 esse
2646 1342 2826 1382 rerum
2866 1336 3242 1390 communium
3292 1354 3413 1394 am-

1829 1404 1973 1474 plius
1999 1408 2449 1482 intercessorem,
2495 1432 2675 1487 neque
2720 1435 2880 1489 posse
2923 1425 3217 1493 plurimum
3267 1434 3411 1500 apud

1831 1497 2236 1569 imperatorem,
2266 1507 2359 1561 sed
2385 1522 2507 1563 esse
2537 1510 2854 1566 damnatum
2893 1523 2947 1569 et
2968 1517 3231 1583 vinctum.
3267 1497 3321 1576 et
3363 1524 3410 1579 si

1828 1595 1970 1660 quod
1992 1594 2138 1650 aliud
2172 1600 2379 1655 malum
2402 1605 2654 1672 sequitur
2681 1624 2799 1673 eos,
2829 1610 2921 1680 qui
2948 1613 3020 1667 ita
3044 1618 3309 1672 sentiunt.
3342 1620 3412 1675 Et

1827 1685 2008 1737 statim
2076 1699 2105 1739 a
2169 1690 2423 1758 praesidio
2484 1691 2751 1750 Surorum
2801 1699 2911 1754 dux
2954 1704 3307 1771 proﬁciscens
3350 1708 3406 1763 in

1826 1774 2098 1832 civitatem
2131 1777 2530 1851 Itosaphorum,
2567 1788 2729 1842 eIIicit
2786 1801 2843 1844 ut
2885 1792 3159 1849 calceetur
3203 1799 3408 1854 athleta

138 1848 368 1916 λὸμενος
429 1853 655 1922 πορείαν
687 1854 715 1905 ὀ
769 1855 917 1920 δουξ,
972 1855 1221 1926 σιδηραῖς
1278 1863 1538 1929 κρηπῖσιν
1572 1860 1710 1932 ἥλοις

1828 1869 2089 1936 crepidis,
2143 1870 2339 1927 ferreis
2372 1876 2541 1931 clavis
2602 1880 2875 1935 conlisis:
2928 1892 2983 1937 et
3023 1888 3408 1944 conscendens

131 1940 281 2010 ὀξέσι
326 1945 786 2014 ἐμπεπαρμέναις
821 1946 915 1998 τὸν
961 1944 1202 2017 ἀθλητὴν
1244 1948 1572 2018 ύποδεθῆναι
1612 1967 1722 2005 πα-

131 2037 467 2104 ρασκευάζει
498 2053 513 2068 ·
552 2041 644 2091 καὶ
673 2039 946 2109 ὀχήματος
989 2041 1149 2104 αὐτὸς
1199 2043 1421 2108 ἐπιϐὰς,
1467 2043 1716 2115 ἔμπροσ-

127 2129 223 2181 θεν
289 2131 361 2194 ώς
388 2127 499 2202 εἷχε
526 2133 702 2188 ποδῶν
748 2135 966 2206 τρέχειν
998 2136 1088 2189 τὸν
1139 2134 1296 2204 ἅγιον
1349 2141 1443 2191 ἐπὶ
1488 2139 1721 2212 ἑϐδομή-

128 2224 303 2277 κοντά
337 2241 437 2277 που
473 2226 723 2289 σταδίους
748 2229 878 2298 ἄχρι
919 2229 1347 2299 Τετραπυργίας
1381 2233 1717 2301 ἠνάγκαζεν.

124 2313 291 2367 Ὅσοι
344 2317 444 2384 μὲν
503 2318 597 2371 οὖν
654 2321 928 2390 ἀπορρέον
987 2322 1046 2372 τὸ
1096 2322 1277 2375 ποδῶν
1330 2318 1468 2391 αἷμα
1521 2327 1711 2396 ἐώρων

125 2406 444 2474 θαυμάζειν
475 2425 535 2461 τε
576 2411 759 2472 αὐτοῖς
795 2411 1038 2481 ἀτεχνῶς
1075 2411 1254 2481 ἐπῄει,
1295 2418 1388 2465 καὶ
1426 2417 1517 2468 τὸν
1542 2418 1710 2487 ἀθλη-

124 2498 231 2567 τὴν
267 2499 365 2567 τῆς
402 2504 704 2571 καρτερίας
740 2503 1163 2572 ἐκπλήττεσθαι.
1229 2506 1456 2574 Ἐκείνῳ
1496 2507 1550 2559 δὲ
1603 2510 1715 2578 ἄρα

120 2595 183 2643 αἱ
224 2593 333 2646 τῶν
376 2595 845 2665 προσδοκωμένων
887 2597 1102 2663 ἐλπίδες
1171 2599 1385 2670 ῥανίδες
1431 2600 1711 2671 παρακλή-

122 2702 273 2747 σεως
306 2682 448 2755 ἦσαν
483 2689 543 2752 ἐξ
587 2689 821 2758 ούρανοῦ
860 2692 1135 2756 στάζουσα
1202 2694 1292 2747 καὶ
1327 2695 1387 2746 τὸ
1437 2693 1575 2763 βαρὺ
1607 2694 1714 2749 τῶν

114 2778 327 2832 ὀδυνῶν
364 2782 751 2851 ὑπεκούφιζον,
808 2786 1031 2849 ἀλύπως
1077 2805 1135 2839 τε
1186 2790 1365 2860 εἴχετο
1416 2790 1515 2858 τῆς
1562 2789 1705 2851 ὁδοῦ,

114 2879 215 2925 καί
233 2875 329 2926 σὺν
351 2875 507 2946 ἡδονῇ
530 2877 701 2930 ταῦτα
722 2879 1047 2948 ύπὲψαλλεν·
1063 2900 1080 2931 ι
1107 2880 1429 2949 ’Υπομένων
1444 2884 1712 2953 ὑπέμεινα

112 2968 215 3019 τὸν
240 2968 444 3039 Κύριον
467 2986 478 2999 ·
518 2970 786 3042 προσέσχε
809 2989 896 3043 μοι
927 2975 1018 3026 καὶ
1037 2975 1327 3041 είσήκουσε
1354 2981 1449 3043 τῆς
1471 2977 1711 3047 δεήσεώς

1828 1959 2163 2024 vehiculum,
2193 1968 2373 2035 coegit
2404 1978 2651 2024 sanctum
2720 1973 2794 2027 ita
2839 1975 3070 2043 pedibus
3124 1980 3405 2042 allectum.

1824 2058 1951 2140 ante
1979 2052 2158 2123 ipsum
2185 2071 2411 2114 currere
2442 2059 2509 2115 ad
2533 2065 2875 2134 septuaginta
2913 2069 3083 2122 stadia
3120 2086 3295 2140 usque
3336 2073 3407 2129 ad

1828 2139 2262 2217 Tetrapyrgiam.
2298 2150 2479 2221 Atque
2530 2155 2841 2225 quicunque
2884 2159 3104 2228 quidem
3146 2139 3406 2222 videbant

1821 2242 2141 2307 sanguinem
2168 2256 2197 2295 e
2232 2243 2465 2312 pedibus
2488 2247 2839 2315 deﬂuentem,
2880 2252 2960 2307 eis
3009 2254 3169 2322 plane
3230 2257 3405 2311 admi-

1824 2331 1932 2383 rari
1984 2333 2233 2387 veniebat
2263 2336 2315 2387 in
2345 2346 2606 2400 mentem,
2633 2348 2687 2392 et
2726 2343 2947 2397 athletae
2987 2354 3210 2413 stupere
3272 2348 3404 2402 tole-

1825 2425 2079 2478 rantiam.
2107 2425 2327 2497 Martyri
2349 2438 2529 2484 autem
2560 2445 2686 2499 spes
2704 2447 2917 2495 eorum.
2949 2450 3071 2503 quae
3119 2449 3403 2506 exspecta-

1821 2513 2043 2577 bantur.
2070 2527 2225 2571 erant
2249 2532 2413 2589 guttae
2434 2522 2846 2586 consolationis.
2872 2542 2994 2595 quae
3046 2528 3314 2585 cadebant
3366 2546 3401 2588 θ

1820 2608 1982 2667 uelo.
2039 2618 2094 2662 et
2135 2613 2388 2667 levabant
2443 2616 2692 2671 dolorum
2738 2618 3085 2689 gravitatem.
3144 2620 3207 2676 Et
3263 2624 3399 2679 citra

1820 2704 2127 2759 molesllam
2162 2708 2419 2776 pergebat
2448 2710 2794 2782 itcringredi.
2843 2714 2893 2768 ei
2955 2716 3071 2769 haec
3126 2716 3395 2786 psallebat

1825 2812 1949 2850 cum
1981 2796 2163 2852 laetitia
2198 2816 2211 2853 :
2254 2818 2271 2850 t
2302 2797 2632 2872 Exspectan's
2658 2806 2968 2874 eXSpectavi
3000 2806 3312 2873 Dominum,
3343 2821 3401 2880 et

1818 2886 2061 2942 intendit
2079 2890 2231 2942 mihi.
2257 2888 2321 2945 Et
2346 2894 2623 2948 exaudivit
2643 2896 3084 2965 deprecationem
3106 2915 3314 2958 meam:
3340 2912 3398 2958 et

1814 2979 2001 3033 eduxit
2020 2996 2106 3033 me
2127 2982 2193 3035 de
2216 2983 2333 3037 lacu
2358 2984 2740 3048 alllictionis,et
2763 3003 2791 3042 e
2818 2989 2929 3044 luto
2951 2990 3110 3047 facis.
3126 2991 3187 3044 Et
3208 2993 3398 3050 statuit

118 3076 232 3128 μου
258 3074 272 3088 '
324 3061 419 3113 καὶ
458 3063 701 3133 ἀνήγαγε
743 3082 810 3133 με
847 3069 908 3118 ἐκ
935 3065 1141 3117 λάκκου
1165 3064 1565 3137 ταλαιπωρίας,
1605 3070 1703 3120 καὶ

1816 3070 1870 3124 in
1894 3071 2181 3126 latitudine
2205 3073 2370 3141 pedes
2392 3089 2560 3136 meos.
2586 3086 2639 3129 et
2661 3076 2860 3131 direxit
2882 3095 3101 3145 gressus
3134 3098 3285 3137 meos
3311 3083 3386 3136 ⁸.»

111 3154 231 3206 ἀπὸ
280 3156 453 3223 πηλοῦ
517 3158 684 3223 ἰλύος,
741 3163 838 3212 καὶ
891 3160 1121 3231 ἔστησεν
1173 3163 1231 3213 ὲν
1287 3160 1589 3232 εὐρυχώρῳ
1636 3162 1762 3223 τοὺς
1824 3164 1989 3226 πόδας
2021 3184 2123 3236 μου
2161 3168 2254 3220 καὶ
2281 3168 2580 3222 κατεύθυνε
2608 3165 2674 3224 τᾶ
2703 3171 3018 3243 διαδήματά
3052 3191 3177 3244 μου.

195 3246 294 3301 ΙΖ’.
358 3249 455 3311 Ὠς
492 3250 547 3302 δὲ
596 3250 690 3303 καὶ
723 3250 821 3318 τὴν
855 3254 1269 3323 τετραπυργίαν
1317 3252 1419 3322 ήδη
1467 3250 1699 3303 κατελα-

110 3339 243 3401 ϐον,
279 3342 444 3392 αὑτὸν
485 3340 586 3405 μὲν
636 3345 692 3393 ἐν
749 3345 964 3414 φυλακῇ
1017 3344 1305 3415 δεσμώτην
1358 3344 1703 3414 ἐλάμϐανεν⁹

104 3432 264 3485 οὕτω
296 3433 635 3503 προσταχθὲν
662 3434 765 3488 ὑπὸ
804 3436 900 3489 τοῦ
938 3437 1126 3500 δουκὸς
1154 3452 1167 3465 ο
1198 3439 1403 3490 ἐκεῖνον
1453 3437 1511 3491 δὲ
1543 3454 1708 3507 φρον-

118 3544 151 3577 τ
166 3525 278 3587 ίδες
304 3527 361 3577 ἐν
382 3530 538 3596 χερσί⁵
557 3527 835 3598 δημοσίων
857 3531 1200 3599 πραγμάτων
1219 3527 1384 3599 εἶχον.
1426 3531 1704 3599 Ἐσπέρας

110 3617 177 3670 δὲ
211 3619 316 3691 ἢδη
351 3621 673 3689 γενομένης
700 3620 860 3689 μόνος
894 3622 1047 3689 παρὰ
1074 3623 1137 3691 τῇ
1164 3620 1380 3691 φυλακῇ
1417 3622 1445 3674 ὁ
1469 3621 1702 3691 ,μάρτυς

101 3708 472 3775 ἀπολειρθεὶς
514 3727 532 3757 ι
564 3710 625 3760 Ut
661 3708 955 3773 ἐσθίοντες,
988 3728 1003 3761 ο
1036 3711 1285 3781 ἔψαλλεν,
1320 3731 1338 3762 ι
1373 3711 1569 3781 ἄρτους
1600 3729 1701 3782 μου

103 3800 600 3870 ἐμεγάλυνανλὲή
656 3801 756 3871 εμὲ
817 3805 1216 3872 πτερνισμόν.»
1280 3805 1392 3858 Καὶ
1444 3805 1701 3874 σχοινίοις

104 3893 394 3946 διέτειναν
445 3893 655 3963 παγίδα
696 3896 806 3955 τοῖς
856 3894 984 3947 ποσί
1039 3912 1162 3965 μου,
1212 3897 1305 3948 καὶ
1337 3895 1702 3963 διελογίσαντο

98 3984 207 4038 τοῦ
261 3984 622 4041 ὑποσκελίσαι
671 3990 755 4041 τὰ.
798 3988 1112 4058 διαδήματά
1158 4002 1289 4058 μου.
1345 3987 1697 4055 Ἀλλάύτδς,

101 4079 319 4149 Κύριε,
356 4080 551 4153 Κύριε,
603 4080 922 4153 πρόφθασον
960 4083 1158 4145 αὐτοὺς
1201 4081 1297 4134 καὶ
1339 4081 1700 4139 ὑποσκίλισον

98 4170 347 4237 αὐτοὺς,
381 4174 477 4224 καὶ
510 4170 673 4242 ῥῦσαι
706 4174 816 4226 ἀπὸ
855 4174 1070 4228 ἀσεϐῶν
1096 4174 1194 4243 τὴν
1229 4175 1410 4246 ψυχήν
1451 4193 1575 4246 μου,
1607 4176 1700 4230 καὶ

97 4265 175 4316 ὲκ
211 4265 396 4336 χειρὸς
453 4267 615 4328 κυνὸς
672 4268 770 4334 τὴν
836 4267 1103 4337 μονογενῆ
1175 4284 1301 4338 μου.
1356 4269 1697 4323 Ὀθενόύδὶ

96 4359 511 4428 ἀπαράκλητον
543 4358 710 4412 αὑτοῦ
742 4346 841 4432 τὴν
865 4359 1046 4432 ψυχὴν
1079 4361 1242 4415 πάλιν
1270 4365 1297 4415 ὁ
1330 4363 1458 4424 τοὺς
1496 4362 1697 4431 στεφάο

95 4465 204 4504 νου
258 4451 410 4520 αύτῴ
427 4450 642 4505 πλέκων
664 4453 873 4507 ἄνωθεν
894 4455 1166 4520 περιεῖδεν
1184 4471 1197 4485 ·
1217 4454 1351 4507 αλλὰ
1370 4453 1699 4524 κηδεμονίαν

1886 3251 2048 3310 XVII.
2083 3255 2377 3326 Postquam
2406 3268 2589 3313 autem
2616 3260 2727 3331 jam
2771 3264 3151 3332 pervenissent
3195 3266 3393 3324 Tetra-

1809 3346 2074 3417 pyrgiam,
2103 3346 2280 3416 ipsum
2320 3348 2539 3419 quidem
2590 3356 2809 3421 excepit
2843 3355 3110 3420 custodia,
3151 3358 3389 3414 duceita

1803 3438 2080 3509 iubente:
2136 3440 2285 3494 illum
2345 3451 2527 3497 autem
2569 3455 2825 3515 urgentes
2873 3461 3017 3503 cura:
3078 3449 3389 3520 reipublica

1811 3541 2103 3588 tenuerunt
2134 3535 2655 3605 occupatum.'Cum
2704 3548 2885 3594 autem
2928 3540 3038 3609 jam
3084 3552 3231 3599 esset
3294 3560 3389 3600 ve-

1811 3635 1962 3691 sper,
1995 3634 2200 3693 martyr
2230 3627 2451 3681 relictus
2481 3629 2631 3682 solus
2688 3629 2740 3682 in
2765 3634 3033 3695 custodia,
3076 3635 3337 3703 psallebat
3368 3655 3386 3693 :

1811 3732 1829 3766 ι
1868 3712 1970 3781 Qui
1999 3716 2362 3771 comedebant
2402 3732 2570 3786 panes
2615 3734 2784 3785 meos,
2839 3724 3254 3793 magniticarunt
3291 3743 3388 3783 su-

1806 3821 1903 3875 per
1934 3822 2018 3861 me
2047 3807 2543 3876 supplantationem
2567 3811 2640 3867 ’.ι
2682 3810 2745 3865 Ει
2777 3810 3001 3869 funibus
3022 3818 3387 3875 extenderunt

1801 3898 2052 3969 laqueum
2083 3899 2310 3969 pedibus
2339 3904 2491 3967 meis,
2526 3911 2580 3956 et
2631 3905 3006 3975 cogitaverunt
3037 3912 3388 3981 supplantare

1802 4005 2021 4063 gressus
2038 4006 2214 4048 meos.
2238 3992 2343 4047 Sed
2375 4003 2453 4059 tu,
2483 3994 2727 4056 Domine.
2761 3993 3009 4063 Domine,
3042 4003 3298 4068 pracveni.
3326 4012 3383 4057 et

1803 4086 2092 4155 supplanta
2116 4096 2228 4140 eos
2260 4105 2275 4141 :
2309 4097 2363 4140 et
2388 4087 2559 4145 libera
2584 4089 2653 4143 ab
2684 4088 2866 4158 impiis
2894 4091 3131 4146 animam
3159 4109 3332 4147 meam
3362 4110 3380 4150 :

1801 4191 1857 4231 et
1878 4177 1945 4231 de
1977 4192 2142 4231 manu
2174 4178 2334 4233 canis
2369 4178 2584 4234 unicam
2611 4195 2829 4243 meam.
2880 4179 3059 4246 Quare
3114 4198 3219 4237 nec
3246 4199 3383 4239 con-

1801 4271 2085 4326 solationis
2114 4281 2396 4342 expertem
2454 4274 2575 4342 ejus
2606 4271 2847 4327 animam
2890 4288 3080 4329 rursus
3123 4275 3382 4348 despexit

1800 4366 1867 4430 is,
1908 4366 2000 4435 qui
2040 4382 2071 4421 e
2098 4365 2312 4435 superis
2339 4366 2389 4419 ei
2426 4366 2683 4421 nectebat
2727 4380 2979 4431 coronas,
3009 4367 3106 4422 scd
3144 4378 3201 4422 et
3234 4369 3384 4423 mul-

1802 4464 1910 4510 tam
1945 4472 2004 4512 se
2032 4458 2153 4528 ejus
2180 4472 2366 4513 curam
2414 4472 2605 4529 gerere
2646 4458 2911 4524 ostendit,
2936 4468 2988 4514 et
3045 4459 3297 4531 angelum
3327 4461 3380 4518 ei

96 4560 170 4595 τε
202 4544 413 4614 πολλὴν
463 4546 592 4616 περὶ
615 4548 806 4599 τούτον
850 4548 1242 4610 ἐπιδείκνυται,
1324 4546 1419 4599 καὶ
1465 4548 1696 4616 ἄγγελον

1816 4552 1951 4606 misit
1979 4553 2155 4606 media
2188 4562 2348 4608 nocte
2405 4573 2418 4607 :
2448 4551 2562 4622 qui.
2595 4568 2720 4606 cum
2765 4552 2917 4622 prius
2944 4552 3092 4609 illius
3127 4529 3376 4610 animam

94 4637 266 4707 αὐτῷ
299 4637 441 4690 κατὰ
472 4639 648 4708 μέσην
672 4638 953 4708 ἐκπέμπει
975 4639 1073 4709 τὴν
1105 4637 1276 4691 νύκτα
1297 4659 1311 4671 ·
1341 4638 1700 4713 δς·πρότερον

89 4731 212 4801 τὴν
258 4715 471 4785 ἐκείνου
506 4730 688 4801 ψυχὴν
740 4731 915 4801 ἡδέως
943 4733 1419 4805 ἀνακτησάμενος,
1454 4731 1575 4788 εἶτα
1609 4736 1701 4789 καὶ

91 4823 207 4876 τοῦ
264 4822 519 4893 σώματος
570 4824 949 4894 ἐπιμεληθεὶς,
1001 4826 1255 4890 καὶτοὺς
1305 4827 1474 4890 πόδας
1532 4825 1698 4881 αὐτοῦ

91 4916 373 4983 ⁴πονήρως
422 4915 526 4967 ὑπὸ
577 4914 686 4969 τῶν
739 4916 968 4986 πληγῶν
1010 4916 1235 4988 ἔχοντας
1290 4918 1550 4987 ὑγιάσας.
1606 4918 1701 4973 καὶ

88 5006 369 5076 καθάπερ
420 4998 624 5078 ἑταίρῳ
686 5008 793 5061 τι.νὶ
847 5010 940 5062 καὶ
981 5008 1290 5081 συμπολίτῃ
1345 5010 1688 5078 φιλικώτατα

86 5098 423 5171 διαλεχθεὶς
496 5101 593 5154 καὶ
659 5104 1184 5170 κατασπασάμενος,
1245 5099 1697 5175 προσθυιεότερον

89 5190 297 5260 πολλῷ
336 5190 471 5260 πρὸς
512 5190 604 5245 τὸν
653 5190 842 5260 ἀγῶνα
900 5191 1173 5265 διέθηκεν.

170 5281 297 5335 nr.
344 5280 552 5336 Ἕωθεν
603 5284 787 5337 τοίνυν
837 5280 1072 5347 καθίσας
1133 5287 1229 5339 ἐπὶ
1284 5285 1379 5340 τοῦ
1446 5286 1693 5358 βήματος

84 5372 280 5429 πάλιν
311 5373 509 5439 ὀδουξ,
564 5374 778 5428 κελεύει
821 5377 932 5432 τισὶ
968 5377 1080 5430 τῶν
1130 5380 1517 5451 περιεστώτων
1552 5385 1691 5450 ἀφε-

84 5467 377 5536 λομένους
412 5468 506 5521 τὸν
550 5469 824 5541 μακάριον
878 5472 985 5525 ἀπὸ
1023 5469 1121 5542 τῆς
1155 5474 1408 5546 φυλακῆς
1448 5476 1530 5549 (οὐ
1587 5478 1696 5547 γὰρ

86 5560 275 5624 αὐτος
310 5560 543 5615 δυνατὸν
580 5556 719 5618 εἶναι
748 5565 1058 5635 χρήσασθαι
1083 5568 1196 5632 τοῖς
1255 5571 1414 5623 ποσὶν
1448 5570 1554 5625 ὑπὸ
1588 5572 1698 5625 τῶν

82 5652 341 5725 πληγῶν
390 5651 553 5726 ᾤετο)
588 5655 725 5722 πρὸς
771 5657 965 5710 ἑαυτὸν
1016 5661 1201 5714 καὶτὸ
1250 5660 1406 5732 βῆμα
1446 5664 1695 5736 κομίσαι.

169 5819 192 5851 ⁸
233 5816 381 5871 Psal.
414 5829 599 5882 suis,
643 5817 659 5869 ι
699 5834 817 5888 sqq.
934 5821 952 5849 τ
981 5820 1121 5875 Psal.
1159 5837 1244 5890 ιιι,
1276 5821 1364 5880 10.

1793 4645 2035 4715 jucunde
2066 4653 2391 4709 recreasset,
2419 4654 2476 4698 et
2522 4645 2725 4699 deinde
2760 4645 2924 4700 etiam
2964 4661 3163 4716 corpus
3189 4662 3380 4703 curas-

1800 4746 1908 4802 set,
1940 4746 1995 4793 et
2022 4738 2211 4808 pedes,
2246 4737 2336 4808 qui
2380 4736 2520 4792 male
2556 4752 2616 4792 se
2658 4737 2952 4806 habebant,
3001 4750 3269 4806 sanasset,
3318 4749 3377 4797 et

1800 4838 2057 4900 tanquam
2092 4844 2218 4884 cum
2250 4829 2485 4899 quodam
2517 4831 2695 4885 amico
2742 4838 2797 4883 et
2826 4829 3055 4884 concive
3106 4844 3207 4885 suo
3236 4829 3375 4885 ami-

1798 4924 2019 4980 cissime
2049 4931 2195 4977 esset
2224 4922 2458 4986 locutus,
2495 4932 2552 4975 et
2579 4936 2705 4976 eum
2732 4920 3039 4992 amplexus,
3070 4920 3230 4995 longe
3254 4922 3372 4978 ala-

1799 5016 2034 5073 criorem
2065 5014 2301 5071 reddidit
2330 5014 2396 5069 ad
2423 5016 2720 5070 certamen.

1870 5281 2063 5339 XVIII.
2091 5280 2249 5339 Mane
2280 5296 2411 5354 ergo
2460 5280 2665 5337 sedens
2709 5280 2816 5337 dux
2854 5280 2907 5337 in
2956 5280 3237 5345 tribunali,
3280 5280 3373 5351 ju-

1803 5378 1896 5433 bet
1919 5376 2244 5447 quibusdam
2270 5390 2336 5430 ex
2380 5374 2468 5440 iis,
2502 5376 2595 5447 qui
2645 5374 2954 5439 adstabant,
3010 5383 3068 5429 ut
3120 5384 3368 5429 sanctum

1801 5469 2057 5526 tollentes
2083 5484 2115 5525 e
2136 5468 2382 5523 custodia
2415 5468 2616 5540 (neque
2641 5466 2787 5522 enim
2822 5466 3042 5538 putabat
3071 5467 3186 5522 lieri
3210 5482 3371 5536 posse

1797 5580 1908 5634 prae
1932 5563 2128 5635 plagis,
2166 5570 2226 5617 ut
2248 5568 2492 5617 uteretur
2521 5561 2792 5632 pedibus),
2823 5560 2891 5614 ad
2934 5574 3096 5616 suum
3124 5561 3375 5615 deferant

1799 5657 2056 5714 tribunal.
2087 5654 2225 5713 Cum
2252 5654 2326 5711 illi
2366 5662 2549 5711 autem
2579 5653 2941 5712 accessissent
2961 5653 3019 5710 in
3042 5656 3375 5721 custodiam,
