4178 6316
171 374 309 441 1033

1122 380 1297 440 VlTA
1339 380 1401 440 S.
1445 379 1788 445 DlONYSll
1834 382 2356 446 AREOPAGITJE.

3232 380 3367 447 103‘

170 503 455 569 ἐπιεικεῖς,
478 501 673 571 ἥμεροι
706 505 816 564 τοῖς
840 501 1025 565 ξένοις,
1050 505 1156 564 τοῖς
1187 502 1402 564 οίκείοις
1430 499 1729 572 φιλάνθρω-
1754 507 1798 559 Δ

1714 500 2090 559 -Amansucti
2138 499 2520 568 hospitalibus,
2572 497 2787 566 benigni
2840 498 2893 551 in
2944 496 3259 559 familiares,
3309 508 3364 551 et

177 607 287 656 ποι,
325 593 626 663 χρηστότης
659 593 839 654 αὑτοῖς
873 594 971 645 οὑκ
1012 592 1283 656 ἐπίδειξις,
1312 593 1730 664 ὑποκαθημένην

170 682 247 744 ὡς
272 683 338 735 τά
380 682 546 736 πολλά
578 685 680 755 τὴν
712 686 1010 755 σκαιότητα
1039 684 1258 755 ἔχουσα,
1289 685 1423 737 ἀλλά
1464 702 1516 736 τι
1561 685 1729 751 σαφὲς

173 770 419 841 γέννημα
449 772 547 839 τῆς
572 773 767 843 ψυχῆς,
805 776 897 827 καὶ
924 776 1022 843 τῆς
1046 776 1195 827 ἔνδον
1243 777 1524 846 χαρακτὴρ
1554 776 1727 829 διαθέ-

174 877 329 924 σεως.
379 863 592 935 Ἐπειδὴ
616 864 671 917 δὲ
715 865 965 937 Ἀθήνῃσι
998 865 1206 929 Παῦλος
1234 868 1474 934 ἐγένετο,
1501 868 1590 920 καὶ
1619 869 1727 928 τοῖς

186 956 577 1026 Ἐπικουρείοις
604 957 670 1008 τὰ
704 958 1013 1027 Πυθαγόρου
1058 959 1376 1027 κρατύνουσι
1408 958 1721 1028 συμϐαλὼν,

171 1046 332 1115 ἔργου
356 1048 528 1117 εἴχετο
552 1048 628 1118 τῷ
670 1050 765 1117 τῆς
793 1049 1040 1111 ἀσεϐείας
1063 1051 1254 1113 αὑτοὺς
1278 1050 1577 1118 ἀποστῆσαι
1603 1049 1725 1115 δογ-

176 1136 385 1203 μάτων,
418 1140 509 1189 κα“ι
552 1138 854 1207 μεταθεῖναι
890 1139 1022 1209 πρὸς
1058 1139 1156 1208 τὴν
1186 1139 1479 1201 εὐσέϐειαν,
1514 1139 1637 1200 τούς
1664 1154 1722 1190 τε

168 1226 277 1279 τῶν
301 1227 529 1281 είδώλων
550 1230 1007 1300 καταστρέφεσθαι
1032 1232 1209 1293 ναοὺς,
1234 1232 1325 1283 καὶ
1354 1234 1530 1282 πεῖσαι
1568 1230 1721 1300 Ἀθη-

171 1317 354 1379 ναίους
383 1319 438 1369 ὲν
461 1320 523 1387 τῇ
549 1318 945 1389 ὲσχάτῃήμέρᾳ
966 1319 1065 1387 τῆς
1081 1320 1310 1388 κρίσεως
1330 1318 1721 1388 ἀναστήσεσθαι

171 1406 402 1474 μέλλειν,
423 1409 514 1459 καὶ
527 1408 675 1469 δίκας
686 1407 792 1459 τῶν
810 1409 989 1471 αὑτοῖς
1009 1409 1375 1478 εἰργασμένων
1393 1409 1721 1480 εἰσπραχθῆ-

169 1498 385 1550 σεσθαιο
421 1492 561 1550 οῦτοι
595 1498 671 1561 δὲ,
696 1498 803 1550 τῶν
841 1500 1013 1552 ἄλλων
1051 1500 1143 1551 ac:
1184 1499 1721 1570 δεισιδαιμονέστερον

166 1591 512 1659 διακείμενοι,
548 1590 641 1642 καὶ
668 1592 747 1653 εἰς
773 1590 970 1652 πολλὰς
1008 1589 1162 1653 δόξας
1200 1590 1291 1641 καὶ
1324 1590 1531 1651 πίστεις
1568 1606 1719 1659 μερι-

166 1680 399 1749 ζόμενοι,
433 1679 777 1751 μυκτηρίξειν
806 1681 965 1733 αὑτὸν
986 1680 1314 1750 ἐπεχείρουν,
1339 1680 1543 1755 καινῶν.
1560 1680 1719 1732 τινῶν

165 1773 260 1824 καὶ
294 1771 456 1837 ξένων
484 1773 768 1843 δαιμονίων
793 1773 1129 1841 καταγγελέα
1158 1771 1463 1833 καλοῦντεςτ
1494 1771 1639 1833 ὅπως
1663 1771 1720 1825 at

166 1862 241 1932 μὴ
271 1840 629 1934 μυκτηρισμῴ
656 1865 810 1934 μόνον
842 1865 969 1936 παρ’
1002 1863 1175 1915 αὑτῶν
1211 1863 1469 1932 βάλλοιτο,
1506 1863 1639 1916 ἀλλά
1663 1880 1713 1917 τι
1744 1840 1786 1895 Β

160 1954 382 2006 καὶτῶν
412 1954 645 2025 ἀνιαρῶν
683 1956 943 2025 ὑποσταίη
986 1955 1137 2016 δίκας
1168 1954 1273 2007 τῶν
1303 1955 1391 2007 ὑπ’
1416 1954 1578 2009 αὑτοῦ
1611 1971 1712 2025 κη-

161 2045 499 2115 ρυττομένων
510 2046 700 2109 διδοὺς,
715 2046 1090 2116 ἐπιλαϐόμενοι
1111 2047 1271 2099 αὑτοῦ
1289 2049 1379 2100 ἐπὶ
1398 2047 1486 2099 τὸν
1504 2048 1718 2119 Ἀρειον

160 2134 336 2202 πάγον
365 2137 597 2205 ἤγαγον·
628 2136 685 2198 ὃς
705 2136 865 2199 τόπος
895 2136 990 2208 μὲν
1022 2133 1088 2208 ἦν
1118 2137 1454 2207 συναγωγῆς,
1488 2138 1579 2190 κα¹ι
1610 2136 1718 2191 τῶν

172 2224 409 2296 Ἀθηνῶν
436 2227 513 2279 ἔτι
540 2226 827 2280 καθίστατο
849 2228 1207 2299 δικαστήριον.
1239 2229 1300 2281 El
1318 2228 1424 2299 γὰρ
1457 2229 1546 2281 καὶ
1583 2228 1717 2282 Ῥω-

159 2320 309 2387 μαῖοι
355 2319 569 2371 πάντων
609 2318 729 2371 τότε
773 2320 1064 2389 ἐκράτουν,
1106 2319 1219 2372 ἀλλ’
1268 2319 1577 2390 Ἀθηναίους
1622 2320 1718 2374 καὶ

154 2408 609 2477 Λακεδαιμονίους
647 2408 970 2478 αὐτονόμους
1001 2410 1232 2479 ἀφῆκαν.
1266 2410 1489 2481 Εἴρηται
1516 2411 1572 2464 δὲ
1617 2427 1717 2481 μυ-

157 2496 325 2560 θικῶς
360 2497 517 2560 οὑτω,
555 2498 801 2568 καθάπερ
842 2499 1033 2550 ἐκεῖνοί
1082 2516 1261 2566 φασιν,
1303 2501 1409 2552 ἀπὸ
1443 2501 1534 2553 τοῦ
1560 2502 1717 2574 δίκην

155 2589 212 2639 ἐν
246 2588 391 2657 αὑτῷ
420 2588 511 2641 τὸν
544 2588 775 2640 Ποσειδῶ
797 2587 936 2642 κατὰ
970 2588 1063 2640 τοῦ
1097 2590 1302 2660 Ἄρεως
1330 2592 1601 2659 ὑποσχεῖν,
1633 2593 1713 2645 ὅτι

152 2678 247 2731 τὸν
277 2678 463 2731 τούτου
510 2681 621 2732 υἱὸν
663 2680 973 2733 ἀπέκτεινεν
1013 2680 1354 2753 Ἁλιρρόθιον.
1401 2683 1714 2751 Ἀγαγόντες

152 2765 246 2820 οὖν
281 2771 439 2821 αὑτὸν
472 2772 612 2838 (ἐπεὶ
642 2773 733 2824 καὶ
752 2772 827 2841 τῷ
859 2772 966 2824 τῶν
995 2772 1195 2843 θρόνων
1220 2773 1360 2841 ὑψει,
1391 2775 1483 2827 καὶ
1513 2777 1579 2845 τῇ
1610 2791 1711 2827 κα-

151 2860 496 2931 ταργουμένῃ
522 2861 679 2930 σοφίᾳ
716 2862 854 2930 μέγα
886 2863 1159 2933 ἐφρόνουν,
1188 2865 1281 2916 καὶ
1306 2864 1417 2934 ἅμα
1440 2865 1546 2916 τῶν
1578 2881 1713 2933 γινο-

156 2953 333 3019 μένων
356 2953 615 3022 ἀκροαταὶ
637 2953 729 3004 καὶ
758 2955 938 3023 κριταὶ
978 2955 1376 3026 προεκάθηντο·
1418 2952 1491 3010 ὧν
1514 2952 1590 3021 εἷς
1618 2959 1712 3011 καὶ

151 3041 425 3105 Διονύσιος
464 3038 551 3113 ἦν,
596 3044 697 3095 κάν
728 3046 838 3105 τοῖς
872 3044 1044 3111 λόγοις
1085 3046 1185 3097 κᾶν
1216 3052 1325 3109 τοῖς
1351 3048 1712 3121 δικαστηρίοις

150 3130 214 3183 τδ
246 3133 423 3185 πλεῖον
441 3136 881 3207 ἀποφερόμενος)·
915 3137 1038 3199 «Τίς
1073 3139 1105 3207 ἡ
1143 3138 1298 3207 καινὴ
1328 3139 1462 3208 αὕτη
1487 3140 1577 3191 καὶ
1608 3142 1712 3192 ὑπὸ

152 3218 249 3273 σοῦ
270 3219 588 3291 λαλουμένη,
623 3242 640 3274 ι
668 3223 800 3292 πρὸς
831 3224 919 3277 τὸν
949 3224 1154 3277 Παῦλον
1186 3225 1409 3296 ἔφησαν,
1442 3245 1459 3277 ι
1505 3226 1708 3299 διδαχὴ,

148 3311 246 3363 καὶ
265 3311 333 3362 τά
368 3312 505 3379 σοφά
526 3312 617 3365 καὶ
644 3315 1064 3382 περινενοητμένα
1094 3316 1426 3386 σοφίσματας
1456 3319 1548 3369 καὶ
1577 3320 1661 3379 τίς
1683 3322 1712 3373 ὀ

147 3404 497 3476 θεάνθρωπος
541 3403 775 3474 Ἰησοῦςς
819 3406 911 3456 καὶ
948 3405 976 3455 ὁ
1013 3407 1103 3458 ἐπὶ
1134 3405 1287 3472 ξύλου
1319 3408 1581 3480 ξωοδὸτης
1618 3410 1712 3465 καὶ

146 3494 343 3563 κριτὴς
377 3492 754 3563 εὑθυνόμενοςς
788 3492 1059 3558 ξενίζοντα
1102 3494 1209 3565 γάρ
1246 3512 1364 3547 τινα
1407 3496 1589 3565 φέρεις
1632 3499 1711 3560 εἰς

142 3584 248 3646 τὰς
292 3584 459 3647 ἀκοάς
489 3584 661 3654 ἡμῶν.
701 3584 1005 3654 Βουλόμεθα
1032 3580 1123 3645 οὖν
1147 3586 1366 3651 γνῶναι,
1406 3585 1456 3636 τί
1492 3587 1555 3637 ἂν
1586 3585 1708 3652 βού-

144 3674 291 3726 λοιτο
321 3674 511 3736 ταῦτα,
539 3675 632 3726 καὶ
658 3676 791 3746 πρὸς
820 3675 847 3728 ὃ
880 3675 1121 3746 φέρουσι.
1150 3693 1168 3724 ›
1193 3676 1298 3727 Καὶ
1318 3675 1393 3738 ὃς,
1418 3675 1477 3727 τὸ
1498 3674 1708 3745 πρῶτον

144 3764 390 3835 ἐπαίρων
425 3779 484 3814 τε
509 3762 621 3833 ἅμα
653 3763 720 3815 τά
741 3764 960 3815 ἐκείνων
992 3764 1083 3815 καὶ
1103 3763 1167 3814 δι’
1191 3765 1408 3816 ὲπαίνου
1434 3765 1708 3836 τιθέμενος

141 3849 258 3905 οἷον
315 3850 482 3919 εῑκδς,
544 3853 631 3907 ἴνα
653 3853 725 3925 μὴ
746 3856 855 3915 τοῖς
874 3852 1061 3923 ἀήθεσι
1085 3855 1173 3904 καὶ
1198 3852 1365 3915 ξένοι-ς
1394 3855 1568 3919 λόγοις
1584 3872 1705 3922 τρα-

142 3944 390 4012 χὺνοιντο
436 3943 624 4015 (θυμὸν
658 3944 765 4015 γὰρ
816 3944 1160 4014 ὑποστρέφει,
1212 3946 1388 4014 φησιν,
1422 3945 1707 4016 ἀπόκρισις

142 4032 578 4101 ὑτιοσιτίπαιιουσα)⁸
618 4050 636 4082 ι
673 4032 914 4102 Ἄνδρες,
948 4028 1118 4095 εἶπεν,
1165 4032 1450 4103 Ἀθηναῖοι,
1484 4034 1609 4106 περὶ
1633 4028 1705 4089 ὧν

143 4122 505 4187 πυνθάνεσθε,
538 4122 779 4194 ὕστερον,
817 4124 864 4176 εί
909 4124 1079 4187 δοκεῖ,
1130 4124 1472 4197 διηγήσομαι·
1516 4128 1607 4180 νῦν
1650 4129 1705 4181 δὲ

141 4213 289 4266 κατά
305 4213 478 4268 πάντα
497 4214 570 4276 ὡς
585 4214 1162 4284 δεισιδαιμονεστέρους
1178 4215 1316 4284 ὑμᾶς
1333 4216 1536 4286 θεωρῶ.
1556 4221 1705 4287 Διερ-

138 4306 370 4373 χόμενος
385 4303 491 4372 γὰρ
507 4305 597 4356 καὶ
610 4304 675 4355 τά
693 4303 1004 4373 σεϐάσματα
1021 4305 1169 4375 ὑμῶν
1186 4307 1521 4378 ἀναθεωρῶν.
1550 4304 1702 4381 εὖρον

138 4393 241 4445 καὶ
276 4391 477 4462 βωμὸν,
516 4394 569 4444 ὲν
596 4384 639 4457 ᾧ
671 4392 1063 4458 ἐπεγέγραπτοο
1114 4394 1408 4462 Ἀγνώστῳ
1438 4398 1574 4463 Θεῷ.
1608 4404 1703 4454 Ὃν

138 4476 241 4533 οὖν
284 4479 597 4547 ἀγνοοῦντες
640 4480 927 4545 εὐσεϐεῖτε,
983 4481 1168 4534 τοῦτον
1204 4484 1314 4550 ἐγὼ
1356 4489 1701 4555 καταγγέλλω

140 4573 305 4640 ὑμῖν·
339 4571 387 4622 ει
414 4571 519 4640 ἄρα
546 4570 888 4640 ψηλαφήσετε
917 4573 1094 4638 αὑτὸν,
1131 4574 1223 4626 καὶ
1244 4573 1470 4644 εὕροιτε,
1507 4580 1598 4630 καί
1638 4597 1699 4647 γε

135 4662 204 4712 οὐ
252 4660 464 4729 μακρὰν
498 4660 587 4727 ἀφ’
623 4660 847 4712 ἑκάστου
885 4663 1032 4730 ὑμῶν
1075 4664 1396 4734 ὑπάρχοντα.
1439 4667 1523 4718 Ἐν
1554 4670 1700 4740 αύτῷ

138 4748 254 4817 γὰρ
281 4747 459 4817 ζῶμεν
482 4750 572 4802 κει)⁵
596 4749 883 4818 κινούμεθα
915 4753 1005 4803 καὶ
1022 4754 1201 4822 ἐσμέν.
1227 4776 1243 4805 ι
1263 4757 1473 4810 Τούτων
1507 4761 1696 4813 ἐκεῖνοι

137 4837 495 4898 ἀκούσαντες,
518 4838 610 4890 καὶ
628 4838 707 4890 ὅτι
728 4837 936 4910 πλήρης
961 4844 987 4893 ό
1010 4840 1161 4909 λόγος
1181 4861 1242 4895 κο
1250 4846 1391 4915 μῷῆς
1412 4848 1696 4918 ἐτύγχανεν

131 4927 398 4990 διανοίας,
444 4922 529 4981 οἷα
568 4928 789 4998 βροντῆς
824 4931 937 5001 ῆχῳ
974 4934 1434 5003 καταπλαγέντες,
1488 4940 1696 5011 ἀφωνία

133 5020 467 5088 συνείχοντο.
514 5021 635 5088 ὐφὲ
655 5020 709 5073 δὲ
741 5022 833 5073 καὶ
870 5022 1017 5091 μόλις
1052 5044 1067 5073 ι
1116 5026 1477 5096 Ἀκουσόμεθά
1514 5047 1603 5083 σου
1628 5035 1692 5101 τῇ

131 5110 458 5180 Graecia,»
507 5112 976 5181 ὲπιφθεγξάμενοι,
1015 5116 1105 5167 τοῦ
1145 5117 1487 5189 δικαστηρίου
1510 5122 1693 5173 τοῦτον

128 5200 378 5269 ἀφῆκαν.
428 5200 660 5263 Ἕξεισιν
697 5200 788 5255 οὖν
811 5203 837 5253 ὁ
865 5203 1073 5266 Παῦλος
1108 5207 1167 5257 οὑ
1211 5201 1390 5270 κεναῖς
1436 5211 1605 5278 χερσὶ,
1634 5212 1692 5262 τὸ

126 5291 418 5360 ᾀδόμενον’
444 5291 555 5342 ἀλλ’
583 5293 909 5361 ὲφεπόμενον
939 5293 1025 5345 τὸν
1057 5296 1310 5367 πρόεδρον
1336 5317 1391 5351 τε
1426 5302 1514 5354 καὶ
1534 5318 1692 5371 κορυ-

126 5385 288 5449 φαῖον
316 5382 415 5450 τῆς
448 5381 552 5433 τῶν
594 5384 853 5450 σοφιστῶν
890 5387 1194 5458 συμμορίας
1229 5391 1573 5460 παραλαϐὼν,
1600 5394 1689 5447 τὸν

130 5472 308 5539 μέγαν
336 5471 522 5524 τοῦτόν
542 5490 678 5543 φημι
706 5476 1003 5527 Διονύσιον
1032 5479 1123 5530 καὶ
1154 5479 1338 5552 ῶσπερ
1373 5501 1453 5546 τις
1495 5485 1688 5555 Ὀλυμ-

128 5567 382 5633 magna};
418 5564 450 5634 ἦ
489 5566 815 5634 στρατηγὸς,
856 5568 955 5634 τῆς
991 5568 1122 5631 ἰδίας
1159 5572 1398 5643 γλώττης
1432 5578 1686 5648 τρόπαιον

244 5733 269 5770 δ
292 5732 452 5787 Pr0v.
492 5749 576 5787 xv.

464 5834 730 5892 ΡΑτιιοι.
774 5834 888 5897 Gn.
940 5835 1105 5895 CXV.

1828 607 1952 648 vera
1985 592 2200 645 bonitas
2228 600 2345 645 erat
2374 590 2454 643 eis
2492 588 2725 653 bonitas,
2769 603 2876 641 non
2908 587 3216 650 ostentatio,
3250 603 3371 657 qua:

1820 686 1981 741 habet
2041 681 2435 751 improbitatem
2496 694 2687 750 magna
2762 694 2824 733 ex
2887 686 3038 747 parte
3102 679 3369 733 insidian-

1821 789 1966 845 tem;
2028 780 2133 830 imo
2156 774 2373 844 quidam
2428 782 2644 842 apertus
2682 773 2875 825 anima:
2904 770 3088 833 fmtus,
3143 779 3195 826 et
3239 771 3367 825 cha-

1822 878 2003 923 racter
2054 868 2280 921 internxe
2325 863 2643 917 allec-tionis.
2692 862 2983 930 Postquam
3041 870 3218 916 autem
3269 860 3366 914 fuit

1820 959 2021 1012 Paulus
2063 957 2306 1015 Athenis.
2359 963 2412 1009 et
2463 969 2789 1023 congressus
2840 969 2960 1007 cum
3005 953 3283 1023 Epicureis
3313 962 3368 1007 et

1820 1049 2056 1111 Stoicis,
2107 1048 2196 1117 qui
2233 1046 2545 1117 Pythagorae
2576 1044 2821 1115 dogmata
2871 1046 3235 1109 sectabantur,
3292 1046 3367 1099 in-

1819 1142 1995 1194 stabat
2025 1139 2192 1208 operi,
2254 1153 2443 1207 nempe
2482 1145 2539 1190 ut
2587 1152 2680 1191 eos
2726 1135 3014 1190 abduceret
3068 1151 3099 1188 a
3150 1136 3369 1206 dogma-

1817 1233 1960 1286 tibus
2013 1230 2344 1299 impietatis,
2397 1236 2450 1282 et
2505 1228 2806 1281 traduceret
2859 1225 2924 1278 ad
2980 1226 3270 1295 pietatem,
3313 1234 3367 1280 et

1816 1328 2080 1375 everteret
2143 1320 2341 1388 templa
2403 1319 2851 1380 simulacrorum,
2908 1325 2961 1369 et
3017 1316 3365 1385 persuaderet

1822 1410 2261 1468 Atheniensibus.
2309 1407 2422 1461 fore
2463 1416 2521 1461 ut
2563 1413 2909 1475 resurgerem
2949 1406 3003 1458 in
3042 1406 3234 1458 ultimo
3280 1405 3368 1459 die

1812 1501 1999 1569 judicii
2028 1539 2041 1561 ,
2096 1507 2150 1553 et
2196 1497 2385 1551 darent
2420 1512 2608 1565 pinnas
2660 1511 2845 1549 eorum
2904 1488 3022 1565 qua:
3064 1495 3361 1550 fecissent:

1813 1591 1871 1655 ii,
1916 1600 1972 1643 ut
2022 1589 2113 1657 qui
2169 1595 2351 1641 essent
2393 1588 2512 1641 aliis
2573 1587 2747 1641 allecti
2803 1587 3249 1656 superstitiosius,
3310 1595 3366 1641 et

1812 1683 1869 1735 in
1916 1681 2116 1734 multas
2146 1679 2303 1733 divisi
2331 1688 2511 1733 essent
2562 1681 2861 1748 Opiniones,
2918 1680 3365 1749 aggrediebantur

1811 1785 1933 1824 eum
1966 1769 2301 1825 subsannare
2321 1808 2334 1831 ,
2364 1776 2621 1822 vocantes
2651 1783 2772 1822 eum
2806 1770 3235 1823 annuntiatorem
3265 1786 3362 1823 no-

1812 1877 1999 1916 vorum
2062 1858 2417 1929 quorumdam
2470 1860 2875 1914 diemoniorum.
2935 1858 3014 1913 Ne
3066 1866 3243 1913 autem
3291 1862 3359 1915 ab

1813 1950 1894 2005 eis
1932 1956 2271 2019 appeteretur
2314 1948 2426 2001 sola
2454 1948 2895 2009 subsannatione,
2934 1946 3027 2002 sed
3073 1947 3355 2003 molestum

1812 2039 1977 2093 etiam
2037 2037 2240 2107 aliquid
2290 2037 2607 2101 sustineret,
2660 2037 2795 2092 dans
2846 2039 3111 2092 rationem
3169 2053 3355 2093 eorum

1811 2139 1931 2193 quae
1982 2125 2050 2179 ab
2099 2125 2218 2194 ipso
2255 2123 2705 2193 pradicabantur,
2734 2126 3193 2195 apprehendentes
3233 2142 3355 2181 eum

1810 2215 2144 2270 duxeruntin
2162 2215 2633 2284 Are0pagum,qui
2663 2224 2793 2269 tunc
2820 2216 3036 2285 quidem
3056 2224 3174 2272 erat
3203 2216 3357 2274 locus

1809 2304 2264 2377 congregationis,
2289 2313 2342 2360 et
2372 2305 2703 2359 Athenarum
2729 2313 2843 2361 erat
2865 2307 3043 2362 adhuc
3065 2307 3353 2376 judicium.

1809 2395 1945 2451 Nam
1980 2395 2080 2450 etsi
2113 2403 2242 2449 tunc
2272 2393 2497 2450 Romani
2540 2396 2594 2449 in
2625 2410 2811 2451 omnes
2850 2396 3157 2451 obtinerent
3183 2396 3355 2468 impe-

1808 2484 1969 2545 rium,
1993 2482 2350 2535 Athenienses
2375 2490 2551 2543 tamen
2581 2490 2633 2537 et
2656 2481 3089 2539 Lacedaemonios
3111 2486 3195 2538 sui
3213 2485 3354 2554 juris

1808 2571 2157 2627 demiserant.
2183 2568 2383 2623 Fabula
2410 2578 2609 2635 autem,
2644 2572 2783 2626 sicut
2805 2572 2906 2640 ipsi
2926 2572 3136 2637 dicunt,
3160 2588 3353 2629 nomen

1809 2661 2038 2729 accepit,
2070 2659 2211 2730 quod
2245 2658 2523 2730 Neptunus
2561 2661 2616 2715 in
2646 2676 2711 2715 eo
2751 2671 2940 2717 contra
2972 2662 3196 2718 Martem
3225 2678 3355 2718 cau-

1805 2766 1920 2808 sam
1940 2752 2279 2814 sustinuerit,
2311 2752 2454 2821 quod
2478 2753 2636 2822 hujus
2658 2752 2824 2807 lilium
2854 2752 3237 2810 Halirrotbium
3270 2770 3356 2809 oc-

1806 2841 2044 2898 cidisset.
2064 2840 2199 2895 Cum
2226 2855 2347 2896 eum
2368 2858 2493 2913 ergo
2521 2843 2875 2898 adduxissent
2906 2845 2961 2898 in
2984 2845 3196 2899 illorum
3224 2861 3353 2901 conv

1806 2941 2083 3003 spectum,
2125 2932 2217 3001 qui
2268 2942 2320 2986 et
2358 2943 2579 3003 propter
2618 2936 2826 2989 sodium
2871 2936 3233 3001 altitudinem,
3277 2946 3350 3000 et,

1806 3038 1925 3093 qua:
1959 3031 2272 3086 evacuatur,
2312 3026 2651 3094 sapientiam,
2689 3041 2747 3082 se
2788 3028 3073 3098 magniﬁce
3119 3031 3356 3085 circum-

1807 3116 2106 3188 spiciebant
2137 3130 2148 3164 :
2180 3124 2234 3168 et
2263 3115 2422 3169 simul
2452 3132 2637 3172 eorum
2669 3134 2788 3188 quae
2817 3118 3036 3184 ﬁebant,
3077 3120 3352 3176 auditores

1804 3218 1858 3261 et
1889 3209 2099 3276 judices
2129 3208 2510 3276 praesidebant,
2560 3225 2791 3280 quorum
2835 3227 2976 3266 unus
3028 3213 3191 3267 etiam
3238 3223 3353 3271 erat

1806 3297 2112 3367 Dionysius,
2144 3301 2301 3365 cujus
2337 3308 2390 3356 ct
2424 3301 2478 3354 in
2520 3300 2780 3365 dicendo,
2815 3310 2868 3355 et
2895 3302 3190 3370 judicando
3218 3320 3354 3373 prte-

1804 3390 1972 3457 cipuaa
2003 3396 2155 3444 erant
2186 3397 2398 3457 partes;
2442 3409 2458 3440 ι
2484 3390 2737 3455 Quanam
2766 3401 2850 3446 est
2874 3392 2984 3446 haec
3006 3408 3165 3462 nova,
3188 3410 3350 3465 quae

1805 3489 1856 3534 te
1878 3482 2097 3544 dicitur,
2132 3481 2430 3548 doctrina,»
2457 3481 2623 3537 Paulo
2643 3483 2915 3550 dixerunt,
2951 3486 3352 3557 «sapientiaque

1802 3581 1855 3626 et
1872 3574 2144 3639 ingeniosa
2172 3573 2421 3629 decreta?
2444 3584 2496 3628 et
2517 3575 2640 3645 quis
2658 3582 2740 3631 est
2758 3574 2916 3631 Jesus
2934 3574 3074 3631 Deus
3095 3585 3148 3631 et
3164 3578 3347 3642 homo,

1801 3673 1854 3717 et
1886 3664 1939 3717 in
1970 3664 2113 3733 ligno
2134 3665 2255 3718 vitae
2283 3665 2437 3719 dator
2461 3676 2512 3719 et
2532 3667 2718 3735 judex.
2752 3682 2781 3720 a
2803 3684 2910 3736 quo
2938 3669 2991 3722 in
3009 3670 3101 3738 jus
3130 3678 3352 3725 vocatur

1802 3755 2027 3823 quilibet
2065 3755 2376 3812 redditurus
2413 3757 2710 3811 rationem?
2739 3757 2994 3822 Quaedam
3037 3760 3181 3813 enim
3211 3776 3348 3815 nova

1800 3855 1853 3899 et
1890 3848 2063 3900 aliena
2105 3848 2283 3901 defers
2325 3850 2389 3901 ad
2440 3864 2601 3903 aures
2641 3858 2876 3905 nostras.
2921 3848 3182 3907 Volumus
3219 3867 3349 3923 ergo

1802 3935 1971 3998 scire,
2003 3934 2131 4003 quid
2170 3934 2284 3988 haec
2322 3935 2424 3988 sibi
2455 3935 2671 3997 volunt,
2705 3944 2758 3989 et
2791 3952 2899 4005 quo
2928 3938 3175 3994 tendunt.
3208 3960 3227 3993 ι
3259 3939 3349 3995 Ille

1802 4032 1977 4078 autem
2008 4037 2095 4077 res
2195 4036 2383 4077 eorum
2486 4018 2717 4092 primum
2740 4024 3003 4079 extollens
3018 4033 3071 4080 et
3098 4027 3345 4089 laudans,

1800 4124 1869 4162 ne
1893 4110 2118 4165 insuetis
2146 4118 2197 4165 et
2214 4112 2406 4166 alienis
2423 4112 2599 4166 verbis
2629 4112 2969 4169 irritarentur
2992 4114 3149 4185 (iram
3175 4116 3343 4181 enim,

1799 4202 1873 4253 ait
1904 4202 2011 4261 ille,
2046 4202 2239 4254 avertit
2274 4216 2331 4255 se
2360 4201 2684 4256 submittens
2709 4206 2989 4272 responsio
3018 4206 3077 4276 ιι)
3113 4226 3124 4260 :
3174 4225 3192 4258 ι
3231 4207 3345 4262 Viri

1807 4292 2002 4359 inquit,
2027 4290 2403 4357 Athenienses,
2436 4292 2503 4347 de
2549 4294 2616 4348 iis
2653 4309 2772 4363 quas
2800 4294 3162 4365 interrogatis,
3197 4309 3340 4367 post-

1800 4388 2017 4437 modum
2051 4386 2095 4437 si
2122 4384 2193 4437 ita
2221 4384 2492 4437 videbitur
2523 4384 2789 4440 disseram
2822 4401 2834 4436 :
2863 4401 3007 4443 nunc
3039 4396 3218 4444 autem
3249 4406 3345 4460 per

1797 4473 1976 4527 omnia
2007 4474 2161 4543 quasi
2189 4476 2676 4544 superstitiosiores
2702 4492 2800 4532 vos
2830 4478 3000 4533 video.
3051 4478 3344 4536 Transiens

1796 4564 1960 4627 enim,
2002 4574 2055 4617 et
2101 4566 2369 4633 aspiciens
2433 4582 2493 4619 ea
2560 4583 2680 4635 qua:
2723 4570 2918 4633 colitis,
2966 4570 3144 4625 inveni
3184 4574 3344 4627 etiam

1796 4671 1962 4717 aram,
1999 4656 2054 4708 in
2084 4671 2189 4724 qua
2228 4657 2548 4726 inscriptum
2586 4669 2738 4713 erat:
2774 4657 2959 4726 Ignoto
3004 4660 3129 4714 Deo.
3174 4660 3341 4727 Quem

1795 4763 1923 4817 ergo
1953 4747 2264 4815 ignorantes
2280 4752 2480 4812 colitis,
2511 4767 2632 4806 eum
2658 4754 2922 4807 annuntio
2949 4754 3101 4809 vobis
3121 4771 3135 4819 ;
3154 4756 3199 4807 si
3221 4769 3343 4811 eum

1796 4836 1932 4893 forte
1971 4842 2459 4904 contrectaveritis,
2508 4852 2560 4895 et
2604 4842 2942 4906 inveneritis,
2978 4845 3079 4896 etsi
3121 4860 3229 4897 non
3274 4844 3344 4896 sit

1796 4931 1953 4999 longe
1997 4931 2064 4982 ab
2108 4944 2431 5000 unoquoque
2470 4942 2730 4986 vestrum.
2777 4931 2835 4985 In
2876 4933 2995 5002 ipso
3036 4934 3179 4987 enim
3208 4935 3345 4988 vivi-

1797 5036 1935 5083 mus,
1966 5027 2019 5073 et
2050 5036 2345 5081 movemur.
2378 5030 2430 5075 et
2460 5038 2665 5077 sumus.
2699 5042 2716 5074 ι
2739 5021 2863 5077 Hmc
2884 5039 3004 5077 cum
3035 5025 3109 5078 illi
3141 5025 3341 5079 audiis-

1794 5120 1935 5173 sent,
1966 5113 2216 5180 quoniam
2243 5113 2497 5181 gravibus
2520 5114 2800 5169 sententiis
2824 5116 2979 5183 plena
3000 5123 3117 5169 erat
3146 5117 3338 5181 oratio,

1793 5209 2046 5270 tanquam
2075 5217 2207 5256 sono
2234 5205 2436 5256 tonitru
2471 5214 2651 5259 essent
2681 5204 3061 5273 obstupefacti,
3094 5206 3337 5274 elingues

1791 5298 1843 5344 et
1871 5295 2000 5345 inuti
2030 5304 2329 5348 evaserant.
2346 5294 2477 5347 Cum
2501 5304 2676 5349 autem
2699 5296 2785 5349 vix
2809 5298 3023 5350 tandem
3046 5296 3333 5351 dixissent:

1797 5399 1814 5429 ι
1866 5380 2161 5439 Audiemus
2200 5395 2253 5438 te
2292 5387 2574 5454 postridie,
2606 5406 2622 5438 ι
2658 5402 2781 5442 eum
2812 5388 3135 5442 dimiserunt
3178 5403 3208 5441 e
3246 5388 3337 5456 ju-

1791 5471 1954 5526 dicio.
1974 5472 2254 5546 Egreditur
2269 5492 2395 5545 ergo
2416 5475 2635 5545 Paulus,
2664 5494 2772 5532 non
2799 5480 3069 5539 inanibus,
3100 5487 3157 5531 ut
3178 5480 3337 5547 vulgo

1789 5561 2291 5631 dicitur,manibus,
2314 5567 2404 5620 sed
2427 5583 2607 5623 secum
2631 5580 2870 5638 accepto,
2891 5571 2979 5636 qui
2999 5585 3120 5622 eum
3144 5585 3335 5639 seque-

3008 5868 3083 5923 33
