4178 6316
831 331 976 393 1035

2078 338 2362 401 MENSIS
2401 338 2756 403 OCTOBER.

3911 343 4045 407 1036

841 464 1018 521 batur,
1054 460 1301 526 praeside,
1322 467 1375 513 et
1404 460 1593 516 classis
1621 462 1978 530 sOphistarum
2003 464 2383 533 principe,hoc
2415 477 2459 528 Α
2487 493 2491 519 l

2415 477 2459 528 Δ
2487 469 2647 523 αὑτὸν
2702 471 3059 541 ποιησάμενος
3098 468 3192 523 καὶ
3242 471 3446 542 καρπὸν
3489 467 3721 521 τοιοῦτον
3761 467 3860 520 τοῦ
3910 468 4040 535 πρὸς

836 565 1052 620 magno,
1079 550 1317 618 inquam,
1358 549 1635 622 Dionysio.
1675 552 1749 605 De
1778 569 1910 622 quo,
1942 560 2196 623 tanquam
2235 558 2386 625 quis-

834 640 979 709 piam
1022 641 1196 693 victor
1242 638 1589 710 Olympicus,
1635 650 1728 695 aut
1771 644 1880 697 dux
1924 648 2217 711 exercitus,
2274 666 2386 706 sua:

834 730 1027 799 lingua-
1061 732 1233 785 erexit
1263 732 1579 801 trophaeum,
1612 742 1664 788 et
1710 735 1852 788 hunc
1896 734 2131 790 fructum
2166 740 2385 810 collegit

782 848 795 865 ο
832 835 896 873 ex
926 821 1170 875 oratione
1223 837 1381 890 quam
1409 823 1591 877 habuit
1617 823 1681 877 ad
1709 824 2088 882 Athenienses.
2122 826 2192 880 lis
2217 830 2384 897 enim,

832 925 952 978 quae
990 911 1056 965 de
1097 910 1223 966 Jesu
1256 912 1577 966 dicebantur
1614 930 1641 967 a
1680 929 1927 984 praecone
1959 918 2219 979 veritatis,
2262 932 2384 972 cum

830 1016 860 1052 a
890 1017 948 1055 se
974 1004 1123 1070 prius
1144 1004 1313 1056 visam
1333 1004 1387 1056 in
1421 1012 1662 1074 tempore
1693 1007 1963 1075 passionis
1988 1007 2383 1063 innovationem

832 1094 931 1147 sibi
959 1094 1061 1162 ipsi
1082 1094 1431 1162 explicuisset
1451 1096 1822 1160 luminarium,
1847 1105 1900 1150 et
1928 1096 2067 1151 hanc
2094 1099 2387 1151 humanam

828 1185 1169 1253 despexisset
1207 1186 1548 1255 sapientiam,
1579 1195 1821 1241 sectatur
1846 1190 2068 1243 verbum
2102 1191 2382 1256 veritatis,

829 1283 883 1328 et
936 1277 1249 1346 adjungitur
1296 1277 1662 1346 Apostolo;et
1693 1280 2117 1348 regenerationis
2175 1282 2390 1335 lavacro

831 1377 1257 1432 consummatus,
1295 1368 1351 1421 fit
1383 1369 1542 1422 simul
1576 1369 1907 1438 discipulus,
1940 1378 1993 1425 et
2027 1385 2201 1440 praeco
2230 1370 2388 1424 Chri-

833 1460 924 1521 sti,
958 1460 1048 1527 qui
1086 1466 1169 1512 est
1196 1460 1401 1527 primus
1424 1459 1618 1512 doctor
1647 1461 1909 1515 veritatis.
1941 1461 2004 1514 Et
2035 1478 2156 1516 cum
2188 1464 2389 1533 primas

833 1550 951 1604 ﬁdei
977 1551 1391 1606 exercitationes
1416 1562 1468 1604 et
1514 1551 1831 1621 disciplinas
1860 1569 1889 1605 a
1929 1555 2086 1608 beato
2117 1559 2391 1624 percepis-

832 1649 912 1696 set
935 1641 1244 1705 llierotheo,
1277 1649 1330 1695 et
1352 1643 1406 1695 in
1438 1643 1625 1707 verbo,
1651 1650 1704 1696 et
1741 1644 1796 1696 in
1821 1645 1928 1697 vita
1953 1646 2020 1698 ab
2043 1661 2108 1698 eo
2142 1646 2386 1709 docetur,

831 1742 883 1786 et
914 1733 1087 1786 sancti
1117 1731 1353 1801 Spiritus
1379 1735 1814 1787 communionem
1845 1735 1911 1788 ab
1933 1751 1995 1789 eo
2014 1736 2387 1803 consequitur.

2497 558 2806 629 ⁹Αθηναίους
2845 560 2998 628 λόγου
3038 560 3273 630 θερίσας.
3316 562 3437 623 Τοῖς
3471 562 3578 630 γὰρ
3619 560 3769 630 παρά
3809 558 3905 611 τοῦ
3944 558 4039 625 τῆς

2484 649 2737 719 ἀληθείας
2780 651 3014 720 κήρυκος
3061 652 3187 721 περὶ
3229 651 3321 702 τοῦ
3371 650 3543 719 Ἰησοῦ
3584 650 3897 717 λεγομένοις
3944 648 4038 716 τὴν

2483 741 2868 811 προοραθεῖσαν
2893 739 3039 809 αὐτῴ
3066 739 3202 792 κατὰ
3231 741 3320 791 τὸν
3350 739 3531 807 καιρὸν
3570 738 3661 790 τοῦ
3694 737 3906 798 πάθους
3934 738 4037 787 τῶν

2482 833 2778 901 φωστήρων
2826 831 3162 899 καινοτομίαν
3214 830 3494 900 συμϐαλὼν
3546 831 3767 891 ἐκεῖνος,
3808 828 3901 879 καὶ
3942 830 4038 895 τῆς

2481 919 2820 989 ἀνθρωπίνης
2852 920 3050 990 ταύτης
3084 920 3269 987 σοφίας
3296 919 3578 989 ὑπεριδὼν,
3608 918 3700 970 τοῦ
3745 918 3910 984 λόγου
3942 921 4036 986 τῆς

2479 1012 2732 1081 ἀληθείας
2762 1011 2997 1077 γίνεται,
3027 1012 3120 1063 καὶ
3148 1012 3225 1081 τῷ
3262 1011 3559 1079 Ἀποστόλῳ
3594 1004 3926 1061 συντίθεται·
3964 1012 4036 1079 τῷ

2478 1112 2537 1151 τε
2579 1099 2785 1169 λουτρῷ
2825 1099 2917 1167 τῆς
2958 1099 3363 1167 παλιγγενεσίας
3399 1099 3731 1162 τελειωθεὶς,
3791 1100 4035 1167 μαθητὴς

2480 1186 2609 1257 ὁμοῦ
2646 1190 2737 1239 καὶ
2774 1188 2945 1258 κῆρυξ
2982 1190 3214 1259 Χριστοῦ
3258 1190 3348 1241 τοῦ
3390 1189 3604 1259 πρώτου
3643 1191 3741 1259 τῆς
3781 1190 4037 1258 ἀληθείας

2478 1277 2790 1331 διδασκάλου
2834 1281 3166 1333 καθίσταται.
3213 1281 3320 1332 Καὶ
3349 1280 3415 1333 τὰ
3454 1283 3640 1351 πρῶτα
3685 1282 3787 1350 τῆς
3824 1283 4037 1351 ἡλικίας

2478 1368 2784 1438 διατριϐῶν,
2820 1371 2911 1422 καὶ
2958 1371 3199 1433 παιδείας
3243 1373 3320 1441 τῷ
3377 1374 3649 1444 μακαρίτῃ
3704 1376 4036 1443 κοινωνήσας

2492 1460 2760 1529 Ἰεροθέῳ,
2794 1462 2904 1529 βίον
2926 1462 3028 1513 ὑπὸ
3064 1462 3235 1530 τούτῳ
3264 1466 3355 1516 καὶ
3380 1465 3530 1531 λόγον
3567 1466 3908 1517 παιδεύεται·
3950 1469 4036 1517 καὶ

2476 1550 2575 1619 τῆς
2598 1551 2763 1620 αὐτῆς
2794 1552 2939 1620 αὑτῷ
2960 1551 3050 1603 τοῦ
3080 1553 3231 1620 ἁγίου
3250 1554 3385 1605 Πνεύ
3397 1572 3561 1623 ματος
3592 1556 3882 1618 κοινωνίας
3913 1574 4037 1608 κατ-

2477 1639 2737 1702 αξιοῦται,
2773 1642 2865 1692 καὶ
2896 1640 3182 1703 ἀναϐάσεις
3209 1644 3264 1693 ἐν
3298 1644 3361 1711 τῇ
3404 1643 3597 1712 καρδίᾳ
3631 1645 4033 1714 ἀνατιθέμενος,

2478 1735 2751 1798 φιλοσοφεῖ
2795 1733 2892 1800 τὴν
2936 1732 3221 1801 ἀλήθειαν·
3269 1730 3421 1802 ζητεῖ
3467 1734 3603 1801 μετὰ
3636 1735 3732 1801 τῆς
3783 1736 4036 1803 ἀληθείας

832 1823 1033 1877 Deinde
1062 1824 1413 1879 ascensiones
1452 1825 1506 1879 in
1538 1824 1701 1878 corde
1726 1840 1824 1878 suo
1865 1825 2180 1894 disponens,
2214 1825 2389 1894 philo-
2409 1845 2453 1903 Β
2479 1843 2482 1855 '

2384 1845 2453 1903 .B
2479 1824 2604 1889 περὶ
2635 1822 2827 1891 ψυχῆς,
2868 1825 2991 1893 περὶ
3019 1824 3284 1893 σώματος,
3322 1824 3449 1894 περὶ
3485 1825 3580 1893 τῆς
3609 1825 3716 1875 τῶν
3748 1828 4034 1894 πρακτέων

832 1915 1092 1984 scphatur
1116 1917 1426 1982 veritatem;
1450 1918 1642 1985 quaerit
1670 1930 1792 1969 cum
1825 1918 2069 1982 veritate,
2093 1918 2159 1971 de
2186 1918 2386 1983 anima,

833 2007 900 2061 de
943 2022 1191 2075 corpore,
1225 2022 1288 2060 ac
1324 2007 1390 2061 de
1427 2009 1729 2061 substantia
1770 2023 1948 2062 rerum
1981 2009 2338 2078 gerendarum
2368 2027 2384 2066 :

835 2097 1124 2151 mortificat
1156 2097 1336 2151 omnia
1363 2099 1602 2152 membra
1638 2114 1753 2164 sua,
1789 2114 1908 2168 qua:
1940 2107 2065 2153 sunt
2092 2116 2252 2168 super
2280 2108 2387 2155 ter-

832 2201 969 2251 ram,
989 2190 1169 2244 carnis
1192 2189 1387 2243 multas
1413 2190 1557 2259 leges
1586 2191 1923 2245 constituens
1943 2190 2009 2243 ad
2028 2191 2387 2245 obediendum

834 2280 1079 2349 spiritui;
1109 2281 1265 2334 docet
1300 2296 1459 2334 aures
1492 2283 1798 2335 auscultare
1828 2297 1946 2351 qua:
1976 2282 2174 2344 divina,
2198 2292 2391 2352 etquae

833 2379 960 2425 sunt
988 2371 1051 2425 de
1075 2370 1183 2426 Deo
1209 2372 1504 2438 audienda;
1533 2373 1599 2426 iis
1622 2381 1798 2427 autem
1823 2389 1941 2442 qua:
1976 2382 2100 2429 sunt
2134 2381 2283 2428 extra
2302 2389 2388 2440 ea,

832 2461 1075 2515 divinum
1114 2472 1314 2516 metum
1371 2463 1758 2517 inexorabilem
1805 2463 2021 2519 adhibet
2056 2465 2384 2534 janitorem:

832 2558 886 2606 et
917 2560 1089 2605 totum
1117 2554 1332 2606 oculum
1352 2553 1589 2607 traducit
1621 2552 1685 2606 ad
1716 2555 1993 2608 veritatem
2022 2556 2389 2624 contemplan-

833 2642 977 2695 dam.
1011 2641 1162 2707 Quod
1197 2651 1377 2697 autem
1408 2643 1473 2698 ad
1504 2644 1742 2713 linguam
1774 2646 2023 2713 pertinet,
2058 2646 2161 2699 eisi
2190 2661 2298 2698 non
2331 2646 2389 2700 ia

834 2734 925 2799 iis,
958 2735 1012 2788 in
1038 2736 1235 2804 quibus
1266 2736 1570 2806 oportebat,
1602 2737 1729 2789 olim
1757 2738 1947 2791 edocta
1987 2736 2182 2797 fuerat,
2219 2736 2392 2805 philo-

835 2827 1060 2893 sophice
1106 2835 1285 2880 tamen
1329 2835 1382 2880 et
1412 2826 1611 2889 Attice,
1642 2827 1917 2894 multaque
1948 2841 2069 2879 cum
2112 2825 2387 2896 diligentia

834 2915 1046 2973 erudita
1070 2923 1207 2971 erat.
1241 2914 1427 2985 Itaque
1466 2915 1614 2970 brevi
1646 2915 1937 2988 Dionysius
1962 2917 2016 2986 (ο
2045 2916 2388 2986 miraculum)

834 3021 1284 3081 superatomnes,
1311 3008 1404 3082 qui
1434 3017 1821 3077 praecesserant
1904 3026 1917 3061 :
1994 3016 2047 3063 et
2146 3020 2393 3075 cumpo-

834 3111 1082 3156 testatem
1109 3118 1214 3155 non
1236 3101 1554 3157 subfuratus
1570 3107 1735 3160 esset,
1755 3097 1849 3150 sed
1868 3111 1961 3166 per
1985 3096 2185 3166 gradus
2209 3105 2391 3152 trans-

2480 1910 2783 1979 ὑπάρξεως
2830 1913 3002 1965 πάντα
3040 1917 3219 1985 νεκροί
3252 1914 3320 1965 τά
3369 1914 3501 1985 μέλη
3542 1915 3611 1966 τὰ
3650 1917 3743 1967 ἐπὶ
3780 1918 3879 1983 τῆς
3917 1918 4031 1984 γῆς.

2477 2000 2643 2052 πολλὰ
2663 2004 2727 2072 τῇ
2754 2003 2912 2071 σαρκὶ
2942 2003 3321 2074 νομοθετήσας,
3355 2007 3431 2067 εἰς
3459 2006 3731 2074 ὑποταγὴν
3755 2005 3851 2056 τοῦ
3882 2006 4037 2057 πνεύ-

2480 2109 2665 2162 ματος·
2698 2094 3030 2161 παιδαγωγεῖ
3052 2096 3145 2164 τὴν
3166 2096 3331 2164 ἀκοὴν
3361 2098 3459 2148 ὅσα
3491 2097 3607 2149 θεῖα
3632 2098 3726 2148 καὶ
3756 2098 3886 2166 περὶ
3907 2096 4035 2148 Θεοῦ

2476 2184 2844 2237 ἐνωτίσασθαι’
2880 2188 2996 2258 τοῖς
3024 2186 3080 2237 δὲ
3122 2188 3324 2239 τούτων
3365 2188 3520 2250 ἐκτὸς
3562 2188 3651 2239 τὸν
3697 2188 3842 2241 θεῖον
3879 2187 4037 2257 φόϐον

2477 2274 2714 2345 θυρωρὸν
2761 2276 3039 2347 ἐφίστησιν
3086 2279 3473 2348 ἀπαραίτητον·
3506 2280 3623 2332 ὅλον
3676 2281 3904 2350 μετάγει
3953 2283 4038 2331 τὸν

2475 2360 2745 2434 ὀφθαλμὸν
2782 2366 2871 2418 ἐπὶ
2900 2368 2996 2435 τὴν
3033 2367 3303 2438 ἀλήθειαν.
3332 2370 3410 2421 Τά
3438 2369 3544 2441 γὰρ
3572 2370 3672 2438 τῆς
3694 2370 3966 2439 γλώττης,
3994 2373 4037 2420 εἱ

2477 2454 2571 2507 καὶ
2616 2457 2689 2525 μὴ
2739 2457 2794 2507 ἐν
2830 2452 2909 2518 οἷς
2943 2459 3104 2527 ἐχρῆν
3140 2460 3427 2529 πρότερον,
3464 2460 3575 2511 ἀλλ’
3610 2457 3701 2513 οὖν
3738 2460 4039 2526 φιλοσόφως

2477 2562 2535 2598 τε
2568 2546 2660 2598 καὶ
2706 2547 2959 2609 Ἀττικῶς
2992 2551 3083 2600 καὶ
3118 2549 3248 2618 πρὸς
3288 2549 3569 2618 ἀκρίϐειαν
3600 2548 4037 2601 ἐνεπεπαίδευτο.

2478 2643 2606 2704 Kal,
2644 2640 2688 2692 ὣ
2716 2639 2807 2691 τοῦ
2839 2638 3138 2707 θαύματοςί
3165 2642 3220 2691 ἐν
3266 2639 3461 2709 βραχεῖ
3490 2639 3695 2702 πάντας
3724 2639 4039 2711 ὑπερϐαίνει

2476 2732 2603 2793 τοὺς
2625 2729 2946 2801 ἔμπροσθεν,
2980 2730 3040 2781 οὐ
3074 2728 3271 2799 κλέψας
3299 2730 3394 2801 τὴν
3428 2730 3679 2796 ἐξουσίαν
3708 2731 3828 2783 οὐδὲ
3860 2734 4038 2803 ἀρπά-

2481 2840 2599 2886 σας,
2627 2821 2757 2876 aut
2784 2821 2907 2885 τοὺς
2931 2821 3078 2875 κάτω
3099 2820 3334 2893 βαθμοὺς
3363 2820 3662 2887 διεξελθὼν.
3701 2824 3809 2877 Καὶ
3828 2824 3890 2875 τδ
3926 2839 4041 2874 ποια

2485 2914 2763 2986 μαίνεσθαι
2794 2914 2967 2977 καλῶς
2988 2913 3257 2983 ἐκμαθὼν,
3278 2915 3384 2966 τῶν
3405 2916 3514 2967 ἄνω
3542 2917 3676 2982 ταχὺ
3702 2916 3933 2980 γίνεται.
3950 2920 4040 2968 καὶ

2481 3007 2751 3073 ποιμαίνει
2771 3004 2905 3073 μετά
2924 3006 3017 3073 τῆς
3032 3004 3217 3072 πείρας
3237 3003 3359 3054 ὖστε
3367 3019 3473 3071 ρον·
3495 3003 3587 3053 καὶ
3604 3004 3856 3067 ἐπιεικῶς
3872 3005 4040 3075 ἀρκε-

2484 3094 2603 3148 σθαι
2631 3094 2832 3165 μαθὼν,
2863 3096 3017 3164 ἄρχει
3044 3095 3457 3165 ἐπιεικέστερον
3492 3099 3585 3149 καὶ
3616 3095 3752 3166 μετὰ
3780 3098 3881 3165 τῆς
3908 3100 4040 3167 ἁλίη-

830 3192 985 3249 iisset
1019 3191 1325 3257 inferiores,
1363 3180 1585 3262 pulchre
1623 3190 1775 3264 paSCi
1802 3186 2103 3255 didiCiSSel.
2133 3187 2197 3241 ad
2231 3176 2450 3258 θυμὲ-ο

2386 3176 2450 3235 -C
2481 3187 2628 3250 θείας
2666 3185 2897 3250 διδάξας,
2937 3186 3023 3238 διὰ
3062 3186 3241 3252 πάσης
3271 3203 3328 3239 τε
3370 3186 3534 3239 ἐλθὼν
3574 3186 3856 3249 εὐταξίας,
3886 3188 4036 3250 τέλος

831 3283 976 3337 riora
1004 3298 1127 3336 mox
1153 3285 1419 3353 pervenit,
1455 3291 1505 3337 et
1539 3284 1711 3352 pascit
1735 3285 1922 3353 postea
1955 3293 2079 3331 cum
2110 3279 2391 3345 expcrien-
2479 3301 2481 3309 ι

2479 3279 2577 3347 τὴν
2609 3278 2712 3329 τῶν
2756 3277 2987 3347 Ἀθηνῶν
3022 3278 3324 3339 πιστευθεὶς
3368 3278 3672 3347 προεδρίαν,
3706 3278 3811 3329 τῶν
3842 3280 4041 3329 οἰάκων

832 3374 937 3439 tia;
982 3382 1036 3427 et
1087 3388 1210 3427 cum
1261 3374 1503 3429 modeste
1559 3390 1749 3443 parere
1799 3369 2102 3431 didicisset,
2164 3368 2391 3433 imperat
2480 3389 2482 3398 ι

2480 3369 2575 3436 τῆς
2616 3368 2933 3435 Ἐκκλησίας
2970 3368 3426 3436 ὑπερκαθέζεταιο
3474 3370 3533 3419 τό
3564 3386 3621 3420 τε
3678 3370 3774 3438 τῆς
3818 3368 4042 3437 γνώμης

834 3464 1163 3529 modestius;
1188 3472 1240 3517 et
1264 3479 1388 3517 cum
1412 3464 1688 3517 docuisset
1715 3478 1835 3517 cum
1861 3460 2104 3519 veritate.
2139 3457 2393 3510 obiissetv

832 3570 938 3623 que
969 3569 1154 3608 omnes
1183 3554 1307 3607 boni
1335 3555 1541 3609 ordinis
1567 3564 1770 3624 partes,
1806 3558 2021 3610 tandem
2052 3558 2099 3611 ei
2132 3550 2386 3611 mandato

830 3645 1160 3699 Athenarum
1202 3645 1543 3714 pontificatu,
1604 3647 1776 3698 clavis
1826 3646 2078 3714 praesidet
2108 3648 2385 3711 Ecclesiae,

833 3732 1181 3801 ostenditque
1229 3748 1387 3786 suum
1436 3747 1760 3802 generosum
1807 3734 2069 3796 animum,
2102 3743 2152 3787 et
2187 3745 2389 3805 pugnat

836 3838 933 3894 pro
960 3838 1118 3894 grege
1152 3838 1164 3873 :
1200 3824 1523 3893 expellitque
1552 3824 1775 3886 bestias,
1798 3832 1852 3878 et
1867 3824 2006 3893 ejus,
2033 3825 2175 3893 quod
2201 3831 2387 3882 morbo

835 3917 1064 3979 laborat,
1106 3928 1292 3967 curam
1324 3916 1480 3982 gerit,
1512 3921 1565 3967 et
1594 3915 1738 3983 quod
1788 3914 1945 3982 lange
1998 3923 2079 3967 est
2122 3927 2383 3969 remotum

2483 3459 2724 3524 γενναῖον
2758 3455 3111 3517 ἐπιδεικνύει,
3148 3457 3239 3507 καὶ
3274 3458 3605 3525 προπολεμεῖ
3633 3459 3731 3526 τῆς
3775 3460 4041 3525 ποίμνης,

2481 3549 2571 3600 καὶ
2592 3547 2847 3599 ἀποσοϐεῖ
2864 3548 2986 3609 τοὺς
3017 3546 3204 3616 θῆρας,
3229 3547 3320 3597 καὶ
3346 3546 3437 3597 τοῦ
3470 3548 3817 3613 νενοσηκίτος
3850 3551 4043 3617 ἐπιμε-

2483 3637 2673 3698 λεῖται,
2720 3639 2810 3689 καὶ
2838 3638 2895 3688 τὸ
2941 3636 3240 3706 μακρυνθὲν
3282 3638 3571 3705 ἐπανάγει·
3610 3640 3706 3689 καὶ
3758 3640 4044 3690 συνελόντα

2482 3728 2664 3794 φάναι,
2696 3729 2826 3779 πᾶσι
2854 3726 2920 3779 τὰ
2934 3726 3108 3779 πάντα
3137 3727 3274 3779 κατὰ
3308 3729 3395 3779 τὸν
3428 3726 3590 3780 αὑτοῦ
3621 3728 3942 3781 διδάσκαλον
3964 3732 4041 3797 7i-

2483 3834 2648 3871 νεται.
2683 3817 2833 3869 Οὕτω
2856 3833 2913 3868 τε
2943 3815 3156 3881 διδάξας
3174 3855 3185 3877 ,
3226 3817 3318 3869 καί
3345 3818 3440 3887 τὴν
3468 3817 3667 3887 Τριάδα
3697 3819 4041 3889 Θεολογὴσας,

2487 3909 2665 3975 σαφῶς
2685 3926 2749 3960 πε
2760 3910 2809 3976 pl
2834 3907 2938 3958 τῶν
2968 3910 3137 3961 ἄλλων
3161 3909 3507 3977 διαλαμϐάνει
3530 3909 3829 3976 δυνάμεων.

848 4005 1091 4059 reducit:
1127 4012 1199 4068 et,
1233 4012 1290 4058 ut
1332 4006 1499 4060 semel
1536 4008 1733 4071 dicam,
1779 4006 1922 4060 sicut
1957 4006 2075 4073 ejus
2126 4008 2398 4076 magister,
2440 4008 2693 4061 omnibus
2720 4006 2774 4058 fit
2814 4005 2995 4057 omnia
3030 4005 3070 4056 ί.
3119 4002 3253 4055 Cum
3301 4004 3379 4057 sic
3426 4014 3603 4057 autem
3651 4006 3936 4060 docuisset
3986 4018 4036 4062 et

835 4098 910 4152 de
944 4095 1222 4153 Trinitatis
1275 4098 1560 4153 divinitate
1615 4101 1987 4165 disseruisset,
2011 4099 2154 4151 clare
2183 4106 2379 4153 tractat
2408 4101 2476 4156 de
2501 4100 2752 4169 superuis
2784 4097 3094 4153 virtutibus.

893 4196 1032 4253 Cum
1091 4210 1221 4250 vero
1273 4195 1339 4249 ad
1388 4204 1593 4247 tantam
1646 4195 1982 4263 pervenisset
2021 4198 2287 4263 gratiam,
2324 4208 2383 4250 ut

824 4289 1043 4359 quando
1096 4286 1366 4357 Deiparze,
1422 4285 1567 4357 quod
1623 4285 1788 4340 Deum
1849 4288 2086 4356 suscepit
2139 4288 2384 4356 corporis

831 4378 1112 4446 emigravit
1160 4377 1422 4444 spiritus,
1478 4376 1637 4427 simul
1677 4375 1888 4429 adesset
1926 4390 2049 4432 cum
2089 4378 2381 4444 apostolis,

832 4466 923 4533 qui
958 4481 1049 4533 per
1081 4465 1332 4533 spiritum
1366 4470 1419 4516 et
1454 4463 1648 4515 nubem
1684 4462 1750 4515 ad
1784 4462 1923 4517 hanc
1954 4479 2162 4517 sacram
2195 4478 2377 4519 acces-

825 4564 1007 4610 serant
1046 4556 1409 4622 sepulturam,
1452 4567 1558 4607 uon
1596 4553 1827 4621 amplius
1860 4553 2188 4607 existimavit
2223 4569 2380 4623 opor-

829 4658 945 4702 tere
982 4663 1084 4701 una
1126 4649 1345 4701 civitate
1375 4687 1388 4710 ,
1426 4661 1616 4715 nempe
1646 4646 1903 4709 Athenis,
1937 4647 2382 4701 circumscribere

831 4741 966 4794 tales
1001 4755 1130 4809 opes
1169 4739 1394 4808 gratiae;
1452 4737 1545 4791 sed
1596 4738 1781 4791 volens
1819 4738 2177 4807 multiplicare
2213 4741 2383 4790 talen-

831 4839 945 4883 tum
966 4869 981 4894 ,
1017 4840 1071 4884 et
1110 4830 1263 4899 sequi
1295 4829 1380 4883 sui
1411 4828 1652 4897 magistri
1687 4828 1911 4897 vestigia
1935 4870 1947 4891 ,
1980 4828 2182 4901 relictis
2216 4827 2381 4880 Athe-

833 4922 949 4982 nis.
983 4930 1034 4976 et
1074 4930 1220 4975 terra
1249 4934 1301 4975 et
1330 4922 1463 4974 mari
1500 4920 1665 4973 multa
1701 4933 1891 4987 passus
1922 4919 2100 4987 gravia
2125 4956 2139 4981 ,
2174 4932 2270 4971 nec
2311 4926 2385 4971 ta-

830 5028 951 5066 men
978 5016 1045 5066 ab
1068 5014 1147 5068 eis
1170 5011 1473 5066 retardatus
1496 5053 1508 5074 ,
1536 5009 1628 5065 sed
1654 5024 2012 5077 supernarum
2040 5021 2221 5059 rerum
2252 5021 2382 5058 con-

832 5104 1181 5172 templatione
1212 5102 1401 5155 inferis
1433 5101 1683 5155 omnibus
1716 5099 2019 5167 superatis,
2069 5096 2135 5148 ad
2181 5097 2380 5164 regiam

832 5188 1023 5241 urbem
1079 5189 1323 5259 pervenit
1378 5186 1642 5252 Romam;
1697 5196 1749 5241 et
1800 5185 2006 5239 accedit
2055 5184 2269 5254 quidem
2316 5183 2381 5236 ad

831 5279 1194 5344 Clementem,
1239 5282 1330 5350 qui
1369 5290 1495 5334 tunc
1522 5280 1700 5333 sedem
1736 5278 1952 5333 tenebat
1994 5277 2379 5345 apostolicam,

830 5370 1033 5439 quique
1073 5385 1101 5423 a
1140 5386 1338 5440 magno
1383 5370 1541 5425 Petro
1586 5369 1761 5422 fuerat
1798 5369 2022 5421 edoctus
2054 5406 2067 5428 ,
2103 5377 2155 5419 et
2193 5364 2280 5417 cui
2316 5364 2383 5416 ab

828 5461 921 5514 illo
981 5457 1157 5514 fuerat
1204 5460 1411 5516 credita
1461 5462 1635 5515 sedes.
1690 5459 1769 5511 Ad
1828 5472 1949 5512 eum
2002 5472 2130 5526 ergo
2171 5455 2382 5510 accedit

826 5549 1148 5622 Dionysius,
1206 5564 1257 5609 et
1319 5568 1439 5607 cum
1487 5553 1535 5606 ei
1571 5568 1726 5606 suum
1768 5551 2103 5618 exposuisset
2144 5546 2390 5616 Evange-

909 5718 922 5775 ί
957 5730 973 5782 l
1006 5733 1129 5787 Cor.
1161 5748 1233 5795 Ix,
1266 5733 1355 5787 2‘2.

2550 4194 2655 4246 Kal
2688 4196 2765 4255 εἰς
2796 4194 2949 4245 τοῦτο
2982 4194 3196 4263 χάριτος
3230 4192 3414 4257 ἐλθὼν,
3445 4194 3538 4257 ὡς,
3575 4194 3738 4264 ἡνίκα
3779 4194 3840 4246 τὸ
3890 4196 4039 4247 πνεῖν

2485 4300 2558 4353 μα
2590 4284 2685 4350 τῆς
2715 4282 2968 4335 Θεοτόκου
3000 4284 3243 4355 σώματος
3281 4285 3545 4355 ἐξεδήμει,
3579 4289 3692 4348 τοῖς
3727 4286 4038 4346 ἀποστόλοις

2480 4375 2566 4428 διὰ
2601 4376 2901 4446 πνεύματος
2935 4378 3023 4430 καί
3056 4380 3279 4447 νεφέλης
3310 4372 3390 4448 τῇ
3414 4380 3530 4448 ἱερᾷ
3561 4379 3752 4429 τούτου
3790 4381 4037 4430 ἐπιστᾶσι

2480 4474 2621 4540 ταφῇ
2658 4474 3040 4541 συμπαρεῖναι·
3070 4471 3168 4521 οὐκ
3200 4470 3278 4521 ἔτι
3309 4470 3415 4520 δεῖν
3446 4469 3583 4537 ᾤετο
3618 4473 3716 4538 μιᾷ
3752 4471 3906 4522 πόλει
3928 4474 4039 4529 ταῖς

2495 4558 2738 4629 Ἀθήναις
2770 4558 2858 4609 τὸν
2903 4557 3148 4609 τοσοῦτον
3198 4558 3527 4628 περιγράψαι
3563 4556 3794 4609 πλοῦτον
3823 4558 3924 4626 τῆς
3960 4559 4042 4626 χά-

2486 4668 2627 4721 ριτος
2652 4668 2664 4679 ·
2696 4649 2827 4701 ἀλλά
2854 4649 2912 4701 τὸ
2940 4650 3192 4702 τάλαντον
3228 4649 3655 4701 πολυπλασιάσαι
3697 4648 4038 4719 βουλόμενος,

2484 4742 2573 4794 καὶ
2601 4740 2716 4792 κατ’
2758 4738 2897 4809 ἴχνος
2924 4740 3145 4792 ἐπεσθαι
3177 4740 3254 4809 τῷ
3300 4740 3617 4809 διδασκάλῳ,
3661 4741 3763 4803 τὰς
3819 4741 4041 4809 Ἀθήνας

2483 4829 2785 4891 ἀπολιπὼν,
2834 4829 2999 4881 πολλὰ
3063 4831 3156 4899 μὲν
3201 4829 3337 4882 κατά
3383 4830 3482 4899 γῆν
3516 4828 3735 4891 παθὼν,
3778 4830 3949 4883 πολλα
3992 4831 4040 4880 δὲ

2487 4923 2577 4973 καὶ
2626 4920 2762 4973 κατὰ
2795 4919 3060 4973 θάλασσαν
3095 4920 3387 4989 ὑπομείνας
3419 4920 3484 4971 τά
3517 4920 3751 4989 δυσχερῆ
3814 4922 3909 4973 καὶ
3947 4939 4039 4989 μη·

2483 5010 2538 5063 δὲ
2581 5012 2683 5064 ὑπὸ
2731 5011 2931 5062 τούτων
2989 5010 3359 5079 κατασχεθεὶς,
3415 5009 3527 5061 ἀλλ’
3580 5011 3719 5080 ὑπὲρ
3771 5012 3842 5063 τὰ
3901 5016 4043 5065 κάτω

2484 5102 2657 5154 πάντα
2694 5104 2758 5170 τῇ
2791 5099 2896 5152 τῶν
2931 5101 3039 5153 ἄνω
3071 5101 3267 5171 θεωρίᾳ
3316 5101 3633 5168 γενόμενος,
3670 5102 3770 5169 τὴν
3804 5102 4042 5169 βασιλίδα

2496 5188 2709 5258 Ῥώμην
2753 5188 3181 5258 καταλαμϐάνει.
3220 5188 3311 5240 καὶ
3356 5188 3599 5257 πρόσεισι
3634 5188 3922 5258 Κλήμεντι
3964 5190 4045 5241 τὸν

2484 5278 2827 5332 ἀποστολικὸν
2871 5277 3165 5348 τηνικαῦτα
3217 5278 3401 5347 θρόνον
3446 5278 3681 5329 διέποντι
3719 5295 3731 5307 '
3770 5280 3831 5342 ὃς
3865 5280 4044 5349 Πέτρῳ

2486 5367 2563 5438 τῷ
2607 5368 2825 5437 μεγάλῳ
2853 5367 3038 5435 ἐφοίτα
3061 5407 3075 5430 ,
3113 5367 3203 5421 καὶ
3235 5366 3325 5416 τὸν
3359 5366 3544 5442 θρόνον
3578 5367 3670 5418 ὑπ’
3708 5370 3920 5421 ἐκείνου
3958 5388 4043 5421 πε-

2490 5460 2757 5513 πίστευτο.
2787 5460 2968 5529 Τούτῳ
3002 5456 3088 5512 οὖν
3115 5460 3356 5528 πρόσεισι
3381 5459 3671 5520 Διονύσιος,
3711 5460 3805 5512 καὶ
3840 5462 3899 5513 τὸ
3934 5460 4042 5512 καθ’

2492 5551 2676 5605 ἑαυτὸν
2697 5550 3048 5621 προσαναθεὶς
3088 5549 3411 5617 Εὖαγγέλιον
3452 5550 3513 5602 τό
3545 5567 3605 5602 τε
3636 5549 3739 5621 τῆς
3775 5552 4043 5612 διακονίας
