4178 6316
200 347 339 415 1037
1186 364 1356 425 VITA
1401 367 1461 425 S.
1513 366 1852 428 DlONYSll
1895 368 2422 432 AHEOPAGlTiE.
3281 375 3419 441 1038

204 483 362 551 ἔργον
410 486 484 549 ὡς
531 488 815 557 ὁμοτρόπῳ
849 488 938 540 καὶ
970 487 1301 558 ὁμογνώμονι
1335 491 1745 561 κοινωσάμενος,
1776 493 1824 551 Α

1776 493 1824 551 Α
1861 489 2024 552 lium,
2072 500 2126 545 et
2177 507 2312 561 Opus
2359 496 2498 548 sacri
2533 497 2852 565 ministerii,
2887 512 2944 556 ut
2983 505 3072 574 qui
3118 517 3261 560 esset
3309 507 3401 559 iis-

204 573 308 624 ὑπὸ
339 575 524 628 τούτου
560 578 919 647 προτρέπεται
987 578 1077 630 καὶ
1112 579 1247 649 προς
1296 581 1526 650 ἑσπέρια
1582 598 1745 651 μεταη

1858 579 1977 632 dem
2031 583 2273 636 moribus
2324 593 2376 637 et
2428 587 2691 640 sententia
2747 573 3229 659 eommunicasset,
3290 596 3403 664 ipse

199 663 359 734 ϐῆναι
408 683 544 736 μερη
577 684 590 695 ·
628 666 814 729 ἄλλους
866 668 958 737 μὲν
989 664 1080 720 οὖν
1126 667 1234 719 τῶν
1284 671 1558 739 ἑπομένων
1603 670 1746 741 αὺτῷ

1856 682 1978 720 eum
2015 669 2334 725 adhortatur
2385 681 2441 726 ut
2491 683 2732 732 transeat
2769 679 2836 734 ad
2874 690 3050 751 partes
3086 663 3400 739 occidenta-

198 753 520 828 λειτουργῶν
552 757 778 828 ἀλλαχοῦ
809 758 912 810 τῶν
947 759 1143 828 κωμῶν
1184 777 1244 812 τε
1277 762 1366 813 καὶ
1400 761 1602 814 πόλεων
1633 762 1747 816 δια-

1857 755 1954 810 les.
1989 756 2122 810 Cum
2172 776 2238 813 ex
2271 761 2338 816 iis
2368 777 2524 832 ergo,
2574 769 2662 835 qui
2701 786 2822 824 eum
2874 774 3258 841 sequebantur,
3300 777 3401 830 mi-

195 845 419 914 νείμας,
456 849 547 900 καὶ
578 851 637 901 τὸ
682 848 774 901 τοῦ
822 848 954 900 Θεοῦ
1004 852 1264 921 σωτήριον
1310 851 1748 918 εὐαγγελίζεσθαι

1855 846 2044 902 nistris
2103 865 2200 918 per
2257 854 2407 908 vicos
2463 865 2516 910 et
2574 861 2819 915 civitates
2873 864 3009 916 alios
3053 865 3178 917 alibi
3213 866 3400 920 distri-

197 937 745 1006 παρεγγυησάμενος,
795 937 1100 990 Ῥουστικον
1143 938 1303 1002 αὐτὸς
1350 941 1440 992 καὶ
1503 941 1746 992 Ἐλευθέ-

1854 935 2097 1001 buissct,
2159 947 2212 994 et
2276 944 2512 999 salutare
2577 947 2670 1002 Dei
2737 949 3082 1019 Evangelium
3144 955 3399 1021 jussisset

199 1041 344 1093 ριον,
379 1027 467 1077 τὸν
516 1027 610 1096 μὲν
661 1029 954 1098 ἱερωσύνης
987 1030 1277 1100 χρίσματι,
1311 1030 1550 1100 διακονίᾳ
1580 1030 1636 1082 δὲ
1665 1047 1746 1082 τε·

1852 1028 2163 1094 przedicare,
2195 1033 2411 1100 ipseque
2439 1034 2718 1092 Rusticum
2749 1050 2801 1094 et
2831 1041 3214 1106 Eleuther-ium,
3249 1047 3396 1101 illum

193 1117 491 1186 τιμημένον
522 1117 613 1170 τὸν
669 1118 1031 1190 Ἐλευθέριον,
1083 1123 1386 1191 συνεργοὺς,
1423 1123 1667 1191 καθάπερ
1714 1123 1743 1175 ὁ

1853 1118 2070 1182 quidem
2108 1121 2398 1178 chrismate
2429 1129 2744 1190 sacerdotii,
2780 1131 2924 1184 hunc
2964 1142 3139 1186 autem
3161 1173 3174 1196 ,
3207 1150 3396 1204 nempe

197 1208 367 1274 μέγας
413 1208 723 1271 Ἀπόστολος
773 1210 1053 1263 Σιλουανὺν
1103 1211 1192 1263 καὶ
1237 1211 1528 1280 Τιμόθεον,
1564 1229 1743 1282 παρα-

1741 1240 1743 1250 ι
1847 1205 2250 1272 Eleutherium,
2312 1211 2654 1268 honestatum
2708 1217 3032 1283 diaconatu,
3093 1225 3391 1292 accepisset

193 1298 410 1362 λαϐὼν,
457 1299 547 1352 καὶ
597 1302 721 1362 τοὺς
771 1302 1051 1370 ἑσπερίους
1097 1301 1410 1354 καταλαϐὼν
1458 1294 1742 1368 Γαλάτας,

1739 1345 1742 1359 ,
1843 1300 2152 1366 adjutores,
2196 1321 2302 1356 non
2341 1321 2498 1359 secus
2556 1323 2618 1361 ac
2675 1325 2900 1378 magnus
2939 1313 3232 1381 Apostolus
3275 1314 3389 1384 εχι-

191 1390 252 1441 οὐ
286 1389 499 1457 διδαχῆς
535 1389 686 1458 μόνον
714 1391 966 1460 ῥήμασιν,
1003 1391 1134 1442 ἀλλά
1168 1393 1259 1445 καὶ
1292 1392 1530 1461 σημείων
1563 1393 1744 1464 ἔργοις

1741 1411 1744 1422 >
1843 1404 2042 1442 vanum
2073 1402 2126 1446 et
2161 1393 2538 1462 Timotheum,
2572 1409 2624 1453 et
2654 1401 2716 1454 ad
2751 1401 2931 1458 Gallos
2970 1408 3206 1461 venisset
3243 1410 3391 1462 occi-

189 1478 490 1547 ἀποστολῆς
537 1479 692 1550 ἔργον
737 1480 1048 1550 εἰργάζετο,
1101 1483 1262 1552 μέσος
1307 1487 1417 1546 τοῖς
1464 1484 1581 1536 καθ’
1616 1487 1743 1537 ἑκά-

1737 1514 1743 1524 .
1843 1479 2122 1545 dentales,
2177 1500 2282 1538 non
2325 1491 2498 1542 solum
2536 1493 2713 1547 verbis
2751 1493 3053 1555 doctrinae.
3095 1498 3188 1550 sed
3227 1501 3387 1554 etiam

191 1584 324 1637 στην
375 1569 642 1620 συνιοῦσιν
705 1571 1127 1639 ὲκφαινόμενος,
1178 1572 1302 1634 τούς
1349 1591 1408 1624 τε
1460 1575 1559 1642 τῆς
1592 1575 1744 1626 εὐσε-

1737 1606 1744 1614 .
1842 1569 2118 1638 signorum
2149 1577 2401 1642 Operibus
2437 1579 2758 1648 fungebatur
2785 1600 3005 1640 munere
3038 1591 3387 1656 apostolatus.

187 1656 340 1720 6είας
371 1658 558 1724 λόγους
591 1659 944 1722 ἀδιαλείπτως
994 1662 1258 1713 ἀνακινῶν
1282 1701 1295 1723 ,
1344 1663 1435 1714 καὶ
1468 1665 1602 1732 πρὸς
1647 1665 1745 1735 τὴν

1738 1685 1745 1712 ,
1842 1656 2049 1711 medius
2105 1674 2370 1728 apparens
2420 1667 2484 1720 iis
2540 1672 2628 1736 qui
2690 1672 2742 1724 in
2795 1688 3117 1744 unaquaque
3171 1679 3388 1734 civitate

187 1746 282 1798 τοῦ
318 1749 665 1818 πεποιηκότος
709 1749 993 1813 ἐπίγνωσιν
1039 1752 1162 1811 τοὺς
1207 1751 1476 1820 ἀκροατὰς
1540 1755 1744 1821 ὲπαγό-
1772 1813 1814 1826 ﬁ

1736 1785 1744 1794 .
1772 1813 1814 1826 ἢ
1840 1750 2268 1815 conveniebant,
2300 1764 2352 1808 et
2381 1756 2446 1810 de
2477 1760 2671 1826 pietate
2701 1765 2863 1817 verba
2902 1763 3105 1820 faciens
3144 1768 3261 1822 sine
3304 1770 3386 1822 in-

191 1839 370 1908 μενος.
406 1813 588 1900 Οὕτως
621 1835 711 1890 οὖν
757 1839 849 1890 τοῦ
891 1840 1046 1906 λόγου
1096 1841 1193 1909 τῆς
1239 1826 1496 1911 ’ἀληθείας
1543 1860 1744 1912 κηρυσο
1772 1813 1816 1870 Β

1735 1813 1816 1885 ,Β
1842 1837 2213 1907 termissione,
2252 1853 2303 1897 et
2339 1847 2600 1903 inducens
2648 1853 2923 1910 auditores
2955 1857 3022 1910 ad
3063 1859 3385 1926 agnitionem

188 1928 412 1997 σομένου
444 1967 457 1988 ,
524 1927 612 1980 καὶ
673 1928 772 1996 τῆς
834 1929 928 1997 μὲν
991 1929 1136 1990 θείας
1193 1931 1594 2000 κρατυνομένης
1656 1933 1744 1984 πί-
1835 1951 1838 1968 <

1735 1963 1744 1972 .
1835 1925 1988 1992 ejus,
2022 1931 2111 1997 qui
2144 1933 2292 2000 ipsos
2321 1941 2540 1993 creavit.
2570 1939 2701 1994 Cum
2735 1945 2813 1997 sic
2844 1961 2972 2014 ergo
3000 1950 3236 2002 veritatis
3269 1965 3385 2002 ver-

186 2036 389 2080 στεως,
425 2018 736 2088 δαιμονικῆς
769 2020 822 2071 δὲ
857 2021 1034 2089 πάσης
1068 2021 1279 2091 ἀπάτης
1326 2025 1387 2074 ὲκ
1434 2023 1606 2075 ποδῶν
1653 2040 1740 2090 γι-

1841 2014 1968 2068 bum
2026 2024 2452 2095 praedicaretur,
2495 2040 2547 2083 et
2587 2031 2766 2088 divina
2805 2038 3023 2104 quidem
3087 2040 3218 2096 ﬁdes
3246 2053 3396 2092 con-

182 2109 414 2178 νομένης
434 2151 446 2173 ,
480 2111 585 2162 τῶν
619 2110 708 2163 ἐπὶ
752 2111 923 2180 τούτῳ
952 2112 1070 2163 τινὰ
1124 2115 1383 2164 συνόντων
1403 2154 1415 2175 ,
1453 2115 1739 2168 Λουκιανόν

1737 2133 1739 2152 ι
1834 2108 2165 2181 ﬁrmaretur,
2227 2133 2575 2179 amoveretur
2627 2139 2807 2182 autem
2861 2134 3044 2189 omnis
3100 2134 3248 2192 fraus
3278 2133 3387 2186 d8-

182 2219 326 2272 φημι
360 2203 448 2254 τὸν
480 2204 749 2272 ἀοίδιμονο,
787 2204 846 2264 ὃς
878 2205 967 2254 καὶ
999 2207 1063 2273 τῇ
1097 2205 1190 2256 τοῦ
1227 2206 1588 2277 πρεσϐυτέρου
1615 2206 1740 2278 ἀξίᾳ
1831 2210 1832 2245 ἶ

1728 2224 1740 2258 ι
1831 2208 2049 2248 monuln
2071 2238 2084 2261 ,
2114 2205 2409 2266 "quemdam
2442 2222 2505 2258 ex
2541 2209 2606 2260 iis
2639 2213 2729 2277 qui
2762 2228 2881 2266 cum
2912 2231 2975 2267 eo
3008 2219 3378 2281 versabantur.

182 2293 469 2360 ἐτετίμητο
489 2333 501 2352 ,
535 2288 884 2361 (συνήπτοντο
903 2292 1008 2358 γὰρ
1037 2295 1183 2362 αὐτῷ
1213 2295 1390 2347 πολλοὶ
1415 2297 1519 2348 τῶν
1541 2298 1740 2367 ἀρετῆς

1730 2315 1740 2360 ς
1834 2283 2091 2354 inclytum
2118 2328 2132 2351 ,
2169 2291 2424 2359 inquam,
2459 2293 2792 2362 Lucianum,
2828 2304 2918 2371 qui
2956 2305 3118 2357 etiam
3159 2310 3380 2377 presby-

182 2381 685 2448 μεταποιουμένων·
720 2379 796 2448 τῷ
827 2381 1011 2449 ὁμοίῳ,
1049 2382 1195 2448 φασὶ,
1242 2383 1301 2433 το
1334 2385 1570 2451 ὅμοιονο)
1605 2385 1740 2454 πρὸς

1732 2402 1740 2445 ;
1833 2378 1934 2428 teri
1967 2378 2225 2448 dignitate
2253 2397 2365 2438 erat
2393 2396 2615 2442 ornatus
2645 2390 2806 2459 (eum
2839 2395 2978 2448 enim
3021 2399 3382 2465 sequebantur

178 2465 279 2534 τὴν
314 2466 412 2534 τῆς
444 2466 824 2528 Βελουακένσις
856 2469 1020 2535 νήσου
1055 2468 1204 2519 πόλιν
1241 2470 1524 2538 ἐκπέμψας
1571 2473 1738 2540 κηρύ-

1729 2501 1738 2511 .
1831 2468 1982 2518 multi
2031 2486 2094 2522 ex
2131 2473 2194 2526 iis
2249 2476 2338 2541 qui
2383 2478 2630 2532 virtutem
2669 2485 3166 2552 amplectebantur;
3203 2491 3379 2545 simile

180 2553 342 2617 ξοντα
399 2557 498 2626 τὴν
561 2557 877 2635 εὐσέϐειαν,
928 2557 1085 2620 αὐτὸς
1132 2559 1245 2627 ἅμα
1291 2559 1598 2628 Ῥουστικῷ⁸
1643 2559 1736 2612 καί⁸
1828 2583 1830 2597 ι

1727 2576 1736 2612 ι
1828 2556 1992 2618 enim,
2039 2569 2094 2611 ut
2139 2564 2354 2625 dicitur.
2395 2569 2555 2622 simili
2592 2572 2965 2644 delectatur),
3007 2578 3156 2631 misit
3195 2581 3262 2633 ad
3298 2583 3377 2635 ci-

191 2644 540 2716 Ἑλευοερίῳ,
583 2647 680 2716 τὴν
731 2647 952 2699 Γαλλίαν
993 2647 1198 2710 λιπὼν,
1235 2650 1435 2702 ἄνωθεν
1469 2651 1614 2720 αὐτῷ
1649 2668 1738 2706 κε·
1831 2645 2047 2700 vum-9m
2097 2650 2285 2706 ίηδυιδέ
2330 2654 2707 2723 Βεινὲὶεεηδίεν
2753 2663 3166 2729 Ρΐὶἓάίεδῑυΐυηῒ
3208 2671 3379 2738 pieta-

177 2735 632 2802 χρηματισμένον,
670 2738 728 2787 ἐν
761 2737 992 2807 Παρισίᾳ
1024 2738 1285 2811 λεγομένῃ
1315 2743 1380 2809 τῇ
1416 2742 1565 2793 πόλει
1588 2741 1734 2809 γίνε-

1727 2771 1734 2781 .
1828 2737 1977 2795 tem;
2032 2734 2144 2802 ipse
2191 2755 2317 2792 vero
2355 2741 2514 2796 simul
2546 2761 2667 2798 cum
2710 2746 2935 2804 Rustico
2974 2761 3026 2805 et
3069 2734 3377 2811 Eleutherio

172 2839 269 2873 ται
294 2861 307 2884 ,
345 2822 414 2884 ὡς
453 2824 510 2891 ἓν
548 2825 682 2891 μετά
719 2828 1020 2896 παρρησίας
1052 2830 1184 2897 αὐτῇ
1219 2829 1307 2880 τὸν
1341 2832 1438 2898 τῆς
1483 2830 1736 2900 ἀληθείας

1727 2849 1736 2891 τ
1825 2818 1998 2875 Gallia
2043 2825 2315 2897 Cisalpina
2360 2834 2580 2896 relicta,
2625 2853 2746 2891 cum
2799 2840 2897 2894 hoc
2930 2858 3247 2911 responsum
3279 2848 3377 2901 ha-

173 2913 334 2978 λόγον
398 2914 922 2984 ὲγκαταςπείραντι,
980 2917 1071 2968 καὶ
1119 2919 1208 2969 τὸν
1272 2921 1365 2972 τοῦ
1435 2921 1731 2991 μαρτυρίου

1725 2941 1731 2969 ,
1826 2910 2035 2966 buisset
2067 2917 2135 2970 ab
2166 2922 2392 2988 angelo,
2426 2926 2568 2978 venit
2603 2928 2654 2979 in
2684 2929 2953 2984 civitatem
2982 2971 2995 2995 ,
3023 2910 3151 3002 qua:
3179 2935 3375 2990 dicitur

175 3003 569 3075 ἀναδησαμένῳ
620 3008 914 3075 στέφανον,
971 3008 1102 3077 μετά
1160 3010 1466 3080 παρρησίας
1517 3013 1609 3062 καὶ
1656 3010 1734 3080 τῷ

1720 3011 1734 3064 ',
1825 2999 2048 3067 Parisii,
2085 3016 2141 3059 ut
2178 3025 2301 3062 cum
2331 3013 2384 3064 in
2413 3029 2474 3066 ea
2507 3019 2725 3070 verbum
2769 3022 3088 3076 seminasset
3128 3027 3370 3093 pietatis,

173 3094 483 3167 ἀγωνοθέτῃ
534 3099 884 3166 παραστῆναι·
929 3099 1045 3167 Θεῷ
1092 3100 1344 3169 γένηται,
1414 3101 1440 3150 ὃ
1503 3100 1564 3168 δὴ
1599 3102 1734 3154 ,τῶν

1720 3119 1734 3154 ,
1825 3095 1877 3140 et
1912 3090 2201 3148 redimitus
2249 3107 2394 3151 esset
2438 3115 2636 3155 corona
2680 3109 2960 3175 martyrii,
3006 3090 3143 3165 cum—
3178 3113 3370 3169 ﬁducia

173 3183 382 3250 ἐφετῶν
429 3186 572 3254 αὐτῴ
619 3187 678 3238 τὸ
723 3189 1016 3256 ἀκρότατον
1067 3208 1077 3219 ’
1135 3191 1224 3241 καὶ
1258 3190 1284 3240 ὃ
1321 3192 1408 3257 μοὶ
1460 3189 1657 3259 προῖὼν
1703 3191 1796 3250 6C

1719 3191 1796 3250 sc
1824 3178 2107 3237 sisteretur
2133 3200 2315 3240 coram
2343 3188 2448 3244 Deo
2473 3197 2810 3260 agonorheta,
2831 3201 2972 3267 quod
2987 3204 3233 3269 equidem
3249 3208 3298 3260 ei
3319 3208 3369 3260 in

172 3271 331 3339 λόγος
362 3274 663 3344 δηλώσειεν.

1823 3270 1962 3322 votis
1991 3282 2125 3338 erat,
2158 3285 2213 3328 et
2239 3277 2340 3330 hoc
2373 3281 2425 3332 in
2456 3287 2805 3350 sequentibus
2851 3305 3072 3345 narrare
3100 3303 3363 3364 satagam.

257 3364 344 3414 Ἐν
403 3365 577 3416 τοίνυν
637 3368 702 3434 τῇ
770 3365 999 3435 “apt:ng
1046 3370 1217 3438 ταύτῃ
1265 3368 1586 3437 γενόμενος,
1639 3369 1728 3420 καὶ
1890 3357 1907 3410 (

1721 3387 1728 3418 ι
1890 3357 2024 3412 Cum
2069 3377 2196 3433 ergo
2245 3369 2479 3423 venisset
2521 3373 2586 3426 ad
2627 3375 2765 3428 hanc
2802 3376 3133 3434 Parisiorum
3183 3388 3371 3440 civua-

167 3452 353 3520 πλήρη
390 3454 488 3521 τὴν
523 3454 673 3505 πόλιν
735 3456 987 3518 ἀπιστίας
1019 3456 1228 3526 εὑρὼν,
1265 3447 1446 3510 κάλλει
1496 3459 1592 3527 μὲν
1637 3459 1728 3511 καὶ

1720 3477 1728 3510 ι
1823 3454 1926 3500 tem
1951 3489 1964 3511 ,
2010 3459 2062 3504 et
2089 3468 2206 3506 eam
2240 3455 2532 3514 invenisset
2565 3462 2775 3531 plenam
2803 3467 3180 3526 incredulitate
3206 3489 3222 3541 ;
3253 3491 3370 3544 qua

171 3542 398 3608 μεγέθει
434 3541 521 3595 καὶ
558 3543 744 3612 πλήθει
779 3545 886 3595 τῶν
918 3549 972 3597 ἐν
1007 3547 1138 3614 αὐτῇ
1175 3547 1304 3598 πολύ
1339 3565 1390 3598 τι
1422 3547 1528 3599 τ’ῶν
1563 3549 1728 3615 μεγά-
1820 3567 1821 3574 ‘

1719 3575 1728 3587 .
1820 3551 2005 3591 eorum
2054 3544 2302 3608 quidem,
2344 3565 2463 3615 quae
2503 3553 2555 3605 in
2597 3554 2711 3622 ipsa
2745 3567 2937 3622 erant,
2970 3541 3369 3630 pulchritudine

169 3629 280 3682 λων
314 3633 516 3685 πόλεων
548 3635 974 3706 ἀπολειπομένην
999 3653 1010 3664 ·
1051 3642 1117 3704 τῇ
1156 3637 1209 3688 δὲ
1243 3639 1460 3708 ἀσεϐείᾳ
1491 3639 1726 3709 τοσούτῳ

1718 3660 1726 3688 ,
1819 3636 1874 3682 et
1913 3633 2230 3686 excellentia
2276 3639 2588 3696 civitatibus
2632 3649 2841 3714 magnis
2883 3629 3000 3703 erat
3040 3653 3197 3721 longe
3234 3656 3368 3712 infe-

167 3719 360 3772 πασῶν
393 3721 731 3788 κρατοῦσαν,
766 3724 874 3792 ὅσῳ
925 3725 1054 3794 μηδὲ
1101 3743 1250 3798 παρα
1287 3728 1430 3780 αλεῖν
1475 3729 1727 3784 δύνασθαι

1712 3749 1727 3784 ι
1821 3721 1951 3785 rior,
1989 3726 2260 3793 impietate
2287 3740 2462 3785 autem
2495 3735 2628 3790 adeo
2658 3749 2773 3792 erat
2803 3743 3056 3797 omnibus
3090 3749 3359 3814 superior,

167 3811 401 3879 ἀπηνέσι
433 3828 490 3862 τε
538 3813 796 3866 πάντοθεν
829 3807 1236 3887 ἀπειλημμένην
1279 3821 1582 3888 οἰκήτορσι,
1633 3821 1724 3876 καὶ

1716 3836 1724 3869 ι
1821 3819 1880 3864 ut
1925 3829 1992 3866 ne
2041 3828 2261 3882 possent
2297 3822 2512 3888 quidem
2553 3813 2674 3879 cum
2718 3844 2778 3882 ea
2823 3833 3102 3898 conferre,
3133 3838 3366 3907 undique

166 3900 358 3966 ὥσπερ
403 3900 508 3951 τινὶ
565 3902 748 3970 τειχίῳ
813 3906 1324 3974 περιπεφραγμένην
1374 3905 1605 3976 ἰσχυρῶς
1652 3911 1718 3980 τῇ

1713 3913 1718 3979 ι
1818 3901 1887 3954 ab
1916 3902 2243 3962 immanibus
2277 3925 2536 3981 occupata
2570 3915 2997 3987 habitatoribus,
3031 3933 3083 3980 et
3111 3900 3363 3996 tanquam

164 3990 390 4041 ἐκείνων
441 3992 713 4062 ὠμότητι,
771 3996 861 4047 καὶ
925 3996 1124 4065 ταύτην
1188 3996 1300 4047 ἀντ’
1361 3995 1519 4050 ἄλλον
1577 3999 1719 4062 τινὸς

1714 4019 1719 4059 ;
1817 3994 1958 4047 vallo
1992 3997 2173 4066 aliquo
2209 4000 2365 4056 valde
2411 4007 2615 4059 munita
2662 4008 2875 4063 illorum
2919 4014 3265 4081 crudelitate,
3312 4031 3364 4074 et

163 4076 533 4149 φυλακτηρίου
587 4083 938 4152 προΐσχουσαν
973 4100 986 4112 ·
1040 4083 1210 4147 ἄλλως
1272 4101 1331 4137 τε
1390 4086 1446 4138 δὲ
1496 4088 1587 4139 καὶ
1639 4089 1719 4141 ὄντι

1709 4106 1719 4141 ι
1814 4098 1932 4137 eam
1966 4102 2270 4157 Opponens,
2306 4101 2560 4163 tanquam
2595 4098 2810 4168 aliquod
2854 4103 2998 4156 aliud
3034 4076 3359 4174 pmsidium.

157 4166 302 4236 πρὸς
336 4169 557 4240 καρπῶν
601 4172 848 4224 ἁπάντων
895 4172 1065 4243 φορὰν
1096 4175 1314 4244 γόνιμος
1345 4172 1413 4245 ἦν
1461 4179 1493 4245 ἡ
1526 4176 1678 4240 πόλις
1699 4216 1714 4240 ι

1712 4220 1714 4233 _
1814 4173 1964 4227 Adde
2005 4177 2151 4244 quod
2190 4193 2312 4232 cum
2359 4185 2599 4238 omnium
2642 4166 2914 4244 fructuum
2959 4166 3103 4249 esset
3142 4195 3362 4255 fertilis-

160 4257 258 4308 καὶ
292 4262 403 4321 τοῖς
437 4260 731 4330 φιλοτίμοις
765 4264 925 4315 πᾶσιν
959 4264 1250 4335 εὐθηνοῦσα
1285 4267 1374 4319 καὶ
1407 4270 1712 4338 περιττοῖς,

1705 4314 1712 4336 _
1812 4266 1984 4329 sima,
2016 4279 2068 4322 et
2095 4271 2392 4328 abundaret
2422 4279 2653 4332 maxima
2683 4297 2862 4336 rerum
2894 4287 3131 4341 omnium
3171 4293 3355 4360 copia,

157 4345 189 4396 ὃ
238 4349 331 4400 καὶ
379 4350 572 4419 μᾶλλον
603 4352 727 4414 τοὺς
760 4352 982 4418 πολίτας
1018 4358 1232 4428 ἤλειφεν
1267 4361 1344 4418 εις
1377 4357 1570 4412 κακίαν
1605 4375 1620 4389 ⁸
1656 4362 1714 4413 ὲν

1711 4376 1714 4400 ν
1812 4353 1956 4409 cives
1996 4373 2124 4414 suos
2167 4365 2335 4433 magis
2380 4367 2638 4423 incitabat
2674 4373 2738 4426 ad
2781 4375 2928 4430 vitia.
2959 4375 3094 4432 Cum
3132 4380 3186 4434 in
3223 4383 3361 4437 hanc

157 4439 297 4507 αὐτῇ
330 4439 502 4491 τοίνυν
545 4441 712 4504 οὕτως
754 4444 947 4516 ἐχούσῃ
991 4447 1306 4515 γενόμενος,
1343 4447 1552 4517 περιῄει
1597 4449 1703 4502 ἀνεο
1745 4507 1784 4542 n

1745 4507 1784 4542 ῃ
1810 4462 1940 4515 ergo
1978 4451 2054 4504 sic
2095 4453 2333 4508 aﬂ'ectam
2375 4460 2608 4515 venisset
2658 4464 2963 4528 civitatem.
3006 4471 3188 4526 obibat
3233 4490 3355 4542 per-

157 4527 386 4596 ρευνῶν,
413 4529 587 4580 εἵπου
620 4530 736 4582 τινά
771 4532 902 4601 πρὸς
929 4534 1150 4601 ἡσυχίαν
1181 4533 1325 4604 εὖροι
1356 4537 1516 4589 τόπον
1536 4537 1710 4609 ἑαυτῷ
1743 4507 1784 4559 D

159 4614 422 4632 ,_._.,,
547 4616 756 4632 η...
866 4617 997 4632 ...
1109 4618 1120 4632 .
1442 4623 1455 4632 .
1618 4625 1628 4632 .

1873 4507 1901 4515 ν
2307 4507 2329 4508 ρ
2388 4507 2608 4515 .-___----
2660 4507 2963 4528 -.......-....
3007 4507 3188 4526 υυωαι
3233 4507 3356 4542 pr..-

1743 4507 1784 4559 D
1811 4549 2060 4598 scwtans
2089 4544 2133 4596 si
2172 4561 2328 4608 quem
2370 4549 2541 4603 locum
2579 4563 2758 4620 aptum
2799 4558 3063 4614 inveniret
3101 4563 3165 4616 ad
3205 4567 3360 4632 quie-

151 4614 480 4684 ἐπιτήδειον.
546 4616 649 4667 Καὶ
711 4618 772 4687 δὴ
832 4618 922 4670 τὸν
967 4617 1286 4690 ζητούμενον
1331 4623 1504 4692 τυχὼν
1550 4625 1704 4687 ναὸν,

151 4704 318 4728 -.⁸ΩΪ.-
352 4704 420 4728 Α.-
454 4705 482 4728 ,1.
517 4704 732 4728 ἓ.(......--
769 4703 870 4728 -7“-
951 4708 1016 4728 ,_\
1059 4712 1136 4728 -0,"
1176 4713 1186 4728 ο
1272 4713 1343 4728 ηις
1461 4714 1472 4728 ι
1564 4715 1611 4728 ιιι

1703 4669 1704 4677 χ
1808 4637 1936 4686 tem.
1980 4633 2130 4696 Quod
2173 4645 2348 4690 autem
2388 4643 2658 4709 quaerebat
2695 4632 3049 4716 consecutus,
3085 4668 3187 4728 pro
3224 4656 3353 4708 viri-

149 4704 318 4766 εὐθὺς
349 4704 420 4767 ὡς
454 4705 485 4774 ἠ
513 4704 733 4774 δύναμις
765 4703 894 4776 εἶχε,
927 4708 1022 4762 καὶ
1053 4712 1139 4762 οἱα
1172 4713 1228 4763 ὲν
1260 4713 1511 4783 ἀλλοτρίᾳ
1559 4715 1704 4779 ξένος

1699 4733 1704 4773 :
1809 4719 1910 4775 bus
1943 4725 2126 4777 statim
2162 4703 2419 4798 templum
2456 4732 2683 4787 habuit:
2717 4744 2768 4789 et
2803 4745 2858 4788 ut
2899 4741 2991 4806 qui
3034 4703 3116 4793 in!
3133 4745 3349 4813 regione

146 4792 230 4845 ῶν
265 4797 465 4857 ἐκεῖνος
498 4798 586 4847 καὶ
619 4797 818 4865 ἔπηλυς
841 4839 854 4861 ,
890 4799 979 4853 καὶ
1012 4800 1235 4864 πολλοὺς
1279 4803 1414 4872 ἔχων
1445 4807 1570 4868 τοὺς
1613 4807 1704 4858 ἀν-

2272 4792 2289 4798 .-
2917 4792 2929 4806 l
2985 4792 2988 4793 '
3076 4792 3086 4793 ί
3135 4792 3348 4813 -”σ·⁷““”

1698 4835 1704 4844 ›
1807 4812 1978 4865 aliena
2010 4825 2150 4869 esset
2186 4818 2381 4886 hospes
2411 4828 2464 4872 et
2508 4823 2745 4884 advena,
2793 4835 2844 4880 et
2884 4830 3082 4884 multos
3129 4832 3348 4889 haberet

142 4882 491 4950 τικειμένους
523 4884 607 4936 διὰ
638 4886 698 4939 τὸ
743 4889 1076 4958 ἐτερόδοξον,
1111 4893 1374 4963 ἀνεγείρει
1422 4895 1700 4966 εὐκτήριον

1696 4914 1700 4938 ι
1805 4901 2060 4958 adversos
2111 4917 2329 4976 propter
2379 4907 2745 4969 diversitatem
2795 4917 3100 4990 opinionis,
3150 4924 3346 4978 excitat

144 4971 246 5023 καὶ
299 4970 451 5032 ναὸν,
503 4974 820 5044 αὐτόχρημα
877 4980 1144 5048 σωτηρίαν
1186 4981 1386 5050 ψυχῶν.
1440 4984 1698 5053 Πὰμπολυ

2112 4970 2126 4974 -
2215 4970 2224 4976 .
2832 4970 2859 4990 τ
2913 4970 2916 4971 ν
2958 4970 3062 4975 η---
3086 4970 3100 4984 ,
3155 4970 3344 4978 -__.-__

1694 5009 1698 5030 ν
1803 4995 2097 5048 oratorium
2131 5005 2183 5049 et
2214 4999 2466 5066 templum
2491 5043 2506 5066 ,
2541 5004 2683 5071 quod
2715 5007 2872 5074 plane
2902 5017 3015 5062 erat
3045 5012 3191 5066 salus
3229 5015 3344 5067 ani-

140 5062 260 5130 γὰρ
292 5077 345 5113 τι
377 5060 573 5129 πλῆθος
606 5063 866 5116 θεοσεὸῶν
912 5070 968 5119 ἐν
1011 5068 1182 5138 τούτῳ
1217 5070 1567 5138 συναγαγὼν,
1604 5075 1697 5127 καὶ

1688 5092 1697 5127 '.
1803 5097 2030 5137 marum.
2072 5084 2204 5138 Nam
2239 5103 2358 5141 eum
2392 5077 2674 5146 maximam
2707 5098 2916 5164 piorum
2949 5101 3338 5158 multitudinem

143 5153 316 5214 θύτας
350 5153 614 5222 καθαροὺς
643 5153 722 5223 τῷ
764 5155 880 5224 Θεῷ
921 5159 1431 5228 παραστησάμενος,
1467 5164 1694 5234 ποίμνην

1691 5183 1694 5207 ι
1802 5173 1857 5226 in
1904 5188 1967 5226 eo
2016 5188 2428 5246 congregasset,
2479 5192 2530 5236 et
2576 5199 2740 5252 puros
2793 5189 3186 5247 sacriﬁcatores
3236 5192 3341 5250 Deo

141 5244 328 5310 ἁγίαν,
363 5244 438 5306 ὡς
469 5247 656 5309 εἰπεῖν,
690 5246 778 5298 τὸν
811 5248 933 5299 ναὸν
982 5250 1364 5318 ἀπειργάσατο,
1399 5245 1464 5322 ἦς
1496 5256 1693 5325 ποιμὴν

1688 5275 1693 5296 ι
1800 5244 2172 5328 exhibuisset,
2213 5244 2461 5323 sanctum
2517 5244 2763 5341 gregem,
2817 5287 2874 5329 ut
2917 5281 3082 5334 semel
3126 5283 3338 5346 dicam,

138 5332 298 5396 οὗτος
333 5337 388 5388 οὑ
427 5337 690 5404 μισθωτός
723 5355 736 5368 ·
773 5339 947 5392 πάντα
976 5340 1063 5391 τὸν
1097 5341 1319 5412 ἀπιστίᾳ
1351 5342 1692 5412 πλανώμενον

1691 5366 1692 5378 ι
1802 5353 2055 5422 templum
2088 5357 2286 5424 eiiicit;
2322 5361 2480 5428 cujus
2523 5364 2636 5433 ipse
2666 5375 2780 5419 erat
2825 5379 3006 5437 pastor
3048 5387 3153 5424 non
3201 5389 3341 5429 mer-

137 5427 208 5492 τῇ
264 5428 361 5493 τῆς
412 5425 665 5493 ἀληθείας
716 5429 930 5498 σύριγγι
973 5430 1106 5499 πρὸς
1157 5433 1333 5484 πίστιν
1394 5434 1689 5486 ἀνακαλού-

1686 5465 1689 5473 ν
1798 5443 2092 5518 cenarius':
2145 5425 2472 5516 quemlibet,
2524 5425 2616 5522 qui
2668 5425 2883 5510 errabat
2933 5459 3336 5531 incredulitate,

143 5531 338 5583 μενος,
387 5516 479 5570 καὶ
511 5517 635 5577 τοὺς
683 5519 782 5585 μὲν
824 5524 889 5588 τῇ
924 5521 1096 5592 πλάνῃ
1129 5523 1410 5576 νοσοῦντας
1443 5530 1551 5586 τοῖς
1581 5541 1687 5576 σω·

1798 5516 2060 5585 veritatis
2081 5532 2258 5588 ﬁstula
2299 5537 2366 5589 ad
2403 5516 2562 5593 ﬁdem
2594 5557 2882 5605 revocans,
2916 5553 2969 5598 et
3000 5561 3094 5601 eos
3122 5549 3214 5616 qui
3252 5516 3338 5604 er:-

135 5603 434 5671 τηριώδεσι
481 5605 588 5657 τῶν
634 5605 860 5675 Γραφῶν
905 5614 1208 5680 φαρμάκοις
1257 5611 1510 5682 ἰώμενος,
1561 5614 1685 5679 τοὺς

1799 5635 1920 5675 rore
1953 5624 2312 5690 egrotabant,
2343 5642 2541 5683 curans
2572 5633 2899 5688 salutaribus
2933 5636 3336 5694 medicamentis

136 5695 192 5746 δὲ
227 5693 321 5766 ἤδη
359 5697 846 5764 συντετριμμένους
877 5701 940 5767 τῇ
973 5699 1282 5770 διδασκαλίᾳ
1314 5702 1663 5772 καταδεσμῶν

1800 5710 2198 5781 Scripturarum
2227 5737 2240 5771 :
2271 5734 2366 5774 eos
2395 5731 2572 5776 autem
2592 5763 2606 5787 ,
2639 5724 2728 5792 qui
2755 5725 2866 5792 jam
2901 5737 3055 5781 erant
3081 5733 3296 5785 contriti
3316 5773 3331 5795 ,
