4178 6316
755 337 890 401 1015

2033 353 2316 414 MENSIS
2358 353 2725 421 OCTOBER.

3865 353 3993 420 1016

753 451 934 505 socios
966 450 1154 522 ingrati
1195 455 1358 509 animi
1391 459 1640 526 crimine,
1673 476 1849 532 neque
1871 475 2117 519 nostrum
2148 466 2318 520 bene-

2442 487 2577 540 ῖερον
2604 470 2902 543 εὐεργέτην
2929 476 3022 525 καὶ
3052 470 3229 542 ἀληθῆ
3250 470 3382 525 Θεὸν
3409 469 3784 542 ἀρνησόμεθα.
3826 467 3920 522 .Τά
3941 469 3996 522 δὲ

755 543 1017 600 factorem
1076 557 1130 602 et
1201 563 1388 605 verum
1438 551 1609 606 Deum
1661 569 1783 609 esse
1827 563 2135 626 negaturos.
2186 555 2318 622 Quae

755 645 938 691 autem
975 654 1002 691 a
1042 650 1094 694 te
1144 641 1518 710 proferuntur,
1589 661 1622 700 ο
1677 646 1995 716 imperator,
2045 649 2160 702 sive
2209 648 2318 702 sint

752 732 916 797 bona,
946 733 1058 786 sive
1093 734 1345 800 difﬁcilia,
1382 746 1436 791 et
1467 738 1547 791 vel
1576 739 1744 807 ipsam
1793 750 2021 802 mortem
2076 739 2317 794 inferen-

752 823 846 886 tia,
895 835 1020 879 sunt
1056 842 1206 895 aeque
1248 844 1275 881 a
1319 829 1475 884 nobis
1529 840 1752 900 propter
1803 831 2078 888 Christum
2140 831 2318 901 despi-

753 915 969 980 cienda,
1003 926 1056 971 et
1086 933 1114 971 a
1151 919 1310 974 nobis
1342 935 1448 975 non
1474 924 1712 977 curanda

824 1005 955 1062 VIII.
1013 1008 1107 1061 His
1146 1010 1282 1064 adeo
1329 1020 1632 1080 Opportune
1691 1022 1749 1068 et
1790 1015 2030 1085 jucunde
2087 1017 2247 1070 dictis
2289 1032 2320 1072 a

659 1181 663 1188 _
753 1100 1107 1170 martyribus.
1136 1100 1486 1158 Maximianus
1520 1106 1737 1174 quidem
1775 1105 1877 1160 fuit
1908 1107 1981 1161 ita
2031 1117 2210 1162 motus
2267 1117 2320 1162 et

752 1191 968 1245 volebat
997 1193 1190 1246 acerbe
1231 1195 1421 1262 punire
1442 1206 1680 1255 sanctos.
1727 1195 1934 1253 Rursus
1963 1210 2141 1253 autem
2193 1216 2320 1255 cun-

754 1282 1026 1346 ctabatur,
1097 1293 1151 1337 et
1199 1283 1486 1339 diIIerebat
1523 1286 1758 1355 aggredi,
1810 1289 2104 1357 respiciens
2131 1305 2317 1344 eorum

751 1372 1127 1445 splendorem,
1154 1386 1205 1429 et
1234 1391 1346 1428 non
1375 1377 1561 1432 volens
1600 1379 1782 1432 talium
1839 1379 2080 1434 virorum
2145 1381 2322 1435 facere

752 1467 1039 1537 iacturam.
1076 1466 1378 1542 Verebatur
1407 1468 1583 1533 enim,
1617 1484 1686 1523 ne
1724 1470 1976 1534 cruciati,
2017 1486 2139 1524 cum
2183 1472 2324 1526 veri-

753 1568 921 1612 tatem
987 1558 1041 1611 in
1079 1559 1259 1612 medio
1304 1560 1600 1614 multorum
1642 1561 1815 1615 libere
1863 1571 2048 1616 essent
2097 1563 2318 1630 elocuti,

755 1651 953 1706 deinde
993 1662 1378 1720 permanerent
1404 1655 1630 1707 omnino
1655 1653 1978 1711 immobiles.
2002 1657 2109 1710 Eos
2143 1656 2322 1724 itaque

755 1745 944 1798 statuit
982 1745 1356 1799 transmittere
1379 1745 1444 1798 ad
1463 1745 1791 1800 Antiochum
1829 1747 2023 1802 ducem
2061 1748 2318 1809 Orientis,

756 1845 815 1888 ut
854 1835 943 1904 qui
979 1835 1245 1899 omnium,
1284 1835 1376 1905 qui
1411 1847 1567 1890 erant
1608 1837 1660 1890 in
1691 1837 1811 1906 ejus
1842 1846 2133 1908 potestate,
2181 1847 2326 1893 esset

755 1916 1198 1992 erudelissiinus,
1239 1936 1293 1982 et
1338 1929 1418 1986 vel
1447 1929 1562 1982 solo
1596 1932 1818 1984 nomine
1841 1939 2022 1998 posset
2067 1947 2162 1986 eos
2197 1947 2324 2001 per-

757 2026 965 2072 terrere
1001 2029 1094 2072 :et
1124 2019 1266 2088 quod
1303 2028 1526 2088 propter
1569 2021 1789 2088 majoris
1829 2021 2051 2075 honoris
2103 2021 2322 2076 deside—

758 2111 920 2170 rium,
961 2110 1048 2164 ille
1074 2105 1454 2164 Maximianum
1490 2112 1813 2166 observandi
1871 2126 2056 2166 curam
2110 2128 2325 2184 gerens,

758 2219 789 2257 ε
814 2202 976 2256 nullis
1009 2203 1304 2257 abstinebit
1336 2204 1623 2268 machinis,
1658 2220 1766 2273 quo
1809 2219 1903 2258 eos
1932 2215 2232 2274 oppugnet,
2273 2217 2330 2260 et

757 2297 823 2351 ad
857 2310 1008 2350 suam
1051 2299 1297 2351 traducat
1326 2298 1674 2350 sententiam.
1717 2294 1988 2350 Praeterea
2024 2306 2081 2351 ut
2111 2307 2165 2352 et
2211 2299 2330 2351 lon-

758 2402 889 2457 gum
926 2389 1028 2441 iter
1046 2387 1541 2457 etignominiosum
1584 2395 1691 2440 tam
1738 2385 2005 2440 intensam
2066 2389 2333 2443 relaxaret

759 2478 1149 2544 constantiam,
1187 2487 1241 2532 et
1263 2493 1357 2532 eos
1380 2478 1584 2533 sensim
1610 2493 1638 2531 a
1675 2479 1873 2548 pietate
1903 2479 2227 2541 dimoveret,
2276 2489 2332 2534 et

760 2572 996 2624 maxime
1017 2573 1159 2640 quod
1192 2570 1307 2640 ipse
1329 2587 1543 2641 quoque
1562 2572 1863 2626 Antiochus
1896 2583 2008 2626 erat
2051 2573 2128 2627 cis
2182 2577 2332 2644 prius

760 2665 1061 2734 subjectus,
1084 2665 1228 2731 apud
1258 2680 1418 2734 quem
1461 2664 1881 2726 erantsistendi,
1919 2678 1972 2719 et
2006 2681 2036 2718 a
2091 2682 2197 2735 quo
2245 2668 2336 2736 ju-

761 2755 997 2810 dicundi.
1028 2756 1082 2810 Id
1117 2757 1264 2810 enim
1317 2758 1549 2811 maxime
1611 2757 1779 2826 tangit
1830 2758 2071 2810 animum
2121 2773 2331 2823 eorum,

762 2849 855 2918 qui
888 2859 1016 2903 sunt
1047 2849 1275 2904 honesto
1301 2849 1420 2905 loco
1448 2850 1581 2912 nati,
1627 2849 1772 2918 quod
1825 2849 1913 2917 qui
1979 2849 2130 2918 prius
2178 2862 2337 2919 pare—

763 2942 928 3006 bant,
971 2937 1049 2996 eis
1093 2954 1275 3012 postea
1308 2944 1623 3012 imperent,
1681 2953 1737 2998 et
1769 2944 1850 2998 eis
1906 2952 2150 3006 utantur,
2214 2953 2334 2997 tan-

765 3050 929 3105 quam
958 3036 1242 3102 subjectis,
1270 3050 1378 3088 non
1403 3037 1572 3090 multo
1595 3045 1720 3092 ante
1759 3036 1972 3092 fuerant
2020 3051 2208 3089 eorum
2241 3035 2338 3089 do-

2353 1812 2399 1871 B

2421 566 2575 636 παρά
2608 566 2700 618 σοῦ
2735 565 3159 635 προτεινόμενα,
3195 563 3442 634 βασιλεῦ,
3470 565 3523 617 εἴ
3543 581 3602 617 τε
3647 561 3833 631 ἀγαθά
3863 556 3991 627 εἷεν,

2421 660 2531 712 εῐτε
2566 661 2662 711 καὶ
2689 659 2958 729 δυσχερῆ,
2993 657 3089 712 καὶ
3121 658 3281 711 αὐτὸν
3312 659 3586 725 ἐπάγοντα
3606 655 3993 718 θάνατον,ὲπί-

2422 767 2524 820 σης
2558 754 2693 821 ἡμῖν
2724 753 2944 805 ἅπαντα
2975 750 3262 822 παροπτέα
3289 749 3377 803 διὰ
3421 748 3656 820 Χριστὸν
3701 748 3799 800 καὶ
3836 763 3996 815 φρον-

2419 843 2566 906 τίδος
2601 844 2864 912 οὐδεμιᾶς
2899 843 3045 907 ἄξια.

2494 1022 2577 1075 H'.
2606 1021 2825 1075 Τούτων
2855 1023 3128 1091 εὐκαίρως
3155 1023 3296 1076 οὕτω
3326 1024 3419 1076 καὶ
3444 1022 3616 1092 ἡδέως
3641 1021 3756 1082 τοῖς
3791 1019 3999 1090 μάρτυ-

2425 1131 2507 1169 σιν
2563 1115 3074 1186 ὐπαγορευθέντων,
3125 1116 3153 1167 ὁ
3200 1116 3540 1186 Μαξιμιανὸς
3605 1101 3844 1166 ἐκινεῖτο
3902 1111 3998 1177 μὶν

2423 1209 2529 1262 ὑπὸ
2569 1210 2663 1261 τοῦ
2716 1209 2913 1276 θυμοῦ,
2961 1211 3056 1275 καὶ
3107 1209 3320 1278 πικρῶς
3361 1209 3600 1270 αίκίζειν
3631 1207 3757 1267 τούς
3809 1204 4000 1272 ἁγίους

2421 1299 2683 1368 ἠϐούλετο
2714 1315 2727 1329 ⁸
2769 1299 2931 1352 ὤκνει
2969 1301 3025 1353 δὲ
3069 1301 3234 1354 πάλιν
3264 1299 3362 1352 καὶ
3405 1298 3733 1352 ἀνεϐάλλετο
3765 1296 3870 1363 τὴν
3913 1296 4005 1358 ὲγο

2423 1393 2697 1463 χείρησιν,
2747 1392 2806 1444 τὸ
2842 1394 3147 1461 περιφανὲς
3205 1393 3386 1447 αὐτῶν
3441 1390 3866 1458 εὐλαϐούμενος,
3909 1386 4005 1438 καὶ

2423 1490 2520 1540 οὐκ
2575 1485 2777 1538 ἐθέλων
2824 1485 3035 1553 ἀνδρῶν
3086 1486 3346 1538 τοιούτων
3415 1484 3720 1552 ὑποστῆναι
3770 1480 4001 1547 ζημίαν.

2438 1573 2656 1630 Ἐδεδίει
2690 1580 2797 1646 γὰρ
2839 1577 2913 1646 μὴ
2946 1577 3041 1629 καὶ
3079 1576 3493 1645 τιμωρηθέντες
3551 1577 3650 1642 τὴν
3689 1572 3868 1642 ἀρχὴν
3907 1571 4005 1623 καὶ

2427 1672 2953 1742 παρῤησιασάμενοι
2982 1669 3225 1722 εὐσεϐῶν
3255 1672 3312 1722 ὲν
3344 1671 3495 1739 μέσῳ
3530 1668 3760 1729 πολλῶν,
3789 1663 3912 1719 εἶτα
3946 1665 4010 1716 τὸ

2428 1763 2696 1833 παράπαν
2733 1763 3064 1832 ἀμετάθετοι
3094 1762 3470 1830 διαμείνωσιν.
3504 1761 3728 1829 Ἀμέλει
3765 1761 3861 1812 καὶ
3884 1761 4009 1810 Ἀν-

2428 1853 2594 1922 τιόχῳ
2620 1851 2697 1921 τῷ
2727 1852 2826 1922 τῆς
2865 1851 3152 1922 Ἀνατολῆς
3173 1852 3327 1904 δουκὶ
3365 1852 3767 1922 παραπέμπειν
3802 1851 4010 1911 αὐτοὺς

2429 1945 2592 2014 ἔγνω,
2630 1945 2705 2007 ὡς
2738 1943 2803 1997 ἂν
2830 1943 3102 2014 ὠμοτάτῳ
3135 1943 3350 1996 πάντων
3385 1945 3490 1996 τῶν
3532 1942 3630 1995 ὐπ’
3658 1941 3828 1996 αὐτοῦ
3870 1941 4012 2001 δντι,

2431 2043 2525 2092 καὶ
2552 2039 2658 2092 ἀπὸ
2681 2037 2841 2107 ψιλοῦ
2867 2038 3012 2107 τάχα
3037 2036 3130 2088 καὶ
3172 2029 3265 2088 τοῦ
3291 2037 3580 2105 ὀνόματος,
3627 2034 4015 2101 καταπλήξειν

2431 2133 2631 2194 αὐτοὺς
2659 2131 2945 2199 δυναμένῳ
2974 2146 2987 2158 ’
3027 2130 3123 2182 καὶ
3156 2131 3237 2182 ὅτι
3268 2129 3356 2181 διὰ
3394 2125 3640 2196 μείζονος
3672 2129 3842 2196 τιμῆς
3887 2127 4010 2194 ἐφε-

2433 2239 2518 2275 σιν
2543 2224 2646 2293 τὴν
2671 2220 3021 2291 Μαειμιανοῦ
3057 2220 3367 2290 θεραπείαν
3407 2222 3616 2282 ἐκεῖνος
3664 2220 4015 2282 σπουδαζων,

2432 2316 2687 2382 οὐδεμιᾶς
2733 2314 2997 2381 ἀφέξεται
3062 2314 3334 2382 μηχανῆς,
3372 2315 3519 2376 ὅπως
3557 2313 3719 2375 αὐτὸς
3773 2311 3872 2381 ἕλῃ
3920 2313 4016 2365 καὶ

2436 2405 2806 2472 μεταπείσειε.
2831 2403 2974 2473 Πρὸς
2993 2402 3227 2468 τούτοις,
3244 2403 3329 2457 ἵνα
3350 2405 3444 2456 καὶ
3463 2406 3496 2474 ἡ
3528 2405 3712 2473 μακρά
3734 2404 4017 2470 ὁδοιπορῗο

2435 2499 2528 2551 καὶ
2569 2499 2761 2566 ἄτιμος
2814 2495 2912 2564 τῆς
2954 2495 3262 2556 ἐνστάσεως
3313 2496 3496 2556 αὐτοῖς
3553 2493 3879 2560 ὐποχαλάσῃ
3917 2494 4017 2560 τὴν

2436 2585 2704 2648 εὐτονίαν,
2726 2583 2844 2647 ,καὶ
2884 2583 3068 2652 ἠρέμα
3107 2586 3424 2654 μεταστήσῃ
3458 2586 3556 2652 τῆς
3579 2582 3886 2645 εὐσεϐείας,
3920 2582 4018 2634 καὶ

2441 2677 2676 2747 μάλιστα
2735 2677 2816 2728 ὅτι
2878 2677 2975 2729 καὶ
3013 2676 3116 2728 ὑπὸ
3143 2679 3296 2745 χεῖρα
3359 2678 3623 2745 πρότερον
3660 2676 3846 2737 αὐτοῖς
3893 2670 4018 2743 ﬁve

2449 2770 2718 2838 Ἀντίοχος
2746 2785 2758 2798 ·
2789 2761 2833 2836 ᾧ
2868 2770 2962 2821 καὶ
2995 2768 3344 2838 παραστῆναί
3373 2785 3432 2820 τε
3471 2770 3564 2821 καὶ
3592 2767 3682 2835 ὑφ’
3733 2763 3793 2820 οὐ
3824 2766 4017 2837 κριθή·

2441 2862 2630 2915 σεσθαι
2663 2860 2909 2929 ἔμελλον.
2953 2862 3020 2912 Ὀ
3058 2860 3122 2929 δὴ
3154 2861 3246 2912 καὶ
3284 2859 3444 2911 πλέον
3475 2860 3571 2931 τῆς
3622 2859 3731 2911 τῶν
3766 2855 3824 2911 εὖ
3859 2875 4016 2926 γεγο-

2438 2954 2604 3006 νότων
2633 2954 2809 3023 ψυχῆς
2842 2952 3094 3018 ἅπτεται,
3136 2954 3197 3006 τὸ
3226 2953 3354 3015 τούς
3383 2957 3648 3022 πρότερον
3668 2953 4019 3022 ἀρχομένους

2440 3045 2630 3115 ἄρχειν
2667 3063 2723 3097 τε
2752 3047 2932 3097 αὐτῶν
2962 3047 3190 3114 ὕστερον
3223 3046 3317 3097 καὶ
3339 3046 3597 3115 ὑπηκόοις
3630 3044 3873 3114 χρῆσθαι
3908 3047 4020 3106 τοῖς

766 3127 901 3181 mini
934 3137 991 3181 et
1030 3128 1426 3183 benefactores.
1475 3129 1816 3183 Consecutus
1867 3143 2100 3197 namque
2161 3126 2337 3181 fuerat

2442 3141 2499 3192 οὐ
2540 3138 2643 3206 πρὸ
2685 3138 2883 3191 πολλοῦ
2918 3137 3206 3199 δεσπόταις
3243 3137 3423 3189 αὐτῶν
3447 3137 3539 3188 καὶ
3567 3138 3894 3204 εὐεργέταις
3926 3152 4023 3204 γε’

765 3217 915 3271 hunc
937 3218 1168 3271 ducatus
1205 3220 1577 3287 magistratum
1609 3219 1912 3273 Antiochus
1956 3220 2127 3289 ipsius
2163 3219 2336 3279 admi-

766 3311 954 3364 rabilis
986 3311 1163 3382 Sergii
1204 3312 1621 3368 intercessione.
1662 3311 1767 3367 Sed
1802 3327 1988 3368 revera
2018 3313 2152 3366 nihil
2187 3312 2339 3366 vide-

767 3411 862 3456 tur
905 3412 1012 3456 tam
1061 3403 1218 3458 facile
1261 3419 1620 3470 marcescere,
1678 3415 1841 3475 atque
1891 3405 2218 3460 beneﬁcium
2286 3404 2338 3458 iu

769 3496 957 3551 animo
995 3497 1205 3569 ingrato
1229 3498 1552 3566 plantatum.
1582 3497 1632 3552 Is
1659 3498 1805 3552 enim
1834 3514 1940 3550 non
1967 3499 2141 3552 solum
2173 3511 2340 3566 appa-

773 3591 887 3646 ruit
906 3591 1123 3645 tninime
1147 3606 1271 3646 esse
1295 3590 1610 3644 recordatus
1638 3588 1910 3650 beneﬁcii,
1951 3597 2010 3643 ut
2043 3590 2344 3656 procedens

775 3684 1028 3738 ostendet
1087 3684 1293 3750 oratio;
1353 3684 1446 3736 sed
1502 3682 1725 3752 perinde
1766 3697 1830 3736 ac
1872 3682 1940 3735 ab
1993 3681 2098 3734 illis
2131 3696 2341 3735 summa

772 3771 1004 3828 allectus
1029 3773 1250 3842 injuria,
1283 3788 1377 3827 eos
1410 3773 1677 3835 tractavit,
1708 3782 1764 3826 et
1803 3771 1880 3825 eis
1923 3773 2104 3840 gravia
2147 3773 2338 3825 intulit

773 3864 1060 3934 supplicia.
1137 3865 1314 3934 Atque
1366 3865 1726 3920 mittebantur
1802 3863 2020 3934 quidem
2084 3865 2150 3919 ad
2221 3879 2343 3917 eum

774 3962 973 4022 sancti,
1009 3959 1178 4013 vincti
1207 3959 1353 4028 gravi
1382 3969 1594 4014 catena.
1625 3959 1703 4010 Ad
1744 3972 1870 4011 eum
1921 3967 2104 4011 autem
2145 3959 2344 4026 scripta

775 4065 892 4111 erat
932 4054 1094 4107 etiam
1122 4054 1352 4124 epistola
1386 4055 1452 4106 ab
1482 4053 1827 4120 imperatore,
1871 4066 1991 4120 qua
2048 4051 2128 4104 sic
2176 4052 2344 4105 habe-

776 4144 872 4198 bat
909 4164 919 4197 :
950 4142 1180 4198 Deorum
1214 4144 1446 4196 maxima
1489 4140 1826 4211 providentia
1881 4155 2072 4194 omnes
2127 4141 2346 4209 quidem

777 4233 1057 4293 homines,
1099 4232 1331 4285 maxime
1379 4242 1559 4286 autem
1602 4230 1706 4285 mei
1747 4230 1956 4300 imperii
1998 4230 2255 4285 satellites
2290 4240 2349 4285 et

777 4324 1089 4395 stipatores,
1125 4323 1178 4376 in
1211 4323 1330 4378 illos
1377 4337 1496 4378 esse
1535 4322 1672 4392 pios,
1721 4331 1774 4374 et
1824 4321 1887 4375 iis
1942 4337 2154 4388 rursus,
2213 4338 2350 4392 quos

780 4417 1068 4485 illidignos
1097 4425 1432 4469 censuerunt
1457 4414 1708 4483 imperio,
1741 4412 1854 4466 vult
1884 4413 2133 4479 obedire,
2194 4423 2248 4468 et
2294 4416 2349 4468 in

2443 3234 2782 3301 γενημένοις.
2829 3231 3124 3301 Ἐτύγχανε
3159 3235 3267 3300 γὰρ
3295 3232 3392 3302 τὴν
3419 3233 3671 3298 τοιαύτην
3703 3230 3797 3282 τοῦ
3832 3230 4022 3292 δουκδς

2440 3324 2614 3394 ἀρχὴν
2646 3325 2673 3376 ὁ
2717 3323 2988 3394 Ἀντίοχος
3015 3324 3266 3394 μεσιτείᾳ
3289 3324 3553 3393 πρότερον
3577 3322 3673 3374 τοῦ
3700 3319 4022 3390 θαυμαστοῦ

2443 3417 2668 3486 Σεργίου
2728 3415 3102 3485 παρειληφώς.
3170 3414 3313 3466 Ἀλλ’
3368 3415 3545 3466 ἔοικεν
3596 3413 3817 3483 ἀληθῶς
3874 3413 4024 3464 οὐδὲν

2442 3509 2616 3571 οὕτως
2652 3507 2997 3576 εὐμάραντον
3059 3501 3222 3564 εἶναι,
3275 3504 3350 3565 ὼς
3407 3504 3724 3573 ἀνθρωπίνη
3782 3507 3947 3571 χάρις
3973 3504 4027 3553 ἐν

2445 3601 2719 3671 ἀχαρίστῳ
2748 3600 2893 3673 ψυχῇ
2936 3595 3284 3664 φυτευθεῖσα.
3310 3590 3477 3657 Οὗτος
3512 3598 3619 3663 γὰρ
3647 3594 3803 3646 οὐδὲν
3838 3597 4028 3662 ἀπομ-

2448 3692 2785 3763 νημονεύσας
2828 3691 2988 3761 μόνον
3021 3691 3204 3752 αὐτοῖς
3232 3692 3327 3758 τῆς
3358 3688 3677 3757 εὐεργεσίας
3718 3688 3925 3755 ὲςςάνη,
3953 3686 4029 3749 ὡς

2447 3786 2514 3839 τὰ
2550 3785 2642 3836 τοῦ
2678 3784 2837 3850 λόγου
2866 3783 3126 3851 προϊόντα
3176 3781 3426 3848 δηλώσει,
3481 3781 3616 3831 ἀλλά
3639 3779 3931 3849 ¹καθάπερ
3964 3781 4030 3831 τὰ

2447 3878 2651 3948 ἔσχατα
2685 3874 2778 3928 ὐπ’
2804 3874 3028 3927 ἐκείνων
3061 3873 3360 3942 ἀδικηθεὶς,
3408 3869 3584 3932 οὕτως
3638 3870 3828 3931 αὐτοῖς
3863 3872 4033 3938 ὲχρήο

2449 3989 2578 4024 σατο
2597 3990 2612 4004 ·
2646 3970 2740 4023 καὶ
2765 3967 2905 4021 οὕτω
2946 3964 3186 4038 χαλεπὰς
3215 3967 3458 4045 ὲπῄγαγε
3484 3963 3781 4033 τιμωρίας.
3827 3961 4034 4030 Ἐπὲμ-

2449 4080 2610 4116 ποντο
2648 4064 2747 4131 μὲν
2785 4057 2877 4114 οὖν
2913 4063 2963 4113 ot
2996 4061 3142 4127 ἀγιοι
3184 4057 3318 4128 πρὸς
3359 4057 3539 4117 αὐτὸν,
3589 4056 3779 4128 ἁλύσει
3832 4055 4031 4125 βαρείᾳ

2447 4155 2743 4222 δεδεμένοι.
2830 4151 3259 4222 Ἐγέγραπτοηδὲ
3283 4148 3430 4218 αὐτῷ
3458 4147 3550 4199 καὶ
3582 4146 3846 4212 ἐπιστολὴ
3885 4147 4031 4212 παρὰ

2452 4243 2713 4314 βασιλέως
2776 4242 2971 4312 ἔχουσα
3025 4241 3195 4302 οὕτως
3240 4234 3369 4293 ·’Ἢ
3425 4240 3534 4293 τῶν
3605 4237 3746 4290 θεῶν
3798 4237 4033 4306 μεγίστη

2452 4337 2700 4403 πρόνοια.
2744 4337 2837 4386 καὶ
2895 4333 3103 4394 πάντας
3157 4331 3256 4399 μὲν
3316 4331 3660 4400 ἀνθρώπους,
3702 4330 3951 4398 μάλιστα
3984 4329 4034 4381 δὲ

2451 4426 2577 4486 τούς
2606 4427 2702 4493 τῆς
2737 4427 2888 4493 ἐμῆς
2921 4423 3197 4493 βασιλείας
3249 4422 3599 4484 ὑπασπιστάς
3638 4437 3697 4472 τε
3748 4421 3847 4474 καί
3879 4420 4036 4490 δορυ-

779 4525 876 4565 eos
909 4523 1027 4563 esse
1055 4518 1208 4577 grato
1239 4507 1440 4562 animo.
1472 4507 1760 4575 Pr0pterea
1795 4505 1961 4560 hunc
1989 4505 2237 4575 Sergium
2293 4517 2339 4561 et

2455 4521 2673 4586 φόρους,
2720 4515 2964 4572 εὐσεϐεῖς
3003 4531 3063 4567 τε
3112 4516 3178 4566 τά
3209 4516 3286 4575 είς
3343 4517 3587 4576 ἐκείνους
3641 4512 3736 4564 καὶ
3782 4516 3898 4573 τοῖς
3943 4509 4032 4563 ὐπ’

778 4601 1075 4659 Bacchum,
1106 4600 1197 4668 qui
1225 4599 1277 4651 in
1304 4601 1435 4654 deos
1489 4598 1708 4667 quidem
1749 4611 2115 4670 apparuerunt
2174 4598 2345 4667 impii,

779 4703 836 4750 et
867 4708 925 4748 se
945 4690 1380 4746 Christianorum
1432 4689 1745 4756 adjunxisse
1786 4690 2051 4758 religioni,
2111 4690 2346 4744 convicti

782 4798 912 4842 sunt
947 4795 1127 4840 autem
1180 4782 1422 4838 criminis
1453 4782 1644 4852 ingrati
1679 4784 1733 4835 in
1764 4797 1849 4836 me
1886 4781 2072 4846 animi,
2127 4794 2182 4835 et
2238 4785 2347 4851 jam

782 4891 973 4936 nostro
1012 4878 1294 4940 tribunali,
1335 4885 1390 4930 et
1426 4885 1610 4930 nostra
1675 4874 2078 4930 examinatione
2124 4874 2350 4943 judicati

782 4981 911 5027 sunt
946 4971 1171 5038 indigni,
1211 4970 1312 5023 sub
1353 4966 1616 5022 tutissima
1649 4966 1891 5019 custodia
1933 4977 1987 5020 et
2030 4965 2262 5018 vinculis
2283 4965 2349 5018 ad

783 5076 931 5120 tuam
972 5063 1369 5117 transmisimus
1397 5061 1780 5115 constantiam.
1826 5058 1880 5110 Si
1912 5073 2041 5128 ergo
2075 5059 2348 5127 poeniten-

785 5156 861 5210 tia
919 5154 1068 5208 ducti
1124 5153 1228 5207 diis
1279 5152 1752 5213 sacriﬁcaverint,
1824 5149 2103 5203 solvantur
2149 5152 2216 5204 ab
2271 5149 2351 5203 eis

785 5247 1058 5318 impositis
1098 5247 1352 5302 vinculis.
1387 5254 1439 5298 et
1468 5244 1616 5313 digni
1648 5252 1977 5299 censeantur
2030 5242 2236 5296 honore
2299 5252 2354 5297 et

784 5340 1190 5398 benevolentia.
1225 5337 1643 5393 Revocabuntur
1669 5337 1812 5388 enim
1848 5350 2036 5388 rursus
2070 5350 2099 5387 a
2169 5345 2355 5388 nostra

786 5434 1027 5504 potentia
1056 5475 1068 5494 ,
1104 5431 1474 5499 recipientque
1506 5428 1714 5498 priores
1760 5427 1996 5480 honores
2019 5470 2031 5491 ,
2067 5435 2158 5479 aut
2191 5427 2355 5479 etiam

787 5527 1044 5594 majores,
1077 5531 1347 5592 eruntque
1377 5523 1633 5590 deinceps
1689 5519 1742 5573 in
1778 5519 1897 5573 loco
1936 5532 1989 5572 ct
2030 5519 2223 5572 ordine
2277 5518 2357 5571 eis

791 5617 1163 5674 convenienti.
1200 5616 1295 5670 Sin
1327 5623 1508 5667 autem
1547 5611 1898 5667 immobiliter
1918 5611 2082 5679 priori
2120 5611 2360 5663 haereant

791 5715 1102 5775 sententiae,
1139 5710 1313 5778 legum
1350 5706 1577 5776 subjecti
1611 5707 1721 5760 sint
1745 5703 2074 5766 austeritati,
2133 5701 2359 5773 ipsaque

794 5806 1032 5864 essentia
1053 5813 1106 5860 et
1139 5803 1249 5861 vita
1278 5815 1408 5857 ense
1433 5799 1715 5874 priventur
1737 5814 1858 5856 cum
1883 5797 2020 5853 aliis.
2064 5793 2214 5851 Vale.

2453 4610 2678 4663 ἐκείνων
2712 4609 2873 4662 πάλιν
2903 4609 3093 4677 ἄρχειν
3126 4605 3474 4676 ἠξιωμένοις,
3522 4608 3652 4674 ἡμῖν
3712 4604 4032 4672 πειθηκίους

2453 4698 2593 4756 εἶναι
2628 4703 2898 4772 βούλεται,
2934 4703 3025 4752 καὶ
3053 4699 3421 4768 εὐγνώμονας.
3455 4699 3554 4750 Διά
3604 4696 3782 4749 ταῦτά
3827 4715 3911 4749 τοι
3949 4700 4036 4749 καὶ

2453 4797 2675 4866 Σέργιον
2704 4795 2892 4850 τοῦτον
2923 4797 3014 4846 καὶ
3040 4795 3127 4846 τὸν
3151 4794 3245 4843 σὺν
3269 4791 3417 4858 αὐτῷ
3443 4790 3653 4860 Βάκχον
3682 4790 3910 4852 ἀσεϐεῖς
3944 4792 4036 4854 μὲν

2455 4890 2520 4940 τά
2556 4891 2681 4956 περὶ
2712 4889 2840 4945 τοὺς
2895 4888 3048 4947 θεοὺς
3097 4884 3490 4950 ἀναφανέντας,
3538 4885 3629 4935 καὶ
3664 4888 3729 4953 τῇ
3759 4885 3874 4936 τῶν
3907 4885 4036 4953 Χριο

2460 4982 2693 5034 στιανῶν
2725 4981 3129 5050 προσθεμένους
3167 4979 3456 5048 θρησκεία,
3491 4983 3620 5046 περὶ
3662 4978 3815 5043 ἡμᾶς
3849 4977 3910 5028 δὲ
3946 4980 4036 5043 ἀγ·

2457 5074 2705 5142 νώμονάς
2731 5091 2787 5126 τε
2815 5075 2908 5124 καὶ
2938 5074 3266 5143 ἀχαρίστους
3303 5070 3722 5138 ἐληλεγμένους,
3760 5070 3859 5120 καὶ
3891 5071 4035 5135 παρὰ

2458 5166 2617 5218 τοῦτο
2675 5167 2896 5227 πολλαῖς
2947 5167 3237 5233 τιμωρίαις
3271 5163 3642 5233 ὑποϐληθῆναι
3693 5164 4032 5227 ὀφείλοντας,

2461 5259 2711 5324 ἀναξίους
2743 5259 2843 5329 ἤδη
2885 5257 2978 5310 τοῦ
3014 5257 3286 5326 ἡμετέρου
3333 5257 3572 5327 βήματος
3615 5257 3712 5306 καὶ
3763 5255 3861 5320 τῆς
3911 5255 4036 5324 παρ’

2464 5353 2621 5422 ἡμῶν
2665 5351 2845 5405 αὐτῶν
2881 5351 3180 5415 ἐξετάσεως
3219 5350 3591 5418 νομισθέντας,
3627 5345 3734 5397 ὐπὸ
3789 5347 4034 5414 ἀσφαλε-

2466 5445 2633 5514 στάτη
2689 5445 2902 5514 φρουρᾷ
2931 5445 3022 5494 καὶ
3049 5442 3264 5510 δεσμοῖς
3297 5445 3359 5512 τῇ
3398 5443 3464 5508 σῇ
3499 5441 3824 5509 στερρότητι
3862 5455 4034 5508 παρε-

2466 5537 2780 5608 πέμψαμεν.
2823 5539 2883 5590 Et
2911 5539 3010 5607 μὲν
3036 5535 3127 5588 οὖν
3164 5533 3633 5605 μεταμεληθέντες
3675 5532 3902 5584 θύσειαν
3930 5536 4033 5592 τοῖς

2467 5632 2771 5693 οεοῖς,,τῶν
2802 5629 3016 5696 δεσμῶν
3052 5647 3110 5681 τε
3135 5629 3241 5681 τῶν
3275 5622 3635 5692 ἐπικειμένων
3661 5625 3845 5684 αὐτοῖς
3879 5624 4035 5685 λυΟή-

2465 5739 2669 5786 τωσαν,
2705 5721 2799 5775 καὶ
2841 5721 3006 5790 τιμῆς
3056 5719 3444 5786 ἀξιωθήτωσαν
3480 5714 3682 5784 μᾶλλον
3734 5714 3833 5764 καὶ
3892 5712 4034 5776 εὐμε-

2471 5815 2656 5882 νείαςσ
2715 5813 3182 5884 ἀνακληθήσονται
3240 5807 3349 5888 γὰρ
3398 5802 3555 5867 αὖθις
3605 5805 3698 5860 καὶ
3758 5801 3909 5865 παρᾶ
3947 5798 4031 5852 τοῦ
