4178 6316
206 362 354 431 1017

1127 375 1592 441 MARTYRIUM
1632 382 1734 446 SS.
1784 386 2049 448 SERGH
2096 388 2189 450 ET
2227 392 2523 456 BACCHI.

3311 397 3455 464 1018

191 486 478 592 ᾖμετέρου
511 490 786 592 κράτουςμ·
815 489 916 592 καὶ
943 492 1045 592 τάς
1074 511 1133 547 τε
1159 499 1430 592 προτέρας
1468 499 1837 572 ἀπολήψονται
1864 506 2024 576 τιμὰς
2050 508 2080 578 ἦ
2110 509 2201 564 καὶ
2242 511 2482 582 μείζους,
2505 515 2600 567 καὶ
2623 515 2680 570 ὲν
2708 516 2858 583 τάξει
2885 519 2952 590 τῇ
2989 518 3346 592 προσηκούσῃ
3392 519 3456 574 τδ

193 581 392 687 istm?
442 581 778 687 ἔσονται
811 585 868 639 δὲ
907 587 1443 687 τῆς-προλαῦοὑσης
1493 596 1845 666 ἀμεταθέτως
1871 601 2082 671 ἔχονται
2137 607 2365 678 γνώμης
2402 611 2468 679 τῇ
2525 581 2896 684 αὐστηρότητι
2925 581 3047 668 ’τῶν-
3085 581 3269 687 νόμων
3318 581 3456 670 Επα-

199 667 521 774 6ληθέντες,
543 674 790 774 καῖαὺτδ
814 678 951 744 μετὰ
978 679 1084 731 τῶν
1105 679 1279 734 ἄλλων
1305 683 1364 736 τὸ
1394 680 1533 738 εἶναι
1567 689 1661 740 καὶ
1694 690 1754 741 τὸ
1777 689 1876 760 ζῇν
1900 667 2002 747 ⁷διὰ
2045 667 2230 765 ξίφους
2257 667 2747 772 ’άῷαιρεθήτωσαίη
2783 667 3054 774 ’έρρωσα

283 764 362 817 Θ’.
391 765 471 817 Τὰ
499 765 720 820 τοιαῦτα
750 770 1049 840 γράμματα
1065 771 1320 840 λαδόντες
1344 779 1393 829 οἱ
1420 781 1768 849 στρατιῶται,
1799 793 1844 847 Α

194 849 326 906 εἶτα
361 856 455 907 καὶ
509 858 634 919 τοὺς
692 860 878 925 ἁγίους
927 865 1338 931 παραλσδόντες
1385 868 1506 920 ὁδοῦ
1542 870 1769 940 εἴχοντο.

193 946 326 999 Τῶν
355 947 582 1000 οἰκετῶν
617 949 671 1002 δέ
705 968 868 1017 τινες,
898 953 976 1021 τῷ
1004 973 1063 1007 τε
1093 958 1264 1027 ὁμοίῳ
1303 962 1432 1030 περὶ
1468 963 1568 1030 τὴν
1613 965 1782 1035 εὗσέ-ι

192 1037 360 1089 σειαν
407 1039 553 1109 ζήλῳ
605 1043 696 1094 καὶ
729 1043 792 1113 δὴ
822 1046 1078 1114 καὶπρὸς
1113 1047 1238 1110 τοὺς
1278 1051 1543 1113 δεσπότας
1587 1054 1768 1126 εὐνοίᾳ

188 1131 574 1199 νενικημένοι,
641 1135 958 1188 συνείποντο
999 1139 1094 1190 καὶ
1153 1140 1332 1200 αὐτοὶ.
1399 1142 1649 1212 καθάπερ
1705 1148 1765 1200 οὐ

191 1221 349 1290 μόνῳ
372 1222 438 1274 τὰ
471 1223 696 1292 σώματα
719 1226 1075 1282 δεδουλῶσθαι
1110 1232 1292 1299 μόνον,
1328 1234 1464 1287 ἀλλὰ
1487 1238 1577 1288 καὶ
1618 1237 1765 1305 πόθῳ

182 1315 294 1376 τὰς
328 1313 502 1384 ψυχὰς
556 1317 888 1387 βουλόμενοι.
953 1322 1016 1374 Οἳ
1054 1325 1146 1376 καὶ
1193 1326 1300 1378 τῶν
1341 1325 1511 1394 ἁγίων
1565 1330 1764 1399 ἥκουον

187 1406 336 1474 πρὸς
387 1406 646 1476 ἀλλήλους
702 1411 907 1476 μεταξὺ
950 1416 1478 1487 κοινολογουμένων·
1525 1419 1602 1482 ὡς
1656 1421 1763 1489 ἄρα

183 1498 290 1562 τῆς
320 1497 511 1558 νυκτὸς
548 1499 670 1552 καθ’
704 1501 770 1572 ἢν
797 1505 902 1570 τῆς·
927 1506 1136 1570 πόλεως
1177 1507 1464 1577 Ῥωμαίων
1507 1510 1758 1581 ἐξῄεσαν,

188 1587 447 1659 θειοτέρα
491 1608 571 1654 τις
603 1592 722 1662 δψις
776 1597 1124 1666 ἐπιφανεῖσα,
1160 1601 1381 1672 θαρῤεῖν
1419 1604 1601 1666 αὐτοῖς
1641 1606 1763 1658 ἐκέ-

181 1680 314 1733 λευε
338 1682 427 1735 τὸν
457 1684 666 1752 ἀγῶνα,
702 1687 795 1740 καὶ
835 1692 1244 1760 προθυμότερον
1290 1695 1385 1762 τῆς
1417 1696 1585 1765 καλῆς
1613 1697 1762 1748 ὲκεί-

183 1792 287 1841 νης
327 1775 412 1828 διὰ
442 1777 678 1846 Χριστὸν
713 1780 933 1849 ἔχεσθαι
988 1787 1234 1853 πορείας.
1287 1786 1379 1838 Διὸ
1413 1788 1505 1838 καὶ
1557 1787 1662 1839 ὑπὸ
1693 1790 1756 1858 τῇ

178 1865 376 1920 ἁλύσει
418 1873 482 1938 τῇ
517 1869 710 1941 σιδηρᾷ
740 1873 1014 1940 βαίνοντες
1041 1878 1233 1929 ἐκεῖνοι
1266 1878 1360 1929 καὶ
1390 1881 1501 1940 τοῖς
1518 1878 1757 1946 δεσμοῖς,

177 1953 408 2022 ἀλύπως
439 1960 556 2030 μεθ’
584 1962 774 2032 ἡδονῆς
796 1964 1022 2033 ἔψαλλον
1042 1984 1052 1995 ·
1093 1968 1179 2020 Ἑν
1208 1973 1274 2039 τῇ
1306 1969 1404 2038 ὀδῷ
1428 1971 1535 2022 τῶν
1556 1988 1760 2040 μαρτυ-

179 2048 318 2117 ρίων
351 2069 444 2103 σου
473 2055 834 2125 ὲτέρφοημεν,
867 2057 1059 2128 Κύριε,
1089 2059 1161 2123 ὼς
1195 2063 1286 2114 ἐπὶ
1325 2063 1488 2114 παντὶ
1518 2062 1755 2129 πλούτῳ.

1943 787 2032 843 ΙΧ.
2075 790 2208 858 Cum
2246 794 2344 848 has
2373 796 2576 852 litteras
2619 805 2672 851 et
2723 808 2941 852 sanctos
3000 798 3145 854 viros
3197 801 3442 869 accepis-

1878 891 1999 937 sent
2039 881 2254 946 milites.
2286 888 2422 941 viam
2455 900 2584 944 sunt
2611 890 2862 961 ingressi.
2895 889 3127 955 Quidam
3163 901 3344 945 autem
3381 908 3448 947 ex

1876 975 2116 1039 famulis,
2149 989 2204 1030 et
2226 978 2382 1032 simili
2416 981 2534 1033 zelo
2563 982 2618 1035 in
2653 983 2936 1051 pietatem,
2985 991 3040 1036 et
3083 983 3135 1035 in
3193 983 3444 1037 dominos

1875 1068 2003 1122 victi
2039 1069 2552 1137 benevolentia,eos
2593 1089 2812 1142 quoque
2864 1084 2992 1128 sunt
3034 1074 3232 1137 secuti,
3288 1079 3443 1143 quasi

1873 1174 1981 1212 non
2014 1175 2240 1229 corpora
2283 1163 2454 1216 solum
2479 1163 2601 1234 legi,
2633 1165 2726 1218 sed
2753 1166 2917 1219 etiam
2945 1166 3155 1221 animas
3196 1167 3441 1221 volentes

1871 1247 1985 1304 Deo
2016 1253 2239 1305 servire.
2281 1252 2386 1318 Qui_
2416 1255 2578 1308 etiam
2607 1255 2897 1309 audierunt
2932 1266 3152 1311 sanctos
3189 1258 3329 1310 inter
3378 1271 3437 1312 se

1869 1340 2262 1409 colloquentes,
2299 1355 2352 1397 et
2382 1345 2648 1408 dicentes,
2691 1346 2835 1410 quod
2860 1355 3040 1410 nocte,
3076 1362 3180 1414 qua
3235 1342 3442 1417 egressi

1824 1443 1830 1450 ‘
1871 1442 1994 1486 sunt
2028 1448 2058 1486 e
2091 1435 2314 1489 civitate
2347 1435 2738 1497 Romanorum,
2765 1438 2947 1491 divina
2978 1440 3220 1506 quaedam
3273 1451 3441 1505 appa-

1868 1541 1993 1580 rens
2019 1526 2152 1580 visio
2179 1527 2343 1595 jussit
2372 1545 2464 1583 eos
2487 1530 2785 1596 confidere,
2811 1538 2863 1584 et
2899 1531 3040 1584 bono
3074 1544 3194 1584 esse
3253 1531 3438 1584 animo

1868 1617 1934 1670 ad
1991 1612 2288 1682 certamen,
2350 1628 2408 1673 et
2461 1621 2716 1674 alacriter
2789 1622 2999 1692 ingredi
3067 1621 3272 1676 bonum
3337 1621 3439 1676 iter

1869 1723 2094 1783 propter
2143 1715 2441 1769 Christum.
2477 1716 2840 1781 Quamobrem
2885 1717 2983 1770 etsi
3037 1728 3220 1770 essent
3261 1717 3434 1771 ferrea

1867 1806 1952 1860 illa
1976 1807 2144 1861 vincti
2168 1817 2380 1872 catena,
2410 1809 2543 1863 citra
2575 1809 2878 1862 molestiam
2914 1819 2966 1862 et
3001 1822 3122 1862 eum
3158 1809 3437 1876 voluptate

1865 1897 2164 1965 psallebant
2194 1915 2207 1952 :
2241 1897 2296 1951 In
2326 1899 2406 1950 via
2442 1898 2880 1952 testimooiorum
2916 1907 3133 1952 tuorum
3184 1897 3437 1952 delectati

1863 2005 2070 2050 sumus,
2108 1991 2357 2051 Domine.
2393 2000 2648 2060 tauquam
2683 1989 2751 2045 in'
2780 1993 3036 2045 omnibus
3093 1989 3322 2045 divitiis.
3377 1991 3436 2044 In

1861 2080 2344 2149 justiﬁestionibus
2371 2083 2475 2135 tuis
2502 2081 2748 2136 meditati
2785 2098 2995 2145 sumus,
3054 2091 3110 2134 et
3145 2082 3278 2150 legis
3332 2091 3439 2136 tua

190 2133 284 2190 Ἐν
329 2144 438 2203 τοῖς
468 2142 800 2212 δικαιώμασί
833 2163 928 2199 σου
961 2149 1325 2219 μελετήσομεν
1357 2150 1566 2204 καὶτοῦ
1599 2151 1744 2220 νόμοι

1865 2187 1972 2225 non
1999 2187 2186 2226 sumus
2203 2173 2374 2226 obliti.
2407 2173 2464 2226 In
2497 2174 2770 2228 mandatis
2794 2175 2899 2228 tuis
2937 2171 3349 2234 meditabimur,
3382 2183 3438 2227 et

172 2246 275 2282 σου
320 2233 419 2286 οὐκ
453 2237 948 2304 ὲπιλησθησόμεθα.
992 2241 1078 2292 Ἐν
1103 2246 1221 2304 ταῖς
1247 2243 1482 2306 ἐντολαῖς
1511 2261 1603 2296 σου
1633 2245 1754 2297 ἀδο-

176 2319 536 2393 λεσχὴσομεν,
568 2328 660 2378 καὶ
692 2328 1066 2397 ὲκζητήσομεν
1116 2333 1214 2394 τὰς
1243 2333 1394 2396 όδούς
1430 2352 1545 2386 σου.
1585 2335 1753 2403 Ζηισό-

174 2410 321 2479 μεθα
352 2415 444 2462 καὶ
477 2414 782 2484 φυλάξομεν
810 2419 934 2480 τοὺς
964 2419 1154 2486 λόγους
1179 2439 1292 2475 σου.
1325 2425 1508 2476 Πᾶσαν
1538 2423 1630 2476 οὖν
1652 2427 1750 2494 τὴν

166 2503 294 2555 ὁδὸν
323 2504 538 2575 ἐκείνην
565 2508 779 2571 ἀπόνως
806 2510 1123 2577 ἀνύσαντες,
1173 2512 1229 2566 ἔν
1278 2531 1382 2567 τινι
1413 2513 1748 2585 Βαρόαλησὼ

167 2594 326 2649 πόλει
385 2601 482 2667 τῆς
542 2601 900 2671 Λιμητανέων
959 2605 1122 2672 ἐγγὺς
1187 2606 1540 2675 κατάγονται.
1579 2607 1747 2660 Ἔνθα

163 2686 497 2759 διατρίϐοντι
515 2694 588 2761 τῷ
612 2693 763 2746 δουκὶ
784 2697 1131 2766 παρέστησαν
1170 2700 1445 2770 Ἀντιόχῳ,
1469 2701 1748 2770 χαρίεντες

173 2780 279 2847 μὲν
324 2783 415 2833 καὶ
447 2785 663 2853 φαιδροὶ
696 2787 792 2855 τὴν
830 2789 974 2856 ὄψιν,
1017 2791 1114 2856 τὴν
1144 2792 1198 2843 δὲ
1230 2793 1326 2861 τῆς
1371 2793 1550 2862 ψυχῆς
1583 2794 1746 2861 εὐγέ-

162 2890 318 2924 νειαν
351 2874 426 2943 τῷ
455 2875 547 2927 τοῦ
580 2877 740 2946 ἧθους
775 2876 830 2931 εὖ
860 2881 1005 2947 μάλα
1034 2882 1426 2946 διαδεικνύντες
1457 2886 1746 2955 ἐλευθερίῳ

175 2964 400 3031 Ἀμέλει
433 2971 521 3020 καὶ
553 2971 600 3021 οἱ
631 2971 737 3024 τῶν
751 2971 1131 3041 περιεστώτων
1163 2976 1431 3044 ὀροαλμοὶ
1469 2978 1569 3044 τῆς
1605 2977 1747 3030 ἐκεί-

161 3074 272 3108 νων
292 3057 413 3119 θέας
440 3061 575 3124 ὅλως
592 3063 886 3134 ἐξήρτηντο
907 3083 920 3095 ·
941 3066 1032 3120 καὶ
1047 3067 1168 3120 οὐδὲ
1191 3069 1386 3138 ῥᾳδίως
1436 3070 1530 3121 ἀπ’
1564 3071 1744 3123 αὐτῶν

162 3148 725 3221 ὰφίστασθαιῇθελον,
767 3156 882 3208 ἀλλ’
932 3159 1162 3222 ἐκτενῶς
1191 3163 1268 3222 είς
1302 3160 1497 3224 αὐτοὺς
1533 3160 1739 3231 ἐώρων,

159 3242 260 3290 καί
290 3241 513 3307 γλυκεῖά
541 3261 623 3304 τις
655 3241 794 3314 ἦσαν
824 3248 1034 3317 θεάτρῳ
1063 3252 1388 3321 πανήγυρις.

239 3330 297 3381 l'.
330 3331 682 3402 Θεασάμενος
707 3340 884 3390 τοίνυν
925 3341 1121 3403 αὐτοὺς
1150 3343 1294 3405 ὅπως
1323 3339 1467 3412 εἶχον
1514 3346 1541 3397 ὁ
1589 3344 1737 3411 δοῦξ,

158 3420 285 3477 εἶτα
317 3428 410 3479 καὶ
435 3427 501 3479 τὰ
526 3428 784 3498 βασιλέως
813 3437 1080 3504 ἀναγνοὺς
1109 3440 1434 3509 γράμματα.
1459 3445 1584 3512 σιγῇ
1613 3443 1737 3496 καθ’

160 3517 359 3568 ἑαυτὸν
398 3518 756 3590 ἀπεθαύμαζε
782 3536 796 3551 ⁸
839 3525 934 3578 καὶ
969 3527 1130 3581 πάλιν
1164 3529 1360 3593 αὐτοὺς
1409 3532 1741 3587 ἐπανεθεᾶτο
1771 3504 1813 3561 c

162 3609 311 3676 μέγα
342 3626 395 3661 τι
425 3611 516 3663 καὶ
561 3615 750 3668 καινὸν
787 3613 927 3670 εἶναι
981 3621 1245 3690 οἰόμενος.
1288 3624 1433 3686 ὅπως
1469 3627 1546 3687 είς
1582 3626 1741 3678 τοῦτο

157 3705 629 3771 γενναιότητός·τε
650 3708 743 3758 καὶ
767 3708 968 3778 τόλμης
992 3707 1177 3781 ἦλθον,
1209 3714 1282 3776 ως
1329 3718 1420 3766 καὶ
1462 3715 1739 3769 κολάσεων

160 3797 263 3849 καὶ
291 3795 531 3848 ἀπειλῶν
573 3797 664 3848 καὶ
687 3797 844 3868 δόξης
877 3802 968 3853 καὶ
1018 3803 1180 3855 αὖτοῦ
1223 3804 1286 3874 δὴ
1322 3811 1735 3878 καταφρονῆσαι

155 3886 254 3939 τοῦ
303 3886 568 3952 βασιλέως
602 3889 694 3941 καὶ
733 3893 862 3961 περὶ
912 3893 1199 3963 ἐλαχίστου
1231 3897 1537 3951 θέσθαιτον
1569 3898 1735 3953 θάνα-

157 3995 275 4031 τον.
308 3979 410 4030 Τὸν
438 3980 535 4049 τῆς
585 3983 792 4049 τάξεως
841 3988 899 4038 δὲ
929 3988 1074 4054 ὅμως
1117 3993 1547 4062 κομενταρήσιον
1580 3995 1732 4046 καλέ·

158 4084 282 4132 σας,
317 4073 454 4138 Τοὺς
494 4077 750 4144 δεσμίους
787 4079 1030 4143 τούτους,
1064 4078 1189 4150 ἔφη,
1225 4078 1581 4153 παραλαῦὼν,
1618 4086 1727 4138 ὑπο

160 4167 377 4235 φρουρᾷ
413 4174 512 4234 μὲν
543 4169 702 4238 τήρει
746 4185 838 4238 μοι
866 4174 930 4241 τῇ
961 4175 1344 4246 ἀσφαλεστάτη
1368 4191 1380 4203 ·
1421 4176 1558 4248 πλὴν
1604 4179 1728 4245 μηδ’

153 4253 337 4328 ὁτιοῦν
373 4256 678 4328 λυπηρὸνῆ
725 4260 1022 4332 ἀϐούλητον
1084 4266 1487 4335 ὑπομένοντας·
1525 4271 1728 4341 ὂψομαι

153 4346 265 4413 γὰρ
295 4350 389 4399 καὶ
428 4351 508 4412 είς
548 4351 812 4424 δευτέραν
849 4357 1054 4419 αὐτοὺς
1109 4358 1376 4421 ἐξέτασιν.
1414 4354 1576 4415 Οὗτοι
1624 4355 1740 4434 μὲν

151 4436 272 4500 οὖν,
307 4442 449 4493 κατὰ
484 4442 543 4492 τὸ
571 4442 761 4508 com,-
779 4448 1111 4519 πρόσταγμα
1140 4453 1194 4502 ὲν
1219 4451 1300 4518 τῷ
1322 4455 1555 4522 ἀσφαλεῖ
1581 4458 1727 4509 κλει.

153 4526 375 4592 σθέντες
429 4531 526 4598 τῆς
560 4534 807 4603 φυλακῆς
851 4537 1089 4608 ἑσπέρας
1157 4542 1589 4616 καταλαϐούσης,
1619 4549 1726 4610 ¹εἰς

153 4623 467 4692 προσευχὴν
525 4624 750 4689 ἑαυτοὺς
795 4630 1038 4696 ἀνῆκαν
1086 4633 1406 4704 Ἐπίδλεψον
1435 4639 1520 4707 ἐφ’
1551 4641 1720 4710 ἡμᾶς,

149 4712 423 4780 λέγοντες,
461 4715 520 4782 ἐξ
555 4718 714 4784 ἁγίου
776 4737 891 4783 σου,
924 4724 1192 4789 Δέσποτα,
1240 4719 1664 4802 κατοικητηρίου
1698 4747 1714 4763 ’

1861 2265 2206 2334 exquiremus
2257 2266 2370 2319 vias
2409 2274 2550 2320 tuas.
2608 2265 2888 2327 Vivemus.
2950 2274 3005 2318 et
3061 2263 3434 2318 custodiemus

1861 2370 2143 2410 sermones
2204 2365 2347 2410 tuos.
2399 2355 2535 2412 Cum
2589 2373 2718 2427 ergo
2794 2368 2962 2410 toutm
3000 2355 3128 2409 illud
3173 2356 3275 2409 iter
3296 2354 3433 2408 citra

1859 2447 2102 2502 laborem
2132 2449 2520 2507 confecissent.
2553 2451 2905 2503 diversantur
2935 2450 2987 2501 in
3011 2448 3243 2514 quadam
3293 2446 3428 2500 civi-

1858 2544 1966 2588 tate
1993 2579 2005 2597 .
2043 2537 2262 2591 nomine
2292 2536 2604 2601 Barbaleso,
2642 2553 2810 2608 prope
2853 2537 3130 2605 regionem
3198 2531 3428 2585 Limita-

1847 2635 2103 2680 neorum.
2131 2628 2249 2692 Quo
2273 2630 2325 2681 in
2346 2631 2465 2683 loco
2485 2646 2607 2683 cum
2639 2633 2745 2684 dux
2774 2639 3080 2682 versaretur
3099 2624 3424 2688 Antiochus,

1856 2720 1981 2773 ante
2008 2736 2128 2774 eum
2148 2729 2275 2774 sum
2294 2723 2566 2791 producti,
2594 2722 2696 2773 laeti
2723 2720 2940 2788 quidem
2968 2728 3022 2772 et
3048 2719 3196 2771 vultu
3232 2716 3424 2779 alacri,

1856 2815 2024 2868 animi
2075 2825 2256 2869 autem
2313 2815 2650 2868 nobilitatem
2701 2813 3424 2868 liberalibus-ostendentes

1854 2909 2117 2962 moribus.
2155 2910 2352 2963 Eorum
2387 2908 2593 2978 itaque.
2619 2909 2708 2977 qui
2738 2910 2884 2976 ipsos
2913 2905 3418 2966 circumsistebant,

1853 2998 1993 3054 oculi
2021 3009 2175 3052 erant
2211 3014 2402 3054 omnes
2437 3001 2490 3052 in
2526 3015 2620 3053 eos
2660 3000 2894 3065 conjecti
2931 3016 2943 3052 :
3000 3009 3054 3053 et
3110 3013 3208 3052 nec
3257 2996 3420 3052 facile

1851 3090 2210 3156 desistebaut,
2249 3095 2340 3146 sed
2370 3091 2523 3144 lirrnn
2552 3101 2605 3144 et
2637 3091 2848 3143 intento
2877 3097 3068 3143 obtutu
3126 3105 3221 3142 eos
3276 3088 3424 3157 aspi-

1849 3182 2095 3246 ciebant;
2132 3195 2394 3255 erantque
2440 3184 2542 3256 ipsi
2577 3183 2789 3238 theatro
2813 3181 3115 3253 jucundum
3147 3181 3418 3250 quoddam

1847 3274 2238 3342 spectaculum.

1917 3363 1984 3418 Χ.
2037 3365 2171 3420 Cum
2242 3381 2338 3419 eos
2394 3382 2523 3436 ergo
2581 3367 2806 3423 vidisset
2859 3367 2963 3420 dux
3017 3368 3292 3435 quomodo
3361 3383 3423 3423 se

1848 3457 2137 3521 haberent,
2180 3469 2235 3513 et
2263 3459 2460 3514 deinde
2498 3461 2660 3514 etiam
2689 3460 2906 3531 legisset
2936 3460 3145 3514 litteras
3179 3461 3416 3525 impera-

1847 3553 2000 3614 toris,
2027 3551 2224 3605 tacitus
2259 3555 2402 3621 apud
2435 3567 2494 3606 se
2532 3553 2919 3613 admirabatur,
2968 3561 3045 3606 et-
3077 3567 3171 3606 eos
3230 3565 3423 3608 rursus

1847 3641 2334 3709 contemplabatur.
2369 3659 2623 3712 magnum
2655 3644 2784 3711 quid
2814 3658 2934 3697 esse
2957 3653 3014 3697 et
3047 3659 3247 3697 novum
3271 3643 3419 3698 exis-

1843 3734 2066 3793 timans.
2099 3734 2242 3802 quod
2261 3733 2325 3788 ad
2361 3744 2561 3787 tantam
2630 3735 3028 3802 processissent
3077 3735 3243 3788 animi
3303 3749 3423 3788 ma-

1840 3825 2211 3897 gnitudinem,
2250 3836 2307 3878 ut
2337 3838 2386 3880 et
2413 3827 2698 3896 supplicia.
2723 3837 2779 3880 et
2816 3826 3010 3888 minas,
3063 3834 3118 3880 et
3161 3825 3411 3896 gloriam,

1837 3928 1892 3973 et
1944 3919 2120 3988 ipsum
2171 3919 2338 3972 etiam
2421 3919 2774 3986 despicerent
2820 3919 3237 3988 imperatorem,
3303 3919 3412 3974 imo

1837 4019 2066 4064 mortem
2093 4023 2308 4079 quoque
2337 4010 2546 4063 minimi
2583 4009 2846 4064 iacerent.
2901 4010 3181 4064 Accersito
3226 4020 3409 4064 autem

1835 4101 2310 4154 commentaricnsi
2340 4118 2354 4154 :
2387 4101 2610 4170 Accipe.
2643 4101 2842 4169 inquit,
2869 4099 2970 4153 hos
3006 4102 3232 4160 vinctos.
3260 4111 3314 4156 et
3351 4103 3406 4154 in

1834 4191 2078 4245 custodia
2102 4192 2318 4260 quidem
2351 4177 2509 4245 serva
2535 4192 2804 4246 tutissima
2831 4234 2845 4257 ,
2873 4192 3009 4245 nihil
3035 4203 3216 4247 autem
3244 4209 3409 4264 grave

1832 4292 1926 4335 aut
1987 4283 2270 4336 molestum
2329 4284 2665 4338 sustinentes
2721 4300 2734 4336 :
2801 4297 2896 4337 eos
2961 4285 3107 4337 enim
3185 4301 3409 4340 reservo

1831 4376 2243 4430 examinationi.
2281 4376 2457 4446 Atque
2490 4371 2528 4428 ii'
2555 4375 2777 4446 quidem
2811 4377 2970 4445 jussu
2999 4374 3156 4430 ducis
3186 4376 3242 4430 in
3285 4387 3403 4433 tuta

1830 4467 2024 4522 inclusi
2078 4468 2346 4533 custodia,
2406 4484 2530 4523 cum
2587 4469 2832 4524 venisset
2885 4484 3136 4540 vespera,
3190 4470 3400 4539 seipsos

1828 4560 2100 4613 dederunt
2134 4561 2367 4613 orationi
2396 4583 2408 4616 ;
2441 4562 2671 4631 Adspice
2707 4563 2775 4615 ad
2805 4575 2929 4625 nos,
2970 4562 3237 4625 dicentes,
3287 4561 3399 4616 Do-

1827 4652 1994 4714 mine,
2024 4666 2055 4705 e
2087 4663 2274 4706 sancto
2313 4663 2403 4706 tuo
2435 4654 2784 4708 habitacula:
2833 4655 3090 4724 quoiiiam
3143 4654 3400 4709 inimicus

1825 4757 1928 4795 nos
1953 4744 2166 4811 probris
2196 4744 2397 4806 aﬂ‘eeit,
2451 4753 2505 4799 et
2565 4746 2795 4815 p0|)ulus
2851 4746 3114 4815 insipiens
3171 4747 3404 4800 irritavit

153 4805 237 4857 ὃτι
267 4808 294 4858 ὀ
323 4809 514 4878 ἐχθρὸς
543 4810 824 4864 ὠνείδισεν
855 4817 1003 4885 ἡμᾶς
1055 4818 1143 4871 διὰ
1171 4821 1229 4872 τὸ
1276 4823 1366 4873 σον
1396 4821 1588 4891 ὄνομα,
1622 4824 1717 4878 καὶ

1844 4848 2028 4886 mineo
2065 4845 2314 4888 sanctum
2356 4844 2529 4894 tuum.
2591 4837 2656 4890 Et
2708 4852 2776 4889 ne
2838 4838 3020 4890 tradas
3089 4836 3404 4891 hominibus

146 4897 273 4961 λαὸς
312 4900 499 4968 ἄφρων
523 4905 806 4973 παρώξυνε
827 4913 887 4961 τὸ
927 4911 1102 4980 ὄνομά
1153 4931 1248 4966 σου
1284 4918 1349 4968 τὸ
1379 4918 1534 4985 ὅιγιον
1565 4936 1580 4949 ο
1617 4921 1717 4971 xui

151 4990 225 5060 μὴ
258 4991 516 5061 παραδῷς
553 4995 861 5064 ἀνθρώποις
894 5000 1099 5071 θηρίων
1123 5006 1483 5076 ἀγριωτέροις
1540 5009 1715 5078 ψυχὰς

146 5084 647 5156 ὲξομολογου”μένας
675 5106 756 5142 σοι
783 5106 797 5118 ‘
840 5094 955 5146 ἀλλ’
977 5098 1380 5172 ἐπίὸλεψονΙεξς
1402 5101 1500 5170 τὴν
1524 5103 1714 5173 διαθή-

146 5197 249 5250 κην
282 5197 398 5246 σου,
428 5174 519 5238 καὶ
549 5187 838 5240 ἁντιλαϐοὖ
868 5175 1044 5258 ἡμῶν,
1082 5194 1277 5264 Κύριε,
1304 5195 1398 5248 καὶ
1433 5196 1712 5267 λύτρωσαι

143 5274 292 5341 ἡμᾶς
321 5277 628 5332 ἕνεκεντοῦ
659 5281 920 5362 ὀνόματός
966 5300 1062 5336 σου
1092 5301 1106 5315 ο
1129 5288 1209 5338 ὅτι
1241 5289 1272 5355 ἡ
1325 5289 1711 5358 ὑπερήφανεια

143 5356 253 5420 τ’ῶν
284 5371 588 5439 μισούντων
624 5391 705 5440 σε,
741 5356 968 5444 γέγονεν
996 5381 1081 5447 ἐφ’
1122 5383 1268 5448 ἡμᾶς
1320 5356 1543 5452 ἰσχυρά.
1605 5385 1713 5437 Καὶ

140 5464 239 5532 τῆς
262 5466 428 5535 εὐχῆς
468 5469 565 5538 ἤδη
600 5471 970 5545 τελεσθείσης,
1005 5475 1177 5544 βραχὺ
1215 5476 1347 5544 πρὸς
1397 5477 1565 5529 ὕπνον
1597 5477 1712 5529 δια-

140 5560 427 5627 τραπεῖσιν
473 5561 701 5630 ἄγγελος
756 5566 936 5628 αὐτοῖς
983 5571 1231 5632 ἐπιστὰς,
1292 5569 1425 5638 ἡλίῳ
1490 5571 1587 5639 μὲν
1614 5569 1710 5640 τὴν

146 5649 359 5721 μορφὴν
393 5653 606 5721 ἐοικὼς,
648 5657 872 5727 φαιδρὸν
894 5659 947 5712 δὲ
980 5660 1075 5712 καὶ
1133 5661 1230 5729 τῆς
1269 5661 1494 5729 ἐσθῆτος
1543 5663 1710 5729 αὐτῆς

139 5745 486 5814 ἀπολάμπον,
534 5751 821 5823 Θαρσεῖτε,
877 5754 1012 5822 φησὶ
1052 5756 1187 5823 πρὸς
1245 5755 1458 5813 αὐτοὺς.
1527 5757 1574 5808 (οἱ
1609 5755 1701 5808 τοῦ

144 5838 380 5912 Χριστοῦ
408 5838 607 5910 δοῦλοι,
641 5847 732 5898 καὶ
767 5848 841 5915 μὴ
874 5848 1160 5915 φοϐεῖσθε·
1193 5847 1464 5918 ἐδραῖοιδὲ
1503 5847 1702 5916 μᾶλλον

1828 4924 1956 4979 feris
1999 4926 2410 4981 immanioribus
2453 4931 2662 4981 animas
2721 4927 2816 4982 tibi
2884 4928 3260 4983 conﬁtentes:
3305 4931 3402 4984 sed

1829 5019 2012 5087 aspice
2075 5020 2142 5072 ad
2193 5028 2580 5074 testamentum
2640 5031 2833 5085 tuum,
2887 5031 2944 5076 et
3001 5021 3219 5090 suscipe
3273 5036 3398 5087 nos,

1826 5107 2070 5171 Domine,
2129 5120 2183 5161 et
2251 5111 2454 5165 redime
2513 5126 2615 5166 nos
2662 5124 2895 5181 propter
2955 5127 3152 5167 nomen
3221 5123 3394 5168 tuum.

1825 5201 2090 5265 Quoniam
2120 5205 2374 5271 superbia
2411 5219 2622 5268 eorum,
2661 5206 2752 5273 qui
2785 5213 2835 5259 te
2896 5205 3156 5270 oderunt,
3209 5207 3264 5258 in
3295 5222 3395 5262 nos

1822 5296 1999 5346 Ct‘aSil
2031 5294 2330 5348 vehemens
2359 5309 2422 5347 ac.
2453 5301 2671 5364 potens.
2707 5295 2949 5350 Peractis
2980 5304 3163 5350 autem
3219 5299 3392 5366 preci:

1816 5386 1938 5444 bus.
1984 5402 2107 5440 cum
2141 5389 2204 5440 ad
2225 5403 2473 5441 somnum
2503 5398 2688 5443 essent
2717 5387 2992 5452 conversi,
3017 5390 3097 5444 eis
3121 5406 3391 5459 apparens

1814 5482 2038 5548 angelus
2062 5519 2075 5542 ,
2109 5480 2203 5532 soli
2241 5480 2459 5549 quidem
2491 5483 2664 5538 ianua
2696 5485 2906 5548 similis,
2941 5494 2997 5539 et
3022 5501 3088 5540 ex
3121 5486 3236 5553 ipsa
3253 5503 3393 5556 quo-

1815 5590 1919 5642 que
1945 5582 2089 5624 veste
2123 5572 2302 5625 laetum
2338 5577 2685 5644 splendorem
2734 5579 2992 5634 emittens
3029 5594 3045 5635 :
3097 5577 3388 5646 Conﬁdite,

1814 5668 1893 5718 eis
1913 5667 2070 5725 dixit,
2109 5668 2253 5719 servi
2291 5667 2520 5730 Christi,
2549 5681 2603 5724 et
2641 5672 2810 5726 nolite
2836 5671 3059 5736 timere;
3089 5671 3186 5726 sed
3242 5681 3386 5727 state

1817 5754 1955 5810 ﬁrmi
2006 5765 2059 5809 et
2116 5759 2338 5813 stabiles
2397 5759 2449 5812 in
2507 5759 2718 5814 Domini
2768 5762 2941 5816 nastri
2993 5761 3122 5816 Jesu
3177 5757 3380 5818 Christi

1810 5848 2165 5905 confessione.
2191 5850 2209 5904 l
2219 5865 2312 5921 pse
2330 5852 2474 5910 enim
2490 5861 2571 5907 est
2589 5852 2885 5919 vobiscum,
2901 5852 3155 5908 defensor
3171 5858 3372 5908 vester.
3400 5867 3402 5869 ’
