4178 6316
223 385 356 450 1021

1174 390 1630 454 MARTYRIUM
1669 394 1773 454 SS.
1810 393 2069 454 SERGII
2111 395 2208 455 ET
2248 397 2538 462 BACCHI.

3317 400 3450 466 1022

218 497 437 546 πείσειν
489 496 684 558 αὐτοὺς
727 496 1076 568 βουληθῆναι,
1125 502 1306 562 ὁποῖος
1350 501 1412 571 δὴ
1453 501 1751 569 Μαξιμιανέ

1826 503 2245 567 Asententiam,
2311 513 2496 573 utpote
2580 504 2722 575 quod
2801 506 2868 561 ad
2921 505 3036 562 hrec
3093 509 3448 580 excogitanda

213 587 517 657 τεχνᾶσθαι
563 588 737 642 ταῦτα
794 591 1092 660 βαρύτατος
1137 609 1194 644 τε
1232 593 1323 644 καὶ
1370 592 1780 656 ποικιλώτατος.

229 676 396 730 ’Λλλά
449 681 713 744 τοιούτοις
770 682 923 751 μὲνῤ
984 684 1276 752 Ἀντίοχος,
1323 684 1514 756 ὥσπερ
1552 686 1784 753 ἔφημεν,

221 771 570 841 οελκτηρὶοις
611 774 974 826 ὑποκλέπτειν
1005 777 1071 829 τὰ
1114 778 1307 845 πρῶτα
1365 778 1543 845 λόγοις
1593 781 1784 842 αὐτοὺς

213 866 517 935 ἐπειρᾶτος
554 864 680 918 Εἶτα
714 868 1020 934 προσετίθει
1043 869 1099 919 τὸ
1129 861 1352 932 καὶτοῖς
1387 873 1783 940 φοϐερωτέροις

213 957 312 1008 τοῦ
350 958 551 1010 σκοποῦ
594 961 972 1027 μετακινῆσαι,
1005 961 1097 1013 καὶ
1120 964 1219 1030 τῆς
1253 965 1546 1030 ὲργάσεως,
1583 966 1640 1016 Εἰ
1674 967 1780 1034 γάρ

217 1048 294 1114 μὴ
355 1050 662 1118 πεισθείητέ
719 1068 841 1120 μου,
899 1052 1096 1117 λέγων,
1181 1056 1304 1116 ταῖς
1372 1059 1778 1122 παρπινὲσεσιν,

211 1141 434 1209 ἀνάγκη
483 1160 572 1211 μοι
628 1144 842 1205 πάντως
885 1144 1033 1196 ἔσται
1067 1147 1160 1197 καὶ
1208 1147 1276 1198 τὰ
1326 1145 1776 1214 προστεταγμένα

211 1238 392 1284 ποιεῖν
416 1251 426 1261 ·
479 1237 570 1285 καὶ
610 1235 683 1296 ὡς
711 1234 900 1301 ἐχθρίν
934 1239 1215 1306 μᾶλλοντῇ
1261 1239 1501 1310 ὑμετέρᾳ
1548 1242 1780 1309 προσφέ-

211 1322 406 1390 ρεσθαι
427 1325 893 1396 μεγαλοπρεπείᾳ.
913 1327 1020 1379 Καὶ
1042 1328 1202 1390 πολὺς
1225 1324 1290 1395 ἦν
1313 1330 1509 1397 ἐφεξῆς
1535 1335 1643 1392 τοῖς
1670 1331 1776 1382 τῶν

207 1413 586 1482 κολαστηρέων
617 1414 845 1484 ὀνόμασι
894 1420 982 1470 καὶ
1037 1421 1156 1482 ταῖς
1223 1420 1492 1484 ἀπειλαῖς.
1535 1423 1674 1474 Ἀλλ’
1725 1426 1772 1476 οἱ

205 1505 358 1569 ἅγιοι
393 1505 671 1575 μάρτυρες
718 1507 841 1560 οὕτε
895 1509 1158 1574 θωπείαις
1205 1511 1620 1582 μαλαττόμενοι,
1651 1511 1770 1567 οὗτε

203 1597 470 1660 ἀπειλαῖς
519 1601 962 1671 ταπεινούμενοι,
1008 1604 1131 1665 Τοῖς
1177 1603 1268 1656 τὸν
1309 1606 1543 1674 Χριστὸν
1588 1607 1766 1675 μόνον,

201 1685 386 1752 εἷπον,
419 1683 463 1741 ὦ
487 1691 738 1758 δικαστά,
765 1696 854 1746 καὶ
889 1695 985 1761 τὴν
1013 1697 1145 1764 παρ’
1188 1696 1335 1765 αὐτῷ
1381 1699 1766 1768 κρυπτομένην

199 1779 354 1849 ζωὴν
381 1784 635 1852 κερδᾶναι
662 1787 1067 1856 προελομένοις,
1088 1790 1208 1841 οὐδε
1222 1789 1302 1851 νὸς
1323 1790 1474 1857 μέλει
1494 1793 1600 1843 τῶν
1617 1793 1766 1862 ῥεόνο

195 1890 314 1925 των
359 1877 562 1929 τούτων
614 1878 704 1930 καὶ
749 1880 1144 1949 φθειρομένων,
1175 1883 1234 1936 οὐ
1267 1885 1452 1953 τιμῆς,
1494 1885 1553 1937 οὐ
1587 1886 1762 1955 δόξης,

193 1967 258 2016 οὐ
313 1968 647 2036 δυναμένων.
688 1971 788 2023 Ἰδε
823 1974 951 2041 γὰρ,
996 1977 1178 2042 ἡμεῖς,
1226 1978 1319 2030 καὶ
1371 1980 1612 2032 ἀπειλῶν
1657 1981 1765 2033 τῶν

201 2059 358 2127 παρὰ
426 2061 519 2112 σοῦ
573 2062 664 2112 καὶ
698 2061 996 2116 κολακειῶν
1049 2068 1247 2136 ἐπίσης
1293 2069 1761 2139 καταφρονοῦμεν,

193 2150 296 2201 καὶ
321 2150 531 2214 οὐδενὸς
555 2152 689 2214 ὅλως
714 2155 820 2206 τῶν
850 2158 1125 2227 ὑμετέρων
1148 2163 1524 2230 φροντίζομεν.
1550 2164 1762 2218 Παῦσαι

195 2247 502 2316 τοιγαροῦν
535 2249 746 2316 πονηρά
779 2251 918 2300 κατὰ
949 2250 1038 2302 τὸν
1079 2251 1203 2319 ὅφιν
1265 2256 1397 2323 ἡμῖν
1453 2258 1542 2308 καὶ
1598 2259 1763 2321 αὐτὸς

195 2335 609 2402 συμϐουλεύων.
655 2339 899 2405 Ὀρῶμεν
939 2344 1047 2412 γὰρ
1084 2345 1188 2397 ὑπὸ
1222 2345 1290 2398 τὰ
1337 2347 1488 2418 χείλη
1546 2366 1638 2402 σου
1668 2349 1760 2402 τὸν

198 2426 304 2485 ἰὸν.
335 2427 428 2478 καὶ
474 2427 561 2480 διὰ
599 2428 760 2482 τοῦτο
787 2435 880 2486 καὶ
935 2433 1034 2503 τὴν
1067 2439 1379 2509 συμϐουλὴν
1415 2443 1488 2503 ὡς
1519 2442 1759 2512 χαλεπὴν

185 2513 362 2572 θῦσαν
393 2521 684 2591 ἐπιὸουλὴν
715 2525 1110 2595 ἐκτρεπόμεθα.
1148 2531 1237 2600 Μὴ
1293 2532 1472 2584 τοίνυν
1504 2534 1758 2599 ἐξαπατῶ

185 2611 285 2663 τὸν
325 2619 511 2683 καιρὸν
538 2617 615 2676 εἰς
645 2617 824 2686 μάτην
852 2621 1158 2674 ἀναλίσκων
1186 2625 1278 2676 καὶ
1325 2627 1495 2679 κενῶν
1526 2629 1756 2684 ἐλπίδων

185 2701 469 2767 ἐχόμενος.
525 2704 661 2757 Οὖτε
705 2708 812 2776 γὰρ
836 2710 1077 2775 κολάζων
1119 2715 1388 2786 αἱρήσεις,
1438 2717 1559 2770 οὔτε
1598 2723 1755 2772 ἀπει-

178 2791 297 2844 λῶν
335 2793 539 2856 πείσεις
589 2799 915 2852 καταλιπεῖν
953 2804 1043 2855 τὸν
1102 2805 1280 2868 ζῶντα
1341 2809 1494 2873 Θεὸν,
1534 2810 1749 2877 δαίμοσι

185 2884 247 2934 δὲ
302 2889 506 2952 κωφοῖς
558 2889 650 2941 καὶ
709 2892 1062 2962 ἀναισθήτοις
1106 2898 1297 2952 θυσίαν
1341 2907 1748 2971 προσενεγκεῖν.

195 2975 366 3043 Ἡμῖν
397 2980 506 3049 γάρ
542 2983 634 3034 καὶ
670 2983 730 3035 τὸ
767 2985 856 3037 διὰ
901 2988 1137 3057 Χριστὸν
1166 2992 1389 3058 ἀγαθὸν,
1444 2998 1534 3048 καὶ
1575 2997 1635 3049 τὸ
1681 2999 1751 3051 δι’

181 3067 353 3119 αὐτὸν
390 3073 552 3125 πάλιν
605 3075 895 3131 ἀποθανεῖν
923 3080 1129 3150 κέρδος.
1178 3084 1249 3137 Σὺ
1295 3083 1352 3136 δὲ
1397 3086 1512 3138 ἀλλ’
1554 3089 1652 3140 οὐκ
1682 3090 1748 3142 ἂν

1891 591 2252 650 Maximianus
2281 606 2426 650 esset
2465 594 2785 652 vaferrimus
2841 609 2893 653 et
2956 600 3445 670 ingeniosissimus.

1887 681 1993 738 Sed
2034 684 2120 739 his
2167 688 2384 754 quidem
2442 688 2651 744 blandis
2696 699 2751 744 et
2807 691 3208 760 pellicientibus
3267 694 3446 750 verbis

1882 779 2035 846 prius
2093 780 2392 834 conabatur
2439 796 2533 834 eos
2589 782 2791 836 illicere
2860 783 3181 839 Antiochus.
3240 786 3444 842 Deinde

1883 883 2113 927 conatus
2145 885 2227 928 εει
2250 875 2410 928 etiam
2436 883 2645 929 terrore
2675 891 2770 930 eos
2798 893 2824 929 a
2858 893 3023 947 scopo
3054 881 3335 935 traducere
3387 889 3443 935 ct

1883 966 2187 1016 constantia
2216 981 2228 1016 :
2258 963 2312 1017 Si
2345 967 2488 1018 enim
2522 967 2674 1029 meis,
2731 968 2941 1030 dicens,
3002 983 3108 1023 non
3149 970 3440 1038 parueritis

1882 1057 2378 1122 adhortationibus,
2428 1059 2532 1112 erit
2561 1061 2689 1112 mibi
2734 1063 2958 1114 omnino
2990 1078 3212 1115 necesse
3263 1062 3440 1117 facere

1878 1163 1998 1215 quae
2035 1157 2161 1200 sunt
2201 1149 2460 1216 imperata
2499 1167 2513 1201 :
2553 1160 2604 1204 et
2656 1167 2760 1212 me.
2816 1163 3068 1221 tanquam
3133 1154 3435 1216 inimicum,

1878 1254 2062 1308 gerere
2111 1242 2167 1291 in
2217 1253 2450 1294 vestram
2517 1243 2992 1310 magniﬁcentiam.
3045 1244 3108 1298 Et
3159 1256 3278 1314 post
3326 1248 3439 1300 haec

1878 1331 2082 1383 multus
2119 1330 2222 1384 fuit
2250 1333 2300 1383 in
2331 1335 2715 1388 enumerandis
2768 1330 3101 1390 nominibus
3133 1345 3438 1391 t0rmento-

1875 1435 2016 1482 rum,
2049 1432 2102 1474 et
2148 1423 2310 1477 minis
2357 1423 2708 1478 intentandis.
2765 1425 2868 1478 Sed
2919 1426 3088 1479 sancti
3150 1439 3434 1496 martyres,

1874 1527 2052 1579 neque
2082 1514 2360 1569 blanditiis
2384 1514 2637 1577 emolliti,
2677 1531 2854 1584 neque
2902 1518 3062 1572 miuis
3089 1518 3284 1588 dejecti
3308 1538 3320 1572 :
3342 1519 3431 1584 lis,

1871 1605 2261 1675 dixerunt,qui
2316 1608 2593 1662 Christum
2645 1609 2838 1672 solum,
2881 1625 2911 1662 0
2953 1610 3132 1679 iudex.
3193 1620 3247 1664 et
3316 1625 3434 1678 quae

1871 1697 2011 1766 apud
2037 1696 2213 1765 ipsum
2238 1698 2500 1752 absconsa
2530 1708 2632 1763 est,
2664 1705 2826 1753 vitam
2879 1700 3070 1754 lucrati
3117 1701 3428 1763 statuerint,

1871 1790 2004 1842 nihil
2041 1800 2124 1844 est
2152 1805 2294 1844 curae
2323 1806 2386 1845 ex
2440 1791 2504 1845 iis
2535 1807 2652 1860 quae
2677 1785 2850 1847 [luunt
2876 1803 2930 1846 et
2954 1795 3262 1854 intereunt.
3320 1809 3430 1847 non

1869 1883 2064 1950 honor,
2088 1898 2197 1937 non
2230 1883 2418 1952 gloria,
2458 1898 2565 1935 non
2605 1884 2863 1951 potentia,
2903 1899 3010 1936 non
3041 1885 3241 1953 aliquid
3279 1883 3428 1938 aliud

1868 1988 2074 2048 eorum,
2109 1990 2226 2043 qua:
2255 1985 2348 2027 aut
2375 1975 2684 2028 demulcere
2721 1983 2968 2042 possunt,
3033 1985 3126 2029 aut
3183 1974 3428 2028 molestia

1866 2065 2097 2120 allicere.
2139 2065 2248 2119 Nos
2277 2066 2419 2121 enim
2447 2077 2497 2122 et
2542 2077 2659 2120 tuas
2705 2068 2900 2131 minas,
2937 2077 2993 2121 et
3029 2068 3317 2121 blanditias
3361 2082 3424 2120 ex

1863 2174 2018 2228 aequo
2057 2160 2478 2213 contemnimus.
2509 2158 2670 2213 Cessa
2704 2175 2832 2228 ergo
2874 2169 2929 2212 tu
2983 2174 3219 2228 quoque,
3283 2157 3426 2211 sicut

1865 2265 2093 2321 serpens
2128 2251 2285 2306 nobis
2312 2251 2448 2306 mala
2478 2250 2785 2304 consulere.
2815 2251 3076 2305 Videmus
3095 2251 3238 2304 enim
3273 2249 3422 2302 virus

1864 2343 1964 2396 sub
2001 2343 2103 2396 tuis
2135 2342 2299 2396 labris
2330 2361 2342 2396 :
2376 2352 2428 2396 et
2455 2342 2590 2396 ideo.
2624 2343 2906 2396 censilium
2956 2353 3104 2395 tuum
3164 2352 3418 2410 tanquam

1863 2451 2053 2505 graves
2083 2435 2672 2488 aversamurinsidias.
2700 2434 2776 2489 Ne
2819 2451 2949 2504 ergo
3006 2433 3230 2493 fallaris,
3280 2443 3419 2485 tem-

1862 2543 1961 2596 pus
2003 2529 2203 2582 frustra
2239 2541 2586 2586 consumens.
2627 2536 2681 2579 et
2719 2541 2746 2579 a
2809 2540 2943 2577 vana
2987 2538 3080 2592 spe
3119 2523 3363 2591 pendens
3402 2537 3415 2574 :

1860 2621 2212 2689 nequeenim
2255 2622 2486 2688 puniens
2545 2617 2917 2689 expugnabis,
2979 2630 3157 2684 neque
3206 2615 3422 2668 minans

1861 2715 2232 2783 persuadebis,
2270 2723 2325 2766 ut
2359 2712 2629 2764 virentem
2657 2710 2870 2778 quidem
2923 2711 3089 2762 Deum
3149 2707 3421 2775 relinqua-

1860 2821 2001 2871 mus,
2029 2805 2365 2860 daemonibus
2390 2813 2572 2857 autem
2602 2802 2784 2855 surdis
2802 2811 2854 2855 ct
2878 2801 3025 2853 nullo
3073 2814 3236 2852 sensu
3290 2811 3421 2867 prae-

1857 2899 1984 2952 ditis
2016 2899 2318 2951 offeramus
2353 2896 2701 2950 sacrificium.
2731 2893 2899 2948 Nobis
2929 2893 3071 2947 enim
3097 2901 3151 2944 et
3199 2900 3420 2959 propter

1854 2988 2129 3044 Christum
2183 2990 2381 3049 vivere.
2435 2998 2519 3041 est
2562 2987 2814 3040 bonum:
2861 2996 2914 3039 et
2966 2981 3184 3052 propte‘r
3239 2983 3414 3050 ipsum

1854 3099 2045 3138 rursus
2078 3081 2236 3144 mori,
2271 3081 2506 3136 lucrum.
2541 3080 2619 3132 Tu
2659 3089 2837 3132 autem
2866 3077 3001 3131 nihil
3034 3077 3139 3130 tale
3175 3075 3420 3143 potueris

175 3159 329 3228 ἐχοις
353 3180 402 3215 τι
430 3169 520 3218 καὶ
542 3169 702 3231 αὐτὸς
732 3173 972 3226 τοιοῦτον
995 3193 1057 3227 πε
1069 3179 1116 3240 pi
1152 3177 1258 3229 τῶν
1277 3180 1491 3232 ο’κείων
1514 3179 1746 3234 εἰδώλων

1851 3175 2033 3228 dicere
2067 3175 2134 3227 de
2159 3174 2265 3227 tuis
2305 3171 2631 3226 simulacris.
2673 3169 2810 3224 Vere
2868 3171 3011 3222 enim
3078 3178 3203 3223 sunt
3242 3187 3258 3219 ι
3329 3183 3415 3220 ar-

173 3252 380 3309 εξπεῖν.
421 3256 658 3325 Ἀληθῶς
685 3262 791 3328 γὰρ
809 3257 1067 3333 ἀργύριόν
1089 3271 1194 3320 εξσι
1226 3271 1316 3322 καὶ
1345 3276 1564 3340 χρυσίον
1586 3273 1742 3344 ἔργα,

173 3347 389 3413 χειρῶν
420 3349 743 3419 ἀνθρώπων,
769 3355 922 3406 οὐδὲν
948 3359 1074 3421 τοὺς
1103 3363 1183 3422 εἰς
1229 3362 1366 3414 αὐτὰ
1417 3366 1744 3430 πεποιθότας

171 3439 390 3505 (avem
422 3440 717 3512 δυνάμενα.
756 3446 972 3516 Ὅμοιοι
998 3452 1180 3515 αὐτοῖς
1204 3458 1442 3522 γένοιντο
1465 3460 1513 3510 οἱ
1544 3461 1746 3526 τιμῶν-

170 3543 271 3592 τες
305 3531 466 3595 αὐτα,
502 3535 594 3586 καὶ
625 3537 823 3600 πάντες
850 3541 896 3590 oi
937 3543 1254 3608 πεποιθότες
1283 3549 1370 3597 ἐπ’
1396 3550 1602 3612 αὐτοῖς.

249 3620 350 3676 η’.
385 3622 443 3674 Ὀ
459 3625 780 3689 δοῦξ-τοίνυν
807 3633 1031 3685 τοιαῦτα
1050 3635 1294 3704 φανερῶς
1315 3638 1739 3708 φθεγξαμένους,

169 3716 273 3767 καὶ
305 3715 474 3777 οὓτως
506 3720 829 3788 ἐλευθερίως
864 3726 1087 3791 ἔχοντας
1120 3729 1250 3792 τοὺς
1283 3735 1562 3796 γενναίους
1596 3735 1739 3801 ἰδὼν,

168 3808 273 3856 καὶ
308 3807 466 3870 γνοὺς
502 3807 574 3870 ὡς
606 3811 706 3862 οὐκ
733 3813 797 3864 ἄν
827 3830 954 3866 ποτε
983 3817 1156 3883 λόγοις
1187 3821 1385 3884 αὐτοὺς
1412 3831 1738 3891 μεταπεῖσαι

166 3896 429 3969 δυνηθείη
465 3903 599 3971 πρὸς
630 3903 726 3974 τὴν
753 3904 840 3958 δια
874 3905 1121 3975 βασάνων
1159 3915 1353 3979 πεῖραν
1389 3915 1615 3986 ἔκυψεν
1648 3922 1739 3972 καὶ

165 3989 267 4042 τὸν
315 3994 415 4061 μὲν
473 4000 742 4067 μακάριον
797 4003 1023 4072 Σέργιον
1079 4005 1461 4080 ἀσφαλεστάτη
1526 4017 1740 4085 φρουρᾷ

146 4088 465 4168 ’παρεδίδου
525 4092 702 4161 τούτῳ
765 4095 926 4164 δῆθεν
985 4097 1350 4168 ἀμειΰόμενος
1424 4105 1585 4157 αὑτὸν
1639 4109 1737 4174 τῆς

164 4181 498 4259 εὐεργεσίας
531 4196 548 4213 ⁶
577 4185 668 4237 τὸν
707 4186 915 4256 Βάκχον
943 4191 1001 4243 δὲ
1047 4192 1134 4244 δια
1164 4196 1447 4264 τεσσάρων
1495 4201 1736 4267 ἰσχυρῶς

166 4272 493 4337 ἐκταθέντα,
527 4275 838 4348 βουνεύροις
863 4280 1027 4347 ὠμῶς
1054 4284 1269 4337 ἐκέλευε
1293 4286 1729 4351 καταξαίνεσθαι.

180 4364 330 4418 Ἀλλ’
363 4364 428 4436 ἦν
461 4368 588 4422 ἰδεῖν
623 4371 849 4441 γνώμην
878 4372 1058 4442 πολλῷ
1091 4376 1305 4440 φύσεως
1354 4383 1728 4454 ἰσχυροτέραν,

167 4461 267 4510 καὶ
303 4461 621 4530 προαίρεσιν
653 4465 972 4538 σωματικῆς
1004 4469 1183 4535 πάσης
1214 4469 1330 4538 βίας
1366 4473 1725 4543 ὑψηλοτέραν.

1854 3275 2070 3339 gentum
2102 3274 2155 3318 et
2179 3280 2392 3326 aurum,
2424 3279 2590 3332 opera
2617 3278 2870 3316 manuum
2897 3261 3268 3326 hominum',»
3297 3274 3415 3327 qua

1853 3356 1988 3411 nihil
2031 3365 2259 3424 possunt
2280 3356 2534 3425 prodesse
2565 3355 2651 3418 iis,
2682 3354 2772 3422 qui
2802 3354 2853 3405 in
2881 3352 3010 3418 ipsis
3034 3366 3187 3404 suam
3243 3350 3414 3402 collo-

1850 3461 2046 3506 carunt
2068 3448 2340 3502 fiduciam.
2383 3445 2601 3501 Similes
2629 3460 2754 3514 ergo
2789 3445 2869 3498 eis
2899 3446 3028 3498 ﬁant
3061 3443 3118 3508 ii,
3141 3443 3233 3512 qui
3297 3443 3410 3512 ipsa

1849 3543 2053 3604 colunt,
2087 3551 2138 3594 et
2168 3557 2359 3594 omnes
2411 3541 2501 3609 qui
2533 3540 2812 3593 confidunt
2844 3539 2896 3591 in
2927 3540 3029 3592 eis.

1921 3632 2056 3685 XIII.
2094 3634 2226 3685 Cum
2250 3649 2374 3700 ergo
2393 3633 2498 3685 dux
2529 3632 2753 3684 vidisset
2796 3645 2888 3684 eos
2936 3639 3044 3682 tam
3101 3639 3289 3697 aperte
3328 3627 3408 3682 lo-

1848 3729 2022 3788 cutos,
2054 3734 2308 3794 tantaque
2329 3739 2448 3778 esse
2515 3724 2770 3793 praeditos
2838 3722 3086 3776 libertate
3135 3731 3190 3776 et
3242 3720 3406 3774 animi

1847 3818 2254 3888 magnitudine;
2309 3825 2362 3870 et
2410 3816 2769 3869 intellexisset
2819 3814 2932 3869 ﬁeri
2991 3828 3098 3867 non
3147 3827 3305 3881 posse
3350 3820 3409 3865 ut

1845 3911 2029 3965 verbis
2061 3911 2139 3963 eis
2173 3908 2538 3977 persuaderet,
2571 3910 2832 3977 processit
2878 3907 2945 3959 ad
2989 3906 3287 3974 periculum
3310 3918 3407 3972 per

1846 4014 2114 4061 tormenta
2149 4003 2494 4058 faciendum:
2530 4013 2584 4056 ct
2620 3983 2834 4055 beatum
2888 3999 3104 4067 quidem
3156 3997 3403 4067 Sergium

1843 4099 1896 4152 in
1957 4094 2280 4151 tutissimam
2341 4096 2560 4149 tradidit
2623 4094 2947 4158 custodiam,
3001 4107 3100 4162 pro
3176 4100 3407 4159 accepto-

1841 4188 2112 4245 beneticio
2142 4201 2266 4241 eum
2303 4187 2384 4240 sic
2409 4199 2765 4239 remunerans
2792 4203 2803 4237 :
2841 4185 3106 4238 Bacchum
3134 4193 3319 4236 autem
3371 4197 3401 4235 a

1840 4293 2074 4350 quatuor
2102 4279 2317 4334 fortiter
2340 4267 2649 4340 extenSum.
2672 4274 2839 4341 boum
2864 4278 3045 4331 nervis
3075 4276 3242 4346 .jussit
3266 4275 3400 4330 cadi

1840 4375 2152 4431 crudeliter.
2185 4373 2289 4428 Sed
2326 4373 2526 4426 licebat
2564 4371 2746 4424 videre
2794 4384 3030 4423 mentem
3095 4371 3251 4440 longe
3295 4383 3401 4421 na-

1842 4481 1962 4526 tura
1993 4470 2296 4530 fortiorem,
2322 4475 2375 4520 et
2406 4464 2570 4516 animi
2601 4463 2906 4515 institutum
2938 4464 2985 4513 vi
3036 4464 3227 4530 quavis
3275 4479 3402 4519 cor-

166 4553 335 4619 Μέρη
369 4552 466 4619 μὲν
515 4554 621 4622 γὰρ
661 4555 754 4607 τοῦ
787 4561 1054 4626 παναγίου
1089 4561 1336 4631 σώματος
1373 4565 1581 4617 ἐκείνου
1615 4571 1732 4632 ταῖς

1838 4566 1987 4635 poris
2019 4562 2306 4617 excelsius.
2332 4559 2464 4613 Nam
2489 4554 2815 4611 sanctissimi
2848 4554 3064 4622 quidem
3097 4556 3239 4611 illius
3280 4573 3400 4613 cor-

168 4641 434 4708 μάστιξιν
483 4646 878 4715 ἀποσπώμενα,
937 4654 1070 4719 πρὸς
1124 4655 1285 4706 αὑτὸν
1332 4657 1480 4727 -ἀέρα
1530 4659 1735 4730 διεῤῥι-

167 4736 446 4789 πτοῦντο·
498 4740 751 4808 αἱμάτων
786 4741 842 4792 δὲ
887 4743 1029 4796 κατὰ
1071 4746 1169 4811 γῆς
1211 4749 1467 4816 ἐφέροντο
1502 4752 1724 4820 ρύακες,

168 4830 271 4881 καὶ
304 4829 586 4903 σπλάγχνα
619 4831 719 4900 μὲν
758 4835 867 4888 τῶν
901 4838 1121 4905 σαρκῶν
1156 4841 1484 4908 ἐγυμνοῦντο
1513 4847 1610 4914 τὴν
1635 4847 1734 4914 τῆς

164 4923 388 4990 φύσεως
443 4924 609 4992 αὐτῆς
652 4926 942 4982 διάπλασιν
986 4934 1099 4994 τοῖς
1153 4933 1416 5002 παροῦσιν
1465 4939 1735 4992 ἀνακαλύ-

163 5031 398 5068 πτοντα.
434 5015 590 5086 Ψυχὴ
621 5017 676 5071 δὲ
713 5021 805 5071 καὶ
833 5021 970 5090 αὑτὴ
1023 5024 1311 5077 ἀπολιπεῖν
1351 5028 1442 5079 τὸν
1490 5030 1726 5099 ἀθλητὴν

161 5107 307 5166 ὅλως
335 5110 689 5182 ἐπειγομένη.
740 5113 887 5180 ὅμως
947 5115 1178 5184 ἐπέμενε
1213 5121 1304 5170 καὶ
1351 5119 1566 5184 πλείους
1615 5123 1732 5175 ἑπι-

161 5198 410 5269 ζητοῦσα
442 5203 712 5268 κολάσεις,
763 5206 848 5258 ἵνα
899 5206 1327 5278 φιλοτιμοτέρων
1365 5214 1577 5276 πάντως
1614 5217 1732 5268 ἐπι-

160 5295 306 5363 τύχῃ
337 5297 428 5346 καὶ
447 5294 553 5348 τῶν
582 5297 868 5365 βραὸεἱων.
906 5299 1166 5371 ’Έχαιρον
1199 5302 1418 5369 ἄγγελοι
1445 5305 1538 5374 τὴν
1563 5306 1732 5376 ὑπερ·

163 5384 285 5451 φυᾶ
317 5385 410 5435 τοῦ
465 5387 744 5457 μάρτυρος
799 5393 1098 5461 καρτερίαν
1148 5393 1401 5461 ὁρῶντες.
1467 5397 1561 5448 Ἢν
1589 5397 1726 5450 ῶντο

158 5474 416 5541 δαίμονές
439 5494 497 5530 τε
533 5480 740 5532 ἑαυτῶν
789 5479 960 5551 ἧτταν
1002 5485 1106 5536 ὑπὸ
1130 5489 1249 5549 ταῖς
1302 5489 1520 5540 πάντων
1567 5488 1724 5556 ὕψεσι

159 5567 614 5638 θριαμϐεύοντες.
682 5574 1136 5645 Ἄτται-τορεύοντες
1191 5581 1238 5632 οἱ
1285 5579 1467 5649 δήμιοι
1521 5585 1584 5650 τῇ
1654 5586 1721 5654 γῇ

158 5662 548 5717 κατεκλίνοντο
570 5681 585 5695 ·
622 5668 715 5719 καὶ
740 5672 766 5722 ὁ
797 5668 1025 5739 μάρτυς,
1054 5666 1207 5735 εἶπες
1245 5672 1309 5725 ἂν
1358 5673 1521 5728 αὑτὸν
1552 5675 1719 5741 ὅντως

232 5803 253 5833 ε
314 5799 454 5855 Psal.
508 5817 654 5867 cxut,
714 5805 768 5857 4.-

1836 4657 1985 4724 poris
2012 4664 2192 4723 partes
2212 4654 2412 4707 avulsae
2431 4649 2674 4720 ﬂagellis,
2703 4645 3115 4715 disji'ciebantur
3137 4649 3188 4700 in
3221 4649 3397 4717 ipsum

1837 4762 2044 4808 aerem,
2080 4762 2176 4814 per
2198 4755 2396 4797 terram
2436 4754 2612 4796 autem
2661 4740 2980 4793 ferebantur
3025 4740 3122 4792 rivi
3176 4741 3399 4812 sangui-

1835 4844 1954 4895 nis:
1981 4839 2258 4891 etviscera
2292 4835 2509 4905 quidem
2541 4834 2884 4889 nudabautur
2918 4833 3191 4893 carnibus,
3225 4834 3395 4901 ipsius

1836 4941 2045 4986 naturae
2098 4928 2472 4982 formationem
2517 4925 2819 4995 aperientia
2869 4925 2936 4980 iis
2986 4925 3077 4994 qui
3131 4926 3393 4979 aderant:

1835 5025 2016 5077 anima
2067 5032 2271 5082 autem,
2313 5036 2433 5089 quae
2467 5020 2580 5086 ipsa
2616 5035 2833 5092 quoque
2863 5019 3122 5071 athletam
3171 5019 3396 5073 festina-

1831 5115 1924 5168 bat
1969 5113 2294 5181 relinquere,
2335 5111 2633 5164 sustinebat
2677 5117 2877 5172 tamen,
2912 5110 3074 5162 etiam
3122 5109 3272 5176 plura
3312 5125 3389 5164 re-

1826 5208 2052 5276 quirens
2084 5205 2368 5272 supplicia.
2414 5213 2472 5256 ut
2521 5203 2747 5256 omnino
2775 5203 3205 5260 tuuniﬁcentioru
3245 5219 3395 5258 asse-

1825 5311 2086 5369 queretur
2131 5298 2334 5351 bravia.
2383 5293 2728 5351 Laeta'bantur
2773 5295 2971 5361 angeli,
3020 5294 3264 5348 videntes
3297 5297 3393 5348 ad-

1828 5393 2127 5447 mirabilem
2168 5391 2421 5458 martyris
2445 5388 2825 5442 constantiam.
2856 5386 3252 5439 Cruciabautur
3288 5386 3395 5440 dte-

1829 5499 2040 5546 mones,
2096 5484 2238 5553 quod
2277 5493 2428 5552 parta
2474 5481 2540 5535 de
2571 5481 2652 5535 eis
2694 5479 2937 5539 victoria,
2989 5477 3043 5530 in
3089 5485 3389 5546 conspectu

1827 5579 2068 5632 omnium
2126 5575 2523 5647 quodammodo
2565 5573 2856 5628 duceretur
2918 5570 2972 5625 in
3027 5573 3386 5642 triumphum.

1826 5671 2070 5726 Lictores
2120 5669 2243 5724 fessi
2294 5655 3178 5736 humi'accumbebaut.Martyrem
3205 5671 3385 5719 autem
