4178 6316
748 362 887 426 1023

2024 360 2302 420 MENSIS
2345 359 2702 420 OCTOBER.

3876 347 4007 407 1024

747 482 944 537 videns
999 479 1232 535 dixisses
1265 478 1476 535 cumita
1526 493 1646 533 esse
1690 476 1964 542 affectum,
1996 487 2055 532 ut
2082 493 2190 532 non
2221 488 2326 531 tam

2453 475 2556 529 δὼν
2607 476 2948 544 διακείμενον
3005 473 3064 527 οὐ
3134 471 3350 541 μάστιξι
3413 469 3640 542 μᾶλλον,
3711 467 4005 537 ἢᾶνθεσιν

748 573 933 644 ﬂagris
958 587 1150 636 caesus,
1185 587 1347 640 quam
1383 573 1562 625 vernis
1581 571 1802 625 ﬂoribus
1828 586 2156 640 conspersus
2174 571 2324 624 vide-

750 675 919 720 retur.
940 665 1179 718 Tandem
1200 681 1295 734 per
1319 680 1476 718 voces
1499 665 1749 718 cmlestes
1770 674 1990 718 vocatus
2009 673 2090 718 est
2109 663 2172 716 ad
2193 663 2323 716 bea-

751 769 862 810 tum
883 757 1295 824 locumquietis,
1321 755 1497 808 anima
1520 756 1763 823 deposita
1789 755 1842 806 in
1871 769 2061 807 manus
2079 752 2321 822 Opificis.

819 849 957 904 XIV.
1014 848 1359 920 Martyricum
1401 858 1581 901 autem
1615 848 1759 901 illius
1809 863 2002 916 corpus
2056 863 2084 899 a
2136 845 2324 899 bestiis

748 942 970 1008 quidem
998 941 1368 996 devorandum
1414 941 1669 1008 exposuit
1738 940 1826 992 ille
1866 940 2028 1008 judex
2087 939 2323 1007 iniquus.

751 1034 1268 1104 lgnorabatautem.
1297 1033 1511 1102 qualern
1539 1049 1723 1087 curam
1773 1040 1923 1102 gerat
1961 1045 2170 1094 eorum,
2234 1029 2324 1099 qui

753 1127 929 1195 ipsum
958 1127 1208 1197 diligunt,
1266 1127 1408 1180 illius
1469 1127 1650 1187 Deus,
1718 1125 1808 1194 qui
1858 1125 2018 1178 etiam
2087 1122 2325 1176 ferarum

755 1226 1008 1270 naturam
1044 1219 1148 1272 scit
1177 1218 1460 1272 traducere
1486 1219 1552 1273 ad
1578 1215 2078 1277 mansuetudinem,
2129 1225 2183 1269 et
2233 1231 2329 1285 per

755 1308 876 1364 illas
909 1311 1085 1364 adhuc
1105 1314 1308 1380 majora
1342 1310 1520 1367 facere
1545 1311 1836 1375 miracula.
1865 1309 2017 1362 Ferae
2059 1309 2201 1361 enim
2241 1323 2330 1361 re-

754 1401 944 1456 verita:
981 1404 1305 1469 certamina,
1332 1419 1452 1472 quae
1482 1419 1578 1472 pro
1604 1403 1806 1472 pietate
1840 1403 1907 1454 ab
1929 1417 1992 1453 eo
2013 1408 2168 1453 erant
2206 1414 2329 1452 sus-

718 1541 721 1544 .
756 1505 937 1561 cepta,
965 1511 1070 1549 non
1104 1495 1279 1551 solum
1307 1496 1513 1548 nullum
1548 1511 1611 1549 ex
1634 1496 1753 1563 ejus
1777 1495 2036 1547 membris
2105 1491 2329 1544 omnino

757 1595 982 1655 tangere
1012 1588 1426 1652 sustinuerunt;
1459 1586 1553 1642 sed
1590 1591 1777 1651 etiam,
1833 1586 1960 1639 dum
2026 1584 2092 1638 ad
2146 1583 2331 1651 sepul-

756 1693 910 1732 crum
942 1678 1174 1733 ferretur
1200 1697 1226 1732 a
1267 1679 1594 1739 Christianis
1621 1722 1630 1735 .
1665 1694 1786 1732 eum
1807 1678 2179 1745 sequebantur
2206 1674 2332 1728 fun-

758 1781 952 1841 gentes
983 1788 1209 1825 muuere
1242 1773 1556 1835 satellitum,
1593 1783 1647 1826 et
1684 1772 1776 1825 Dei
1815 1772 1997 1824 hostes
2027 1778 2214 1838 aperte
2245 1783 2334 1820 ar-

2434 570 2671 638 ἐαρινοῖς
2698 565 3084 635 καταχέασθαι.
3116 565 3261 626 Ἕως
3285 565 3378 616 ἐπὶ
3425 563 3514 615 τὸν
3542 563 3884 632 μακαριστὸν
3913 563 4006 630 τῆς

2433 660 2791 722 ἀναπαύσεως
2845 659 2911 713 δι’
2964 657 3288 727 ἐπουρανίου
3346 656 3530 726 φωνῆς
3562 657 3764 725 ἐκλήθη
3821 659 4004 719 τόπον,

2433 751 2555 811 ταῖς
2582 748 2675 801 τοῦ
2705 745 3038 818 δημιουργοῦ
3071 748 3226 817 χερσί
3254 747 3354 814 τὴν
3396 746 3571 814 ψυχὴν
3603 748 4003 816 παραθέμενος.

2506 841 2605 895 IA'.
2646 841 2718 891 T6
2757 841 2939 908 μέντοι
2975 839 3313 905 μαρτυρικὸν
3348 839 3559 889 ἐκείνου
3611 839 3770 906 σῶμα
3810 839 4005 907 βρῶμα

2430 932 2536 1006 ,μὲν
2565 930 2758 1000 θηρσὶν
2789 931 2816 982 ὁ
2849 931 3164 999 παράνομος
3215 929 3475 997 δικαστὴς
3547 929 3735 982 ἐτίθει.
3794 932 4007 994 Ἠγνόει

2433 1024 2489 1076 δέ
2525 1024 2742 1084 πάντως
2800 1021 2982 1084 ὁποῖος
3035 1017 3104 1090 ἦν
3168 1021 3426 1088 κήδεσθαι
3477 1020 3583 1071 τῶν
3632 1020 3934 1086 φιλούντων
3982 1023 4008 1073 6

2434 1116 2645 1170 ἐκείνου
2702 1117 2855 1179 Θεὸς,
2898 1115 2954 1177 ὃς
3011 1116 3104 1168 καὶ
3165 1114 3371 1185 θηρίων
3429 1110 3537 1166 οἶδε
3600 1113 3763 1179 φύσιν
3840 1133 4005 1182 μετα-

2436 1209 2648 1262 ϐάλλειν
2679 1211 2756 1271 είς
2790 1209 3124 1277 ἡμερότητα,
3161 1210 3254 1261 καὶ
3289 1206 3512 1276 μείζονα
3561 1206 3641 1258 ἔτι
3675 1207 3744 1258 δι’
3782 1208 4010 1257 ἐκείνων

2441 1298 2905 1369 θαυματουργεῖν.
2957 1297 3096 1360 Τοὺς
3142 1297 3250 1366 γὰρ
3302 1297 3439 1365 ὑπὲρ
3476 1298 3576 1362 τῆς
3610 1295 3894 1356 εὐσεϐείας
3934 1298 4016 1346 αἱ-

2438 1392 2691 1460 δούμενοι
2737 1389 2831 1442 τοῦ
2892 1389 3084 1458 ἀνδρὸς
3142 1388 3339 1450 ἄθλους
3381 1389 3426 1439 οἱ
3489 1387 3675 1455 θῆρες,
3729 1387 3790 1437 οὐ
3855 1387 4015 1454 μόνον

2438 1486 2557 1540 οὐδὲ
2583 1485 2789 1554 ψαῦσαί
2815 1501 2959 1546 τινος
2991 1485 3101 1535 τῶν
3130 1481 3295 1535 αὐτοῦ
3329 1481 3504 1548 μελῶν
3530 1480 4012 1548 ὅλωςήνὲσλοντο,

2441 1580 2578 1634 ἀλλὰ
2620 1581 2714 1631 καὶ
2749 1578 2882 1648 πρὸς
2941 1574 3118 1645 ταφὴν
3171 1574 3276 1627 ὑπὸ
3327 1575 3672 1643 Χριστιανῶν
3727 1574 4017 1642 φερομένῳ

2441 1673 2794 1743 παρείποντο,
2841 1671 3158 1739 δορυφόρων
3210 1666 3364 1732 τάξιν
3409 1667 3880 1734 άποπληροῦντες,
3926 1667 4018 1716 καὶ

2442 1767 2544 1833 τὴν
2598 1765 2676 1834 τῷ
2729 1762 3018 1832 θεομάχων
3078 1763 3264 1816 άνοιαν
3319 1759 3574 1829 φανερῶς
3624 1758 4015 1827 διελέγχοντες.

761 1873 994 1931 guentes
1024 1863 1296 1918 amentiae.
1330 1864 1422 1918 Sic
1443 1879 1570 1930 ergo
1593 1864 1831 1934 inclytus
1864 1862 2109 1917 Bacchus
2127 1875 2190 1914 ea
2211 1875 2332 1929 qua:

2452 1857 2598 1913 Οὕτω
2630 1861 2730 1928 μὲν
2761 1854 2852 1910 οὖν
2889 1858 2917 1909 6
2953 1855 3195 1924 ἀοίδιμος
3242 1854 3450 1922 Βάκχος
3501 1844 3573 1903 ὧν
3616 1849 3884 1918 ἐπεθύμει
3928 1868 4020 1901 τυ-

762 1955 1017 2024 cupiebat
1052 1964 1356 2013 assecutus,
1384 1954 1447 2007 ad
1489 1955 1730 2010 coelestia
1762 1955 1975 2009 transiit
2008 1954 2334 2009 habitacula.

833 2046 948 2100 XV.
990 2046 1212 2116 Sergius
1242 2057 1420 2101 autem
1449 2047 1628 2101 socius
1662 2047 1783 2114 ejus
1829 2047 2048 2101 relictus
2077 2054 2130 2099 et
2171 2047 2339 2100 mole-

764 2142 870 2196 Stia
893 2139 1295 2194 distrahebatur
1337 2148 1558 2208 propter
1591 2139 2008 2209 separationem,
2063 2147 2116 2192 et
2153 2155 2340 2194 rursus

767 2230 951 2285 laetitia
985 2241 1209 2301 propter
1233 2231 1721 2300 exspectationem.
1769 2229 1873 2286 Sed
1932 2248 2038 2285 non
2093 2232 2342 2301 despexit

767 2338 893 2376 eum
943 2338 1086 2393 (egre
1149 2323 1417 2379 ferentem
1495 2325 1896 2393 separationem
1973 2325 2146 2377 dulcis
2220 2324 2341 2392 ejus

769 2418 980 2471 amicus
1006 2427 1060 2472 et
1091 2417 1405 2471 familiaris:
1437 2419 1530 2473 sed
1573 2419 1696 2472 lteto
1731 2417 1879 2470 vultu
1929 2417 2148 2470 divinus
2201 2415 2340 2469 Bac-

775 2510 935 2576 chus,
963 2521 1016 2564 et
1042 2521 1305 2564 consueto
1334 2510 1522 2564 hahitu
1543 2510 1755 2564 militari
1780 2519 1943 2564 noctu
1963 2511 2008 2564 ei
2042 2525 2334 2580 apparens,

767 2617 894 2655 cum
921 2601 1153 2656 amicum
1186 2602 1558 2664 convenisset,
1584 2609 1640 2654 et
1685 2617 1809 2655 eum
1850 2603 2188 2671 implevisset
2245 2619 2344 2658 au-

769 2693 943 2757 dacia,
980 2706 1033 2748 et
1057 2697 1172 2764 ejus
1192 2695 1765 2758 discussittristitiam,
1795 2697 2072 2765 animique
2128 2697 2347 2766 τρεῖ-ἰω-

771 2786 982 2851 dinem,
1029 2787 1399 2842 etftrmiorem
1426 2788 1816 2858 fortioremque
1842 2790 2157 2844 reddiditad
2214 2805 2346 2858 sup-

774 2879 957 2946 plicia.
1008 2877 1100 2931 Dle
1133 2890 1315 2933 autem
1383 2882 1630 2946 sequenti
1673 2881 1780 2932 dux
1831 2896 2022 2933 rursus
2061 2881 2257 2932 sedens
2293 2880 2346 2932 in

775 2970 1036 3023 tribunali
1059 2987 1181 3025 cum
1241 2971 1457 3026 beatqu
1510 2981 1757 3025 curasset
1806 2971 2030 3040 produci
2071 2969 2345 3040 Sergium,

772 3062 1046 3116 leoniuam
1071 3063 1262 3131 pellem
1297 3077 1504 3117 exuens
1552 3061 1876 3129 versipellis,
1925 3061 2102 3115 induit
2153 3062 2346 3131 pellem

773 3155 974 3224 vulpis.
1002 3157 1214 3209 Etcum
1246 3157 1298 3207 iu
1332 3171 1455 3208 eum
1482 3156 1771 3223 quamdam
1819 3154 2062 3209 finxisset
2111 3155 2348 3208 benevo-

772 3247 1020 3310 lentiam,
1072 3251 1139 3301 ad
1168 3247 1326 3301 fidem
1357 3247 1656 3301 faciendam
1707 3247 1909 3317 aliquid
1966 3249 2345 3302 accommoda-

774 3349 889 3395 tum
923 3342 1238 3402 ostendens,
1261 3341 1402 3409 quod
1445 3341 1653 3394 scilicet
1689 3341 1838 3393 illum
1869 3341 2244 3410 magistratum
2275 3357 2343 3395 ex

775 3446 841 3484 eo
872 3441 1062 3485 nactus
1097 3442 1261 3491 esset,
1297 3448 1422 3484 cum
1457 3431 1736 3486 blanditiis
1761 3432 2022 3484 evocabat
2057 3432 2121 3484 ad
2179 3432 2350 3485 sacri-

775 3521 1070 3586 ficandum,
1095 3523 1384 3593 perfectam
1416 3535 1469 3578 et
1491 3525 1787 3578 absolutam
1821 3540 1848 3578 a
1879 3524 2096 3579 Christo
2129 3539 2349 3593 separa-

779 3613 981 3668 tionem
1011 3615 1058 3669 ei
1086 3615 1272 3670 volens
1296 3615 1524 3670 reddere
1565 3632 1659 3683 pro
1707 3616 1992 3680 beneficio,
2024 3619 2244 3677 stultus,
2272 3618 2352 3671 sic

776 3721 994 3776 quoque
1017 3710 1218 3761 sensim
1257 3723 1380 3760 eum
1404 3710 1692 3776 alloquens
1731 3725 1746 3762 :
1794 3709 1967 3763 Pudet
2016 3724 2102 3762 me
2152 3711 2353 3766 veteris

779 3800 927 3855 illius
951 3799 1247 3864 felicilatis,
1274 3810 1328 3854 et
1361 3799 1774 3864 beneficiorum.
1827 3816 1948 3870 quae
1979 3801 2030 3854 iu
2080 3815 2169 3856 me
2221 3816 2355 3856 con-

780 3891 973 3956 tulisti,
1007 3891 1338 3947 amicissime
1371 3891 1549 3963 Sergi,
1608 3908 1711 3947 nec
1772 3902 1823 3947 te
1851 3893 2073 3962 quidem
2121 3893 2354 3963 amplius

780 3980 900 4034 fero
936 3981 1134 4034 intueri
1167 3982 1246 4034 sic
1269 3997 1419 4034 reum
1448 3989 1680 4034 stantem
1712 3996 1808 4050 pro
1840 3993 2050 4036 nostro.
2084 3982 2354 4036 Tribuna-

781 4068 842 4130 li,
875 4069 968 4137 qui
997 4085 1114 4123 sum
1146 4070 1422 4135 minimus,
1460 4072 1502 4124 si
1529 4087 1650 4124 cum
1687 4082 1780 4126 tuo
1804 4071 2057 4127 conferar
2099 4073 2357 4142 splendo-

782 4176 842 4216 re
860 4202 874 4226 ,
902 4165 1403 4232 tumqueamicitize,
1429 4173 1483 4218 et
1508 4165 1764 4234 potentia:
1780 4179 1942 4234 Opera
1969 4182 2086 4220 sum
2114 4182 2353 4236 praesen-

785 4267 894 4310 tem
933 4267 1217 4308 assecutus
1240 4256 1635 4325 magistratum.
1669 4258 1758 4311 Ille
1788 4259 2002 4326 qttidcm
2032 4260 2146 4312 haec
2170 4259 2358 4313 callide

785 4348 1021 4412 dicebat,
1043 4350 1142 4404 hoc
1163 4331 1336 4404 solum
1358 4350 1701 4414 machinans,
1732 4361 1790 4403 ut
1814 4365 1936 4403 eum
1960 4351 2184 4404 omnino
2207 4352 2360 4405 blan-

785 4440 869 4497 dis
894 4443 1071 4497 verbis
1090 4442 1334 4502 illiceret.
1359 4455 1408 4496 et
1435 4441 1808 4496 fraudulenter
1835 4444 1901 4497 ad
1923 4445 2167 4498 eamdem
2188 4445 2361 4500 dedu-

2444 1955 2581 2025 χὼν,
2621 1952 2755 2021 πρὸς
2790 1950 2889 2014 τὰς
2927 1951 2982 2002 ἐν
3021 1949 3268 2016 οὐρανοῖς
3301 1947 3506 2014 σκηνὰς
3528 1941 3822 1995 διαϐαίνει,

2515 2043 2614 2099 1Ε’.
2651 2046 2707 2096 Ὀ
2733 2041 2994 2102 σύναθλος
3016 2041 3070 2091 δὲ
3088 2040 3308 2108 Σέργιος
3335 2035 3679 2102 ἀπολειφθεὶς
3698 2032 3849 2103 λύπῃ
3870 2051 3923 2084 τε
3939 2032 4025 2085 διὰ.

2440 2141 2530 2192 τὸν
2554 2137 2831 2208 χωρισμὸν
2865 2136 2955 2187 καὶ
2983 2132 3144 2200 ἡδονῇ
3175 2129 3336 2182 πάλιν
3362 2127 3452 2179 διά
3488 2126 3558 2176 τά
3586 2125 4025 2195 προσδοκώμενα

2445 2230 2751 2299 ἐμερίζετο.
2801 2225 2952 2278 Ἀλλ’
2987 2224 3046 2275 οὗ
3082 2221 3353 2291 περιεῖδεν
3404 2217 3566 2270 αὐτὸν
3620 2216 3700 2287 τῷ
3756 2215 4028 2285 χωριαμῷ

2448 2324 2732 2389 κάμνοντα
2794 2321 2821 2370 6
2884 2316 3092 2382 γλυκὺς
3149 2301 3364 2380 ἐταῗρος
3419 2310 3513 2364 καὶ
3553 2312 3793 2381 ἐραστής
3839 2327 3854 2339 ·
3895 2309 4029 2362 ἀλλὰ

2447 2413 2651 2484 φαιδρᾷ
2701 2412 2766 2481 τῇ
2800 2408 2921 2477 ὄψει
2948 2409 2974 2460 ὁ
3009 2406 3150 2468 θεῖος
3183 2405 3394 2472 Βάκχος
3426 2404 3519 2454 καὶ
3552 2401 3778 2471 συνήθει
3806 2402 3886 2469 τῷ
3929 2401 4028 2464 τῆς

2449 2503 2735 2575 στρατείας
2797 2502 3039 2570 σχήματι
3102 2496 3296 2558 νυκτὸς
3356 2495 3641 2560 ἐπιφανεὶς
3688 2494 3786 2545 καὶ
3853 2493 4029 2542 διαλε-

2448 2597 2595 2668 χθεὶς
2636 2594 2712 2663 τῷ
2748 2594 2886 2662 φίλῳ
2917 2594 3009 2644 καὶ
3042 2591 3277 2659 θάρσους
3311 2586 3618 2655 ἐμπλήσας,
3675 2584 3737 2635 τὸ
3782 2583 4031 2650 σκυθρω-

2450 2692 2550 2744 πόν
2582 2705 2641 2741 τε
2673 2688 2771 2755 τῆς
2807 2683 3046 2752 ἀθυμίας
3072 2679 3305 2742 διέλυσε,
3337 2678 3429 2730 καὶ
3466 2673 3881 2746 ἀσφαλέστερον
3915 2675 4028 2744 ἅμα

2451 2781 2549 2833 καὶ
2603 2777 2983 2845 γενναιότερον
3044 2771 3180 2841 πρὸς
3243 2770 3342 2834 τὰς
3398 2768 3702 2840 μελλούσας
3756 2768 4032 2837 τιμωρίας

2453 2872 2726 2938 διέθηκεν.
2757 2870 2850 2932 El;
2893 2869 2947 2922 δέ
2974 2868 3072 2935 τὴν
3105 2864 3228 2936 ἐξῆς
3262 2861 3492 2925 καθίσας
3522 2862 3550 2914 6
3582 2861 3707 2923 δοϋξ
3739 2864 3833 2912 ἐπὶ
3862 2861 4032 2928 βήμα-

2451 2981 2566 3028 τος,
2619 2963 2714 3015 καὶ
2760 2962 2851 3014 τὸν
2908 2963 3186 3028 μακάριον
3259 2950 3604 3021 παραγαγὼν
3661 2950 3893 3020 Σέργιον
3936 2950 4033 3017 τὴν

2460 3057 2682 3125 λεοντῆν
2712 3053 3004 3108 ἀποϐαλὼν
3035 3051 3062 3101 6
3099 3047 3365 3109 ποικίλος,
3393 3045 3491 3111 τὴν
3517 3043 3815 3108 ἀλωπεκῆν
3854 3041 4034 3092 ἐνδύε-

2378 3174 2422 3232 C
2454 3165 2574 3203 ται·
2608 3148 2700 3200 καί
2733 3163 2855 3198 τινα
2890 3143 3239 3210 πλατάμενος
3282 3139 3360 3200 είς
3411 3138 3576 3190 αὐτὸν
3637 3133 3880 3196 εὔνοιαν,
3935 3136 4030 3184 καὶ

2453 3243 2641 3297 πιστὸν
2669 3241 2826 3310 δῆθεν
2859 3235 3190 3298 ἐπιδεικνὺς,
3217 3235 3298 3286 ὅτι
3325 3233 3420 3304 τὴν
3452 3231 3627 3302 ἀρχὴν
3663 3226 3888 3297 ἐκείνην
3937 3227 4028 3279 ὑπ’

2454 3335 2623 3391 αὐτοῦ
2677 3336 2968 3404 κτήσαιτο,
3031 3328 3347 3388 κολακείαις
3397 3326 3562 3378 αὑτὸν
3622 3325 3702 3385 είς
3770 3323 3830 3374 τδ
3889 3321 4031 3373 θεῖον

2456 3427 2788 3491 ἐξεκαλεῖτο,
2849 3422 2948 3491 τὴν
2998 3418 3242 3484 παντελῆ
3283 3413 3521 3482 Χριστοῦ
3568 3413 3934 3480 ἀλλοτρίωσιν
3980 3413 4037 3461 ἐν

2459 3521 2616 3586 τάξει
2665 3516 2906 3587 χαρίτων
2941 3509 3240 3566 ἀποδοῦναι
3295 3505 3636 3576 βουλόμενος,
3689 3505 3718 3553 6
3773 3503 4038 3570 θεομισὴς

2460 3612 2555 3665 καὶ
2580 3609 2832 3676 ἀνόητος,
2883 3605 3070 3674 ἠρέμα
3121 3599 3177 3651 δέ
3210 3595 3304 3650 καὶ
3341 3593 3516 3648 ταῦτα
3559 3592 3870 3657 ὑποψωνῶν
3899 3606 3913 3622 ⁸
3946 3594 4038 3644 Αἱ-

2462 3705 2735 3773 σχύνομαι
2762 3699 2860 3767 τὴν
2897 3693 3131 3749 παλαιάν
3159 3689 3398 3758 ’ἐκείνην
3427 3686 3784 3755 εὐδαιμονίαν
3817 3685 3917 3737 καὶ
3941 3686 4038 3746 τάς

2463 3801 2541 3862 εἰς
2575 3797 2670 3866 ἐμὲ
2720 3794 2976 3865 χάριτας,
3030 3787 3254 3857 φίλτατε
3310 3784 3523 3853 Σέργιε,
3578 3780 3920 3851 αἰσχύνομαι

2463 3895 2592 3955 τοὺς
2630 3890 2784 3950 θεοὺς
2825 3886 2920 3940 καὶ
2975 3884 3096 3936 οὐδὲ
3124 3880 3258 3951 δρᾷν
3290 3877 3372 3930 ἔτι
3423 3889 3481 3926 σε
3538 3873 3690 3941 φέρω
3739 3874 4037 3926 κατάδικον

2464 3984 2606 4037 οὕτω
2635 3982 2710 4048 τῷ
2739 3977 2992 4048 ἡμετέρῳ
3031 3975 3237 4044 βήματι
3293 3967 3732 4036 παριστάμενον,
3771 3969 3797 4019 6
3853 3966 4042 4018 πολλο-

2468 4074 2590 4135 στὸς
2626 4068 2740 4140 ἐγὼ
2773 4067 2909 4138 πρὸς
2954 4066 3054 4132 τὴν
3102 4060 3201 4130 σὴν
3251 4055 3598 4125 ἐπιφάνειαν,
3649 4054 3748 4105 καὶ
3800 4053 3906 4121 τῆς
3951 4051 4044 4119 σῆς

2467 4165 2655 4236 φιλίας
2689 4162 2783 4215 καὶ
2811 4154 3139 4217 δυναστείας
3170 4151 3337 4222 ἔργον
3385 4146 3484 4218 τὴν
3533 4142 3822 4215 παροῦσαν
3875 4143 4045 4214 ἀρχὴν

2468 4253 2876 4325 περικείμενος.
2923 4247 2985 4300 '0
3015 4248 3110 4316 μέν
3150 4239 3244 4298 οὖν
3280 4239 3603 4310 πανούργως
3639 4236 3794 4302 ἔλεγε
3833 4237 3906 4288 τὰ
3942 4253 4048 4288 τοι-

2468 4347 2634 4412 αῦτα,
2680 4344 2838 4397 τοῦτο
2891 4340 3053 4410 μόνον
3102 4354 3162 4389 τε
3199 4334 3510 4405 χρώμενος,
3568 4332 3719 4392 ὅπως
3769 4328 3941 4381 αὐτὸν
3995 4328 4049 4391 ἐξ

2468 4439 2712 4500 ἅπαντος
2765 4430 3182 4502 ὑποκλέψῃκαὶ
3215 4432 3353 4497 πρὸς
3404 4424 3502 4493 τὴν
3541 4426 3663 4492 ῐσην
3708 4421 3867 4490 αὑτῷ
3920 4420 4050 4491 θρη-

785 4544 938 4592 ceret
963 4534 1298 4604 religionem.
1321 4534 1602 4588 llleautem
1627 4551 1640 4585 :
1670 4533 1772 4586 Sed
1802 4535 1843 4587 si
1869 4550 1974 4596 me,
2001 4535 2200 4604 inquit,
2226 4538 2346 4591 velis

2470 4533 2658 4584 σκείαν
2687 4527 2915 4596 δολερῶς
2944 4524 3325 4592 ὑπαγάγηται.
3390 4519 3449 4570 '0
3469 4517 3547 4581 δέ,
3588 4515 3732 4567 Ἀλλ’
3761 4517 3811 4568 εί
3846 4514 4051 4585 βούλει,

784 4645 933 4684 nunc
951 4644 1164 4698 quoque
1195 4629 1250 4682 in
1281 4628 1528 4682 maximis
1553 4627 1711 4680 bonis
1744 4627 1993 4694 accipere
2041 4628 2358 4683 benefacto-

788 4737 927 4781 retn,
950 4732 1203 4792 prompto
1225 4730 1280 4775 et
1304 4720 1468 4773 alacri
1490 4721 1674 4772 animo
1704 4719 1797 4771 tibi
1841 4718 1939 4772 hac
1969 4718 2024 4772 in
2075 4735 2133 4773 re
2182 4721 2358 4775 inser-

788 4817 958 4869 viam.
991 4813 1122 4868 Nam
1162 4831 1285 4870 cum
1355 4824 1406 4869 te
1459 4813 1762 4867 liberavero
1813 4810 1882 4864 ab
1933 4810 2032 4865 hac
2085 4813 2354 4883 profunda

792 4910 1138 4976 deceptione,
1171 4909 1436 4961 adducam
1473 4907 1536 4959 ad
1589 4907 1765 4959 lucem
1815 4903 2076 4974 veritatis,
2127 4919 2180 4960 et
2230 4907 2364 4978 Regi

777 5002 1086 5057 immortali
1139 5003 1362 5056 reddam
1428 4999 1772 5053 familiarem.

866 5095 1004 5149 XVI.
1039 5094 1154 5148 Non
1211 5095 1464 5148 lubenter
1507 5093 1680 5148 audiit
1725 5110 1809 5157 ea,
1851 5111 1971 5163 qua
2021 5094 2366 5154 dicebantur.

798 5189 964 5242 homo
1019 5189 1108 5256 qui
1171 5187 1516 5244 assuefactus
1558 5196 1675 5240 erat
1705 5189 1980 5254 interitui;
2029 5188 2123 5242 sed
2186 5185 2366 5239 statim

800 5279 1052 5349 Sergium
1089 5284 1306 5349 gravius
1335 5292 1390 5333 et
1416 5279 1660 5333 severius
1690 5279 1962 5347 aSpicieus
1995 5294 2010 5330 :
2081 5275 2156 5330 Ne
2215 5277 2365 5338 deos,

801 5373 1002 5441 inquit,
1069 5373 1415 5442 blasphemes
1471 5372 1823 5425 immortales.
1919 5368 2117 5440 Martyr
2191 5380 2370 5422 autem

805 5467 987 5522 acrius
1019 5477 1180 5520 utens
1212 5465 1430 5523 dicendi
1465 5465 1731 5525 libertate,
1755 5474 1924 5517 totum
1965 5462 2196 5516 faciebat
2246 5475 2377 5514 eon-

805 5559 1031 5616 trarimn
1060 5569 1147 5612 :et
1181 5541 1473 5612 illiusideos
1502 5556 1767 5610 alliciebat
1807 5554 2018 5623 probris
2069 5568 2132 5606 ac
2183 5560 2379 5605 contu-

807 5653 1004 5712 meliis.
1030 5663 1083 5706 et
1124 5668 1219 5707 eos
1243 5651 1417 5704 solum
1449 5651 1671 5704 nomina
1711 5650 1936 5702 vocabat
1987 5662 2044 5701 re
2086 5647 2326 5700 carentia
2360 5663 2371 5698 :

809 5761 907 5801 eos
933 5762 1083 5807 vero,
1109 5745 1198 5814 qui
1235 5745 1354 5798 illos
1384 5743 1682 5797 adorabunt
1709 5753 1764 5796 et
1787 5742 2063 5805 colebant,
2118 5737 2376 5794 ostende-

811 5837 904 5893 bat
927 5835 1094 5890 multo
1122 5840 1331 5892 minore
1361 5851 1522 5890 sensu
1550 5849 1670 5889 esse
1709 5834 1961 5904 prasditos
1990 5849 2148 5902 quam
2186 5828 2379 5885 surdos

2470 4625 2624 4695 φησι,
2658 4623 2752 4675 καὶ
2781 4619 2874 4672 νῦν
2905 4619 2962 4669 ἐν
2988 4619 3100 4678 τοῖς
3147 4612 3430 4683 μεγίστοις
3476 4609 3587 4662 τῶν
3628 4606 3862 4672 ἀγαθῶν
3895 4608 4050 4675 eisp-

2471 4719 2636 4787 γέτην
2659 4713 2842 4766 λαϐεῖν
2876 4727 2942 4780 με
2975 4707 3252 4778 πρόθυμος
3280 4701 3472 4770 ἔσομαί
3497 4717 3584 4767 γε.
3632 4697 4050 4766 Ἐλευθερώσας

2469 4811 2576 4878 γάρ
2629 4824 2686 4860 σε
2745 4805 2843 4872 τῆς
2898 4799 3122 4871 βαθείας
3179 4795 3383 4865 ταύτης
3453 4793 3692 4864 ἀπάτης,
3773 4789 3855 4859 τῷ
3953 4791 4046 4856 τῆς

2465 4899 2726 4970 ἀληθείας
2759 4893 3016 4965 προπάξω
3051 4892 3191 4961 φωτὶ
3239 4887 3335 4940 καὶ
3370 4885 3579 4956 βασιλεῖ
3641 4883 3722 4952 τῷ
3781 4884 4042 4951 ἀθανάτῳ

2468 4989 2995 5063 προσοικειώσομαι.

2539 5083 2656 5152 ΠΤ.
2712 5084 2826 5136 Οὐκ
2863 5083 3098 5150 ἡκουσεν
3151 5077 3326 5146 ἡδέως
3377 5074 3485 5152 τῶν
3537 5075 3869 5141 λεγομένων
3913 5076 3940 5128 ὀ
3989 5074 4048 5139 τῇ

2467 5149 2715 5246 ἀπωλείᾳ
2749 5149 3088 5231 συνεθισθεὶς
3120 5170 3410 5239 ἅνθρωπος
3432 5149 3585 5220 ἀλλ’
3611 5166 4051 5235 ἐμϐριθέστερον

2471 5269 2665 5322 αὐτίκα
2695 5267 2906 5335 Σεργίῳ
2933 5265 2992 5316 τὸ
3021 5264 3236 5333 βλέμμα
3259 5259 3533 5313 ἐπιϐαλών
3562 5274 3575 5289 ’
3611 5259 3702 5324 Μὴ
3737 5259 4054 5327 βλασςήμει

2471 5365 2594 5424 τοὺς
2627 5361 2952 5423 ἀθανάτους,
2984 5360 3114 5426 εφη,
3149 5353 3323 5417 θεούς.
3376 5353 3533 5406 Καὶδ
3567 5353 3783 5420 μάρτυς
3814 5351 3900 5416 δξ,
3939 5353 4057 5418 65:.-

2481 5456 2706 5525 μότερον
2737 5453 2899 5504 πάλιν
2932 5454 2997 5520 τῇ
3024 5448 3311 5520 παρρησία
3335 5430 3708 5515 χρησάμενος,
3743 5445 4055 5495 τούναντίειν

2482 5550 2626 5600 ἂπαν
2673 5546 2880 5598 ἐποίειο
2943 5545 3038 5594 καὶ
3075 5543 3199 5601 τοὺς
3254 5540 3465 5590 ἐκείνου
3511 5538 3671 5597 θεοὺς
3707 5534 3966 5603 ἐξύϐριζέ
4001 5548 4052 5584 2.:

2484 5641 2577 5692 καὶ
2596 5638 2837 5705 ὀνόματα
2859 5635 3016 5705 μόνον
3039 5634 3229 5685 αὑτοίκ
3256 5631 3440 5684 ἐκάλει
3467 5629 3817 5698 πραγμάτων
3842 5629 4020 5696 ἔρημα
4039 5638 4050 5650 ·

2487 5733 2732 5794 καὶτοὺς
2767 5726 3212 5798 προσκυνοῦντας
3243 5723 3299 5776 δὲ
3346 5724 3441 5775 καὶ
3491 5721 3827 5791 σεϐομένους
3863 5718 4050 5775 αὐτοις

2489 5822 2977 5892 άναισθητοτέρονς
3011 5817 3189 5887 πολλῷ
3211 5817 3319 5870 τῶν
3352 5815 3554 5884 κωφῶν
3585 5813 3817 5868 ἐκείνων
3854 5807 4046 5864 ἐδείκνυ
