4178 6316
167 353 314 420 1025

1110 366 1577 430 MARTYRlUM
1621 371 1726 434 SS.
1769 372 2032 435 SERGll
2073 375 2166 437 ET
2208 378 2481 441 BACCHI

3300 395 3438 462 1026

167 469 338 526 θεῶν.
382 469 441 523 '0
475 469 603 536 δοῦξ
635 472 815 526 τοίνυν
844 473 920 535 ὡς
948 473 1096 545 ἐώρα
1139 476 1435 530 κολακειῶν
1470 496 1526 531 τε
1560 481 1720 549 κρείτ

1831 540 1832 543 η
1869 483 1988 537 illos
2018 486 2169 540 deos.
2206 486 2316 541 Dux
2347 497 2528 543 autem
2562 502 2845 561 postquam
2896 499 3028 553 vidit
3095 501 3343 574 Sergium
3381 519 3439 563 et

163 577 250 614 τω
303 562 397 615 καὶ
449 565 688 618 ἀπειλῶν
737 569 827 621 τὸν
880 567 1114 644 Σέργιον
1149 611 1162 634 ,
1219 571 1312 622 καὶ
1348 572 1457 624 οὐδ’
1506 573 1757 637 ὁπωσοῦν

168 653 489 708 ὑποδιδόντα
518 657 614 726 τῆς
646 659 978 729 παρρησίας,
1008 660 1204 712 αὐτίκα
1247 663 1348 730 τὴν
1376 663 1755 732 κατεψευσμέ-

167 763 273 814 νην
305 748 522 817 ἐκείνην
561 749 744 816 φιλίαν
776 754 868 803 καὶ
903 752 965 804 τὸ
1001 756 1343 818 προσωπεῖον
1398 757 1755 828 ἀποδυσάμε-

165 856 257 900 νος
290 841 426 909 ὅπερ
453 836 521 911 ἦν
567 843 813 912 ἐναργῶς
855 844 1232 909 ἀπεδείκνυτο,
1281 849 1373 899 καὶ
1424 848 1499 911 ὡς
1552 850 1750 916 ἔοικεν,

177 929 242 982 Ἢ
264 927 432 1000 πολλή
459 951 583 1001 μου,
610 939 794 1001 φησὶν,
819 936 1110 1005 ἡμερότης,
1133 943 1224 989 καὶ
1248 940 1304 994 τὸ
1328 940 1573 1008 ἀκαίρως
1596 941 1752 994 τοῦτο

163 1024 309 1093 πρός
339 1042 397 1077 σε
444 1025 852 1095 φιλάνθρωπον,
905 1027 1081 1081 ταῦιὰ
1138 1045 1198 1081 σε
1246 1031 1382 1099 πρὸς
1431 1030 1750 1094 ἀλαζονείαν

163 1115 350 1186 ἐπῆρε
381 1134 394 1148 ’
434 1120 525 1171 καὶ
571 1120 712 1171 οὕτω
759 1121 881 1171 καθ’
917 1121 1073 1189 ἡμῶν
1126 1139 1184 1174 τε
1221 1123 1398 1176 αὐτῶν
1459 1127 1556 1176 καὶ
1611 1124 1748 1177 θεῶν

161 1208 393 1276 ἠρέθισε
424 1211 532 1262 τῶν
569 1211 847 1280 μεγάλωνῖ
884 1213 1044 1265 ’Λλλὰ
1073 1215 1166 1267 καὶ
1195 1217 1285 1267 τὸν
1315 1215 1482 1282 τῦφον
1523 1218 1746 1285 ἀπομα-

156 1298 324 1372 θήσῃ,
359 1300 418 1353 εὖ
459 1296 598 1367 οἶδα,
639 1304 729 1354 καὶ
766 1303 1082 1375 ἐπιμελήσῃ
1127 1306 1222 1374 τῆς
1264 1305 1576 1369 αὐθαδείας,
1648 1306 1744 1358 καὶ

161 1394 354 1464 γνώσῃ
391 1393 618 1445 σεαυτὸν
666 1394 726 1445 οὗ
761 1394 989 1464 μεσίτην
1041 1398 1166 1464 ἄρτι
1195 1399 1305 1448 τῶν
1338 1399 1535 1450 κοινῶν
1586 1398 1739 1464 ὄντα,

154 1484 284 1534 οὐδὲ
323 1485 472 1553 παρὰ
512 1484 724 1554 βασιλεί
756 1487 822 1538 τὰ
861 1488 1076 1556 μεγάλα
1106 1488 1427 1558 δυνάμενον,
1475 1492 1613 1544 ἀλλά
1646 1510 1743 1544 κα-

147 1575 420 1643 τάκριτον
475 1579 567 1629 καὶ
617 1577 908 1648 δεσμώτην
963 1584 1054 1632 καὶ
1100 1582 1153 1633 εί
1175 1599 1226 1633 τι
1258 1582 1385 1634 ἄλλο
1432 1589 1543 1647 τοῖς
1601 1585 1742 1638 οὕτω

160 1667 428 1736 φρονοῦσι
465 1671 634 1722 κακὸν
666 1670 883 1726 ἕπεται.
934 1674 1042 1724 Καὶ
1089 1674 1290 1726 αὐτίκα
1336 1675 1432 1742 τὴν
1482 1677 1590 1728 ἀπὸ
1638 1678 1736 1729 τοῦ

151 1757 424 1824 φρουρίου
460 1757 676 1827 Σουρῶν
758 1761 850 1812 ἐπὶ
903 1759 1002 1831 τὴν
1055 1763 1206 1813 πόλιν
1258 1763 1555 1832 Ῥωσαφὼν
1585 1769 1738 1820 στελ-

1859 575 2156 642 blanditiis,
2191 591 2244 633 et
2271 582 2433 635 minis
2454 597 2572 638 esse
2608 589 2968 656 superiorem,
2996 602 3051 646 et
3083 594 3215 649 nihil
3245 606 3438 653 remit-

1861 678 2062 724 tentem
2098 674 2162 727 de
2191 674 2446 742 l0qnendi
2473 677 2739 742 libertate,
2773 682 2917 737 illam
2958 688 3140 741 statim
3197 694 3435 747 ementi-

1859 769 1964 814 tam
1996 778 2209 819 exuens
2236 769 2532 824 amicitiam
2582 783 2636 825 et
2696 790 3004 843 personam,
3034 792 3223 848 aperte
3250 796 3435 839 osten-

1853 853 1932 907 dit
1963 854 2012 907 id
2037 857 2180 925 quod
2208 870 2318 912 erat
2353 879 2364 914 :
2398 872 2474 924 ct,
2510 863 2696 932 Magna
2725 884 2863 931 mea,
2917 871 3112 940 inquit,
3178 892 3435 934 mansue-

1853 945 2007 1008 tudo,
2055 958 2109 1002 et
2163 949 2277 1005 haec
2335 953 2388 1006 in
2441 964 2491 1006 te
2573 957 2885 1026 importuna
2973 962 3298 1034 benignitas,
3362 971 3430 1024 ad

1851 1040 2214 1107 arrogantiam
2249 1051 2300 1095 te
2324 1046 2663 1111 extulerunt,
2717 1058 2771 1102 et
2818 1054 2897 1106 sic
2949 1054 3003 1106 in
3057 1071 3155 1110 nos
3183 1059 3346 1127 ipsos.
3375 1073 3431 1116 et

1849 1128 1983 1185 deos
2014 1146 2240 1203 magnos
2266 1150 2651 1204 provocarunt.
2680 1140 2784 1196 Sed
2829 1144 3077 1203 dedisces
3125 1151 3229 1220 (sat
3288 1156 3426 1224 scio)

1848 1224 2184 1290 superbiam.
2220 1239 2273 1282 et
2312 1231 2652 1286 oblivisceris
2702 1242 2805 1289 tuae
2845 1244 3185 1309 arrogantiae,
3226 1256 3284 1299 et
3332 1263 3426 1300 co—

1846 1318 2077 1379 gnosces
2105 1317 2336 1385 teipsum
2363 1335 2476 1374 non
2506 1337 2627 1376 esse
2661 1340 2840 1379 rerum
2881 1334 3256 1387 communiqu
3308 1352 3428 1392 am-

1845 1402 1988 1471 plius
2013 1406 2464 1479 intercessorem,
2510 1430 2690 1484 neque
2736 1433 2895 1486 posse
2939 1424 3231 1491 plurimum
3281 1432 3426 1498 apud

1846 1494 2251 1567 imperatorem,
2281 1504 2374 1558 sed
2401 1519 2522 1560 esse
2553 1509 2868 1564 damnatum
2909 1521 2961 1566 et
2983 1515 3246 1580 vinetum,
3282 1494 3336 1574 et
3379 1522 3425 1576 si

1843 1593 1985 1657 quod
2007 1593 2153 1648 aliud
2188 1598 2393 1652 malum
2418 1603 2668 1669 sequitur
2697 1622 2813 1670 eos,
2844 1609 2936 1678 qui
2963 1611 3034 1664 ita
3059 1617 3324 1670 sentiunt.
3357 1619 3426 1673 Et

1842 1683 2022 1734 statim
2090 1697 2120 1736 ο
2185 1688 2438 1755 prazsidio
2500 1689 2766 1748 Surorum
2815 1697 2925 1752 dux
2970 1702 3321 1769 proﬁciscens
3365 1706 3420 1761 in

1841 1771 2113 1829 civitatem
2146 1775 2544 1848 liosaphorum,
2582 1786 2744 1839 edicit
2801 1799 2858 1841 ut
2901 1790 3174 1847 calceetur
3218 1798 3423 1853 athleta

146 1844 383 1912 λόμενος
444 1850 670 1918 πορείαν
703 1851 729 1901 ὀ
784 1851 932 1917 δουξ,
987 1853 1235 1922 σιδηραῖς
1293 1860 1552 1926 κρηπῖσιν
1588 1857 1726 1928 ἥλοις

1844 1867 2103 1933 crepidis,
2159 1868 2354 1924 ferreis
2387 1874 2555 1928 clavis
2617 1878 2890 1933 conlisis:
2943 1891 2998 1934 et
3038 1886 3422 1942 conscendens

140 1937 294 2006 ὀξέσι
341 1942 800 2010 ὲμπεπαρμέναις
836 1943 929 1994 τὸν
977 1942 1216 2014 ἀθλητὴν
1259 1945 1586 2014 ὑποδεθῆναι
1627 1964 1736 2002 πα·

141 2034 481 2100 ρασκευάζει
513 2050 528 2065 ⁸
567 2037 658 2087 καὶ
688 2036 960 2105 ὀχήματος
1004 2039 1163 2100 αὐτὸς
1213 2040 1435 2105 ἐπιϐὰς,
1483 2040 1731 2112 ἐμπροσ-

138 2127 235 2177 θεν
303 2128 376 2190 ὼς
403 2123 512 2199 εἶχε
541 2131 717 2185 ποδῶν
763 2133 980 2202 τρέχειν
1012 2133 1103 2185 τὸν
1154 2132 1310 2200 ἅγιον
1364 2138 1458 2188 ἐπὶ
1503 2136 1735 2208 ἑϐδομή-

140 2221 316 2274 κοντά
351 2238 451 2273 που
489 2224 737 2286 σταδίους
763 2226 892 2294 ἄχρι
934 2226 1362 2296 Τετραπυργίας
1395 2230 1731 2298 ἠνάγκαζεν.

136 2310 305 2363 ’Ὁσοι
359 2314 458 2380 μὲν
519 2314 611 2367 οὖν
668 2318 942 2386 ἀπορρέον
1002 2319 1060 2368 τὸ
1111 2320 1291 2371 ποδῶν
1345 2315 1482 2388 αἷμα
1535 2325 1725 2393 ἐώρων

138 2403 458 2470 θαυμάζειν
490 2422 549 2456 τε
590 2408 773 2468 αὐτοῖς
810 2408 1052 2477 ἀτεχνῶς
1089 2407 1268 2478 ἐπῄει,
1309 2415 1402 2462 καὶ
1441 2415 1531 2465 τὸν
1558 2415 1725 2484 ἀθλη-

137 2496 244 2563 τὴν
281 2495 379 2563 τῆς
417 2501 718 2567 καρτερίας
755 2500 1178 2569 ἐκπλήττεσθαι.
1244 2503 1470 2571 Ἐκείνῳ
1511 2504 1564 2556 δὲ
1617 2507 1730 2575 ἄρα

134 2591 196 2639 αἱ
238 2589 347 2642 τῶν
391 2592 858 2661 προσδοκωμένων
902 2594 1116 2658 ἐλπίδες
1186 2597 1398 2666 ῥανίδες
1447 2598 1726 2668 παρακλή-

138 2699 286 2743 σεως
321 2679 464 2752 ἦσαν
498 2686 557 2748 ἐξ
602 2687 835 2754 οὐρανοῦ
875 2688 1148 2752 στάζουσα
1216 2691 1307 2743 καὶ
1343 2692 1402 2743 τὸ
1451 2690 1589 2760 βαρὺ
1622 2692 1728 2745 τῶν

131 2775 340 2828 ὀδυνῶν
379 2779 765 2848 ὑπεκούφιζον,
823 2783 1046 2845 ἀλύπως
1091 2802 1148 2836 τε
1201 2787 1379 2856 εἴχετο
1431 2788 1529 2855 τῆς
1577 2786 1719 2847 ὀδοῦ,

130 2876 229 2921 καὶ
247 2872 343 2922 σὺν
365 2871 521 2942 ἡδονῇ
545 2874 714 2925 ταῦτα
737 2875 1061 2944 ensem.“-
1077 2896 1094 2927 ι
1122 2877 1443 2945 ’Υπομένων
1459 2882 1726 2950 ὑπέμεινα

129 2965 229 3016 τὸν
255 2964 457 3034 Κύριον
481 2983 493 2996 ’
532 2967 800 3038 προσέσχε
823 2987 910 3039 μοι
941 2972 1031 3022 καὶ
1051 2972 1340 3037 εἰσήκουσε
1368 2978 1463 3040 τῆς
1486 2975 1725 3043 δεήσεώς

1843 1956 2178 2022 vehiculum,
2209 1965 2387 2031 coegit
2419 1976 2665 2021 sanetum
2736 1971 2809 2024 ita
2855 1973 3084 2040 pedibus
3140 1979 3420 2039 adet-tum,

1839 2056 1966 2102 ante
1993 2050 2173 2120 ipsum
2201 2069 2426 2110 currere
2457 2057 2523 2112 ad
2548 2063 2890 2131 septuaginta
2927 2067 3097 2120 stadia
3135 2084 3309 2138 usque
3351 2072 3421 2126 ad

1843 2137 2276 2214 Tetrapyrgiam.
2313 2148 2493 2218 Atque
2545 2153 2856 2222 quicunque
2899 2157 3118 2225 quidem
3161 2137 3420 2219 videbant

1836 2238 2155 2305 sanguinem
2183 2254 2212 2292 e
2247 2241 2478 2309 pedibus
2503 2245 2854 2312 deﬂuentem,
2895 2250 2975 2304 eis
3024 2253 3184 2319 plane
3245 2255 3419 2308 admi-

1839 2329 1946 2380 rari
1999 2330 2247 2384 veniebat
2279 2334 2330 2385 in
2360 2343 2620 2397 mentem,
2648 2346 2702 2389 et
2742 2341 2961 2394 athletae
3002 2352 3225 2411 stupere
3287 2346 3418 2399 tole-

1840 2422 2094 2475 rantiam.
2122 2422 2342 2494 Martyri
2364 2437 2544 2481 autem
2575 2443 2700 2496 spes
2719 2445 2931 2492 eorum,
2964 2448 3085 2500 quae
3133 2447 3417 2504 exspecta-

1836 2510 2058 2574 bantur,
2084 2525 2239 2568 erant
2264 2529 2427 2586 guttae
2450 2521 2861 2584 consolationis,
2887 2540 3008 2593 quae
3061 2527 3328 2583 cadebant
3381 2544 3416 2586 θ

1835 2606 1996 2665 coelo,
2054 2616 2108 2658 ct
2149 2610 2402 2664 levabant
2458 2614 2706 2669 dolorum
2753 2616 3100 2686 gravitatem.
3159 2619 3222 2673 Et
3278 2622 3412 2676 citra

1834 2702 2140 2756 molestiam
2177 2706 2433 2773 pergebat
2462 2708 2809 2779 iteringredi,
2857 2712 2907 2765 ei
2970 2714 3085 2767 haec
3142 2715 3409 2783 psallebat

1839 2810 1963 2846 cum
1996 2793 2178 2848 laetitia
2213 2813 2226 2850 :
2269 2815 2286 2847 ι
2317 2794 2646 2869 Exspectan's
2673 2803 2982 2871 exspectavi
3016 2804 3326 2869 Dominum.
3357 2819 3413 2863 et

1833 2884 2074 2939 intendit
2094 2888 2245 2939 mihi.
2272 2887 2335 2942 Et
2361 2891 2636 2945 exaudivit
2657 2893 3098 2962 deprecationem
3121 2913 3292 2952 meam
3317 2920 3328 2955 :
3355 2910 3412 2956 et

1829 2977 2015 3030 eduxit
2035 2993 2120 3029 tne
2142 2980 2207 3031 de
2233 2980 2347 3033 lacu
2373 2982 2755 3045 adlictioniset
2777 3001 2806 3039 e
2833 2987 2943 3041 luto
2966 2988 3124 3044 facis.
3141 2989 3201 3042 Et
3224 2991 3412 3048 statuit

134 3073 245 3124 μου
271 3071 285 3084 ·
339 3058 432 3109 καὶ
473 3059 715 3129 mm”:
758 3079 824 3130 με
861 3065 922 3114 ὲκ
949 3062 1154 3114 λάκκου
1179 3060 1578 3133 ταλαιπωρίας,
1620 3067 1716 3117 καὶ

1831 3067 1884 3120 in
1909 3068 2196 3122 latitudine
2220 3071 2384 3138 pedes
2406 3087 2574 3133 meos,
2600 3083 2654 3126 et
2675 3074 2874 3128 direxit
2897 3093 3115 3142 gressus
3149 3096 3299 3134 meos
3325 3081 3400 3134 ‘.a

127 3151 244 3202 ἀπὸ
294 3152 467 3219 πη).οὖ
531 3156 698 3218 ἰλύος,
756 3160 852 3208 καὶ
905 3157 1134 3228 ἔστησεν
1188 3160 1244 3209 ὲν
1302 3157 1602 3228 εὐρυχώρῳ
1650 3159 1776 3219 τοὺς
1838 3161 2003 3222 πόδας
2036 3181 2137 3232 μου
2175 3165 2268 3217 καὶ
2295 3166 2594 3220 κατεύθυνε
2623 3163 2689 3221 τὸι
2718 3169 3032 3240 διαδήματὰ
3067 3189 3191 3242 μου.

210 3242 309 3296 lZ'.
373 3245 468 3308 Ὠς-
505 3247 561 3298 δὲ
610 3248 704 3299 καὶ
738 3248 834 3314 τὴν
870 3251 1283 3320 τετραπυργίαν
1332 3249 1432 3318 ἤδη
1482 3247 1714 3300 κατελα-

129 3335 257 3398 εον,
295 3339 458 3388 αὑτὸν
499 3337 599 3401 μὲν
650 3341 706 3388 ὲν
762 3341 978 3410 φυλακῇ
1031 3341 1319 3411 δεσμώτην
1372 3341 1718 3410 ἐλάμϐανεν·

125 3428 278 3480 οὕτω
311 3430 649 3500 προσταχθὲν
675 3431 779 3485 ὑπὸ
818 3432 913 3486 τοῦ
952 3435 1140 3497 δουκὸς
1169 3449 1180 3461 ·
1212 3436 1417 3487 ἐκεῖνον
1467 3434 1524 3486 δὲ
1557 3451 1721 3503 φρον-

138 3522 292 3582 τίδες
320 3524 376 3573 ἐν
397 3531 551 3591 χερσὶ
571 3524 848 3594 δημοσίων
871 3528 1214 3596 πραγμάτων
1234 3523 1398 3594 εἶχον.
1441 3527 1718 3595 Ἐσπέρας

130 3614 194 3666 δὲ
227 3616 330 3687 ἤδη
365 3617 664 3685 γενομένης
714 3616 874 3686 μόνος
908 3618 1060 3686 παρὰ
1088 3620 1150 3688 τῇ
1178 3617 1394 3688 φυλακῇ
1431 3619 1459 3670 ὁ
1484 3619 1716 3688 μάρτυς

124 3705 486 3772 ἁπολειίιθεὶς
528 3723 545 3753 ι
579 3707 637 3756 Ut
676 3705 968 3768 ἐσθίοντες,
1001 3726 1017 3758 ο
1050 3708 1298 3776 ἔψαλλεν,
1334 3728 1351 3759 ι
1388 3708 1582 3778 ἄρτους
1614 3727 1714 3779 μου

125 3800 483 3867 ἐμεγάλυναν
527 3797 613 3850 ἐπ’
670 3797 770 3867 ἐμὲ
831 3802 1230 3868 πτερνισμόν.»
1295 3802 1405 3854 Καὶ
1458 3802 1716 3871 σχοινίοις

127 3891 407 3942 διέτειναν
460 3890 669 3959 παγίδα
711 3893 820 3952 τοῖς
869 3891 998 3943 ποσί
1053 3909 1176 3961 μου,
1226 3895 1319 3944 καὶ
1351 3893 1716 3960 διελογίσαντο

123 3981 224 4035 τοῦ
276 3981 635 4037 ὐποσκελίσαι
685 3987 769 4037 ιιςὲι⁴
812 3985 1126 4054 διαδήματά
1173 4001 1302 4054 μου.
1359 3985 1711 4050 Ἀλλ”αύτὸς,

125 4076 332 4145 Κύριε,
371 4077 564 4149 Κύριε,
617 4078 935 4149 πρόφθασον
974 4081 1172 4141 αὐτοὺς
1215 4079 1311 4131 καὶ
1353 4079 1714 4135 ὐποσκέλισον

123 4167 361 4233 αὐτοὺς,
395 4171 490 4220 καὶ
523 4168 686 4239 ῥῦσαι
720 4170 829 4222 ἀπὸ
870 4171 1084 4224 ασεὸῶν
1110 4171 1208 4239 τὴν
1243 4172 1423 4243 ψυχήν
1464 4190 1588 4242 μου,
1621 4173 1714 4226 καὶ

122 4262 194 4313 ἐκ
229 4262 409 4332 χειρὸς
467 4264 628 4325 κυνὸς
685 4265 784 4330 τὴν
851 4264 1117 4334 μονογενῆ
1189 4281 1314 4335 μου.
1369 4265 1536 4319 Ὅθεν
1569 4267 1710 4320 ὀὐδὲ

121 4356 524 4424 ἁπαράκλητον
558 4355 724 4408 αὑτοῦ
756 4343 854 4428 τὴν
879 4357 1060 4428 ψυχὴν
1093 4359 1256 4412 πάλιν
1284 4363 1310 4411 ὁ
1343 4360 1471 4421 τοὺς
1510 4360 1710 4428 στεφά-

121 4463 221 4500 νου
273 4448 423 4517 αὑτῴ
441 4447 656 4501 πλέκων
679 4450 886 4504 ἄνωθεν
908 4453 1179 4516 περιεῖδεν
1198 4469 1210 4482 ·
1230 4451 1364 4503 αλλὰ
1383 4451 1712 4520 κηδεμονίαν

1901 3249 2062 3306 XVII.
2097 3252 2391 3323 Postquam
2421 3266 2602 3310 antem
2631 3258 2741 3327 jam
2785 3262 3165 3329 pervenissent
3211 3264 3406 3321 Tetra-

1823 3343 2088 3413 pyrgiam,
2118 3343 2294 3412 ipsum
2335 3346 2553 3415 quidem
2605 3354 2824 3417 excepit
2857 3353 3124 3418 custodia,
3166 3356 3402 3411 duceita

1818 3435 2094 3505 jubente:
2151 3437 2299 3491 illum
2360 3449 2541 3494 autem
2585 3452 2839 3511 urgentes
2887 3458 3031 3500 cum
3093 3446 3403 3516 reipublicae

1825 3538 2117 3585 tenuerunt
2149 3532 2669 3602 occupatum.‘Cum
2719 3545 2898 3590 autem
2943 3537 3052 3606 jam
3098 3550 3245 3596 esset
3308 3557 3403 3597 ve-

1825 3633 1975 3687 Sper,
2009 3632 2214 3690 martyr
2244 3624 2465 3678 relictus
2495 3627 2646 3679 solus
2703 3627 2754 3679 in
2779 3632 3047 3692 custodia,
3091 3632 3352 3700 psallebat
3382 3653 3400 3690 :

1825 3730 1842 3763 ι
1882 3709 1984 3777 Qui
2014 3713 2376 3768 comedebant
2416 3730 2584 3783 panes
2629 3733 2799 3782 meos,
2853 3722 3268 3790 magniticarunt
3306 3741 3401 3780 su-

1820 3819 1916 3872 per
1948 3820 2032 3858 me
2061 3805 2556 3873 snpplantationem
2581 3809 2653 3864 ’.ι
2697 3807 2759 3862 Ει
2791 3808 3014 3866 funibus
3036 3817 3400 3872 extenderunt

1815 3895 2066 3966 laqueum
2098 3897 2323 3966 pedibus
2353 3901 2505 3964 meis,
2541 3909 2594 3952 et
2645 3903 3019 3971 cogitaverunt
3051 3909 3401 3977 supplantare

1816 4002 2034 4059 gressus
2053 4003 2228 4044 meos.
2253 3989 2357 4044 Sed
2390 4001 2466 4056 tu,
2497 3992 2741 4054 Domine,
2776 3991 3023 4059 Domine,
3056 4001 3311 4065 praeveni,
3340 4009 3397 4054 et

1817 4083 2106 4151 supplanta
2146 4099 2242 4137 eos
2274 4102 2289 4137 :
2323 4094 2376 4138 et
2403 4085 2573 4140 libera
2599 4086 2666 4140 ab
2698 4086 2879 4154 impiis
2909 4088 3144 4143 animam
3173 4106 3346 4143 meam
3376 4107 3393 4146 :

1815 4188 1870 4228 et
1892 4174 1958 4228 de
1991 4190 2155 4228 manu
2189 4175 2348 4230 canis
2383 4176 2597 4231 unicam
2625 4192 2842 4240 tueam.
2894 4177 3072 4242 Quare
3129 4196 3232 4234 nec
3261 4196 3397 4236 con-

1815 4268 2099 4323 solationis
2128 4279 2410 4338 expertem
2469 4271 2588 4338 ejus
2620 4269 2860 4323 animam
2903 4285 3093 4326 rursus
3137 4273 3396 4345 dexpexit

1814 4363 1881 4426 is,
1923 4365 2014 4432 qui
2055 4379 2085 4417 e
2112 4363 2326 4432 superis
2354 4364 2402 4416 ei
2440 4363 2696 4417 nectebat
2741 4377 2992 4428 coronas,
3023 4365 3119 4420 sed
3159 4375 3215 4419 et
3249 4367 3397 4420 mul-

1815 4461 1923 4508 tam
1959 4469 2017 4508 se
2047 4455 2167 4524 ejus
2194 4470 2379 4510 curam
2428 4469 2618 4525 gerere
2659 4457 2923 4520 ostendit,
2950 4466 3000 4511 et
3060 4457 3311 4528 angelum
3341 4459 3394 4516 ei

122 4557 189 4592 τε
220 4541 426 4610 πολλὴν
478 4543 606 4612 περὶ
629 4545 820 4596 τουτον
863 4545 1255 4606 ἐπιδείκνυται,
1338 4544 1432 4596 καὶ
1478 4545 1709 4612 ἄγγελον

1831 4549 1964 4603 nisit
1993 4550 2169 4603 media
2202 4560 2361 4605 nocte
2419 4571 2431 4604 :
2461 4549 2575 4619 qui,
2609 4565 2733 4603 cum
2779 4549 2930 4620 prius
2959 4549 3106 4606 illius
3150 4551 3389 4608 animam

120 4634 282 4703 αὐτῷ
315 4635 454 4687 κατὰ
486 4636 662 4704 μέσην
687 4635 966 4705 ἐκπέμπει
989 4636 1086 4705 τὴν
1119 4635 1289 4688 νύκτα
1311 4656 1324 4668 ·
1355 4636 1712 4710 ὃς·πρότερον

118 4728 229 4798 τὴν
275 4712 484 4782 ἐκείνου
520 4728 701 4797 ψυχὴν
754 4728 928 4798 ἡδέως
957 4731 1432 4801 ἀνακτησάμενος,
1468 4729 1588 4785 εἶτα
1623 4733 1714 4786 καὶ

120 4821 226 4873 τοῦ
281 4819 532 4889 σώματος
583 4821 962 4890 ἐπιμεληθεὶς,
1014 4823 1268 4887 καὶτοὺς
1319 4825 1487 4887 πόδας
1545 4823 1711 4878 αὑτοῦ

121 4913 386 4980 πονήρως
436 4912 539 4963 ὑπὸ
591 4911 699 4965 τῶν
753 4913 981 4982 πληγῶν
1023 4913 1248 4984 ἔχοντας
1303 4915 1563 4984 ὑγιάσας.
1620 4916 1714 4971 καὶ

119 5003 382 5072 καθάπερ
434 5002 638 5075 ἑταίρῳ
700 5005 806 5057 τινὶ
861 5007 952 5059 καὶ
995 5005 1303 5077 συμπολίτῃ
1359 5007 1702 5075 φιλικώτατα

118 5095 437 5167 διαλεχθεὶς
510 5098 606 5150 καὶ
674 5101 1197 5166 κατασπασάμενος,
1259 5097 1710 5172 προσθυαότερον

121 5187 311 5256 πολλῴ
351 5188 483 5256 πρὸς
526 5187 616 5241 τὸν
667 5187 855 5256 ἀγῶνα
914 5188 1186 5261 διέθηκεν.

197 5277 312 5330 1ιι·.
358 5277 565 5332 Ἕωθεν
617 5281 798 5334 τοίνυν
851 5278 1085 5344 καθίσας
1147 5284 1242 5336 ἐπὶ
1298 5282 1392 5337 τοῦ
1460 5283 1706 5355 βήματος

120 5369 295 5425 πάλιν
327 5369 522 5436 ὀδουξ,
578 5371 791 5424 κελεύει
835 5374 944 5429 τισὶ
981 5374 1092 5426 τῶν
1143 5377 1530 5448 περιεστώτων
1567 5383 1704 5446 ἀφε-

120 5463 392 5532 λομένους
426 5464 520 5517 τὸν
564 5466 837 5537 μακάριον
892 5470 998 5521 ἀπὸ
1037 5466 1134 5538 τῆς
1169 5471 1421 5543 φυλακῆς
1462 5473 1543 5546 (οὐ
1601 5476 1709 5544 γὰρ

121 5557 293 5620 αὐτὸς
326 5557 557 5611 δυνατὸν
594 5553 732 5615 εἶναι
761 5563 1071 5631 χρήσασθαι
1097 5565 1209 5628 τοῖς
1269 5568 1427 5620 ποσὶν
1462 5567 1567 5622 ὑπὸ
1601 5569 1711 5621 τῶν

119 5648 355 5721 πληγῶν
406 5648 567 5722 ᾤετο)
602 5652 738 5718 πρὸς
785 5654 977 5706 ἑαυτὸν
1029 5658 1213 5711 καὶτὸ
1264 5657 1419 5728 βῆμα
1459 5661 1707 5732 κομίσαι.

197 5815 218 5847 ⁶
254 5813 397 5866 Psal.
430 5825 612 5878 χχχιιι,
657 5814 672 5865 ι
713 5831 829 5884 sqq.
947 5818 964 5845 τ
994 5817 1133 5871 Psal.
1172 5834 1256 5884 at,
1289 5817 1376 5876 10.

1806 4643 2049 4712 jucunde
2080 4650 2404 4706 recreasset,
2433 4651 2489 4695 et
2536 4641 2738 4696 deinde
2774 4642 2938 4697 etiam
2978 4659 3177 4714 corpus
3203 4659 3393 4700 curas-

1813 4745 1921 4800 set,
1953 4743 2007 4791 et
2036 4736 2224 4805 pedes,
2260 4735 2350 4805 qui
2394 4734 2533 4789 male
2570 4749 2629 4790 se
2671 4735 2965 4804 habebant,
3015 4748 3282 4803 sanasset,
3332 4747 3390 4794 et

1813 4835 2070 4898 tanquam
2106 4842 2231 4880 cum
2263 4827 2498 4896 quodam
2531 4829 2708 4882 amico
2756 4836 2810 4880 et
2841 4827 3068 4882 concive
3120 4842 3220 4882 suo
3251 4827 3389 4883 ami-

1811 4916 2032 4977 cissime
2063 4928 2208 4974 esset
2237 4919 2471 4984 locutus,
2509 4930 2565 4972 et
2594 4933 2718 4974 eum
2745 4917 3052 4990 amplexus,
3084 4919 3243 4992 longe
3268 4921 3386 4976 ala-

1813 5014 2046 5070 criorem
2079 5011 2314 5069 reddidit
2343 5012 2409 5067 ad
2437 5014 2732 5067 certamen.

1884 5279 2075 5336 XV‘lll.
2105 5278 2260 5336 Mane
2293 5293 2423 5350 ergo
2474 5278 2677 5334 sedens
2723 5277 2829 5333 dux
2867 5278 2920 5333 in
2970 5277 3250 5342 tribunali,
3295 5279 3386 5348 ju-

1817 5375 1908 5430 bet
1932 5373 2255 5443 quibusdam
2283 5389 2347 5428 ex
2393 5372 2480 5436 iis,
2515 5373 2608 5443 qui
2658 5371 2966 5436 adstabant,
3024 5381 3081 5425 ut
3134 5382 3382 5426 sanctum

1814 5467 2070 5522 tollentes
2097 5482 2127 5522 e
2151 5465 2394 5521 custodia
2428 5466 2628 5537 (neque
2654 5463 2800 5518 enim
2836 5463 3054 5535 putabat
3085 5464 3199 5518 ﬁeri
3223 5480 3384 5534 posse

1811 5577 1921 5630 prae
1945 5561 2141 5632 plagis,
2180 5568 2239 5614 ut
2261 5566 2504 5614 uteretur
2533 5558 2804 5629 pedibus),
2836 5558 2904 5610 ad
2948 5573 3108 5612 suum
3138 5559 3388 5612 deferant

1813 5654 2070 5710 tribunal.
2101 5652 2238 5710 Cum
2265 5652 2339 5707 illi
2379 5661 2561 5708 autem
2592 5651 2954 5709 accessissent
2973 5651 3032 5707 in
3056 5653 3387 5718 custodiam,
