4178 6316
763 352 901 417 ῙΟΞἹ

768 467 951 522 statim
1015 461 1117 519 fuit
1168 468 1391 531 martyr,
1455 467 1515 514 ut
1565 458 1769 527 aquila,
1824 465 2135 520 renovatus,

764 558 941 612 ablata
999 562 1282 609 senectute
1318 551 1411 604 sed
1465 549 1717 603 omnibus
1764 546 2095 600 vulneribus.
2151 543 2336 615 Neque

763 651 910 704 enim
945 663 1082 715 opus
1114 645 1300 699 habuit
1335 658 1524 704 manu,
1558 656 1677 709 quae
1726 654 1848 693 eum
1897 639 2209 699 sustineret,
2245 644 2338 690 aut

764 744 813 795 ei
853 741 1077 795 omnino
1129 752 1283 803 opem
1345 735 1511 787 [erret
1558 735 1621 787 ad
1672 732 2108 801 ingrediendum,
2152 731 2243 782 sed
2284 738 2338 782 et

766 832 958 884 leviter
1009 826 1435 897 iugrediebatur,
1502 832 1555 874 et
1615 822 1839 891 pulchre
1905 820 2239 879 movebatur,
2283 825 2339 871 et

765 932 875 976 erat
915 937 1103 973 revera
1137 917 1295 970 testis
1345 916 1447 968 [ide
1500 914 1694 984 dignus
1743 914 1956 967 invicta:
1987 920 2040 965 et
2082 910 2338 977 omnipo-

764 1014 928 1068 tentis
959 1009 1162 1064 Christi
1199 1007 1432 1059 virtutis.
1464 1003 1598 1058 Cum
1633 1006 1778 1058 enim
1830 1006 1908 1057 sic
1944 1004 2197 1056 aﬂectum
2230 1000 2336 1052 dux

760 1105 1067 1173 aspexisset
1094 1101 1325 1163 eminus,
1360 1097 1499 1167 apud
1527 1113 1583 1150 se
1629 1096 1929 1149 mirabatur
1957 1095 2171 1148 tacitus.
2202 1091 2335 1145 Cum

762 1204 945 1248 autem
977 1191 1088 1259 jam
1123 1204 1291 1256 prope
1326 1196 1493 1251 esset,
1524 1201 1642 1241 eam
1691 1200 1801 1238 rem
1828 1185 2054 1237 vocabat
2082 1183 2335 1252 magiam,

763 1292 817 1337 et
869 1284 1001 1335 deos
1049 1279 1288 1347 jurabal,
1327 1286 1383 1328 et
1432 1291 1525 1328 eos
1573 1278 1800 1328 vocabat
1854 1275 1906 1328 in
1963 1275 2335 1327 testimonium

766 1392 954 1432 eorum
988 1390 1110 1443 qua:
1150 1371 1386 1424 dicebat.
1434 1369 1570 1434 Quid
1611 1380 1694 1423 est
1738 1369 1882 1422 enim
1919 1368 2088 1430 aliud,
2142 1367 2339 1427 aiebat,

775 1474 920 1538 quod
951 1477 1008 1520 et
1037 1464 1174 1533 apud
1216 1461 1597 1530 imperatorem
1626 1460 1673 1513 ei
1700 1461 1849 1529 prius
1879 1469 2078 1513 tantam
2112 1458 2341 1527 praebuit

777 1563 1051 1623 ﬁduciam,
1095 1566 1149 1611 et
1192 1570 1336 1608 nunc
1385 1558 1565 1610 statim
1617 1553 1779 1623 sopiit
1829 1560 1883 1605 et
1935 1551 2146 1605 obludit
2188 1564 2339 1603 acres

773 1654 991 1709 dolores
1018 1654 1323 1714 vulnerum,
1365 1647 1471 1705 nisi
1502 1655 1688 1715 aperta
1730 1645 1923 1713 magia.
1955 1652 2009 1697 et
2038 1642 2197 1696 verba
2224 1656 2343 1709 quze

767 1763 827 1807 ut
879 1751 1175 1819 plurimum
1213 1746 1428 1800 curiose
1489 1752 1544 1796 et
1603 1741 1901 1809 sophistice
1961 1734 2341 1791 incantantur?

2047 343 2334 405 MENSIS
2376 342 2743 404 OCTOBER.

3876 341 4017 409 1023

2222 470 2332 509 non
2360 458 2411 518 Α
2439 454 2559 507 Τῶν
2609 455 2663 507 δὲ
2719 454 2854 522 πρὸς
2889 453 2986 522 τὴν
3025 454 3272 524 φυλακην
3319 453 3803 524 παραγενομένων.
3851 455 4013 519 ἀετὸς

2435 544 2503 618 ἦν
2536 549 2598 600 ἐκ
2632 549 2822 615 καινῆς
2856 548 2883 598 ὁ
2920 547 3131 616 μάρτυς
3168 547 3228 599 οὐ
3258 546 3317 598 τὸ
3349 548 3543 615 γῆρας.
3580 546 3716 598 ἁλλέι
3749 549 3850 608 τὰς
3879 547 4011 616 πλη·

2435 642 2536 708 γὰς
2588 639 2769 701 πάσας
2803 639 3241 706 ἀποξυσάμενος.
3275 638 3407 689 Οὐδὲ
3454 644 3562 705 γαρ
3595 637 3792 707 ἐδεήῦη
3825 640 4011 707 χειρὸς

2437 735 2834 804 ἁνεχούσης,ἣ
2896 738 2953 785 τὸ
2996 735 3254 803 παράπαν
3320 735 3465 802 αὐτῷ
3523 734 4012 802 συλλαμϐανοῦτης

2440 828 2576 896 πρὸς
2615 827 2714 895 τὴν
2778 826 3027 894 πορείαν,
3085 827 3217 878 ἀλλὰ
3272 827 3486 893 κούςρως
3549 843 3608 877 τε
3669 826 3855 877 ἔϐαινε
3917 826 4013 878 καὶ

2441 920 2669 988 σοϐαρὸν
2701 922 2955 983 ἐκινεῖτο,
2998 921 3091 971 καὶ
3148 920 3357 988 μάρτυς
3412 915 3479 988 ἦν
3536 918 3752 983 diri-‘06);
3794 914 3861 979 s5
3886 919 4008 967 ὀπι-

2440 1030 2563 1075 στος
2588 1012 2686 1081 τῆς
2718 1014 2928 1080 ἀμάχου
2958 1022 3051 1064 καὶ
3086 1011 3418 1074 πανσθενοῦς
3463 1010 3552 1062 τοῦ
3580 1009 3823 1079 Χριστοῦ
3855 1008 4011 1061 ﬁuvi-

2441 1123 2604 1176 μεως.
2648 1106 2802 1157 Οὕτω
2835 1106 2887 1156 δὲ
2913 1105 3077 1157 αὐτὸν
3112 1108 3137 1155 ὁ
3167 1105 3292 1167 δοιξ
3312 1106 3502 1173 ἔχοντα
3530 1103 3821 1173 πόρρωθεν
3858 1120 4013 1153 κατι-

2436 1198 2561 1262 δὼν,
2604 1198 2780 1265 ἡσυχῆ
2816 1195 2937 1247 καθ’
2973 1196 3163 1247 ἐαυτὶν
3211 1194 3601 1261 ἀπεθαύμαζεν
3628 1212 3640 1224 ·
3680 1194 3755 1254 ῶς
3801 1192 3859 1243 δὲ
3921 1192 4013 1244 καὶ

2440 1290 2667 1357 πλησίον
2698 1292 2908 1356 γένοιτο
2931 1289 3053 1357 ἤδη,
3084 1287 3319 1356 μαγείαν
3350 1304 3407 1338 τε
3448 1289 3505 1338 τὸ
3537 1289 3774 1356 πρᾶγμα
3803 1285 4012 1346 ἐκάλει,

2441 1383 2534 1435 καὶ
2566 1380 2719 1441 θεοὺς
2754 1380 3000 1448 ἐπώμνυ,
3062 1381 3157 1432 καὶ
3188 1382 3468 1448 μάρτυρας
3526 1381 3724 1441 αὐτοὺς
3776 1379 4016 1430 ἐποιεῖτο

2442 1476 2547 1529 τῶν
2576 1474 2901 1541 λεγομένοιν.
2936 1475 3000 1525 Τί
3032 1474 3140 1541 γάρ
3174 1475 3320 1524 ἐστιν
3348 1474 3555 1539 ἕτερον,
3609 1473 3824 1545 ἔλεγεν,
3857 1471 3885 1523 ὅ
3924 1471 4014 1521 καὶ

2444 1568 2592 1637 παρὰ
2624 1568 2838 1635 βασιλεῖ
2868 1572 3136 1636 πρότερον
3163 1565 3310 1633 αὐτῷ
3342 1565 3611 1633 τοσαύτην
3645 1566 3885 1633 παρεῖχε
3921 1562 4017 1630 τὴν

2445 1659 2784 1731 παρρησίαν,
2823 1659 2916 1711 καὶ
2953 1656 3046 1710 νῦν
3077 1658 3239 1709 πάλιν
3282 1658 3377 1719 τὰς
3408 1657 3586 1721 ὀξείας
3636 1656 3743 1708 τῶν
3793 1656 4019 1721 πληγῶν

2444 1752 2631 1813 ὀδύνας
2661 1749 2905 1829 ἐκοίμισέ
2930 1766 2988 1802 τε
3042 1750 3134 1802 καὶ
3184 1750 3487 1819 ήμὸλυνεν,
3546 1749 3627 1799 ὅτι
3665 1751 3739 1816 μὴ
3808 1749 4019 1816 μαγεία

765 1816 1112 1909 Exhincjam
1151 1841 1217 1894 de
1279 1837 1468 1905 Sergio
1529 1848 1676 1902 spem
1709 1832 1998 1900 abjiciebat
2041 1847 2053 1883 :
2104 1838 2159 1883 et
2209 1843 2330 1883 cum

2448 1846 2620 1914 σαφὴς
2652 1824 2746 1897 καί
2768 1816 2928 1911 λόγου
2966 1816 3277 1911 περιέργως
3312 1843 3387 1904 ὡς
3418 1842 3487 1895 τὰ
3517 1841 3688 1894 πολλά
3730 1844 3827 1893 καὶ
3862 1858 4016 1907 smpt-

768 1954 893 1993 eum
930 1944 1175 1991 curasset
1204 1946 1364 2001 quam
1393 1928 1636 1999 proxime
1663 1926 1989 1989 sistendum,
2025 1923 2067 1978 si
2100 1920 2234 1976 forte
2260 1921 2341 1975 fa-

768 2029 1084 2084 miliaritate
1108 2039 1232 2078 eum
1264 2022 1339 2075 sic
1361 2022 1626 2083 alliceret,
1649 2018 1859 2087 placide
1885 2032 2007 2069 eum
2034 2015 2338 2083 alloquens,

771 2131 826 2176 et
880 2121 946 2173 ad
1011 2118 1244 2187 priorem
1310 2123 1592 2167 revertens
1646 2110 2071 2163 assentationem
2132 2122 2147 2164 :
2211 2106 2341 2159 Rem

768 2214 1077 2285 quamdam,
1134 2211 1332 2269 aiebat,
1381 2209 1618 2261 arbitror
1668 2205 1905 2258 divinam
1954 2212 2009 2256 et
2048 2200 2339 2255 incredibi-

772 2312 899 2369 lem,
940 2306 1085 2374 quod
1137 2307 1191 2356 in
1224 2301 1409 2355 multis
1457 2298 1766 2358 deliciis,et
1796 2296 2019 2356 divitiis,
2072 2304 2126 2348 et
2177 2295 2345 2346 bone-

772 2402 872 2454 stis
905 2372 1148 2448 moribus
1183 2392 1465 2452 educatus,
1498 2396 1606 2438 tam
1641 2386 1853 2437 fortiter
1890 2384 2073 2436 tuleris
2101 2372 2201 2435 hoc
2238 2392 2342 2435 tam

770 2504 930 2560 grave
960 2494 1319 2540 tormentum.
1354 2478 1460 2533 Sed
1499 2481 1619 2546 ejus
1667 2490 1981 2529 sermonem
2034 2476 2215 2528 statim
2263 2477 2344 2526 in-

774 2588 1125 2643 terrumpens
1155 2581 1359 2639 martyr
1394 2587 1407 2623 :
1440 2567 1701 2621 Nonsunt
1724 2564 2089 2633 mibi,inquit,
2114 2563 2341 2632 ojudex,

775 2680 1109 2724 tormentum
1140 2662 1458 2734 prteseutia,
1492 2661 1584 2713 sed
1614 2674 1767 2713 sacra
1817 2668 2039 2727 propter
2067 2656 2343 2710 Christum

770 2777 992 2833 pompa,
1035 2767 1089 2812 et
1138 2760 1335 2809 l‘estum
1386 2753 1618 2811 celebre,
1654 2764 1740 2803 me
1789 2750 1855 2803 ad
1911 2750 2084 2816 ipsum
2146 2750 2343 2801 ccelum

771 2851 1170 2924 iucundissime
1200 2844 1593 2899 transmittens.
1630 2840 1745 2894 Dux
1786 2841 1966 2910 itaque
2008 2839 2185 2893 adhuc
2235 2853 2347 2891 ina-

775 2948 857 3017 εἰς
894 2946 1213 3011 desperans,
1246 2945 1494 2991 sanctum
1550 2932 1872 2988 transmittit
1911 2934 1963 2985 in
2014 2931 2341 2986 custodiant.

774 3039 895 3108 Ipse
926 3047 1103 3091 autem
1158 3034 1376 3088 interim
1406 3043 1624 3098 operam
1657 3027 1819 3080 dabat
1870 3038 2176 3077 mensarum
2227 3021 2347 3074 lau-

2446 1936 2647 1998 στικῶς
2707 1935 3064 2006 ὲπᾳδὸμενοις
3133 1934 3414 1985 Ἐντεῦοεν
3477 1936 3569 1985 καὶ
3629 1935 4020 1999 ἀπεγίνωσκεν

2443 2029 2541 2099 ἤδη
2576 2028 2823 2096 Σέργιον,
2860 2028 2952 2078 καὶ
2972 2026 3065 2076 τὸν
3098 2024 3263 2093 ἄνδρα
3298 2026 3379 2076 ὅτι
3408 2027 3695 2091 ἐγγυτάτω
3724 2041 4021 2093 παραστη-

2444 2122 2698 2190 σάμενος,
2733 2118 2785 2170 εἴ
2814 2135 2928 2181 πως
2970 2117 3073 2170 κᾶν
3105 2116 3277 2176 οὕτως
3306 2117 3588 2186 ὑποκλέψῃ
3618 2120 3736 2180 ταῖς
3796 2118 4021 2169 οἰκειώο

2446 2229 2614 2272 σεσιν,
2644 2211 2869 2279 ἡμέρως
2923 2225 2981 2261 τε
3032 2208 3304 2269 διατεθεὶς
3344 2204 3418 2268 ὡς
3466 2209 3726 2277 μάλιστα,
3769 2209 3867 2258 καὶ
3920 2208 4021 2276 τῆς

2446 2306 2716 2374 προτέρας
2774 2304 2935 2355 πάλιν
2985 2306 3122 2373 πρὸς
3170 2302 3332 2356 αὐτὸν
3408 2301 3647 2361 θωπείας
3702 2301 4023 2368 γενόμενος,

2445 2397 2596 2449 Gaia";
2627 2413 2699 2462 τι,
2729 2395 2935 2462 ἔλεγεν,
2956 2394 3193 2463 ἡγοῦμαι
3218 2395 3310 2446 καὶ
3333 2393 3579 2466 ἄπιστον⁹
3608 2392 3727 2454 πῶς
3758 2396 3818 2444 ἐν
3850 2392 4022 2460 πολλῇ

2448 2490 2714 2559 Θεραπεία
2777 2489 2871 2539 καὶ
2908 2487 3122 2555 πλούτῳ
3171 2487 3265 2539 καὶ
3320 2486 3507 2557 ἤθεσιν
3547 2486 3730 2544 ἄλλοις
3762 2485 4024 2553 τραφεὶς,

2444 2585 2541 2653 τὴν
2600 2582 2913 2651 βαρυτάτην
2979 2582 3211 2649 βάσανον
3279 2578 3479 2647 ταύτην
3542 2577 3686 2629 οὕτω
3752 2576 4026 2642 γενναίως

2446 2676 2785 2744 ὑπήνεγκας.
2857 2671 3019 2725 Ἀλλὰ
3076 2671 3173 2741 τὴν
3224 2670 3445 2739 ὁμιλίαν
3514 2667 3678 2729 εὐθὺς
3724 2666 3752 2719 ὀ
3806 2668 4025 2736 μάρτυς

2447 2768 2593 2837 αὐτῷ
2650 2764 2918 2833 ἐπικύψας
2944 2781 2959 2796 '
2997 2763 3073 2819 Οὐ
3109 2764 3340 2833 βάσανός
3395 2779 3500 2832 μου
3547 2762 3616 2813 τὰ
3671 2762 3946 2829 παρόντα,
3979 2753 4024 2811 ὦ

2445 2855 2694 2919 δικαστὰ,
2728 2852 2842 2906 ἀλλ’
2878 2855 2999 2923 ἱερὰ
3052 2854 3138 2905 διὰ
3178 2854 3415 2921 Χριστὸν
3470 2851 3665 2921 πομπὴ
3706 2854 3802 2902 καὶ
3838 2853 4023 2921 πανή-

2453 2965 2615 3016 γυρις
2654 2947 2789 3016 πρὸς
2820 2946 2983 2999 αὐτόν
3015 2961 3080 3015 με
3107 2946 3195 2997 τὸν
3224 2946 3454 3014 οὐρανὸν
3478 2945 3673 3012 ἥδιστα
3712 2946 4020 3012 παραπέμο

2449 3057 2651 3094 πουσα.
2703 3040 2759 3094 Ὀ
2794 3039 2921 3101 δοὶξ
2945 3039 3126 3089 τοίνυν
3177 3038 3269 3089 ἐπὶ
3307 3037 3470 3088 πλέον
3513 3035 3671 3098 αὖθις
3707 3036 4027 3105 ἀπαγορεύ-

776 3132 907 3184 titia:
936 3140 988 3183 et
1028 3130 1246 3188 latitize,
1276 3136 1336 3178 ut
1365 3123 1455 3191 qui
1504 3136 1611 3174 non
1652 3119 1825 3172 solum
1880 3116 1972 3168 irze
2010 3124 2064 3167 et
2119 3114 2346 3170 crudeli-

2452 3150 2571 3195 σας,
2606 3134 2674 3201 τῇ
2729 3131 2945 3202 φυλακῇ
2989 3132 3356 3202 παραπέμπει
3397 3130 3488 3183 τὸν
3535 3130 3715 3195 ἅγιον.
3743 3129 3918 3190 Δύτος
3968 3128 4025 3181 δὲ

779 3224 903 3277 tatis
938 3221 1031 3276 sed
1066 3219 1230 3272 etiam
1259 3214 1549 3283 voluptatis
1582 3212 1744 3266 vellet
1771 3224 1892 3264 esse
1922 3219 2136 3261 servus.

848 3516 990 3570 XIX.
1020 3512 1157 3568 Cum
1184 3519 1367 3564 autem
1406 3507 1546 3559 viam
1579 3515 1769 3557 rursus
1794 3508 1940 3558 esset
1982 3498 2346 3567 ingressurus,

777 3616 831 3660 et
859 3607 925 3659 ad
961 3604 1338 3672 Rosapltorum
1371 3596 1724 3652 contenderet
1751 3591 2084 3665 prresidium,
2117 3590 2182 3643 ad
2205 3588 2347 3658 quod

782 3698 1036 3757 tendens,
1078 3710 1107 3748 a
1139 3694 1285 3746 Sutis
1312 3690 1588 3760 profectus
1621 3686 1818 3745 fuerat,
1865 3682 2128 3734 athletam
2162 3692 2349 3731 rursus

780 3792 1057 3859 prioribus
1095 3788 1393 3839 calceatum
1439 3779 1693 3847 crepidis,
1748 3791 1778 3829 a
1813 3771 2158 3841 Tetrapyrgia
2194 3769 2349 3823 duxit

781 3892 951 3952 usque
981 3878 1045 3930 ad
1086 3874 1357 3943 Rosaplia.
1390 3870 1525 3925 Cum
1555 3879 1733 3923 autem
1762 3882 1887 3921 eum
1948 3865 2136 3919 eadem
2161 3876 2348 3916 rursus

781 3974 1074 4026 luctantem
1130 3968 1453 4021 necessitate
1488 3962 1709 4014 vidisset
1737 3970 2047 4027 martyrem,
2081 3957 2349 4016 eamdem,

782 4074 879 4119 aut
933 4063 1096 4115 etiam
1170 4058 1431 4126 majorem
1491 4051 1781 4108 ostendere
1840 4044 2241 4110 fortitmlinem,
2298 4054 2354 4099 et

779 4156 948 4218 viam,
1001 4166 1119 4221 qua:
1153 4160 1234 4203 est
1286 4165 1316 4202 a
1348 4147 1501 4201 Suris
1546 4158 1717 4213 usque
1774 4142 1841 4196 ad
1901 4137 2175 4208 Bosapha,
2228 4153 2353 4192 cum

782 4245 974 4301 ferreis
999 4244 1104 4296 illis
1131 4241 1371 4310 crepidis
1397 4239 1531 4292 citra
1574 4237 1815 4290 laborem
1862 4234 2185 4296 coniecisse,
2239 4246 2355 4284 om-

784 4339 918 4396 nino
945 4336 1247 4404 desperans
1274 4332 1392 4388 fore
1418 4342 1476 4384 ut
1504 4337 1827 4390 mutaretur,
1856 4328 2014 4398 jubet
2046 4326 2187 4381 beati
2213 4341 2354 4380 mar-

786 4429 915 4499 tyris
940 4438 1103 4499 caput
1133 4425 1399 4495 amputari
1450 4421 1644 4492 gladio.
1695 4418 1919 4472 Ducitur
1967 4421 2149 4486 itaque
2210 4432 2355 4471 mar-

786 4532 871 4595 tyr
898 4538 927 4575 a
962 4520 1224 4575 militibus
1263 4519 1329 4573 ad
1384 4517 1563 4571 locum
1612 4510 2119 4569 consummationis.
2166 4508 2353 4579 Magna
2388 4502 2429 4555 D

786 4624 965 4671 autem
1024 4613 1314 4667 multitudo
1369 4611 1609 4665 virorum
1656 4618 1711 4663 et
1739 4606 2026 4661 mulierum
2083 4610 2138 4658 et
2180 4602 2358 4658 omnis

786 4708 960 4763 aetatis
996 4704 1453 4773 consequebatur,
1508 4711 1566 4754 ut
1630 4715 1754 4755 eum
1789 4699 2034 4752 viderent
2072 4706 2127 4751 et
2167 4696 2357 4751 decerv

792 4810 1023 4863 tantem,
1090 4807 1147 4853 et
1183 4797 1518 4855 vincentem,
1556 4803 1611 4848 et
1670 4802 2016 4847 coronatum.
2048 4790 2357 4857 Quinetiam

789 4892 920 4964 ipsae
951 4904 1171 4960 quoque
1233 4887 1381 4950 ferae,
1440 4886 1605 4940 veluti
1662 4896 1833 4956 captae
1893 4884 2123 4954 quodam
2176 4898 2359 4936 amore

788 4981 1032 5043 athletas,
1065 4979 1275 5034 relictis
1315 4980 1549 5047 propriis
1590 4977 1860 5038 cavernis,
1908 4990 2031 5029 eum
2070 4971 2277 5043 placide
2307 4982 2361 5028 et

792 5083 1082 5130 mansuete
1118 5071 1484 5132 deducebant,
1550 5069 1693 5122 illius
1732 5070 1948 5136 quidem
2000 5067 2215 5120 beatum
2261 5067 2361 5120 iter

790 5164 1194 5232 quodammodo
1228 5165 1539 5232 probantes,
1574 5172 1629 5215 et
1664 5162 2131 5223 commendantes,
2165 5159 2361 5229 impius

793 5267 976 5312 autem
1018 5272 1076 5310 re
1112 5256 1224 5326 ipsa
1250 5265 1564 5326 arguentes,
1597 5254 1738 5322 quod
1767 5268 1928 5321 quem
1967 5254 2093 5307 ferae
2122 5262 2250 5307 sunt
2274 5268 2360 5306 re-

792 5348 997 5415 verita,
1029 5350 1131 5420 ipsi
1171 5349 1329 5419 plane
1356 5348 1484 5402 caeci
1521 5346 1869 5400 interficiunt.
1905 5345 1998 5400 llle
2029 5358 2211 5401 autem
2238 5361 2359 5400 cum

792 5442 861 5496 ab
894 5442 983 5503 iis,
1014 5443 1104 5509 qui
1144 5457 1269 5498 eum
1301 5440 1594 5504 ducebant,
1638 5440 1903 5495 militibus
1937 5443 2101 5494 breve
2142 5438 2361 5509 aliquod

794 5546 1011 5603 tempus
1040 5534 1287 5602 petiisset
1338 5534 1406 5589 ad
1441 5534 1771 5593 orationem,
1803 5542 1859 5586 et
1908 5534 1977 5586 ab
2032 5532 2140 5587 illis
2189 5536 2363 5603 impe-

796 5637 1015 5691 trasset,
1056 5626 1123 5678 ad
1157 5640 1314 5679 suum
1367 5628 1553 5681 statim
1597 5626 1882 5682 Dominum
1932 5637 2095 5680 totam
2125 5628 2360 5681 animam

796 5719 1007 5772 extollit
1032 5734 1155 5772 cum
1197 5718 1393 5771 oculis.
1430 5718 1654 5795 Deinde,
1705 5734 1827 5773 cum
1872 5721 1922 5772 ei
1964 5730 2273 5775 revocasset
2309 5723 2361 5775 in

800 5812 1113 5864 memoriam
1143 5826 1295 5867 suam
1335 5811 1864 5868 commiserationem
1911 5813 1976 5868 ad
2008 5831 2195 5871 eorum
2230 5831 2368 5885 quo.

2450 3243 2513 3279 πε
2526 3230 2576 3295 pi.
2602 3224 2881 3294 τραπέζας
2905 3222 3016 3294 εἶχε
3044 3226 3136 3278 καὶ
3160 3226 3247 3277 τὸν
3274 3222 3477 3293 μεταξὺ
3504 3223 3683 3273 πάντα
3706 3220 4025 3287 καθυπάγιι

2450 3319 2641 3387 καιρὸν
2700 3318 2891 3388 ὥσπερ
2920 3320 2981 3371 οὑ
3010 3317 3182 3386 Θυμοῦ
3212 3318 3372 3387 μόνον
3396 3318 3490 3369 καὶ
3513 3317 3824 3386 ὠμότητος,
3876 3316 4019 3369 ἀλλὰ

2449 3411 2541 3463 καὶ
2580 3410 2772 3480 ἡδονῆς
2810 3407 2950 3463 εἶναι
3009 3409 3351 3479 βουλόμενος.

2527 3501 2628 3559 18'.
2675 3504 2825 3555 Ἐπεὶ
2877 3502 2933 3555 δὲ
2981 3501 3250 3555 ἆπτεσοαι
3285 3504 3379 3556 καὶ
3417 3502 3578 3553 πάλιν
3628 3501 3749 3554 ί.δοῦ
3802 3502 4021 3570 ἔμελλε,

2451 3597 2543 3649 καὶ
2578 3595 2712 3662 πρὸς
2743 3595 2804 3647 τὸ
2861 3595 3161 3661 Ῥωσαφῶν
3218 3596 3479 3662 ἠπείγετο
3538 3594 3824 3663 φρούριον,
3859 3594 3949 3660 {29'
3981 3588 4023 3658 ᾧ

2454 3688 2546 3739 καὶ
2577 3689 2675 3755 τὴν
2708 3688 2886 3755 ἀρχὴν
2922 3688 3142 3755 ἀπορῶν
3175 3686 3421 3757 ὥρμητο,
3455 3690 3573 3748 ταῖς
3602 3688 3902 3757 προτέραις
3935 3687 4027 3739 αὖ.

2452 3781 2534 3844 Θις
2564 3780 2654 3833 τὸν
2682 3780 2922 3850 ἀθλητὴν
2954 3779 3229 3851 ὑποδήσας
3257 3783 3511 3851 κρηπῖσι,
3539 3780 3637 3848 τὴν
3670 3784 3781 3832 ἀπο
3813 3781 4026 3851 Τετρα-

2454 3874 2694 3941 πυργίας
2732 3871 2896 3941 μέχρί
2942 3872 3241 3939 Ῥωσαιξῶν
3294 3873 3456 3925 aito-1
3509 3872 3761 3939 ἥλαννεν.
3835 3872 3924 3935 Ὠς
3974 3873 4025 3923 δὲ

2451 3968 2517 4035 τῇ
2552 3966 2687 4034 αύτῇ
2722 3966 2882 4016 πάλιν
2914 3966 3129 4034 ἀνάγκῃ
3162 3965 3484 4025 παλαίοντα,
3521 3966 3619 4032 τὴν
3669 3962 3843 4032 αὐτὴν
3874 3964 3909 4032 ἧ
3937 3965 4029 4016 καὶ

2458 4057 2630 4128 μείζω
2663 4057 2960 4127 καρτερίαν
3009 4055 3456 4126 ἐπιδεικνύμενον
3488 4050 3594 4109 εἶδε
3626 4055 3718 4107 τὸν
3749 4058 4025 4126 μάρτυρα,

2458 4154 2552 4205 καὶ
2599 4151 2701 4219 τὴν
2747 4152 2855 4203 ἀπὸ
2904 4150 3119 4220 Σουρῶν
3158 4153 3287 4221 ἄχρι
3354 4149 3654 4218 Ῥωααφῶν
3708 4149 3834 4201 ὁδὸν
3895 4151 4029 4220 μετὰ

2455 4246 2563 4296 τῶν
2591 4244 2825 4313 σιδηρῶν
2858 4244 3138 4314 κρηπίδων
3162 4246 3388 4297 ἐκείνων
3411 4244 3640 4313 ἀπονητὶ
3669 4242 4026 4307 διανύσαντα,

2456 4338 2556 4405 τὴν
2608 4334 2912 4405 μεταϐολὴν
2985 4337 3333 4390 παντάπασιν
3385 4335 3681 4402 ἀπογνοὺς,
3732 4334 3877 4403 ξίφει
3935 4336 4029 4403 τὴν

2462 4429 2741 4501 μακαρίαν
2807 4427 2978 4482 αὑτοῦ
3042 4430 3286 4500 κεφαλὴν
3348 4429 3741 4499 ἀποτμηθῆναι
3796 4428 4026 4481 κελεύει.

2462 4530 2691 4597 Ἀγεται
2728 4527 2829 4599 μὶν
2859 4523 2951 4582 οὖν
3007 4528 3111 4581 ὑπὸ
3169 4528 3276 4581 τῶν
3323 4528 3423 4597 τῆς
3465 4527 3672 4591 τάξεως
3699 4528 3918 4590 λοιπὸν,
3943 4528 4029 4578 ἐπὶ

2456 4620 2546 4673 τὸν
2595 4622 2693 4688 τῆς
2741 4619 3081 4685 τελειώσεως
3138 4623 3356 4674 τόπονό
3389 4619 3621 4688 μάρτυς.
3685 4618 3930 4689 Ἀνδρῶν
3978 4620 4028 4671 δὲ

2458 4710 2591 4764 πολύ
2624 4728 2675 4764 τι
2703 4710 2910 4781 πλῆθος
2950 4712 3046 4765 καὶ
3083 4708 3360 4778 γυναικῶν
3398 4710 3494 4763 καὶ
3536 4708 3757 4778 nimia:
3792 4708 4025 4776 ἁπάσης.

2458 4804 2649 4873 ὥσπερ
2678 4808 2734 4856 ἐν
2762 4806 2942 4873 σκότῳ
2974 4804 3149 4872 φωτὸς
3180 4803 3259 4865 είς
3287 4802 3384 4873 τὴν
3406 4802 3561 4853 πόλιν
3587 4801 4024 4871 προηγουμένου.

2459 4897 2659 4960 πάντες
2720 4896 3126 4967 ἑπηκολούθουν
3179 4894 3320 4950 ὥστε
3392 4896 3808 4964 ἀγωνιζόμενον
3873 4896 4028 4950 αὐτὸν

2462 4992 2613 5055 ίδεϊν,
2655 4992 2747 5044 καὶ
2785 4990 3024 5044 νικῶντα
3075 4991 3168 5043 καὶ
3218 4989 3674 5057 στεφανούμενον.
3732 4990 3900 5041 Ἀλλὰ
3938 4988 4028 5040 καὶ

2460 5082 2622 5152 θῆρες
2658 5083 2862 5152 ἄγριοι,
2892 5082 3142 5151 καθάπερ
3178 5097 3231 5133 τι
3287 5080 3550 5151 ἐρωτικὸν
3588 5082 3681 5133 καὶ
3715 5077 3867 5134 οὗτοι
3902 5082 4029 5149 πρὸς

2458 5176 2548 5227 τὸν
2572 5176 2810 5245 ἀθλητὴν
2861 5177 3144 5238 παθόντες,
3194 5172 3305 5226 τῶν
3333 5176 3551 5226 οίκιίων
3576 5173 3899 5241 ἀπάραντες
3925 5190 4027 5241 ᾳ.)-

2460 5265 2623 5328 λεῶν,
2664 5266 2887 5337 ἡμέρως
2946 5265 3111 5318 αὑτὸν
3146 5264 3241 5318 καὶ
3264 5264 3577 5333 προσηνῶς,
3634 5264 4027 5333 παρέπεμπον.

2462 5358 2665 5412 ἐκεῖνον
2707 5359 2804 5427 μὲν
2830 5358 2928 5427 τῆς
2966 5358 3245 5427 μακαρίας
3280 5356 3472 5424 ῶσπερ
3512 5356 3744 5425 πορείας
3774 5356 4032 5425 ἀποδεχὸ-

2475 5468 2652 5519 μενοι,
2691 5452 2818 5511 τοὺς
2844 5452 3061 5513 ἀσεϐεῖς
3108 5451 3163 5503 δὲ
3195 5450 3481 5518 πράγματι
3530 5449 3927 5521 διελέγχοντες.
3958 5451 4031 5501 ὅτι

2460 5543 2520 5597 ὃν
2552 5546 2647 5597 καί
2702 5543 2862 5614 θῆρες
2909 5543 3218 5613 ᾐδέσθησαν
3265 5543 3422 5595 αὐτοὶ
3452 5541 3574 5594 λίαν
3615 5544 4023 5611 τυφλώττοντες

2462 5636 2801 5706 ἀναιροῦσιν.
2846 5637 2905 5689 ’0
2938 5635 2995 5687 δὲ
3027 5636 3151 5697 τοὺς
3177 5634 3409 5703 ἄγοντας
3445 5639 3794 5705 στρατιώτας
3834 5632 4029 5706 βραχύν

2464 5745 2586 5781 τινα
2617 5727 2808 5795 καιρὸν
2834 5729 2914 5789 είς
2959 5728 3270 5799 προσευχὴν
3310 5730 3567 5797 αἰτήσας.
3605 5728 3702 5777 καὶ
3738 5726 3870 5800 παρ’
3897 5722 4029 5779 cu!-

2475 5834 2581 5871 νων
2610 5816 2792 5867 λασὼν
2846 5817 2973 5887 ὃλην
3024 5817 3185 5883 εὐθὺς
3217 5820 3355 5886 πρὸς
3403 5818 3495 5869 τὸν
3522 5815 3725 5869 ἑαυτοῦ
3772 5817 4019 5883 δισπόιην
