4178 6316
800 331 932 397 1031
2077 328 2366 389 MENSIS
2404 324 2769 388 OCTOBEB.
3895 321 4020 385 1032

794 440 1214 510 magniﬁcentia,
1242 457 1386 497 nunc
1429 450 1483 497 et
1517 456 1751 513 semper,
1784 451 1838 496 et
1870 440 1922 496 in
1953 441 2145 498 szecula
2186 455 2358 494 smcu-
2387 439 2435 498 A

2387 439 2435 498 Α
2461 435 2659 506 τυρικὰ
2729 431 3021 487 κατέθεντο
3072 429 3303 500 λείψανα
3351 433 3428 496 είς
3459 434 3615 498 δόξαν
3647 431 3786 486 Θεοῦ
3817 436 4018 502 Πατρός

793 531 992 584 lorum.
1020 533 1222 586 Amen.

2465 530 2559 580 καὶ
2590 527 2796 595 Κυρίου
2828 526 2983 592 ἡμῶν
3027 527 3205 592 Ἰησοῦ
3252 525 3512 593 Χριστοῦ,
3545 521 3588 592 ᾧ
3635 528 3845 595 πρέπει
3868 526 4012 592 τιμὴ,

2464 616 2688 687 κράτος,
2747 617 3102 686 μεγαλωσύνη
3152 634 3212 668 τε
3267 620 3361 668 καὶ
3418 617 3892 687 μεγαλοπρέπεια,
3931 617 4012 668 νῦν

2463 711 2557 760 καὶ
2583 707 2689 769 ἀεὶ,
2724 709 2817 759 καὶ
2850 708 2928 770 είς
2956 709 3081 770 τοὺς
3107 708 3312 768 αἰῶνας
3335 707 3446 760 τῶν
3475 709 3705 761 αἰώνων.
3751 710 3948 776 Ἀμήν.

799 885 3996 916 W

1114 1059 1869 1172 CERTAMEN
1974 1057 2092 1167 S.
2179 1059 2871 1173 DEMETBII
2959 1061 3703 1176 MARTYBIS

1836 1280 2381 1336 THESSALONICZE
2425 1282 2492 1338 IN
2549 1281 2963 1340 MACEDONIA.

873 1619 1070 1677 Tomo
1108 1613 1420 1693 sequenti,
1483 1614 1546 1694 in
1619 1614 2052 1694 Supplementa
2094 1613 2176 1694 qd
2233 1615 2738 1694 Metaphrastem,
2791 1624 3033 1678 exstant
3093 1617 3483 1681 celeberrimi
3540 1622 3837 1694 martyris
3881 1625 4012 1682 Acta

797 1697 958 1755 varia
1005 1713 1035 1755 δ
1084 1690 1387 1774 Cornelio
1432 1693 1594 1753 Bimo
1628 1690 1976 1774 in'Octobri
2033 1690 2449 1774 Bollandian'o
2506 1697 2580 1757 ad
2638 1698 2799 1756 diem
2854 1699 2891 1756 8
2932 1696 3218 1757 collecta.
3280 1699 3446 1756 Inter
3497 1715 3566 1757 ea
3598 1690 3828 1773 legitur
3867 1717 4014 1774 Opus

800 1774 1132 1852 Symeonis
1170 1771 1598 1854 Metaphrastte
1635 1771 1801 1854 quod
1830 1769 1950 1854 _ibi
1999 1770 2268 1844 videsis;
2310 1775 2798 1834 commentarius
2829 1775 3217 1836 enim-Actis
3275 1777 3335 1836 S.
3387 1769 3689 1836 Demetrii
3731 1769 4015 1854 prmﬁius

807 1847 1041 1930 partem
1089 1868 1123 1910 a
1177 1857 1309 1911 toto
1337 1847 1517 1908 avelli
1565 1847 1690 1909 non
1723 1847 1894 1908 sinit.

804 1995 4006 2031 mm

1672 2009 3173 2194 ΒΙΟΞΚΑΙΠΟΑΙΤὲἷᾸ

3815 2019 4007 2032 ..υ-

1202 2243 1432 2331 ΤΟΥ
1505 2246 1650 2330 ΕΝ
1727 2245 2100 2329 ΑΓΙΟΙΣ
2178 2245 2613 2329 ΠΑΤΡΟΣ
2691 2247 3019 2331 ΗΜΩΝ
3096 2246 3709 2336 ΔΙΟΝΥΣΙοΥ

1697 2366 2100 2421 ΕΠΙΣΚΟΠΟΥ
2136 2365 2438 2431 ΑΘΗΝΩΝ,
2470 2365 2608 2420 ΤΟΥ
2634 2368 3158 2428 ΔΡΕΙΟΠΑῙἸΤΟΥ.

1637 2584 1951 2692 VlTA
2022 2586 2186 2687 ET
2260 2584 3174 2691 CONVERSATIO

1456 2753 1876 2843 SANCT'I
1952 2752 2500 2841 DlONYSll
2587 2757 2722 2838 AR
2754 2755 3386 2844 EOPAGITAE

1948 2882 2256 2937 EPISCOPI
2296 2883 2773 2939 ATHENIENSIS.

1862 2983 2009 3044 (Opp.
2042 2979 2260 3038 Dionysii
2289 2983 2491 3043 Areop.,
2525 2989 2558 3031 t.
2587 2982 2648 3042 ll,
2688 2997 2733 3045 p.
2771 2983 2901 3045 589.)

855 3159 995 3216 Olim
1044 3158 1262 3228 quidem
1301 3155 1433 3211 ﬁdes
1473 3155 1576 3210 sita
1613 3163 1728 3210 erat
1776 3154 1831 3209 in
1881 3155 2085 3225 ﬁguris,
2116 3165 2168 3210 et
2207 3160 2334 3211 aeni-
2375 3166 2417 3219 Β

2375 3166 2417 3219 Β
2515 3152 2682 3204 Πάλαι
2719 3150 2814 3218 μὲν
2844 3151 2899 3200 ἐν
2923 3147 3107 3210 τύποις
3133 3143 3197 3217 ἦν
3223 3147 3286 3199 τὰ
3319 3148 3416 3217 τῆς
3451 3148 3684 3212 πίστεως
3717 3151 3808 3202 καὶ
3838 3154 4006 3219 αἰνίγ-

788 3251 1090 3323 gmatibus,
1135 3258 1189 3303 et
1231 3252 1375 3302 nube
1405 3247 1608 3301 umbra:
1641 3249 1782 3300 tecta
1806 3255 1922 3297 erat
1958 3247 2048 3296 lux
2073 3245 2338 3302 veritatis.

788 3341 1081 3409 Postquam
1114 3346 1292 3390 autem
1326 3344 1527 3389 nostra:
1569 3334 1760 3388 salutis
1785 3348 2034 3403 magnum
2064 3348 2339 3404 peractum

789 3431 890 3485 fuit
920 3428 1260 3500 mysterium,
1293 3433 1345 3479 et
1376 3426 1465 3494 qui
1501 3423 1653 3478 ﬁnxit
1700 3424 2011 3492 singulatim
2042 3425 2204 3479 corda
2238 3442 2337 3480 no-

788 3532 923 3584 stra,
963 3534 1074 3574 suae
1123 3518 1478 3588 benignitatis
1522 3516 1575 3568 in
1621 3529 1720 3568 nos
1762 3515 2156 3576 misericordia,
2201 3518 2339 3569 citra

788 3619 1072 3682 peceatum
1100 3617 1262 3662 natus
1299 3616 1381 3661 cst
1413 3607 1555 3661 sicut
1588 3621 1686 3661 nos
1721 3624 1734 3660 :
1767 3615 1820 3661 et
1862 3606 1965 3660 alia
1989 3607 2177 3669 subiit.
2220 3623 2341 3678 qua

789 3708 916 3756 sunt
951 3699 1200 3752 humana:
1232 3697 1639 3756 imbecillitatis,
1674 3703 1730 3746 ut
1764 3709 1861 3764 ego
1887 3696 2108 3763 primam
2136 3698 2345 3764 recipe-

787 3809 901 3848 rem
944 3779 1319 3852 nobilitatem;
1376 3794 1428 3838 et
1466 3795 1739 3855 postremo
1796 3785 2188 3840 condemnatus
2241 3786 2340 3840 fuit

789 3893 962 3937 morte
1011 3881 1192 3935 crucis
1226 3898 1238 3934 :
1271 3885 1323 3933 et
1381 3893 1449 3932 ne
1497 3879 1676 3931 dicam
1730 3878 1939 3947 singula
1983 3881 2134 3946 (sunt
2195 3881 2337 3934 enim

789 3975 954 4029 multa
973 3970 1292 4026 intermedia
1311 3967 1624 4021 oeconomiae
1644 3968 1825 4021 carnis
1856 3979 2118 4038 suscepta
2141 3981 2342 4039 myste-

789 4063 893 4130 ria)
942 4062 1100 4116 linem
1153 4060 1360 4129 accepit
1419 4072 1676 4127 corporea
1711 4059 2094 4124 conversatio;
2147 4059 2339 4129 incipit

791 4159 968 4207 autem
1001 4150 1334 4221 spiritualis;
1367 4157 1420 4202 et
1447 4150 1499 4202 in
1525 4149 1718 4202 cmlum
1743 4149 1984 4203 ascendit
2008 4165 2156 4204 meus
2181 4151 2339 4204 Chri-

789 4257 934 4305 stus,
965 4251 1014 4297 et
1050 4241 1116 4295 ad
1147 4242 1328 4295 sedem
1368 4248 1646 4310 paternam
1679 4240 2005 4306 revertitur;
2038 4247 2111 4305 et,
2152 4242 2242 4310 qui
2274 4258 2339 4295 ex

788 4337 907 4406 ipso
928 4331 1189 4403 procedit,
1222 4329 1480 4400 Spiritum
1499 4329 1732 4384 demittit
1754 4330 2053 4399 discipulis.
2080 4339 2137 4385 ut
2161 4341 2342 4386 essent

787 4429 953 4482 duces
983 4423 1220 4494 gentium
1253 4421 1570 4476 infidelium.
1595 4419 1698 4474 Per
1719 4437 1875 4490 quem
1903 4422 2092 4476 beatus
2129 4438 2342 4491 quoque

2447 3257 2599 3312 μασι,
2629 3242 2719 3293 καὶ
2747 3239 2805 3292 τὸ
2824 3239 2920 3308 τῆς
2948 3239 3196 3310 ἀληθείας
3222 3239 3418 3308 φέγγος
3446 3239 3521 3309 τῷ
3549 3241 3644 3310 τῆς
3682 3246 3838 3306 σκιᾶς
3861 3246 4005 3311 νέρει

2446 3332 2896 3385 συνεκαλύπτετο.
2938 3331 3087 3382 Ἐπεὶ
3123 3331 3177 3383 δὲ
3210 3331 3268 3381 τὸ
3306 3331 3445 3400 μέγα
3486 3332 3582 3400 τῆς
3630 3334 3789 3400 ἡμῶν
3838 3352 4008 3403 σωτη-

2445 3426 2560 3494 Pi“;
2583 3422 2997 3492 ὲπραγματεύθη
3029 3424 3340 3490 μυστήριον,
3363 3423 3453 3472 καὶ
3475 3425 3502 3473 ὁ
3530 3423 3737 3485 πλάσας
3768 3428 4006 3494 καταμό-

2442 3531 2534 3576 νας
2578 3513 2674 3574 τὰς
2719 3512 2942 3580 καρδίας
2986 3511 3138 3581 ἡμῶν
3189 3513 3266 3581 τῷ
3304 3513 3400 3580 τῆς
3441 3514 3642 3574 οἰκείας
3690 3516 3819 3582 περὶ
3863 3519 4006 3584 ἡμᾶς

2441 3605 2602 3675 οἴκτῳ
2628 3605 2989 3674 χρηστότητος
3026 3605 3419 3673 ἀναμαρτήτως
3451 3603 3668 3670 γέγονεν
3703 3605 3779 3666 ὡς
3811 3610 3968 3675 ἡμεῖς
3988 3625 4002 3638 ·

2439 3697 2605 3750 τᾶλλα
2641 3714 2696 3749 τε
2742 3696 2994 3765 ὑπῆλθεν,
3024 3697 3121 3748 ὅσα
3158 3697 3253 3765 τῆς
3289 3695 3630 3764 ἀνθρωπίνης
3669 3697 3816 3747 ἐστὶν
3845 3699 4006 3749 ἀσθε-

2439 3788 2610 3851 νείας,
2650 3789 2712 3839 ἵν’
2742 3786 2849 3854 ἐγὼ
2881 3788 2976 3858 τὴν
3014 3787 3232 3858 πρώτην
3281 3783 3533 3840 ἀπολάϐω
3575 3790 3872 3855 εὐγένειαν·
3913 3793 4004 3841 καὶ

2439 3876 2586 3938 τέλος
2617 3877 2704 3928 τὸν
2728 3878 2813 3929 διὰ
2837 3877 3064 3947 σταυροῦ
3095 3878 3320 3930 θάνατον
3347 3879 3755 3948 κατακρίνεται·
3800 3884 3894 3932 καὶ
3922 3883 4004 3933 ἵνα

2443 3965 2514 4036 μὴ
2535 3965 2601 4018 τὰ
2631 3967 2748 4020 καθ’
2779 3967 3002 4018 ἕκαστον
3026 3968 3186 4034 λέγω,
3214 3969 3402 4033 (πολλὰ
3423 3969 3527 4036 γὰρ
3549 3970 3615 4019 τὰ
3639 3971 3697 4020 ὲν
3728 3973 3879 4041 μέσῳ
3907 3973 4004 4040 τῆς

2437 4058 2746 4126 οἰκονομίας
2775 4057 2939 4110 αὑτοῦ
2969 4057 3294 4128 μυστήριαο)
3328 4057 3496 4127 πέρας
3524 4058 3590 4109 τὰ
3623 4060 3720 4127 τῆς
3759 4078 4003 4130 σωματι-

2438 4147 2539 4214 κῆς
2568 4148 2820 4217 ὲνδημίας
2841 4149 3074 4217 δέχεται·
3111 4147 3177 4200 τὰ
3202 4148 3256 4201 δὲ
3283 4147 3373 4201 τοῦ
3408 4148 3710 4216 πνεύματος
3741 4150 3969 4218 ἄρχεται
3987 4171 3999 4181 ·

2439 4239 2531 4288 καὶ
2563 4239 2640 4299 εἰς
2663 4241 2917 4306 οὔρανοὺς
2937 4243 2962 4293 ὁ
2988 4242 3115 4310 ἐμὸς
3139 4243 3365 4311 Χριστὸς
3383 4241 3727 4310 ἀναφέρεται·
3749 4259 3845 4295 και
3872 4245 4004 4314 πρὸς

2438 4327 2525 4380 τὸν
2555 4330 2808 4400 πατρικὸν
2838 4331 3074 4382 ἐπάνεισι
3098 4333 3299 4402 θρόνον·
3337 4333 3427 4384 καὶ
3458 4332 3518 4384 τὸ
3562 4334 3997 4403 ἐκπορευόμενον

2437 4418 2596 4471 αὑτοῦ
2627 4418 2842 4488 Πνεῦμα
2875 4420 2964 4472 ἐπὶ
2987 4421 3082 4490 τὴν
3114 4420 3219 4471 τῶν
3253 4422 3490 4473 ἀπίστων
3522 4421 3686 4473 ἐθνῶν
3725 4426 4004 4492 καταπέμ-

786 4513 987 4569 Paulus
1013 4528 1078 4567 ex
1103 4511 1291 4564 umbra
1331 4511 1596 4565 deductus
1626 4508 1725 4563 fuit
1759 4510 1822 4564 ad
1869 4511 2166 4564 veritatem.
2191 4509 2340 4564 Tunc
2367 4494 2409 4552 (ἶ

2367 4494 2409 4552 C
2439 4526 2528 4562 πει
2559 4513 2667 4573 τοῖς
2687 4512 2949 4581 μαθηταῖς
2974 4511 3214 4581 ὁδηγίαν,
3237 4512 3300 4565 δι’
3323 4507 3379 4565 οὗ
3399 4514 3488 4564 καὶ
3505 4515 3531 4564 ὁ
3555 4515 3832 4582 μακάριος
3859 4516 4003 4568 Παῦ-

789 4605 860 4671 is,
889 4606 1004 4658 zelo
1029 4602 1231 4658 Christi
1257 4602 1517 4671 percitus,
1541 4601 1990 4670 quemadmodum
2012 4603 2124 4670 ipse
2153 4609 2341 4671 captus

790 4696 892 4750 fuit
912 4695 976 4748 ad
1003 4695 1278 4764 pietatem,
1305 4693 1378 4746 ita
1401 4691 1560 4746 etiam
1590 4693 1772 4746 orbem
1799 4701 1954 4746 terra:
1983 4693 2048 4745 ad
2073 4709 2132 4747 se
2152 4694 2339 4748 stude-

789 4787 884 4841 bat
917 4785 1209 4845 attrahere.
1244 4791 1297 4838 et
1321 4782 1542 4836 Christo
1581 4798 1674 4852 per
1704 4781 1858 4836 lidem
1899 4782 2242 4852 conjungere.
2275 4783 2341 4837 Et

793 4889 851 4930 ut
881 4892 944 4930 ea
974 4875 1222 4930 omittam
1263 4887 1382 4943 qua!
1425 4873 1493 4927 ab
1517 4872 1636 4942 ipso
1675 4871 1981 4941 Amphipoli
2013 4871 2150 4926 facta
2191 4881 2338 4939 sunt,

791 4976 846 5021 et
875 4967 929 5020 in
969 4964 1271 5029 Thessalia,
1303 4971 1357 5017 et
1389 4963 1640 5017 omnibus
1671 4962 1724 5016 in
1758 4962 1921 5027 locis,
2040 4964 2095 5018 in
2222 4965 2342 5033 qui-

791 5059 896 5112 bus
926 5058 1046 5125 ejus
1074 5069 1275 5117 sermo,
1302 5053 1523 5123 perinde
1563 5067 1626 5106 ac
1659 5053 1901 5121 quaedam
1948 5068 2168 5120 sagena,
2201 5053 2342 5106 mul-

793 5155 878 5200 tos
915 5151 1138 5198 venatus
1178 5149 1261 5197 est
1296 5142 1362 5195 ad
1405 5143 1677 5212 pietatem,
1715 5153 1900 5193 eorum
1945 5139 2116 5194 solum
2154 5141 2337 5195 memi-

795 5253 946 5299 nero.
978 5250 1098 5305 qua:
1143 5233 1370 5289 Athenis
1426 5232 1566 5285 facta
1615 5237 1765 5293 sunt,
1811 5245 1904 5300 per
1929 5244 2048 5298 quae
2077 5230 2234 5282 etiam
2274 5229 2342 5282 ab

793 5329 1050 5398 Apostolo
1073 5327 1190 5396 ipso
1221 5340 1344 5378 vere
1374 5338 1602 5392 magnus
1628 5331 1815 5390 captus
1840 5321 1938 5374 l'uit
1969 5319 2254 5390 Dionysius
2276 5322 2299 5359 ε
2325 5339 2337 5385 ;

792 5420 906 5489 qui,
941 5419 1170 5487 patriam
1193 5415 1408 5486 quidem
1436 5415 1634 5468 claram
1667 5420 1718 5467 et
1750 5422 1997 5481 parentes
2029 5413 2205 5467 claros
2222 5428 2342 5465 con-

795 5522 1036 5572 secutus,
1070 5510 1136 5564 ad
1179 5525 1425 5577 magnam
1473 5508 1714 5578 pervenit
1761 5507 2012 5575 gloriam.
2054 5504 2183 5557 Nam
2209 5505 2340 5572 justi

795 5604 1010 5673 quidem
1049 5610 1226 5663 erant,
1272 5601 1318 5654 si
1359 5599 1453 5654 ulli
1484 5614 1549 5654 ex
1590 5596 2032 5659 Atheniensibus,
2074 5609 2140 5649 ne
2165 5593 2340 5648 dicam

795 5695 916 5753 soli.
960 5696 1031 5745 ita
1057 5701 1114 5744 ut
1139 5691 1348 5760 justitia
1389 5690 1596 5761 insigne
1620 5689 1724 5744 illis
1754 5694 1919 5756 esset,
1952 5685 2089 5756 aequi
2121 5683 2339 5750 amicis,

918 5827 941 5866 ⁸
967 5824 1084 5878 Act.
1111 5839 1241 5877 xvu.

2435 4601 2523 4663 λος
2557 4601 2660 4653 ἀπὸ
2690 4602 2786 4672 τῆς
2809 4604 2959 4663 σκιᾶς
2988 4603 3393 4672 ἐχειραγωγὴθη
3436 4602 3567 4674 πρὸς
3591 4604 3689 4672 τὴν
3721 4607 4002 4675 ἀλήθειαν,

2435 4690 2553 4743 τότε
2579 4691 2643 4760 δὴ
2666 4691 2781 4742 τότε
2806 4691 2947 4762 ζήλῳ
2979 4693 3053 4762 τῷ
3091 4695 3215 4762 περὶ
3244 4693 3332 4745 τὸν
3354 4694 3583 4763 Χριστὸν
3634 4689 3792 4758 οὗτος
3819 4699 4004 4760 ἁλοὺς,

2434 4781 2490 4833 ὃν
2518 4781 2798 4853 ἐζωγρήθη
2828 4783 3021 4853 τρόπον
3055 4784 3182 4856 πρὸς
3209 4785 3304 4855 τὴν
3333 4784 3641 4848 εὐσέϐειαν,
3680 4787 3878 4840 τοῦτον
3917 4794 4007 4842 καὶ

2435 4873 2532 4943 τὴν
2549 4874 2865 4944 οἰκουμένην
2879 4875 3127 4928 ἔσπευδεν
3144 4877 3661 4938 ὲπισπάσασθαι,καὶ
3675 4880 3718 4930 Χ
3731 4881 3905 4949 ριστῷ
3921 4881 4007 4932 διὰ

2435 4963 2535 5030 τῆς
2569 4964 2802 5027 πίστεως
2848 4965 3241 5018 οίκειὼσασθαι.
3282 4968 3388 5020 Καὶ
3406 4967 3489 5019 ἵνα
3508 4967 3573 5020 τὰ
3601 4971 3658 5020 ὲν
3676 4970 4007 5040 Ἀμφιπόλει

2436 5055 2527 5108 καί
2557 5053 2820 5127 Θεσσαλίᾳ
2847 5057 3024 5127 παρῶ,
3052 5058 3143 5109 καὶ
3171 5059 3226 5110 ὲν
3249 5054 3572 5122 οἵςότοὺτου
3599 5059 3777 5128 λόγος,
3816 5062 4009 5130 ὥσπερ

2435 5163 2516 5207 τις
2549 5149 2773 5217 σαγήνη,
2802 5149 2925 5212 τοὺς
2948 5149 3170 5210 πολλοὺς
3186 5150 3320 5219 πρὸς
3346 5151 3443 5220 τὴν
3468 5151 3750 5205 εὐσέϐειαν
3775 5154 4005 5224 ἦγρεπ.

2438 5235 2540 5287 τῶν
2573 5238 2628 5288 ὲν
2672 5239 2914 5308 Ἀθήναις
2947 5240 3116 5308 μόνων
3146 5241 3540 5311 μνησθήσομαι,
3568 5242 3637 5294 δι’
3666 5236 3742 5295 ὧν
3779 5245 4008 5315 θήραμα

2442 5326 2508 5395 τῷ
2550 5328 2850 5398 Ἀποστόλῳ
2881 5330 2971 5382 καὶ
3001 5331 3028 5381 ὁ
3058 5330 3227 5400 μέγας
3258 5332 3422 5394 ὅντως
3460 5333 3784 5387 καθίσταται
3825 5335 4007 5388 Amri-

2435 5434 2576 5475 ato:'
2612 5419 2668 5482 ὃς
2708 5422 2960 5491 πατρίδος
2998 5422 3094 5491 μὲν
3126 5421 3447 5490 ἐπιφανοῦς,
3492 5425 3774 5490 ἐπιφανῶν
3821 5429 3877 5480 δὲ
3915 5430 4004 5479 καὶ

2435 5511 2766 5581 γεννητόρων
2798 5511 2988 5581 τυχὼν,
3025 5515 3112 5564 ἐπὶ
3153 5513 3288 5581 μέγα
3323 5514 3476 5582 δόξης
3505 5516 3753 5582 ἀφίκετο.
3795 5520 4002 5570 Δίκαιοι

2439 5601 2534 5669 μὲν
2573 5602 2698 5673 γὰρ,
2736 5604 2890 5674 εἴπερ
2917 5621 2996 5667 τις
3042 5604 3354 5674 Ἀθηναίων,
3390 5607 3476 5658 ἴνα
3523 5608 3596 5679 μὴ
3629 5608 3776 5674 λέγω
3823 5611 3997 5677 μόνοι·

2437 5691 2853 5766 καίδικαιοσύνη
2881 5698 2989 5758 τοῖς
3022 5695 3260 5763 γονεῦσιν
3286 5693 3350 5750 ἦν
3387 5698 3444 5750 τὸ
3476 5698 3772 5771 ἐπίσημον,
3823 5701 3994 5770 φίλοις
