4178 6316
199 370 341 438 1033

1155 383 1329 444 νιΤΑ
1372 384 1434 445 S.
1477 385 1820 453 DlONYSll
1866 392 2388 458 AREOPAGleE.

3264 398 3399 467 ωσι

196 498 486 568 ἐπιεικεῖς,
510 499 704 570 ἥμεροι
737 505 847 565 τοῖς
871 502 1057 566 ξένοις,
1082 508 1188 567 τοῖς
1219 506 1434 569 οἰκείοις
1461 505 1760 579 φιλάνθρω-
1785 515 1830 567 Α

1746 510 2121 567 -Amansucti
2170 512 2551 580 hospitalibus,
2604 511 2819 580 benigni
2873 513 2925 566 in
2975 513 3290 578 familiares,
3340 526 3396 570 et

204 603 317 653 ποι,
356 591 656 662 χρηστότης
690 593 870 655 αὑτοῖς
904 595 1001 646 οὑκ
1042 596 1314 660 ἐπίδειξις,
1343 597 1761 671 ὑποκαθημένην

196 678 277 741 ὡς
302 680 368 732 τὰ
410 681 576 735 πολλὰ
608 684 710 754 τὴν
742 687 1041 757 σκαιότητα
1069 687 1288 757 ἔχουσα,
1319 689 1454 743 ἀλλά
1495 707 1547 742 τι
1591 692 1759 758 σαφὲς

198 766 448 839 γέννημα
478 770 576 839 τῆς
602 772 796 843 ψυχῆς,
834 777 926 828 καὶ
953 777 1051 846 τῆς
1074 779 1224 831 ⁴ένδον
1273 782 1553 852 χαρακτὴρ
1584 782 1757 836 διαθέ-

199 874 358 921 σεως.
408 861 621 934 Ἐπειδὴ
645 864 700 916 δὲ
744 865 993 939 ⁹Αθήνησι
1028 869 1235 933 Παῦλος
1263 872 1503 938 ἐγένετο,
1530 874 1619 926 καὶ
1647 877 1756 936 τοῖς

212 952 604 1023 Ἐπικουρείοις
632 956 698 1007 τὰ
732 958 1041 1029 Πυθαγόρου
1086 962 1404 1031 κρατύνουσι
1436 964 1749 1034 συμϐαλὼν,

194 1042 360 1111 ἔργου
384 1046 555 1115 εἴχετο
580 1048 655 1117 τῷ
697 1050 793 1117 τῆς
820 1050 1068 1114 ἀσεϐείας
1090 1054 1281 1117 αὐτοὺς
1305 1055 1605 1123 ἀποστῆσαι
1631 1056 1753 1123 δογυ

200 1132 411 1199 μάτων,
444 1138 535 1187 καὶ
579 1138 880 1206 μεταθεῖναι
916 1141 1049 1210 πρὸς
1086 1143 1183 1211 τὴν
1213 1144 1506 1208 εὐσέϐειαν,
1541 1145 1664 1206 τούς
1692 1163 1749 1197 τε

190 1222 303 1275 τῶν
326 1225 555 1279 είδώλων
577 1232 1033 1300 καταστρέφεσθαι
1058 1235 1235 1296 ναοὺς.
1260 1236 1351 1287 καὶ
1380 1239 1557 1287 πεῖσαι
1594 1238 1749 1307 Ἀθη-

194 1313 380 1376 ναίους
408 1317 464 1367 ἐν
487 1318 548 1387 τῇ
574 1318 774 1389 ἐσχάτῃ
790 1319 971 1390 ἡμέρᾳ
992 1322 1091 1390 τῆς
1107 1324 1336 1391 κρίσεως
1356 1325 1747 1393 ἀναστήσεσθαι

192 1402 427 1470 μέλλειν,
448 1407 538 1457 καὶ
552 1407 701 1469 δίκας
711 1407 817 1459 τῶν
835 1410 1013 1473 αὑτοῖς
1034 1413 1400 1481 εἰργασμένων
1418 1416 1746 1487 εἰσπραχθῆ-

188 1494 409 1547 σεσθαι·
445 1490 586 1548 οὗτοι
620 1497 695 1561 δέ,
720 1499 827 1551 τῶν
865 1500 1037 1554 ἄλλων
1075 1503 1167 1553 ac:
1208 1502 1746 1576 δεισιδαιμονέστερον

1859 616 1983 657 vera
2016 602 2231 655 bonitas
2260 612 2376 656 erat
2405 602 2485 656 eis
2524 602 2757 668 bonitas,
2800 618 2907 657 non
2939 605 3247 669 ostentatio,
3281 622 3402 676 qua:

1850 695 2011 750 habet
2071 693 2465 762 improbitatem
2527 708 2718 765 magna
2793 709 2855 749 ex
2917 703 3069 763 parte
3131 697 3399 751 insidian-

1850 798 1995 854 tem;
2058 790 2163 840 imo
2186 786 2403 855 quidam
2458 796 2673 855 apertus
2712 788 2904 840 anima:
2934 786 3117 851 fretus,
3172 796 3225 844 et
3269 789 3397 843 cha-

1851 887 2032 932 racter
2084 878 2310 931 internae
2354 875 2672 931 affectionis.
2721 876 3012 946 Postquam
3070 888 3247 934 autem
3297 879 3395 933 fuit

1848 967 2049 1021 Paulus
2091 968 2334 1026 Athenis.
2388 975 2441 1021 et
2492 982 2818 1037 congressus
2868 984 2989 1023 cum
3034 970 3311 1040 Epicureis
3341 981 3397 1026 et

1848 1058 2046 1113 Stoicis
2072 1099 2084 1120 ,
2135 1059 2224 1127 qui
2260 1057 2573 1129 Pythagorae
2604 1058 2850 1129 dogmata
2900 1063 3263 1128 sectabantur,
3320 1065 3394 1118 in-

1847 1150 2021 1203 stabat
2053 1150 2219 1218 operi,
2281 1165 2470 1219 nempe
2508 1159 2566 1203 ut
2614 1166 2708 1205 eos
2753 1151 3041 1207 abduceret
3096 1168 3127 1206 a
3177 1154 3396 1224 dogma-

1844 1241 1985 1295 tibus
2038 1240 2370 1309 impietatis,
2424 1248 2477 1295 et
2532 1241 2833 1295 traduceret
2886 1241 2951 1294 ad
3007 1244 3297 1311 pietatem,
3339 1253 3393 1299 et

1843 1338 2106 1384 everteret
2168 1332 2367 1400 templa
2430 1332 2876 1396 simulacrorum,
2934 1341 2987 1385 et
3042 1334 3391 1402 persuaderet

1848 1419 2286 1481 Atheniensibus,
2334 1419 2448 1474 fore
2488 1429 2546 1474 ut
2589 1430 2935 1490 resurgerem
2974 1422 3028 1475 in
3067 1423 3259 1476 ultimo
3304 1424 3393 1477 die

1836 1509 2023 1578 judicii
2052 1549 2065 1571 ,
2120 1517 2174 1563 et
2220 1508 2410 1563 darent
2444 1524 2632 1577 pennas
2685 1526 2870 1564 eorum
2928 1504 3047 1581 quae
3088 1512 3385 1568 fecissent:

185 1588 536 1656 διακείμενοι,
572 1589 664 1641 καὶ
692 1592 770 1653 εἰς
797 1591 993 1653 πολλὰς
1032 1591 1186 1656 δόξας
1224 1594 1314 1645 καὶ
1348 1595 1555 1657 πίστεις
1592 1613 1742 1666 μερι-

1739 1628 1742 1635 ·
1836 1599 1895 1663 ii,
1940 1609 1996 1652 ut
2046 1600 2138 1666 qui
2193 1607 2375 1652 essent
2416 1600 2536 1654 aliis
2597 1601 2771 1655 allecti
2827 1604 3273 1671 superstitiosius,
3334 1613 3389 1659 et

184 1676 421 1747 ςόμενοι,
456 1679 801 1751 μυκτηρίζειν
829 1683 988 1735 αὑτὸν
1009 1683 1337 1753 ἐπεχείρουν,
1362 1685 1565 1761 καινῶν,
1583 1687 1742 1739 τινῶν

1738 1705 1742 1726 ν
1834 1690 1892 1743 in
1940 1690 2138 1743 multas
2170 1689 2327 1744 divisi
2354 1701 2535 1745 essent
2585 1694 2884 1762 Opiniones,
2941 1697 3388 1766 aggrediebantur

184 1770 281 1820 καί
315 1768 479 1834 ξένων
506 1771 790 1842 δαιμονίων
817 1775 1151 1842 καταγγελέα
1181 1774 1486 1838 καλοῦντεςτ
1516 1777 1661 1840 ὅπως
1686 1778 1743 1832 δὲ
1833 1809 1834 1816 ι

1734 1796 1743 1832 ἱ
1833 1793 1955 1832 eum
1990 1779 2356 1841 subsannare,
2387 1789 2643 1836 vocantes
2674 1797 2795 1837 eum
2828 1787 3258 1840 annuntiatorem
3287 1804 3384 1842 ηοο

183 1858 262 1929 μὴ
293 1863 650 1933 μυκτηρισμῴ
678 1865 832 1933 μόνον
864 1866 991 1937 παρ’
1024 1865 1197 1918 αὐτῶν
1232 1867 1491 1936 βάλλοιτο,
1528 1870 1661 1922 ἀλλά
1684 1887 1734 1924 τι
1766 1847 1808 1903 Β

1729 1847 2021 1924 :Bvorum
2085 1870 2439 1938 quorumdam
2492 1872 2897 1929 daemoniorum.
2956 1874 3035 1929 Ne
3088 1884 3264 1931 autem
3313 1881 3379 1934 ab

175 1951 275 2002 καὶ
296 1951 402 2004 τῶν
432 1953 667 2024 ἀνιαρῶν
703 1956 963 2026 ὑποσταίη
1007 1956 1158 2019 δίκας
1190 1958 1294 2011 τῶν
1324 1960 1412 2011 ὑπ’
1438 1960 1599 2015 αὑτοῦ
1632 1978 1733 2031 κη-

1726 1992 1733 2001 -
1834 1958 1915 2013 eis
1953 1966 2292 2027 appeteretur
2336 1960 2447 2013 sola
2475 1962 2917 2025 subsannatione,
2955 1963 3048 2018 sed
3094 1965 3376 2020 molestum

175 2043 519 2112 ρυττομένων
531 2044 721 2110 διδοὺς,
736 2046 1110 2118 ἐπιλαϐόμενοι
1130 2050 1292 2103 αὑτοῦ
1309 2053 1399 2104 ἐπὶ
1418 2052 1507 2104 τὸν
1524 2054 1739 2125 Ἀρειον

1724 2071 1739 2106 θ
1832 2047 1998 2101 etiam
2057 2048 2260 2117 aliquid
2311 2050 2626 2115 sustineret,
2680 2052 2815 2107 dans
2866 2055 3131 2109 rationem
3189 2070 3374 2110 eorum

174 2130 354 2198 πάγον
383 2134 617 2202 ἢγαγονο
647 2135 704 2197 ὃς
724 2136 885 2200 τόπος
915 2138 1010 2209 μὲν
1041 2135 1109 2210 ἦν
1138 2142 1474 2211 συναγωγῆς,
1508 2144 1599 2196 καὶ
1629 2143 1737 2197 τῶν

189 2221 427 2293 Ἀθηνῶν
455 2225 531 2277 ἔτι
558 2225 846 2280 καθίστατο
868 2229 1226 2301 δικαστήριον.
1258 2233 1319 2285 El
1337 2233 1444 2304 γὰρ
1476 2235 1564 2286 καὶ
1602 2234 1736 2289 Ῥω-

173 2317 327 2383 μαῖοι
372 2317 587 2369 πάντων
627 2318 747 2370 τότε
791 2320 1082 2389 ἐκράτουν,
1125 2322 1237 2375 ἀλλ’
1286 2323 1595 2395 Ἀθηναίους
1640 2326 1736 2381 καὶ

167 2404 625 2475 Λακεδαιμονίους
664 2408 987 2478 αὐτονόμους
1019 2412 1250 2482 ἀφῆκαν.
1284 2414 1506 2486 Εἴρηται
1534 2417 1589 2470 δὲ
1634 2433 1735 2487 μυ-

170 2493 341 2557 θικῶς
376 2495 534 2559 οὕτω,
571 2497 818 2568 καθάπερ
859 2501 1050 2552 ἐκεῖνοί
1099 2519 1278 2569 φασιν,
1320 2506 1425 2556 ἀπὸ
1460 2506 1551 2559 τοῦ
1577 2508 1734 2581 δίκην

167 2585 228 2635 ἐν
262 2585 407 2655 αὑτῷ
436 2585 526 2639 τὸν
559 2587 791 2641 Ποσειδῶ
814 2588 951 2642 κατὰ
986 2590 1080 2642 τοῦ
1114 2592 1318 2664 ’Ἄρεως
1346 2596 1617 2665 ὑποσχεῖν,
1649 2600 1729 2653 ὅτι

162 2674 263 2727 τὸν
292 2676 478 2729 τούτου
525 2680 635 2731 υἱὸν
679 2680 989 2735 ἀπέκτεινεν
1029 2683 1369 2756 Ἁλιρρόθιον.
1417 2689 1730 2757 ’Λγαγόντες

163 2760 261 2816 οὖν
297 2768 454 2818 αὑτὸν
486 2769 626 2835 (ἐπεὶ
657 2773 748 2824 καὶ
767 2773 843 2842 τῷ
874 2773 980 2825 τῶν
1011 2774 1210 2845 θρόνων
1234 2776 1375 2846 ὕψει,
1406 2780 1497 2832 καὶ
1528 2783 1594 2851 τῇ
1625 2798 1727 2833 κα-

160 2858 510 2928 ταργουμένη
536 2860 693 2929 σοφία
732 2862 868 2929 μέγα
901 2865 1173 2935 ἐφρόνουν,
1203 2869 1295 2919 καὶ
1320 2868 1431 2938 ἅμα
1455 2870 1560 2922 τῶν
1592 2888 1728 2940 γινο-

166 2948 347 3015 μένων
370 2950 629 3020 ἀκροαταὶ
650 2954 743 3004 καὶ
773 2956 952 3024 κριταὶ
992 2958 1390 3030 προεκάθηντοδ
1432 2958 1505 3015 ὧν
1527 2958 1604 3027 εἷς
1632 2966 1725 3018 καὶ

161 3038 438 3103 Διονύσιος
478 3036 563 3111 ἦν,
610 3043 710 3095 κάν
740 3047 851 3106 τοῖς
886 3044 1058 3113 λόγοις
1098 3050 1198 3100 κᾶν
1229 3056 1338 3113 τοῖς
1365 3053 1725 3127 δικαστηρίοις

160 3126 226 3179 τδ
258 3130 435 3183 πλεῖον
453 3135 893 3207 ἀποφερόμενοςγ
927 3138 1050 3201 «Τίς
1086 3142 1118 3209 ἡ
1155 3142 1310 3211 καινὴ
1341 3144 1474 3213 αὕτη
1498 3126 1724 3199 καὶίὺπὸ

162 3215 261 3269 σοῦ
284 3216 600 3289 λαλουμένη,
635 3241 652 3274 ι
680 3224 812 3293 πρὸς
844 3225 931 3278 τὸν
961 3226 1166 3279 Παῦλον
1198 3228 1421 3300 ἔφησαν,
1453 3250 1470 3282 ι
1516 3233 1719 3307 διδαχὴ,

156 3307 259 3358 καὶ
279 3308 345 3359 τὰ
380 3310 516 3377 σοφὰ
537 3310 628 3363 καὶ
656 3317 1075 3384 περινενοημένα
1105 3320 1436 3391 σοφίσματα;
1467 3325 1559 3375 καὶ
1588 3326 1671 3386 τίς
1694 3328 1723 3379 ό

156 3400 508 3473 θεάνθρωπος
551 3402 785 3473 Ἰησοῦς;
830 3407 922 3457 καὶ
959 3407 986 3457 ό
1024 3408 1114 3461 Earl.
1145 3408 1296 3475 ξύλου
1329 3412 1590 3486 ζωοδότης
1629 3417 1722 3471 καὶ

154 3490 355 3559 κριτὴς
387 3491 764 3561 εὑθυνόμενος;
798 3492 1069 3559 ξενίζοντα
1112 3498 1219 3568 γάρ
1256 3515 1373 3551 τινα
1417 3501 1598 3571 φέρεις
1642 3505 1720 3567 εἰς

151 3580 258 3642 τὰς
302 3581 469 3645 ἀκοὰς
498 3582 670 3652 ἡμῶν.
710 3584 1015 3655 Βουλόμεθα
1042 3583 1132 3647 οὖν
1156 3589 1375 3654 γνῶναι,
1415 3591 1464 3640 τί
1501 3592 1564 3643 ἂν
1594 3591 1717 3659 βού-

151 3669 302 3722 λοιτο
331 3671 520 3735 ταῦτα,
548 3673 640 3725 καὶ
667 3677 800 3746 πρὸς
828 3677 855 3728 ὃ
889 3677 1129 3747 φέρουσι.
1160 3695 1176 3728 ι
1202 3679 1306 3731 Καὶ
1326 3679 1401 3743 ὃς,
1427 3680 1484 3732 τὸ
1506 3681 1717 3752 πρῶτον

150 3760 398 3831 ἐπαίρων
433 3776 492 3812 τε
516 3760 629 3831 ἅμα
661 3762 728 3815 τὰ
749 3765 968 3816 ἐκείνων
1001 3766 1091 3818 καὶ
1111 3765 1175 3817 δι’
1199 3769 1416 3820 ἐπαίνου
1441 3770 1716 3842 τιθέμενος

148 3845 267 3901 οἷον
323 3848 489 3916 είκδς,
552 3852 638 3906 ἵνα
661 3852 732 3925 μὴ
753 3856 863 3915 τοῖς
882 3854 1068 3924 ἀήθεσι
1092 3858 1181 3907 καὶ
1205 3856 1372 3920 ξένοις
1401 3860 1575 3925 λόγοις
1592 3878 1712 3929 τρα.

149 3940 397 4007 χὺνοιντο
443 3941 631 4013 (θυμὸν
664 3944 772 4018 γὰρ
823 3946 1166 4015 ὑποστρέφει,
1218 3951 1395 4019 φησιν,
1429 3950 1714 4022 ἀπόκρισις

148 4028 584 4099 ὑπσπίπτουσα)ο
623 4049 642 4082 ι
678 4033 921 4103 Ἄνδρες,
955 4030 1124 4097 εἶπεν,
1171 4036 1456 4108 Ἀθηναῖοι,
1490 4041 1615 4112 περὶ
1638 4035 1711 4096 ὧν

150 4119 510 4184 πυνθάνεσθε,
543 4120 785 4193 ὕστερον,
822 4125 869 4177 εί
914 4125 1085 4189 δοκεῖ,
1136 4127 1477 4201 διηγήσομαι’
1508 4126 1613 4186 νῦν
1655 4135 1710 4188 δέ

146 4210 294 4262 κατὰ
310 4210 483 4264 πάντα
502 4212 574 4274 ὡς
589 4212 1167 4286 δεισιδαιμονεστέρους
1182 4219 1321 4287 ὑμᾶς
1338 4221 1541 4291 θεωρῶ.
1560 4227 1709 4294 Διερ-

144 4301 375 4369 χόμενος
388 4301 494 4370 γὰρ
511 4305 601 4354 καὶ
610 4303 680 4387 τὰ
698 4304 1008 4373 σεϐάσματα
1025 4308 1173 4376 ὑμῶν
1190 4310 1525 4382 ἀναθεωρῶν.
1554 4310 1706 4387 εὖρον

143 4390 244 4441 καὶ
279 4387 479 4458 βωμὸν,
519 4392 573 4442 ὲν
600 4383 643 4456 ᾧ
675 4392 1066 4459 ἐπεγέγραπτοο
1118 4398 1411 4465 Ἀγνώστῳ
1441 4404 1577 4469 Θεῷ.
1612 4383 1706 4460 λον

1831 2148 1952 2201 quas
2001 2134 2070 2188 ab
2119 2135 2238 2204 ipso
2275 2135 2724 2204 prmdicabantur,
2754 2142 3213 2210 apprehendentes
3253 2160 3375 2199 eum

1829 2223 2163 2278 duxeruntin
2182 2227 2652 2297 Are0pagum,qui
2682 2237 2813 2284 tunc
2839 2232 3055 2300 quidem
3076 2241 3193 2288 erat
3222 2234 3375 2293 locus

1828 2314 2282 2387 congregationis,
2307 2324 2361 2371 et
2390 2317 2722 2374 Athenarum
2747 2328 2862 2376 erat
2884 2322 3062 2378 adhuc
3083 2324 3371 2393 judicium.

1826 2403 1963 2458 Nam
1999 2404 2099 2459 etsi
2131 2413 2260 2459 tunc
2289 2404 2515 2462 Romani
2558 2409 2611 2463 in
2642 2424 2829 2467 omnes
2868 2412 3175 2468 obtinerent
3200 2414 3373 2486 impe-

1825 2492 1985 2554 rium,
2011 2492 2367 2546 Athenienses
2393 2502 2568 2555 tamen
2598 2504 2650 2550 et
2673 2496 3106 2556 Lacedamonios
3128 2503 3212 2557 sui
3230 2503 3371 2573 juris

1825 2579 2174 2634 demiserant.
2200 2579 2400 2635 Fabula
2426 2591 2625 2649 autem,
2660 2585 2799 2641 sicut
2821 2587 2922 2656 ipsi
2943 2588 3152 2654 dicunt,
3176 2606 3369 2648 nomen

1825 2670 2054 2738 accepit,
2086 2669 2227 2740 quod
2261 2670 2539 2742 Neptunus
2577 2675 2632 2729 in
2662 2690 2727 2729 eo
2768 2686 2955 2732 contra
2988 2678 3211 2736 Martem
3241 2697 3370 2737 cau-

1820 2773 1935 2815 sam
1956 2761 2294 2825 sustinuerit,
2326 2764 2468 2833 quod
2493 2765 2651 2835 hujus
2673 2766 2839 2821 ﬁlium
2868 2767 3252 2827 Halirrotbium
3284 2788 3371 2828 oc-

1820 2850 2058 2907 cidisset.
2078 2850 2214 2905 Cum
2241 2866 2361 2907 eum
2383 2870 2508 2925 ergo
2536 2857 2890 2913 adduxissent
2921 2860 2975 2914 in
2999 2861 3210 2917 illorum
3238 2879 3369 2919 conv

1820 2949 2097 3011 Spectum,
2139 2943 2231 3011 qui
2282 2955 2334 2998 et
2371 2955 2593 3016 pr0ptcr
2631 2951 2840 3003 sedium
2884 2952 3247 3020 altitudinem,
3291 2966 3364 3019 et,

1819 3046 1939 3101 qua:
1972 3042 2285 3096 evacuatur,
2325 3038 2663 3106 sapientiam,
2702 3056 2760 3097 sc
2802 3045 3086 3114 magniﬁce
3132 3048 3369 3103 circum-

1819 3125 2119 3196 spiciebant
2150 3140 2160 3174 :
2193 3135 2247 3178 et
2276 3126 2435 3181 simul
2464 3145 2650 3185 eorum
2682 3149 2801 3202 quae
2829 3134 3049 3201 ﬁebant,
3090 3139 3364 3195 auditores

1816 3227 1870 3269 et
1900 3217 2111 3285 judices
2141 3220 2521 3287 praesidebant,
2572 3239 2802 3293 quorum
2846 3243 2988 3282 unus
3040 3230 3203 3286 etiam
3250 3242 3365 3289 erat

1816 3305 2123 3376 Dionysius,
2155 3310 2312 3377 cujus
2348 3320 2401 3367 et
2436 3314 2489 3366 in
2531 3314 2791 3381 dicendo,
2826 3325 2879 3370 et
2905 3319 3201 3386 judicando
3229 3338 3365 3391 pra-

1815 3397 1982 3465 cipuae
2014 3405 2166 3453 erant
2196 3408 2409 3468 partes:
2453 3422 2469 3453 ι
2495 3403 2748 3468 Quaenam
2776 3417 2860 3462 est
2884 3408 2995 3463 haec
3016 3425 3175 3479 nova,
3199 3429 3360 3483 quae

1815 3497 1866 3543 te
1889 3490 2108 3554 dicitur,
2142 3490 2440 3560 doctrina,»
2467 3493 2633 3550 Paulo
2653 3497 2925 3565 dixerunt,
2961 3503 3362 3575 «sapientiaque

1811 3588 1864 3634 et
1881 3583 2153 3648 ingeniosa
2182 3584 2430 3641 decreta?
2452 3597 2505 3641 et
2526 3589 2649 3658 quis
2667 3597 2749 3645 est
2768 3589 2925 3647 Jesus
2942 3591 3083 3648 Deus
3104 3602 3157 3649 et
3174 3596 3356 3660 homo,

1810 3682 1863 3726 et
1894 3673 1947 3725 in
1979 3673 2121 3743 ligno
2143 3675 2263 3729 vitae
2291 3676 2446 3731 dator
2470 3690 2521 3732 et
2540 3680 2726 3748 judex,
2761 3697 2790 3735 a
2812 3700 2918 3751 quo
2947 3685 2999 3738 in
3018 3686 3109 3755 jus
3139 3696 3360 3743 vocatur

1810 3764 2034 3832 quilibet
2072 3765 2383 3823 redditurus
2421 3771 2718 3824 rationem?
2747 3772 3002 3837 Quaedam
3045 3777 3190 3831 enim
3219 3794 3356 3833 nova

1807 3863 1860 3907 et
1898 3857 2071 3909 aliena
2112 3858 2290 3913 del’ei‘s
2333 3861 2397 3913 ad
2447 3877 2607 3916 aures
2648 3872 2883 3921 nostras.
2928 3864 3189 3924 Volumus
3226 3885 3356 3941 ergo

1808 3943 1977 4007 scire,
2010 3944 2137 4013 quid
2178 3945 2291 4000 haec
2329 3947 2430 4000 sibi
2462 3948 2678 4011 volunt,
2712 3958 2764 4003 et
2798 3968 2906 4020 quo
2935 3955 3182 4012 tendunt.
3214 3978 3233 4011 ι
3266 3958 3356 4014 llle

1807 4040 1984 4087 autem
2014 4047 2101 4088 res
2201 4046 2388 4089 eorum
2492 4031 2722 4105 primum
2745 4040 3009 4095 extollens
3024 4050 3077 4096 et
3104 4044 3351 4108 laudans,

1805 4132 1874 4170 ne
1898 4118 2123 4175 insuetis
2151 4129 2202 4175 et
2220 4124 2411 4178 alienis
2429 4125 2604 4180 verbis
2633 4126 2975 4185 irritarentur
2998 4131 3154 4202 (iram
3180 4134 3348 4200 enim,

1803 4210 1878 4261 ait
1908 4210 2015 4271 ille,
2051 4213 2243 4265 avertit
2278 4228 2336 4267 se
2365 4215 2688 4270 submittens
2714 4222 2994 4287 responsio
3023 4222 3082 4293 Ι³)
3117 4243 3129 4278 :
3178 4242 3196 4275 ι
3237 4225 3349 4281 Viri

1811 4300 2006 4367 inquit,
2031 4300 2407 4370 Athenienses,
2440 4305 2507 4359 de
2553 4308 2620 4362 iis
2657 4323 2775 4377 qua:
2804 4310 3166 4382 interrogatis,
3200 4328 3344 4385 post-

1803 4397 2020 4446 modum
2055 4396 2098 4448 si
2125 4395 2196 4447 ita
2225 4396 2495 4449 videbitur
2527 4398 2792 4454 disseram
2825 4417 2837 4451 :
2866 4417 3010 4459 nunc
3042 4412 3221 4462 autem
3252 4424 3349 4479 per

143 4472 243 4529 οὗν
288 4477 600 4544 ἀγνοοῦντες
643 4480 930 4545 εὐσεϐεῖτε,
986 4482 1171 4537 τοῦτον
1207 4487 1317 4553 ἐγὼ
1359 4496 1704 4561 καταγγέλλω
1732 4527 1777 4583 D

1696 4516 1704 4547 ,
1732 4527 1777 4583 D
1800 4482 1979 4535 omnia
2009 4484 2164 4552 quasi
2192 4489 2678 4555 superstitiosiores
2704 4506 2803 4547 vos
2833 4494 3003 4550 video.
3054 4495 3346 4555 Transiens

144 4570 307 4636 ὑμῖν·
342 4569 389 4619 ει
416 4569 521 4639 ἄρα
548 4569 890 4640 ψηλαφήσετε
920 4575 1096 4641 αὑτὸν,
1134 4578 1225 4629 καὶ
1247 4577 1473 4648 εὕροιτε,
1509 4587 1600 4636 καί
1640 4604 1702 4655 γε

139 4657 207 4708 οὐ
252 4657 466 4727 μακρὰν
499 4658 589 4726 ἀφ’
625 4659 849 4712 ἑκάστου
886 4664 1034 4732 ὑμῶν
1077 4668 1398 4738 ὑπάρχοντα.
1441 4672 1525 4724 Ἐν
1556 4677 1701 4747 αὑτῷ

142 4744 255 4814 γὰρ
282 4744 460 4814 ζῶμεν
482 4748 572 4800 καὶ
597 4749 885 4818 κινούμεθα
916 4755 1006 4805 καὶ
1023 4756 1201 4825 ἐσμέν.
1228 4781 1244 4810 ι
1264 4761 1474 4816 Τούτων
1507 4744 1697 4820 ἐκεῖνοι

140 4833 494 4897 ἀκούσαντες,
518 4838 610 4889 καὶ
628 4838 707 4889 ὅτι
729 4838 937 4911 πλήρης
962 4845 988 4895 ό
1010 4842 1161 4911 λόγος
1182 4850 1392 4920 κομιίσῆς
1412 4853 1697 4924 ἐτύγχανεν

136 4924 398 4987 διανοίας,
444 4920 529 4978 οἵα
566 4928 790 4998 βροντῆς
823 4932 936 5001 ἤχῳ
974 4937 1433 5007 καταπλαγέντες,
1488 4945 1696 5019 ἀερωνίᾳ.

136 5016 467 5084 συνείχοντο.
513 5019 634 5087 ’0ψέ
654 5020 708 5072 δὲ
741 5023 832 5073 καὶ
869 5024 1016 5091 μόλις
1051 5046 1067 5076 ι
1115 5029 1476 5100 Ἀκουσόμεθά
1512 5054 1602 5088 σου

134 5108 457 5177 ὑστεραία,ι
506 5110 975 5182 ἐπιφθεγξάμενοι,
1014 5119 1104 5170 τοῦ
1143 5121 1485 5193 δικαστηρίου
1508 5128 1691 5180 τοῦτον

130 5196 376 5263 ἀφῆκαν.
426 5197 658 5261 Ἐξεισιν
695 5199 786 5254 οὖν
810 5205 836 5253 ὁ
864 5204 1071 5268 Παῦλος
1106 5210 1165 5260 οὑ
1209 5204 1389 5274 κεναῖς
1433 5218 1602 5284 χερσὶ,
1632 5219 1689 5268 τὸ

128 5286 416 5355 ᾀδόμενον·
442 5288 552 5341 ἀλλ’
580 5292 907 5361 ἐφεπόμενον
936 5294 1023 5348 τὸν
1054 5300 1307 5370 πρόεδρον
1332 5321 1388 5355 τε
1422 5307 1511 5358 καὶ
1532 5324 1688 5377 κορυυ¹

126 5380 287 5445 φαῖον
314 5378 413 5447 τῆς
445 5380 548 5431 τῶν
590 5385 850 5449 σοφιστῶν
886 5390 1191 5459 συμμορίας
1226 5395 1569 5463 παραλαϐὼν,
1596 5400 1686 5453 τὸν

130 5467 306 5536 μέγαν
334 5468 518 5523 τοῦτόν
537 5489 675 5542 φημι
702 5476 971 5528 Διονύσιον
989 5495 1000 5507 ⁸
1028 5482 1118 5532 καὶ
1150 5482 1333 5555 ὥσπερ
1368 5504 1449 5550 τις
1490 5490 1684 5560 Ὀλυμ-

125 5561 380 5628 πιονίκης
415 5560 446 5630 ἢ
485 5565 811 5632 στρατηγὸς,
852 5568 950 5635 τῆς
986 5570 1118 5633 ἰδίας
1154 5574 1393 5646 γλώττης
1426 5583 1680 5652 τρόπαιον

242 5728 269 5765 h
290 5728 447 5783 Prov.
486 5746 570 5786 xv.

458 5832 725 5889 ΡΑτιιοι.
769 5834 882 5897 Ge.
933 5835 1098 5897 CXV.

1799 4572 1962 4636 enim,
2004 4584 2058 4626 et
2103 4576 2371 4643 aspiciens
2435 4594 2495 4631 ea
2562 4596 2683 4649 quae
2725 4584 2920 4649 colitis,
2967 4587 3146 4642 inveni
3187 4592 3346 4646 etiam

1798 4679 1963 4725 aram,
2001 4665 2054 4717 in
2086 4681 2190 4734 qua
2229 4668 2550 4738 inscriptum
2588 4683 2739 4728 erat:
2775 4673 2960 4742 Ignoto
3005 4677 3131 4731 Deo.
3175 4678 3343 4745 Quem

1797 4771 1923 4825 ergo
1953 4756 2265 4824 ignorantes
2281 4764 2481 4825 colitis,
2512 4780 2633 4819 eum
2659 4770 2923 4823 annuntio
2950 4771 3102 4826 vobis
3122 4788 3135 4836 ;
3155 4774 3200 4825 si
3221 4787 3343 4829 eum

1797 4844 1932 4902 forte
1972 4854 2459 4917 contrectaveritis,
2508 4866 2560 4909 ct
2604 4857 2942 4922 inveneritis,
2978 4862 3079 4914 etsi
3121 4877 3229 4915 non
3275 4862 3345 4916 sit

1795 4939 1952 5007 longe
1996 4940 2063 4992 ab
2108 4955 2431 5011 unoquoque
2469 4954 2729 4999 vestrum.
2777 4946 2834 5000 In
2876 4949 2995 5018 ipso
3036 4951 3178 5004 enim
3209 4953 3344 5007 vivi-

1796 5044 1933 5091 mus,
1964 5036 2018 5082 et
2049 5045 2344 5094 movemur,
2377 5042 2429 5087 ct
2459 5050 2664 5091 sumus.
2698 5056 2715 5088 ›
2738 5036 2861 5093 Hzec
2882 5054 3003 5093 eum
3034 5042 3107 5095 illi
3139 5043 3340 5098 audiis-

1792 5128 1933 5182 sent,
1964 5122 2215 5188 quoniam
2241 5126 2495 5192 gravibus
2517 5128 2798 5184 sententiis
2822 5131 2977 5199 plena
2998 5140 3115 5185 erat
3144 5136 3335 5199 oratio,

1791 5217 2043 5278 tanquam
2072 5227 2205 5266 sono
2232 5217 2433 5268 tonitru
2468 5228 2648 5271 essent
2679 5218 3058 5288 obstupefacti,
3091 5223 3334 5292 elingues

1788 5306 1840 5353 et
1868 5304 1996 5355 muti
2026 5314 2325 5359 evaserant.
2342 5306 2474 5359 Cum
2497 5317 2673 5363 autem
2695 5311 2781 5363 vix
2805 5313 3020 5365 tandem
3043 5313 3329 5369 dixissent:

1794 5407 1811 5438 ι
1860 5389 2157 5449 Audiemus
2197 5404 2249 5449 te
2288 5399 2569 5465 postridie,
2602 5420 2618 5451 ι
2654 5416 2776 5456 eum
2807 5402 3131 5458 dimiserunt
3174 5420 3204 5459 e
3242 5406 3333 5474 ju-

1787 5479 1949 5534 dicio.
1969 5480 2250 5555 Egreditur
2265 5503 2390 5557 ergo
2411 5487 2629 5558 Paulus,
2658 5508 2767 5546 non
2794 5495 3065 5556 inanibus,
3095 5504 3152 5549 ut
3173 5498 3331 5566 vulgo

1784 5568 2000 5635 dicitur,
2016 5576 2285 5641 manibus,
2308 5579 2399 5632 sed
2421 5595 2602 5635 secum
2625 5595 2864 5653 accepto,
2884 5586 2974 5651 qui
2994 5602 3115 5639 eum
3139 5603 3329 5657 seque-

3000 5884 3075 5939 33
