4178 6316
796 337 942 400 1035

2044 346 2328 408 MENSIS
2367 346 2722 411 OCTOBER.

3877 350 4003 415 1036

806 470 984 528 batur,
1020 467 1267 533 praeside,
1288 474 1340 521 et
1370 467 1559 523 ciassis
1587 470 1943 537 sOphistarum
1969 471 2349 541 principe,hoc
2381 526 2383 535 ,

2453 477 2612 531 αὑτὸν
2668 478 3024 549 ποιησάμενος
3063 477 3157 531 καὶ
3208 479 3411 549 καρπὸν
3454 475 3686 529 τοιοῦτον
3727 475 3826 528 τοῦ
3876 477 3999 543 πρὸς

801 572 1017 627 magno,
1045 557 1283 625 inquam,
1324 557 1601 629 Dionysio.
1641 559 1714 613 De
1744 576 1875 630 quo,
1907 568 2162 631 tanquam
2200 565 2351 633 quis-

799 648 944 716 piam
987 648 1163 701 victor
1208 645 1554 718 Olympicus,
1601 658 1694 703 aut
1737 652 1845 704 dux
1889 656 2181 719 exercitus,
2240 674 2351 713 sua:

799 737 992 806 lingua-
1026 739 1199 792 erexit
1229 740 1545 808 trophteum,
1577 749 1630 795 et
1676 741 1819 795 hunc
1862 742 2097 797 fructum
2132 747 2350 817 collegit

748 854 760 871 ι
797 842 861 880 ex
891 828 1135 882 oratione
1188 844 1347 897 quam
1374 830 1558 883 habuit
1583 830 1647 884 ad
1675 831 2054 889 Athenienses.
2087 833 2158 888 lis
2183 838 2349 905 enim,

797 932 917 985 qua:
955 918 1021 972 de
1062 917 1188 973 Jesu
1222 919 1543 973 dicebantur
1580 937 1607 974 a
1646 937 1893 991 praecone
1924 926 2185 987 veritatis,
2226 940 2349 979 cum

795 1022 826 1059 a
856 1024 913 1062 se
940 1011 1088 1077 prius
1110 1011 1278 1064 visam
1298 1011 1352 1063 in
1387 1019 1628 1081 tempore
1659 1014 1929 1082 passionis
1953 1014 2349 1070 innovationem

797 1100 897 1154 sibi
924 1100 1026 1169 ipsi
1048 1101 1397 1169 explicuisset
1416 1103 1788 1167 luminarium,
1812 1112 1866 1157 et
1893 1104 2033 1159 hanc
2059 1106 2352 1159 humanam

794 1192 1134 1260 dcspexisset
1173 1193 1513 1261 sapientiam,
1544 1203 1787 1249 sectatur
1812 1197 2034 1249 verbum
2066 1199 2348 1264 veritatis,

795 1290 848 1335 et
901 1284 1214 1353 adjungitur
1262 1284 1628 1353 Apostolo;et
1659 1288 2083 1356 regenerationis
2140 1290 2355 1342 lavacro

795 1384 1222 1440 consummatus,
1260 1374 1316 1428 lit
1348 1376 1506 1429 simul
1541 1376 1873 1445 discipulus,
1906 1385 1958 1433 et
1993 1393 2166 1447 prmco
2196 1377 2353 1432 Chri-

798 1466 889 1528 sti,
924 1467 1014 1534 qui
1052 1473 1135 1519 est
1161 1467 1366 1534 primus
1389 1466 1583 1519 doctor
1612 1468 1875 1523 veritatis.
1906 1468 1971 1521 Et
2000 1485 2122 1523 cum
2152 1472 2354 1540 primas

798 1557 917 1611 ﬁdei
943 1558 1356 1613 exercitationes
1382 1569 1434 1612 et
1480 1558 1797 1629 disciplinas
1826 1576 1855 1613 a
1894 1562 2052 1616 beato
2082 1567 2356 1632 percepis-

797 1656 877 1703 set
900 1648 1210 1712 llierotheo,
1242 1655 1295 1702 et
1318 1650 1371 1702 in
1403 1650 1591 1714 verbo,
1617 1657 1670 1703 et
1707 1651 1761 1703 in
1787 1653 1894 1704 vita
1919 1653 1985 1705 ab
2009 1668 2074 1705 eo
2107 1653 2351 1716 docetur,

796 1748 849 1793 et
879 1739 1052 1793 sancti
1082 1738 1318 1809 Spiritus
1345 1742 1780 1794 communionem
1810 1742 1877 1795 ab
1899 1758 1961 1796 eo
1979 1744 2351 1811 consequitur.

797 1830 998 1885 Deinde
1027 1832 1378 1886 ascensiones
1418 1832 1471 1886 in
1504 1832 1667 1885 corde
1692 1847 1790 1885 suo
1830 1832 2146 1901 disponens,
2180 1833 2418 1910 philo-B

798 1923 1057 1991 scphatur
1081 1924 1391 1989 veritatem;
1416 1924 1607 1991 quaerit
1636 1938 1758 1977 cum
1790 1925 2035 1990 veritate,
2058 1924 2125 1978 de
2151 1925 2351 1991 anima,

798 2014 864 2068 de
908 2029 1156 2082 corpore,
1190 2029 1253 2067 ac
1290 2014 1355 2068 de
1393 2016 1695 2068 substantia
1735 2031 1914 2069 rerum
1946 2016 2349 2085 gerendarum:

800 2104 1089 2158 mortilicat
1121 2104 1301 2159 omnia
1328 2106 1567 2159 membra
1603 2121 1719 2172 sua,
1754 2122 1873 2175 quae
1905 2114 2030 2159 sunt
2058 2123 2217 2176 super
2244 2115 2352 2162 ter-

796 2209 934 2258 ram,
954 2197 1135 2251 carnis
1156 2196 1352 2249 multas
1378 2197 1523 2266 leges
1551 2199 1889 2253 constituens
1909 2197 1973 2250 ad
1994 2198 2352 2253 obedientium

799 2287 1044 2355 spiritui;
1074 2289 1229 2341 docet
1265 2303 1424 2342 aures
1456 2290 1763 2342 auscultare
1793 2304 1911 2357 qua:
1941 2290 2139 2351 divina,
2163 2299 2214 2343 et
2237 2304 2356 2358 quae

798 2386 924 2432 sunt
952 2378 1016 2432 de
1039 2377 1147 2433 Deo
1174 2379 1469 2445 audienda;
1498 2380 1563 2433 iis
1586 2388 1763 2435 autem
1788 2396 1907 2449 quae
1941 2388 2065 2436 sunt
2099 2388 2248 2435 extra
2267 2396 2353 2447 ea,

797 2468 1039 2522 divinum
1078 2480 1279 2524 metum
1336 2470 1723 2525 inexorabilem
1770 2470 1985 2526 adhibet
2021 2472 2349 2541 janitrorem:

797 2565 851 2613 et
882 2566 1053 2613 totum
1082 2560 1297 2613 oculum
1317 2560 1553 2614 traducit
1585 2560 1651 2613 ad
1681 2561 1957 2615 veritatem
1987 2564 2354 2632 contemplan-

798 2649 943 2702 dam.
976 2648 1127 2714 Quod
1162 2659 1341 2704 autem
1372 2650 1438 2705 ad
1468 2651 1707 2720 linguam
1738 2653 1988 2721 pertinet,
2022 2654 2125 2707 etsi
2154 2668 2263 2706 non
2295 2653 2352 2707 in

799 2740 889 2807 iis;
924 2742 977 2795 in
1002 2743 1199 2811 quibus
1231 2743 1535 2813 oportebat,
1567 2744 1694 2797 olim
1722 2745 1912 2797 edocla
1953 2744 2147 2804 fuerat,
2183 2743 2357 2812 philo-

800 2834 1024 2901 sophice
1071 2842 1250 2888 tamen
1294 2843 1346 2887 et
1376 2833 1575 2897 Attice,
1607 2834 1881 2902 multaque
1912 2848 2033 2887 cum
2076 2832 2352 2903 diligentia

799 2923 1010 2980 erudita
1035 2931 1171 2979 erat.
1204 2921 1392 2992 Itaque
1430 2923 1579 2977 brevi
1611 2921 1901 2995 Dionysius
1927 2924 1980 2994 (ο
2009 2923 2353 2993 miraculum)

799 3029 1248 3089 superatomnes,
1276 3016 1368 3090 qui
1398 3024 1786 3085 przecesserant
1868 3034 1882 3069 :
1958 3024 2011 3071 et
2111 3027 2357 3083 cumpo—

798 3119 1047 3163 testatem
1074 3126 1179 3163 non
1200 3109 1518 3165 subfuratus
1534 3114 1699 3167 esset,
1720 3104 1813 3158 sed
1832 3119 1927 3173 per
1949 3104 2149 3173 gradus
2173 3112 2355 3160 trans-

2463 565 2773 637 Ἀθηναίους
2811 567 2963 636 λόγου
3004 568 3239 638 θερίσας,
3282 570 3403 631 Τοῖς
3436 571 3544 638 γὰρ
3584 567 3734 638 παρὰ
3773 565 3871 619 τοῦ
3909 567 3998 633 τῆς

2450 656 2702 727 ἀληθείας
2745 658 2979 727 κήρυκος
3026 660 3153 728 περὶ⁵
3195 659 3287 710 τοῦ
3336 658 3509 727 Ἰησοῦ
3549 658 3863 725 λεγομένοις
3908 656 3998 725 τὴν

2448 747 2833 818 προοραθεῖσαν
2858 747 3004 817 αὑτῷ
3033 747 3167 800 κατὰ
3197 749 3285 799 τὸν
3316 747 3496 816 καιρὸν
3536 746 3627 798 τοῦ
3658 746 3870 806 πάθους
3898 746 3999 796 τῶν

2448 840 2744 908 φωστήρων
2791 839 3129 907 καινοτομίαν
3180 838 3460 907 συμϐαλὼν
3511 839 3731 899 ἐκεῖνος,
3771 836 3864 888 καὶ
3906 837 4000 904 τῆς

2446 926 2785 997 ἀνθρωπίνης
2818 928 3016 997 ταύτης
3050 928 3234 995 σοφίας
3262 927 3543 997 ὑπεριδὼν,
3573 927 3665 978 τοῦ
3710 927 3874 993 λόγου
3906 929 3999 995 τῆς

2444 1019 2697 1089 ἀληθείας
2726 1018 2929 1086 γίνεται
2950 1059 2963 1079 ,
2993 1020 3086 1071 καὶ
3113 1020 3190 1089 τῷ
3226 1019 3525 1087 Ἀποστόλῳ
3558 1012 3889 1070 συντίθεται·
3927 1020 3999 1087 τῷ

2442 1120 2503 1158 τε
2545 1106 2751 1176 λουτρῴ
2790 1107 2883 1174 τῆς
2923 1107 3328 1174 παλιγγενεσίας
3364 1106 3696 1169 τελειωθεὶς,
3754 1107 3999 1175 μαθητὴς

2445 1194 2575 1264 ὁμοῦ
2611 1198 2702 1247 καὶ
2740 1196 2910 1266 κῆρυξ
2947 1198 3180 1267 Χριστοῦ
3224 1198 3313 1250 τοῦ
3356 1197 3569 1267 πρώτου
3609 1198 3706 1267 τῆς
3745 1199 4002 1267 ἀληθείας

2444 1284 2755 1339 διδασκάλου
2800 1289 3131 1340 καθίσταται.
3178 1289 3286 1340 Καὶ
3314 1288 3381 1342 τὰ
3419 1292 3606 1359 πρῶτα
3650 1291 3749 1359 τῆς
3788 1291 4002 1360 ἡλικίας

2443 1375 2750 1446 διατριϐῶν,
2786 1379 2876 1429 καὶ
2924 1379 3165 1441 παιδείας
3209 1380 3285 1449 τῷ
3342 1382 3615 1452 μακαρίτῃ
3669 1385 4001 1451 κοινωνήσας

2457 1467 2725 1537 Ἰεροθέῳ,
2759 1469 2869 1537 βίον
2892 1469 2994 1520 ὑπὸ
3030 1469 3200 1539 τούτῳ
3230 1474 3320 1523 καὶ
3345 1473 3494 1539 λόγον
3532 1474 3871 1526 παιδεύεται⁸
3914 1477 4002 1526 καὶ

2441 1558 2540 1627 τῆς
2563 1558 2728 1628 αὑτῆς
2758 1559 2905 1628 αὑτῷ
2924 1558 3015 1611 τοῦ
3045 1561 3196 1627 ἁγίου
3216 1562 3350 1613 Πνεὺ
3362 1580 3526 1630 ματος
3558 1565 3846 1626 κοινωνίας
3876 1582 4003 1617 κατ-

2442 1647 2702 1710 αξιοῦται,
2738 1649 2830 1699 καὶ
2861 1648 3147 1710 ἀναϐάσεις
3174 1650 3230 1700 ὲν
3263 1652 3326 1718 τῇ
3369 1651 3562 1720 καρδία
3596 1653 4001 1722 ἀνατιθέμενος,

2443 1742 2716 1805 φιλοσοφεῖ
2760 1740 2857 1808 τὴν
2901 1740 3186 1809 ἀλήθειαν·
3234 1738 3386 1810 ζητεῖ
3432 1741 3568 1809 μετὰ
3602 1743 3697 1809 τῆς
3746 1744 4003 1811 ἀληθείας

2443 1831 2569 1897 περὶ
2600 1830 2791 1898 @171;-
2832 1832 2956 1900 περὶ
2984 1831 3250 1901 σώματος,
3288 1832 3414 1902 περὶ
3450 1832 3545 1901 τῆς
3574 1833 3681 1884 τῶν
3713 1836 4004 1902 πρακτέων

2444 1918 2748 1987 ὑπάρξεως
2794 1921 2967 1972 πάντα
3005 1925 3185 1993 νεκροί
3218 1922 3286 1973 τά
3335 1922 3465 1992 μέλη
3508 1922 3577 1973 τὰ
3616 1924 3708 1975 ἐπὶ
3743 1926 3845 1991 τῆς
3882 1926 4001 1992 γῆς,

2442 2007 2608 2060 πολλὰ
2628 2012 2692 2079 τῇ
2719 2011 2878 2078 σαρκὶ
2906 2011 3287 2081 νομοθετήσας,
3321 2014 3396 2074 εἰς
3424 2013 3697 2082 ὑποταγὴν
3722 2013 3817 2064 τοῦ
3848 2015 4006 2065 πνεύ-

2445 2116 2630 2169 ματος·
2662 2102 2995 2168 παιδαγωγεῖ
3018 2103 3110 2171 τὴν
3132 2104 3297 2172 ἀκοὴν
3326 2105 3425 2156 ὅσα
3457 2104 3572 2156 θεῖα
3598 2105 3691 2156 καὶ
3721 2106 3854 2174 περὶ
3874 2104 4004 2156 Θεοῦ

2441 2192 2808 2245 ἔνωτίσασθαι·
2845 2195 2961 2266 τοῖς
2990 2193 3045 2245 δὲ
3087 2195 3290 2247 τούτων
3330 2196 3486 2257 ὲκτὺς
3528 2196 3617 2247 τὸν
3662 2195 3809 2249 θεῖον
3846 2195 4006 2265 φόϐον

2441 2281 2679 2352 θυρωρὸν
2725 2283 3004 2354 ἐφίστησιν
3052 2286 3438 2356 ἀπαραίτητον
3472 2288 3589 2339 ὅλον
3641 2289 3871 2358 μετάγει
3920 2290 4008 2339 τὸν

2441 2368 2710 2441 ὀφθαλμὸν
2747 2373 2835 2425 ἐπὶ
2865 2375 2962 2443 τὴν
2998 2375 3269 2446 ἀλήθειαν.
3297 2378 3375 2429 Τά
3404 2377 3509 2448 γὰρ
3537 2378 3636 2446 τῆς
3659 2378 3933 2446 γλώττης,
3963 2380 4007 2429 εἰ

2442 2462 2535 2514 καὶ
2581 2464 2653 2532 μὴ
2703 2465 2759 2514 ὲν
2795 2458 2874 2525 οἷς
2908 2467 3069 2535 ἐχρῆν
3104 2467 3392 2537 πρότερον,
3430 2468 3540 2519 ἀλλ’
3574 2464 3666 2520 οὖν
3704 2467 4007 2533 ᾳιλοσόφως

2442 2568 2500 2606 τε
2532 2552 2624 2605 καὶ
2671 2555 2924 2617 Ἀττικῶς
2956 2559 3048 2608 καὶ
3082 2557 3213 2625 πρὸς
3254 2556 3533 2626 ἀκρίδειαν
3566 2556 4005 2609 ὲνεπεπαίδευτο.

2443 2650 2570 2711 Καὶ,
2609 2648 2653 2699 ὣ
2681 2646 2771 2699 τοῦ
2804 2645 3103 2714 θαύματοςί
3130 2649 3186 2698 ὲν
3232 2646 3426 2716 βραχεί
3454 2647 3659 2710 πάντας
3688 2646 4007 2718 ὑπερϐαίνει

2442 2739 2568 2801 τοὺς
2589 2736 2911 2807 ἔμπροσθεν,
2945 2738 3005 2789 οὑ
3038 2736 3237 2807 κλέψας
3264 2737 3360 2808 τὴν
3393 2737 3643 2803 ἐξουσίαν
3673 2739 3794 2791 οὑδὲ
3828 2740 4006 2811 ἁρπά-

2446 2847 2564 2893 σας,
2591 2828 2722 2883 aria
2749 2829 2872 2892 τοὺς
2895 2828 3043 2883 κάτω
3064 2828 3300 2901 βαθμοὺς
3329 2828 3627 2895 διεξελθών.
3665 2832 3774 2884 Καὶ
3794 2832 3856 2883 τὸ
3892 2848 4007 2881 ποι-

2450 2922 2728 2993 μαίνεσθαι
2759 2921 2932 2985 καλῶς
2952 2921 3221 2991 ἐκμαθὼν,
3243 2923 3350 2974 τῶν
3370 2924 3479 2975 ἄνω
3507 2924 3641 2990 ταχὺ
3667 2923 3897 2988 γίνεται,
3915 2927 4007 2976 καὶ

2446 3014 2716 3081 ποιμαίνει
2736 3012 2869 3081 μετὰ
2888 3013 2982 3081 τῆς
2997 3011 3182 3080 πείρας
3202 3010 3325 3061 ὑστε
3333 3026 3439 3078 ρον·
3460 3010 3552 3061 καὶ
3569 3011 3824 3075 ἐπιεικῶς
3840 3013 4007 3083 ἆρχε-

2449 3102 2568 3155 σθαι
2596 3102 2797 3173 μαθὼν,
2827 3104 2981 3172 ἄρχει
3009 3103 3423 3173 ὲπιεικέπερονσ
3457 3105 3549 3157 καὶ
3582 3102 3717 3173 μετὰ
3744 3105 3847 3173 τῆς
3873 3108 4008 3174 dir,-

795 3199 948 3256 iisset
983 3199 1289 3265 inferiores,
1327 3188 1549 3270 pulchre
1587 3197 1739 3272 pasci
1766 3194 2067 3262 didicisset,
2097 3195 2162 3249 ad
2196 3191 2383 3265 supe-l

2448 3194 2592 3258 θείας
2630 3192 2861 3257 διδάξας,
2901 3193 2987 3245 διά
3026 3194 3205 3259 πάσης
3236 3210 3293 3245 τε
3335 3193 3500 3246 ἐλθὼν
3539 3194 3822 3257 εὐταξίας,
3850 3196 4005 3258 τέλος

796 3290 940 3343 riora
968 3305 1091 3344 mox
1116 3292 1384 3360 pervenit,
1419 3298 1469 3345 et
1503 3292 1677 3361 pascit
1699 3292 1886 3361 postea
1919 3300 2042 3338 cum
2074 3286 2355 3353 experien-

796 3381 902 3447 tia;
947 3390 1001 3434 et
1051 3396 1174 3435 cum
1224 3382 1467 3436 modeste
1523 3397 1713 3450 parere
1763 3376 2067 3439 didicisset.
2128 3376 2355 3441 impera"

799 3472 1127 3537 modestius;
1152 3480 1204 3525 et
1228 3486 1353 3524 cum
1377 3472 1652 3525 docuisset
1679 3486 1799 3525 cum
1825 3467 2068 3527 veritate,
2103 3465 2358 3517 obiisset-

797 3578 903 3631 que
932 3576 1119 3615 omnes
1147 3561 1272 3615 boni
1299 3562 1505 3616 ordinis
1532 3571 1734 3631 partes,
1769 3565 1985 3618 tandem
2016 3565 2064 3619 ei
2096 3557 2351 3618 mandato

795 3652 1124 3705 Athenarum
1166 3652 1506 3721 pontiﬁcatu,
1568 3654 1740 3706 clavis
1790 3653 2043 3721 praesidet
2072 3655 2349 3720 Ecclestaz,

798 3740 1146 3808 ostenditque
1193 3755 1351 3793 suum
1401 3755 1724 3809 generosqu
1771 3740 2033 3803 animum,
2066 3750 2117 3795 et
2151 3752 2353 3813 pugnat

800 3845 897 3901 pro
924 3845 1083 3901 grege
1116 3846 1129 3881 :
1164 3831 1488 3901 expellitque
1516 3831 1738 3894 bestias,
1762 3840 1815 3885 et
1830 3832 1970 3900 ejus,
1997 3833 2138 3901 quod
2165 3839 2351 3890 morbo

799 3923 1028 3986 laborat,
1070 3936 1256 3974 curam
1289 3923 1445 3989 gerit,
1476 3928 1529 3975 et
1559 3922 1701 3991 quod
1752 3921 1909 3989 IOnge
1961 3930 2043 3974 est
2086 3933 2347 3977 remotum

2444 3286 2541 3354 τὴν
2572 3285 2677 3336 τῶν
2720 3284 2951 3354 Ἀθηνῶν
2985 3285 3289 3347 πιστευθεὶς
3334 3286 3636 3355 προεδρίαν,
3670 3285 3776 3336 τῶν
3807 3288 4010 3337 οἰάκων

2444 3377 2539 3443 τῆς
2580 3375 2897 3443 Ἐκκλησίας
2934 3375 3391 3443 ὑπερκαθέζεται·
3440 3377 3499 3427 τό
3530 3393 3587 3427 τε
3642 3377 3738 3445 τῆς
3784 3376 4012 3445 γνώμης

2448 3467 2689 3532 γενναῖον
2722 3462 3075 3524 ἐπιδεικνύει,
3112 3464 3204 3515 καὶ
3238 3465 3571 3533 προπολεμεῖ
3599 3467 3696 3534 τῆς
3738 3467 4009 3533 ποίμνης,

2446 3557 2535 3608 καὶ
2556 3555 2812 3607 ἀποσοϐεῖ
2828 3555 2950 3616 τοὺς
2981 3553 3169 3624 θῆρας,
3193 3555 3284 3606 καὶ
3311 3553 3402 3605 τοῦ
3434 3556 3781 3622 νενοσηκίτος
3816 3560 4012 3624 ἐπιμε-

2446 3644 2637 3706 λεῖται,
2684 3647 2774 3697 καὶ
2802 3646 2859 3696 τὸ
2904 3644 3204 3714 μακρυνθὲν
3247 3646 3535 3712 ἐπανάγει·
3574 3648 3669 3698 καὶ
3722 3648 4013 3699 συνελόντα

2447 3736 2628 3801 φάναι,
2661 3737 2790 3786 πᾶσι
2819 3734 2884 3787 τὰ
2897 3734 3072 3786 πάντα
3101 3735 3239 3787 κατὰ
3272 3736 3359 3787 τὸν
3393 3734 3555 3788 αὑτοῦ
3586 3737 3907 3789 διδάσκαλον
3928 3740 4012 3805 τε-

2447 3842 2613 3878 νεται.
2647 3824 2798 3877 Οὕτω
2820 3841 2877 3875 τε
2907 3823 3149 3889 διδάξας,
3190 3825 3282 3877 καὶ
3309 3825 3405 3894 τὴν
3432 3824 3631 3896 "rgias;
3661 3826 4012 3897 θεολογήσας,

2450 3916 2630 3982 σαφῶς
2649 3934 2713 3968 πε
2725 3917 2773 3983 pl.
2798 3915 2903 3966 τῶν
2932 3918 3102 3968 ἄλλων
3126 3917 3473 3985 διαλαμϐάνει
3495 3917 3795 3984 δυνάμεων.

812 4012 1055 4066 reducit:
1091 4019 1163 4075 et,
1197 4018 1254 4065 ut
1296 4013 1463 4067 semel
1501 4014 1696 4079 dicam,
1743 4012 1886 4068 sicut
1921 4013 2039 4081 ejus
2089 4015 2362 4084 magister,
2404 4015 2658 4069 omnibus
2685 4014 2739 4066 ﬁt
2778 4013 2960 4065 omnia
2994 4013 3035 4063 ι.
3084 4010 3218 4063 Cum
3265 4012 3344 4064 sic
3390 4022 3568 4065 autem
3616 4013 3901 4069 docuisset
3952 4026 4008 4070 et

800 4104 873 4159 de
908 4102 1186 4159 Trinitatis
1240 4104 1525 4161 divinitate
1578 4108 1950 4173 disseruisset,
1975 4107 2117 4159 clare
2147 4113 2343 4160 tractat
2371 4108 2440 4163 dc
2465 4108 2717 4176 supernis
2748 4105 3059 4161 virtutibus.

858 4203 996 4260 Cum
1055 4217 1185 4257 vero
1238 4202 1303 4256 ad
1352 4210 1557 4255 tantam
1610 4203 1945 4271 pervenisset
1985 4206 2251 4271 gratiam,
2288 4216 2347 4257 ut

789 4296 1007 4365 quando
1060 4293 1330 4365 Deiparte,
1386 4293 1531 4364 quod
1587 4292 1752 4348 Deum
1813 4295 2049 4364 suscepit
2102 4295 2348 4363 corporis

795 4386 1076 4453 emigravit
1124 4384 1386 4451 spiritus,
1442 4382 1601 4435 simul
1641 4383 1853 4437 adesset
1890 4398 2013 4439 cum
2051 4386 2344 4452 apostolis,

796 4473 887 4541 qui
923 4488 1014 4541 per
1046 4472 1296 4541 spiritum
1331 4478 1383 4524 et
1418 4470 1611 4524 nubem
1648 4470 1714 4523 ad
1747 4470 1886 4525 hanc
1917 4487 2124 4525 sacram
2158 4486 2340 4526 acces-

790 4571 971 4617 serant
1010 4564 1373 4630 sepulturam,
1416 4574 1523 4615 non
1560 4560 1791 4628 amplius
1824 4561 2151 4614 existimavit
2186 4576 2343 4630 opor-

793 4665 909 4709 tere
946 4670 1048 4708 una
1091 4656 1309 4708 civitate
1339 4694 1352 4717 ,
1390 4669 1580 4722 nempe
1610 4654 1866 4717 Athenis,
1900 4655 2345 4709 circumscribere

796 4748 930 4801 tales
965 4762 1095 4815 opes
1134 4748 1357 4815 gratiae;
1416 4744 1510 4799 sed
1560 4745 1745 4798 volens
1783 4745 2140 4814 multiplicare
2176 4749 2346 4798 talen-

796 4845 909 4890 tum
931 4876 945 4901 ,
982 4846 1035 4891 et
1074 4837 1228 4905 sequi
1259 4836 1343 4890 sui
1374 4835 1615 4905 magistri
1651 4835 1874 4904 vestigia
1898 4877 1910 4897 ,
1943 4835 2145 4908 relictis
2179 4835 2344 4888 Athe-

798 4930 913 4989 nis,
946 4937 999 4983 et
1039 4937 1185 4982 terra
1213 4941 1265 4982 et
1293 4929 1426 4980 mari
1464 4927 1629 4979 multa
1664 4940 1855 4994 passus
1885 4925 2063 4994 gravia
2089 4963 2102 4988 ,
2136 4939 2234 4978 nec
2273 4933 2348 4978 ta-

794 5035 915 5073 men
943 5022 1009 5073 ab
1033 5021 1111 5074 eis
1134 5018 1437 5073 retardatus
1460 5059 1472 5080 ,
1499 5016 1592 5071 sed
1618 5030 1975 5084 supernarum
2004 5029 2185 5067 rerum
2215 5028 2345 5066 con-

796 5110 1146 5178 templatione
1176 5108 1365 5161 inferis
1397 5108 1646 5162 omnibus
1679 5106 1947 5174 superatis
1968 5142 1982 5166 ,
2032 5103 2098 5155 ad
2144 5104 2343 5171 regiam

796 5194 988 5248 urbem
1043 5195 1286 5265 pervenit
1341 5192 1606 5259 Romam;
1660 5202 1713 5248 et
1764 5192 1969 5245 accedit
2019 5191 2232 5261 quidem
2279 5190 2345 5243 ad

795 5286 1158 5351 Clementem,
1203 5289 1293 5357 qui
1332 5296 1458 5340 tunc
1486 5286 1664 5340 sedem
1699 5285 1915 5339 tenebat
1956 5284 2342 5352 apostolicam,

794 5377 997 5445 quique
1036 5392 1065 5429 a
1104 5393 1302 5447 magno
1347 5376 1505 5432 Petro
1549 5374 1725 5428 fuerat
1762 5376 1985 5428 edoctus
2016 5413 2030 5435 ,
2066 5383 2118 5426 et
2156 5371 2244 5425 cui
2279 5372 2347 5424 ab

792 5467 885 5520 illo
945 5464 1120 5520 fuerat
1168 5467 1374 5522 credita
1424 5469 1598 5522 sedes.
1653 5465 1732 5519 Ad
1791 5479 1911 5518 eum
1964 5479 2093 5533 ergo
2134 5462 2345 5517 accedit

789 5555 1111 5628 Dionysius,
1170 5571 1222 5615 et
1283 5574 1403 5613 cum
1452 5559 1498 5612 ei
1535 5575 1689 5613 suum
1730 5558 2067 5625 exposuisset
2107 5553 2354 5624 Evange-

871 5725 885 5782 ί
921 5738 936 5789 l
970 5739 1093 5793 Cor.
1124 5755 1196 5801 Ix,
1230 5739 1318 5793 9‘2.

2513 4202 2620 4254 Kal.
2652 4204 2729 4263 εἰς
2760 4201 2913 4252 τοῦτο
2945 4202 3160 4270 χάριτος
3194 4200 3379 4265 ἐλθὼν,
3410 4203 3503 4265 ὡς,
3539 4202 3703 4272 ἡνίκα
3742 4202 3805 4254 τὸ
3855 4205 4012 4254 πνεῖν

2449 4307 2522 4360 μα
2554 4292 2650 4358 τῆς
2679 4290 2932 4343 Θεοτόκου
2964 4293 3207 4363 σώματος
3246 4293 3510 4363 ὲξεδήμει,
3544 4296 3655 4356 τοῖς
3691 4294 4011 4355 ἀποστόλοις

2443 4383 2530 4435 διὰ
2565 4384 2865 4454 πνεύματος
2900 4386 2987 4438 καὶ
3020 4387 3243 4455 νεφέλης
3274 4380 3355 4456 τῇ
3378 4389 3495 4456 ἱερᾷ
3525 4387 3717 4437 τούτου
3753 4389 4012 4438 ὲπιστάσι

2444 4481 2586 4548 ταφῇ
2622 4482 3004 4549 συμπαρεῖναι·
3035 4480 3133 4529 οὑκ
3165 4478 3242 4529 ἔτι
3273 4477 3379 4528 δεῖν
3410 4476 3548 4545 ᾤετο
3583 4480 3680 4546 μιᾷ
3716 4478 3870 4530 πόλει
3892 4481 4015 4539 ταῖς

2459 4566 2702 4637 Ἀθήναις
2734 4566 2823 4617 τὸν
2867 4564 3113 4617 τοσοῦτον
3162 4566 3493 4635 περιγράψαι
3528 4564 3759 4616 πλοῦτον
3786 4567 3888 4634 τῆς
3928 4568 4018 4634 χά-

2450 4676 2592 4729 ριτος
2617 4675 2628 4687 ·
2661 4656 2791 4709 ἀλλὰ
2818 4657 2875 4709 τὸ
2903 4657 3157 4710 τάλαντον
3191 4657 3620 4709 πολυπλασιάσαι
3662 4656 4016 4726 βουλόμενος,

2448 4750 2538 4801 καὶ
2566 4748 2680 4800 κατ’
2723 4746 2861 4816 ἴχνος
2888 4747 3109 4800 ἕπεσθαι
3141 4747 3218 4817 τῷ
3264 4747 3582 4816 διδασκάλῳ,
3624 4748 3726 4810 τάς
3783 4749 4021 4817 Ἀθήνας

2447 4837 2750 4899 ἀπολιπὼν,
2798 4836 2963 4889 πολλὰ
3026 4839 3121 4906 μὲν
3165 4836 3302 4890 κατὰ
3347 4838 3446 4906 γῆν
3481 4835 3700 4899 παθὼν,
3741 4838 3918 4891 πολλά
3964 4840 4019 4889 δὲ

2450 4930 2541 4981 καὶ
2590 4928 2727 4981 κατὰ
2760 4927 3025 4980 θάλασσαν
3059 4928 3350 4997 ὑπομείνας
3383 4927 3448 4979 τὰ
3482 4928 3717 4997 δυσχερῆ
3780 4930 3874 4981 καὶ
3917 4947 4019 4999 μη-

2447 5017 2503 5071 δὲ
2544 5019 2647 5072 ὑπὸ
2694 5018 2895 5069 τούτων
2953 5018 3323 5086 κατασχεθεὶς,
3380 5016 3491 5069 ἀλλ’
3544 5019 3684 5088 ὑπὲρ
3733 5020 3806 5071 τά
3865 5023 4024 5073 κάτω

2447 5110 2621 5162 πάντα
2658 5111 2722 5178 τῇ
2756 5106 2861 5159 τῶν
2895 5108 3003 5161 ἄνω
3035 5108 3232 5179 θεωρίᾳ
3280 5109 3598 5176 γενόμενος,
3634 5109 3733 5178 τὴν
3768 5110 4025 5179 βασιλίδα

2459 5196 2673 5265 Ῥώμην
2717 5196 3145 5265 καταλαμϐάνει.
3184 5196 3275 5248 καὶ
3319 5196 3564 5265 πρόσεισι
3599 5196 3889 5266 Κλήμεντι
3935 5200 4028 5250 τὸν

2448 5286 2792 5340 ἁποστολικὸν
2835 5285 3130 5355 τηνικαῦτα
3182 5285 3365 5355 θρόνον
3411 5286 3645 5338 διέποντι
3684 5304 3696 5315 ⁸
3733 5288 3795 5351 ὃς
3829 5288 4028 5360 Πέτρῳ

2449 5375 2526 5445 τῷ
2571 5375 2789 5445 μεγάλῳ
2817 5375 3002 5444 ἐφοίτα
3025 5415 3039 5438 ,
3077 5374 3167 5428 καὶ
3199 5373 3288 5424 τὸν
3323 5373 3509 5450 θρόνον
3543 5375 3633 5427 ὑπ’
3672 5378 3889 5429 ἐκείνου
3930 5398 4028 5430 τεε-

2454 5468 2721 5521 πίστευτο.
2751 5468 2932 5537 Τούτῳ
2966 5464 3052 5520 οὖν
3079 5468 3320 5536 πρόσεισι
3345 5467 3635 5529 Διονύσιος,
3675 5468 3768 5520 καὶ
3804 5470 3867 5521 τὸ
3906 5472 4029 5523 καθ’

2456 5558 2641 5613 ἑαυτὸν
2661 5558 3012 5628 προσαναθεὶς
3052 5557 3375 5625 Εὑαγγέλιον
3415 5558 3477 5609 τό
3510 5575 3569 5610 τε
3601 5557 3704 5629 τῆς
3738 5561 4031 5624 διακονίας
