4178 6316
217 348 360 417 1037

1208 367 1378 429 VlTA
1423 370 1483 429 S.
1536 370 1873 432 DIONYSH
1918 374 2443 437 AREOPAGthE.

3303 383 3441 450 l038

223 484 383 553 ἔργον
432 488 505 551 ὡς
552 490 836 559 ὁμοτρόπῳ
871 491 960 543 καὶ
992 492 1321 561 ὀμογνώμονι
1356 496 1766 565 κοινωσάμενος,
1798 498 1846 556 Α

1798 498 1846 556 Α
1883 494 2045 557 lium,
2093 506 2147 550 et
2198 512 2333 567 Opus
2381 503 2519 554 sacri
2555 504 2873 572 ministerii,
2908 519 2965 564 ut
3004 513 3094 581 qui
3140 524 3282 567 esset
3331 516 3423 567 iis-

222 574 329 625 ὐπὺ
360 577 546 630 τούτου
581 580 940 649 προτρέπεται
1008 582 1098 633 καὶ
1133 582 1268 652 πρὸς
1318 585 1546 654 ἑσπέρια
1603 602 1766 654 μετα-

218 665 379 734 ϐῆναι
428 686 564 738 μερη
599 686 611 698 ·
649 669 834 731 ἄλλους
886 671 979 739 μὲν
1010 668 1100 723 οὖν
1147 671 1254 723 τῶν
1305 674 1578 743 ἑπομένων
1624 675 1768 745 αὺτῷ

214 754 541 829 λειτουργῶν
573 759 799 830 ἀλλαχοῦ
829 762 933 813 τῶν
968 762 1164 831 κωμῶν
1206 781 1264 816 τε
1298 765 1387 816 καὶ
1421 766 1623 819 πόλεων
1654 767 1767 819 δια-

211 846 440 915 νείμας,
476 851 567 902 καὶ
599 853 657 903 τὸ
703 852 794 903 τοῦ
843 852 975 903 Θεοῦ
1025 856 1285 924 σωτήριον
1331 856 1768 922 εὐαγγελίζεσθαι

213 940 765 1008 παρεγγυησάμενος,
815 941 1119 993 Ῥουστικὺν
1164 942 1322 1005 αὐτὸς
1370 944 1460 995 καὶ
1523 945 1766 996 Ἐλευθέ-

216 1042 365 1094 ριον,
399 1028 487 1079 τὸν
537 1030 630 1097 μὲν
682 1031 974 1100 ἱερωσύνης
1008 1033 1297 1103 χρίσματι,
1331 1034 1570 1104 διακονία
1600 1035 1655 1086 δὲ
1686 1052 1766 1087 τε·

208 1119 511 1188 τιμημένον
543 1120 633 1172 τὸν
691 1120 1051 1193 Ἐλευθέριον,
1103 1127 1407 1194 συνεργοὺς,
1442 1127 1687 1196 καθάπερ
1734 1128 1763 1179 ὁ

215 1210 387 1277 μέγας
433 1210 742 1273 ⁹Αττὸσίηλος
792 1213 1072 1265 Σιλουανὸν
1122 1214 1211 1265 καὶ
1258 1215 1547 1283 Τιμόθεον,
1584 1234 1763 1287 παρα-

208 1300 429 1364 λαϐὼν,
476 1302 567 1353 καὶ
616 1304 741 1364 τοὺς
791 1305 1071 1373 ἑσπερίους
1116 1305 1429 1358 καταλαϐὼν
1477 1298 1761 1372 Γαλάτας,

207 1391 271 1442 οὐ
306 1391 518 1459 διδαχῆς
554 1392 705 1460 μόνον
734 1394 986 1462 ῥήμασιν,
1023 1394 1153 1446 ἀλλά
1188 1396 1278 1447 καὶ
1312 1396 1549 1465 σημείων
1583 1397 1763 1468 ἔργοις

205 1480 509 1549 ἀποστολῆς
557 1481 711 1551 ἔργον
756 1484 1067 1552 εἰργάζετο,
1120 1486 1281 1555 μέσος
1326 1491 1436 1549 τοῖς
1485 1488 1601 1540 καθ’
1635 1490 1762 1541 ὲκά-

207 1585 343 1638 στην
394 1572 660 1623 συνιοῦσιν
725 1574 1146 1642 ὲκφαινόμενος,
1197 1576 1322 1638 τούς
1369 1595 1428 1628 τε
1479 1579 1578 1646 τῆς
1612 1580 1763 1630 εὐσε-

203 1657 359 1722 ϐείας
390 1660 576 1726 λόγους
611 1662 963 1725 ἀδιαλείπτως
1013 1665 1277 1716 ἀνακινῶν
1302 1705 1314 1726 ,
1363 1667 1453 1718 καὶ
1488 1669 1621 1736 πρὸς
1666 1670 1764 1740 τὴν

202 1747 300 1799 τοῦ
337 1751 684 1819 πεποιηκότος
728 1752 1013 1816 ἐπίγνωσιν
1058 1755 1181 1815 τοὺς
1226 1755 1495 1823 ἀκροατὰς
1559 1760 1762 1825 ἑπαγό-

1880 585 1999 637 dem
2052 589 2294 642 moribus
2345 599 2397 642 et
2450 594 2712 647 sententia
2769 602 3251 666 communicasset,
3312 604 3425 672 ipse

1878 687 1999 725 eum
2037 674 2355 731 adhortatur
2406 688 2462 732 ut
2512 689 2753 738 transeat
2790 686 2857 741 ad
2895 698 3071 758 partes
3108 693 3423 747 occidenta-

1878 760 1975 814 les.
2010 761 2144 815 Cum
2193 781 2259 818 ex
2292 767 2359 822 iis
2390 784 2545 839 ergo,
2595 776 2683 842 qui
2722 793 2843 831 eum
2895 782 3279 848 sequebantur,
3322 785 3423 838 mi—

1876 851 2066 907 nistris
2124 870 2220 923 per
2278 860 2427 915 vicos
2484 871 2536 916 et
2595 867 2840 921 civitates
2894 872 3029 924 alios
3074 873 3198 925 alibi
3235 874 3421 927 distri-

1875 940 2117 1006 buissct,
2180 953 2233 999 et
2296 950 2532 1005 salutare
2599 953 2691 1009 Dei
2758 956 3102 1026 Evangelium
3164 962 3420 1029 jussisset

1872 1034 2183 1099 praedicare,
2217 1038 2431 1106 ipseque
2460 1041 2738 1099 Rusticum
2769 1057 2821 1100 et
2852 1048 3235 1113 Eleutherium,
3268 1055 3417 1109 illum

1874 1124 2090 1187 quidem
2129 1127 2418 1183 chrismate
2450 1136 2765 1196 sacerdotii,
2800 1138 2944 1191 hunc
2984 1149 3159 1194 autem
3182 1181 3195 1203 ,
3228 1158 3417 1212 nempe

1867 1211 2271 1279 Eleutherium,
2332 1218 2674 1274 honestatum
2728 1225 3052 1291 diaconatu,
3114 1233 3411 1299 accepisset

1864 1305 2172 1371 adjutores,
2215 1326 2322 1362 non
2361 1327 2518 1366 secus
2576 1330 2637 1367 ac
2695 1332 2920 1385 magnus
2960 1319 3252 1388 Apostolus
3295 1323 3410 1392 Syl-

1862 1409 2061 1448 vanum
2094 1407 2145 1451 et
2180 1399 2557 1468 Timotheum,
2592 1415 2644 1459 et
2674 1408 2736 1460 ad
2771 1408 2951 1465 Gallos
2991 1416 3225 1468 venisset
3263 1418 3412 1470 occi-

1863 1484 2142 1550 dentales,
2197 1506 2302 1542 non
2345 1497 2516 1548 solum
2556 1500 2731 1553 verbis
2771 1500 3072 1562 doctrina),
3114 1506 3207 1558 sed
3247 1509 3407 1561 etiam

1862 1574 2137 1642 signorum
2169 1583 2420 1647 Operibus
2458 1586 2776 1655 fungebatur
2804 1607 3024 1647 munere
3057 1599 3406 1663 apostolatus.

1862 1662 2068 1717 medius
2125 1680 2389 1733 apparens
2439 1673 2504 1726 iis
2559 1678 2647 1743 qui
2710 1678 2761 1730 in
2814 1695 3136 1751 unaquaque
3190 1687 3408 1743 civitate

1859 1756 2286 1821 conveniebant,
2320 1769 2371 1813 et
2401 1762 2465 1815 de
2494 1766 2689 1832 pietate
2720 1771 2879 1823 verba
2921 1771 3124 1827 faciens
3163 1777 3279 1829 sine
3324 1778 3407 1830 in-

207 1858 387 1909 μενος.
425 1818 606 1901 Οὕτως
640 1838 729 1892 οὖν
775 1842 867 1893 τοῦ
910 1843 1064 1909 λόγου
1114 1845 1212 1913 τῆς
1258 1828 1515 1914 ἀληθείας
1562 1864 1762 1917 κηρυσ-
1793 1818 1834 1874 Β

1753 1877 1762 1889 .
1793 1818 1834 1874 Β
1860 1842 2231 1912 termissione,
2271 1858 2323 1902 et
2358 1852 2619 1910 inducens
2666 1860 2941 1917 auditores
2974 1864 3040 1917 ad
3082 1867 3403 1933 agnitionem

202 1929 430 1998 σομένου
462 1969 475 1988 ,
543 1931 631 1982 καὶ
691 1931 790 1998 τῆς
852 1932 947 1999 μὲν
1010 1932 1155 1994 θείας
1213 1936 1612 2005 κρατυνομένης
1674 1937 1762 1988 πίο-

201 2037 407 2081 στεως,
442 2020 754 2090 δαιμονικῆς
787 2023 840 2074 δὲ
875 2025 1052 2092 πάσης
1086 2025 1298 2095 ἀπάτης
1344 2029 1404 2078 ὲκ
1452 2027 1624 2079 ποδῶν
1670 2044 1759 2095 γι-

196 2111 464 2179 νομένης,
498 2112 602 2164 τῶν
637 2113 726 2164 ἐπὶ
770 2114 941 2182 τούτῳ
970 2115 1088 2166 τινὰ
1142 2120 1433 2179 συνόντων,
1471 2120 1757 2172 Λουκιανόν

196 2220 345 2273 φημι
378 2206 466 2255 τὸν
499 2206 767 2274 ἀοίδιμον·,
806 2206 864 2266 ὃς
896 2207 984 2257 καὶ
1017 2210 1081 2276 τῇ
1116 2208 1208 2259 τοῦ
1245 2210 1605 2281 πρεσϐυτέρου
1633 2211 1757 2283 ἀξίᾳ.

197 2294 487 2362 ἐτετίμητο
506 2334 518 2355 ,
553 2290 901 2363 (συνήπτοντο
921 2296 1025 2362 γὰρ
1056 2299 1201 2365 αὐτῷ
1230 2299 1407 2350 πολλοὶ
1432 2301 1537 2351 τῶν
1560 2302 1757 2371 ἀρετῆς

197 2383 702 2449 μεταποιουμένων·
738 2382 813 2451 τῷ
845 2384 1028 2451 ὁμοίῳ,
1067 2386 1213 2451 φασὶ,
1260 2387 1319 2436 τὸ
1352 2389 1587 2455 ὅμοιονυ)
1623 2390 1757 2458 πρὸς

193 2467 298 2535 τὴν
332 2468 429 2535 τῆς
462 2468 841 2530 Βελουακένσις
874 2472 1036 2538 νήσου
1073 2471 1221 2522 πόλιν
1258 2475 1541 2541 ἐκπέμψας
1589 2478 1756 2544 κηρύ-

196 2555 359 2617 ξοντα
417 2560 514 2627 τὴν
578 2559 894 2638 εὐσέϐειαν,
945 2560 1103 2623 αὐτὸς
1150 2562 1262 2630 ἅμα
1308 2563 1614 2632 Ῥουστικῷ
1660 2564 1753 2617 καὶ

209 2646 556 2718 Ἐλευθερίῳ,
600 2649 697 2719 τὴν
750 2650 969 2702 Γαλλίαν
1010 2650 1215 2713 λιπὼν,
1252 2654 1453 2705 ἄνωθεν
1487 2655 1631 2724 αὑτῴ
1666 2673 1755 2710 κε-

191 2738 649 2805 χρηματισμένον,
687 2741 743 2789 ἐν
778 2741 1009 2810 Παρισίᾳ
1041 2741 1301 2814 λεγομένῃ
1333 2747 1395 2812 τῇ
1434 2746 1582 2797 πόλει
1605 2745 1750 2812 γίνε-

187 2840 285 2874 ται
313 2863 324 2885 ,
362 2824 430 2885 ὡς
470 2826 527 2877 ἂν
564 2828 698 2893 μετά
736 2831 1035 2897 παρρησίας
1069 2833 1199 2900 αὐτῇ
1236 2832 1324 2883 τὸν
1358 2836 1455 2901 τῆς
1500 2835 1753 2904 ἀληθείας

998 2921 1087 2971 καὶ
1136 2923 1224 2972 τὸν
1288 2926 1381 2975 τοῦ
1452 2926 1748 2995 μαρτυρίου

190 3005 585 3077 ἀναδησαμένῳ
636 3011 929 3077 στέφανον,
987 3011 1119 3081 μετὰ
1177 3014 1483 3084 παρρησίας
1534 3017 1625 3066 καὶ
1673 3015 1750 3085 τῷ

188 3096 499 3169 ἀγωνοθέτῃ
550 3101 900 3169 παραστῆναι·
945 3102 1061 3170 Θεῷ
1109 3103 1361 3172 γένηται,
1430 3105 1457 3153 ὃ
1519 3104 1580 3172 δὴ
1616 3107 1749 3159 .τι”ὐν

188 2915 351 2980 λόγον
415 2917 897 2987 ἐγκατασπείραντι
925 2959 939 2980 ,

189 3185 399 3250 ἐφετῶν
445 3188 588 3256 αὐτῷ
635 3190 694 3240 τὸ
740 3191 1031 3259 ἀκρότατον
1082 3210 1092 3221 ·

187 3272 347 3340 λόγος
378 3276 678 3346 δηλώσειεν.

272 3366 360 3415 Ἑν
419 3367 592 3417 τοίνυν
653 3371 717 3437 τῇ
786 3368 1014 3437 Παριτίᾳ
1062 3373 1233 3441 ταύτῃ
1280 3372 1601 3440 γενόμενος,
1654 3372 1744 3425 καὶ

181 3453 369 3523 πλήρη
406 3457 503 3523 τὴν
538 3456 688 3507 πόλιν
750 3459 1002 3520 ἀπιστίας
1035 3459 1243 3530 εὑρὼν,
1281 3451 1462 3513 κάλλει
1511 3463 1607 3531 μὲν
1653 3464 1743 3515 καὶ

186 3544 413 3610 μεγέθει
450 3543 537 3596 καὶ
573 3546 759 3614 πλήθει
794 3548 901 3599 τῶν
934 3552 988 3599 ὲν
1022 3550 1153 3618 αὐτῇ
1191 3551 1319 3602 πολύ
1354 3569 1405 3601 τι
1437 3551 1543 3602 τ’ὦν
1579 3553 1743 3619 μεγά-

182 3631 296 3683 λων
330 3635 531 3687 πόλεων
563 3637 990 3708 ἀπολειπομένην
1015 3656 1025 3668 ·
1066 3645 1131 3708 τῇ
1171 3641 1224 3691 δὲ
1258 3642 1475 3712 ἀσεϐείᾳ
1506 3643 1741 3713 τοσουτῳ

182 3721 376 3773 πασῶν
409 3724 746 3790 κρατοῦσαν,
781 3726 889 3795 ὅσῳ
940 3728 1068 3797 μηδὲ
1116 3748 1264 3800 παρα
1302 3732 1445 3783 αλείν
1490 3734 1742 3788 δύνασθαι

180 3812 416 3881 ἀπηνέσι
448 3830 505 3864 τε
552 3815 811 3868 πάντοθεν
844 3808 1250 3891 ἀπειλημμένην
1293 3824 1597 3891 οἰκήτορσι,
1648 3826 1739 3880 καὶ

180 3901 372 3967 ὥσπερ
419 3903 522 3952 τινὶ
580 3905 762 3973 τειχίῳ
827 3909 1338 3977 περιπεφραγμένην
1389 3910 1619 3980 ἰσχυρῶς
1667 3915 1732 3984 τῇ

178 3991 404 4043 ἐκείνων
456 3994 727 4064 ὠμότητι,
786 3998 875 4049 καὶ
939 3999 1139 4068 ταύτην
1202 3999 1314 4050 ἀντ’
1375 4000 1533 4054 ἄλλου
1591 4004 1733 4066 τινὸς

176 4078 547 4150 φυλακτηρίου
602 4086 953 4155 προΐσχουσαν
988 4103 1000 4115 ·
1054 4086 1225 4150 ἄλλως
1286 4105 1345 4140 τε
1404 4090 1459 4141 δὲ
1510 4092 1601 4144 καὶ
1653 4093 1732 4144 ὅτι

172 4168 318 4237 πρὸς
350 4172 571 4241 καρπῶν
615 4175 863 4226 ἁπάντων
910 4176 1079 4246 φορὰν
1111 4179 1328 4247 γόνιμος
1360 4177 1427 4249 ἦν
1475 4183 1506 4249 ἡ
1540 4181 1692 4244 πόλις
1713 4220 1728 4244 ο

172 4258 272 4309 καὶ
307 4264 418 4322 τοῖς
451 4263 744 4332 φιλοτίμοις
780 4267 939 4318 πᾶσιν
972 4268 1263 4338 εὐθηνοῦσα
1298 4271 1387 4323 καὶ
1422 4275 1725 4342 περιττοῖς,

171 4348 204 4398 ὃ
252 4350 345 4401 καὶ
394 4353 585 4421 μᾶλλον
617 4354 740 4417 τοὺς
774 4355 994 4419 πολίτας
1032 4362 1247 4432 ἤλειφεν
1280 4364 1357 4422 είς
1391 4362 1584 4415 κακίαν
1619 4380 1633 4392 ·
1670 4366 1727 4416 ὲν

170 4440 312 4508 αὐτῇ
345 4442 516 4494 τοίνυν
559 4443 725 4507 οὕτως
768 4447 960 4519 ἐχούσῃ
1005 4450 1319 4518 γενόμενος,
1357 4451 1565 4520 περιῄει
1610 4454 1716 4506 ἀνιε⁸

171 4530 398 4597 ρευνῶν,
427 4532 478 4582 εἴ
502 4548 600 4583 που
633 4534 749 4585 τινὰ
784 4535 915 4603 πρὸς
942 4537 1163 4604 ἡσυχίαν
1195 4536 1338 4608 εὖροι
1370 4541 1529 4593 τόπον
1550 4541 1723 4613 ἑαυτῷ

165 4616 493 4685 ἐπιτήδειον.
559 4620 663 4669 Καὶ
724 4620 786 4689 δὴ
846 4621 935 4673 τὸν
980 4620 1299 4693 ζητούμενον
1343 4627 1517 4696 τυχὼν
1562 4629 1717 4691 ναὸν,

162 4706 331 4767 εὐθὺς
362 4706 434 4769 ὡς
467 4708 497 4776 ή
526 4707 746 4778 δύναμις
778 4706 906 4779 εἶχε,
941 4711 1035 4765 καὶ
1066 4715 1151 4765 οἱα
1185 4717 1240 4767 ἐν
1273 4717 1523 4787 ἀλλατρίᾳ
1572 4720 1716 4783 ξένος

160 4795 243 4847 ὢν
278 4800 477 4859 ἐκεῖνος
510 4800 599 4850 καὶ
632 4800 830 4868 ἔπηλυς
853 4842 866 4865 ,
904 4803 991 4855 καὶ
1025 4804 1248 4867 πολλοὺς
1291 4807 1427 4876 ἔχων
1458 4811 1583 4872 τοὺς
1626 4813 1716 4863 ἀν-

155 4885 502 4951 τικειμένους
535 4887 619 4939 διὰ
651 4889 710 4940 τὸ
756 4892 1089 4961 ἐτερόδοξον,
1124 4896 1385 4967 ἀνεγείρει
1435 4900 1713 4970 εὐκτήριον

158 4972 258 5025 καὶ
312 4972 463 5035 ναὸν,
516 4977 831 5047 αὐτόχρημα
889 4983 1156 5051 σωτηρίαν
1198 4985 1398 5053 ψυχῶν.
1453 4988 1709 5057 Πὰμπολυ

153 5064 273 5133 γάρ
304 5079 357 5114 τι
390 5062 585 5131 πλῆθος
618 5065 877 5119 θεοσεὸὦν
924 5073 979 5122 ἐν
1022 5071 1193 5141 τούτῳ
1230 5074 1580 5142 συναγαγὼν,
1616 5080 1708 5131 καὶ

156 5155 328 5216 θύτας
363 5155 625 5225 καθαροὺς
655 5156 733 5225 τῷ
776 5158 891 5226 Θεῷ
933 5164 1443 5232 παραστησάμενος,
1479 5169 1706 5239 ποίμνην

155 5246 339 5311 ἁγίαν,
376 5246 449 5307 ὡς
480 5249 667 5311 είπείν,
702 5249 790 5300 τὸν
823 5251 944 5302 ναὸν
992 5254 1376 5321 ἀπειργάσατο,
1411 5250 1476 5327 ἧς
1508 5261 1705 5329 ποιμὴν

152 5313 310 5398 οὗτος
345 5339 400 5389 οὐ
439 5340 701 5405 μισθωτός
735 5357 747 5370 ’
784 5343 959 5395 πάντα
988 5344 1075 5394 τὸν
1109 5345 1331 5415 ἀπιστίᾳ
1362 5346 1704 5416 πλανώμενον

150 5429 222 5493 τῇ
278 5429 373 5494 τῆς
424 5427 675 5495 ἀληθείας
728 5432 941 5501 σύριγγι
985 5433 1118 5503 πρὸς
1170 5436 1344 5488 πίστιν
1406 5438 1700 5490 ἀνακαλού-

157 5531 350 5584 μενος,
400 5518 491 5571 καὶ
522 5519 646 5578 τοὺς
694 5520 792 5588 μὲν
836 5527 900 5591 τῇ
935 5523 1107 5595 πλάνῃ
1140 5526 1421 5579 νοσοῦντας
1454 5535 1561 5589 τοῖς
1593 5546 1697 5582 σω-

149 5603 446 5671 τηριὼδεσι
493 5607 599 5658 τῶν
645 5608 680 5658 Γ
687 5610 871 5677 ραφῶν
916 5617 1218 5683 φαρμάκοις
1268 5615 1521 5685 ἰώμενος,
1572 5619 1696 5683 τοὺς

242 5693 335 5765 ἤδη
373 5698 857 5765 συντετριμμένους
889 5704 951 5769 τῇ
984 5702 1293 5773 διδασκαλίᾳ
1325 5707 1673 5776 καταδεσμῶν

224 5898 251 5917 δ

1756 4511 1797 4563 Ι)

1854 1931 2006 1997 ejus,
2041 1935 2131 2002 qui
2163 1938 2310 2005 ipsos
2340 1946 2559 1999 creavit.
2589 1946 2720 2000 Cum
2755 1952 2832 2004 sic
2863 1968 2990 2021 ergo
3018 1957 3253 2010 veritatis
3288 1974 3405 2011 νεικ-

1859 2019 1987 2073 bum
2045 2030 2471 2101 praedicaretur,
2514 2046 2565 2089 et
2605 2038 2784 2095 divina
2824 2019 3041 2111 quidem
3106 2048 3237 2104 ﬁdes
3265 2061 3416 2100 eon-

1852 2112 2182 2186 ﬁrmaretur,
2246 2139 2593 2185 amoveretur
2646 2146 2824 2188 autem
2880 2141 3062 2196 omnis
3119 2142 3267 2200 fraus
3296 2141 3407 2194 d3:-

1849 2213 2067 2253 mouutn
2089 2244 2102 2266 ,
2142 2210 2427 2271 quemdam
2461 2229 2523 2264 ex
2559 2216 2623 2266 iis
2658 2220 2747 2283 qui
2780 2235 2899 2272 cum
2931 2238 2993 2273 eo
3026 2227 3397 2289 versabantur,

1851 2288 2109 2360 inclytum
2136 2334 2149 2356 ,
2187 2297 2403 2364 inquam
2430 2339 2443 2359 ,
2478 2299 2809 2368 Lucianum,
2846 2311 2936 2377 qui
2974 2312 3135 2364 etiam
3178 2318 3399 2385 presby-

1851 2384 1951 2433 teri
1985 2383 2243 2453 dignitate
2271 2403 2383 2443 erat
2411 2403 2633 2448 ornatus
2664 2397 2823 2465 (eum
2858 2402 2996 2455 enim
3038 2406 3401 2472 sequebantur

1849 2473 1999 2523 multi
2048 2490 2111 2527 ex
2149 2479 2211 2531 iis
2266 2482 2355 2547 qui
2400 2484 2648 2538 virtutem
2687 2492 3183 2559 amplectebantur;
3221 2499 3398 2554 simile

1845 2562 2009 2623 enim,
2056 2574 2111 2615 ut
2157 2570 2371 2631 dicitur,
2412 2575 2572 2627 simili
2609 2578 2982 2651 delectatur),
3026 2586 3173 2638 misit
3213 2589 3279 2641 ad
3317 2592 3397 2643 ci-

1848 2651 2065 2705 vitatem
2115 2655 2301 2711 Insula:
2347 2659 2725 2729 Belvaccnsis,
2771 2670 3183 2735 prtedicaturum
3225 2678 3397 2745 pieta-

1845 2741 1994 2799 tem;
2049 2739 2162 2808 ipse
2209 2760 2333 2797 vero
2372 2748 2531 2802 simul
2563 2767 2683 2804 cum
2727 2753 2952 2810 Rustico
2991 2768 3043 2812 et
3086 2739 3395 2819 Eleutherio

1842 2823 2015 2880 Gallia
2060 2831 2331 2902 Cisalpina
2376 2840 2596 2902 relicta,
2642 2859 2762 2898 cum
2816 2847 2914 2901 hoc
2948 2864 3264 2919 responsum
3296 2856 3394 2909 ha-

1843 2916 2052 2971 buisset
2083 2922 2151 2975 ab
2183 2928 2408 2992 angelo,
2443 2932 2585 2984 venit
2620 2934 2671 2985 in
2701 2935 2969 2990 civitatem
2999 2979 3012 3002 ,
3038 2916 3167 3009 quae
3196 2944 3393 2998 dicitur

1840 3004 2065 3072 Parisii,
2101 3022 2157 3063 ut
2195 3030 2317 3068 cum
2347 3020 2399 3069 in
2429 3036 2490 3071 ea
2523 3025 2741 3076 verbum
2786 3029 3104 3084 seminasset
3144 3034 3387 3100 pietatis,

1841 3100 1894 3145 et
1929 3095 2217 3153 redimitus
2266 3113 2410 3156 esset
2454 3122 2652 3161 corona
2697 3116 2977 3182 martyrii,
3022 3133 3145 3171 cum
3195 3121 3387 3177 ﬁducia

1152 3194 1239 3244 καὶ
1274 3194 1299 3243 ὃ
1337 3195 1423 3261 μοι
1476 3193 1673 3263 προϊὼν
1719 3197 1747 3245 ὁ
1766 3194 1813 3254 C
1840 3183 2123 3241 sisteretur
2150 3206 2331 3245 coram
2360 3194 2464 3250 Deo
2490 3204 2802 3265 agonotheta

1735 3194 1813 3254 sc
1840 3183 2123 3241 sisteretur
2150 3206 2331 3245 coram
2360 3194 2464 3250 Deo
2490 3204 2826 3266 agonotheta,
2847 3208 2987 3274 quod
3003 3212 3249 3277 equidem
3266 3216 3314 3268 ei
3335 3216 3385 3267 in

1839 3276 1978 3327 votis
2007 3287 2141 3343 erat,
2174 3290 2229 3333 et
2255 3283 2355 3335 hoc
2389 3287 2441 3338 in
2471 3295 2820 3356 sequentibus
2867 3312 3088 3352 narrare
3116 3311 3380 3372 satagam.

1907 3362 2040 3417 Cum
2086 3383 2212 3438 ergo
2260 3374 2495 3429 venisset
2537 3380 2601 3432 ad
2643 3381 2781 3435 hanc
2818 3383 3149 3442 Parisiorum
3199 3395 3387 3447 civita-

1838 3459 1942 3505 tem
1966 3493 1979 3516 ,
2026 3463 2078 3508 et
2105 3474 2221 3511 eam
2256 3461 2546 3519 invenisset
2582 3469 2791 3537 plenam
2819 3474 3195 3533 incredulitate
3222 3497 3237 3548 ;
3270 3498 3387 3552 quae

1836 3556 2021 3596 eorum
2069 3550 2318 3613 quidem,
2360 3572 2478 3621 quae
2519 3560 2571 3611 in
2612 3560 2726 3629 ipsa
2761 3575 2953 3629 erant,
2985 3550 3385 3638 pulchritudine

1834 3641 1888 3686 et
1929 3638 2246 3691 excellentia
2292 3645 2603 3703 civitatibus
2647 3656 2856 3720 magnis
2898 3668 3015 3709 erat
3056 3660 3212 3729 longe
3250 3664 3384 3719 infe-

1836 3726 1965 3790 rior,
2004 3731 2275 3798 impietate
2302 3746 2478 3790 autem
2511 3741 2643 3795 adeo
2673 3755 2787 3797 erat
2819 3750 3071 3805 omnibus
3106 3757 3376 3821 superior,

1836 3824 1895 3868 ut
1940 3835 2007 3871 ue
2056 3834 2275 3887 possent
2313 3828 2527 3894 quidem
2568 3819 2689 3885 cum
2733 3850 2793 3888 ea
2839 3840 3116 3905 conferre,
3148 3846 3382 3915 undique

1833 3906 1902 3959 ab
1931 3907 2258 3968 immanibus
2291 3931 2550 3987 occupata
2585 3922 3012 3993 habitatoribus,
3046 3941 3098 3987 et
3126 3906 3378 4004 tanquam

1832 3999 1973 4052 vallo
2007 4002 2188 4071 aliquo
2224 4006 2379 4062 valde
2426 4013 2629 4065 munita
2678 4015 2890 4069 illorum
2934 3999 3280 4088 crudelitate,
3327 4039 3380 4081 et

1829 4103 1946 4141 eam
1980 4107 2285 4162 Opponens,
2321 4106 2574 4168 tanquam
2610 4105 2824 4174 aliquod
2868 4111 3012 4163 aliud
3049 4116 3375 4181 pmsidium.

1828 4178 1979 4231 Adde
2019 4183 2165 4249 quod
2204 4199 2326 4237 eum
2374 4191 2612 4244 omnium
2656 4193 2928 4250 fructuum
2973 4178 3117 4256 esset
3156 4203 3377 4262 fertilis-

1827 4270 1963 4322 sima
1984 4310 1998 4334 ,
2030 4284 2082 4326 et
2108 4276 2406 4333 abundaret
2436 4285 2667 4338 maxima
2697 4304 2875 4342 rerum
2908 4294 3145 4348 omnium
3185 4300 3335 4367 copia
3355 4341 3371 4366 ,

1826 4358 1971 4413 cives
2010 4378 2138 4419 suos
2180 4371 2349 4438 magis
2393 4372 2652 4428 incitabat
2688 4380 2751 4431 ad
2795 4381 2942 4437 vitia.
2973 4382 3107 4439 Cum
3146 4387 3198 4441 in
3236 4390 3375 4444 hanc

1824 4466 1953 4520 ergo
1992 4456 2068 4509 sic
2108 4459 2347 4513 allectum
2389 4466 2621 4521 venisset
2672 4470 2977 4535 civitatem,
3020 4478 3202 4533 obibat
3247 4498 3370 4549 per-

1824 4554 2073 4602 secutans
2103 4550 2147 4601 si
2186 4567 2340 4613 quem
2384 4555 2555 4608 locum
2592 4569 2771 4626 aptum
2813 4565 3077 4640 inveniret
3114 4570 3178 4623 ad
3218 4574 3374 4640 quie-

1821 4642 1949 4691 tem.
1993 4638 2143 4701 Quod
2186 4650 2360 4695 autem
2402 4649 2671 4714 quaerebat
2708 4639 3062 4724 consecutus,
3104 4675 3200 4735 pro
3236 4638 3366 4716 viri-

1822 4724 1923 4780 bus
1956 4730 2139 4781 statim
2175 4736 2429 4803 templum
2470 4738 2697 4793 habuit:
2730 4750 2781 4795 et
2817 4752 2871 4795 ut
2913 4748 3004 4813 qui
3047 4724 3121 4800 in:
3147 4752 3363 4820 regione

1820 4817 1990 4870 aliena
2022 4831 2162 4874 esset
2200 4823 2394 4892 hospes
2424 4834 2476 4877 et
2520 4829 2758 4891 advena,
2805 4842 2857 4886 et
2898 4836 3096 4892 multos
3143 4840 3362 4897 haberet

1816 5000 2109 5052 oratorium
2144 5010 2195 5054 et
2226 5006 2479 5072 templum
2503 5049 2519 5072 ,
2554 5011 2696 5077 quod
2729 5015 2884 5081 plane
2915 5024 3027 5070 erat
3058 5020 3204 5074 salus
3242 5024 3357 5075 ani-

1816 5102 2043 5142 marum.
2084 5090 2216 5143 Nam
2251 5109 2371 5147 cum
2404 5082 2687 5153 maximam
2720 5106 2929 5171 piorum
2962 5108 3351 5165 multitudinem

1814 5178 1868 5231 in
1916 5194 1979 5231 eo
2028 5194 2440 5253 congregasset,
2491 5198 2542 5242 et
2588 5206 2752 5259 puros
2806 5196 3199 5254 sacriﬁcatores
3248 5200 3353 5257 Deo

1812 5266 2184 5334 exhibuisset,
2225 5283 2473 5329 sanctum
2529 5294 2775 5347 gregem,
2829 5293 2885 5336 ut
2929 5288 3094 5340 semel
3138 5290 3350 5354 dicam,

1814 5358 2067 5427 templum
2100 5362 2297 5429 etlicit;
2334 5368 2491 5434 cujus
2534 5370 2648 5439 ipse
2678 5382 2791 5426 erat
2836 5386 3018 5444 pastor
3060 5395 3164 5431 non
3213 5396 3352 5436 mer—

1810 5449 2103 5524 cenarius:
2157 5454 2483 5523 quemlibet,
2536 5462 2628 5529 qui
2681 5464 2894 5517 errabat
2944 5466 3348 5538 incredulitate,

1809 5537 2051 5590 veritatis
2092 5537 2270 5593 fistula
2310 5543 2376 5595 ad
2415 5545 2574 5600 ﬁdem
2606 5565 2893 5613 revocans,
2927 5560 2981 5605 et
3011 5568 3104 5607 eos
3133 5557 3224 5623 qui
3263 5537 3349 5610 er;-

1811 5640 1931 5680 rore
1964 5630 2323 5697 aegrotabant,
2355 5649 2552 5690 curans
2584 5640 2909 5694 salutaribus
2944 5643 3347 5700 medicamentis

1812 5716 2209 5786 Scripturarum
2239 5742 2251 5776 :
2282 5740 2377 5781 eos
2407 5737 2617 5794 autem,
2650 5731 2739 5799 qui
2766 5732 2875 5798 jam
2911 5744 3064 5788 erant
3092 5740 3341 5803 contriti,
