4178 6316
828 348 966 413 1039

2077 343 2362 406 MENSIS
2400 344 2776 405 OCTUBER.

3907 334 4037 397 1040

826 471 1070 525 doctrina
1104 472 1359 542 alligans,
1392 478 1443 525 et
1475 470 1540 523 ad
1587 467 2005 523 veram‘ducens
2064 467 2370 522 sanitatem.
2402 474 2447 530 Α

2402 474 2447 530 Α
2486 473 2572 525 καὶ
2606 472 2736 539 πρὸς
2761 469 2857 538 τὴν
2890 468 3141 539 ἀληθινὴν
3169 468 3315 536 ἄγων
3347 467 3547 537 ὑγείαν.
3568 467 3701 520 Ἀλλ’
3725 467 3878 534 ῖναγε
3914 467 4026 521 καθ’

830 563 934 619 Sed
967 572 1025 617 ut
1056 573 1202 618 certa
1235 564 1387 617 nobis
1419 563 1499 615 via
1532 559 1787 629 procedat
1815 558 2008 618 oratio.
2032 558 2133 611 hoc
2159 573 2373 628 quoque

823 655 942 723 ejus
973 654 1286 707 admirabile
1307 693 1321 717 ,
1355 662 1412 707 ut
1444 668 1506 706 ex
1539 651 1685 704 illius
1717 650 1956 718 epistolis
2002 650 2127 703 sciri
2165 658 2369 719 potest,

823 746 1075 799 narrabo.
1145 742 1332 797 Plures
1395 742 1613 811 quidem
1670 750 1821 794 erant
1879 738 2135 810 Dionysio
2193 740 2373 794 thera-

822 843 1023 902 peutae,
1058 849 1198 886 unus
1229 841 1408 885 autem
1440 846 1504 885 ex
1534 831 1600 885 iis
1629 837 1738 884 erat
1782 830 1942 883 etiam
1986 828 2366 899 Demophilus,

819 923 911 990 qui
941 923 1075 977 civis
1105 930 1222 976 erat
1253 921 1544 990 provinciae
1579 920 1927 975 Atheniensis
1948 961 1961 986 ,
1993 920 2290 987 habituque
2318 931 2369 974 et

819 1011 928 1063 vita
960 1012 1290 1076 monachus;
1321 1011 1697 1063 monachatum
1726 1018 1904 1063 autem
1930 1010 1977 1063 ei
2003 1009 2368 1076 imposuerant

819 1115 967 1168 purae
1105 1113 1159 1156 et
1315 1101 1488 1155 sacris
1533 1101 1812 1155 initiantes
1851 1114 2043 1153 manus
2092 1098 2362 1168 Dionysii;

818 1190 951 1243 ordo
991 1190 1077 1243 hic
1124 1199 1177 1244 et
1232 1192 1595 1245 ministerium
1647 1193 1761 1245 viro
1805 1192 1893 1246 isti
1925 1206 1952 1243 a
1987 1190 2271 1261 Dionysio,
2305 1198 2363 1244 ut

819 1289 1069 1346 praeesset
1096 1280 1277 1348 januis
1306 1282 1509 1349 templi.

888 1366 983 1421 Hic
1040 1386 1168 1439 ergo
1227 1370 1569 1439 Demophilus
1620 1386 1739 1423 cum
1794 1371 2083 1440 aliquando
2141 1370 2363 1425 vidisset

814 1474 970 1512 suum
1011 1462 1414 1529 presbyterum,
1446 1463 1734 1532 quemdam
1784 1462 2006 1530 impium
2040 1469 2200 1530 atque
2237 1476 2363 1531 pec-

812 1551 1048 1602 catorem
1088 1549 1153 1602 ad
1192 1550 1566 1617 paenitentiam
1607 1563 1966 1613 conversum,
2007 1550 2189 1618 illique
2236 1564 2363 1617 pro-

812 1641 1077 1693 cidentem
1119 1639 1543 1693 misericorditer
1573 1640 1878 1708 excepisse,
1920 1640 2138 1692 minime
2177 1638 2360 1692 leviter

812 1732 987 1785 ferens
1009 1770 1022 1794 ,
1056 1740 1108 1783 at
1134 1732 1484 1785 exacerbatus
1517 1739 1568 1784 et
1608 1731 1750 1783 intra
1781 1730 2001 1782 sacrarii
2030 1729 2186 1798 adyta
2216 1730 2361 1783 exsi-

2481 564 2596 617 ὁδδν
2626 566 2653 615 ὁ
2684 563 2835 628 λόγος
2867 563 2998 631 ἡμῖν
3031 560 3193 632 προΐῃ
3214 599 3227 623 ,
3264 560 3355 612 καὶ
3396 559 3550 612 τοῦτο
3592 559 3879 629 τεράστιον
3929 559 4032 611 τῶν

2481 654 2641 710 αὐτοῦ
2667 694 2680 717 ,
2715 654 2789 715 ὡς
2822 656 2886 707 ὲκ
2915 652 3020 705 τῶν
3053 652 3257 704 ἐκείνου
3292 651 3369 703 ενι
3405 650 3591 720 μαθεῖν
3614 690 3629 713 ,
3663 650 4027 720 διηγήσομαι’

2479 745 2731 813 Διονυσίῳ
2763 742 3088 813 θεραπευταὶ
3124 741 3222 812 μὲν
3254 742 3344 794 καὶ
3374 742 3548 811 ’ἑτεροι
3567 781 3581 804 ,
3616 735 3696 803 εἷς
3726 740 3782 793 δέ
3816 757 3905 803 τις
3937 740 4027 793 αὖ·

2476 837 2583 889 τῶν
2616 836 2707 889 καὶ
2741 833 3059 903 Δημόφιλος.
3096 832 3383 902 Δημοφίλῳ
3430 832 3485 884 δὲ
3536 831 3687 893 πόλις
3720 832 3753 901 ή
3785 830 3901 883 τῶν
3946 831 4025 881 Ἀ-

2476 925 2651 995 θηνῶν
2684 923 2938 993 ἐπαρχία,
2988 921 3170 991 σχῆμά
3200 939 3256 974 τε
3292 921 3382 974 καὶ
3419 920 3529 989 βίος
3566 921 3805 990 μονήρης
3830 936 3845 949 υ
3880 919 3945 971 τδ
3975 919 4026 970 δὲ

2476 1017 2707 1086 μονῆρες
2738 1015 2911 1084 τούτῳ
2944 1016 2997 1066 αἱ
3032 1013 3265 1082 καθαραὶ
3319 1011 3407 1063 καὶ
3455 1009 3879 1079 ίεροτελεστικαὶ
3914 1012 4023 1061 Διο-

2472 1107 2651 1158 νυσίου
2686 1106 2861 1173 χεῖρες
2894 1101 3174 1155 ἐπέθεσαν.
3212 1100 3371 1162 Τάξις
3402 1099 3537 1168 αὕτη
3570 1098 3717 1167 παρά
3751 1100 4022 1149 Διονυσίου

2470 1196 2560 1247 καὶ
2589 1194 2893 1266 λειτουργία.
2920 1193 2997 1263 τῷ
3027 1193 3209 1261 ἀνδρὶ,
3240 1193 3356 1251 ταῖς
3386 1189 3479 1241 τοῦ
3509 1189 3636 1242 ναοῦ
3670 1189 3871 1251 πύλαις
3906 1191 4023 1257 ἑφε-

2470 1286 2673 1338 στάναι.

2547 1373 2604 1424 Ὀ
2636 1373 2810 1424 τοίνυν
2855 1370 3155 1440 Δημόφιλος
3203 1364 3353 1431 οὗτος
3375 1409 3388 1431 ,
3422 1367 3512 1419 τὸν
3543 1367 3733 1419 ἐαυτοῦ
3782 1366 4019 1437 πρεσϐύ-

2463 1477 2619 1531 τερον
2668 1460 2994 1527 θεασάμενος
3040 1458 3438 1531 ἐπιστραφέντα
3498 1456 3619 1507 τινὰ
3665 1455 3804 1524 πρὸς
3855 1455 4018 1524 μετά-

2463 1569 2607 1604 νοιαν
2659 1548 2954 1619 συμπαθῶς
3005 1548 3461 1618 προσδεξάμενον,
3513 1547 3703 1616 πράως
3736 1548 3838 1598 οὐκ
3872 1549 4019 1612 ἐνεγ-

2462 1640 2602 1701 κὼν,
2651 1640 2783 1692 ἀλλά
2834 1640 3177 1709 χαλεπήνας,
3224 1637 3354 1688 εἵσω
3410 1653 3469 1688 τε
3534 1636 3641 1687 τῶν
3690 1635 3785 1688 τοῦ
3835 1636 4017 1688 θυσια-

2462 1732 2679 1801 στηρίου
2714 1731 2919 1782 ἀδύτων
2952 1731 3269 1798 γενόμενος,
3307 1720 3380 1779 ὧν
3432 1726 3729 1778 ἐπιϐαίνειν
3775 1728 3877 1779 οὐκ
3924 1728 4013 1778 ἁσ-

808 1830 956 1876 stens
986 1838 1104 1892 quae
1147 1823 1352 1892 ingredi
1397 1836 1733 1890 nequaquam
1771 1827 1961 1882 tutum,
1993 1834 2166 1888 neque
2196 1818 2359 1872 atlin—
2392 1831 2431 1886 Β

2392 1831 2431 1886 Β
2459 1821 2653 1889 φαλὲς,
2689 1820 2804 1871 οὐδὲ
2840 1817 3167 1887 προσψαύειν
3202 1818 3342 1869 ὅσιον
3366 1857 3379 1879 ,
3428 1814 3870 1884 ἐκπομπευθῆναι
3920 1816 4011 1883 μὲν

807 1928 933 1981 gere
966 1924 1211 1967 sanctum
1234 1953 1246 1974 ,
1283 1911 1480 1966 Sancta
1524 1924 1830 1965 sanctorum
1873 1912 2084 1980 publice
2125 1910 2358 1964 ludibrio

806 2004 991 2056 haberi
1042 2001 1208 2069 facit,
1259 2004 1457 2056 bonum
1505 2011 1681 2055 autem
1737 2002 1886 2055 illum
1933 2000 2263 2054 sacerdotem
2303 2006 2358 2053 et

802 2103 1141 2146 mansuetum
1198 2094 1368 2162 plagis
1413 2092 1845 2146 intolerabilibus
1892 2090 2145 2158 subjicit,
2196 2097 2356 2158 atque

802 2186 856 2236 in
895 2183 1084 2237 faciem
1121 2184 1428 2252 percutiens
1464 2184 1750 2245 obnititur,
1791 2189 1843 2236 et
1881 2196 2002 2234 cum
2040 2193 2231 2249 magna
2272 2194 2357 2233 re-

805 2274 1042 2328 verentia
1086 2274 1461 2335 accedentem,
1520 2272 1773 2325 audacter
1819 2270 2060 2323 calcibus
2111 2268 2352 2338 repellit,

803 2364 1025 2431 impium
1069 2377 1132 2415 ac
1178 2363 1463 2417 scelestum
1508 2360 1695 2414 dicens
1741 2374 1862 2413 eum
1908 2360 2000 2427 qui
2043 2372 2105 2412 ex
2148 2358 2356 2412 miseri-

799 2452 985 2505 cordia
1018 2452 1199 2521 p0puli
1230 2452 1566 2520 ignorantias
1610 2449 1890 2519 despicere
1948 2448 2257 2509 statuisset,
2302 2454 2355 2499 et

801 2540 1058 2612 Dionysio
1089 2542 1373 2610 episcopo,
1406 2550 1566 2610 atque
1599 2543 1870 2609 pastorum
1906 2538 2168 2607 principi,
2199 2537 2352 2605 quasi

800 2646 1052 2700 magnum
1120 2630 1248 2700 quid
1300 2631 1367 2684 ad
1422 2632 1677 2683 virtutem
1734 2628 2034 2689 eﬂ‘ecisset,
2093 2625 2353 2681 describit

797 2724 943 2791 quod
984 2722 1287 2785 acciderat,
1341 2735 1546 2788 susque
1583 2720 1756 2787 deque
1789 2718 2003 2785 jactans
2032 2718 2085 2769 in
2125 2717 2217 2769 illa
2256 2730 2351 2769 auo

797 2811 916 2865 daci
942 2811 1197 2880 epistola,
1231 2809 1375 2879 quod
1414 2824 1521 2862 non
1563 2816 1671 2860 tam
1712 2807 1944 2874 seipsum
1985 2820 2145 2875 quam
2185 2804 2349 2859 Deum

2454 1910 2522 1962 τά
2574 1911 2738 1977 Ἅγια
2781 1908 2888 1960 τῶν
2938 1907 3106 1973 ἁγίων
3147 1908 3317 1967 ποιεῖ,
3352 1905 3442 1957 τὸν
3472 1905 3527 1957 δὲ
3559 1904 3758 1972 ἀγαθὸν
3808 1906 4011 1956 ἐκεῖνον

2455 2000 2605 2070 ίερέα
2652 1999 2741 2051 καὶ
2786 2000 2987 2069 ἥμερον
3020 1997 3253 2065 πληγαῖς
3283 1997 3341 2047 οὑ
3377 1998 3632 2065 φορηταίς
3666 1996 3959 2049 ὑποϐάλλει
3990 2012 4006 2025 ·

2453 2092 2593 2144 κατά
2625 2107 2683 2141 τε
2715 2089 2814 2158 τῆς
2848 2089 3051 2158 κόρρης
3085 2072 3258 2141 παίων
3291 2086 3517 2139 ἀντωθεῖ
3538 2126 3550 2146 ,
3590 2086 3680 2137 καὶ
3716 2086 3857 2154 μετά
3890 2088 4011 2139 πολ-

2450 2178 2546 2249 λῆς
2607 2180 2707 2246 τῆς
2771 2179 2948 2240 αἰδοῦς
3012 2180 3301 2249 προσιόντα
3362 2177 3603 2249 θρασέως
3634 2176 4005 2241 ἀπολακτίζει,

2448 2270 2617 2338 ἀσεϐῆ
2651 2269 2818 2335 λέγων
2852 2269 2942 2320 καὶ
2975 2268 3278 2338 ἀλιτήριον,
3312 2268 3403 2319 τὸν
3436 2268 3731 2338 ἀγαθότητι
3766 2270 4007 2337 παρορᾷν

2447 2361 2744 2432 ἠξιωμένον
2776 2360 2843 2413 τά
2877 2360 2969 2413 τοῦ
3001 2358 3126 2412 λαοῦ
3154 2360 3315 2429 ἀγνοή
3326 2375 3500 2428 ματα,
3532 2358 3622 2410 καὶ
3653 2358 3731 2428 τῷ
3764 2360 4008 2429 ἀρχιερεῖ

2445 2452 2700 2521 Διονυσίῳ
2736 2451 2826 2503 καὶ
2864 2448 3207 2520 ἀρχιποιμένι
3229 2488 3242 2511 ,
3273 2449 3347 2511 ὡς
3382 2449 3520 2518 μέγα
3551 2465 3603 2499 τι
3637 2448 3772 2518 πρὸς
3807 2450 4005 2517 ἀρετὴν

2445 2542 2816 2611 είργασμένος,
2851 2540 3194 2609 διαχαράττει
3225 2538 3285 2589 τὸ
3316 2538 3552 2605 γεγονὸς,
3586 2539 3696 2590 ἄνω
3729 2540 3824 2590 καὶ
3856 2540 4004 2591 κάτω

2444 2632 2681 2701 θρυλλῶν
2732 2633 2830 2701 τῆς
2863 2628 3117 2700 θρασείας
3170 2629 3380 2696 ἐκείνης
3433 2630 3751 2698 ἐπιπολῆς,
3799 2630 3877 2693 ὡς
3909 2632 4002 2698 οὐχ

2441 2722 2630 2774 ἑαυτὸν
2679 2722 2910 2791 μᾶλλον,
2957 2719 3089 2777 ἀλλὰ
3138 2719 3227 2773 καὶ
3272 2719 3361 2772 τὸν
3411 2719 3542 2772 θεὸν
3574 2720 3902 2791 ὲκδικήσειε.
3942 2721 4001 2771 Τί

2440 2808 2531 2865 οὖν
2576 2816 2814 2876 ὲκεῖνος;
2848 2808 2935 2882 ἆρ’
2985 2812 3017 2882 ἢ
3063 2812 3124 2863 τὸ
3156 2810 3263 2863 τῶν
3295 2810 3498 2864 πολλῶν
3547 2811 3779 2875 ἔπαθεν,
3831 2812 3864 2881 ἧ
3913 2813 3999 2867 καὶ

798 2906 947 2958 ultus
982 2911 1146 2957 esset.
1178 2901 1315 2968 Quid
1345 2916 1473 2971 ergo
1507 2901 1639 2955 ille?
1669 2899 1802 2953 Num
1826 2939 1839 2962 ,
1869 2907 1926 2953 ut
1958 2900 2151 2968 vulgus
2180 2898 2346 2962 solet,
2443 2924 2448 2974 λ

2443 2904 2635 2975 μικρὸν
2684 2904 2817 2966 ὅλως
2864 2904 2963 2973 τῆς
3022 2903 3316 2972 συντρόφου
3369 2903 3686 2971 μεταϐαλεῖν
3738 2904 3997 2972 ἐνομίσθη

797 2994 897 3048 fuit
934 2994 1115 3046 animo
1154 2992 1541 3061 perturbatus?
1572 2999 1663 3044 aut
1704 2998 1984 3059 reputatus
2013 2995 2095 3042 est
2133 2988 2217 3042 vel
2255 3001 2351 3056 pa-
2438 3013 2447 3065 ς

2345 3017 2351 3027 ι
2438 2997 2832 3065 χρηστότητος;
2899 2994 3190 3063 οὖμενουν,
3254 2996 3351 3047 οὐκ
3412 2994 3555 3046 ἔστιν
3617 2994 3823 3046 εἰπεῖν·
3892 2995 3995 3047 οὐδ’

798 3098 916 3136 rum
947 3082 1075 3150 quid
1109 3083 1333 3135 omnino
1379 3080 1673 3133 mutavisse
1721 3080 1787 3132 de
1829 3094 1892 3132 ea
1941 3077 2180 3131 bonitate
2226 3088 2448 3156 quaen:

2346 3086 2580 3156 ερὲργῳ
2624 3085 2713 3138 τὸν
2759 3087 3111 3155 ἡμαρτηκότα
3172 3084 3443 3155 ἠμύνατο,
3500 3084 3631 3137 ἀλλά
3681 3084 3823 3155 λόγῳ
3868 3082 3996 3151 θείῳ

794 3173 843 3225 ei
873 3172 1191 3227 coaluerat?
1216 3170 1328 3225 Hoc
1358 3170 1580 3225 minime
1607 3170 1713 3223 dici
1754 3176 1953 3239 potest.
1996 3167 2179 3236 Neque
2205 3166 2348 3221 enim
2372 3166 2415 3182 “⁴
2440 3193 2444 3227 ς

2338 3183 2348 3220 ι
2372 3166 2415 3182 ”
2440 3176 2534 3229 καὶ
2592 3174 2915 3246 σωτηριώδει
2941 3175 3264 3227 πεπαίδευκε
3289 3192 3302 3204 ·
3337 3174 3434 3245 τὴν
3462 3176 3594 3246 πρὸς
3626 3176 3824 3245 ἀρετὴν
3855 3174 3988 3245 ὁμοῦ

797 3262 938 3315 facto
970 3263 1113 3316 ultus
1146 3270 1227 3316 est
1255 3273 1408 3323 eum,
1451 3262 1541 3330 qui
1582 3267 1938 3329 peccaverat;
1980 3259 2072 3312 sed
2116 3257 2259 3311 facto
2295 3265 2350 3311 et
2436 3284 2447 3319 π

2337 3266 2350 3311 ι
2436 3266 2526 3319 καὶ
2562 3269 2736 3320 πᾶσαν
2769 3266 3061 3336 εὐκοσμίαν
3092 3265 3364 3319 τυποῦσάν
3395 3284 3454 3318 τε
3488 3268 3579 3318 καὶ
3626 3266 3987 3338 ρυθμίζουσαν

793 3368 1040 3406 sermone
1070 3353 1291 3405 salutari
1321 3352 1550 3415 erudiit,
1579 3367 1697 3419 qua:
1734 3350 1892 3404 simul
1926 3348 1989 3400 ad
2020 3349 2271 3401 virtutem
2296 3355 2349 3400 et
2435 3361 2443 3411 ε

2336 3355 2349 3398 ι
2435 3358 2647 3427 ἐκείνην
2695 3358 2907 3426 γράψας
2942 3356 3222 3425 ἐπιστολὴν
3246 3396 3259 3418 ,
3296 3357 3386 3409 καί⁵
3423 3358 3724 3428 πραότητος
3778 3358 3986 3411 ὑπόδει-

790 3457 1003 3496 omnem
1031 3442 1455 3497 moderationem
1492 3440 1749 3494 informat
1778 3449 1830 3494 et
1863 3439 2171 3508 componit.
2206 3438 2346 3490 illam
2435 3464 2440 3475 ι

2337 3451 2346 3488 ι
2435 3463 2546 3516 γμα
2577 3448 2666 3500 τὸν
2711 3447 2949 3518 Ἀαρὼν,
2982 3447 3073 3499 τὸν
3104 3446 3265 3497 Δαυὶδ
3286 3485 3299 3509 ,
3340 3447 3430 3498 καὶ
3462 3449 3677 3517 ἑτέρους
3712 3465 3987 3519 παραστη-

790 3532 1037 3587 scribens
1076 3533 1364 3603 epistolam
1389 3571 1403 3597 ,
1444 3540 1497 3585 et
1536 3532 1838 3601 exemplum
1878 3528 2346 3592 mansuetudinis,
2434 3559 2440 3586 ε

2335 3568 2346 3592 ι
2434 3539 2695 3607 σάμενος·
2744 3534 2810 3608 ἧς
2851 3539 2935 3591 ἴνα
2966 3539 3064 3609 τὴν
3097 3534 3259 3606 ἄλλην
3295 3537 3430 3608 πρὸς
3471 3540 3530 3591 τὸ
3575 3538 3778 3605 ἀγαθὸν
3824 3557 3985 3591 κατα-

789 3623 999 3687 Aaron,
1042 3622 1243 3686 David,
1284 3630 1339 3676 et
1378 3623 1514 3676 alios
1556 3622 1851 3675 adducens.
1894 3621 2063 3687 Cujus
2102 3628 2158 3671 ut
2197 3617 2350 3671 omit—
2433 3627 2439 3676 1

2332 3642 2350 3655 ·
2433 3627 2572 3677 λίπω
2614 3627 2987 3696 παράκλησιν,
3025 3628 3155 3680 ἀλλά
3186 3629 3285 3699 τῆς
3329 3630 3605 3699 ὁράσεως,
3656 3624 3725 3699 ἦς
3772 3628 3982 3693 διέξεισι

791 3723 898 3766 tam
949 3714 1110 3766 aliam
1165 3713 1230 3765 ad
1280 3713 1481 3767 bonum
1532 3711 2002 3773 exhortationem,
2052 3709 2349 3767 meminero
2433 3734 2441 3768 τ

2331 3722 2349 3767 >
2433 3716 2564 3787 πρὸς
2610 3717 2767 3769 αὐτὸν
2799 3718 2872 3781 ὡς
2907 3718 3009 3771 ὑπὸ
3039 3718 3132 3772 τοῦ
3165 3719 3273 3772 τῶν
3305 3721 3474 3787 ἁγίων
3506 3720 3813 3791 θεαθείσης,
3850 3738 3981 3790 μνη-

789 3812 935 3857 certe
988 3803 1250 3868 visionis,
1302 3820 1463 3874 quam
1518 3804 1566 3859 ei
1620 3811 1840 3865 narrat,
1893 3812 1949 3856 ut
1996 3809 2115 3871 qua:
2159 3807 2347 3854 sancto
2432 3828 2439 3856 ι

1894 3812 1949 3856 ut
1996 3809 2115 3871 qlia
2159 3807 2347 3854 831ὶοῐο
2432 3808 2727 3878 σθήσομαι.
2766 3807 2889 3879 Εἶχε
2921 3811 2975 3863 δὲ
3009 3811 3145 3863 κατά
3178 3812 3320 3882 λέξιν
3353 3812 3544 3874 οὕτως·

783 3898 959 3964 (Zarpo
1000 3896 1334 3963 apparuerit.
1378 3895 1467 3948 Sic
1507 3904 1685 3948 autem
1719 3909 1775 3948 se
1804 3894 1965 3946 habet
1998 3893 2063 3945 ad
2096 3892 2341 3946 verbum.

854 3984 989 4035 Cum
1024 3981 1315 4049 aliquando
1352 3982 1405 4035 in
1436 3982 1648 4035 Cretam
1681 3982 1949 4034 venissem
1972 4018 1987 4043 ,
2020 3994 2104 4033 tne
2135 3980 2368 4048 Carpus

790 4069 1023 4135 hospitio
1061 4068 1306 4137 excepit,
1359 4070 1462 4128 vir.
1506 4069 1551 4122 si
1592 4070 1713 4136 quis
1751 4067 1923 4130 alius,
1966 4074 2184 4135 propter
2233 4080 2345 4117 ma-
2430 4075 2440 4124 ί

2333 4094 2345 4103 -
2430 4072 2801 4146 ὲΞεναγὼγησε
2836 4079 3087 4146 Κάρπος,
3123 4081 3290 4150 ἀνὴρ,
3321 4080 3411 4132 καὶ
3445 4080 3609 4144 εἴτις
3653 4081 3812 4145 ἄλλος
3836 4123 3849 4144 ,
3902 4084 3983 4137 διὰ

787 4172 947 4227 gnam
977 4159 1175 4213 mentis
1207 4158 1495 4227 puritatem
1528 4158 1595 4211 ad
1624 4157 1951 4213 cernendum
1984 4155 2147 4210 Deum
2177 4155 2332 4225 aptis-
2430 4180 2437 4194 -

2430 4163 2625 4235 πολλὴν
2659 4165 2999 4238 καθαρότητα
3034 4168 3122 4221 νοῦ
3156 4170 3291 4239 πρὸς
3323 4168 3575 4223 θεοπτίαν
3620 4171 3981 4241 ἐπιτηδειότα-

789 4249 978 4302 simus.
1022 4247 1205 4318 Neque
1244 4249 1386 4302 enim
1428 4263 1614 4303 sacros
1653 4249 2035 4316 mysteriorum
2077 4250 2213 4300 ritus
2252 4262 2344 4316 ag—
2429 4267 2439 4298 π

2334 4277 2344 4285 -
2429 4266 2517 4312 τος
2554 4265 2565 4277 °
2603 4251 2694 4302 καὶ
2726 4251 2854 4320 γοῦν
2886 4254 3003 4307 οὐδὲ
3034 4259 3153 4319 ταῖς
3187 4257 3367 4323 ἁγίαις
3400 4257 3506 4310 τῶν
3543 4259 3861 4328 μυστηρίων
3904 4277 3984 4313 τε·

789 4341 1169 4411 grediebatur,
1218 4342 1321 4393 nisi
1369 4341 1518 4409 prius
1560 4339 1660 4406 ipsi
1706 4340 1759 4389 in
1796 4339 1862 4391 iis
1904 4336 2189 4404 precibus,
2227 4353 2345 4407 quae
2427 4342 2439 4393 ἰ

2332 4354 2345 4391 ξ
2427 4342 2604 4407 λεταῖς
2668 4345 2970 4415 ἐνεχείρει,
3028 4346 3100 4415 μὴ
3161 4348 3423 4419 πρότερον
3488 4348 3635 4417 αὐτῷ
3700 4351 3982 4414 κατα-δας

790 4440 943 4485 antea
976 4432 1158 4499 perlici
1191 4433 1400 4493 solent,
1438 4445 1592 4484 sacra
1628 4437 1682 4483 et
1723 4429 1841 4481 lata
1886 4428 2223 4497 apparuisset
2261 4428 2341 4478 vi-
2368 4448 2440 4524 Da

2332 4433 2767 4524 ιυπροτελείους
2829 4435 3028 4503 εὐχὰς,
3081 4437 3229 4506 ἱερᾶς
3293 4439 3384 4490 καὶ
3433 4439 3695 4508 εὐμενοῦς
3744 4442 3982 4511 ὁράσεως

790 4520 892 4573 sio.
945 4519 995 4574 ls
1038 4523 1252 4589 quidem
1294 4520 1593 4581 narrabat,
1640 4533 1763 4571 cum
1807 4533 1834 4569 a
1865 4516 2128 4586 quodam,
2170 4516 2261 4584 qui
2313 4516 2440 4573 a'é

2336 4516 2865 4592 ι“’ὲπιφαινομένης.
2907 4525 3125 4591 Ἔλεγεν
3170 4523 3292 4589 οὖν,
3344 4528 3456 4590 ὅτι,
3503 4529 3869 4598 λελυπηκότος
3900 4529 3986 4580 ab-

790 4613 890 4667 tide
924 4614 1288 4681 religioneque
1326 4621 1512 4664 nostra
1549 4609 1889 4669 abhorreret,
1933 4608 2070 4661 forte
2104 4606 2342 4662 offensus
2427 4626 2440 4659 π

2334 4625 2342 4661 ι
2427 4610 2517 4662 τόν
2552 4627 2678 4663 ποτε
2720 4612 2827 4665 τῶν
2858 4616 3098 4668 ἀπίστων
3129 4617 3310 4679 τινος,
3349 4618 3418 4687 (ή
3464 4617 3605 4684 λύπη
3655 4618 3713 4669 δὲ
3757 4612 3861 4687 ἦν,
3911 4620 3984 4670 ὃτι

2501 3984 2790 4054 Γενόμενόν
2843 3987 2907 4056 μέ
2954 4004 3083 4039 ποτε
3134 3988 3271 4047 κατὰ
3323 3990 3418 4060 τὴν
3463 3991 3722 4061 Κρήτην,
3773 3995 3803 4044 ό
3848 3993 3983 4062 ἱερὸς

786 4712 930 4757 esset
965 4704 982 4773 (
1008 4700 1243 4758 tristitia:
1274 4710 1452 4756 autem
1481 4716 1644 4754 causa
1678 4707 1822 4761 erat,
1854 4698 1995 4767 quod
2030 4700 2116 4752 ille
2144 4700 2212 4753 ab
2243 4699 2342 4753 Ec-

786 4795 950 4847 clesia
1001 4795 1288 4862 quemdam
1341 4794 1406 4847 ad
1461 4795 1684 4863 impium
1736 4794 1941 4847 cultum
1994 4784 2347 4850 traduxerat),

787 4895 898 4936 tum
936 4898 1059 4938 cum
1100 4884 1285 4946 etiam,
1328 4883 1397 4936 ab
1437 4884 1553 4952 ipso
1594 4884 1930 4952 (Christiano
1965 4888 2181 4949 prepter
2242 4877 2340 4932 ba-

777 4974 1058 5046 ptismum)
1094 4973 1285 5026 hilaria
1336 4981 1657 5041 agerentur,
1720 4987 1841 5024 cum
1901 4972 2184 5040 benignam
2242 4985 2339 5039 pro

786 5072 1013 5131 utroque
1065 5063 1129 5115 ad
1188 5061 1353 5114 Deum
1413 5062 1775 5129 precationem
1830 5060 2051 5115 fundere
2114 5076 2337 5116 necesse

780 5163 961 5216 esset,
1000 5154 1214 5224 Deoque
1255 5164 1530 5210 servatore
1569 5150 2140 5222 adjulore'adjuncto,
2185 5152 2332 5204 illum

781 5246 997 5314 quidem
1052 5256 1394 5309 convertere,
1439 5248 1581 5299 hune
1622 5257 1801 5299 autem
1840 5247 2053 5299 vincere
2093 5242 2335 5311 benigni-

782 5346 923 5400 tate,
954 5354 1052 5392 nec
1093 5338 1359 5392 desistere
1398 5339 1687 5391 admonere
1733 5354 1822 5406 per
1859 5352 2016 5390 omne
2048 5336 2168 5388 vita:
2200 5342 2334 5386 tem-

782 5445 881 5501 pus
916 5445 1085 5497 usque
1116 5431 1180 5483 ad
1214 5432 1354 5483 hunc
1389 5431 1565 5499 ipsum
1594 5430 1733 5482 diem
1758 5469 1771 5493 ,
1806 5437 1964 5498 atque
2007 5430 2077 5487 ita
2118 5429 2330 5481 demum

778 5537 870 5575 eos
903 5521 966 5573 ad
1000 5519 1088 5573 Dei
1123 5523 1366 5575 notitiam
1399 5521 1697 5583 deducere,
1824 5519 1974 5585 quasi
2093 5519 2201 5586 jam
2235 5532 2293 5571 ea
2317 5557 2329 5577 ,

781 5611 845 5664 de
882 5611 1079 5679 quibus
1120 5618 1272 5662 antea
1311 5611 1619 5664 dubitarent
1644 5650 1656 5669 ,
1698 5609 1991 5677 diiudicata
2031 5616 2239 5672 essent,
2279 5613 2331 5659 et

781 5702 845 5753 ab
884 5702 947 5754 iis
980 5718 1095 5771 quae
1127 5701 1524 5754 inconsiderate
1556 5700 1675 5752 ausi
1705 5708 1920 5764 essent,
1958 5700 2190 5767 legitime
2221 5710 2330 5765 pue-

2426 4702 2523 4771 τῆς
2569 4703 2886 4775 Ἐκκλησίας
2936 4710 3138 4770 ἐκεῖνος
3196 4707 3317 4760 τινὰ
3351 4708 3484 4778 πρὸς
3535 4708 3596 4760 τὸ
3645 4708 3806 4762 ἄθεον
3854 4712 3982 4763 ἀπι-

2429 4790 2737 4862 πλάνησεν·)
2787 4795 2865 4864 ξτι
2914 4798 3022 4848 τῶν
3067 4796 3303 4866 Ἱλαρίων
3350 4797 3567 4868 ἡμερῶν
3616 4798 3768 4867 αὐτῷ
3818 4800 3987 4852 τελου-

2432 4880 2643 4950 μένων,
2690 4883 2806 4935 δέον
2868 4887 3190 4957 ἀμφοτέρων
3244 4888 3639 4960 ἀγαθοπρεπῶς
3690 4890 3987 4961 ὑπερεύξα-

2430 4971 2586 5035 σθαι,
2626 4975 2715 5026 καὶ
2759 4975 2889 5027 Θεὸν
2937 4979 3155 5049 σωτῆρα
3204 4979 3542 5050 συλλήπτορα
3577 4980 3809 5034 λαϐόντα
3835 5021 3849 5038 .
3899 4984 3985 5034 τὸν

2433 5062 2529 5131 μὲν
2561 5064 2880 5135 ἐπιστρέψαι
2913 5106 2937 5133 ,,
2961 5067 3052 5120 τὸν
3083 5068 3138 5121 δὲ
3169 5069 3460 5139 ἀγαθὸτητι
3496 5070 3749 5138 νικῆσαι,
3787 5072 3879 5124 καὶ
3918 5072 3985 5138 μὴ

2427 5153 2687 5207 διαλιπεῖν
2724 5155 3070 5211 νουθετοῦντα
3100 5160 3186 5211 διά
3222 5160 3335 5229 βίου
3370 5161 3570 5222 παντὸς
3593 5201 3607 5222 ,
3641 5160 3804 5232 ἄχρις
3836 5159 3897 5215 οὗ
3929 5160 3986 5213 τὸ

2431 5245 2700 5315 σήμερον,
2738 5248 2826 5327 καὶ
2858 5250 3029 5312 οὕτως
3064 5250 3153 5303 ἐπὶ
3184 5252 3281 5320 τὴν
3315 5252 3463 5303 θείαν
3510 5251 3708 5315 αὐτοὺς
3762 5255 3985 5319 ἀγαγεῖν

2430 5336 2623 5402 γνῶσιν
2648 5378 2661 5400 ,
2694 5337 2766 5401 ὡς
2789 5340 2853 5392 ἂν
2885 5341 2981 5411 ήδη
3018 5342 3107 5393 καὶ
3138 5341 3244 5392 τῶν
3276 5340 3774 5411 ἀμφισϐητησίμων
3807 5343 3984 5404 αὐτοῖς

2429 5430 2754 5499 κρινομένων
2777 5471 2790 5495 ,
2826 5432 2914 5483 καὶ
2946 5432 3051 5483 τῶν
3084 5431 3287 5498 ἀλόγως
3320 5431 3733 5502 θρασυνομένων
3778 5434 3987 5503 ἐννόμῳ

2426 5518 2548 5589 δίκῃ
2597 5526 2885 5589 σωφρονεῖν
2917 5522 3392 5593 ἀναγκαζομένων·
3444 5524 3557 5576 ἀλλ’
3593 5524 3650 5573 ὲν
3698 5523 3878 5592 ἑαυτῷ
3915 5522 3987 5591 μὴ

2432 5611 2690 5681 πρότερον
2722 5613 2877 5664 τοῦτο
2909 5609 3091 5665 παθὼν
3122 5653 3136 5674 ,
3176 5616 3275 5666 οὐκ
3305 5611 3403 5666 οἷδ’
3435 5614 3584 5675 ὅπως
3614 5615 3740 5667 τότε
3788 5614 3987 5679 πολλήν

2430 5718 2549 5755 τινα
2581 5703 2674 5768 τὴν
2705 5704 3020 5768 δυσμένειαν
3054 5705 3143 5756 καὶ
3177 5706 3273 5779 τὴν
3310 5704 3529 5762 πικρίαν
3566 5704 3798 5776 ὲντήξας
3846 5706 3989 5755 ἀκω-
