4178 6316
190 378 302 442 1041

1148 390 1322 450 νιΤΑ
1363 391 1422 447 S.
1463 388 1799 451 DIONYSH
1835 386 2356 450 AREOPAGlTrE.

3286 375 3421 442 1042

216 486 343 553 μήθη
366 500 377 509 '
430 488 726 557 κατεδάρθη
765 490 862 555 μὲν
887 528 899 551 ,
936 488 1073 539 οὕτω
1108 489 1284 550 κακῶς
1318 489 1452 557 ἔχων
1488 507 1501 520 ·
1538 492 1739 561 ἑσπέρα

1843 504 1939 546 nas
1977 486 2153 540 dando
2188 483 2511 554 resipiscere
2550 494 2911 554 cogerentur;
2954 494 3064 538 tum
3103 493 3282 537 tamen
3342 483 3395 536 id

211 578 305 645 γὰρ
350 573 447 646 ἦν’
504 579 626 648 περὶ
670 580 723 631 δὲ
772 580 938 647 μέσας
988 579 1181 641 νύκτας
1231 580 1443 645 (εἰώθει
1510 580 1615 649 γὰρ
1663 585 1738 644 είς

208 669 339 721 τόνδε
370 669 460 721 τὸν
493 671 679 738 καιρὸν
713 669 868 732 αὐτὸς
901 672 981 736 ἐφ’
1017 670 1208 721 ἑαυτοῦ
1244 669 1377 736 πρὸς
1409 671 1533 732 τοὺς
1567 670 1738 734 θείους

211 759 394 830 ὕμνους
439 763 789 832 ἐγρηγορέναι
822 762 881 830 ·)
929 760 1260 813 διανίσταται
1315 762 1430 830 μὲν,
1468 760 1583 814 οὐδὲ
1631 761 1738 814 τῶν

211 853 373 905 ὕπνων
406 851 582 905 αὐτῶν
608 893 621 915 ,
658 851 863 904 πολλῶν
894 868 956 919 γε
989 851 1156 903 ὄντων
1176 892 1189 912 ,
1226 852 1316 905 καὶ
1364 853 1447 905 ἀεὶ
1484 856 1741 919 ἐγκοπτο-

212 943 371 1011 μένων
406 983 421 1006 ,
473 942 576 1006 ἔξω
632 943 874 1013 ταραχῆς
933 942 1357 1013 παραπολαύσας
1405 960 1417 971 ·
1471 942 1638 1004 ἑστὼς
1683 941 1740 996 δὲ

209 1032 343 1100 ὅμως
374 1033 452 1094 είς
491 1030 587 1101 τὴν
622 1030 765 1083 θείαν
795 1030 1006 1099 ὁμιλίαν
1038 1032 1136 1083 οὐκ
1180 1029 1382 1097 εὐαγῶς
1428 1030 1610 1096 ἠνιᾶτο
1653 1026 1743 1079 καὶ

210 1122 570 1191 ἐδυσχέραινεν
592 1162 604 1184 ,
638 1121 736 1172 οὐκ
769 1116 901 1172 εἶναι
932 1120 1133 1172 δίκαιον
1159 1119 1346 1186 λέγων,
1383 1120 1429 1169 εί
1479 1115 1611 1184 ζῷεν
1652 1116 1745 1169 ἄν·

209 1212 331 1282 δρες
352 1212 495 1265 ἄθεοι
538 1210 628 1263 καὶ
661 1211 1072 1281 διαστρέφοντες
1102 1210 1200 1272 τὰς
1231 1209 1381 1270 ὁδοὺς
1415 1208 1614 1277 Κυρίου
1647 1205 1745 1268 τὰς

209 1302 406 1365 εὐθείας
439 1319 451 1332 ⁸
490 1302 581 1354 καὶ
616 1302 788 1354 ταῦτα
833 1303 1003 1371 λέγων
1032 1342 1045 1366 ,
1092 1302 1260 1354 ἐδεῖτο
1309 1299 1401 1351 τοῦ
1445 1298 1577 1350 Θεοῦ
1615 1314 1746 1367 πρη-

210 1393 357 1461 στῆρί
404 1410 507 1445 τινι
550 1392 649 1455 τὰς
697 1393 1017 1464 ἀμφοτέρων
1059 1391 1285 1456 εἰσάπαξ
1332 1388 1569 1458 ἀνηλεῶς
1615 1390 1747 1440 ἀπο-

208 1481 402 1534 παῦσαι
446 1480 605 1544 ζωάς.
657 1481 840 1534 Ταῦτα
886 1483 940 1535 δὲ
990 1481 1193 1544 εἰπὼν,
1243 1482 1391 1547 ἔλεγε
1434 1480 1577 1542 δόξαι
1621 1478 1745 1529 ἰδεῖν

208 1571 350 1637 ἄφνω
376 1570 466 1623 τὸν
494 1568 639 1624 οἷκον
670 1575 725 1624 ἐν
750 1566 901 1642 ᾧπερ
930 1574 1171 1641 εἱστήκει
1218 1569 1590 1637 διαδονηθέντα
1624 1565 1748 1635 πρό-

206 1679 370 1733 τερον,
406 1664 496 1715 καὶ
528 1666 590 1716 ἐκ
619 1664 714 1733 τῆς
746 1664 947 1734 ὀροφῆς
975 1666 1052 1725 εἰς
1076 1663 1165 1714 δύο
1198 1662 1356 1731 μέσον
1381 1660 1745 1730 διαιρεθέντα,

208 1753 296 1806 καί
337 1771 455 1807 τινα
502 1753 680 1824 πυρὰν
723 1752 1032 1821 πολύφωτρν
1074 1752 1396 1822 ἐπίπροσθεν
1427 1749 1624 1814 αὑτοῦ,
1656 1749 1747 1802 καὶ

1839 579 1981 653 quod
2003 592 2283 646 nunquam
2305 578 2406 632 sibi
2431 577 2793 641 usuvenisset,
2820 577 2963 631 haud
2986 577 3098 631 seio
3119 574 3390 645 quomodo

1841 687 2033 741 magno
2063 670 2297 739 quodam
2327 676 2380 723 et
2411 669 2606 721 acerbo
2637 668 2800 721 animi
2831 668 3019 722 dolore
3048 666 3351 721 coniectum
3372 704 3389 729 ,

1840 765 2007 836 quieti
2037 778 2096 818 se
2113 762 2348 823 dedisse,
2374 774 2435 813 ac
2458 760 2674 830 quidem
2699 759 2986 815 dormiisse
3013 760 3085 812 ita
3111 758 3246 813 male
3263 756 3394 812 atie-

1841 861 1986 908 ctum
2039 853 2190 923 (erat
2232 852 2373 906 enim
2408 852 2711 922 vespera);
2756 850 2930 905 media
2964 845 3142 903 autem
3176 848 3396 904 circiter

1844 953 1999 999 nocte
2022 943 2234 1015 (solitus
2262 943 2404 996 enim
2426 953 2541 996 erat
2568 942 2667 995 hoc
2694 951 2936 1010 tempore
2962 955 3054 1009 per
3082 955 3139 994 se
3166 938 3231 991 ad
3254 938 3397 993 divi-

1844 1052 1943 1093 nos
1965 1037 2192 1108 hymnos
2228 1034 2491 1105 vigilare)
2526 1034 2829 1088 surrexisse
2860 1032 3111 1102 quidem,
3143 1045 3264 1084 cum
3296 1046 3397 1084 nec

1843 1142 2090 1183 somnum
2123 1129 2299 1196 ipsum
2332 1126 2424 1194 qui
2456 1126 2596 1178 altus
2627 1122 2820 1177 {uisset
2841 1163 2855 1186 ,
2896 1130 2948 1175 et
2987 1136 3199 1189 semper
3234 1119 3398 1174 inter-

1849 1229 2077 1289 ruptus,
2120 1219 2236 1273 sine
2276 1215 2687 1271 conturbatione
2726 1213 2996 1281 cepisset;
3037 1218 3265 1264 stantem
3317 1216 3400 1261 ta-

1846 1328 1966 1364 men
2025 1310 2091 1363 ad
2149 1310 2330 1363 divina
2395 1305 2663 1374 colloquia
2691 1343 2705 1368 ,
2746 1303 3045 1371 irreligiose
3078 1300 3316 1361 doluisse
3349 1307 3401 1353 et

1845 1401 2036 1454 acerbe
2060 1400 2277 1463 tulisse,
2311 1398 2574 1451 dicentem
2605 1411 2711 1448 non
2746 1409 2867 1449 esse
2894 1407 3105 1463 mquum
3138 1392 3280 1445 viros
3303 1390 3402 1443 im—

1843 1492 1960 1560 pios
1999 1491 2214 1551 vivere,
2254 1495 2308 1542 et
2345 1487 2437 1557 qui
2486 1488 2603 1541 vias
2658 1484 2870 1538 Domini
2910 1494 3086 1538 rectas
3129 1487 3401 1551 perverte-

1843 1589 1999 1646 rent;
2038 1580 2148 1634 haec
2178 1579 2465 1639 dicentem,
2498 1584 2773 1647 precatum
2808 1589 2932 1629 esse
2976 1590 3007 1627 a
3038 1572 3168 1636 Deo,
3205 1579 3261 1625 ut
3291 1585 3404 1623 am-

1844 1672 2034 1725 borum
2068 1671 2230 1723 vitam
2261 1668 2379 1724 sine
2397 1666 2765 1722 misericordia
2788 1665 3002 1720 turbine
3036 1663 3214 1732 aliqu'o
3248 1662 3402 1731 igneo

1846 1761 2204 1829 abrumperet.
2256 1758 2385 1824 Qua:
2448 1772 2571 1812 cum
2634 1756 2895 1819 dixisset,
2951 1752 3404 1810 commemorabat

204 1842 398 1913 ταύτην
443 1842 646 1913 (ἐδόκει
674 1841 781 1912 γὰρ
830 1841 1011 1895 λοιπὸν
1055 1841 1314 1912 ὕπαιθρος
1362 1844 1390 1895 ὁ
1422 1840 1640 1909 τόπος),
1686 1842 1746 1892 ἐκ

1846 1867 1905 1907 se
1935 1851 2112 1906 visum
2142 1865 2261 1905 esse
2291 1849 2476 1904 videre
2505 1855 2727 1917 repente
2761 1845 2981 1901 domum
3016 1845 3069 1899 in
3100 1860 3204 1914 qua
3235 1852 3405 1898 staret

200 1931 292 1985 τοῦ
339 1931 583 2002 οὐρανίου
626 1930 799 2003 χώρου
835 1931 1021 2002 μέχρις
1049 1930 1212 1984 αὺτοῦ
1256 1930 1700 1999 καταφερομένην
1728 1944 1742 1959 ’

199 2023 289 2075 τὸν
331 2024 385 2076 δὲ
430 2024 653 2093 οὐρανὸν
701 2023 859 2075 αὐτὸν
900 2021 1362 2089 ἀναπεπταμένον,
1395 2019 1483 2071 καῖ¹
1526 2018 1618 2070 ἐπὶ
1666 2017 1745 2087 τῷ

200 2111 349 2182 νώτῳ
384 2113 469 2165 τοῦ
511 2113 735 2183 οὐρανοῦ
776 2113 866 2163 τὸν
910 2110 1142 2179 Ἰησοῦν,
1188 2110 1427 2178 ἀπείρων
1465 2107 1746 2176 ἀνθρωπο-

199 2204 351 2255 ειδῶν
388 2204 534 2272 αὑτῷ
572 2203 986 2272 παρεστηκότων
1030 2202 1290 2269 ἀγγέλων.
1315 2200 1423 2253 Καὶ
1447 2200 1616 2252 ταῦτα
1652 2200 1747 2270 μὲν

198 2292 400 2345 ἄνωθεν
450 2292 710 2363 ὁρᾶσθαι,
770 2292 863 2345 καὶ
916 2291 1073 2344 αὑτὸν
1117 2288 1447 2360 θαυμάζεινσ
1494 2290 1641 2343 κάτω
1692 2289 1748 2342 δέ

199 2381 372 2450 κύψας
400 2385 428 2435 ὁ
455 2383 676 2453 Κάρπος
698 2422 712 2444 ,
761 2382 884 2435 ἰδεῖν
913 2381 1013 2452 ἔφη
1045 2382 1137 2433 καὶ
1163 2380 1420 2448 τοῦδαφος
1441 2380 1574 2431 αὐτὸ
1615 2379 1750 2448 πρὸς

195 2475 391 2545 ἀχανές
435 2492 486 2527 τι
533 2475 715 2544 χάσμα
756 2474 847 2527 καὶ
891 2472 1162 2526 σκοτεινὸν
1206 2470 1621 2538 διερῤηγμένον·
1657 2468 1749 2520 καὶ

193 2568 322 2631 τοὺς
355 2569 450 2637 μὲν
480 2567 675 2638 ἀνδρας
703 2569 941 2630 ἐκείνους
964 2608 976 2630 ,
1007 2562 1086 2628 οἷς
1125 2565 1395 2635 ἐπηρᾶτο,
1442 2562 1545 2632 πρὸ
1586 2558 1747 2614 αὐτοῦ

195 2657 336 2711 κατὰ
368 2656 426 2708 τὸ
458 2659 671 2727 στόμιον
700 2658 982 2726 ἐστηκέναι
1019 2654 1113 2707 τοῦ
1163 2654 1437 2725 χάσματος
1457 2693 1469 2716 ,
1519 2649 1749 2721 ὑποτρό-

196 2762 365 2816 μους,
408 2746 705 2809 ἐλεεινοὺς,
755 2747 875 2797 ὅσον
922 2744 1073 2798 οὔπω
1122 2744 1594 2815 καταφερομένους
1645 2741 1749 2796 ὑπὸ

190 2837 298 2905 τῆς
324 2836 431 2888 τῶν
459 2836 672 2889 οἰκείων
705 2834 878 2887 ποδῶν
905 2835 1170 2899 ἀστασίας
1210 2852 1222 2865 ⁸
1270 2834 1510 2889 κάτωθεν
1555 2832 1748 2886 nam

188 2926 289 2981 τοῦ
330 2928 599 2996 χάσματος
646 2925 794 2993 ὄφεις
833 2925 1104 2996 ἀνέρπειν,
1146 2925 1389 2994 καὶπερὶ
1433 2924 1558 2987 τοὺς
1588 2925 1767 3010 πόδας.

191 3015 373 3069 αὐτῶν
416 3016 860 3085 ὑποκινουμένους
882 3055 896 3081 ,
928 3015 1056 3067 ποτὲ
1088 3016 1181 3083 μὲν
1224 3014 1546 3084 άποσύρειν,
1582 3016 1750 3067 ἐπαν-

191 3107 537 3175 ειλουμένους
585 3108 700 3177 ἅμα
757 3107 848 3161 καὶ
906 3105 1331 3176 ἐπιδαροῦντας,
1382 3106 1474 3158 καὶ
1520 3106 1745 3159 ἐπανέλ-

1844 1942 2036 2009 agitari
2066 1941 2339 2010 primum,
2372 1940 2569 1994 deinde
2616 1953 2646 1991 a
2690 1939 2890 1993 vertice
2938 1937 2994 1990 in
3043 1936 3180 1991 duas
3225 1940 3403 2005 partes

1842 2028 2096 2084 dimidias
2124 2029 2318 2091 dividi,
2350 2036 2404 2083 et
2436 2036 2558 2083 ante
2602 2044 2659 2084 se
2691 2043 2878 2099 rogum
2909 2027 3194 2098 quemdam
3226 2026 3406 2094 magni

1844 2119 2066 2173 luminis
2087 2161 2101 2185 ,
2133 2134 2363 2188 eumque
2393 2120 2411 2189 (
2437 2119 2539 2174 sub
2578 2119 2666 2172 dio
2695 2120 2838 2172 enim
2869 2119 3022 2173 locus
3053 2118 3143 2171 ille
3172 2131 3294 2170 esse
3325 2116 3401 2167 vi-

1844 2206 2112 2278 debatur)
2145 2224 2174 2263 e
2200 2208 2338 2262 caelo
2368 2224 2540 2277 usque
2570 2207 2636 2262 ad
2667 2208 2905 2277 seipsum
2937 2206 3135 2262 deferri
3162 2226 3175 2260 ;
3203 2206 3402 2259 caelum

1843 2310 1974 2351 vero
2014 2303 2298 2364 apertum,
2341 2303 2393 2350 et
2440 2297 2492 2349 in
2541 2310 2778 2350 convexa
2821 2295 2943 2349 calli
2989 2293 3279 2365 superﬁcie
3317 2289 3405 2346 Je-

1842 2400 1999 2449 sum,
2040 2387 2422 2440 assistentibus
2481 2386 2963 2440 innumerabilibus
3011 2384 3217 2453 angelis
3246 2424 3261 2447 ,
3307 2383 3404 2439 ho-

1841 2476 2045 2527 minum
2080 2474 2245 2544 ﬁgura
2272 2485 2326 2529 et
2358 2477 2555 2543 specie.
2605 2475 2781 2543 Atque
2812 2476 2924 2527 hare
2953 2473 3171 2543 quidem
3201 2488 3231 2525 a
3262 2474 3401 2527 cmlo

1840 2565 2013 2620 videri
2051 2580 2259 2620 summa
2308 2581 2432 2620 cum
2478 2581 2575 2622 sua
2622 2567 2998 2621 admiratione.
3045 2565 3180 2620 Cum
3222 2574 3401 2619 autem

1843 2652 1959 2724 ipse
1988 2654 2241 2709 deorsum
2270 2654 2458 2710 oculos
2488 2655 2884 2718 convertisset,
2916 2666 3143 2707 cernere
3171 2666 3229 2705 se
3257 2650 3402 2704 dice-
3441 2638 3450 2650 ’

1841 2743 1935 2800 bat
1961 2743 2123 2798 etiam
2154 2750 2354 2797 terram
2389 2742 2561 2812 ipsam
2601 2740 2676 2794 ita
2714 2740 3073 2802 discessisse,
3110 2746 3168 2791 ut
3207 2736 3403 2791 obscu—

1844 2847 1938 2887 rus
1967 2832 2187 2901 quidam
2224 2841 2279 2886 et
2317 2831 2696 2886 tenebricosus
2736 2830 2916 2884 hiatus
2954 2828 3218 2883 exsistere
3258 2826 3405 2880 vide-

1841 2931 2029 2980 retur:
2083 2930 2246 2991 atque
2300 2920 2547 2975 homines
2603 2919 2818 2989 quidem
2869 2919 2989 2973 illos
3030 2918 3226 2988 quibus
3266 2917 3405 2970 male

1843 3021 2096 3082 precatus
2142 3021 2318 3077 esset,
2366 3019 2492 3067 ante
2537 3026 2595 3066 se
2640 3011 2708 3065 ad
2754 3025 2816 3065 os
2860 3010 3046 3065 hiatus
3096 3020 3240 3065 stare
3294 3016 3406 3063 tre-

1843 3110 2053 3155 mentes
2083 3109 2136 3156 et
2165 3103 2426 3164 miseros,
2458 3110 2513 3157 et
2545 3103 2635 3170 qui
2675 3100 2785 3156 fere
2815 3116 2925 3169 prae
2955 3102 3149 3170 pedum
3182 3116 3404 3156 suorum

190 3214 388 3260 κοντας
418 3214 430 3226 ·
462 3199 589 3251 ποτὶ
619 3198 673 3250 δὲ
697 3199 807 3258 τοῖς
834 3194 1040 3247 ὀδοῦσιν
1061 3235 1073 3258 ,
1105 3195 1138 3264 ἢ
1168 3196 1285 3257 τοῖς
1335 3193 1576 3265 οὐραίοις
1612 3195 1746 3246 ὑπο-

1845 3188 2199 3245 in’stabilitate
2252 3189 2736 3259 demergerentur:
2797 3191 2865 3243 ab
2915 3191 3172 3244 inferiore
3218 3198 3402 3244 autem

180 3287 487 3356 τύφοντας,
516 3288 548 3357 ἢ
581 3285 1139 3356 ὑπογαργαλίζοντας,
1177 3285 1264 3338 καὶ
1304 3284 1389 3339 διὰ
1431 3285 1627 3350 παντὸς
1670 3287 1748 3350 είς

178 3378 247 3430 τὸ
310 3377 505 3446 ἀχανὲς
561 3376 814 3446 ἐμϐαλεῖν
871 3376 1288 3446 μηχανωμένους
1321 3392 1333 3404 ·
1362 3371 1497 3427 εἶναι
1547 3376 1604 3429 δέ
1658 3376 1749 3429 καὶ

179 3464 391 3536 ἄνδρας
419 3464 571 3527 τινὰς
601 3467 657 3517 ἐν
689 3464 834 3535 μέσῳ
854 3503 867 3527 ,
898 3466 1008 3526 τοῖς
1036 3462 1189 3530 ὄφεσι
1232 3462 1369 3515 κατά
1401 3462 1507 3514 τῶν
1542 3462 1749 3532 ἀνδρῶν

179 3555 723 3626 συντεπιτιθεμένους⁸
752 3553 1117 3616 διαδονοῦντας
1167 3553 1279 3623 ἅμα
1328 3554 1420 3605 καὶ
1472 3552 1748 3605 ὐπωθοῦν-

174 3663 284 3709 τας
346 3645 439 3698 καὶ
491 3644 903 3705 καταπαίοντας.
950 3642 1192 3695 Ἐδόκουν
1246 3642 1301 3695 δὲ
1341 3634 1475 3696 εἶναι
1523 3643 1657 3714 πρὸς
1689 3642 1749 3696 τὸ

178 3734 377 3784 πεσεῖν
422 3733 613 3783 ἐκεῖνοι
675 3732 743 3783 τά
809 3733 905 3801 μέν
963 3732 1223 3796 ἄκοντες,
1274 3731 1340 3784 τὰ
1390 3732 1445 3784 δὲ
1499 3733 1745 3795 ἑκόντες,

178 3821 297 3872 ὑπὸ
325 3818 418 3871 τοῦ
450 3820 614 3873 κακοῦ
659 3821 776 3874 κατ’
819 3820 992 3891 ὀλίγον
1022 3820 1324 3892 βιαζόμενοι
1359 3821 1472 3889 ἅμα
1511 3820 1602 3872 καὶ
1632 3837 1745 3874 πει-

178 3908 424 3977 Οόμενοι.

1845 3279 1964 3335 loco
2000 3295 2064 3335 ex
2102 3279 2253 3334 hiatu
2305 3295 2511 3351 angues
2561 3294 2778 3336 sursum
2830 3294 3079 3352 serpere,
3124 3286 3285 3350 atque
3333 3279 3397 3333 ad

1844 3386 2033 3427 eorum
2070 3372 2232 3442 pedes
2256 3412 2270 3437 ,
2318 3388 2441 3425 cum
2487 3374 2684 3427 sensim
2730 3381 3096 3435 moverentur,
3129 3371 3400 3427 interdum

1844 3462 2059 3533 quidem
2092 3463 2304 3517 trahere
2343 3465 2696 3532 complicatos
2726 3463 2887 3521 simul
2916 3470 2969 3517 et
2999 3462 3364 3531 deprimentes
3383 3503 3399 3527 ,

1846 3558 2009 3623 atque
2035 3551 2422 3619 detrahentes;
2456 3551 2725 3606 interdum
2770 3550 3026 3606 dentibus
3075 3560 3166 3605 aut
3207 3549 3397 3605 caudis

1846 3643 2227 3707 incendentes,
2285 3645 2367 3698 vel
2422 3644 2825 3699 demulcentes.
2877 3643 3131 3711 omnique
3188 3641 3397 3695 ratione

1845 3741 2105 3804 agentes,
2165 3745 2223 3787 ut
2274 3750 2368 3789 eos
2421 3735 2478 3788 in
2526 3735 2672 3787 illam
2719 3735 3038 3787 immensam
3087 3732 3395 3802 voraginem

1845 3824 2148 3893 praecipites
2206 3824 2439 3892 darent;
2498 3824 2667 3879 fuisse
2721 3824 2885 3878 etiam
2946 3824 3090 3879 viros
3134 3822 3397 3893 quosdam

1846 3914 1899 3968 in
1946 3916 2160 3980 modio,
2212 3918 2301 3986 qui
2355 3932 2460 3969 una
2509 3931 2629 3969 cum
2666 3914 3006 3984 serpentibus
3057 3914 3109 3966 in
3154 3906 3397 3969 homines

172 4009 311 4063 illos
361 4009 709 4078 invaderent,
755 4012 1146 4080 exagitatione,
1192 4012 1382 4082 pulsu,
1455 4024 1507 4068 et
1544 4018 1930 4097 percussione;
1989 4018 2131 4069 visos
2188 4028 2363 4069 autem
2424 4031 2541 4070 esse
2582 4018 2724 4075 viros
2765 4018 2884 4074 illos
2955 4020 3233 4084 decidere,
3273 4035 3393 4090 par-

173 4100 282 4153 tim
327 4100 561 4167 invitos,
601 4105 794 4173 partim
827 4113 1049 4173 sponte,
1093 4106 1235 4173 quod
1281 4121 1309 4158 a
1354 4108 1491 4160 malo
1522 4110 1721 4164 sensim
1750 4117 2084 4179 cogerentur.

261 4210 459 4277 Ἔλεγε
505 4212 559 4263 δε
607 4212 635 4261 ὀ
682 4211 904 4280 Κάρπος
955 4211 1142 4263 ἑαυτὸν
1185 4212 1399 4281 ἥδεσθαι
1444 4202 1591 4265 κάτω
1636 4205 1752 4279 βλέ-

179 4318 397 4353 πονταο
453 4299 559 4352 τῶν
604 4299 715 4352 ἀνω
742 4298 796 4351 δὲ
837 4299 1054 4369 ἀμελεῖν
1099 4315 1111 4327 ·
1154 4299 1522 4369 δυσχεραίνειν
1561 4297 1616 4349 δὲ
1660 4297 1750 4350 καὶ

173 4392 505 4462 ὀλιγωρεῖν,
536 4392 616 4443 ὅτι
670 4390 741 4461 μὴ
794 4390 1139 4443 πεπτώκασιν
1178 4390 1277 4459 ἤδη
1303 4430 1317 4453 ,
1364 4390 1454 4443 καὶ
1494 4388 1571 4458 τῷ
1614 4390 1749 4460 πρά-

170 4500 362 4553 γματι
401 4481 650 4545 πολλάκις
690 4481 1006 4551 ἐπιθέμενον
1050 4480 1141 4532 καὶ
1174 4479 1577 4549 ἀδυνατήσαντα
1601 4519 1615 4542 ,
1659 4479 1749 4532 καὶ
1773 4473 2083 4540 Dnondum

176 4570 523 4640 ἀχθεσθῆναι
584 4570 676 4623 καὶ
748 4569 1167 4640 ἐπαράσασθαι·
1230 4571 1321 4623 καὶ
1385 4570 1751 4625 ἀνανεύσαντα

179 4662 349 4730 μόλις
370 4702 385 4725 ,
421 4662 545 4714 ίδεῖν
576 4662 671 4730 μὲν
700 4656 851 4724 αὖθις
879 4664 968 4715 τὸν
994 4663 1218 4733 οὐρανὸν
1243 4703 1255 4727 ,
1286 4663 1471 4733 ὥσπερ
1502 4663 1593 4715 καὶ
1622 4663 1751 4734 πρό-

169 4770 351 4823 τερον
378 4753 627 4822 ἐωράκεν
659 4753 750 4804 τὸν
779 4753 833 4804 δέ
874 4752 1100 4823 Ἰησοῦν,
1132 4755 1427 4825 ἐλεήσαντα
1467 4753 1527 4805 τὸ
1572 4753 1752 4821 γιγνό-

175 4859 377 4915 μενον,
410 4842 763 4911 ἐξαναστῆναι
805 4842 899 4895 τοῦ
945 4845 1333 4916 ὑπερουρανίου
1384 4844 1606 4914 θρόνου,
1658 4843 1748 4897 καὶ

169 4935 295 4998 ἓως
325 4935 505 4989 αὐτῶν
550 4934 892 4997 καταϐάντα,
925 4935 1017 4986 καὶ
1055 4940 1210 5007 χεῖρα
1252 4935 1458 5005 ἀγαθὴν
1497 4934 1708 5004 ὀρέγειν
1730 4974 1745 4998 ,

170 5027 280 5079 καὶ
315 5028 442 5088 τοὺς
471 5027 730 5094 ἀγγέλους
756 5024 904 5096 αὑτῷ
935 5024 1575 5096 συνεπιλαμϐανομένους,
1594 5025 1748 5077 ἄλλον

166 5116 412 5169 ἄλλοθεν
469 5116 787 5186 ἀντέχεσθαι
837 5121 951 5171 τοῖν
1007 5116 1218 5187 ἀνδροῖν
1250 5133 1262 5146 ·
1298 5117 1390 5170 καὶ
1447 5117 1619 5168 εἰπεῖν
1672 5115 1749 5185 τῷ

164 5209 406 5279 Κάρπῳ
428 5207 519 5261 τὸν
560 5207 762 5276 Ἰησοῦν
782 5248 795 5269 ,
827 5208 926 5279 τῆς
955 5206 1133 5278 χειρὸς
1162 5208 1260 5277 ἤδη
1292 5206 1698 5278 προτεταμένης
1729 5223 1742 5236 ·

168 5316 193 5349 ε
238 5299 389 5352 Παῖε
419 5300 536 5353 κατ’
567 5299 699 5370 ἐμοῦ
731 5300 929 5353 λοιπόν·
961 5299 1171 5369 ἐτοιμος
1202 5300 1308 5369 γάρ
1333 5302 1443 5369 εἰμι
1488 5298 1579 5352 καὶ
1609 5297 1746 5367 ὑπὲρ

161 5388 491 5459 ἀνθρώπων
544 5389 967 5459 ἀνασωζομένων
1024 5389 1249 5452 παθεῖν,
1309 5390 1399 5441 καὶ
1451 5387 1741 5459 προσφιλές

163 5495 270 5552 μοι
299 5478 481 5543 τοῦτο,
504 5481 575 5552 μὴ
603 5479 774 5536 ἄλλων
801 5481 1216 5550 ἁμαρτανόντων
1245 5478 1339 5532 ἀνθ
1350 5479 1560 5549 ρώπων.
1594 5479 1740 5550 Πλὴν

156 5572 319 5641 ὅρα,
374 5570 422 5621 εί
470 5571 649 5635 καλῶς
699 5571 809 5645 ἔχει
852 5579 973 5633 σοι,
1006 5572 1106 5641 τὴν
1147 5574 1203 5624 ἐν
1248 5570 1325 5640 τῷ
1366 5570 1602 5639 χάσματι
1649 5571 1741 5623 καὶ

160 5660 328 5732 μετὰ
378 5658 487 5712 τῶν
536 5659 710 5727 ὄφεων
763 5662 928 5733 μονὴν
977 5659 1401 5725 ἀνταλλάξασθαι
1451 5661 1548 5730 τῆς
1606 5665 1741 5732 μετά

154 5754 319 5809 Θεοῦ
366 5753 460 5808 καὶ
483 5750 590 5806 τῶν
615 5753 829 5821 ἀγαθῶν
873 5756 963 5809 καὶ
991 5753 1378 5823 φιλανθρώπων
1422 5753 1681 5824 ἀγγέλων.
1718 5775 1728 5807 ›

1915 4211 2180 4267 Narrabat
2238 4229 2399 4284 porro
2456 4215 2665 4283 Carpus
2720 4232 2779 4271 se
2823 4219 3151 4286 voluptatem
3205 4233 3398 4287 capere

1847 4304 2064 4359 solitum
2089 4341 2102 4365 ,
2141 4318 2262 4357 cum
2308 4303 2566 4358 inferiora
2611 4304 2916 4372 aspiceret,
2960 4303 3240 4372 superiora
3271 4319 3398 4360 vero

1846 4396 2116 4465 negligere
2143 4413 2154 4447 :
2190 4397 2423 4463 graviter
2454 4403 2634 4449 autem
2668 4394 2806 4449 ferre
2831 4405 2883 4447 et
2914 4394 3183 4463 indignari
3205 4433 3219 4457 ,
3249 4394 3396 4463 quod

2216 4479 2591 4542 decidissent;
2754 4493 2919 4553 atque
2987 4485 3041 4538 in
3100 4484 3239 4538 hanc
3283 4500 3395 4539 rem

1844 4593 1969 4632 cum
2014 4591 2155 4646 saepe
2201 4574 2571 4640 incubuisset,
2606 4590 2704 4629 nec
2732 4575 3085 4645 profecisset,
3117 4583 3171 4630 et
3208 4575 3403 4630 acerbe

1842 4669 2062 4727 tulisse.
2105 4675 2159 4721 et
2197 4666 2337 4721 male
2374 4659 2651 4734 precatum
2692 4683 2850 4733 esse;
2892 4683 3013 4722 cum
3056 4669 3141 4721 vix
3183 4668 3398 4722 tandem

1841 4758 2037 4812 caelum
2072 4758 2402 4826 aspexisset,
2435 4758 2637 4812 vidisse
2685 4758 2903 4826 quidem
2952 4759 3084 4813 illud
3134 4773 3347 4815 rursum
3380 4797 3396 4820 ,

1841 4847 2290 4919 quemadmodum
2322 4848 2484 4900 etiam
2521 4853 2677 4901 antea
2709 4846 2951 4913 viderat;
2983 4845 3164 4902 Jesum
3196 4846 3395 4907 autem,

1842 4953 2002 5007 quem
2034 4938 2100 4993 ad
2126 4936 2555 4992 miscricordiam
2585 4935 2637 4991 id
2665 4937 2807 5007 quod
2839 4940 3123 5007 gerebatur
3157 4952 3397 4992 commo-

1842 5028 2043 5090 visset,
2092 5042 2310 5081 manum
2351 5027 2638 5097 benignam
2680 5029 3125 5098 porrexisse,.et
3175 5029 3394 5097 angelos

1841 5121 1929 5189 qui
1960 5132 2063 5173 una
2096 5119 2352 5174 auxilium
2385 5119 2615 5183 terrent,
2647 5120 2794 5174 viros
2825 5120 2988 5173 alium
3017 5118 3121 5172 alia
3150 5132 3215 5173 ex
3244 5126 3396 5189 parte

1841 5209 2160 5274 retinuisse,
2189 5209 2496 5277 dixisseque
2521 5209 2696 5279 Carpo
2726 5207 2909 5264 Iesum
2943 5220 3190 5279 porrecta
3218 5211 3391 5263 adhuc

1841 5314 2000 5353 manu
2039 5316 2052 5352 :
2090 5317 2108 5349 ι
2138 5297 2257 5352 Feri
2289 5314 2373 5355 me
2394 5301 2541 5368 jam;
2585 5309 2805 5371 paratus
2830 5317 2948 5357 sum
2974 5302 3114 5357 enim
3147 5316 3388 5364 rursum,

1838 5390 2025 5447 salutis
2068 5388 2348 5443 hominum
2390 5406 2576 5455 causa,
2610 5400 2834 5448 mortem
2865 5391 3106 5460 perpeti:
3151 5393 3390 5463 mihique

1840 5480 1941 5535 hoc
1970 5486 2278 5549 pergratum
2309 5490 2425 5543 est,
2457 5481 2583 5534 dum
2608 5481 2699 5534 alii
2723 5480 2972 5535 homines
2999 5496 3107 5535 non
3138 5494 3384 5551 peccent.

1839 5569 1944 5622 Sed
1974 5568 2096 5622 vide
2117 5608 2130 5632 ,
2165 5586 2296 5624 num
2328 5571 2421 5629 tibi
2456 5571 2582 5624 utile
2613 5570 2683 5625 sit
2711 5570 2853 5625 hanc
2885 5574 2937 5625 in
2972 5573 3120 5627 hiatu
3158 5583 3212 5627 et
3261 5587 3384 5626 cum

1837 5650 2184 5728 serpentibus
2220 5662 2584 5724 mansionem,
2618 5662 2885 5716 mansioni
2915 5678 3037 5716 cum
3071 5661 3179 5717 Deo
3208 5670 3262 5717 et
3292 5662 3385 5720 be-

1839 5747 2414 5821 nignishominumque
2434 5752 2737 5808 amantibus
2755 5753 2958 5824 angelis
2986 5760 3333 5824 anteponere.
3365 5778 3381 5809 ι
