4178 6316
793 386 928 448 1043

2038 381 2326 442 MENSIS
2373 381 2738 444 OCTOBER.

3897 371 4032 437 1044

811 487 934 540 Haec
1003 498 1127 542 sunt
1188 506 1304 558 qua:
1364 506 1462 560 ego
1529 493 1748 556 audita,
1814 506 1940 547 vera
1999 508 2118 548 esse
2171 494 2334 548 credo

2464 494 2636 547 Ταῦτά
2670 495 2814 544 ὲστιν
2842 487 2876 542 ἂ
2922 487 3030 554 ἐγὼ
3074 483 3322 553 ἀκηκοὼς
3365 483 3599 534 πιστεύω
3637 476 3811 548 ἀληθῆ
3855 473 4009 528 εἶναι.

880 577 1168 646 Dionysius
1196 579 1372 647 itaque
1397 582 1447 633 in
1482 581 1641 634 rebus
1663 583 1912 636 omnibus
1945 591 2060 637 erat
2090 582 2223 637 adeo
2254 584 2355 636 mi-

808 672 898 732 tis,
937 672 1267 733 misericors,
1301 679 1354 724 et
1379 672 1541 725 abira
1572 673 1802 735 alienus,
1833 684 1888 727 ut
1910 690 2017 742 quo
2046 674 2205 727 altior
2232 688 2357 726 eva—

806 762 966 816 debat
997 762 1173 825 lactis,
1201 779 1265 816 eo
1299 780 1356 816 se
1391 765 1562 831 magis
1610 766 1870 818 modestia
1913 766 2237 830 demitteret,
2267 779 2354 818 re-

805 853 925 922 gula
958 852 1131 906 factus
1161 855 1414 908 omnibus
1468 856 1531 908 ad
1581 865 1881 917 veritatem,
1935 863 1988 909 et
2038 857 2257 909 lucerna
2289 855 2357 907 ad

804 944 1175 1000 deducendum
1223 947 1289 1000 ad
1335 949 1385 1000 id
1418 948 1558 1015 quod
1601 955 1684 1001 est
1720 948 1930 1000 melius.
1963 947 2226 1012 Quocirca
2261 962 2358 1000 nec

804 1052 920 1089 eam
953 1039 1209 1092 abscondi
1240 1040 1342 1092 sub
1374 1038 1554 1094 modio
1580 1038 1790 1101 sivitis,
1824 1038 1914 1106 qui
1946 1046 2028 1090 est
2079 1039 2226 1091 solus
2261 1053 2355 1089 au-

805 1137 923 1180 ctor
950 1133 1189 1183 omnium
1218 1151 1229 1184 :
1268 1132 1360 1185 sed
1391 1133 1444 1183 in
1476 1132 1585 1183 alto
1617 1131 1765 1198 ponit
1817 1147 1910 1198 per
1966 1131 2213 1182 virtutem
2242 1149 2254 1182 :
2306 1136 2358 1182 et

805 1219 943 1272 fama
965 1223 1212 1289 protinus
1239 1221 1562 1288 pervadens,
1594 1222 1890 1274 cauebatur
1906 1221 1959 1272 in
1979 1235 2071 1272 ore
2092 1220 2354 1280 omnium,

804 1309 857 1361 in
887 1311 1141 1365 omnibus
1171 1327 1364 1364 omnes
1395 1312 1611 1364 vincere
1654 1310 1994 1380 Dionysium.
2045 1309 2212 1362 Porro
2261 1325 2358 1361 au-

804 1413 908 1454 tem
937 1418 1128 1456 omnes
1155 1403 1358 1456 adeum
1385 1403 1754 1466 conﬂuebant,
1788 1419 1894 1456 non
1925 1404 2098 1456 solum
2137 1403 2358 1471 popula-

804 1508 890 1545 res
918 1502 969 1546 et
1001 1493 1263 1557 forenses,
1294 1495 1386 1548 sed
1409 1495 1500 1563 qui
1524 1502 1680 1548 erant
1702 1495 1901 1548 eruditi
1923 1502 1975 1548 et
2007 1494 2277 1561 insignes:
2305 1500 2357 1545 et

803 1585 892 1652 qui
924 1585 1075 1652 prius
1102 1585 1421 1638 laborabant
1453 1584 1686 1646 insania,
1717 1591 1769 1637 et
1793 1584 1923 1638 feris
1967 1582 2240 1640 crudelius
2281 1583 2358 1633 la-

803 1677 1059 1729 cerabant
1083 1674 1402 1741 Ecclesiam,
1435 1676 1501 1729 ad
1546 1677 1697 1729 illum
1732 1680 1904 1729 virum
1959 1676 2234 1729 venientes
2259 1715 2273 1736 ,
2303 1681 2359 1727 et

806 1767 1178 1820 admirabilem
1230 1768 1376 1820 illam
1431 1775 1485 1820 et
1513 1768 1751 1821 divinam
1784 1767 2018 1836 linguam
2051 1767 2352 1827 audientes,

2523 581 2678 635 Οὖτω
2700 581 2768 632 τὰ
2793 580 2967 632 πάντα
2985 580 3152 647 πρᾶος
3171 574 3236 646 ἦν
3265 577 3355 628 καὶ
3381 572 3661 643 συμπαθὴς
3693 573 3788 623 καὶ
3819 569 4015 638 ἀόργη-

2454 672 2672 740 τος,ὅσῳ
2689 674 2797 734 τοῖς
2822 669 2998 740 ἔργοις
3018 667 3233 735 stos—.0,
3249 665 3481 733 τοσούτῳ
3606 664 3907 730 φρονήματι
3932 675 4015 709 τα-

2458 763 2836 833 πεινούμενος·
2871 757 3048 812 κανὼν
3074 761 3182 819 τοῖς
3225 759 3356 809 πᾶσι
3401 756 3532 825 πρὸς
3565 754 3793 823 ἀρετὴν·
3829 750 4016 817 λύχνος

2454 854 2533 914 εἰς
2572 851 2788 921 ὁδηγίαν
2831 849 2924 902 τοῦ
2971 848 3293 919 κρείττονος.
3325 846 3447 897 Δι”ὃ
3487 844 3618 914 μηδὲ
3656 842 3764 893 ὑπὸ
3791 840 3883 891 τὸν
3922 842 4014 908 μό-

2452 942 2560 994 διον
2607 943 2633 992 ὁ
2674 941 2779 993 τῶν
2812 940 3060 992 ἁπάντων
3109 935 3277 996 αἴτιος
3313 936 3466 1005 μόνος
3501 930 3838 1003 κρύπτεσθαι
3877 945 4018 979 συντ·

2455 1049 2726 1103 χωρησενο
2761 1032 2872 1084 ἀλλ’
2916 1033 2997 1099 ἐφ’
3019 1027 3221 1098 ὑψηλοῦ
3247 1027 3312 1079 δι’
3358 1025 3556 1094 ἀρετῆς
3604 1022 3817 1091 τίθησι·
3859 1020 3953 1072 κα.)⁵
3984 1020 4018 1087 ἡ

2454 1126 2628 1193 φήμη,
2651 1123 2850 1184 εὐθέως
2871 1121 3125 1183 λαϐοῦσα,
3156 1120 3241 1171 διὰ
3267 1117 3479 1170 πάντων
3510 1113 3602 1186 ᾖδε
3639 1111 4018 1182 στομάτων,ὲν

2454 1216 2584 1265 πᾶσι
2623 1213 2835 1264 πάντων
2875 1213 3090 1280 κρατεῖν
3113 1209 3402 1262 Διονύσιον.
3434 1207 3540 1257 Καὶ
3573 1204 3636 1272 δὴ
3661 1203 3799 1264 πρὸς
3834 1200 4022 1252 τοῦτον

2455 1303 2652 1364 πάντες
2683 1301 2969 1371 ἐπέρρεον·
2996 1301 3054 1351 οὐ
3082 1301 3141 1352 τὸ
3169 1298 3413 1368 δημῶδες
3437 1297 3592 1366 μόνον
3620 1296 3710 1346 καὶ
3742 1295 4022 1361 ἀγοραῖον,

2456 1393 2567 1447 ἀλλ’
2602 1394 2722 1444 ὅσον
2750 1393 2843 1444 καὶ
2870 1391 2977 1443 τῶν
3011 1389 3304 1458 ἐλλογίμων
3327 1385 3392 1458 ἦν
3415 1389 3508 1438 καὶ
3530 1384 3808 1451 ἐπιφανῶν
3828 1400 3840 1410 ·
3881 1382 3937 1433 οἵ
3965 1397 4022 1432 τε

2459 1484 2716 1554 πρότερον
2737 1485 2800 1551 τῇ
2828 1482 2990 1551 μανίᾳ
3019 1481 3458 1549 κατειλημμένοι,
3487 1476 3579 1528 καὶ⁵
3603 1474 3785 1545 θηρῶν
3818 1474 4026 1542 ὠμότε-

2461 1589 2548 1639 ρον
2574 1572 2668 1641 τὴν
2720 1571 3038 1638 Ἐκκλησίαν
3072 1571 3487 1640 σπαράττοντες,
3512 1567 3595 1630 ὡς’
3609 1569 3698 1619 τὸν
3745 1567 3917 1637 ἄνδρα
3940 1583 4023 1632 γι-

2456 1663 2686 1731 νόμενοι,
2715 1663 2806 1713 καὶ
2833 1663 2927 1730 τῆς
2951 1660 3262 1730 θαυμαστῆς
3292 1659 3501 1725 ἐκείνης
3537 1658 3626 1708 καὶ
3650 1657 3802 1718 θείας
3854 1657 4025 1723 γλώτ-

2455 1771 2552 1822 της
2580 1755 2882 1813 ἀκούοντες,
2914 1752 3049 1802 τότε
3093 1751 3200 1803 τῶν
3241 1751 3474 1821 καρδιῶν
3521 1748 3750 1818 σκληρὸν
3791 1749 4025 1816 ἐμαλατ-

805 1859 987 1910 cordis
1017 1858 1101 1912 sui
1133 1859 1448 1911 molliebant
1469 1859 1750 1920 duritiam,
1781 1867 1832 1910 et
1855 1857 1920 1910 ad
1953 1873 2131 1911 veram
2163 1867 2215 1910 et
2250 1857 2356 1925 pri-

2464 1860 2626 1904 τοντο,
2658 1843 2750 1894 καὶ
2789 1842 2867 1910 τῷ
2912 1840 3148 1911 ἀληθινῷ
3181 1841 3271 1891 καὶ
3309 1838 3508 1908 πρώτῳ
3544 1839 3678 1904 φωτὶ
3715 1838 4025 1907 προσῄεσαν

804 1963 944 1999 mam
976 1950 1149 2001 lueem
1175 1949 1508 2001 accedebant
1560 1964 1657 2016 per
1687 1948 1989 2017 baptisma;
2042 1963 2149 2016 quo
2189 1949 2360 2016 magis

802 2048 957 2093 erant
981 2039 1294 2092 inﬂammati
1327 2042 1391 2094 ad
1434 2042 1645 2104 vitium,
1665 2057 1730 2098 eo
1761 2041 2141 2095 ferventiorem
2171 2047 2356 2093 osten-

801 2130 989 2183 dentes
1035 2132 1502 2186 ehristianismum
1526 2173 1541 2194 ,
1573 2142 1624 2186 et
1656 2132 1721 2185 ad
1756 2147 2022 2186 summam
2048 2171 2060 2193 ,
2094 2131 2224 2182 nihil
2246 2136 2355 2182 tam

801 2229 915 2273 erat
937 2221 989 2272 in
1012 2236 1106 2273 ore
1133 2223 1397 2284 omnium,
1417 2238 1576 2290 quam
1601 2222 1909 2292 Dionysius.
1939 2223 2072 2275 Cum
2099 2238 2224 2291 ergo
2247 2223 2359 2276 haec

801 2313 945 2366 fama
973 2314 1051 2367 sic
1074 2314 1412 2382 pervaderet,
1447 2315 1697 2368 doctrina
1738 2323 1915 2368 autem
1949 2315 2284 2378 dilataretur,
2309 2325 2360 2369 et

802 2404 934 2459 ﬁdes
986 2406 1401 2460 conﬁrmaretur
1454 2407 1759 2462 evidentius
1785 2449 1798 2470 ,
1844 2422 1932 2461 res
1964 2407 2141 2460 delata
2181 2406 2357 2460 estad

801 2496 1187 2560 Domitianum,
1230 2497 1294 2550 ad
1327 2498 1683 2552 saevissimum
1724 2499 1939 2566 inquam
1973 2496 2355 2559 Domitianum,

801 2589 883 2640 vel
910 2597 966 2639 ut
993 2588 1162 2656 magis
1189 2589 1409 2656 proprie
1437 2588 1636 2646 dicam.
1667 2587 2094 2648 Dannonianum,
2119 2588 2208 2655 qui
2230 2602 2369 2644 ςοιιο,

801 2693 882 2733 tra
915 2679 1079 2733 Deum
1114 2681 1328 2733 locutus
1361 2679 1462 2732 fuit
1502 2679 1843 2747 iniquitatem
1898 2677 1952 2729 in
2010 2677 2261 2745 superbia
2309 2683 2361 2730 et

801 2772 1220 2840 contemptione,
1256 2783 1309 2825 et
1334 2787 1552 2824 manum
1592 2769 1702 2824 Deo
1734 2771 2008 2824 inimicam
2039 2768 2360 2823 exlulit'atl-

802 2877 992 2917 versus
1017 2862 1172 2916 Iidem
1215 2863 1661 2916 christianorum.
1699 2860 1795 2913 llic
1819 2875 1947 2929 ergo
1977 2860 2102 2927 quid
2155 2860 2360 2912 machi-

803 2955 1000 3008 natur?
1024 2956 1102 3008 vel
1128 2955 1308 3022 potius
1337 2954 1466 3022 quid
1499 2954 1724 3007 docetur
1747 2969 1774 3004 a
1809 2962 1960 3021 patre
1997 2967 2095 3005 suo
2121 2951 2362 3004 Satana?

803 3045 1002 3100 Omnes
1024 3047 1240 3114 quidem
1278 3046 1394 3116 qui,
1432 3061 1549 3114 quae
1571 3045 1853 3100 christiani
1890 3045 2148 3104 sentiunt,
2181 3044 2362 3114 despi-

803 3150 960 3203 cere;
1003 3115 1317 3209 Dionysium
1351 3145 1530 3192 autem
1586 3138 1758 3192 solum
1813 3136 1879 3190 de
1932 3136 2107 3189 medio
2139 3137 2357 3200 tollere;

2465 3137 2498 3187 φ
2509 3115 2658 3189 ρονοῦ
2669 3133 2769 3178 σιν,

801 3229 905 3285 hoc
940 3230 1140 3292 sciens,
1168 3230 1313 3298 quod
1347 3231 1391 3284 si
1435 3245 1556 3284 eum
1619 3231 1793 3283 solum
1849 3228 2058 3288 vicet-it,
2110 3228 2362 3284 omnibus

805 3322 967 3376 fuerit
1083 3316 1330 3388 superior
1361 3333 1376 3385 ;
1490 3321 1572 3374 sin
1599 3319 1801 3380 minus,
1831 3332 2018 3371 omnes
2046 3315 2160 3369 fore
2185 3314 2362 3368 Domi-

805 3415 953 3467 tiano
976 3413 1248 3467 fortiores.
1283 3411 1578 3482 Postquam
1604 3419 1782 3464 autem
1811 3411 1926 3463 haec
1950 3416 2127 3463 mente
2161 3408 2362 3476 agitas-

803 3513 906 3567 set,
943 3519 1064 3556 eum
1098 3504 1298 3556 excitat
1325 3503 1402 3554 ira
1437 3501 1702 3555 adversus
1728 3508 2041 3568 martyrem,
2067 3508 2121 3552 et
2165 3499 2363 3550 furoris

806 3610 1057 3665 qumrens
1077 3595 1553 3655 medicamentum,
1583 3592 1787 3644 nullum
1820 3588 1964 3642 aliud
1984 3589 2204 3653 invenit,
2231 3603 2366 3658 prae-

806 3696 886 3741 ter
915 3686 1032 3752 ejus
1058 3695 1303 3738 mortem.
1339 3684 1471 3736 Cum
1509 3685 1688 3753 itaque
1725 3696 1935 3742 omnes,
1977 3680 2070 3748 qui
2103 3680 2220 3747 ejus
2264 3680 2362 3732 im-

807 3778 956 3848 perio
996 3777 1272 3846 parebant,
1313 3782 1716 3844 congregasset,
1750 3786 1952 3839 eosque
1983 3771 2365 3839 assumpsisset

805 3870 895 3938 qui
929 3877 1082 3920 erant
1114 3867 1162 3921 ei
1189 3866 1425 3918 amentia
1465 3863 1692 3924 similes,
1725 3861 1889 3914 mittit
1915 3859 1980 3912 ad
2020 3861 2363 3930 quaerendum

807 3966 1120 4028 martyrem.
1157 3974 1173 4005 ι
1205 3954 1288 4017 Εῑ,
1310 3953 1353 4008 si
1383 3953 1432 4006 ei
1452 3951 1693 4021 quidem,
1734 3951 1928 4019 inquit,
1959 3949 2361 4019 persuaseritis,

808 4057 866 4102 ut
893 4047 956 4100 ad
989 4056 1230 4101 nostram
1255 4047 1569 4098 traducatur
1593 4042 1927 4112 religionem,
1962 4041 2064 4095 hoc
2086 4049 2188 4102 est,
2216 4040 2360 4109 quod

807 4141 1089 4195 desidero:
1128 4152 1361 4204 cumque
1414 4150 1537 4189 eum
1592 4133 1912 4203 acceperitis
1944 4132 2246 4193 vobiscum,
2285 4146 2368 4183 re-

807 4230 1100 4285 vertimini.
1134 4227 1230 4281 Sin
1259 4237 1438 4280 autem
1476 4226 1654 4278 adhuc
1687 4223 2046 4292 permanserit
2097 4222 2151 4274 in
2205 4221 2366 4288 impia

810 4323 1088 4390 religione,
1121 4335 1244 4374 eum
1275 4325 1446 4372 morte
1475 4315 1852 4372 condemnata.
1897 4333 1914 4363 ι

880 4414 959 4466 Illi
983 4420 1163 4466 autem
1200 4426 1321 4464 cum
1357 4409 1470 4463 haec
1497 4407 1799 4461 audiissent
1825 4406 1892 4459 ab
1936 4404 2282 4474 imperatore,
2317 4412 2371 4460 et

2457 1934 2542 1986 διὰ
2564 1933 2655 1984 τοῦ
2687 1934 3085 2002 βαπτίσματος·
3124 1933 3235 2000 ὅσῳ
3290 1931 3450 1982 πλέον
3509 1930 3615 1980 τῶν
3673 1929 3852 1980 ἄλλων
3894 1929 4027 1997 πρὸς

2459 2026 2652 2077 κακίαν
2675 2023 3260 2093 πρώηνὲιρλέγμαινον,
3285 2021 3520 2090 τοσούτῳ
3550 2019 3739 2083 ζέοντα
3767 2019 3864 2070 τὸν
3899 2021 4028 2088 Χρι-

2457 2116 2768 2184 στιανισμδν
2791 2113 3212 2183 ἐνδεικνύμενοι·
3243 2114 3335 2164 καὶ
3372 2111 3505 2171 ὅλως
3529 2110 3679 2163 οὐδὲν
3706 2106 3883 2168 οὕτως
3929 2109 4029 2159 ἀνὰ

2460 2208 2630 2276 στόμα
2660 2209 2770 2268 τοῖς
2802 2207 2979 2265 πᾶσιν,
3009 2205 3090 2256 ὅτι
3126 2204 3197 2272 μὴ
3230 2199 3604 2272 Διονύσιοςῆν.
3650 2201 3737 2263 Ὠς
3763 2196 3858 2252 οὖν
3889 2198 4031 2250 οὑτω

2457 2299 2648 2360 ταῦτα,
2685 2299 2776 2349 καὶ
2808 2297 3014 2366 ήφήμη
3041 2294 3333 2363 διέτρεχεν,
3365 2293 3733 2363 ήδιδασγαλία
3767 2309 3828 2342 τε
3866 2290 4030 2342 551:1:-

2457 2388 2659 2451 τύνετο,
2717 2391 2810 2440 καὶ
2838 2389 2871 2456 ἡ
2920 2387 3100 2446 πίστις
3159 2378 3466 2436 ἐϐεϐαιοῦτο
3533 2383 3863 2450 τρανότερον
3894 2419 3908 2440 ,
3955 2381 4028 2439 είς

2457 2479 2623 2542 ἀκοὰς
2667 2476 2788 2548 ἣκει
2839 2477 2902 2528 τὸ
2937 2479 3162 2546 πρᾶγμα
3199 2472 3534 2544 Δομετιανῷ,
3587 2469 3909 2540 Δομετιανῷ

2460 2575 2634 2622 πάντα
2665 2568 2847 2638 δεινῷ·
2866 2565 3200 2634 Δαιμονιανῷ
3227 2565 3283 2614 δὲ
3314 2562 3509 2633 μᾶλλον
3549 2563 3721 2613 εἰπεῖν
3775 2559 4031 2611 οἰκειότε-

2461 2680 2573 2737 ρον,
2599 2661 2676 2731 τῷ
2696 2660 2984 2730 λαλήσαντι
3014 2656 3152 2709 κατὰ
3176 2655 3268 2707 τοῦ
3289 2655 3424 2707 Θεοῦ
3455 2654 3687 2714 ἀδικίαν,
3723 2654 3784 2704 ἐν
3822 2653 3927 2702 ὑπε
3939 2667 4028 2720 ρη-

2461 2755 2625 2830 φανία
2651 2755 2741 2806 καὶ
2769 2748 3132 2814 ὲξουδενώσει,
3159 2749 3428 2816 καιχεῖρα
3456 2745 3724 2813 θεομαχον
3764 2743 3912 2793 κατὰ
3939 2743 4029 2810 τῆς

2458 2843 2566 2895 τῶν
2591 2829 2930 2912 Χριστιανῶν
2970 2839 3158 2907 ἄραντι
3207 2837 3458 2896 πίστεως.
3503 2831 3669 2894 Οὗτος
3710 2829 3808 2884 οὖν
3844 2833 3897 2882 τί
3937 2850 4032 2899 μγ,-

2461 2936 2706 3005 χανᾶται,
2735 2931 2929 3001 μᾶλλον
2955 2929 3012 2981 δὲ
3039 2929 3090 2979 τί
3123 2927 3272 2996 παρὰ
3301 2926 3392 2978 τοῦ
3422 2925 3622 2994 πατρὸς
3651 2921 3823 2974 αὑτοῦ
3855 2923 4028 2973 ΣατΞν

2462 3021 3113 3084 έκπαιδεύεταιςπάντων
3158 3019 3252 3087 μὲν
3287 3017 3393 3067 τῶν
3435 3018 3545 3067 ὅσοι
3585 3014 3652 3066 τὰ
3691 3012 4031 3083 Χριστιανῶν

2820 3111 3110 3182 ὑπεριδεῖν,
3141 3109 3410 3161 Διονύσιον
3451 3107 3508 3159 δὲ
3561 3105 3720 3174 μόνον
3752 3104 3934 3164 ἑλεῖν,
3975 3099 4026 3154 εὖ

2464 3209 2636 3269 εἰδὼς,
2659 3207 2752 3267 ὡς,
2777 3206 2824 3256 εί
2850 3202 3039 3256 τούτου
3059 3218 3123 3252 πε
3134 3201 3407 3270 ριγένηται
3434 3197 3612 3267 μόνου,
3636 3196 3860 3248 πάντων
3885 3196 4029 3246 ἔσται

2465 3302 2770 3371 κρατήσαςο
2812 3295 2859 3345 εί
2884 3295 2938 3344 δὲ
2972 3292 3044 3362 μὴ
3071 3292 3280 3351 τούτου,
3305 3288 3624 3358 Δομετιανοῦ
3649 3288 3853 3347 πάντες
3891 3287 4033 3352 στερ-

2467 3392 2691 3461 ῥότεροι,
2737 3387 2887 3440 Ἐπεὶ
2910 3385 2966 3438 δὲ
2996 3382 3167 3436 ταῦτα
3189 3382 3409 3443 ἐνενόει,
3437 3381 3464 3430 ὁ
3488 3379 3658 3447 θυμὸς
3695 3377 3862 3428 αὑτὸν
3895 3375 4032 3441 ἐγεί-

2466 3501 2548 3557 ρει
2577 3481 2717 3535 κατὰ
2746 3479 2838 3532 τοῦ
2875 3478 3164 3547 μάρτυρος,
3194 3474 3286 3525 καὶ
3314 3472 3489 3541 ζητῶν
3521 3472 3617 3540 τῆς
3651 3467 3852 3538 μανίας
3881 3467 4034 3534 ἴαμα,

2465 3570 2620 3623 τοῦτο
2645 3571 2798 3640 μόνον
2829 3570 3086 3638 εὑρίσκει,
3116 3563 3204 3615 τὸν
3231 3561 3392 3616 αὑτοῦ
3419 3563 3666 3614 θάνατον.
3700 3559 3923 3628 Ἀμέλει
3947 3559 4036 3608 καὶ

2469 3666 2672 3724 πάντας
2694 3663 2818 3723 τοὺς
2847 3661 2950 3713 ὑπὸ
3006 3662 3161 3729 χεῖρα
3213 3654 3547 3722 συναγαγὼν.
3571 3653 3697 3713 τοὺς
3733 3649 4030 3718 ἀπηνεστὲ-

2472 3773 2593 3827 ρους
2618 3770 2674 3804 τε
2703 3754 2795 3804 καὶ
2824 3751 3063 3808 ἐοικότας
3086 3747 3232 3815 αὑτῷ
3254 3746 3349 3814 τὴν
3397 3743 3654 3796 ἀπόνοιαν
3679 3738 4035 3810 παραλαϐὼν,

2470 3846 2611 3901 κατὰ
2640 3844 2860 3917 ζήτησιν
2890 3841 3159 3910 ἐκπέμπει
3188 3837 3280 3889 τοῦ
3314 3836 3605 3906 μάρτυρος,
3637 3834 3752 3893 καὶ,
3791 3851 3808 3880 ι
3850 3831 3912 3882 ΕΞ
3947 3831 4037 3897 μὲν

2468 3941 2545 4010 τῷ
2572 3938 2818 4010 ἡμετέρῳ
2836 3935 3038 3997 τοῦτον,
3070 3933 3220 4002 φησὶ,
3248 3925 3570 3999 μεταθέσθαι
3597 3924 3907 3991 σεδάσματι
3929 3920 4038 3970 πεί-

2473 4049 2611 4092 σετε,
2643 4030 2782 4082 τοῦτ’
2815 4028 2935 4097 ἐμοὶ
2963 4025 3022 4076 τὸ
3052 4023 3380 4092 ποθούμενον
3402 4059 3414 4081 ,
3447 4018 3540 4070 καὶ
3580 4013 3843 4074 λαῦοντες
3885 4010 4039 4063 αὐτὴν

2476 4125 2588 4195 μεθ’
2621 4121 2845 4181 ἑαυτῶν,
2877 4115 3245 4187 ἀναστρέψατε
3264 4131 3278 4143 ο
3298 4115 3346 4165 εἰ
3375 4112 3429 4164 δὲ
3450 4110 3527 4162 ἔτι
3545 4112 3609 4178 τῇ
3639 4104 3897 4159 δυσσεϐεῖ
3927 4108 4039 4156 ἑπι-

2476 4216 2648 4287 μένων
2678 4215 2761 4285 εἴη
2793 4211 3076 4284 θρησκείᾳ,
3106 4208 3332 4268 θάνατον
3363 4202 3524 4257 αὑτοῦ
3557 4201 3947 4270 κατακρίνατε.
3984 4216 4002 4245 ι

2540 4406 2706 4464 orae,
2737 4404 2891 4456 τοῦτο
2920 4398 3069 4470 παρὰ
3095 4397 3188 4450 τοῦ
3223 4394 3544 4468 κρατοῦντος
3576 4392 3934 4450 ἀκούσαντες,
3978 4391 4038 4454 τῇ

815 4491 997 4559 furore
1031 4504 1484 4563 accenderentur,
1538 4499 1629 4567 qui
1658 4499 1709 4550 in
1740 4499 1819 4551 eis
1858 4497 2154 4559 habitabat,
2205 4505 2257 4551 et
2304 4497 2368 4550 ad

2475 4516 2532 4552 τε
2563 4499 2792 4565 συνοίκῳ
2817 4495 2979 4564 μανίᾳ
3030 4490 3445 4559 ὑποτυφόμενοι,
3478 4487 3570 4537 καὶ
3608 4483 3933 4552 δραστήριοι
3972 4481 4044 4547 τῷ

812 4614 898 4653 res
932 4597 1198 4668 gerendas
1229 4609 1384 4647 acres
1434 4591 1607 4646 videri
1654 4591 1858 4664 _vc|lent
1917 4589 1964 4643 ei
2000 4589 2092 4657 qui
2126 4590 2369 4654 miserat,

810 4700 1099 4759 postquam
1131 4691 1400 4739 venerunt
1435 4684 1486 4737 in
1521 4681 1748 4737 Galliam
1779 4691 2038 4751 tanquam
2071 4681 2196 4735 ferae
2228 4697 2364 4751 qua:-

811 4782 932 4835 dam
967 4781 1216 4832 irruunt:
1257 4786 1309 4830 et
1339 4792 1462 4830 cum
1498 4791 1737 4836 omnem,
1770 4791 1889 4842 quae
1921 4773 2070 4828 circa
2103 4774 2208 4827 sita
2236 4783 2371 4839 erat,

812 4871 1230 4925 conturbassent
1258 4869 1557 4936 regionem,
1591 4876 1952 4934 corrumpunt
1991 4865 2371 4940 simpliciores,

814 4971 871 5016 ut
904 4963 1162 5016 docerent
1195 4961 1413 5014 ubinam
1457 4959 1650 5013 beatus
1695 4956 1987 5026 Dionysius
2041 4968 2371 5010 versaretur.

812 5054 1106 5122 Postquam
1130 5061 1308 5106 autem
1335 5051 1627 5104 audierunt
1676 5063 1799 5103 eum
1835 5049 2040 5102 versari
2075 5050 2126 5101 in
2159 5050 2376 5104 civitate

813 5145 1175 5203 Parisiormn,
1210 5143 1441 5197 necdum
1474 5158 1586 5196 rem
1612 5152 1780 5194 totam
1811 5139 2095 5194 audierant
2117 5155 2239 5192 cum
2269 5141 2378 5196 illic

813 5239 1031 5293 adsunt.
1074 5236 1279 5291 Deinde
1331 5241 1712 5304 percantantes
1748 5233 1814 5286 de
1861 5233 2021 5286 rebus
2051 5231 2377 5285 christiano-

814 5345 957 5392 rum,
982 5329 1265 5382 inveniunt
1299 5326 1422 5381 ﬁdei
1448 5326 1752 5379 doctrinam
1785 5340 1906 5379 esse
1951 5325 2254 5394 dispersam
2283 5342 2377 5394 per

815 5432 982 5476 totam
1007 5422 1322 5474 civitatem:
1378 5420 1446 5474 de
1492 5419 1772 5473 miraculis
1799 5418 2056 5487 martyris
2096 5419 2229 5471 ﬁunt
2258 5433 2373 5471 cer-

815 5514 1003 5576 tiores,
1039 5511 1184 5583 quod
1207 5527 1396 5565 omnes
1423 5512 1650 5573 scilicet,
1687 5509 1780 5578 qui
1810 5509 1948 5563 male
2003 5524 2061 5563 se
2092 5507 2375 5586 haberent,

815 5615 1094 5661 curasset:
1127 5613 1181 5661 et
1208 5604 1328 5658 ideo
1356 5604 1757 5658 incredulorum
1798 5603 1863 5656 ad
1895 5619 2016 5657 eum
2055 5599 2380 5656 continuisse

815 5709 1109 5760 catervam,
1146 5707 1198 5754 et
1226 5715 1282 5754 se
1301 5696 1616 5764 adjunxisse
1638 5711 1766 5752 vero
1795 5695 1884 5750 Dei
1914 5694 2114 5748 cultui:
2151 5701 2202 5748 et
2235 5690 2378 5764 quod

824 5795 1001 5849 omnis
1034 5791 1320 5848 Germania
1368 5807 1486 5862 quae
1522 5790 1704 5844 multis
1754 5791 1904 5860 prius
1954 5787 2201 5858 gravibus
2236 5786 2377 5841 vitiis

2477 4591 2748 4660 πέμψαντι
2772 4585 2915 4649 δὸξαι
2938 4581 3392 4653 φιλοτιμούμενοι,
3412 4579 3532 4630 ἐπεὶ
3552 4575 3650 4646 τὴν
3668 4574 3900 4626 Γαλλίαν
3922 4587 4044 4624 κατ-

2478 4682 2688 4743 έλαϐον,
2745 4679 2818 4742 ὥς
2846 4695 2988 4739 τινες
3017 4673 3310 4744 εἰσπηδῶσι
3341 4671 3503 4742 θῆρες
3525 4685 3540 4700 ο
3586 4669 3680 4722 καὶ
3724 4669 3910 4720 πᾶσαν
3950 4665 4050 4716 δια-

2477 4771 2809 4844 ταράξαντες
2829 4772 2926 4843 τὴν
2957 4769 3280 4838 περίχωρον,
3312 4763 3702 4833 ὑποφθείρουσι
3730 4761 3861 4819 τοὺς
3903 4759 4048 4810 εὔκο-

2479 4866 2764 4935 λωτέρους,
2793 4864 2861 4916 τὰ
2883 4861 3023 4915 κατὰ
3042 4861 3130 4913 τὸν
3153 4857 3417 4930 μακάριον
3445 4854 3650 4917 διδάξαι
3670 4868 3728 4903 τε
3762 4852 3858 4904 καὶ
3887 4850 4050 4902 εἰπεῖν

2483 4957 2770 5011 Διονύσιον.
2813 4956 2898 5016 Ὠς
2925 4954 2982 5006 δὲ
3008 4951 3190 5004 τοῦτον
3220 4953 3276 5002 ὲν
3296 4948 3530 5019 Παρισία
3558 4947 3624 5014 τῇ
3659 4942 3814 4995 πόλει
3854 4939 4051 5008 διατρίο

2486 5049 2599 5102 6ειν
2621 5048 2880 5101 ἐπύθοντο
2899 5086 2912 5107 ,
2942 5043 3092 5096 οὔπω
3121 5043 3180 5096 τὸ
3210 5043 3318 5094 πᾶν
3347 5038 3627 5101 ἐπύθοντο,
3678 5037 3778 5089 καὶ
3809 5036 3877 5102 τῇ
3909 5030 4050 5083 πόλει

2486 5141 2819 5209 ἐφίστανται.
2849 5133 2979 5189 Εἶτα
2995 5135 3063 5188 τὰ
3090 5137 3217 5206 περὶ
3245 5133 3351 5185 τῶν
3370 5127 3710 5200 Χριστιανῶν
3740 5123 4050 5196 ἐρευνῶσιν,

2488 5234 2796 5304 εὑρίσκουσι
2827 5231 3076 5299 πανταχῇ
3115 5227 3183 5279 τὰ
3201 5227 3297 5296 τῆς
3341 5222 3575 5284 πίστεως
3629 5213 4053 5284 κατεσπαρμένα

2486 5326 2807 5396 διδάγματα.
2843 5324 2972 5394 Περὶ
3012 5321 3108 5373 τῶν
3137 5317 3228 5371 τοῦ
3261 5316 3532 5387 μάρτυρος
3572 5308 3877 5382 τεραστὶων
3927 5326 4053 5377 pavo

2491 5417 2758 5480 θάνονσιν,
2789 5416 2862 5477 ὡς
2887 5417 3012 5474 τοὺς
3043 5412 3168 5482 περί
3195 5427 3246 5462 τι
3292 5409 3541 5479 πονήρως
3585 5404 3810 5472 ἔχοντας
3855 5400 4055 5456 πάντας

2493 5511 2715 5564 ἰάσαιτο.
2775 5505 3076 5562 Korn-2505‘:
3121 5503 3182 5556 τὸ
3226 5502 3333 5556 τῶν
3388 5501 3633 5554 ἀπίστων
3691 5495 3843 5565 αὑτῷ
3877 5498 4057 5556 cr.ny

2488 5601 2817 5675 ὲπιρῤεὖσαν
2845 5601 2910 5668 τῇ
2941 5596 3217 5667 θεοσεϐείᾳ
3246 5593 3525 5648 συνέθετο⁸
3582 5588 3675 5641 καὶ
3714 5587 3792 5649 ὡς
3834 5587 3868 5654 ἡ
3923 5582 4058 5633 πᾶσι

2491 5697 2764 5768 Γερμανία
2792 5691 3080 5755 πολλοῖς,τὸ
3102 5686 3331 5760 πρόσθεν
3359 5684 3454 5736 καὶ
3479 5682 3670 5746 δεινοῖς
3695 5675 4056 5768 δεδωλφμέηη

2495 5767 2688 5843 πάθεσί
2718 5804 2774 5841 τε
2805 5787 2894 5840 καὶ
2926 5783 3206 5855 πράξεσιν,
3228 5779 3287 5830 οὑ
3323 5777 3426 5849 μὴν
3457 5776 3592 5848 ἀλλὰ
3643 5773 3736 5824 καὶ
3768 5767 4057 5826 ιιδωλικεὶς
