4178 6316
187 363 325 437 1045

1168 364 1350 426 VITA
1383 360 1445 424 S.
1483 363 1831 425 DIONYSII
1871 361 2409 429 AREOPAGITfﬂ.

3293 360 3426 424 1046

216 478 544 546 ὑποκειμένη
580 478 897 545 σεϐασμασι,
929 480 1014 529 τὸν
1037 482 1226 531 οἰκεῖον
1256 479 1472 548 αὐχένα,
1506 482 1619 540 ταῖς
1653 484 1758 532 Διο-
1800 466 1843 525 Α

1752 509 1758 518 .
1800 466 1843 525 Α
1867 473 2125 528 servierat
2150 483 2203 525 et
2258 470 2412 523 factis
2441 508 2454 529 ,
2487 469 2778 537 quinetiam
2811 466 3055 535 subjecta
3087 475 3202 517 erat
3234 463 3402 519 cultui

219 568 400 620 νυσίου
430 568 681 637 διδαχαῖς,
714 569 914 620 ἐκεῖθεν
944 569 1283 633 ὑπεξελοῦσα,
1306 569 1383 638 τῷ
1410 570 1501 621 τοῦ
1534 571 1765 639 Χριστοῦ

218 659 368 730 ζυγῷ
409 660 737 728 ὑπηγάγετο.
792 661 876 721 Ὠς
908 657 995 711 οὖν
1041 661 1117 722 είς
1145 660 1342 726 γνῶσιν
1373 661 1547 722 αὐτοῖς
1571 700 1583 722 ,
1628 660 1767 713 οὕτω

217 752 389 804 ταῦτα
418 753 510 803 καὶ
549 750 713 802 πολλὰ
749 750 907 821 ἕτερα
959 751 1232 818 γεγονέναι
1274 752 1516 818 ἀφίκετο,
1558 754 1656 821 τήν
1708 768 1765 803 τε

220 842 313 893 τοῦ
344 841 574 911 Χριστοῦ
607 844 834 911 ποίμνην
853 842 1237 911 αὐξανομένην,
1268 844 1359 895 καὶ
1398 845 1519 905 τοὺς
1565 844 1770 897 ἑαυτῶν

220 934 377 995 θεοὺς
397 935 846 1005 παρεωραμένους
877 933 1077 1002 ἐώρων,
1109 933 1202 994 τάς
1230 950 1287 983 τε
1318 931 1533 994 τελετὰς
1588 951 1768 1003 περιυ-

220 1022 536 1093 ϐρισμένας,
568 1025 656 1076 καί
678 1026 755 1084 είς
783 1024 907 1089 γόνυ
952 1023 1203 1075 κλίνασαν
1231 1024 1328 1092 τὴν
1374 1024 1649 1084 ἀσέϐειαν,
1680 1024 1769 1075 ἐπὶ

224 1116 420 1183 μᾶλλον
464 1116 765 1166 ἐκκαίονται
785 1155 799 1177 ,
848 1116 938 1165 καὶ
971 1116 1056 1165 τὸν
1086 1114 1283 1166 τούτων
1327 1115 1492 1166 αἴτιον
1521 1116 1649 1165 ὅπου
1680 1116 1771 1167 καὶ⁵

217 1204 505 1274 διατρίϐων
534 1206 636 1273 ειη,
658 1204 1000 1256 πυνθάνονται
1020 1221 1031 1233 ’
1057 1207 1145 1256 καὶ
1174 1205 1261 1255 τὸν
1282 1205 1563 1275 μακάριον,
1582 1205 1767 1275 ἁθρόον

221 1297 650 1356 ἐπεισπεσόντες,
699 1298 792 1347 σὺν
836 1298 949 1364 ἅμα
999 1296 1249 1365 δεσμοῦσι
1288 1300 1398 1358 τοῖς
1443 1300 1556 1367 μετ’
1587 1297 1769 1360 αὐτοῦ,

219 1389 320 1456 τὴν
351 1388 495 1438 θείαν
540 1387 640 1438 ἀνα
670 1387 837 1455 στόμα
867 1388 1081 1457 διδαχὴν
1114 1388 1189 1439 Ξτι
1220 1390 1467 1457 ιρέροντα,
1508 1391 1598 1440 καὶ
1642 1406 1769 1459 προ-

222 1476 483 1544 κάθηνται
514 1476 781 1537 λυσσῶόές
814 1494 864 1527 τι
900 1479 987 1527 καὶ
1033 1478 1251 1545 μανικὸν
1282 1480 1370 1529 ἐπὶ
1392 1479 1486 1546 τὴν
1532 1478 1771 1542 ἐξέτασιν

220 1565 491 1627 πνέοντες.
517 1566 751 1618 Εἴσεισιν
780 1563 869 1617 οὖν
897 1569 923 1616 ὁ
945 1567 1197 1632 γεννάδας
1220 1568 1332 1635 ἅμα
1373 1568 1663 1637 Ῥουστικῴ
1683 1570 1770 1620 καὶ

236 1655 570 1726 Ἐλευθερίῳ,
612 1656 831 1725 ἀτρόμῳ
874 1656 1078 1725 διανοίᾳ
1122 1657 1211 1707 καὶ
1256 1658 1773 1728 πεπαρρησιασμένῃ

221 1745 392 1815 ψυχῇ,
424 1747 608 1814 ὥσπερ
636 1748 714 1806 είς
746 1747 957 1815 ἑορτὴν,
987 1747 1083 1797 οὐκ
1111 1748 1187 1807 εἰς
1215 1747 1396 1813 ἀγῶνα
1430 1747 1773 1817 καλούμενος.

1866 562 2301 622 simulacrorum,
2329 561 2526 616 collum
2550 575 2704 611 suum
2727 575 2789 611 ex
2820 558 2901 610 his
2921 559 3278 619 subtractum,
3311 556 3412 610 do-

1866 654 2039 707 ctrina
2075 651 2341 721 Dionysii,
2375 650 2652 717 subjunxit
2691 646 3064 717 jugo'Christi.
3097 650 3229 703 Cum
3280 664 3409 717 ergo

1867 745 1997 807 haec,
2033 752 2085 797 et
2119 744 2282 795 multa
2308 743 2411 795 alia
2455 740 2596 793 facta
2627 756 2765 802 esse,
2820 744 2886 793 ad
2941 755 3126 794 eorum
3177 741 3409 794 venisset

1865 835 2252 904 cognitionem,
2294 843 2347 888 et
2400 834 2600 887 Christi
2636 849 2848 901 gregem
2903 833 3123 902 augeri,
3173 844 3221 885 et
3281 848 3406 885 suos

1865 926 1992 979 deos
2017 926 2275 979 vidissent
2314 924 2527 979 habitos
2569 924 2845 993 despectui
2874 964 2887 983 ,
2945 932 2997 977 et
3027 939 3121 977 sna
3157 925 3408 991 mysteria

1864 1018 2160 1076 contemni,
2184 1025 2235 1069 et
2267 1015 2576 1068 inclinatam
2606 1032 2726 1069 esse
2752 1016 3101 1084 impietatem.
3132 1017 3298 1084 magis
3322 1030 3411 1067 ac-

1863 1106 2188 1168 cenduntur,
2221 1113 2272 1159 et
2300 1114 2488 1173 rogant
2521 1106 2736 1158 ubinam
2761 1105 3049 1169 habitaret,
3085 1105 3173 1172 qui
3224 1121 3409 1157 eorum

1863 1208 1980 1251 erat
2010 1205 2230 1250 auctor:
2257 1204 2307 1250 et
2345 1204 2562 1264 repente
2594 1196 2647 1249 in
2679 1197 2891 1250 beatum
2927 1197 3192 1249 irruentes
3216 1194 3411 1261 Diony-

1865 1289 2166 1351 sium,eum
2198 1287 2358 1341 simul
2392 1288 2559 1355 ligant
2589 1302 2709 1340 cum
2738 1288 2805 1341 iis
2829 1289 3060 1356 quicum
3093 1288 3206 1357 ipso
3234 1294 3409 1349 erant,

1866 1380 1918 1432 in
1950 1396 2042 1433 ore
2072 1378 2308 1431 divinam
2336 1378 2511 1431 adhuc
2546 1378 2827 1432 habentem
2854 1378 3183 1442 doctrinam;
3228 1380 3413 1446 przcsi-

1863 1469 2007 1531 dent,
2035 1472 2239 1523 rabiem
2282 1477 2334 1522 et
2368 1468 2602 1521 furorem
2626 1469 2895 1538 spirantes
2954 1467 3018 1520 ad
3060 1469 3414 1521 examinatio-

1865 1574 2004 1612 nem.
2040 1560 2339 1628 ingreditur
2403 1575 2530 1627 ergo
2555 1559 2633 1611 vir
2654 1574 2817 1627 gener
2856 1574 2948 1612 sus
2970 1558 3129 1611 simul
3153 1575 3273 1611 cum
3303 1558 3415 1611 Ru-

1866 1651 2001 1703 stico
2029 1658 2079 1703 et
2110 1650 2436 1711 Eleutherio,
2476 1660 2652 1703 mente
2679 1650 2826 1702 ﬁrma
2866 1664 2926 1702 ac
2960 1650 3137 1703 stabili
3160 1658 3211 1703 et
3242 1650 3415 1704 libero

1868 1743 2067 1803 animo,
2098 1742 2318 1810 perinde
2344 1758 2405 1794 ac
2439 1742 2482 1795 si
2520 1748 2802 1795 vocaretur
2832 1741 2895 1797 ad
2947 1740 3163 1803 festum,
3214 1754 3319 1793 non
3348 1741 3412 1793 ad

223 1840 336 1891 Καὶ
355 1838 416 1905 δὴ
457 1836 695 1904 θρασέως
728 1835 866 1887 οὕτω
911 1836 1001 1887 καὶ
1045 1837 1353 1906 αὐστηρῶς,
1395 1838 1458 1888 ἵν’
1505 1839 1565 1888 ἐκ
1594 1854 1772 1906 προοι-
1800 1821 1873 1880 Bt

1760 1821 2158 1885 .Bcertamen.
2207 1832 2535 1901 Arroganter
2583 1832 2744 1902 igitur
2792 1840 2844 1885 et
2898 1846 3129 1900 aspere,
3182 1838 3237 1884 ut
3290 1847 3410 1884 eum

225 1930 349 1997 μίου
375 1926 529 1987 εὐθὺς
560 1926 959 1995 καταπλήξωσι,
994 1928 1121 1994 φασὶ
1144 1928 1276 1996 πρὸς
1318 1927 1504 1977 αὑτὸν·
1544 1946 1559 1976 ι
1586 1928 1655 1977 Σὺ
1702 1923 1770 1989 εἴ,

218 2012 267 2069 ὧ
298 2017 573 2085 καταρὰτη
603 2018 828 2087 κεφαλὴ,
859 2020 885 2068 ὁ
906 2019 1026 2078 τοὺς
1054 2018 1347 2086 ἡμετέρους
1379 2017 1528 2078 θεοὺς
1572 2018 1626 2068 ἐν
1671 2035 1773 2086 μη-

218 2109 332 2160 δενὶ
360 2109 653 2178 τιθέμενος,
700 2112 790 2161 καὶ
819 2110 913 2177 τὴν
943 2110 1092 2177 ἡμῶν
1118 2111 1178 2161 ἐκ
1214 2110 1373 2178 μέσου
1409 2110 1624 2176 ποιῆσαι
1656 2108 1777 2177 θρη-

221 2198 408 2249 σκείαν
451 2199 793 2266 φιλονεικὼν;
842 2199 1146 2267 ’Λπὸκριναι
1188 2197 1312 2260 οὖν,
1370 2200 1429 2250 τὸ
1460 2200 1631 2265 γένος,
1681 2202 1777 2270 τὴν

218 2290 609 2359 ἐνεγκαμένην,
641 2291 699 2341 τὸ
728 2291 1074 2359 ἐπιτήδευμα.
1104 2310 1119 2339 ι
1153 2292 1207 2342 '0
1238 2292 1311 2356 δὲ,
1345 2292 1777 2363 θαρραλεώτερος

222 2381 421 2448 μᾶλλον
467 2382 542 2450 τῷ
588 2382 720 2450 πρὸς
761 2383 988 2452 Χριστὸν
1027 2383 1311 2451 γενόμενος
1357 2384 1542 2454 ἔρωτιο
1581 2403 1597 2434 ι
1641 2384 1777 2451 Ἐγὼ

220 2471 343 2538 μὲν,
374 2464 416 2520 ὦ
443 2466 613 2531 οὗτος,
649 2470 827 2539 φησὶν,
878 2470 962 2522 ἵνα
1006 2469 1072 2520 τὰ
1109 2470 1202 2521 τοῦ
1251 2472 1435 2536 γένους
1484 2472 1542 2523 τό
1582 2490 1642 2539 γε
1686 2473 1775 2525 νῦν

218 2557 343 2625 ἕχον
372 2559 460 2608 καὶ
497 2557 591 2626 τὴν
631 2558 857 2627 πατρίδα
892 2558 1077 2627 παρῶ,
1137 2559 1369 2628 Χριστοῦ
1423 2559 1603 2621 δοῦλος
1641 2556 1775 2615 εἶναι

216 2648 486 2713 ὁμολογῶ,
521 2650 608 2699 καὶ
643 2650 783 2717 μόνῳ
809 2649 977 2717 τούτῳ
1007 2648 1081 2717 τῷ
1119 2666 1173 2700 τε
1214 2651 1429 2719 ἁνὰρχῳ
1472 2651 1644 2719 Πατρὶ
1687 2652 1775 2703 καὶ

214 2736 299 2804 τῷ
355 2738 599 2804 οηναῐξίῳ
656 2740 814 2788 αύτοῦ
889 2740 1129 2807 λατρεύω
1197 2742 1495 2810 Πνεύματι’
1533 2740 1775 2808 πέφευγα

213 2826 273 2877 δὲ
310 2827 398 2876 καί
426 2826 519 2893 τῆς
550 2827 697 2894 ὑμῶν
728 2828 928 2894 πλάνης
949 2845 961 2857 °
1007 2830 1081 2897 τῷ
1111 2830 1214 2899 γὰρ
1252 2832 1365 2898 ἐμῷ
1414 2832 1627 2901 Χριστῷ
1677 2834 1775 2884 πέ-

215 2915 404 2974 ποιθα,
436 2914 759 2984 καθαιρέτης
795 2918 1170 2987 στερρότατος,
1223 2919 1477 2988 ἀλείπτης
1520 2923 1776 2990 Χριστια-

214 3009 330 3066 νοῖς
382 3004 513 3073 πρὸς
573 3006 767 3076 ἀρετὴν
820 3009 1175 3077 ἑτοιμότατος.
1228 3010 1366 3080 Πρὸς
1410 3010 1576 3061 ταῦτα
1624 3012 1672 3062 εί
1722 3029 1773 3063 τι

1864 1921 2345 1989 perterrefacerent
2405 1923 2587 1975 statim
2634 1922 2689 1975 in
2745 1923 3045 1991 principio,
3093 1923 3139 1974 ei
3178 1922 3365 1974 dicunt
3396 1936 3412 1969 :

1868 2027 1888 2060 ι
1947 2008 2025 2062 Tu
2096 2026 2186 2075 es,
2244 2026 2276 2063 o
2334 2013 2721 2065 exsecrandum
2784 2020 2985 2080 caput,
3041 2013 3131 2079 qui
3198 2022 3415 2065 nostros

1863 2098 1992 2154 deos
2024 2100 2177 2152 nihili
2202 2098 2355 2162 facis,
2391 2108 2443 2153 et
2478 2100 2757 2155 contendis
2889 2094 2955 2150 de
3094 2100 3271 2153 medio
3318 2116 3416 2154 no-

1864 2197 2030 2242 stram
2058 2192 2247 2244 tollere
2276 2192 2620 2259 religionem?
2645 2189 2929 2258 Responde
2956 2206 3082 2259 ergo
3101 2231 3113 2252 ,
3162 2190 3302 2258 quod
3344 2192 3413 2245 sit

1865 2286 2013 2331 tuum
2045 2296 2234 2348 genus,
2264 2295 2383 2347 qua:
2415 2290 2465 2332 te
2500 2279 2684 2333 tulerit
2736 2278 2928 2347 patria,
2984 2286 3035 2331 et
3078 2279 3220 2346 quod
3261 2287 3411 2333 tuum

1864 2371 2123 2425 studium.
2154 2392 2171 2421 ι
2217 2369 2308 2424 Ille
2341 2381 2539 2431 autem,
2594 2384 2776 2422 amore
2809 2369 2861 2421 in
2898 2369 3174 2423 Christum
3218 2371 3267 2423 ei
3318 2368 3413 2422 ad-

1864 2461 2021 2515 dente
2058 2462 2331 2521 animum,
2368 2469 2419 2514 et
2467 2459 2697 2512 faciente
2758 2474 2880 2512 eum
2931 2460 3409 2513 conlidentiorem:

1871 2569 1887 2601 ι
1913 2548 2021 2619 Ego
2052 2550 2288 2619 quidem.
2320 2551 2516 2618 inquit,
2544 2564 2575 2601 ο
2606 2565 2721 2612 vos,
2754 2557 2876 2603 utet
2906 2566 3074 2618 genus
3101 2559 3154 2603 et
3185 2550 3411 2619 patriam

1865 2642 2104 2694 omittam
2140 2642 2192 2693 in
2221 2641 2533 2709 praesentia,
2556 2655 2640 2693 me
2662 2640 2865 2693 Christi
2893 2656 3105 2694 servum
3136 2656 3257 2695 esse
3283 2657 3412 2694 con-

1866 2733 2036 2795 liteor,
2071 2744 2258 2786 eteutn
2300 2733 2496 2794 solum,
2522 2741 2575 2785 et
2607 2730 2852 2796 Patrem,
2886 2732 2977 2800 qui
3017 2741 3162 2785 caret
3204 2734 3409 2799 princi-

1865 2826 1971 2894 pio,
2003 2834 2055 2878 et
2087 2836 2407 2878 coaeternum
2431 2825 2548 2891 ejus
2574 2825 2692 2877 colo
2712 2822 2993 2893 Spiritum.
3013 2823 3207 2893 Aufugi
3235 2834 3411 2878 autem

1864 2932 1892 2969 a
1915 2925 2094 2970 vestro
2122 2932 2325 2979 errore,
2358 2915 2728 2970 validissimus
2760 2918 2836 2985 (in
2865 2930 2982 2969 meo
3012 2916 3154 2969 enim
3196 2915 3411 2970 Christo

1865 3008 2033 3061 habeo
2053 3006 2321 3075 ﬁduciam)
2341 3017 2644 3061 vestrorum
2664 3007 2884 3061 deorum
2918 3006 3249 3069 deturbator,
3275 3007 3412 3058 chri-

216 3097 684 3166 προστεταγμένον
716 3099 859 3165 ὑμῖν,
880 3101 1163 3167 πράσσετε.
1194 3120 1209 3148 ι
1245 3102 1347 3151 Καὶ
1379 3100 1471 3169 τὴν
1500 3101 1588 3153 τοῦ
1621 3102 1771 3169 ἁγίου
1797 3090 1866 3150 C1

1760 3108 1771 3154 i
1797 3090 1839 3150 C
1863 3100 2269 3167 stianorumque
2320 3097 2386 3151 ad
2436 3099 2690 3150 virtutem
2722 3096 3037 3149 exhortator
3067 3098 3410 3165 promptissi-

216 3188 434 3251 γνόντες
463 3188 517 3247 οἱ,
558 3186 830 3253 δυσμενεῖς
879 3188 1011 3255 μετὰ
1058 3190 1315 3249 συνέσεως
1349 3191 1628 3253 ἔνστασιν,
1684 3193 1778 3245 τὸν

214 3275 390 3343 θυμὸν
414 3278 489 3337 είς
518 3274 751 3327 θωπείαν
771 3276 1071 3344 ἀμείϐουσι,
1104 3278 1215 3337 καί,
1254 3296 1269 3326 ι
1296 3280 1383 3348 Μὴ
1400 3278 1495 3348 τὴν
1516 3280 1611 3349 σὴν
1643 3279 1773 3331 ἐντι-

218 3384 321 3435 μον
352 3366 535 3417 πολιὰν
567 3366 861 3438 ἀτιμώσῃς,
887 3370 1034 3434 φασὶ,
1054 3368 1309 3431 Διονύσιε,
1344 3370 1473 3438 μηδὲ
1504 3372 1641 3423 τέλει
1672 3372 1771 3443 τὴν

216 3456 383 3524 φίλην
412 3459 651 3527 ἑταιρίαν
682 3459 861 3527 πικρῷ
891 3460 1141 3528 παραδῷς
1161 3477 1173 3488 ·
1209 3460 1536 3527 πείσθητιτα
1566 3462 1773 3531 χρηστὰ

215 3564 284 3597 συ
295 3547 658 3614 μῦουλεύουσι,
692 3550 781 3598 καὶ
811 3549 868 3598 τὸ
890 3549 981 3598 τοῦ
1014 3548 1274 3616 βασιλέως
1302 3550 1497 3618 κράτος
1538 3551 1601 3602 δι’
1621 3551 1772 3621 ἡμῶν

216 3637 455 3687 ἱκετεῦὁν
491 3654 545 3687 σε
586 3638 955 3707 δυσωπήθητιθ
983 3639 1247 3709 πείσθητι,
1280 3641 1396 3707 φίλε
1426 3642 1623 3711 χρηστέ
1655 3645 1772 3695 Διο-

212 3728 403 3787 νύσιε,
446 3731 555 3788 τοῖς
599 3731 882 3798 ἡμετέροις
940 3731 1097 3783 θῦσαι
1153 3732 1309 3794 θεοῖς,
1368 3733 1644 3802 πείσθητι·
1681 3736 1773 3788 καὶ

213 3820 433 3889 πρῶτος
460 3820 563 3869 τῶν
600 3820 703 3871 ὑπὸ
744 3823 840 3892 τὴν
873 3822 1139 3889 βασιλείαν
1170 3821 1263 3893 ἔσῃ
1300 3822 1433 3889 μετὰ
1460 3823 1564 3873 τῶν
1597 3824 1719 3877 σῶν.
1748 3844 1766 3874 ι

226 3911 287 3961 Ὀ
303 3909 377 3967 δὲ,
402 3928 418 3957 ι
446 3909 809 3979 Πεπλανησθε,
834 3912 1095 3981 omini}:
1118 3912 1382 3982 προτέρας
1401 3912 1601 3983 πλάνην
1631 3915 1689 3965 ου
1706 3916 1768 3984 (⁸)

214 4000 457 4069 χείρονα,
498 4003 542 4051 εί
572 4001 666 4069 ἐμὲ
686 4002 930 4071 συλήσειν
961 4003 993 4071 ἡ
1024 4019 1141 4053 τινα
1175 4002 1281 4053 τῶν
1321 4004 1465 4073 ἐμῶν
1506 4004 1639 4066 ὅλως

217 4090 349 4159 θητε
375 4108 387 4118 ·
417 4092 561 4159 ἡμᾶς
588 4091 714 4162 γὰρ,
745 4088 801 4144 εὖ
837 4092 974 4155 ἴστε,
1004 4094 1064 4143 ού
1093 4094 1264 4161 τιμαὶ,
1305 4094 1400 4144 οὐκ
1432 4094 1640 4162 ἀτιμίαι
1661 4134 1674 4156 ,
1709 4096 1769 4146 οὐ

218 4180 469 4241 θωπεῖαι,
499 4184 557 4233 ού
591 4183 826 4250 βάσανοι,
850 4184 946 4234 οὐκ
975 4182 1099 4235 ἄλλο
1128 4200 1178 4235 τι
1207 4182 1312 4235 τῶν
1344 4183 1593 4237 ἁπάντων
1622 4185 1771 4239 οὐδὲν

215 4272 439 4339 χωρίσει
462 4271 710 4337 Χριστοῦ.
739 4289 757 4321 ›

1864 3202 2002 3240 mus.
2034 3189 2115 3239 Ad
2150 3189 2262 3241 haac
2288 3188 2467 3250 facite,
2501 3188 2547 3241 si
2578 3186 2709 3256 quid
2741 3195 2823 3241 est
2850 3187 3002 3240 vobis
3029 3187 3404 3254 imperatum.»

1867 3274 2116 3331 Videntes
2148 3286 2325 3331 autem
2374 3278 2643 3341 malevoli,
2690 3277 2862 3330 sancti
2894 3277 3255 3329 constantiam
3285 3288 3408 3328 cum

1864 3368 2142 3436 prudentia
2163 3368 2532 3436 conjunctam,
2560 3368 2695 3419 iram
2715 3376 2923 3419 mutant
2944 3367 2998 3420 in
3023 3366 3407 3427 adulationem,

1862 3467 1934 3523 et,
1968 3479 1985 3509 ι
2011 3460 2086 3512 Ne
2112 3470 2276 3525 tuam,
2310 3475 2342 3514 ο
2372 3458 2610 3529 Dionysi,
2644 3458 2851 3523 dicunt,
2890 3459 3140 3513 canitiem
3168 3458 3410 3513 aﬂ‘eceris

1859 3553 2203 3613 contumelia,
2230 3566 2401 3619 neque
2423 3551 2617 3604 charos
2646 3551 2857 3603 sodales
2881 3552 3038 3603 morti
3064 3551 3269 3603 acerbae
3298 3557 3409 3603 tra-

1860 3641 2087 3704 dideris;
2114 3654 2240 3709 pare
2279 3648 2423 3694 recte
2453 3640 2859 3694 consulentibus
2886 3677 2900 3702 ,
2958 3647 3011 3692 et
3065 3639 3407 3708 imperatoris

1860 3734 2177 3802 potentiam,
2218 3746 2310 3799 per
2347 3747 2446 3785 nos
2479 3740 2529 3785 te
2564 3741 2860 3800 rogantem,
2917 3730 3149 3783 revereri
3187 3744 3408 3799 persna-

1860 3823 2059 3883 dearis,
2094 3838 2125 3873 o
2156 3822 2316 3874 chare
2345 3829 2396 3873 et
2432 3821 2567 3873 bone
2600 3821 2838 3890 Dionysi;
2870 3820 2974 3875 diis
2998 3822 3201 3877 nostris
3240 3824 3410 3876 sacri-

1860 3912 2021 3966 ﬁcare
2051 3912 2427 3982 persuadearis
2449 3920 2500 3967 et
2537 3912 2646 3966 eris
2684 3927 2806 3965 cum
2848 3912 2955 3965 tuis
2983 3915 3190 3979 primus
3219 3928 3410 3966 eorum

1860 4007 1952 4075 qui
1985 4006 2228 4061 suntsub
2255 4006 2501 4071 imperio.
2531 4025 2547 4055 ›
2576 4004 2666 4058 llle
2687 4013 2895 4058 autem:
2932 4022 2949 4053 ι
2972 4002 3183 4067 Vester,
3210 4005 3406 4073 inquit,

1861 4096 1949 4149 hic
1989 4111 2141 4149 error
2184 4103 2265 4149 est
2298 4095 2445 4163 pejor
2471 4095 2668 4162 priore,
2700 4096 2745 4147 si
2799 4096 2996 4162 putetis
3041 4094 3176 4158 fore,
3207 4103 3265 4147 ut
3299 4111 3403 4160 me,

1860 4196 1952 4241 aut
1985 4188 2468 4255 meorumaliquem
2508 4185 2795 4240 seducatis.
2848 4184 2960 4238 Hoc
3008 4186 3152 4239 enim
3193 4187 3401 4247 sciatis,

1860 4277 1999 4346 quod
2030 4294 2126 4330 nos
2158 4294 2261 4329 non
2286 4278 2550 4342 honores,
2585 4290 2689 4330 non
2719 4276 3083 4346 contumeliae,
3116 4291 3223 4331 non
3245 4277 3401 4333 blan-

191 4367 367 4428 ditia,
406 4380 512 4419 non
546 4372 844 4430 tormenta,
890 4383 1065 4437 neque
1103 4369 1305 4438 aliquid
1343 4372 1485 4427 aliud
1532 4376 1755 4429 omnino
1784 4375 2052 4443 separabit
2092 4382 2378 4442 aitlln'isto.
2401 4408 2423 4442 ι

295 4493 566 4546 Ἐντεῦθεν
586 4535 601 4557 ,
632 4494 751 4546 ἐπεὶ
793 4494 865 4564 μὴ
916 4491 1013 4546 οἷοί
1040 4513 1098 4547 τε
1137 4498 1335 4549 πείθειν
1361 4500 1669 4568 ἐτύγχανον,
1699 4503 1759 4555 τὸ
1789 4496 1833 4553 D
1921 4495 1945 4546 Ῑ

1746 4496 1833 4555 ›[)
1921 4495 2179 4562 Deinceps
2202 4510 2328 4563 ergo
2353 4509 2474 4547 eum
2515 4510 2618 4548 non
2643 4505 2861 4566 possent
2903 4500 3256 4567 persuadere,
3301 4501 3396 4553 de-

200 4588 541 4653 προσωπείον
571 4587 662 4637 καὶ
704 4586 799 4656 τὴν
848 4587 1131 4655 ὑπόκρισιν
1174 4589 1528 4658 ἀποθέμενοι,
1568 4592 1644 4661 τῷ
1697 4610 1756 4646 τε

198 4673 363 4741 θυμῷ
393 4673 549 4725 πλέον
580 4674 848 4737 ζέσαντες.
880 4679 972 4729 καὶ
1012 4678 1106 4747 τῆς
1149 4679 1411 4749 καθέδρας
1458 4682 1676 4750 μανικόν
1703 4699 1752 4736 τι

196 4766 297 4817 καί
330 4767 824 4836 παρακεκινημένον
855 4767 1252 4832 ἐξαναστάντες·
1292 4789 1309 4820 ι
1348 4773 1480 4841 Παρ⁵
1510 4774 1679 4842 ὑμῶν,
1708 4766 1755 4826 ὦ

194 4858 438 4926 ἀνόητοι,
469 4858 723 4926 Διονυσίῳ
753 4858 882 4925 φασὶ
926 4860 1017 4909 καὶ
1058 4864 1167 4921 τοῖς
1213 4860 1347 4929 μετὰ
1374 4862 1534 4913 αὑτοῦ
1556 4902 1569 4925 ,
1600 4863 1667 4916 τά
1694 4880 1752 4916 τε

194 4947 312 5000 τῶν
342 4947 473 4998 θεῶν
500 4947 803 5015 ἀτιμοῦται,
822 4949 910 5000 καί
938 4948 1003 4999 τὰ
1020 4948 1108 4999 τοῦ
1125 4950 1513 5020 αὐτοκράτορος
1544 4969 1749 5025 μυκτη-

197 5036 431 5109 ρίζεται,
463 5039 554 5089 καὶ
576 5042 831 5107 μαγικαῖς
855 5040 1113 5100 ἐπινοίαις
1142 5040 1297 5109 δῆθεν
1319 5042 1391 5103 ὡς
1412 5042 1751 5116 θαυματουρ-

196 5129 352 5196 γίαις
375 5127 525 5196 ὑμεῖς
545 5132 666 5190 τοὺς
695 5128 796 5179 ὑπὸ
819 5130 914 5198 τὴν
935 5130 1132 5182 τούτων
1150 5134 1319 5202 ἀρχὴν
1339 5134 1635 5186 ὑποσυλᾶτε
1657 5138 1749 5188 καὶ

196 5217 608 5287 σφετερίζεσθε;
636 5238 653 5268 ι
676 5220 736 5271 Οἱ
763 5218 816 5270 δὲ
834 5219 994 5285 Ξιγιοι,
1018 5240 1035 5270 ι
1073 5222 1281 5290 Ὅμοιοι
1311 5225 1487 5285 αὐτοῖς
1516 5224 1748 5290 γένοιντο

192 5313 247 5363 οι
296 5311 597 5380 τιμῶντεςι
638 5329 656 5360 ι
686 5312 783 5380 μιᾷ
824 5310 956 5380 πρὸς
986 5312 1177 5373 αὐτοὺς
1217 5312 1418 5381 ἔφησαν
1446 5316 1509 5381 τῇ
1564 5318 1741 5385 φωνῇ·

199 5420 219 5452 ι
251 5404 412 5469 ἡμεῖς
439 5402 494 5453 δὲ
537 5400 595 5452 οὒ
645 5405 900 5468 μαγικαῖς
944 5402 1233 5463 ἐπινοίαις,
1289 5402 1362 5465 ὡς
1398 5403 1544 5455 αὐτοί
1589 5420 1741 5471 φατε,

192 5489 334 5543 ἀλλὰ
362 5492 424 5560 τῇ
454 5490 545 5542 τοῦ
588 5488 719 5541 Θεοῦ
764 5490 915 5559 ἡμῶν
956 5492 1045 5542 καὶ
1084 5494 1147 5560 τῇ
1178 5491 1268 5543 τοῦ
1299 5492 1554 5554 ζωοποιοῦ
1582 5494 1742 5546 αὑτοῦ

192 5580 510 5649 Πνεύματος
537 5580 811 5649 ἐπικλήσει
842 5582 935 5633 καὶ
984 5583 1230 5652 ἐνεργείᾳ
1272 5583 1484 5651 τυτλοῖς
1525 5583 1584 5633 τὸ
1628 5584 1742 5651 βλέ-

193 5688 341 5733 πειν,
374 5674 575 5736 κωφοῖς
604 5670 663 5722 τὸ
690 5669 884 5733 λαλεῖν,
909 5671 1059 5739 βάσιν
1088 5688 1144 5724 τε
1174 5676 1380 5741 χωλοῖς,
1426 5673 1516 5724 καὶ
1557 5673 1736 5743 δαιμο-

276 5787 342 5852 (⁶)
383 5785 488 5840 Aut
514 5786 796 5857 legendum
832 5790 1041 5852 χείρονα
1076 5801 1190 5847 sine
1222 5795 1302 5859 οὐ,
1337 5810 1453 5849 cum
1493 5795 1799 5869 interprete,

1850 4588 2022 4654 posita
2061 4600 2285 4651 persona
2309 4592 2360 4637 et
2390 4586 2752 4649 simulatione,
2778 4603 2901 4640 cum
2929 4589 3006 4641 ira
3037 4589 3207 4658 magis
3248 4590 3398 4644 eder-

1850 4676 2115 4737 buissent,
2152 4682 2203 4726 et
2240 4689 2269 4727 e
2308 4676 2562 4728 cathedra
2595 4677 2818 4739 furiose,
2849 4686 2903 4731 et
2935 4690 3110 4733 mente
3137 4683 3395 4748 quodam-

1850 4767 2009 4819 modo
2039 4775 2212 4819 emota
2272 4767 2665 4821 surrexissent:
2706 4786 2723 4817 ι
2748 4768 2787 4819 Α
2820 4769 2994 4831 vobis,
3043 4784 3075 4821 0
3130 4779 3391 4831 amentes.

1850 4855 2104 4924 Dionysio
2143 4855 2347 4916 dicunt,
2388 4864 2440 4909 et
2462 4857 2528 4910 iis
2550 4859 2639 4924 qui
2666 4873 2786 4909 cum
2820 4857 2937 4925 ipso
2963 4869 3139 4923 erant,
3161 4860 3233 4914 dii
3263 4876 3391 4915 con-

1850 4948 2179 5006 temnumur,
2213 4954 2263 4998 et
2293 4946 2583 5013 imperator
2620 4947 2907 5002 irridetur:
2941 4957 2993 5003 et
3029 4952 3239 5005 artibus
3280 4968 3389 5005 ma-

1848 5038 2002 5107 gicis,
2037 5036 2255 5105 perinde
2314 5050 2377 5088 ac
2409 5035 2707 5099 miraculis,
2748 5053 2864 5101 eos,
2896 5041 2988 5107 qui
3038 5041 3157 5108 ejus
3205 5052 3393 5110 parent

1850 5127 2092 5195 imperio,
2128 5128 2194 5179 ab
2220 5142 2283 5180 eo
2313 5127 2607 5188 abducitis,
2638 5136 2689 5181 et
2718 5129 2782 5180 ad
2814 5137 3023 5183 vestras
3055 5143 3233 5199 partes
3277 5144 3390 5187 tra-

1847 5218 2078 5271 ducitis?
2102 5238 2119 5267 »
2151 5217 2335 5271 Sancti
2356 5228 2553 5280 autem,
2582 5236 2599 5268 ι
2622 5218 2835 5274 Similes
2866 5220 2943 5274 eis
2966 5221 3113 5283 ﬁant,
3134 5224 3391 5291 quiipsos

1846 5311 2049 5371 colunt,
2074 5329 2091 5359 ο
2112 5310 2190 5362 eis
2205 5325 2306 5361 una
2334 5324 2460 5362 voce
2479 5310 2766 5375 dixerunt;
2791 5330 2808 5361 ι
2834 5326 2932 5365 nos
2948 5321 3124 5367 autem
3142 5328 3249 5367 non
3277 5330 3391 5366 ma-

1847 5402 1979 5470 gicis
2010 5402 2237 5463 artibus,
2266 5411 2320 5455 ut
2342 5401 2542 5463 dicitis,
2588 5400 2682 5455 sed
2730 5402 2817 5457 Dei
2870 5405 3041 5457 nostri
3082 5412 3136 5458 et
3193 5406 3389 5458 vivifici

1846 5494 1964 5560 ejus
1995 5491 2225 5560 Spiritus
2259 5493 2596 5547 invocatione
2639 5502 2688 5546 et
2739 5496 3070 5563 Operatione,
3105 5498 3263 5550 caecis
3311 5500 3392 5550 vi-

1848 5597 1987 5645 Sum,
2023 5586 2185 5639 mntis
2218 5601 2537 5650 sermonem,
2568 5586 2776 5638 claudis
2809 5587 3149 5657 ingressum,
3189 5597 3240 5641 et
3278 5586 3389 5642 da:-

1848 5676 2110 5730 moniacis
2153 5678 2448 5744 praebemus
2489 5678 2839 5731 curationem.
2886 5678 3122 5743 Quorum
3182 5694 3247 5732 ne
3280 5679 3383 5732 sibi

1845 5805 1935 5848 aut
1967 5794 2308 5849 scribendum
2343 5792 2401 5843 ού
2432 5794 2730 5863 κρείττονα.
2764 5790 2914 5846 Eutr.
2944 5792 3108 5849 Pan.
