4178 6316
762 343 894 406 1047

2068 341 2351 401 MENSIS
2380 340 2746 403 OCTOBER.

3874 341 4006 408 1048

786 447 1002 517 quidem
1036 453 1262 515 possunt
1286 445 1446 500 vestri
1468 444 1541 497 dii
1566 443 1853 512 quidquam
1878 443 2133 512 praebere,
2162 453 2218 496 ιιι
2241 445 2330 513 qui
2365 436 2436 494 Ai

2325 445 2330 498 i
2365 436 2557 497 Ανῶσι
2588 444 2920 514 προσέχομεν
2951 443 3122 497 ίασιν·
3166 457 3240 498 ων
3295 447 3411 498 οὐδὲ
3468 448 3673 510 ἑαυτοῖς
3732 450 3883 501 οὐδὲν
3926 452 3975 500 οἱ

787 538 900 593 sint
934 538 1075 608 ligna
1107 545 1159 591 et
1191 536 1413 604 lapides.
1448 534 1517 589 Os
1535 535 1669 587 enim
1694 534 1901 595 habent,
1926 544 2091 587 etnon
2124 535 2335 597 loquun-

789 636 907 679 tur:
946 627 1146 687 oculos,
1170 632 1219 676 et
1252 640 1351 675 non
1376 622 1577 675 vident:
1612 637 1788 683 aures,
1819 630 1865 673 et
1907 637 2010 674 non
2040 621 2259 673 audiunt
2284 620 2334 678 ⁸.

788 715 969 775 Unum
1000 716 1101 769 hoc
1130 715 1302 769 solum
1330 714 1482 767 vobis
1508 712 1771 767 elliciunt:
1807 712 2105 766 accendunt
2137 714 2333 783 ignem,

787 808 880 877 qui
903 820 1177 875 nunquam
1205 805 1433 858 desinet.
1462 822 1478 854 ι
1506 804 1772 858 Adversus
1794 803 1905 856 hwc
1933 818 2053 855 cum
2078 819 2183 857 non
2206 819 2334 871 pos-

792 906 916 955 sent
946 897 1161 968 tyranni
1195 896 1586 957 contradicere,
1619 902 1769 948 torve
1793 902 1845 948 et
1865 896 2054 948 insane
2076 908 2168 947 eos
2192 896 2336 963 aspi-

789 994 1018 1055 cientes,
1046 989 1251 1044 strictis
1279 985 1471 1057 gladiis
1503 1000 1560 1040 se
1596 991 1785 1054 parant
1917 981 1983 1036 ad
2106 983 2334 1049 caedem;

791 1091 1012 1144 etcum,
1052 1089 1314 1148 tanquam
1342 1078 1494 1147 signo
1527 1077 1671 1138 dato,
1705 1089 1798 1129 eos
1838 1073 2150 1127 eduxissent
2190 1081 2339 1127 extra

792 1176 1096 1237 civitatem,
1135 1171 1345 1223 vinctos
1377 1169 1583 1221 ducunt
1630 1166 1694 1220 ad
1737 1165 2007 1234 quoddam
2055 1180 2336 1229 cacumen,

792 1273 845 1319 et
876 1263 1099 1317 tradunt
1136 1260 1443 1322 lictoribus,
1489 1266 1546 1312 ut
1594 1273 1687 1311 eos
1743 1255 2085 1309 interﬁciant.
2135 1254 2340 1309 Interea

796 1360 974 1408 autem
1001 1357 1191 1421 petunt
1224 1350 1400 1405 sancti
1438 1358 1649 1417 tempus
1678 1346 1966 1415 precandi,
1997 1344 2218 1399 llectunt
2251 1360 2342 1415 ge-

794 1459 923 1499 nua.
961 1441 1098 1495 Tum
1144 1449 1523 1496 sacrosanctus
1556 1438 1757 1493 Christi
1798 1447 1999 1506 martyr
2032 1436 2339 1505 Dionysius,

794 1535 1023 1590 sublatis
1050 1533 1104 1587 in
1135 1532 1331 1586 caelum
1361 1530 1566 1585 oculis:
1608 1547 1625 1579 ι
1652 1528 1877 1582 Domine
1924 1526 2064 1581 Deus
2099 1526 2344 1595 omnipo-

796 1631 941 1686 tens,
998 1622 1121 1685 Fili,
1178 1622 1371 1690 inquit,
1429 1619 1723 1688 unigenite,
1764 1624 1817 1671 et
1856 1624 2039 1671 sancte
2084 1614 2340 1684 Spiritus,

2430 536 2678 605 ὑμέτεροι
2710 533 2838 599 θεοὶ,
2871 535 2963 588 άτε
2992 534 3118 598 ξύλα
3144 538 3235 590 καὶ
3261 536 3415 599 λίθοι,
3443 537 3621 590 δοῦναι
3651 538 3975 608 δεδύνηνται·

2430 627 2621 693 Στόμα
2653 625 2759 692 γὰρ
2792 625 3020 691 ἔχουσι,
3054 628 3149 678 καὶ
3176 629 3249 680 οὐ
3279 627 3593 680 λαλοῦσιν·
3617 628 3977 695 ὀφθαλμοὺς,

2430 715 2527 767 καὶ
2557 717 2628 767 οὺ
2654 713 2995 778 βλέπουσιν
3014 732 3026 745 ·
3057 716 3192 781 ὦτα,
3224 718 3319 770 καί
3347 720 3456 771 οὐκ
3500 718 3847 771 ἀκούουσιν.
3888 719 3980 769 Ἐν

2430 805 2583 857 τοῦτο
2614 806 2765 875 μόνον
2788 808 2913 875 ὑμῖν
2942 808 3237 877 ἐνεργοῦσι,
3268 809 3327 860 τὸ
3355 808 3699 878 ἀτελεύτητον
3731 809 3842 879 πῦρ
3858 810 3981 859 ἀνα-

2432 896 2734 962 φλέγουσιν.
2764 916 2780 946 ι
2810 897 3026 959 Τούτοις
3054 898 3320 951 ἀντειπεῖν
3359 900 3419 951 οὐ
3448 898 3764 968 δυνηθέντες
3802 899 3853 949 οἱ
3894 897 3983 948 7'3-

2432 986 2805 1055 ραννοι,δριμύ
2832 988 2993 1039 τικαὶ
3022 987 3334 1057 παράφορον
3362 989 3439 1049 είς
3461 988 3652 1049 αὐτοὺς
3683 988 3979 1048 ὑπιδόντες,

2433 1075 2523 1128 καὶ
2550 1077 2617 1128 τά
2647 1077 2767 1147 ξίφη
2792 1077 3143 1146 σπασάμενοι,
3174 1078 3307 1145 πρὸς
3334 1079 3423 1129 τὸν
3452 1079 3604 1146 φόνον
3634 1076 3946 1138 ὁπλίζονται
3967 1094 3978 1103 ·

2432 1166 2524 1219 καὶ
2556 1166 2618 1235 δὴ
2662 1167 2735 1228 ὠς
2785 1167 2889 1218 ἀπὸ
2942 1167 3162 1237 σημείου
3211 1167 3430 1230 τούτους
3488 1168 3843 1234 ἐξαγαγόντες
3890 1166 3987 1232 τῆς

2433 1256 2659 1319 πόλεως,
2696 1257 2785 1308 ὲπί
2830 1273 2949 1308 τινα
2984 1258 3224 1327 κορυφὴν
3256 1256 3533 1325 δεσμώτας
3579 1258 3860 1325 ἀνάγουσι,
3897 1257 3987 1307 καὶ

2432 1348 2543 1409 τοῖς
2575 1346 2783 1416 δημίοις
2815 1346 2882 1399 τὰ
2915 1347 3048 1417 πρὸς
3099 1346 3308 1417 σφαγὴν
3341 1348 3717 1416 ἐγχειρίζουσι.
3771 1345 3986 1409 Μεταξὺ

2433 1434 2489 1488 δὲ
2525 1435 2709 1506 καιρὸν
2769 1437 2817 1487 οί
2869 1436 3012 1503 ἅγιοι
3061 1434 3271 1487 αἰτοῦσι
3317 1438 3652 1506 προσευχῆς,
3706 1438 3800 1488 καὶ
3864 1438 3987 1504 γόνυ

2435 1526 2718 1580 κλίνουσιν.
2794 1526 2865 1577 Εν
2909 1524 3147 1595 τοσούτῳ
3192 1526 3246 1578 δὲ
3291 1527 3319 1578 ὁ
3367 1526 3690 1596 ίερομάρτυς
3734 1526 3829 1577 τοῦ
3864 1528 3991 1594 Χρι-

2437 1614 2562 1669 στοῦ
2613 1614 2912 1678 Διονύσιος,
2967 1614 3026 1666 τὸ
3088 1613 3238 1684 δμμα
3271 1616 3350 1676 είς
3398 1614 3655 1684 οὐρανοὺς
3689 1614 3987 1676 ἀνατείνας·

798 1720 987 1769 sancta
1018 1711 1260 1765 Trinitas
1286 1710 1554 1780 principio
1585 1723 1809 1770 carens,
1843 1714 1895 1760 et
1938 1708 1989 1759 in
2032 1722 2191 1774 quam
2239 1721 2343 1758 non
2442 1727 2448 1752 ‹

2339 1727 2343 1758 ι
2442 1723 2461 1755 ‹
2491 1703 2730 1763 Δέσποτα
2761 1704 2860 1756 Θεὲ
2894 1706 3288 1776 παντόκρατορ,
3326 1704 3439 1767 Υἱὲ,
3488 1706 3649 1775 φησὶ,
3688 1705 3989 1773 μονογενὲς,

797 1800 942 1854 cadit
965 1798 1183 1861 divisio,
1217 1798 1433 1865 suscipe
1454 1811 1731 1850 servorum
1760 1804 1976 1849 tuorum
2009 1794 2059 1846 in
2080 1809 2210 1863 pace
2228 1795 2344 1846 ani-
2372 1786 2447 1849 B:

2339 1823 2344 1832 ι
2372 1786 2419 1846 Β
2439 1796 2530 1849 καὶ
2564 1796 2713 1863 άγιον
2731 1793 2973 1865 Πνεῦμα,
2997 1794 3164 1866 Τριὰς
3190 1795 3317 1863 ἁγία
3349 1795 3549 1867 ἄναρχε
3582 1795 3673 1849 καὶ
3707 1796 3989 1867 ἀμέριστε.

796 1905 935 1954 mas,
959 1890 1213 1960 quoniam
1241 1896 1459 1959 propter
1491 1896 1540 1941 te
1563 1894 1734 1941 morte
1764 1886 2046 1941 allicimur.
2073 1905 2092 1936 ι
2141 1885 2203 1937 Ει
2226 1900 2347 1939 cum

798 1978 996 2041 sancti,
1035 1996 1053 2029 ι
1079 1979 1271 2039 Amen,
1304 1996 1320 2028 ι
1345 1976 1760 2036 acclamassent,
1786 1988 2081 2028 conversus
2103 1972 2167 2025 ad
2195 1972 2349 2025 licto-

798 2086 917 2126 res:
957 2090 975 2121 ι
1000 2068 1203 2130 Facite,
1231 2068 1425 2136 inquit,
1457 2065 1601 2135 quod
1632 2064 1731 2117 fuit
1760 2064 1911 2117 vobis
1946 2064 2284 2131 imperatum.
2325 2080 2343 2112 ι

800 2159 879 2213 Illi
906 2163 1083 2212 autem
1116 2156 1348 2225 primum
1397 2136 1614 2222 quidem
1656 2152 1798 2206 beati
1849 2149 2110 2219 Dionysii,
2159 2149 2351 2201 deinde

800 2245 1008 2304 Rustici
1040 2254 1093 2301 et
1114 2243 1411 2299 Eleutherii
1450 2248 1609 2307 caput
1670 2245 1967 2307 amputant.
2018 2236 2121 2291 Sed
2152 2251 2248 2289 nec
2299 2238 2350 2289 in

800 2338 904 2391 hoc
937 2334 1155 2405 quidem
1185 2333 1251 2403 (o
1276 2330 1531 2400 Dionysi)
1566 2331 1630 2391 is,
1684 2328 1776 2395 qui
1808 2334 2030 2396 propter
2059 2316 2110 2379 te
2160 2339 2352 2392 passus

800 2435 905 2490 est,
938 2425 1038 2479 fuit
1083 2425 1282 2477 oblitus
1322 2422 1441 2490 ejus
1483 2420 1574 2488 qui
1606 2426 1825 2487 propter
1868 2418 2042 2485 ipsum
2095 2414 2351 2479 moritur;

803 2517 898 2575 sed
927 2516 1247 2570 miraculum
1276 2514 1438 2567 etiam
1470 2510 1709 2565 ostendit
1734 2509 1787 2561 in
1820 2507 2206 2575 amputatione.
2233 2499 2355 2556 Ete—

804 2612 913 2665 nim
944 2622 1067 2663 cum
1107 2621 1265 2661 suum
1299 2610 1462 2671 caput
1517 2610 1775 2672 tanquam
1828 2598 2044 2667 aliquod
2076 2594 2354 2665 praemium

804 2706 1009 2768 martyr
1046 2698 1160 2753 suis
1184 2695 1483 2763 accepisset
1513 2692 1785 2753 manibus,
1838 2689 2036 2741 transit
2082 2686 2148 2737 ad
2179 2700 2356 2737 remo-

806 2792 999 2845 tiorem
1028 2790 1227 2843 locum.
1257 2784 1483 2839 Ferebat
1507 2796 1634 2851 ergo
1664 2782 1778 2849 ipse
1819 2786 1979 2846 caput
2005 2778 2056 2828 in
2088 2774 2355 2836 manibus,

808 2888 1063 2950 tanquam
1094 2874 1311 2946 aliquod
1342 2871 1662 2941 trophaum,
1699 2882 1728 2920 a
1758 2868 1939 2920 divina
1980 2866 2200 2920 omnino
2232 2875 2359 2928 por-

809 2948 953 3024 tatus
981 2968 1175 3039 gratia,
1210 2980 1382 3034 neque
1412 2962 1562 3031 prius
1588 2958 1814 3020 dimisit,
1841 2970 2005 3024 quam
2038 2952 2253 3004 mulieri
2279 2948 2361 3000 di-

812 3056 936 3108 vina
965 3036 1199 3122 quadam
1248 3049 1471 3102 omnino
1521 3058 1815 3097 occurrens
1868 3037 2205 3109 providentia
2234 3074 2252 3100 ,
2306 3036 2361 3088 in

2440 1880 2726 1956 πρόσδεξαι
2769 1882 2867 1946 τὰς
2913 1883 3019 1935 τῶν
3075 1882 3180 1935 σῶν
3242 1884 3438 1937 δούλων
3486 1888 3541 1938 έν
3573 1887 3764 1957 είρήνῃ
3796 1885 3992 1953 ψυχὰς,

2439 1976 2520 2027 ὃτι
2553 1973 2715 2027 ἕνεκά
2772 1990 2865 2026 σου
2913 1972 3301 2043 θανατούμεθα.
3335 1994 3351 2022 ι
3420 1976 3525 2027 Καὶ
3570 1975 3675 2027 τῶν
3720 1975 3892 2041 ἁγίων
3936 1975 3996 2026 τὸ

2446 2085 2464 2116 ι
2490 2067 2656 2138 Ἀμὴν
2677 2086 2695 2116 ι
2718 2066 3196 2135 ἐπιφωνησάντων,
3219 2065 3349 2135 πρὸς
3359 2068 3482 2129 τοὺς
3497 2066 3720 2137 δημίους
3738 2068 3997 2135 ἐπιστρα-

2442 2157 2594 2225 φεὶς,
2635 2178 2651 2206 ι
2677 2156 2747 2207 Τὸ
2782 2155 3064 2207 κελευσθὲν
3098 2155 3222 2223 ὑμῖν
3256 2155 3540 2219 ὲκτελεῖτε,
3574 2176 3592 2208 ι
3634 2156 3818 2224 φησίν.
3856 2160 3918 2208 Ui
3942 2156 3998 2206 δὲ

2445 2245 2635 2316 πρῶτα
2672 2244 2767 2313 μὲν
2798 2242 2895 2312 τὴν
2927 2242 3020 2294 τοῦ
3059 2242 3320 2313 μακαρίου
3356 2242 3645 2305 Διονυσίου,
3683 2238 3801 2294 εἶτα
3849 2243 3999 2292 Ῥου-

2444 2334 2627 2387 στικοῦ
2662 2334 2753 2386 καὶ
2798 2332 3127 2403 Ἐλευθερίου
3191 2332 3506 2401 έκτέμνουσι
3555 2331 3810 2399 κεφαλήν.
3865 2330 3998 2381 Ἀλλ’

2442 2425 2557 2476 οὐδὲ
2588 2424 2761 2493 τούτῳ
2816 2423 2929 2486 σοῦ,
2964 2422 3225 2485 Διονύσιε,
3276 2424 3304 2474 ὁ
3334 2421 3419 2474 διὰ
3456 2422 3513 2472 σὲ
3547 2419 3733 2472 παθὼν
3781 2417 3879 2469 τοῦ
3934 2417 4000 2468 δι’

2443 2515 2602 2568 αὐτὸν
2635 2516 2956 2585 θνήσκοντος
2990 2512 3352 2581 ἐπιλέλησταιο
3378 2510 3511 2562 ἀλλά
3530 2516 3582 2561 τί
3617 2510 3708 2561 καὶ
3746 2508 3873 2577 περὶ
3906 2506 4003 2577 τὴν

2446 2608 2680 2677 ἐκτομὴν
2711 2607 2996 2677 τεράστιον
3043 2603 3426 2659 ἐπιδείκνυται.
3473 2601 3579 2653 Καὶ
3612 2601 3719 2671 γὰρ
3750 2600 3849 2670 τὴν
3882 2601 4003 2651 ἑαυ-

2443 2698 2538 2752 τοῦ
2592 2696 2848 2766 κεφαλὴν,
2882 2694 3067 2765 ὥσπερ
3111 2711 3162 2745 τι
3198 2692 3465 2764 βραϐεῖον,
3502 2694 3559 2745 ὲν
3590 2693 3710 2743 ταῖν
3766 2692 3947 2760 χεροῖν
3977 2692 4005 2741 ὁ

2451 2790 2657 2858 μάρτυς
2688 2785 2992 2856 δεξάμενος,
3048 2784 3130 2853 ἐφ’
3166 2783 3344 2836 ἰκανὸν
3376 2785 3537 2835 τόπον
3586 2782 3795 2832 δίεισιν.
3838 2780 4001 2845 Ἐφε-

2449 2896 2540 2951 ρεν
2571 2874 2660 2931 οὖν
2692 2880 2788 2948 τὴν
2821 2875 3076 2945 κεφαλὴν,
3112 2874 3355 2942 καθάπερ
3387 2889 3439 2923 τι
3470 2875 3749 2941 τρόπαιον,
3776 2867 3868 2918 ὲπί
3901 2866 4006 2918 τῶν

2447 2971 2640 3043 χειρῶν
2670 2968 2853 3029 αὐτὸς,
2878 2967 2980 3018 ὑπὸ
3012 2966 3159 3026 θείας
3194 2964 3405 3024 πάντως
3438 2962 3729 3033 φερόμενος
3764 2961 4004 3030 χάριτος,

2450 3060 2541 3113 καὶ
2574 3058 2633 3117 οὐ
2670 3057 2929 3128 πρότερον
2982 3056 3169 3125 ἀνῆκε,
3222 3053 3350 3124 πρὶν
3385 3054 3473 3106 ὅτε
3505 3051 3568 3123 δὴ
3615 3052 3835 3119 γυναικὶ
3871 3051 4007 3104 κατά

813 3146 959 3199 illius
1003 3140 1253 3196 manibus
1292 3134 1574 3207 deposuit,
1604 3131 1770 3187 veluti
1814 3130 2101 3199 quemdam
2143 3125 2463 3201 thesau-Ct

2358 3125 2596 3202 'Ceslav
2630 3125 2849 3210 nix—nou;-
2875 3144 3206 3215 συνενεχθεὶς
3253 3144 3505 3214 πρόνοιαν
3567 3140 3783 3207 ἐκείνης
3838 3138 4008 3194 παλά-

810 3250 949 3289 rum.
969 3230 1230 3286 Iacebant
1258 3238 1437 3283 autem
1467 3223 1710 3293 neglecta
1731 3228 2044 3276 sanctorum
2069 3223 2363 3284 martyrum

810 3323 1114 3381 veneranda
1143 3332 1394 3390 corpora,
1425 3315 1555 3369 l'eris
1579 3319 1633 3366 et
1662 3311 1853 3363 avibus
1884 3308 1949 3360 ad
1976 3305 2243 3360 edendum
2273 3318 2365 3354 e1-

818 3418 1016 3486 posita,
1045 3422 1098 3469 et
1125 3412 1396 3480 necjusta
1445 3403 1665 3475 quidem
1715 3399 2005 3469 sepulturae
2052 3400 2363 3448 consecuta.

887 3589 1128 3644 Lictores
1160 3590 1334 3637 autem
1366 3595 1434 3633 ne
1462 3578 1727 3631 hactenus
1751 3570 1969 3640 quidem
2002 3567 2162 3620 irasci
2192 3565 2384 3618 ἀρείοσ-

817 3688 944 3738 runt
964 3718 979 3738 ,
1013 3678 1107 3734 sed
1137 3677 1299 3729 etiam
1338 3672 1392 3723 in
1423 3670 1571 3737 ipsas
1601 3664 1788 3717 {urunt
1811 3658 2088 3728 reliquias,
2121 3662 2368 3710 statuen-

820 3784 902 3827 tes
930 3784 1023 3823 eas
1046 3768 1099 3820 in
1123 3762 1288 3817 maris
1310 3758 1635 3830 profundum
1656 3754 1938 3825 projicere,
1968 3765 2034 3802 ne
2064 3736 2146 3801 vel
2190 3744 2369 3798 inani-

821 3871 975 3917 matae
998 3856 1269 3914 efficerent
1294 3848 1580 3910 miracula,
1608 3855 1661 3899 et
1698 3843 1821 3897 ideo
1866 3838 2202 3893 sttraberent
2236 3833 2371 3885 mul-

821 3961 905 4003 tos
936 3948 1002 4001 ad
1047 3944 1397 4015 agnitionem.
1432 3936 1584 4003 Quod
1616 3936 1796 3996 etiam,
1827 3938 1883 3985 ut
1908 3928 1987 3984 eis
2018 3929 2192 3981 visum
2231 3930 2370 3985 erat,

822 4041 1022 4094 factum
1052 4042 1219 4097 esset,
1244 4033 1349 4086 nisi
1374 4031 1476 4084 hoc
1505 4015 1705 4082 malum
1723 4022 2007 4079 consilium
2038 4019 2102 4072 ad
2126 4016 2371 4071 effectum

824 4128 1015 4187 deduci
1032 4127 1174 4182 Deus
1199 4121 1582 4195 prohibuisset.
1602 4117 1739 4169 Nam
1764 4128 1884 4167 cum
1910 4110 2165 4164 sensisset
2187 4118 2374 4159 eorum

826 4221 1073 4278 consilia,
1106 4232 1167 4271 ea
1199 4228 1316 4283 quae
1345 4211 1638 4280 pretiosum
1669 4202 1920 4273 martyris
1949 4206 2111 4268 caput
2153 4209 2375 4262 accepe-

827 4319 909 4364 rat
928 4306 1163 4379 (mulieri
1189 4318 1381 4357 nomen
1405 4307 1520 4355 erat
1541 4298 1777 4365 Catula),
1799 4301 2032 4346 mentem
2058 4304 2207 4343 suam
2227 4299 2377 4339 com-

828 4375 1429 4453 municabatlidelibus,
1464 4397 1523 4442 ut
1572 4386 1680 4440 Deo
1724 4393 1930 4452 gratam
1979 4386 2032 4432 et
2078 4375 2450 4441 acceptam.D

829 4488 893 4543 Et
926 4504 1048 4542 cum
1079 4480 1413 4554 splendidam
1443 4486 1497 4532 et
1530 4478 1731 4529 lautam
1762 4478 2074 4540 apparasset
2114 4474 2375 4527 mensam,

831 4584 1045 4635 lictores
1076 4577 1280 4644 accepit
1303 4570 1568 4627 convivio.
1601 4565 1819 4620 Interim
1850 4575 1995 4622 vero,
2021 4559 2146 4613 dum
2168 4557 2203 4608 ii
2236 4569 2372 4608 con-

833 4673 1029 4727 vivium
1061 4668 1267 4722 inibant
1300 4663 1442 4733 apud
1472 4659 1776 4719 mulierem,
1801 4652 2017 4723 quidam
2050 4665 2113 4702 ex
2139 4646 2381 4699 ﬁdelibus

832 4763 1105 4833 accipiunt
1136 4765 1437 4826 martyrum
1462 4750 1741 4819 reliquias,
1790 4755 1841 4800 et
1885 4759 1977 4798 eas
2022 4736 2377 4793 abscondunt.

834 4857 1052 4915 Deinde,
1083 4852 1232 4916 linito
1263 4848 1531 4905 convivio,
1559 4858 1682 4897 cum
1713 4854 1829 4894 eam
1864 4852 1973 4891 rem
2001 4828 2384 4902 deprehendis-

834 4958 954 5004 sent
980 4948 1216 5007 lictores,
1252 4942 1330 4995 ira
1364 4936 1517 4992 valde
1544 4940 1698 4991 erant
1723 4928 1951 5001 perciti;
1982 4925 2075 4980 sed
2122 4923 2382 4977 fervorem

835 5037 926 5088 irae
950 5033 1210 5087 sedarunt
1239 5040 1484 5086 munera.
1514 5033 1569 5077 et
1603 5022 1975 5076 vehementem
2007 5012 2245 5067 furorem
2275 5008 2382 5061 dis-

837 5124 994 5179 solvit
1022 5121 1214 5176 mulier
1236 5115 1483 5188 pecunia.
1517 5113 1651 5168 Cum
1687 5111 1763 5164 illi
1792 5118 1969 5162 autem
2004 5102 2381 5161 recessissent,

839 5221 892 5271 in
912 5216 1146 5286 quadam
1167 5212 1329 5267 domo
1352 5206 1575 5277 deponit
1595 5204 1785 5257 Catula
1810 5211 2102 5268 martyrum
2134 5191 2387 5260 reliquias

842 5283 999 5365 tertio
1028 5306 1227 5361 mensis
1284 5300 1535 5357 Octobris
1560 5336 1575 5359 ,
1730 5286 2001 5345 miraculis
2162 5283 2364 5338 allatim

843 5398 1251 5469 proﬂuentibus,
1286 5390 1508 5463 perinde
1560 5402 1622 5441 ac
1653 5385 1832 5454 aliquo
1882 5383 2025 5436 fonte
2076 5379 2296 5449 pulchre
2336 5383 2389 5430 et

844 5493 1088 5549 suaviter
1116 5496 1391 5543 manante.
1422 5484 1537 5538 Non
1574 5480 1801 5535 multum
1849 5473 2108 5545 temporis
2131 5472 2384 5526 interces-

933 5639 958 5685 ἰ
993 5642 1134 5695 Psal.
1205 5655 1358 5699 cun,
1386 5638 1434 5697 ὅ,
1469 5633 1518 5686 6.

2453 3255 2598 3307 μαις,
2633 3233 2718 3289 οἷά
2777 3253 2896 3288 τινα
2959 3236 3259 3304 θησαυρὸν,
3295 3232 3601 3286 ἐναπέθετο.
3640 3231 3896 3283 Ἔκειντο
3956 3229 4010 3281 δὲ

2451 3329 2791 3399 ἀμελούμενα
2821 3326 2888 3379 τά
2919 3326 3026 3378 τῶν
3061 3326 3227 3393 άγίων
3265 3323 3554 3397 μαρτύρων
3586 3323 3744 3390 τίμια
3766 3321 4010 3389 -σὼματα

2452 3419 2612 3494 Θηρισὶ
2646 3419 2778 3492 βορὰ
2813 3419 2903 3473 καὶ
2926 3417 3129 3490 ὀρνέοις
3180 3414 3529 3488 προκείμενα,
3568 3412 3702 3483 μηδὲ
3728 3412 3829 3482 τῆς
3864 3427 4006 3463 νενο-

2456 3510 2719 3579 μισμένης
2750 3508 2977 3577 λαχόντα
3008 3505 3203 3575 ταφῆς.

2524 3601 2586 3651 Ol
2621 3600 2800 3669 μέντοι
2842 3599 3021 3668 δήμιοι
3084 3598 3201 3650 οὐδὲ
3251 3595 3410 3666 μέχρι
3470 3590 3661 3645 τούτου
3708 3589 3816 3659 τῆς
3849 3586 4013 3659 ὀργῆς

2455 3691 2701 3762 ἔστησαν·
2737 3689 2868 3743 ἀλλά
2898 3689 2989 3743 καὶ
3019 3691 3128 3750 τοῖς
3176 3685 3441 3754 λειψάνοις
3487 3685 3664 3744 αὐτοῖς
3698 3680 4016 3751 ἐπιμαίνον-

2454 3801 2563 3847 ται,
2600 3783 2840 3854 θαλάσσῃ
2867 3781 3047 3834 δοῦναι
3081 3780 3169 3832 καὶ
3206 3777 3349 3848 βυθῷ
3403 3774 3880 3846 προθυμούμενοι,
3944 3772 4015 3834 ὡς

2456 3873 2520 3926 ἂν
2558 3872 2630 3942 μὴ
2661 3872 2759 3933 τὰς
2793 3869 2977 3931 αὑτάς,
3014 3869 3104 3919 καὶ
3156 3868 3336 3935 ἄψυχα
3370 3863 3519 3937 ὄντα,
3570 3861 4016 3931 θαυματουργίας

2459 3963 2812 4026 ἐνδείξαιντο,
2879 3954 3166 4011 κάντεῦθεν
3208 3954 3399 4017 ἕλξωσι
3430 3953 3553 4013 τοὺς
3606 3952 3834 4013 πολλοὺς
3888 3950 4018 4021 πρὸς

2460 4052 2767 4119 ἐπίγνωσιν.
2813 4049 2876 4100 Ὃ
2921 4046 3003 4116 δὴ,
3040 4045 3113 4107 ὠς
3147 4043 3326 4104 αὐτοῖς
3376 4038 3538 4102 ἔδοξε,
3592 4038 3819 4104 γέγονεν
3854 4039 3942 4097 ἂν,
3976 4039 4019 4087 εἰ

2464 4143 2537 4210 μὴ
2569 4143 2635 4209 τῇ
2674 4140 2880 4208 πονηρᾷ
2911 4136 3084 4204 ταύτῃ
3120 4134 3286 4205 πέρας
3320 4128 3673 4200 ἐπενεχθῆναι
3722 4126 3890 4195 βουλῇ
3923 4126 4021 4177 διε-

2462 4230 2698 4283 κώλυσεν
2730 4230 2757 4278 ὁ
2790 4227 2935 4288 Θεός.
2974 4224 3270 4292 Αἰσθομένη
3323 4221 3428 4292 γάρ
3460 4220 3552 4272 τοῦ
3588 4217 3960 4288 βουλεύματος
3992 4217 4021 4284 ἡ

2463 4323 2559 4394 τὴν
2591 4320 2774 4390 τιμίαν
2802 4317 2878 4388 τῷ
2909 4316 3025 4385 Θεῷ
3077 4313 3311 4383 κεφαλὴν
3356 4311 3618 4381 δεξαμένη
3674 4310 3872 4378 (ὄνομα
3918 4310 4024 4361 Κα-

2463 4415 2625 4469 τούλα
2655 4416 2720 4485 τῇ
2754 4410 2988 4481 γυναικί)
3025 4408 3291 4462 κοινοῦταί
3342 4422 3461 4458 τινα
3493 4407 3604 4465 τοῖς
3638 4404 3857 4463 πιστοῖς
3890 4401 4023 4468 γνώ-

2469 4523 2573 4577 μην
2604 4506 2676 4568 ὼς
2709 4502 2938 4572 ἀρεστὴν
2998 4498 3076 4569 τῷ
3131 4498 3247 4567 Θεῷ
3311 4497 3401 4549 καὶ
3435 4493 3750 4546 ἀπόδεκτον
3801 4492 3897 4543 καὶ
3933 4506 4025 4541 πο-

2465 4598 2656 4666 λυτελῆ
2690 4593 3033 4666 παραθεμένη
3066 4591 3163 4660 τὴν
3194 4586 3489 4657 τράπεζαν,
3523 4586 3603 4647 είς
3633 4582 3873 4653 εὐωχίαν
3906 4582 4024 4643 τοὺς

2466 4687 2686 4758 δημίους
2748 4684 3069 4756 παρέλαϐεν.
3138 4682 3222 4734 Ἐν
3254 4682 3361 4750 ὅσῳ
3421 4680 3477 4732 δὲ
3540 4673 3681 4731 οὗτοι
3748 4674 4027 4727 εἱστιῶντο

2469 4780 2619 4849 παρὰ
2651 4782 2717 4849 τῇ
2750 4778 2998 4845 γυναικὶ,
3060 4774 3167 4827 τῶν
3200 4774 3403 4827 πιστῶν
3452 4787 3596 4832 τινες
3626 4767 3697 4822 τὰ
3730 4768 3895 4837 τίμια
3925 4765 4028 4817 τῶν

2474 4870 2759 4943 μαρτύρων
2793 4866 3224 4937 ὑπολαμϐάνουσι
3254 4865 3478 4932 λείψανα
3512 4862 3604 4915 καὶ
3637 4863 3694 4913 ὲν
3714 4852 3810 4928 τῷ
3838 4857 4029 4925 ἀφανεῖ

2471 4963 2864 5017 κατατίθενται.
2900 4957 3047 5024 Εῑτα,
3080 4960 3177 5029 τῆς
3210 4956 3438 5026 εὐωχίας
3469 4952 3814 5019 διαλυθείσης
3838 4990 3853 5014 ,
3922 4952 4027 5009 τοῖς

2472 5057 2681 5125 δημίοις
2712 5055 2772 5107 τὸ
2804 5054 3032 5123 πρᾶγμα
3082 5048 3391 5119 φωράσασιν
3424 5046 3515 5097 ἐπὶ
3550 5044 3693 5114 μέγα
3724 5042 3822 5094 καὶ
3874 5040 4027 5092 πάλιν

2474 5150 2768 5201 άνεκινεῐτο
2797 5143 2864 5197 τά
2896 5142 2988 5196 τοῦ
3022 5140 3189 5210 θυμοῦ
3228 5139 3319 5191 καὶ
3350 5134 3771 5205 διεθερμαίνετοσ
3810 5132 3947 5185 ἀλλὰ
3974 5129 4027 5181 τὸ

2476 5238 2573 5307 τῆς
2605 5238 2768 5309 ὀργῆς
2801 5234 2917 5299 ζέον
2957 5232 3025 5285 τά
3056 5230 3201 5302 δῶρα
3233 5224 3520 5294 κατέψυξε,
3556 5223 3648 5275 καὶ
3676 5221 3738 5275 τὸ
3774 5220 3911 5273 πολὺ
3941 5218 4026 5271 τοῦ

2477 5327 2645 5397 Θυμοῦ
2677 5328 2943 5397 χρήμασιν
2976 5323 3008 5392 ἡ
3042 5320 3175 5388 γυνὴ
3210 5315 3489 5387 παραλύει.
3542 5311 3826 5366 Κάκείνων
3873 5309 4028 5363 dmi-

2480 5420 2764 5485 λαγέντων,
2801 5415 2855 5467 έν
2884 5432 2987 5467 τινι
3019 5412 3086 5465 τά
3136 5410 3242 5463 τῶν
3278 5408 3569 5479 μαρτύρων
3610 5405 3838 5473 λείψανα
3873 5406 3907 5473 η
3944 5420 4028 5472 μα·

2482 5506 2642 5577 καρία
2675 5502 2922 5557 Κατούλα
2977 5501 3246 5570 δομήματι
3300 5492 3640 5565 κατατίθησι,
3694 5493 3888 5564 τρίτην
3940 5492 4024 5543 τοῦ
