4178 6316
195 375 316 439 1049
1408 363 1576 424 νιΤΑ
1622 361 1684 421 S.
1723 356 2031 418 ANDRON
2045 354 2161 414 [ΕΙ.
3262 341 3395 403 1050

185 481 471 551 ὀκτωὸρξου
523 478 691 550 μηνὸς
740 477 980 544 ἄγοντος.
1036 473 1159 526 Τῶν
1206 472 1261 524 δὲ
1311 471 1605 540 θαυμάτων
1647 465 1734 521 οἷά
1764 480 1804 531 Α

1888 475 1937 529 t,
1988 474 2043 518 et
2091 458 2477 515 convenientes
2517 455 2795 510 christiani
2845 452 3100 522 templum
3145 450 3395 521 gloriosis

186 592 316 637 τινος
367 573 548 641 πηγῆς
585 570 722 638 ὁμοῦ
775 568 1006 635 ναούσης
1048 567 1141 621 καὶ
1190 564 1439 634 ἥδιστον.
1482 562 1730 631 ἀφθόνως

1880 559 2071 610 tcitant
2104 553 2419 611 victoribus,
2475 560 2526 604 et
2555 548 2605 601 in
2638 546 2753 616 ipso
2781 560 2966 599 eorum
3011 544 3278 612 pretiosas
3305 544 3397 594 de-

192 634 712 736 προέιομέῦᾦνίοῦ
771 660 903 712 πολὺ
954 634 1016 710 se
1063 660 1122 711 ὲν
1186 656 1335 726 μέσῳ
1386 654 1732 716 συνελθόντες

1880 658 2043 702 onuut
2070 645 2320 714 reliquias
2346 660 2360 697 :
2388 643 2453 697 ad
2477 640 2699 712 gloriam
2740 639 2831 692 Dei
2870 636 3069 700 Patris,
3100 646 3155 690 et
3183 634 3393 688 Domini

190 755 494 828 Χριστιανοὶ
533 756 657 807 ναὸν
694 754 806 816 τοῖς
844 751 1171 812 καλλινίκοες
1220 748 1599 817 ἀνεγείρουσι,
1642 745 1735 798 καὶ

1880 740 2011 796 ostri
2039 738 2162 792 .lesu
2190 736 2387 790 Christi
2419 751 2433 786 :
2469 748 2628 802 quem
2664 732 2818 785 decet
2844 729 3020 781 honor
3054 737 3106 781 et
3134 726 3399 788 adoratio,

190 849 255 901 τὰ
288 849 442 918 τίμια
475 847 680 901 τούτων
715 847 772 897 ἐν
809 842 956 911 αὐτῷ
996 840 1320 894 ἀπο-τιθέασι
1368 837 1627 905 λείψανα·
1657 836 1738 895 εἰς

1883 847 1984 884 unc
2010 841 2062 883 et
2088 843 2321 896 semper,
2352 835 2405 880 et
2438 826 2488 877 in
2520 825 2716 879 saecula
2748 821 3095 877 saeculorum.
3121 819 3311 872 Amen.

190 913 355 1008 δόξαν-
380 944 514 997 Θεοῦ
556 942 804 1010 Πατρὸς,
866 940 964 991 καὶ
1018 938 1223 1008 Κυρίου
1258 934 1416 1004 ἡμῶν
1468 931 1648 1003 Ἰησοῦ·
1692 926 1972 999 Χριστοῦ,
2034 919 2079 994 ᾧ
2117 927 2316 996 πρέπει
2371 923 2507 994 τιμὴ
2563 922 2655 975 καὶ
2720 917 3093 989 προσκύνησις
3142 915 3219 978 εἰς
3273 913 3404 975 τοὺς

192 1036 403 1100 αἰῶνας.
454 1039 645 1106 Ἀμήν.

203 1160 3376 1201 ΜΗ

3260 1177 3379 1191 α’*

1106 1179 2815 1194 ___________.___________,,

844 1356 1303 1513 VlTA
1399 1358 1556 1510 S.
1718 1350 2761 1505 ANDBONICI

1104 1646 1272 1754 ET
1350 1641 1686 1757 EJUS
1772 1636 2497 1752 CONJUGIS.

195 1870 361 1933 (Apud
401 1869 597 1921 Surium
651 1866 709 1914 ad
748 1864 879 1913 diem
917 1864 977 1913 27
1016 1863 1305 1933 februarii;
1335 1861 1500 1933 Graece
1528 1855 2089 1933 rion-eitstat‘iii'mss.‘
2106 1853 2483 1933 jPar-isﬁnslgfli‘
2492 1851 2815 1933 ιιζο311δηκ1ἱειυι
2857 1851 3015 1901 Vitam
3072 1851 3122 1900 S.
3157 1847 3415 1900 Andronici

1012 1898 1277 1977 ἑέἱὲἑῖἑῖ
1291 1898 1835 1971 [ἔιίἔὲἒίᾘιίὶειῖΐὲἷ
1848 1898 2058 1966 meust;
2069 1898 2138 1964 id
2151 1898 2283 1963 ὀίέῶ
2295 1898 2341 1963 '9
2359 1898 2599 1963 anno;
2616 1913 2633 1976 )

271 2259 313 2313 l.
355 2257 414 2310 in
444 2256 634 2310 diebus
672 2252 962 2307 Theodosii
1016 2250 1189 2322 Magni
1238 2251 1598 2321 imperatoris,
1648 2262 1764 2307 erat
1788 2258 1839 2316 Α
1866 2269 2039 2323 usque
2058 2252 2126 2308 ad
2158 2252 2344 2306 horam
2377 2258 2627 2312 sextam:
2670 2258 2725 2303 et
2766 2262 3044 2311 reversus,
3079 2247 3229 2301 audit
3256 2246 3422 2321 ejula-

199 2350 256 2403 in
288 2360 478 2417 magna
531 2344 664 2398 urbe
712 2342 999 2397 Antiochia
1047 2341 1263 2409 juvenis
1311 2342 1525 2411 quidam
1569 2359 1762 2414 argen-
1866 2355 1977 2398 tum
2024 2353 2076 2399 et
2122 2343 2432 2406 tumultum,
2484 2342 2574 2409 qui
2608 2339 2775 2393 ﬁebat
2815 2338 2956 2392 domi
2994 2353 3125 2391 sme.
3170 2338 3260 2393 Ille
3298 2354 3425 2392 vero

202 2437 397 2502 larius,
425 2435 642 2489 nomine
672 2431 1048 2487 Andronicus.
1072 2432 1295 2499 Accepit
1332 2443 1511 2486 autem
1542 2449 1761 2487 uxorem
1866 2436 2215 2490 conturbatus
2253 2433 2513 2494 cucurrit,
2544 2441 2597 2485 et
2640 2431 2843 2483 invenit
2883 2444 3098 2483 omnem
3150 2429 3263 2485 fere
3297 2432 3430 2486 civi-

203 2530 369 2583 ﬁliam
399 2526 708 2598 argentarii,
754 2523 973 2578 nomine
1021 2521 1269 2577 Joannis.
1316 2523 1447 2578 Erat
1484 2540 1608 2577 vero
1648 2524 1766 2593 ejus
1868 2536 2031 2581 tatem
2061 2525 2204 2581 domi
2230 2540 2342 2579 sua?
2369 2536 2422 2579 et
2455 2540 2652 2594 pueros
2679 2534 2939 2578 mortuos.

203 2635 408 2675 nomen
445 2617 758 2674 Athanasia.
795 2618 918 2670 Erat
953 2616 1310 2671 enimmevera
1352 2616 1669 2676 Athanasio,
1715 2617 1765 2671 id

204 2719 312 2778 est,
343 2709 756 2773 immortalis,et
780 2708 1029 2771 factis,et
1055 2707 1399 2776 cogitatione.
1433 2709 1560 2762 Erat
1589 2718 1768 2762 autem

205 2800 553 2856 Andronicus
581 2798 736 2853 valde
783 2798 924 2867 pius,
976 2805 1031 2851 et
1071 2799 1263 2866 plenus
1298 2798 1455 2851 bouis
1496 2799 1768 2868 operibus.

208 2893 474 2949 Similiter
529 2906 657 2946 vero
708 2890 828 2960 ejus
882 2904 1099 2960 quoque
1159 2904 1338 2942 uxor:
1397 2899 1555 2943 erant
1592 2898 1782 2965 autem.

206 2984 366 3039 valde
397 2983 608 3038 divites.
644 2980 733 3037 Sic
759 2996 890 3036 vero
924 2982 1083 3035 vitam
1126 2995 1275 3034 suam
1313 2978 1542 3051 agebant
1582 2994 1775 3049 argen-

208 3075 425 3141 tariam,
449 3085 503 3130 et
527 3074 810 3129 facultates
845 3089 969 3127 suas
995 3073 1297 3127 diviserunt
1326 3075 1380 3126 in
1419 3082 1529 3127 tres
1559 3082 1773 3140 partes:

207 3184 376 3224 unam
410 3166 625 3236 quidem
669 3166 725 3218 in
760 3164 1027 3218 ratio‘nem
1068 3179 1390 3232 pauperum,
1422 3173 1477 3216 et
1508 3164 1665 3217 aliam
1720 3163 1776 3217 iu

209 3260 481 3314 rationem
506 3255 916 3319 monachorum,
949 3262 1003 3308 et
1024 3254 1181 3308 aliam
1222 3252 1278 3308 in
1312 3255 1574 3308 rationem
1607 3253 1779 3307 facul-

210 3359 387 3408 tatum
417 3358 472 3405 et
501 3347 749 3404 oﬁicinat.
796 3344 1062 3402 Universa
1106 3355 1285 3401 autem
1325 3345 1516 3401 civitas
1564 3345 1782 3400 amabat

208 3442 497 3499 dominum
523 3440 893 3496 Andronicum
927 3446 1148 3508 propter
1181 3438 1299 3507 ejus
1329 3437 1671 3492 modestiam.

283 3533 354 3590 ιι.
394 3532 659 3606 ϐοειιονὶι
689 3540 871 3586 autem
908 3546 1062 3585 suam
1098 3527 1357 3597 uxorem;
1389 3539 1444 3585 et
1481 3546 1602 3584 cum
1648 3545 1779 3585 con-

1938 2617 2027 2671 lll.
2088 2617 2331 2685 Cumque
2397 2617 2623 2671 vidisset
2676 2616 2911 2670 infantes
2968 2617 3020 2669 in
3071 2618 3211 2672 lecto
3270 2615 3433 2671 simul

1866 2709 2127 2780 jacentcs,
2165 2708 2440 2779 ingressus
2473 2709 2523 2761 in
2560 2723 2714 2761 suum
2747 2707 3040 2760 oratorium
3063 2749 3076 2769 ,
3111 2722 3169 2761 se
3210 2706 3436 2776 pi‘ojecit

1871 2810 1997 2856 ante
2037 2800 2404 2864 Servatorem,
2436 2806 2490 2851 et
2522 2797 2657 2853 ﬂens
2700 2797 2871 2852 dixit‘
2904 2815 2916 2849 :
2963 2816 2981 2848 ι
3017 2797 3138 2867 Ipse
3188 2810 3436 2869 egressus

1874 2909 1991 2947 sum
2034 2890 2211 2945 nudus
2244 2907 2306 2945 ex
2362 2901 2513 2944 utero
2560 2888 2747 2943 matris
2794 2903 2947 2954 mete,
2994 2890 3174 2944 nudus
3224 2905 3438 2958 quoque

1875 2986 2001 3039 illuc
2031 2987 2291 3038 revertar.
2341 2983 2602 3037 Dominus
2637 2982 2807 3045 dedit,
2860 2982 3123 3037 Dominus
3173 2984 3436 3037 abstulit:

1877 3078 2016 3132 sicut
2066 3074 2293 3129 Domino
2326 3075 2505 3129 visum
2553 3082 2658 3140 est,
2708 3075 2778 3127 ita
2830 3073 2942 3127 ﬁat.
2982 3073 3065 3126 Sit
3104 3089 3298 3128 nomen
3342 3073 3444 3127 Do-

1878 3169 2011 3224 mini
2042 3167 2385 3223 benedictum
2451 3180 2516 3220 ex
2558 3165 2660 3220 hoc
2690 3179 2837 3218 nunc
2876 3173 2929 3219 et
2969 3179 3140 3234 usque
3192 3165 3245 3217 iu
3276 3180 3445 3219 saecu-

1880 3261 2015 3313 lum.
2062 3276 2081 3309 i
2120 3256 2269 3311 Uxor
2325 3266 2508 3310 autem
2552 3258 2670 3327 ejus
2705 3257 2979 3325 qua‘rebat
3037 3271 3097 3311 se
3157 3255 3441 3319 suffocare.

1880 3352 2108 3406 dicens:
2167 3348 2364 3405 Moriar
2407 3364 2530 3403 cum
2588 3349 2722 3402 meis
2776 3347 2921 3401 ﬁlii‘s.
2993 3347 3258 3402 Convenit
3317 3365 3444 3402 vero

1884 3444 2136 3499 universa
2163 3443 2353 3497 civitas
2383 3441 2449 3496 ad
2480 3439 2790 3495 eﬁerendos
2822 3454 3044 3510 pueros,
3072 3440 3207 3496 adeo
3238 3450 3296 3495 ut
3337 3440 3446 3494 illic

1886 3527 2027 3590 esset
2087 3534 2390 3603 patriarcha
2442 3545 2562 3585 cum
2623 3542 2734 3585 toto
2787 3531 2935 3585 clero
2986 3546 3103 3598 suo.
3162 3531 3265 3585 Eos
3319 3547 3445 3587 vero

210 3626 490 3697 cepisset,
547 3624 758 3693 peperit
810 3622 1015 3690 illium,
1076 3631 1131 3677 et
1181 3623 1602 3677 nominaverunt
1657 3636 1779 3675 eum
1813 3593 1857 3653 Β
1885 3622 2255 3689 deposuerunt
2298 3621 2348 3672 iu
2382 3619 2635 3688 martyrio
2672 3616 2841 3672 sancti
2874 3617 3068 3671 Juliaui
3110 3635 3272 3688 supra
3317 3636 3447 3675 avos

208 3717 503 3773 Joannem.
532 3714 666 3770 Cum
717 3729 848 3769 vero
895 3715 1072 3769 adhuc
1119 3712 1173 3765 in
1210 3722 1363 3765 utero
1416 3710 1779 3780 concepisset,

212 3806 429 3878 peperit
463 3804 644 3869 ﬁliam,
696 3812 748 3860 et
794 3802 1095 3859 nominavit
1137 3817 1255 3855 eam
1311 3798 1554 3865 Mariam,
1608 3814 1783 3870 neque

212 3894 455 3965 amplius
490 3892 946 3964 appropinquavit
997 3890 1149 3945 uxori
1180 3891 1543 3945 Andronicus.
1585 3890 1785 3943 Conle-

214 3988 375 4043 rebat
404 3994 581 4039 autem
613 3999 770 4038 suum
805 3982 1039 4038 studium
1065 3983 1129 4037 ad
1154 3982 1441 4051 diligenter
1464 3992 1515 4035 et
1539 3981 1786 4034 lubenter

214 4071 603 4139 laborandum,
631 4090 754 4130 cum
789 4074 907 4128 aliis
942 4074 1140 4128 Christi
1190 4073 1493 4128 annntibus
1537 4081 1787 4142 argenta-

217 4172 341 4223 riis.
400 4167 680 4221 Dominico
734 4174 789 4220 et
836 4165 922 4220 die
975 4165 1213 4221 secundo
1269 4172 1323 4217 et
1371 4173 1567 4232 quarto
1626 4171 1677 4215 et
1732 4163 1785 4214 in

218 4261 553 4323 Parasceve,
609 4274 637 4312 a
679 4273 901 4328 vespera
955 4272 1121 4326 usque
1185 4258 1250 4309 ad
1304 4257 1623 4310 matutinum
1676 4253 1789 4306 ibat

212 4351 569 4405 Andronicus
597 4343 662 4404 ad
702 4350 956 4405 lavandos
1001 4350 1144 4401 viros
1186 4364 1315 4401 suos
1364 4346 1583 4401 lratres.
1629 4346 1787 4399 Simi-

217 4441 352 4495 liter
404 4450 584 4494 autem
642 4441 760 4509 ejus
810 4452 1025 4505 quoque
1072 4453 1205 4491 uxor
1251 4437 1318 4491 ad
1359 4435 1614 4490 lavandos
1664 4437 1780 4490 dili-

218 4541 419 4603 genter
476 4531 753 4586 mulieres.
826 4528 953 4584 Post
1014 4538 1225 4599 tempus
1300 4544 1429 4583 vero
1500 4527 1788 4583 duodecim

218 4637 519 4686 annorum,
562 4623 803 4692 ingressa
850 4628 932 4677 est
978 4622 1209 4691 quodam
1243 4620 1330 4675 die
1374 4634 1531 4675 mane
1572 4621 1789 4675 domina

218 4712 522 4768 Athanasia
550 4729 579 4766 a
610 4713 909 4767 voluntario
944 4712 1033 4765 illo
1061 4711 1243 4766 labore
1279 4712 1343 4765 ad
1378 4712 1634 4765 videndos
1664 4725 1789 4764 suos

220 4803 392 4866 ﬁlios,
424 4811 480 4856 et
503 4800 710 4855 invenit
740 4814 833 4855 eos
856 4800 1208 4868 suspirantes.
1239 4800 1328 4853 Illa
1356 4807 1533 4853 autem
1571 4810 1793 4853 contur-

1885 3728 2032 3767 suos.
2062 3712 2347 3780 Accipiens
2370 3720 2547 3769 autem
2576 3711 2792 3764 beatum
2835 3710 3200 3765 Andronicum
3238 3714 3449 3780 episco-

1886 3818 2007 3874 pus.
2045 3804 2316 3873 ingressus
2347 3810 2429 3855 est
2459 3800 2510 3855 iu
2544 3801 2685 3855 ardes
2732 3802 2869 3870 ejus.
2908 3801 3056 3855 Illius
3098 3811 3276 3857 autem
3315 3819 3449 3857 uxor

1886 3897 2060 3949 noluit
2111 3894 2259 3949 abire
2322 3894 2375 3946 in
2429 3894 2648 3948 domum
2707 3908 2895 3957 suam,
2961 3893 3055 3948 sed
3117 3892 3337 3948 dormiit
3396 3895 3448 3946 in

1888 3988 2160 4057 martyrio.
2196 3985 2367 4039 Media
2418 4001 2542 4039 vero
2597 3996 2758 4039 nocte
2805 3996 3028 4055 apparet
3072 3987 3119 4040 ei
3165 3997 3364 4057 martyr
3396 3984 3447 4039 in

1890 4078 2075 4133 habitu
2110 4076 2385 4142 monachi,
2419 4077 2607 4130 dicens
2641 4075 2688 4129 ei
2720 4074 2863 4130 :Cur
2900 4092 3005 4129 non
3040 4076 3172 4130 sinis
3211 4092 3325 4138 eos,
3357 4079 3449 4146 qui

1890 4171 1978 4224 hic
2016 4179 2163 4235 sunt,
2215 4167 2591 4237 requiescere?
2644 4167 2737 4221 Illa
2779 4175 2960 4221 autem
3005 4166 3179 4221 dixit:
3227 4167 3452 4221 Domine

1890 4260 1983 4323 mi,
2039 4276 2103 4312 ne
2156 4257 2285 4312 mihi
2343 4258 2617 4322 irascaris,
2676 4273 2799 4311 nam
2858 4273 2974 4311 sum
3028 4258 3182 4313 valde
3234 4258 3451 4312 alllicta.

1892 4351 2160 4405 Habebam
2192 4358 2371 4403 autem
2410 4349 2546 4402 duos
2576 4348 2719 4401 solos
2753 4347 2918 4412 ﬁlios,
2960 4358 3013 4402 et
3064 4347 3223 4402 hodie
3266 4349 3454 4403 ambos

1890 4440 2048 4493 simul
2080 4440 2266 4492 extuli.
2301 4440 2391 4492 ille
2428 4454 2553 4491 vero
2578 4438 2744 4492 dicit:
2779 4436 2919 4503 Quot
2945 4453 3118 4492 annos
3162 4439 3267 4490 uati
3302 4451 3458 4493 erant

1893 4529 1967 4583 tui
2006 4529 2195 4597 pueri?
2226 4528 2316 4584 llla
2362 4543 2489 4583 vero
2533 4528 2665 4581 dicit
2698 4527 2749 4581 ei
2782 4544 2794 4579 :
2830 4527 2983 4583 Unus
3012 4536 3127 4581 erat
3170 4527 3452 4582 duodecim

1891 4636 2064 4678 annos
2101 4631 2279 4685 natus,
2340 4622 2479 4674 alter
2531 4634 2658 4672 vero
2694 4618 2901 4693 decem.
2958 4619 3052 4671 llle
3096 4626 3277 4672 autem
3328 4619 3459 4674 dicit

1895 4715 1946 4770 ei
1980 4713 2126 4770 :Cur
2159 4714 2321 4783 igitur
2365 4713 2483 4766 illos
2515 4709 2715 4766 deﬁes?
2747 4710 2964 4765 Utinam
2988 4709 3215 4765 deﬁeres
3238 4719 3458 4779 peccata

1896 4817 2003 4862 tua.
2040 4807 2168 4861 Dico
2198 4806 2342 4860 enim
2379 4807 2493 4871 tibi,
2529 4805 2739 4866 mulier,
2774 4804 2916 4873 quod
2960 4804 3231 4873 quomodo
3266 4810 3458 4856 natura

220 4896 359 4950 bim
424 4892 670 4947 3503mm
701 4892 755 4944 in
802 4892 1000 4946 Ιθειυω
1052 4905 1235 4957 suum.
1281 4900 1335 4944 ει
1380 4892 1557 4959 βοδυίι
1606 4892 1792 4946 ambos
1819 4928 1863 4989 ε
1897 4900 2131 4953 hominis
2159 4898 2325 4969 exigit
2367 4898 2567 4961 cibum,
2611 4906 2666 4949 et
2709 4894 2825 4949 ﬁeri
2857 4909 2965 4950 non
3016 4901 3217 4965 potest,
3255 4901 3311 4947 ut
3348 4908 3455 4946 non

221 5000 398 5057 supra
440 4992 628 5054 pectus
672 4997 851 5037 suum.
902 4984 1099 5036 Beatus
1152 4997 1280 5037 vero
1320 4981 1662 5037 Andronicus
1710 4983 1795 5035 iu-

136 5073 143 5077 ’
222 5090 483 5149 gressus,
538 5074 705 5143 caspit
757 5073 989 5128 clamare
1040 5076 1094 5126 in
1144 5087 1363 5127 uxorem
1403 5089 1596 5139 suam,
1651 5074 1795 5142 quod

222 5168 466 5224 multum
507 5167 789 5221 dormiret.
839 5165 931 5219 Illa
976 5178 1157 5221 autem
1213 5167 1394 5220 dixit:
1445 5163 1562 5220 Noli
1612 5166 1794 5231 irasci,

222 5262 455 5317 domine
485 5261 579 5324 mi,
630 5259 779 5328 pueri
826 5258 971 5313 enim
1020 5269 1146 5313 sunt
1194 5257 1405 5314 inﬁrma
1442 5258 1797 5312 valetudine:

223 5362 287 5409 et
334 5366 459 5407 cum
504 5353 789 5423 tetigisset,
846 5351 1052 5405 invenit
1101 5366 1193 5404 eos
1231 5350 1401 5405 teneri
1451 5367 1480 5403 a
1531 5350 1700 5411 febre,
1745 5356 1799 5404 et

222 5440 369 5495 dicit
408 5440 736 5510 suspirans:
774 5438 892 5494 Fiat
933 5440 1185 5493 voluntas
1231 5441 1322 5494 Dei
1357 5457 1369 5493 :
1409 5450 1462 5494 et
1496 5440 1596 5494 ivit
1641 5450 1795 5494 extra

221 5531 534 5594 civitatem,
563 5532 631 5587 ad
680 5532 1010 5601 precandum
1058 5542 1309 5586 sanctum
1351 5530 1643 5586 Julianuiu.
1684 5532 1799 5587 Illic

222 5623 379 5680 enim
434 5625 684 5693 iaeebant
743 5626 862 5694 ejus
918 5633 1190 5695 parentes.
1251 5622 1375 5677 Fuit
1439 5632 1618 5679 autem
1688 5622 1797 5678 illic

300 5766 321 5798 ⁸
352 5762 457 5820 Job
492 5780 528 5826 ι,
561 5762 651 5817 21.

1896 4992 2053 5046 detur
2076 4989 2143 5044 ad
2177 4989 2591 5051 comedendum,
2640 4988 2712 5041 ita
2743 4986 2906 5041 etiam
2947 4987 3100 5055 pueri
3146 4988 3198 5039 in
3244 4985 3333 5038 illo
3371 4986 3459 5040 die

1899 5088 2132 5151 poscunt
2179 5095 2209 5133 a
2259 5079 2478 5133 Christo
2526 5079 2668 5133 bona
2718 5078 2919 5139 l‘utura,
2975 5077 3265 5131 dicentes:
3309 5074 3461 5130 Juste

1898 5172 2091 5234 Judex,
2136 5172 2358 5240 privasti
2386 5185 2485 5224 nos
2528 5170 2688 5224 rebus
2738 5168 2991 5233 terrenis,
3037 5183 3106 5222 ne
3149 5183 3246 5221 nos
3296 5166 3460 5220 etiam

1901 5264 2080 5333 prives
2120 5262 2453 5318 caelestibus.
2491 5262 2584 5316 Illa
2624 5270 2803 5316 autem
2843 5276 2966 5314 cum
3023 5258 3339 5321 audivisset,
3380 5268 3464 5312 est

1905 5366 2247 5424 compuncta,
2280 5363 2333 5409 et
2363 5356 2590 5410 mutavit
2616 5354 2817 5409 luctum
2846 5353 2896 5406 in
2928 5353 3205 5423 gaudium,
3242 5352 3463 5406 dicens:

1907 5447 1959 5501 Si
1985 5463 2112 5518 ergo
2144 5448 2329 5501 vivunt
2354 5447 2448 5504 ﬁlii
2472 5448 2577 5502 mei
2613 5447 2665 5499 in
2696 5446 2859 5508 cmlo,
2893 5446 3021 5513 quid
3065 5443 3204 5499 ﬂeo?
3231 5454 3282 5498 et
3331 5458 3464 5496 con-

1904 5551 2083 5602 versa,
2134 5539 2347 5606 quresiit
2391 5538 2635 5593 abbatem
2689 5537 2779 5607 qui
2826 5539 2873 5591 ei
2918 5538 3094 5590 fuerat
3142 5536 3373 5595 locutus,
3415 5543 3468 5587 et

1905 5640 2025 5681 cum
2066 5636 2231 5682 totum
2267 5627 2441 5683 locum
2471 5626 2711 5692 obiisset,
2743 5641 2851 5681 non
2881 5626 3100 5681 invenit.
3134 5626 3197 5678 Et
3220 5623 3465 5678 sciscita—
