  <div class='ocr_page' id='page_1' title='image "/cluster/home/n/w/nwhite01/storage/ocr_20150623/115/pst.000005714285/649.png"; bbox 0 0 4178 6316; ppageno 0'>
   <div class='ocr_carea' id='block_1_1' title="bbox 762 354 892 419">
    <p class='ocr_par' dir='ltr' id='par_1_1' title="bbox 762 354 892 419">
     <span class='ocr_line' id='line_1_1' title="bbox 762 354 892 419; baseline 0.031 -5"><span class='ocrx_word' id='word_1_1' title='bbox 762 354 892 419; x_wconf 79' lang='grc'><strong>1051</strong></span> 
     </span>
    </p>
   </div>
   <div class='ocr_carea' id='block_1_2' title="bbox 2039 355 2713 419">
    <p class='ocr_par' dir='ltr' id='par_1_2' title="bbox 2039 355 2713 419">
     <span class='ocr_line' id='line_1_2' title="bbox 2039 355 2713 419; baseline -0.003 0"><span class='ocrx_word' id='word_1_2' title='bbox 2039 358 2321 419; x_wconf 76' lang='lat' dir='ltr'><strong>MENSIS</strong></span> <span class='ocrx_word' id='word_1_3' title='bbox 2359 355 2713 418; x_wconf 78' lang='lat' dir='ltr'><strong>OCTOBER.</strong></span> 
     </span>
    </p>
   </div>
   <div class='ocr_carea' id='block_1_3' title="bbox 3861 364 3993 425">
    <p class='ocr_par' dir='ltr' id='par_1_3' title="bbox 3861 364 3993 425">
     <span class='ocr_line' id='line_1_3' title="bbox 3861 364 3993 425; baseline 0.015 -2"><span class='ocrx_word' id='word_1_4' title='bbox 3861 364 3879 423; x_wconf 84' lang='lat' dir='ltr'><strong>l</strong></span> <span class='ocrx_word' id='word_1_5' title='bbox 3891 364 3993 425; x_wconf 77' lang='lat'><strong>052</strong></span> 
     </span>
    </p>
   </div>
   <div class='ocr_carea' id='block_1_4' title="bbox 760 468 3994 537">
    <p class='ocr_par' dir='ltr' id='par_1_4' title="bbox 760 468 3994 537">
     <span class='ocr_line' id='line_1_4' title="bbox 760 468 3994 537; baseline 0.001 -13"><span class='ocrx_word' id='word_1_6' title='bbox 760 474 848 524; x_wconf 87' lang='lat' dir='ltr'><strong>tur</strong></span> <span class='ocrx_word' id='word_1_7' title='bbox 898 486 928 522; x_wconf 89' lang='lat' dir='ltr'><strong>a</strong></span> <span class='ocrx_word' id='word_1_8' title='bbox 980 469 1237 537; x_wconf 71' lang='lat' dir='ltr'><strong>ianitore,</strong></span> <span class='ocrx_word' id='word_1_9' title='bbox 1298 468 1528 523; x_wconf 87' lang='lat' dir='ltr'><strong>dicens:</strong></span> <span class='ocrx_word' id='word_1_10' title='bbox 1581 469 1681 524; x_wconf 82' lang='lat' dir='ltr'><strong>Ubi</strong></span> <span class='ocrx_word' id='word_1_11' title='bbox 1718 482 1801 523; x_wconf 90' lang='lat' dir='ltr'><strong>est</strong></span> <span class='ocrx_word' id='word_1_12' title='bbox 1848 470 2035 531; x_wconf 83' lang='lat' dir='ltr'><strong>abbas,</strong></span> <span class='ocrx_word' id='word_1_13' title='bbox 2096 468 2184 536; x_wconf 86' lang='lat' dir='ltr'><strong>qui</strong></span> <span class='ocrx_word' id='word_1_14' title='bbox 2248 476 2331 520; x_wconf 89' lang='lat' dir='ltr'><strong>est</strong></span> <span class='ocrx_word' id='word_1_15' title='bbox 2360 475 2403 529; x_wconf 79' lang='grc' dir='ltr'><strong>Α</strong></span> <span class='ocrx_word' id='word_1_16' title='bbox 2436 468 2663 520; x_wconf 81' lang='lat' dir='ltr'><strong>invicem</strong></span> <span class='ocrx_word' id='word_1_17' title='bbox 2706 469 3028 521; x_wconf 76' lang='lat' dir='ltr'><strong>salutassent</strong></span> <span class='ocrx_word' id='word_1_18' title='bbox 3075 475 3129 521; x_wconf 89' lang='lat' dir='ltr'><strong>et</strong></span> <span class='ocrx_word' id='word_1_19' title='bbox 3167 469 3433 537; x_wconf 75' lang='lat' dir='ltr'><strong>complexi</strong></span> <span class='ocrx_word' id='word_1_20' title='bbox 3478 470 3726 534; x_wconf 79' lang='lat' dir='ltr'><strong>fuissent,</strong></span> <span class='ocrx_word' id='word_1_21' title='bbox 3778 472 3994 528; x_wconf 78' lang='lat' dir='ltr'><strong>fuerunt</strong></span> 
     </span>
    </p>
   </div>
   <div class='ocr_carea' id='block_1_5' title="bbox 756 560 2319 630">
    <p class='ocr_par' dir='ltr' id='par_1_5' title="bbox 756 560 2319 630">
     <span class='ocr_line' id='line_1_5' title="bbox 756 560 2319 630; baseline -0.003 -14"><span class='ocrx_word' id='word_1_22' title='bbox 756 561 915 616; x_wconf 90' lang='lat' dir='ltr'><strong>modo</strong></span> <span class='ocrx_word' id='word_1_23' title='bbox 948 561 1054 614; x_wconf 89' lang='lat' dir='ltr'><strong>huc</strong></span> <span class='ocrx_word' id='word_1_24' title='bbox 1078 560 1383 630; x_wconf 87' lang='lat' dir='ltr'><strong>ingressus?</strong></span> <span class='ocrx_word' id='word_1_25' title='bbox 1412 561 1548 614; x_wconf 91' lang='lat' dir='ltr'><strong>Dicit</strong></span> <span class='ocrx_word' id='word_1_26' title='bbox 1577 562 1625 613; x_wconf 90' lang='lat' dir='ltr'><strong>ei</strong></span> <span class='ocrx_word' id='word_1_27' title='bbox 1665 560 1862 626; x_wconf 86' lang='lat' dir='ltr'><strong>janitor</strong></span> <span class='ocrx_word' id='word_1_28' title='bbox 1890 578 1904 613; x_wconf 89' lang='lat'><strong>:</strong></span> <span class='ocrx_word' id='word_1_29' title='bbox 1939 560 2094 613; x_wconf 87' lang='lat' dir='ltr'><strong>Vides</strong></span> <span class='ocrx_word' id='word_1_30' title='bbox 2130 575 2319 612; x_wconf 79' lang='lat' dir='ltr'><strong>omnes</strong></span> 
     </span>
    </p>
   </div>
   <div class='ocr_carea' id='block_1_6' title="bbox 750 647 2319 719">
    <p class='ocr_par' dir='ltr' id='par_1_6' title="bbox 750 647 2319 719">
     <span class='ocr_line' id='line_1_6' title="bbox 750 647 2319 719; baseline -0.002 -16"><span class='ocrx_word' id='word_1_31' title='bbox 750 653 944 719; x_wconf 84' lang='lat' dir='ltr'><strong>januas</strong></span> <span class='ocrx_word' id='word_1_32' title='bbox 968 652 1266 711; x_wconf 78' lang='lat' dir='ltr'><strong>obseratas,</strong></span> <span class='ocrx_word' id='word_1_33' title='bbox 1298 660 1351 702; x_wconf 93' lang='lat' dir='ltr'><strong>et</strong></span> <span class='ocrx_word' id='word_1_34' title='bbox 1385 650 1522 703; x_wconf 88' lang='lat' dir='ltr'><strong>dicis</strong></span> <span class='ocrx_word' id='word_1_35' title='bbox 1552 670 1563 704; x_wconf 88' lang='lat'>:</span> <span class='ocrx_word' id='word_1_36' title='bbox 1595 649 1692 703; x_wconf 79' lang='lat' dir='ltr'><strong>Ubi</strong></span> <span class='ocrx_word' id='word_1_37' title='bbox 1734 650 1998 702; x_wconf 84' lang='lat' dir='ltr'><strong>estabbas</strong></span> <span class='ocrx_word' id='word_1_38' title='bbox 2034 650 2121 716; x_wconf 85' lang='lat' dir='ltr'><strong>qui</strong></span> <span class='ocrx_word' id='word_1_39' title='bbox 2160 647 2319 700; x_wconf 91' lang='lat' dir='ltr'><strong>modo</strong></span> 
     </span>
    </p>
   </div>
   <div class='ocr_carea' id='block_1_7' title="bbox 751 741 2328 810">
    <p class='ocr_par' dir='ltr' id='par_1_7' title="bbox 751 741 2328 810">
     <span class='ocr_line' id='line_1_7' title="bbox 751 741 2328 810; baseline -0.005 -12"><span class='ocrx_word' id='word_1_40' title='bbox 751 754 835 798; x_wconf 90' lang='lat' dir='ltr'><strong>est</strong></span> <span class='ocrx_word' id='word_1_41' title='bbox 868 745 974 796; x_wconf 89' lang='lat' dir='ltr'><strong>huc</strong></span> <span class='ocrx_word' id='word_1_42' title='bbox 1003 742 1315 810; x_wconf 83' lang='lat' dir='ltr'><strong>ingressus?</strong></span> <span class='ocrx_word' id='word_1_43' title='bbox 1350 741 1478 793; x_wconf 83' lang='lat' dir='ltr'><strong>Eam</strong></span> <span class='ocrx_word' id='word_1_44' title='bbox 1527 753 1705 794; x_wconf 89' lang='lat' dir='ltr'><strong>autem</strong></span> <span class='ocrx_word' id='word_1_45' title='bbox 1760 742 1954 794; x_wconf 93' lang='lat' dir='ltr'><strong>erudiit</strong></span> <span class='ocrx_word' id='word_1_46' title='bbox 2003 756 2328 809; x_wconf 79' lang='lat' dir='ltr'><strong>paramoua—</strong></span> 
     </span>
    </p>
   </div>
   <div class='ocr_carea' id='block_1_8' title="bbox 756 831 2320 902">
    <p class='ocr_par' dir='ltr' id='par_1_8' title="bbox 756 831 2320 902">
     <span class='ocr_line' id='line_1_8' title="bbox 756 831 2320 902; baseline -0.004 -13"><span class='ocrx_word' id='word_1_47' title='bbox 756 838 888 897; x_wconf 89' lang='lat' dir='ltr'><strong>rius,</strong></span> <span class='ocrx_word' id='word_1_48' title='bbox 922 844 979 887; x_wconf 88' lang='lat' dir='ltr'><strong>ut</strong></span> <span class='ocrx_word' id='word_1_49' title='bbox 1022 835 1110 902; x_wconf 84' lang='lat' dir='ltr'><strong>qui</strong></span> <span class='ocrx_word' id='word_1_50' title='bbox 1167 834 1417 887; x_wconf 88' lang='lat' dir='ltr'><strong>scivisset</strong></span> <span class='ocrx_word' id='word_1_51' title='bbox 1459 849 1575 885; x_wconf 86' lang='lat' dir='ltr'><strong>eam</strong></span> <span class='ocrx_word' id='word_1_52' title='bbox 1634 834 1830 886; x_wconf 78' lang='lat' dir='ltr'><strong>vidiSSe</strong></span> <span class='ocrx_word' id='word_1_53' title='bbox 1891 834 2176 885; x_wconf 88' lang='lat' dir='ltr'><strong>visionem.</strong></span> <span class='ocrx_word' id='word_1_54' title='bbox 2229 831 2320 884; x_wconf 82' lang='lat' dir='ltr'><strong>Illa</strong></span> 
     </span>
    </p>
   </div>
   <div class='ocr_carea' id='block_1_9' title="bbox 754 922 2318 991">
    <p class='ocr_par' dir='ltr' id='par_1_9' title="bbox 754 922 2318 991">
     <span class='ocr_line' id='line_1_9' title="bbox 754 922 2318 991; baseline -0.005 -10"><span class='ocrx_word' id='word_1_55' title='bbox 754 942 907 990; x_wconf 89' lang='lat' dir='ltr'><strong>vero,</strong></span> <span class='ocrx_word' id='word_1_56' title='bbox 945 937 1087 978; x_wconf 91' lang='lat' dir='ltr'><strong>metu</strong></span> <span class='ocrx_word' id='word_1_57' title='bbox 1126 935 1396 991; x_wconf 78' lang='lat' dir='ltr'><strong>correpta,</strong></span> <span class='ocrx_word' id='word_1_58' title='bbox 1451 926 1656 991; x_wconf 73' lang='lat' dir='ltr'><strong>rcgavit</strong></span> <span class='ocrx_word' id='word_1_59' title='bbox 1697 934 1753 976; x_wconf 92' lang='lat' dir='ltr'><strong>ut</strong></span> <span class='ocrx_word' id='word_1_60' title='bbox 1783 924 1956 975; x_wconf 78' lang='lat' dir='ltr'><strong>abiret</strong></span> <span class='ocrx_word' id='word_1_61' title='bbox 2004 924 2055 974; x_wconf 91' lang='lat' dir='ltr'><strong>in</strong></span> <span class='ocrx_word' id='word_1_62' title='bbox 2099 922 2318 975; x_wconf 86' lang='lat' dir='ltr'><strong>domum</strong></span> 
     </span>
    </p>
   </div>
   <div class='ocr_carea' id='block_1_10' title="bbox 753 1013 2316 1087">
    <p class='ocr_par' dir='ltr' id='par_1_10' title="bbox 753 1013 2316 1087">
     <span class='ocr_line' id='line_1_10' title="bbox 753 1013 2316 1087; baseline -0.004 -16"><span class='ocrx_word' id='word_1_63' title='bbox 753 1034 932 1071; x_wconf 86' lang='lat' dir='ltr'><strong>suam.</strong></span> <span class='ocrx_word' id='word_1_64' title='bbox 961 1020 1084 1069; x_wconf 80' lang='lat' dir='ltr'><strong>Eam</strong></span> <span class='ocrx_word' id='word_1_65' title='bbox 1132 1032 1257 1069; x_wconf 81' lang='lat' dir='ltr'><strong>vero</strong></span> <span class='ocrx_word' id='word_1_66' title='bbox 1295 1016 1505 1084; x_wconf 86' lang='lat' dir='ltr'><strong>accepit</strong></span> <span class='ocrx_word' id='word_1_67' title='bbox 1543 1018 1772 1087; x_wconf 61' lang='lat' dir='ltr'><strong>ianitor,</strong></span> <span class='ocrx_word' id='word_1_68' title='bbox 1820 1026 1873 1068; x_wconf 91' lang='lat' dir='ltr'><strong>et</strong></span> <span class='ocrx_word' id='word_1_69' title='bbox 1920 1016 2220 1067; x_wconf 82' lang='lat' dir='ltr'><strong>introduxit</strong></span> <span class='ocrx_word' id='word_1_70' title='bbox 2266 1013 2316 1065; x_wconf 92' lang='lat' dir='ltr'><strong>in</strong></span> 
     </span>
    </p>
   </div>
   <div class='ocr_carea' id='block_1_11' title="bbox 752 1107 2319 1173">
    <p class='ocr_par' dir='ltr' id='par_1_11' title="bbox 752 1107 2319 1173">
     <span class='ocr_line' id='line_1_11' title="bbox 752 1107 2319 1173; baseline -0.003 -10"><span class='ocrx_word' id='word_1_71' title='bbox 752 1108 973 1163; x_wconf 87' lang='lat' dir='ltr'><strong>domum</strong></span> <span class='ocrx_word' id='word_1_72' title='bbox 1026 1123 1199 1171; x_wconf 85' lang='lat' dir='ltr'><strong>suam,</strong></span> <span class='ocrx_word' id='word_1_73' title='bbox 1256 1119 1309 1161; x_wconf 90' lang='lat' dir='ltr'><strong>et</strong></span> <span class='ocrx_word' id='word_1_74' title='bbox 1363 1109 1603 1160; x_wconf 89' lang='lat' dir='ltr'><strong>narravit</strong></span> <span class='ocrx_word' id='word_1_75' title='bbox 1665 1107 1857 1160; x_wconf 81' lang='lat' dir='ltr'><strong>marito</strong></span> <span class='ocrx_word' id='word_1_76' title='bbox 1914 1122 2012 1159; x_wconf 90' lang='lat' dir='ltr'><strong>suo</strong></span> <span class='ocrx_word' id='word_1_77' title='bbox 2072 1121 2133 1159; x_wconf 88' lang='lat' dir='ltr'><strong>ea</strong></span> <span class='ocrx_word' id='word_1_78' title='bbox 2201 1121 2319 1173; x_wconf 71' lang='lat' dir='ltr'><strong>quae</strong></span> 
     </span>
    </p>
   </div>
   <div class='ocr_carea' id='block_1_12' title="bbox 754 1201 981 1254">
    <p class='ocr_par' dir='ltr' id='par_1_12' title="bbox 754 1201 981 1254">
     <span class='ocr_line' id='line_1_12' title="bbox 754 1201 981 1254; baseline 0 -1"><span class='ocrx_word' id='word_1_79' title='bbox 754 1201 981 1254; x_wconf 78' lang='lat' dir='ltr'><strong>viderat.</strong></span> 
     </span>
    </p>
   </div>
   <div class='ocr_carea' id='block_1_13' title="bbox 823 1286 2317 1348">
    <p class='ocr_par' dir='ltr' id='par_1_13' title="bbox 823 1286 2317 1348">
     <span class='ocr_line' id='line_1_13' title="bbox 823 1286 2317 1348; baseline -0.003 -6"><span class='ocrx_word' id='word_1_80' title='bbox 823 1288 913 1343; x_wconf 93' lang='lat' dir='ltr'><strong>lV.</strong></span> <span class='ocrx_word' id='word_1_81' title='bbox 956 1290 1109 1342; x_wconf 85' lang='lat' dir='ltr'><strong>Tunc</strong></span> <span class='ocrx_word' id='word_1_82' title='bbox 1172 1290 1304 1341; x_wconf 83' lang='lat' dir='ltr'><strong>dicit</strong></span> <span class='ocrx_word' id='word_1_83' title='bbox 1356 1288 1403 1341; x_wconf 93' lang='lat' dir='ltr'><strong>ei</strong></span> <span class='ocrx_word' id='word_1_84' title='bbox 1458 1288 1613 1341; x_wconf 82' lang='lat' dir='ltr'><strong>beata</strong></span> <span class='ocrx_word' id='word_1_85' title='bbox 1679 1289 1965 1341; x_wconf 81' lang='lat' dir='ltr'><strong>Athanasia</strong></span> <span class='ocrx_word' id='word_1_86' title='bbox 2011 1304 2024 1339; x_wconf 92' lang='lat'>:</span> <span class='ocrx_word' id='word_1_87' title='bbox 2088 1286 2317 1348; x_wconf 83' lang='lat' dir='ltr'><strong>Revera,</strong></span> 
     </span>
    </p>
   </div>
   <div class='ocr_carea' id='block_1_14' title="bbox 753 1375 2321 1438">
    <p class='ocr_par' dir='ltr' id='par_1_14' title="bbox 753 1375 2321 1438">
     <span class='ocr_line' id='line_1_14' title="bbox 753 1375 2321 1438; baseline -0.004 -3"><span class='ocrx_word' id='word_1_88' title='bbox 753 1380 992 1437; x_wconf 88' lang='lat' dir='ltr'><strong>domine,</strong></span> <span class='ocrx_word' id='word_1_89' title='bbox 1046 1379 1205 1431; x_wconf 88' lang='lat' dir='ltr'><strong>etiam</strong></span> <span class='ocrx_word' id='word_1_90' title='bbox 1264 1376 1574 1432; x_wconf 80' lang='lat' dir='ltr'><strong>\iventibus</strong></span> <span class='ocrx_word' id='word_1_91' title='bbox 1624 1375 1748 1430; x_wconf 82' lang='lat' dir='ltr'><strong>liliis</strong></span> <span class='ocrx_word' id='word_1_92' title='bbox 1806 1380 1943 1431; x_wconf 85' lang='lat' dir='ltr'><strong>volui</strong></span> <span class='ocrx_word' id='word_1_93' title='bbox 1998 1377 2202 1438; x_wconf 79' lang='lat' dir='ltr'><strong>dicere,</strong></span> <span class='ocrx_word' id='word_1_94' title='bbox 2267 1386 2321 1429; x_wconf 88' lang='lat' dir='ltr'><strong>et</strong></span> 
     </span>
    </p>
   </div>
   <div class='ocr_carea' id='block_1_15' title="bbox 752 1464 2322 1535">
    <p class='ocr_par' dir='ltr' id='par_1_15' title="bbox 752 1464 2322 1535">
     <span class='ocr_line' id='line_1_15' title="bbox 752 1464 2322 1535; baseline -0.004 -11"><span class='ocrx_word' id='word_1_95' title='bbox 752 1470 968 1525; x_wconf 87' lang='lat' dir='ltr'><strong>erubui.</strong></span> <span class='ocrx_word' id='word_1_96' title='bbox 1002 1469 1135 1521; x_wconf 87' lang='lat' dir='ltr'><strong>Ecce</strong></span> <span class='ocrx_word' id='word_1_97' title='bbox 1167 1482 1294 1535; x_wconf 76' lang='lat' dir='ltr'><strong>ergo</strong></span> <span class='ocrx_word' id='word_1_98' title='bbox 1325 1468 1485 1519; x_wconf 86' lang='lat' dir='ltr'><strong>etiam</strong></span> <span class='ocrx_word' id='word_1_99' title='bbox 1524 1476 1641 1533; x_wconf 87' lang='lat' dir='ltr'><strong>post</strong></span> <span class='ocrx_word' id='word_1_100' title='bbox 1689 1478 1918 1518; x_wconf 88' lang='lat' dir='ltr'><strong>mortem</strong></span> <span class='ocrx_word' id='word_1_101' title='bbox 1968 1478 2154 1519; x_wconf 89' lang='lat' dir='ltr'><strong>eorum</strong></span> <span class='ocrx_word' id='word_1_102' title='bbox 2199 1464 2322 1517; x_wconf 88' lang='lat' dir='ltr'><strong>dico</strong></span> 
     </span>
    </p>
   </div>
   <div class='ocr_carea' id='block_1_16' title="bbox 754 1558 2317 1624">
    <p class='ocr_par' dir='ltr' id='par_1_16' title="bbox 754 1558 2317 1624">
     <span class='ocr_line' id='line_1_16' title="bbox 754 1558 2317 1624; baseline -0.006 -8"><span class='ocrx_word' id='word_1_103' title='bbox 754 1564 850 1616; x_wconf 85' lang='lat' dir='ltr'><strong>tibi</strong></span> <span class='ocrx_word' id='word_1_104' title='bbox 883 1601 894 1612; x_wconf 90' lang='lat'><strong>.</strong></span> <span class='ocrx_word' id='word_1_105' title='bbox 924 1560 977 1613; x_wconf 89' lang='lat' dir='ltr'><strong>Si</strong></span> <span class='ocrx_word' id='word_1_106' title='bbox 1032 1576 1116 1612; x_wconf 89' lang='lat' dir='ltr'><strong>me</strong></span> <span class='ocrx_word' id='word_1_107' title='bbox 1162 1561 1372 1616; x_wconf 82' lang='lat' dir='ltr'><strong>audias.</strong></span> <span class='ocrx_word' id='word_1_108' title='bbox 1406 1559 1667 1624; x_wconf 70' lang='lat' dir='ltr'><strong>coiijicies</strong></span> <span class='ocrx_word' id='word_1_109' title='bbox 1702 1573 1784 1609; x_wconf 87' lang='lat' dir='ltr'><strong>me</strong></span> <span class='ocrx_word' id='word_1_110' title='bbox 1819 1559 1870 1609; x_wconf 93' lang='lat' dir='ltr'><strong>in</strong></span> <span class='ocrx_word' id='word_1_111' title='bbox 1908 1558 2317 1617; x_wconf 76' lang='lat' dir='ltr'><strong>monasterium,</strong></span> 
     </span>
    </p>
   </div>
   <div class='ocr_carea' id='block_1_17' title="bbox 750 1646 2321 1717">
    <p class='ocr_par' dir='ltr' id='par_1_17' title="bbox 750 1646 2321 1717">
     <span class='ocr_line' id='line_1_17' title="bbox 750 1646 2321 1717; baseline -0.004 -11"><span class='ocrx_word' id='word_1_112' title='bbox 750 1663 805 1706; x_wconf 85' lang='lat' dir='ltr'><strong>et</strong></span> <span class='ocrx_word' id='word_1_113' title='bbox 834 1650 1040 1704; x_wconf 81' lang='lat' dir='ltr'><strong>deﬂebo</strong></span> <span class='ocrx_word' id='word_1_114' title='bbox 1075 1658 1292 1717; x_wconf 80' lang='lat' dir='ltr'><strong>peccata</strong></span> <span class='ocrx_word' id='word_1_115' title='bbox 1355 1664 1493 1700; x_wconf 87' lang='lat' dir='ltr'><strong>mea.</strong></span> <span class='ocrx_word' id='word_1_116' title='bbox 1554 1646 1619 1700; x_wconf 87' lang='lat' dir='ltr'><strong>Et</strong></span> <span class='ocrx_word' id='word_1_117' title='bbox 1660 1647 1789 1699; x_wconf 84' lang='lat' dir='ltr'><strong>dicit</strong></span> <span class='ocrx_word' id='word_1_118' title='bbox 1845 1648 1893 1698; x_wconf 91' lang='lat' dir='ltr'><strong>ei</strong></span> <span class='ocrx_word' id='word_1_119' title='bbox 1929 1661 1947 1699; x_wconf 89' lang='lat'><strong>:</strong></span> <span class='ocrx_word' id='word_1_120' title='bbox 2002 1647 2125 1709; x_wconf 82' lang='lat' dir='ltr'><strong>Abi,</strong></span> <span class='ocrx_word' id='word_1_121' title='bbox 2155 1647 2321 1715; x_wconf 90' lang='lat' dir='ltr'><strong>proba</strong></span> 
     </span>
    </p>
   </div>
   <div class='ocr_carea' id='block_1_18' title="bbox 754 1738 2321 1809">
    <p class='ocr_par' dir='ltr' id='par_1_18' title="bbox 754 1738 2321 1809">
     <span class='ocr_line' id='line_1_18' title="bbox 754 1738 2321 1809; baseline -0.003 -15"><span class='ocrx_word' id='word_1_122' title='bbox 754 1752 899 1795; x_wconf 83' lang='lat' dir='ltr'><strong>luant</strong></span> <span class='ocrx_word' id='word_1_123' title='bbox 931 1739 1314 1809; x_wconf 79' lang='lat' dir='ltr'><strong>cogitationem</strong></span> <span class='ocrx_word' id='word_1_124' title='bbox 1350 1754 1452 1791; x_wconf 91' lang='lat' dir='ltr'><strong>una</strong></span> <span class='ocrx_word' id='word_1_125' title='bbox 1490 1740 1824 1790; x_wconf 83' lang='lat' dir='ltr'><strong>hebdomada</strong></span> <span class='ocrx_word' id='word_1_126' title='bbox 1847 1779 1859 1799; x_wconf 86' lang='lat'><strong>,</strong></span> <span class='ocrx_word' id='word_1_127' title='bbox 1896 1747 1950 1791; x_wconf 90' lang='lat' dir='ltr'><strong>et</strong></span> <span class='ocrx_word' id='word_1_128' title='bbox 1992 1738 2034 1790; x_wconf 87' lang='lat' dir='ltr'><strong>si</strong></span> <span class='ocrx_word' id='word_1_129' title='bbox 2069 1753 2321 1805; x_wconf 86' lang='lat' dir='ltr'><strong>perman-</strong></span> 
     </span>
    </p>
   </div>
   <div class='ocr_carea' id='block_1_19' title="bbox 751 1809 2397 1898">
    <p class='ocr_par' dir='ltr' id='par_1_19' title="bbox 751 1809 2397 1898">
     <span class='ocr_line' id='line_1_19' title="bbox 751 1809 2397 1898; baseline -0.001 -13"><span class='ocrx_word' id='word_1_130' title='bbox 751 1833 888 1885; x_wconf 86' lang='lat' dir='ltr'><strong>seris</strong></span> <span class='ocrx_word' id='word_1_131' title='bbox 919 1832 970 1883; x_wconf 91' lang='lat' dir='ltr'><strong>iu</strong></span> <span class='ocrx_word' id='word_1_132' title='bbox 1002 1830 1100 1883; x_wconf 88' lang='lat' dir='ltr'><strong>hoc</strong></span> <span class='ocrx_word' id='word_1_133' title='bbox 1133 1830 1436 1898; x_wconf 87' lang='lat' dir='ltr'><strong>proposito,</strong></span> <span class='ocrx_word' id='word_1_134' title='bbox 1472 1831 1777 1897; x_wconf 85' lang='lat' dir='ltr'><strong>loquemur.</strong></span> <span class='ocrx_word' id='word_1_135' title='bbox 1831 1830 1916 1881; x_wconf 85' lang='lat' dir='ltr'><strong>Illa</strong></span> <span class='ocrx_word' id='word_1_136' title='bbox 1963 1842 2142 1883; x_wconf 90' lang='lat' dir='ltr'><strong>autem</strong></span> <span class='ocrx_word' id='word_1_137' title='bbox 2194 1847 2317 1884; x_wconf 89' lang='lat' dir='ltr'><strong>eum</strong></span> <span class='ocrx_word' id='word_1_138' title='bbox 2357 1809 2397 1865; x_wconf 77' lang='grc' dir='ltr'><strong><em>Β</em></strong></span> 
     </span>
    </p>
   </div>
   <div class='ocr_carea' id='block_1_20' title="bbox 750 1921 2323 1983">
    <p class='ocr_par' dir='ltr' id='par_1_20' title="bbox 750 1921 2323 1983">
     <span class='ocr_line' id='line_1_20' title="bbox 750 1921 2323 1983; baseline -0.002 -7"><span class='ocrx_word' id='word_1_139' title='bbox 750 1938 939 1977; x_wconf 82' lang='lat' dir='ltr'><strong>rursus</strong></span> <span class='ocrx_word' id='word_1_140' title='bbox 981 1924 1232 1983; x_wconf 79' lang='lat' dir='ltr'><strong>venisset,</strong></span> <span class='ocrx_word' id='word_1_141' title='bbox 1276 1923 1418 1973; x_wconf 90' lang='lat' dir='ltr'><strong>idem</strong></span> <span class='ocrx_word' id='word_1_142' title='bbox 1457 1921 1610 1975; x_wconf 77' lang='lat' dir='ltr'><strong>dixit.</strong></span> <span class='ocrx_word' id='word_1_143' title='bbox 1653 1922 1847 1974; x_wconf 79' lang='lat' dir='ltr'><strong>Beatus</strong></span> <span class='ocrx_word' id='word_1_144' title='bbox 1894 1937 2021 1973; x_wconf 78' lang='lat' dir='ltr'><strong>vero</strong></span> <span class='ocrx_word' id='word_1_145' title='bbox 2051 1923 2323 1976; x_wconf 80' lang='lat' dir='ltr'><strong>Androni-</strong></span> 
     </span>
    </p>
   </div>
   <div class='ocr_carea' id='block_1_21' title="bbox 750 2012 2321 2075">
    <p class='ocr_par' dir='ltr' id='par_1_21' title="bbox 750 2012 2321 2075">
     <span class='ocr_line' id='line_1_21' title="bbox 750 2012 2321 2075; baseline -0.002 -6"><span class='ocrx_word' id='word_1_146' title='bbox 750 2031 848 2070; x_wconf 88' lang='lat' dir='ltr'><strong>cus</strong></span> <span class='ocrx_word' id='word_1_147' title='bbox 877 2015 1103 2068; x_wconf 82' lang='lat' dir='ltr'><strong>accersit</strong></span> <span class='ocrx_word' id='word_1_148' title='bbox 1130 2031 1378 2067; x_wconf 80' lang='lat' dir='ltr'><strong>socerum</strong></span> <span class='ocrx_word' id='word_1_149' title='bbox 1411 2030 1593 2075; x_wconf 87' lang='lat' dir='ltr'><strong>suum,</strong></span> <span class='ocrx_word' id='word_1_150' title='bbox 1628 2023 1679 2066; x_wconf 91' lang='lat' dir='ltr'><strong>et</strong></span> <span class='ocrx_word' id='word_1_151' title='bbox 1711 2012 1756 2065; x_wconf 87' lang='lat' dir='ltr'><strong>ei</strong></span> <span class='ocrx_word' id='word_1_152' title='bbox 1791 2014 1952 2067; x_wconf 77' lang='lat' dir='ltr'><strong>tradit</strong></span> <span class='ocrx_word' id='word_1_153' title='bbox 1981 2030 2168 2066; x_wconf 88' lang='lat' dir='ltr'><strong>omnes</strong></span> <span class='ocrx_word' id='word_1_154' title='bbox 2199 2030 2321 2066; x_wconf 85' lang='lat' dir='ltr'><strong>suas</strong></span> 
     </span>
    </p>
   </div>
   <div class='ocr_carea' id='block_1_22' title="bbox 750 2105 2322 2172">
    <p class='ocr_par' dir='ltr' id='par_1_22' title="bbox 750 2105 2322 2172">
     <span class='ocr_line' id='line_1_22' title="bbox 750 2105 2322 2172; baseline -0.001 -13"><span class='ocrx_word' id='word_1_155' title='bbox 750 2106 1054 2163; x_wconf 78' lang='lat' dir='ltr'><strong>facultates,</strong></span> <span class='ocrx_word' id='word_1_156' title='bbox 1096 2105 1327 2157; x_wconf 88' lang='lat' dir='ltr'><strong>dicens:</strong></span> <span class='ocrx_word' id='word_1_157' title='bbox 1390 2106 1468 2157; x_wconf 85' lang='lat' dir='ltr'><strong>Ad</strong></span> <span class='ocrx_word' id='word_1_158' title='bbox 1520 2114 1705 2157; x_wconf 89' lang='lat' dir='ltr'><strong>sancta</strong></span> <span class='ocrx_word' id='word_1_159' title='bbox 1751 2106 1865 2157; x_wconf 88' lang='lat' dir='ltr'><strong>loca</strong></span> <span class='ocrx_word' id='word_1_160' title='bbox 1926 2105 2322 2172; x_wconf 75' lang='lat' dir='ltr'><strong>proﬁciscimur</strong></span> 
     </span>
    </p>
   </div>
   <div class='ocr_carea' id='block_1_23' title="bbox 748 2194 2323 2264">
    <p class='ocr_par' dir='ltr' id='par_1_23' title="bbox 748 2194 2323 2264">
     <span class='ocr_line' id='line_1_23' title="bbox 748 2194 2323 2264; baseline -0.002 -13"><span class='ocrx_word' id='word_1_161' title='bbox 748 2198 815 2251; x_wconf 84' lang='lat' dir='ltr'><strong>ad</strong></span> <span class='ocrx_word' id='word_1_162' title='bbox 842 2199 1131 2249; x_wconf 87' lang='lat' dir='ltr'><strong>orandum.</strong></span> <span class='ocrx_word' id='word_1_163' title='bbox 1190 2194 1243 2248; x_wconf 90' lang='lat' dir='ltr'><strong>Si</strong></span> <span class='ocrx_word' id='word_1_164' title='bbox 1278 2197 1404 2261; x_wconf 88' lang='lat' dir='ltr'><strong>quid</strong></span> <span class='ocrx_word' id='word_1_165' title='bbox 1433 2210 1561 2264; x_wconf 82' lang='lat' dir='ltr'><strong>ergo</strong></span> <span class='ocrx_word' id='word_1_166' title='bbox 1596 2197 1752 2248; x_wconf 88' lang='lat' dir='ltr'><strong>nobis</strong></span> <span class='ocrx_word' id='word_1_167' title='bbox 1783 2195 2040 2248; x_wconf 86' lang='lat' dir='ltr'><strong>acciderit</strong></span> <span class='ocrx_word' id='word_1_168' title='bbox 2071 2196 2323 2251; x_wconf 89' lang='lat' dir='ltr'><strong>humani-</strong></span> 
     </span>
    </p>
   </div>
   <div class='ocr_carea' id='block_1_24' title="bbox 750 2284 2319 2361">
    <p class='ocr_par' dir='ltr' id='par_1_24' title="bbox 750 2284 2319 2361">
     <span class='ocr_line' id='line_1_24' title="bbox 750 2284 2319 2361; baseline -0.001 -20"><span class='ocrx_word' id='word_1_169' title='bbox 750 2297 859 2350; x_wconf 89' lang='lat' dir='ltr'><strong>tus,</strong></span> <span class='ocrx_word' id='word_1_170' title='bbox 896 2284 1115 2341; x_wconf 86' lang='lat' dir='ltr'><strong>habebis</strong></span> <span class='ocrx_word' id='word_1_171' title='bbox 1154 2284 1248 2334; x_wconf 79' lang='lat' dir='ltr'><strong>has</strong></span> <span class='ocrx_word' id='word_1_172' title='bbox 1281 2284 1591 2345; x_wconf 75' lang='lat' dir='ltr'><strong>facultates,</strong></span> <span class='ocrx_word' id='word_1_173' title='bbox 1636 2294 1691 2337; x_wconf 89' lang='lat' dir='ltr'><strong>ut</strong></span> <span class='ocrx_word' id='word_1_174' title='bbox 1731 2288 1797 2361; x_wconf 81' lang='lat' dir='ltr'><strong>de.</strong></span> <span class='ocrx_word' id='word_1_175' title='bbox 1832 2287 1920 2352; x_wconf 82' lang='lat' dir='ltr'><strong>eis</strong></span> <span class='ocrx_word' id='word_1_176' title='bbox 1977 2286 2141 2339; x_wconf 75' lang='lat' dir='ltr'><strong>facias</strong></span> <span class='ocrx_word' id='word_1_177' title='bbox 2180 2287 2319 2354; x_wconf 91' lang='lat' dir='ltr'><strong>quod</strong></span> 
     </span>
    </p>
   </div>
   <div class='ocr_carea' id='block_1_25' title="bbox 752 2375 2319 2445">
    <p class='ocr_par' dir='ltr' id='par_1_25' title="bbox 752 2375 2319 2445">
     <span class='ocr_line' id='line_1_25' title="bbox 752 2375 2319 2445; baseline -0.001 -13"><span class='ocrx_word' id='word_1_178' title='bbox 752 2380 847 2433; x_wconf 87' lang='lat' dir='ltr'><strong>tibi</strong></span> <span class='ocrx_word' id='word_1_179' title='bbox 884 2378 1175 2430; x_wconf 89' lang='lat' dir='ltr'><strong>videbitur.</strong></span> <span class='ocrx_word' id='word_1_180' title='bbox 1218 2375 1361 2443; x_wconf 72' lang='lat' dir='ltr'><strong>Rogo</strong></span> <span class='ocrx_word' id='word_1_181' title='bbox 1393 2390 1521 2444; x_wconf 84' lang='lat' dir='ltr'><strong>ergo</strong></span> <span class='ocrx_word' id='word_1_182' title='bbox 1562 2380 1631 2439; x_wconf 87' lang='lat' dir='ltr'><strong>le,</strong></span> <span class='ocrx_word' id='word_1_183' title='bbox 1672 2386 1727 2428; x_wconf 93' lang='lat' dir='ltr'><strong>ut</strong></span> <span class='ocrx_word' id='word_1_184' title='bbox 1762 2388 1904 2430; x_wconf 84' lang='lat' dir='ltr'><strong>recte</strong></span> <span class='ocrx_word' id='word_1_185' title='bbox 1929 2394 2054 2445; x_wconf 75' lang='lat' dir='ltr'><strong>agas</strong></span> <span class='ocrx_word' id='word_1_186' title='bbox 2082 2394 2202 2430; x_wconf 86' lang='lat' dir='ltr'><strong>cum</strong></span> <span class='ocrx_word' id='word_1_187' title='bbox 2232 2390 2319 2431; x_wconf 89' lang='lat' dir='ltr'><strong>tua</strong></span> 
     </span>
    </p>
   </div>
   <div class='ocr_carea' id='block_1_26' title="bbox 750 2456 2318 2534">
    <p class='ocr_par' dir='ltr' id='par_1_26' title="bbox 750 2456 2318 2534">
     <span class='ocr_line' id='line_1_26' title="bbox 750 2456 2318 2534; baseline 0 -11"><span class='ocrx_word' id='word_1_188' title='bbox 750 2471 954 2531; x_wconf 83' lang='lat' dir='ltr'><strong>anima,</strong></span> <span class='ocrx_word' id='word_1_189' title='bbox 988 2477 1041 2520; x_wconf 93' lang='lat' dir='ltr'><strong>et</strong></span> <span class='ocrx_word' id='word_1_190' title='bbox 1090 2483 1155 2520; x_wconf 90' lang='lat' dir='ltr'><strong>ex</strong></span> <span class='ocrx_word' id='word_1_191' title='bbox 1197 2469 1284 2529; x_wconf 87' lang='lat' dir='ltr'><strong>iis,</strong></span> <span class='ocrx_word' id='word_1_192' title='bbox 1320 2483 1438 2534; x_wconf 74' lang='lat' dir='ltr'><strong>qua:</strong></span> <span class='ocrx_word' id='word_1_193' title='bbox 1490 2468 1575 2521; x_wconf 88' lang='lat' dir='ltr'><strong>hic</strong></span> <span class='ocrx_word' id='word_1_194' title='bbox 1628 2480 1774 2532; x_wconf 88' lang='lat' dir='ltr'><strong>sunt,</strong></span> <span class='ocrx_word' id='word_1_195' title='bbox 1833 2472 1913 2522; x_wconf 81' lang='lat' dir='ltr'><strong>lac</strong></span> <span class='ocrx_word' id='word_1_196' title='bbox 1948 2456 2318 2523; x_wconf 81' lang='lat' dir='ltr'><strong>nosocomium</strong></span> 
     </span>
    </p>
   </div>
   <div class='ocr_carea' id='block_1_27' title="bbox 750 2559 2319 2616">
    <p class='ocr_par' dir='ltr' id='par_1_27' title="bbox 750 2559 2319 2616">
     <span class='ocr_line' id='line_1_27' title="bbox 750 2559 2319 2616; baseline 0 0"><span class='ocrx_word' id='word_1_197' title='bbox 750 2571 806 2616; x_wconf 86' lang='lat' dir='ltr'><strong>et</strong></span> <span class='ocrx_word' id='word_1_198' title='bbox 832 2559 1226 2614; x_wconf 77' lang='lat' dir='ltr'><strong>Xenodochium</strong></span> <span class='ocrx_word' id='word_1_199' title='bbox 1253 2561 1636 2611; x_wconf 85' lang='lat' dir='ltr'><strong>monachorum</strong></span> <span class='ocrx_word' id='word_1_200' title='bbox 1664 2576 1675 2610; x_wconf 91' lang='lat'>:</span> <span class='ocrx_word' id='word_1_201' title='bbox 1702 2570 1754 2612; x_wconf 87' lang='lat' dir='ltr'><strong>et</strong></span> <span class='ocrx_word' id='word_1_202' title='bbox 1781 2564 2125 2615; x_wconf 84' lang='lat' dir='ltr'><strong>manumissis</strong></span> <span class='ocrx_word' id='word_1_203' title='bbox 2152 2566 2319 2616; x_wconf 85' lang='lat' dir='ltr'><strong>servis</strong></span> 
     </span>
    </p>
   </div>
   <div class='ocr_carea' id='block_1_28' title="bbox 752 2650 2322 2720">
    <p class='ocr_par' dir='ltr' id='par_1_28' title="bbox 752 2650 2322 2720">
     <span class='ocr_line' id='line_1_28' title="bbox 752 2650 2322 2720; baseline 0 -15"><span class='ocrx_word' id='word_1_204' title='bbox 752 2654 885 2713; x_wconf 87' lang='lat' dir='ltr'><strong>suis,</strong></span> <span class='ocrx_word' id='word_1_205' title='bbox 933 2651 1084 2703; x_wconf 83' lang='lat' dir='ltr'><strong>dedit</strong></span> <span class='ocrx_word' id='word_1_206' title='bbox 1134 2650 1212 2702; x_wconf 89' lang='lat' dir='ltr'><strong>eis</strong></span> <span class='ocrx_word' id='word_1_207' title='bbox 1269 2650 1476 2717; x_wconf 78' lang='lat' dir='ltr'><strong>legata,</strong></span> <span class='ocrx_word' id='word_1_208' title='bbox 1526 2661 1579 2703; x_wconf 91' lang='lat' dir='ltr'><strong>et</strong></span> <span class='ocrx_word' id='word_1_209' title='bbox 1624 2660 1838 2720; x_wconf 80' lang='lat' dir='ltr'><strong>acoepla</strong></span> <span class='ocrx_word' id='word_1_210' title='bbox 1896 2670 2053 2720; x_wconf 84' lang='lat' dir='ltr'><strong>parva</strong></span> <span class='ocrx_word' id='word_1_211' title='bbox 2104 2656 2322 2707; x_wconf 81' lang='lat' dir='ltr'><strong>benedi-</strong></span> 
     </span>
    </p>
   </div>
   <div class='ocr_carea' id='block_1_29' title="bbox 752 2741 2316 2808">
    <p class='ocr_par' dir='ltr' id='par_1_29' title="bbox 752 2741 2316 2808">
     <span class='ocr_line' id='line_1_29' title="bbox 752 2741 2316 2808; baseline 0.002 -14"><span class='ocrx_word' id='word_1_212' title='bbox 752 2748 933 2796; x_wconf 83' lang='lat' dir='ltr'><strong>ctione</strong></span> <span class='ocrx_word' id='word_1_213' title='bbox 979 2752 1032 2793; x_wconf 87' lang='lat' dir='ltr'><strong>et</strong></span> <span class='ocrx_word' id='word_1_214' title='bbox 1079 2742 1290 2792; x_wconf 86' lang='lat' dir='ltr'><strong>duobus</strong></span> <span class='ocrx_word' id='word_1_215' title='bbox 1335 2741 1511 2808; x_wconf 87' lang='lat' dir='ltr'><strong>equis.</strong></span> <span class='ocrx_word' id='word_1_216' title='bbox 1562 2744 1692 2793; x_wconf 83' lang='lat' dir='ltr'><strong>exiit</strong></span> <span class='ocrx_word' id='word_1_217' title='bbox 1748 2754 1912 2796; x_wconf 88' lang='lat' dir='ltr'><strong>noctu</strong></span> <span class='ocrx_word' id='word_1_218' title='bbox 1961 2761 2024 2796; x_wconf 84' lang='lat' dir='ltr'><strong>ex</strong></span> <span class='ocrx_word' id='word_1_219' title='bbox 2078 2747 2316 2805; x_wconf 86' lang='lat' dir='ltr'><strong>civitate,</strong></span> 
     </span>
    </p>
   </div>
   <div class='ocr_carea' id='block_1_30' title="bbox 753 2812 2319 2904">
    <p class='ocr_par' dir='ltr' id='par_1_30' title="bbox 753 2812 2319 2904">
     <span class='ocr_line' id='line_1_30' title="bbox 753 2812 2319 2904; baseline 0.002 -17"><span class='ocrx_word' id='word_1_220' title='bbox 753 2834 868 2904; x_wconf 83' lang='lat' dir='ltr'><strong>ipse</strong></span> <span class='ocrx_word' id='word_1_221' title='bbox 911 2841 965 2885; x_wconf 81' lang='lat' dir='ltr'><strong>et</strong></span> <span class='ocrx_word' id='word_1_222' title='bbox 1017 2846 1150 2884; x_wconf 69' lang='lat' dir='ltr'><strong>uxor</strong></span> <span class='ocrx_word' id='word_1_223' title='bbox 1188 2812 1307 2897; x_wconf 82' lang='lat' dir='ltr'><strong>ejus</strong></span> <span class='ocrx_word' id='word_1_224' title='bbox 1360 2833 1483 2882; x_wconf 89' lang='lat' dir='ltr'><strong>soli.</strong></span> <span class='ocrx_word' id='word_1_225' title='bbox 1546 2831 1708 2884; x_wconf 87' lang='lat' dir='ltr'><strong>Beata</strong></span> <span class='ocrx_word' id='word_1_226' title='bbox 1780 2847 1961 2888; x_wconf 85' lang='lat' dir='ltr'><strong>autem</strong></span> <span class='ocrx_word' id='word_1_227' title='bbox 2021 2836 2319 2890; x_wconf 83' lang='lat' dir='ltr'><strong>Athanasia</strong></span> 
     </span>
    </p>
   </div>
   <div class='ocr_carea' id='block_1_31' title="bbox 745 2923 2319 2995">
    <p class='ocr_par' dir='ltr' id='par_1_31' title="bbox 745 2923 2319 2995">
     <span class='ocr_line' id='line_1_31' title="bbox 745 2923 2319 2995; baseline 0.004 -21"><span class='ocrx_word' id='word_1_228' title='bbox 745 2923 968 2990; x_wconf 66' lang='lat' dir='ltr'><strong>eminus</strong></span> <span class='ocrx_word' id='word_1_229' title='bbox 1023 2924 1154 2974; x_wconf 83' lang='lat' dir='ltr'><strong>vidit</strong></span> <span class='ocrx_word' id='word_1_230' title='bbox 1212 2924 1428 2973; x_wconf 92' lang='lat' dir='ltr'><strong>domum</strong></span> <span class='ocrx_word' id='word_1_231' title='bbox 1475 2939 1648 2984; x_wconf 90' lang='lat' dir='ltr'><strong>suam,</strong></span> <span class='ocrx_word' id='word_1_232' title='bbox 1704 2934 1755 2977; x_wconf 89' lang='lat' dir='ltr'><strong>et</strong></span> <span class='ocrx_word' id='word_1_233' title='bbox 1785 2942 1997 2980; x_wconf 86' lang='lat' dir='ltr'><strong>sursum</strong></span> <span class='ocrx_word' id='word_1_234' title='bbox 2054 2931 2319 2995; x_wconf 81' lang='lat' dir='ltr'><strong>aspiciens</strong></span> 
     </span>
    </p>
   </div>
   <div class='ocr_carea' id='block_1_32' title="bbox 751 3010 2320 3077">
    <p class='ocr_par' dir='ltr' id='par_1_32' title="bbox 751 3010 2320 3077">
     <span class='ocr_line' id='line_1_32' title="bbox 751 3010 2320 3077; baseline 0.001 -13"><span class='ocrx_word' id='word_1_235' title='bbox 751 3013 806 3064; x_wconf 91' lang='lat' dir='ltr'><strong>in</strong></span> <span class='ocrx_word' id='word_1_236' title='bbox 864 3012 1061 3065; x_wconf 74' lang='lat' dir='ltr'><strong>coelum</strong></span> <span class='ocrx_word' id='word_1_237' title='bbox 1115 3011 1299 3063; x_wconf 80' lang='lat' dir='ltr'><strong>dixit:</strong></span> <span class='ocrx_word' id='word_1_238' title='bbox 1356 3010 1517 3073; x_wconf 90' lang='lat' dir='ltr'><strong>Deus,</strong></span> <span class='ocrx_word' id='word_1_239' title='bbox 1574 3015 1664 3077; x_wconf 86' lang='lat' dir='ltr'><strong>qui</strong></span> <span class='ocrx_word' id='word_1_240' title='bbox 1727 3013 1907 3065; x_wconf 81' lang='lat' dir='ltr'><strong>dixisti</strong></span> <span class='ocrx_word' id='word_1_241' title='bbox 1989 3013 2217 3066; x_wconf 73' lang='lat' dir='ltr'><strong>Abrahae</strong></span> <span class='ocrx_word' id='word_1_242' title='bbox 2266 3023 2320 3067; x_wconf 90' lang='lat' dir='ltr'><strong>et</strong></span> 
     </span>
    </p>
   </div>
   <div class='ocr_carea' id='block_1_33' title="bbox 2423 556 3995 624">
    <p class='ocr_par' dir='ltr' id='par_1_33' title="bbox 2423 556 3995 624">
     <span class='ocr_line' id='line_1_33' title="bbox 2423 556 3995 624; baseline 0.008 -18"><span class='ocrx_word' id='word_1_243' title='bbox 2423 556 2676 622; x_wconf 89' lang='lat' dir='ltr'><strong>separati.</strong></span> <span class='ocrx_word' id='word_1_244' title='bbox 2741 556 2857 624; x_wconf 86' lang='lat' dir='ltr'><strong>Ipse</strong></span> <span class='ocrx_word' id='word_1_245' title='bbox 2919 568 3095 609; x_wconf 83' lang='lat' dir='ltr'><strong>autem</strong></span> <span class='ocrx_word' id='word_1_246' title='bbox 3154 559 3432 611; x_wconf 77' lang='lat' dir='ltr'><strong>descendit</strong></span> <span class='ocrx_word' id='word_1_247' title='bbox 3494 561 3558 612; x_wconf 90' lang='lat' dir='ltr'><strong>ad</strong></span> <span class='ocrx_word' id='word_1_248' title='bbox 3624 561 3883 615; x_wconf 87' lang='lat' dir='ltr'><strong>Scetem:</strong></span> <span class='ocrx_word' id='word_1_249' title='bbox 3942 574 3995 618; x_wconf 85' lang='lat' dir='ltr'><strong>et</strong></span> 
     </span>
    </p>
   </div>
   <div class='ocr_carea' id='block_1_34' title="bbox 2422 648 3994 717">
    <p class='ocr_par' dir='ltr' id='par_1_34' title="bbox 2422 648 3994 717">
     <span class='ocr_line' id='line_1_34' title="bbox 2422 648 3994 717; baseline 0.007 -17"><span class='ocrx_word' id='word_1_250' title='bbox 2422 660 2541 700; x_wconf 90' lang='lat' dir='ltr'><strong>cum</strong></span> <span class='ocrx_word' id='word_1_251' title='bbox 2587 649 2862 701; x_wconf 85' lang='lat' dir='ltr'><strong>adorasset</strong></span> <span class='ocrx_word' id='word_1_252' title='bbox 2918 657 3131 701; x_wconf 79' lang='lat' dir='ltr'><strong>Sanctus</strong></span> <span class='ocrx_word' id='word_1_253' title='bbox 3190 648 3374 702; x_wconf 86' lang='lat' dir='ltr'><strong>Patres</strong></span> <span class='ocrx_word' id='word_1_254' title='bbox 3437 651 3487 703; x_wconf 89' lang='lat' dir='ltr'><strong>in</strong></span> <span class='ocrx_word' id='word_1_255' title='bbox 3535 652 3728 717; x_wconf 82' lang='lat' dir='ltr'><strong>Laura,</strong></span> <span class='ocrx_word' id='word_1_256' title='bbox 3789 658 3994 711; x_wconf 79' lang='lat' dir='ltr'><strong>audivit</strong></span> 
     </span>
    </p>
   </div>
   <div class='ocr_carea' id='block_1_35' title="bbox 2422 740 3990 806">
    <p class='ocr_par' dir='ltr' id='par_1_35' title="bbox 2422 740 3990 806">
     <span class='ocr_line' id='line_1_35' title="bbox 2422 740 3990 806; baseline 0.009 -16"><span class='ocrx_word' id='word_1_257' title='bbox 2422 741 2487 791; x_wconf 91' lang='lat' dir='ltr'><strong>de</strong></span> <span class='ocrx_word' id='word_1_258' title='bbox 2520 740 2709 791; x_wconf 84' lang='lat' dir='ltr'><strong>abbate</strong></span> <span class='ocrx_word' id='word_1_259' title='bbox 2745 740 2963 792; x_wconf 85' lang='lat' dir='ltr'><strong>Daniele</strong></span> <span class='ocrx_word' id='word_1_260' title='bbox 2993 756 3006 803; x_wconf 91' lang='lat'>;</span> <span class='ocrx_word' id='word_1_261' title='bbox 3038 751 3091 793; x_wconf 90' lang='lat' dir='ltr'><strong>et</strong></span> <span class='ocrx_word' id='word_1_262' title='bbox 3123 754 3243 793; x_wconf 89' lang='lat' dir='ltr'><strong>cum</strong></span> <span class='ocrx_word' id='word_1_263' title='bbox 3278 757 3342 794; x_wconf 92' lang='lat' dir='ltr'><strong>eo</strong></span> <span class='ocrx_word' id='word_1_264' title='bbox 3369 746 3705 806; x_wconf 86' lang='lat' dir='ltr'><strong>accessisset,</strong></span> <span class='ocrx_word' id='word_1_265' title='bbox 3737 763 3846 800; x_wconf 91' lang='lat' dir='ltr'><strong>non</strong></span> <span class='ocrx_word' id='word_1_266' title='bbox 3880 754 3990 804; x_wconf 85' lang='lat' dir='ltr'><strong>sine</strong></span> 
     </span>
    </p>
   </div>
   <div class='ocr_carea' id='block_1_36' title="bbox 2428 830 3992 900">
    <p class='ocr_par' dir='ltr' id='par_1_36' title="bbox 2428 830 3992 900">
     <span class='ocr_line' id='line_1_36' title="bbox 2428 830 3992 900; baseline 0.009 -20"><span class='ocrx_word' id='word_1_267' title='bbox 2428 845 2618 897; x_wconf 83' lang='lat' dir='ltr'><strong>magna</strong></span> <span class='ocrx_word' id='word_1_268' title='bbox 2681 830 2990 882; x_wconf 85' lang='lat' dir='ltr'><strong>dillicultate</strong></span> <span class='ocrx_word' id='word_1_269' title='bbox 3057 846 3179 882; x_wconf 90' lang='lat' dir='ltr'><strong>eum</strong></span> <span class='ocrx_word' id='word_1_270' title='bbox 3237 834 3410 900; x_wconf 91' lang='lat' dir='ltr'><strong>potuit</strong></span> <span class='ocrx_word' id='word_1_271' title='bbox 3477 836 3825 889; x_wconf 84' lang='lat' dir='ltr'><strong>convenire:</strong></span> <span class='ocrx_word' id='word_1_272' title='bbox 3880 842 3992 893; x_wconf 87' lang='lat' dir='ltr'><strong>seni</strong></span> 
     </span>
    </p>
   </div>
   <div class='ocr_carea' id='block_1_37' title="bbox 2423 922 3995 996">
    <p class='ocr_par' dir='ltr' id='par_1_37' title="bbox 2423 922 3995 996">
     <span class='ocr_line' id='line_1_37' title="bbox 2423 922 3995 996; baseline 0.006 -24"><span class='ocrx_word' id='word_1_273' title='bbox 2423 935 2549 973; x_wconf 85' lang='lat' dir='ltr'><strong>vero</strong></span> <span class='ocrx_word' id='word_1_274' title='bbox 2578 922 2759 974; x_wconf 83' lang='lat' dir='ltr'><strong>omnia</strong></span> <span class='ocrx_word' id='word_1_275' title='bbox 2805 922 3075 989; x_wconf 67' lang='lat' dir='ltr'><strong>esposuit.</strong></span> <span class='ocrx_word' id='word_1_276' title='bbox 3114 923 3251 975; x_wconf 85' lang='lat' dir='ltr'><strong>Dicit</strong></span> <span class='ocrx_word' id='word_1_277' title='bbox 3296 937 3474 976; x_wconf 81' lang='lat' dir='ltr'><strong>autem</strong></span> <span class='ocrx_word' id='word_1_278' title='bbox 3508 927 3556 978; x_wconf 92' lang='lat' dir='ltr'><strong>ei</strong></span> <span class='ocrx_word' id='word_1_279' title='bbox 3602 942 3769 980; x_wconf 88' lang='lat' dir='ltr'><strong>senex</strong></span> <span class='ocrx_word' id='word_1_280' title='bbox 3808 945 3821 980; x_wconf 94' lang='lat'><strong>:</strong></span> <span class='ocrx_word' id='word_1_281' title='bbox 3874 933 3995 996; x_wconf 78' lang='lat' dir='ltr'><strong>Abi,</strong></span> 
     </span>
    </p>
   </div>
   <div class='ocr_carea' id='block_1_38' title="bbox 2422 1012 3996 1078">
    <p class='ocr_par' dir='ltr' id='par_1_38' title="bbox 2422 1012 3996 1078">
     <span class='ocr_line' id='line_1_38' title="bbox 2422 1012 3996 1078; baseline 0.007 -14"><span class='ocrx_word' id='word_1_282' title='bbox 2422 1020 2474 1064; x_wconf 94' lang='lat' dir='ltr'><strong>et</strong></span> <span class='ocrx_word' id='word_1_283' title='bbox 2508 1012 2685 1065; x_wconf 85' lang='lat' dir='ltr'><strong>adduc</strong></span> <span class='ocrx_word' id='word_1_284' title='bbox 2719 1029 2937 1066; x_wconf 79' lang='lat' dir='ltr'><strong>uxorem</strong></span> <span class='ocrx_word' id='word_1_285' title='bbox 2987 1024 3156 1076; x_wconf 87' lang='lat' dir='ltr'><strong>tuam,</strong></span> <span class='ocrx_word' id='word_1_286' title='bbox 3206 1024 3258 1066; x_wconf 90' lang='lat' dir='ltr'><strong>et</strong></span> <span class='ocrx_word' id='word_1_287' title='bbox 3289 1015 3483 1067; x_wconf 83' lang='lat' dir='ltr'><strong>faciam</strong></span> <span class='ocrx_word' id='word_1_288' title='bbox 3540 1017 3631 1070; x_wconf 78' lang='lat' dir='ltr'><strong>tibi</strong></span> <span class='ocrx_word' id='word_1_289' title='bbox 3664 1021 3893 1078; x_wconf 81' lang='lat' dir='ltr'><strong>litteras.</strong></span> <span class='ocrx_word' id='word_1_290' title='bbox 3944 1031 3996 1074; x_wconf 87' lang='lat' dir='ltr'><strong>et</strong></span> 
     </span>
    </p>
   </div>
   <div class='ocr_carea' id='block_1_39' title="bbox 2422 1101 3997 1167">
    <p class='ocr_par' dir='ltr' id='par_1_39' title="bbox 2422 1101 3997 1167">
     <span class='ocr_line' id='line_1_39' title="bbox 2422 1101 3997 1167; baseline 0.005 -14"><span class='ocrx_word' id='word_1_291' title='bbox 2422 1101 2660 1167; x_wconf 88' lang='lat' dir='ltr'><strong>depones</strong></span> <span class='ocrx_word' id='word_1_292' title='bbox 2698 1118 2814 1153; x_wconf 86' lang='lat' dir='ltr'><strong>eam</strong></span> <span class='ocrx_word' id='word_1_293' title='bbox 2858 1102 2911 1154; x_wconf 88' lang='lat' dir='ltr'><strong>in</strong></span> <span class='ocrx_word' id='word_1_294' title='bbox 2956 1102 3232 1158; x_wconf 83' lang='lat' dir='ltr'><strong>Thebaide</strong></span> <span class='ocrx_word' id='word_1_295' title='bbox 3281 1105 3335 1157; x_wconf 91' lang='lat' dir='ltr'><strong>in</strong></span> <span class='ocrx_word' id='word_1_296' title='bbox 3389 1110 3716 1162; x_wconf 87' lang='lat' dir='ltr'><strong>monasterio</strong></span> <span class='ocrx_word' id='word_1_297' title='bbox 3780 1110 3997 1163; x_wconf 76' lang='lat' dir='ltr'><strong>Taben-</strong></span> 
     </span>
    </p>
   </div>
   <div class='ocr_carea' id='block_1_40' title="bbox 2422 1194 3997 1261">
    <p class='ocr_par' dir='ltr' id='par_1_40' title="bbox 2422 1194 3997 1261">
     <span class='ocr_line' id='line_1_40' title="bbox 2422 1194 3997 1261; baseline 0.008 -18"><span class='ocrx_word' id='word_1_298' title='bbox 2422 1194 2780 1246; x_wconf 79' lang='lat' dir='ltr'><strong>nesiotarum.</strong></span> <span class='ocrx_word' id='word_1_299' title='bbox 2817 1196 3158 1249; x_wconf 77' lang='lat' dir='ltr'><strong>Andronicus</strong></span> <span class='ocrx_word' id='word_1_300' title='bbox 3193 1208 3371 1250; x_wconf 92' lang='lat' dir='ltr'><strong>autem</strong></span> <span class='ocrx_word' id='word_1_301' title='bbox 3403 1197 3553 1261; x_wconf 81' lang='lat' dir='ltr'><strong>fecit,</strong></span> <span class='ocrx_word' id='word_1_302' title='bbox 3592 1202 3731 1253; x_wconf 87' lang='lat' dir='ltr'><strong>sicut</strong></span> <span class='ocrx_word' id='word_1_303' title='bbox 3780 1204 3997 1256; x_wconf 75' lang='lat' dir='ltr'><strong>dixerat</strong></span> 
     </span>
    </p>
   </div>
   <div class='ocr_carea' id='block_1_41' title="bbox 2422 1285 3997 1359">
    <p class='ocr_par' dir='ltr' id='par_1_41' title="bbox 2422 1285 3997 1359">
     <span class='ocr_line' id='line_1_41' title="bbox 2422 1285 3997 1359; baseline 0.008 -24"><span class='ocrx_word' id='word_1_304' title='bbox 2422 1285 2467 1336; x_wconf 92' lang='lat' dir='ltr'><strong>ei</strong></span> <span class='ocrx_word' id='word_1_305' title='bbox 2528 1299 2714 1347; x_wconf 78' lang='lat' dir='ltr'><strong>senex,</strong></span> <span class='ocrx_word' id='word_1_306' title='bbox 2769 1295 2823 1339; x_wconf 93' lang='lat' dir='ltr'><strong>et</strong></span> <span class='ocrx_word' id='word_1_307' title='bbox 2874 1288 3092 1352; x_wconf 87' lang='lat' dir='ltr'><strong>absens,</strong></span> <span class='ocrx_word' id='word_1_308' title='bbox 3144 1292 3296 1343; x_wconf 75' lang='lat' dir='ltr'><strong>duxit</strong></span> <span class='ocrx_word' id='word_1_309' title='bbox 3350 1307 3468 1344; x_wconf 83' lang='lat' dir='ltr'><strong>eam</strong></span> <span class='ocrx_word' id='word_1_310' title='bbox 3520 1294 3585 1345; x_wconf 91' lang='lat' dir='ltr'><strong>ad</strong></span> <span class='ocrx_word' id='word_1_311' title='bbox 3636 1308 3845 1346; x_wconf 90' lang='lat' dir='ltr'><strong>senem.</strong></span> <span class='ocrx_word' id='word_1_312' title='bbox 3900 1295 3997 1359; x_wconf 84' lang='lat' dir='ltr'><strong>Qui</strong></span> 
     </span>
    </p>
   </div>
   <div class='ocr_carea' id='block_1_42' title="bbox 2423 1376 3995 1453">
    <p class='ocr_par' dir='ltr' id='par_1_42' title="bbox 2423 1376 3995 1453">
     <span class='ocr_line' id='line_1_42' title="bbox 2423 1376 3995 1453; baseline 0.008 -28"><span class='ocrx_word' id='word_1_313' title='bbox 2423 1376 2634 1428; x_wconf 84' lang='lat' dir='ltr'><strong>locutus</strong></span> <span class='ocrx_word' id='word_1_314' title='bbox 2669 1386 2751 1430; x_wconf 88' lang='lat' dir='ltr'><strong>est</strong></span> <span class='ocrx_word' id='word_1_315' title='bbox 2798 1378 2879 1431; x_wconf 92' lang='lat' dir='ltr'><strong>eis</strong></span> <span class='ocrx_word' id='word_1_316' title='bbox 2926 1381 3144 1432; x_wconf 87' lang='lat' dir='ltr'><strong>verbum</strong></span> <span class='ocrx_word' id='word_1_317' title='bbox 3195 1384 3429 1434; x_wconf 81' lang='lat' dir='ltr'><strong>salutis:</strong></span> <span class='ocrx_word' id='word_1_318' title='bbox 3466 1393 3518 1437; x_wconf 90' lang='lat' dir='ltr'><strong>et</strong></span> <span class='ocrx_word' id='word_1_319' title='bbox 3569 1385 3724 1439; x_wconf 80' lang='lat' dir='ltr'><strong>factis</strong></span> <span class='ocrx_word' id='word_1_320' title='bbox 3778 1388 3995 1453; x_wconf 64' lang='lat' dir='ltr'><strong>litteris,</strong></span> 
     </span>
    </p>
   </div>
   <div class='ocr_carea' id='block_1_43' title="bbox 2423 1469 3997 1532">
    <p class='ocr_par' dir='ltr' id='par_1_43' title="bbox 2423 1469 3997 1532">
     <span class='ocr_line' id='line_1_43' title="bbox 2423 1469 3997 1532; baseline 0.008 -13"><span class='ocrx_word' id='word_1_321' title='bbox 2423 1469 2567 1519; x_wconf 88' lang='lat' dir='ltr'><strong>misit</strong></span> <span class='ocrx_word' id='word_1_322' title='bbox 2598 1484 2691 1521; x_wconf 84' lang='lat' dir='ltr'><strong>eos</strong></span> <span class='ocrx_word' id='word_1_323' title='bbox 2742 1471 2805 1522; x_wconf 87' lang='lat' dir='ltr'><strong>ad</strong></span> <span class='ocrx_word' id='word_1_324' title='bbox 2846 1474 3236 1526; x_wconf 87' lang='lat' dir='ltr'><strong>monasterium</strong></span> <span class='ocrx_word' id='word_1_325' title='bbox 3288 1475 3837 1531; x_wconf 77' lang='lat' dir='ltr'><strong>&#39;l‘abenuesiotarum.</strong></span> <span class='ocrx_word' id='word_1_326' title='bbox 3896 1479 3997 1532; x_wconf 80' lang='lat' dir='ltr'><strong>Re—</strong></span> 
     </span>
    </p>
   </div>
   <div class='ocr_carea' id='block_1_44' title="bbox 2425 1564 3998 1632">
    <p class='ocr_par' dir='ltr' id='par_1_44' title="bbox 2425 1564 3998 1632">
     <span class='ocr_line' id='line_1_44' title="bbox 2425 1564 3998 1632; baseline 0.009 -22"><span class='ocrx_word' id='word_1_327' title='bbox 2425 1576 2580 1611; x_wconf 84' lang='lat' dir='ltr'><strong>verso</strong></span> <span class='ocrx_word' id='word_1_328' title='bbox 2633 1576 2758 1613; x_wconf 89' lang='lat' dir='ltr'><strong>vero</strong></span> <span class='ocrx_word' id='word_1_329' title='bbox 2808 1564 3139 1627; x_wconf 82' lang='lat' dir='ltr'><strong>Andronico,</strong></span> <span class='ocrx_word' id='word_1_330' title='bbox 3198 1565 3348 1617; x_wconf 89' lang='lat' dir='ltr'><strong>dedit</strong></span> <span class='ocrx_word' id='word_1_331' title='bbox 3398 1580 3563 1619; x_wconf 83' lang='lat' dir='ltr'><strong>senex</strong></span> <span class='ocrx_word' id='word_1_332' title='bbox 3618 1569 3889 1632; x_wconf 85' lang='lat' dir='ltr'><strong>habitum,</strong></span> <span class='ocrx_word' id='word_1_333' title='bbox 3946 1582 3998 1624; x_wconf 89' lang='lat' dir='ltr'><strong>et</strong></span> 
     </span>
    </p>
   </div>
   <div class='ocr_carea' id='block_1_45' title="bbox 2373 1651 4003 1726">
    <p class='ocr_par' dir='ltr' id='par_1_45' title="bbox 2373 1651 4003 1726">
     <span class='ocr_line' id='line_1_45' title="bbox 2373 1651 4003 1726; baseline 0.012 -28"><span class='ocrx_word' id='word_1_334' title='bbox 2373 1693 2377 1698; x_wconf 89' lang='lat'><strong>.</strong></span> <span class='ocrx_word' id='word_1_335' title='bbox 2423 1651 2608 1705; x_wconf 88' lang='lat' dir='ltr'><strong>docuit</strong></span> <span class='ocrx_word' id='word_1_336' title='bbox 2653 1668 2771 1720; x_wconf 74' lang='lat' dir='ltr'><strong>quae</strong></span> <span class='ocrx_word' id='word_1_337' title='bbox 2822 1656 2889 1707; x_wconf 87' lang='lat' dir='ltr'><strong>ad</strong></span> <span class='ocrx_word' id='word_1_338' title='bbox 2937 1664 3137 1708; x_wconf 89' lang='lat' dir='ltr'><strong>statum</strong></span> <span class='ocrx_word' id='word_1_339' title='bbox 3199 1659 3474 1725; x_wconf 86' lang='lat' dir='ltr'><strong>pertinent</strong></span> <span class='ocrx_word' id='word_1_340' title='bbox 3526 1662 3918 1726; x_wconf 77' lang='lat' dir='ltr'><strong>monasticam,</strong></span> <span class='ocrx_word' id='word_1_341' title='bbox 3950 1674 4003 1717; x_wconf 84' lang='lat' dir='ltr'><strong>et</strong></span> 
     </span>
    </p>
   </div>
   <div class='ocr_carea' id='block_1_46' title="bbox 2425 1747 3489 1813">
    <p class='ocr_par' dir='ltr' id='par_1_46' title="bbox 2425 1747 3489 1813">
     <span class='ocr_line' id='line_1_46' title="bbox 2425 1747 3489 1813; baseline 0.007 -17"><span class='ocrx_word' id='word_1_342' title='bbox 2425 1747 2624 1797; x_wconf 89' lang='lat' dir='ltr'><strong>mansit</strong></span> <span class='ocrx_word' id='word_1_343' title='bbox 2656 1747 2791 1813; x_wconf 87' lang='lat' dir='ltr'><strong>apud</strong></span> <span class='ocrx_word' id='word_1_344' title='bbox 2826 1762 2947 1798; x_wconf 90' lang='lat' dir='ltr'><strong>eum</strong></span> <span class='ocrx_word' id='word_1_345' title='bbox 2982 1764 3156 1802; x_wconf 82' lang='lat' dir='ltr'><strong>annos</strong></span> <span class='ocrx_word' id='word_1_346' title='bbox 3185 1749 3489 1805; x_wconf 83' lang='lat' dir='ltr'><strong>duodecim.</strong></span> 
     </span>
    </p>
   </div>
   <div class='ocr_carea' id='block_1_47' title="bbox 2508 1835 3997 1913">
    <p class='ocr_par' dir='ltr' id='par_1_47' title="bbox 2508 1835 3997 1913">
     <span class='ocr_line' id='line_1_47' title="bbox 2508 1835 3997 1913; baseline 0.009 -25"><span class='ocrx_word' id='word_1_347' title='bbox 2508 1835 2593 1889; x_wconf 73' lang='lat' dir='ltr'><strong>Vl.</strong></span> <span class='ocrx_word' id='word_1_348' title='bbox 2635 1836 2763 1890; x_wconf 86' lang='lat' dir='ltr'><strong>Post</strong></span> <span class='ocrx_word' id='word_1_349' title='bbox 2796 1840 3075 1893; x_wconf 84' lang='lat' dir='ltr'><strong>duodecim</strong></span> <span class='ocrx_word' id='word_1_350' title='bbox 3111 1852 3289 1893; x_wconf 87' lang='lat' dir='ltr'><strong>autem</strong></span> <span class='ocrx_word' id='word_1_351' title='bbox 3339 1857 3512 1895; x_wconf 86' lang='lat' dir='ltr'><strong>annos</strong></span> <span class='ocrx_word' id='word_1_352' title='bbox 3545 1847 3752 1913; x_wconf 81' lang='lat' dir='ltr'><strong>rogavit</strong></span> <span class='ocrx_word' id='word_1_353' title='bbox 3784 1862 3997 1913; x_wconf 85' lang='lat' dir='ltr'><strong>senem,</strong></span> 
     </span>
    </p>
   </div>
   <div class='ocr_carea' id='block_1_48' title="bbox 2427 1929 4001 1992">
    <p class='ocr_par' dir='ltr' id='par_1_48' title="bbox 2427 1929 4001 1992">
     <span class='ocr_line' id='line_1_48' title="bbox 2427 1929 4001 1992; baseline 0.009 -15"><span class='ocrx_word' id='word_1_354' title='bbox 2427 1936 2482 1977; x_wconf 93' lang='lat' dir='ltr'><strong>ut</strong></span> <span class='ocrx_word' id='word_1_355' title='bbox 2531 1943 2588 1979; x_wconf 90' lang='lat' dir='ltr'><strong>se</strong></span> <span class='ocrx_word' id='word_1_356' title='bbox 2643 1929 2939 1981; x_wconf 84' lang='lat' dir='ltr'><strong>dimitteret</strong></span> <span class='ocrx_word' id='word_1_357' title='bbox 2985 1934 3047 1980; x_wconf 85' lang='lat' dir='ltr'><strong>ad</strong></span> <span class='ocrx_word' id='word_1_358' title='bbox 3096 1943 3281 1983; x_wconf 87' lang='lat' dir='ltr'><strong>sancta</strong></span> <span class='ocrx_word' id='word_1_359' title='bbox 3338 1933 3477 1984; x_wconf 90' lang='lat' dir='ltr'><strong>loca.</strong></span> <span class='ocrx_word' id='word_1_360' title='bbox 3537 1934 3625 1986; x_wconf 91' lang='lat' dir='ltr'><strong>Ille</strong></span> <span class='ocrx_word' id='word_1_361' title='bbox 3679 1952 3810 1989; x_wconf 83' lang='lat' dir='ltr'><strong>vero</strong></span> <span class='ocrx_word' id='word_1_362' title='bbox 3867 1938 4001 1992; x_wconf 81' lang='lat' dir='ltr'><strong>bene</strong></span> 
     </span>
    </p>
   </div>
   <div class='ocr_carea' id='block_1_49' title="bbox 2424 2024 4003 2087">
    <p class='ocr_par' dir='ltr' id='par_1_49' title="bbox 2424 2024 4003 2087">
     <span class='ocr_line' id='line_1_49' title="bbox 2424 2024 4003 2087; baseline 0.01 -17"><span class='ocrx_word' id='word_1_363' title='bbox 2424 2033 2674 2087; x_wconf 87' lang='lat' dir='ltr'><strong>precatus</strong></span> <span class='ocrx_word' id='word_1_364' title='bbox 2733 2039 2855 2074; x_wconf 88' lang='lat' dir='ltr'><strong>cum</strong></span> <span class='ocrx_word' id='word_1_365' title='bbox 2918 2024 3140 2075; x_wconf 87' lang='lat' dir='ltr'><strong>dimisit.</strong></span> <span class='ocrx_word' id='word_1_366' title='bbox 3199 2027 3375 2083; x_wconf 87' lang='lat' dir='ltr'><strong>Abbas</strong></span> <span class='ocrx_word' id='word_1_367' title='bbox 3423 2038 3605 2081; x_wconf 86' lang='lat' dir='ltr'><strong>autem</strong></span> <span class='ocrx_word' id='word_1_368' title='bbox 3658 2030 4003 2086; x_wconf 81' lang='lat' dir='ltr'><strong>Andronicus</strong></span> 
     </span>
    </p>
   </div>
   <div class='ocr_carea' id='block_1_50' title="bbox 2428 2112 3999 2191">
    <p class='ocr_par' dir='ltr' id='par_1_50' title="bbox 2428 2112 3999 2191">
     <span class='ocr_line' id='line_1_50' title="bbox 2428 2112 3999 2191; baseline 0.011 -29"><span class='ocrx_word' id='word_1_369' title='bbox 2428 2112 2527 2163; x_wconf 88' lang='lat' dir='ltr'><strong>iter</strong></span> <span class='ocrx_word' id='word_1_370' title='bbox 2590 2113 2794 2166; x_wconf 83' lang='lat' dir='ltr'><strong>faciens</strong></span> <span class='ocrx_word' id='word_1_371' title='bbox 2850 2132 2943 2182; x_wconf 84' lang='lat' dir='ltr'><strong>per</strong></span> <span class='ocrx_word' id='word_1_372' title='bbox 2993 2113 3299 2185; x_wconf 68' lang='lat' dir='ltr'><strong>A&#39;Sgyptum,</strong></span> <span class='ocrx_word' id='word_1_373' title='bbox 3349 2121 3488 2173; x_wconf 86' lang='lat' dir='ltr'><strong>sedit</strong></span> <span class='ocrx_word' id='word_1_374' title='bbox 3548 2123 3646 2175; x_wconf 87' lang='lat' dir='ltr'><strong>Sub</strong></span> <span class='ocrx_word' id='word_1_375' title='bbox 3710 2140 3893 2191; x_wconf 85' lang='lat' dir='ltr'><strong>spina,</strong></span> <span class='ocrx_word' id='word_1_376' title='bbox 3946 2137 3999 2179; x_wconf 91' lang='lat' dir='ltr'><strong>ut</strong></span> 
     </span>
    </p>
   </div>
   <div class='ocr_carea' id='block_1_51' title="bbox 2425 2205 4002 2271">
    <p class='ocr_par' dir='ltr' id='par_1_51' title="bbox 2425 2205 4002 2271">
     <span class='ocr_line' id='line_1_51' title="bbox 2425 2205 4002 2271; baseline 0.011 -18"><span class='ocrx_word' id='word_1_377' title='bbox 2425 2205 2659 2254; x_wconf 88' lang='lat' dir='ltr'><strong>animam</strong></span> <span class='ocrx_word' id='word_1_378' title='bbox 2712 2217 2981 2259; x_wconf 84' lang='lat' dir='ltr'><strong>recrearet</strong></span> <span class='ocrx_word' id='word_1_379' title='bbox 3036 2208 3105 2260; x_wconf 86' lang='lat' dir='ltr'><strong>ab</strong></span> <span class='ocrx_word' id='word_1_380' title='bbox 3165 2220 3320 2262; x_wconf 65' lang='lat' dir='ltr'><strong>aestu.</strong></span> <span class='ocrx_word' id='word_1_381' title='bbox 3378 2209 3514 2264; x_wconf 83' lang='lat' dir='ltr'><strong>Ecce</strong></span> <span class='ocrx_word' id='word_1_382' title='bbox 3571 2224 3756 2266; x_wconf 86' lang='lat' dir='ltr'><strong>autem</strong></span> <span class='ocrx_word' id='word_1_383' title='bbox 3809 2231 3875 2268; x_wconf 87' lang='lat' dir='ltr'><strong>ex</strong></span> <span class='ocrx_word' id='word_1_384' title='bbox 3914 2216 4002 2271; x_wconf 85' lang='lat' dir='ltr'><strong>Dei</strong></span> 
     </span>
    </p>
   </div>
   <div class='ocr_carea' id='block_1_52' title="bbox 2423 2293 4003 2371">
    <p class='ocr_par' dir='ltr' id='par_1_52' title="bbox 2423 2293 4003 2371">
     <span class='ocr_line' id='line_1_52' title="bbox 2423 2293 4003 2371; baseline 0.009 -28"><span class='ocrx_word' id='word_1_385' title='bbox 2423 2293 2828 2360; x_wconf 83' lang='lat' dir='ltr'><strong>dispensatione</strong></span> <span class='ocrx_word' id='word_1_386' title='bbox 2882 2298 3101 2349; x_wconf 88' lang='lat' dir='ltr'><strong>veniens</strong></span> <span class='ocrx_word' id='word_1_387' title='bbox 3151 2298 3203 2348; x_wconf 90' lang='lat' dir='ltr'><strong>in</strong></span> <span class='ocrx_word' id='word_1_388' title='bbox 3252 2300 3437 2352; x_wconf 87' lang='lat' dir='ltr'><strong>habitu</strong></span> <span class='ocrx_word' id='word_1_389' title='bbox 3492 2304 3625 2355; x_wconf 84' lang='lat' dir='ltr'><strong>virili</strong></span> <span class='ocrx_word' id='word_1_390' title='bbox 3686 2305 3809 2371; x_wconf 85' lang='lat' dir='ltr'><strong>ejus</strong></span> <span class='ocrx_word' id='word_1_391' title='bbox 3846 2322 4003 2366; x_wconf 80' lang='lat' dir='ltr'><strong>uxor,</strong></span> 
     </span>
    </p>
   </div>
   <div class='ocr_carea' id='block_1_53' title="bbox 2422 2385 4002 2459">
    <p class='ocr_par' dir='ltr' id='par_1_53' title="bbox 2422 2385 4002 2459">
     <span class='ocr_line' id='line_1_53' title="bbox 2422 2385 4002 2459; baseline 0.006 -23"><span class='ocrx_word' id='word_1_392' title='bbox 2422 2399 2540 2450; x_wconf 77' lang='lat' dir='ltr'><strong>qua:</strong></span> <span class='ocrx_word' id='word_1_393' title='bbox 2568 2385 2677 2451; x_wconf 86' lang='lat' dir='ltr'><strong>ipsa</strong></span> <span class='ocrx_word' id='word_1_394' title='bbox 2714 2401 2925 2451; x_wconf 77' lang='lat' dir='ltr'><strong>quoque</strong></span> <span class='ocrx_word' id='word_1_395' title='bbox 2973 2386 3083 2438; x_wconf 86' lang='lat' dir='ltr'><strong>ibat</strong></span> <span class='ocrx_word' id='word_1_396' title='bbox 3120 2389 3184 2438; x_wconf 88' lang='lat' dir='ltr'><strong>ad</strong></span> <span class='ocrx_word' id='word_1_397' title='bbox 3235 2401 3422 2441; x_wconf 85' lang='lat' dir='ltr'><strong>sancta</strong></span> <span class='ocrx_word' id='word_1_398' title='bbox 3472 2390 3608 2442; x_wconf 84' lang='lat' dir='ltr'><strong>loca.</strong></span> <span class='ocrx_word' id='word_1_399' title='bbox 3642 2392 3893 2459; x_wconf 88' lang='lat' dir='ltr'><strong>Cumque</strong></span> <span class='ocrx_word' id='word_1_400' title='bbox 3946 2410 4002 2446; x_wconf 86' lang='lat' dir='ltr'><strong>se</strong></span> 
     </span>
    </p>
   </div>
   <div class='ocr_carea' id='block_1_54' title="bbox 2426 2475 3999 2551">
    <p class='ocr_par' dir='ltr' id='par_1_54' title="bbox 2426 2475 3999 2551">
     <span class='ocr_line' id='line_1_54' title="bbox 2426 2475 3999 2551; baseline 0.006 -27"><span class='ocrx_word' id='word_1_401' title='bbox 2426 2475 2653 2526; x_wconf 84' lang='lat' dir='ltr'><strong>invicem</strong></span> <span class='ocrx_word' id='word_1_402' title='bbox 2693 2479 3039 2537; x_wconf 83' lang='lat' dir='ltr'><strong>Salutassent,</strong></span> <span class='ocrx_word' id='word_1_403' title='bbox 3090 2480 3341 2544; x_wconf 73' lang='lat' dir='ltr'><strong>cognovit</strong></span> <span class='ocrx_word' id='word_1_404' title='bbox 3389 2482 3634 2533; x_wconf 88' lang='lat' dir='ltr'><strong>columba</strong></span> <span class='ocrx_word' id='word_1_405' title='bbox 3682 2485 3999 2551; x_wconf 74' lang='lat' dir='ltr'><strong>conjugein.</strong></span> 
     </span>
    </p>
   </div>
   <div class='ocr_carea' id='block_1_55' title="bbox 2426 2564 3997 2637">
    <p class='ocr_par' dir='ltr' id='par_1_55' title="bbox 2426 2564 3997 2637">
     <span class='ocr_line' id='line_1_55' title="bbox 2426 2564 3997 2637; baseline 0.007 -22"><span class='ocrx_word' id='word_1_406' title='bbox 2426 2564 2540 2632; x_wconf 85' lang='lat' dir='ltr'><strong>Ipse</strong></span> <span class='ocrx_word' id='word_1_407' title='bbox 2598 2582 2722 2617; x_wconf 87' lang='lat' dir='ltr'><strong>vero</strong></span> <span class='ocrx_word' id='word_1_408' title='bbox 2778 2568 3049 2632; x_wconf 80' lang='lat' dir='ltr'><strong>quomodo</strong></span> <span class='ocrx_word' id='word_1_409' title='bbox 3104 2569 3367 2633; x_wconf 81' lang='lat' dir='ltr'><strong>potuisset</strong></span> <span class='ocrx_word' id='word_1_410' title='bbox 3420 2583 3752 2637; x_wconf 69' lang='lat' dir='ltr'><strong>cognoscere</strong></span> <span class='ocrx_word' id='word_1_411' title='bbox 3813 2576 3997 2636; x_wconf 81' lang='lat' dir='ltr'><strong>talem,</strong></span> 
     </span>
    </p>
   </div>
   <div class='ocr_carea' id='block_1_56' title="bbox 2424 2659 4000 2729">
    <p class='ocr_par' dir='ltr' id='par_1_56' title="bbox 2424 2659 4000 2729">
     <span class='ocr_line' id='line_1_56' title="bbox 2424 2659 4000 2729; baseline 0.008 -24"><span class='ocrx_word' id='word_1_412' title='bbox 2424 2672 2541 2721; x_wconf 78' lang='lat' dir='ltr'><strong>qua:</strong></span> <span class='ocrx_word' id='word_1_413' title='bbox 2567 2668 2927 2715; x_wconf 84' lang='lat' dir='ltr'><strong>emarcucrat,</strong></span> <span class='ocrx_word' id='word_1_414' title='bbox 2963 2659 3443 2723; x_wconf 80' lang='lat' dir='ltr'><strong>pulchritudinem,</strong></span> <span class='ocrx_word' id='word_1_415' title='bbox 3482 2673 3530 2714; x_wconf 89' lang='lat' dir='ltr'><strong>et</strong></span> <span class='ocrx_word' id='word_1_416' title='bbox 3563 2679 3680 2729; x_wconf 56' lang='lat' dir='ltr'><strong>qua</strong></span> <span class='ocrx_word' id='word_1_417' title='bbox 3716 2664 4000 2718; x_wconf 86' lang='lat' dir='ltr'><strong>videbatur</strong></span> 
     </span>
    </p>
   </div>
   <div class='ocr_carea' id='block_1_57' title="bbox 2427 2744 3998 2817">
    <p class='ocr_par' dir='ltr' id='par_1_57' title="bbox 2427 2744 3998 2817">
     <span class='ocr_line' id='line_1_57' title="bbox 2427 2744 3998 2817; baseline 0.009 -22"><span class='ocrx_word' id='word_1_418' title='bbox 2427 2755 2481 2795; x_wconf 92' lang='lat' dir='ltr'><strong>ut</strong></span> <span class='ocrx_word' id='word_1_419' title='bbox 2535 2744 2823 2811; x_wconf 69' lang='lat' dir='ltr'><strong>Airliiups?</strong></span> <span class='ocrx_word' id='word_1_420' title='bbox 2870 2746 3004 2797; x_wconf 86' lang='lat' dir='ltr'><strong>Dicit</strong></span> <span class='ocrx_word' id='word_1_421' title='bbox 3062 2763 3189 2816; x_wconf 86' lang='lat' dir='ltr'><strong>ergo</strong></span> <span class='ocrx_word' id='word_1_422' title='bbox 3239 2750 3285 2801; x_wconf 92' lang='lat' dir='ltr'><strong>ei</strong></span> <span class='ocrx_word' id='word_1_423' title='bbox 3326 2767 3338 2803; x_wconf 89' lang='lat'><strong>:</strong></span> <span class='ocrx_word' id='word_1_424' title='bbox 3383 2754 3499 2815; x_wconf 80' lang='lat' dir='ltr'><strong>Quo</strong></span> <span class='ocrx_word' id='word_1_425' title='bbox 3555 2754 3725 2817; x_wconf 85' lang='lat' dir='ltr'><strong>vadis,</strong></span> <span class='ocrx_word' id='word_1_426' title='bbox 3775 2756 3998 2809; x_wconf 86' lang='lat' dir='ltr'><strong>domine</strong></span> 
     </span>
    </p>
   </div>
   <div class='ocr_carea' id='block_1_58' title="bbox 2426 2835 3997 2914">
    <p class='ocr_par' dir='ltr' id='par_1_58' title="bbox 2426 2835 3997 2914">
     <span class='ocr_line' id='line_1_58' title="bbox 2426 2835 3997 2914; baseline 0.009 -29"><span class='ocrx_word' id='word_1_427' title='bbox 2426 2835 2598 2887; x_wconf 81' lang='lat' dir='ltr'><strong>abba?</strong></span> <span class='ocrx_word' id='word_1_428' title='bbox 2659 2838 2747 2889; x_wconf 89' lang='lat' dir='ltr'><strong>Ille</strong></span> <span class='ocrx_word' id='word_1_429' title='bbox 2808 2852 2931 2890; x_wconf 83' lang='lat' dir='ltr'><strong>vero</strong></span> <span class='ocrx_word' id='word_1_430' title='bbox 2983 2840 3106 2891; x_wconf 87' lang='lat' dir='ltr'><strong>dicit</strong></span> <span class='ocrx_word' id='word_1_431' title='bbox 3165 2841 3260 2893; x_wconf 89' lang='lat' dir='ltr'><strong>ei:</strong></span> <span class='ocrx_word' id='word_1_432' title='bbox 3319 2844 3399 2895; x_wconf 85' lang='lat' dir='ltr'><strong>Ad</strong></span> <span class='ocrx_word' id='word_1_433' title='bbox 3448 2855 3631 2897; x_wconf 83' lang='lat' dir='ltr'><strong>sancta</strong></span> <span class='ocrx_word' id='word_1_434' title='bbox 3685 2847 3834 2897; x_wconf 88' lang='lat' dir='ltr'><strong>loca.</strong></span> <span class='ocrx_word' id='word_1_435' title='bbox 3886 2847 3997 2914; x_wconf 81' lang='lat' dir='ltr'><strong>Ipsa</strong></span> 
     </span>
    </p>
   </div>
   <div class='ocr_carea' id='block_1_59' title="bbox 2424 2928 3997 3004">
    <p class='ocr_par' dir='ltr' id='par_1_59' title="bbox 2424 2928 3997 3004">
     <span class='ocr_line' id='line_1_59' title="bbox 2424 2928 3997 3004; baseline 0.008 -27"><span class='ocrx_word' id='word_1_436' title='bbox 2424 2936 2602 2978; x_wconf 86' lang='lat' dir='ltr'><strong>autem</strong></span> <span class='ocrx_word' id='word_1_437' title='bbox 2635 2928 2763 2980; x_wconf 89' lang='lat' dir='ltr'><strong>dicit</strong></span> <span class='ocrx_word' id='word_1_438' title='bbox 2809 2929 2854 2981; x_wconf 89' lang='lat' dir='ltr'><strong>ei</strong></span> <span class='ocrx_word' id='word_1_439' title='bbox 2898 2930 3056 2998; x_wconf 84' lang='lat' dir='ltr'><strong>:Ego</strong></span> <span class='ocrx_word' id='word_1_440' title='bbox 3102 2946 3319 2998; x_wconf 86' lang='lat' dir='ltr'><strong>quoque</strong></span> <span class='ocrx_word' id='word_1_441' title='bbox 3369 2934 3489 2983; x_wconf 82' lang='lat' dir='ltr'><strong>volo</strong></span> <span class='ocrx_word' id='word_1_442' title='bbox 3545 2935 3671 2985; x_wconf 89' lang='lat' dir='ltr'><strong>illuc</strong></span> <span class='ocrx_word' id='word_1_443' title='bbox 3717 2937 3818 2987; x_wconf 92' lang='lat' dir='ltr'><strong>ire.</strong></span> <span class='ocrx_word' id='word_1_444' title='bbox 3883 2938 3997 3004; x_wconf 82' lang='lat' dir='ltr'><strong>ipsa</strong></span> 
     </span>
    </p>
   </div>
   <div class='ocr_carea' id='block_1_60' title="bbox 2423 3020 3995 3086">
    <p class='ocr_par' dir='ltr' id='par_1_60' title="bbox 2423 3020 3995 3086">
     <span class='ocr_line' id='line_1_60' title="bbox 2423 3020 3995 3086; baseline 0.01 -18"><span class='ocrx_word' id='word_1_445' title='bbox 2423 3032 2551 3086; x_wconf 83' lang='lat' dir='ltr'><strong>ergo</strong></span> <span class='ocrx_word' id='word_1_446' title='bbox 2591 3034 2782 3071; x_wconf 88' lang='lat' dir='ltr'><strong>rursus</strong></span> <span class='ocrx_word' id='word_1_447' title='bbox 2820 3020 2950 3072; x_wconf 89' lang='lat' dir='ltr'><strong>dicit</strong></span> <span class='ocrx_word' id='word_1_448' title='bbox 2978 3024 3027 3072; x_wconf 87' lang='lat' dir='ltr'><strong>ei</strong></span> <span class='ocrx_word' id='word_1_449' title='bbox 3067 3038 3077 3070; x_wconf 94' lang='lat'>:</span> <span class='ocrx_word' id='word_1_450' title='bbox 3118 3022 3172 3071; x_wconf 81' lang='lat' dir='ltr'><strong>Si</strong></span> <span class='ocrx_word' id='word_1_451' title='bbox 3212 3023 3361 3084; x_wconf 88' lang='lat' dir='ltr'><strong>velis,</strong></span> <span class='ocrx_word' id='word_1_452' title='bbox 3405 3040 3592 3076; x_wconf 77' lang='lat' dir='ltr'><strong>camus</strong></span> <span class='ocrx_word' id='word_1_453' title='bbox 3622 3026 3783 3079; x_wconf 81' lang='lat' dir='ltr'><strong>ambo</strong></span> <span class='ocrx_word' id='word_1_454' title='bbox 3817 3030 3995 3084; x_wconf 84' lang='lat' dir='ltr'><strong>simul.</strong></span> 
     </span>
    </p>
   </div>
   <div class='ocr_carea' id='block_1_61' title="bbox 752 3099 3993 3191">
    <p class='ocr_par' dir='ltr' id='par_1_61' title="bbox 752 3099 3993 3191">
     <span class='ocr_line' id='line_1_61' title="bbox 752 3099 3993 3191; baseline 0.006 -36"><span class='ocrx_word' id='word_1_455' title='bbox 752 3102 902 3155; x_wconf 79' lang='lat' dir='ltr'><strong>Sara:</strong></span> <span class='ocrx_word' id='word_1_456' title='bbox 931 3104 951 3132; x_wconf 81' lang='grc'>³</span> <span class='ocrx_word' id='word_1_457' title='bbox 985 3116 998 3150; x_wconf 87' lang='lat'><strong>:</strong></span> <span class='ocrx_word' id='word_1_458' title='bbox 1038 3118 1056 3151; x_wconf 74' lang='grc' dir='ltr'>ι</span> <span class='ocrx_word' id='word_1_459' title='bbox 1093 3099 1357 3169; x_wconf 75' lang='lat' dir='ltr'><strong>Egredere</strong></span> <span class='ocrx_word' id='word_1_460' title='bbox 1406 3117 1437 3154; x_wconf 90' lang='lat' dir='ltr'><strong>e</strong></span> <span class='ocrx_word' id='word_1_461' title='bbox 1490 3112 1631 3154; x_wconf 89' lang='lat' dir='ltr'><strong>terra</strong></span> <span class='ocrx_word' id='word_1_462' title='bbox 1683 3114 1792 3167; x_wconf 85' lang='lat' dir='ltr'><strong>tua,</strong></span> <span class='ocrx_word' id='word_1_463' title='bbox 1837 3115 1890 3156; x_wconf 86' lang='lat' dir='ltr'><strong>et</strong></span> <span class='ocrx_word' id='word_1_464' title='bbox 1932 3120 1961 3155; x_wconf 92' lang='lat' dir='ltr'><strong>e</strong></span> <span class='ocrx_word' id='word_1_465' title='bbox 1997 3106 2319 3171; x_wconf 72' lang='lat' dir='ltr'><strong>cognatione</strong></span> <span class='ocrx_word' id='word_1_466' title='bbox 2347 3135 2389 3191; x_wconf 65' lang='grc' dir='ltr'><strong>ρ</strong></span> <span class='ocrx_word' id='word_1_467' title='bbox 2425 3107 2527 3159; x_wconf 87' lang='lat' dir='ltr'><strong>Sed</strong></span> <span class='ocrx_word' id='word_1_468' title='bbox 2565 3118 2814 3174; x_wconf 87' lang='lat' dir='ltr'><strong>tanquam</strong></span> <span class='ocrx_word' id='word_1_469' title='bbox 2856 3126 2959 3161; x_wconf 88' lang='lat' dir='ltr'><strong>non</strong></span> <span class='ocrx_word' id='word_1_470' title='bbox 3004 3111 3161 3163; x_wconf 86' lang='lat' dir='ltr'><strong>simul</strong></span> <span class='ocrx_word' id='word_1_471' title='bbox 3209 3112 3398 3176; x_wconf 90' lang='lat' dir='ltr'><strong>simus,</strong></span> <span class='ocrx_word' id='word_1_472' title='bbox 3431 3116 3803 3182; x_wconf 75' lang='lat' dir='ltr'><strong>ingrediamur</strong></span> <span class='ocrx_word' id='word_1_473' title='bbox 3836 3123 3993 3174; x_wconf 70' lang='lat' dir='ltr'><strong>silen-</strong></span> 
     </span>
    </p>
   </div>
   <div class='ocr_carea' id='block_1_62' title="bbox 754 3192 2310 3258">
    <p class='ocr_par' dir='ltr' id='par_1_62' title="bbox 754 3192 2310 3258">
     <span class='ocr_line' id='line_1_62' title="bbox 754 3192 2310 3258; baseline -0.002 -11"><span class='ocrx_word' id='word_1_474' title='bbox 754 3204 841 3247; x_wconf 85' lang='lat' dir='ltr'><strong>tua</strong></span> <span class='ocrx_word' id='word_1_475' title='bbox 876 3211 886 3243; x_wconf 94' lang='lat'><strong>:</strong></span> <span class='ocrx_word' id='word_1_476' title='bbox 921 3200 976 3243; x_wconf 90' lang='lat' dir='ltr'><strong>et</strong></span> <span class='ocrx_word' id='word_1_477' title='bbox 1012 3192 1132 3243; x_wconf 87' lang='lat' dir='ltr'><strong>veni</strong></span> <span class='ocrx_word' id='word_1_478' title='bbox 1178 3194 1229 3241; x_wconf 90' lang='lat' dir='ltr'><strong>in</strong></span> <span class='ocrx_word' id='word_1_479' title='bbox 1285 3202 1507 3253; x_wconf 86' lang='lat' dir='ltr'><strong>terram,</strong></span> <span class='ocrx_word' id='word_1_480' title='bbox 1549 3207 1710 3252; x_wconf 73' lang='lat' dir='ltr'><strong>quain</strong></span> <span class='ocrx_word' id='word_1_481' title='bbox 1764 3192 2047 3244; x_wconf 86' lang='lat' dir='ltr'><strong>ostendam</strong></span> <span class='ocrx_word' id='word_1_482' title='bbox 2111 3193 2250 3258; x_wconf 90' lang='lat' dir='ltr'><strong>tibi;</strong></span> <span class='ocrx_word' id='word_1_483' title='bbox 2294 3213 2310 3244; x_wconf 76' lang='grc' dir='ltr'><strong><em>ι</em></strong></span> 
     </span>
    </p>
   </div>
   <div class='ocr_carea' id='block_1_63' title="bbox 753 3282 2314 3353">
    <p class='ocr_par' dir='ltr' id='par_1_63' title="bbox 753 3282 2314 3353">
     <span class='ocr_line' id='line_1_63' title="bbox 753 3282 2314 3353; baseline 0.001 -15"><span class='ocrx_word' id='word_1_484' title='bbox 753 3285 871 3353; x_wconf 87' lang='lat' dir='ltr'><strong>ipse</strong></span> <span class='ocrx_word' id='word_1_485' title='bbox 904 3297 1048 3334; x_wconf 91' lang='lat' dir='ltr'><strong>nunc</strong></span> <span class='ocrx_word' id='word_1_486' title='bbox 1098 3296 1313 3349; x_wconf 79' lang='lat' dir='ltr'><strong>quoque</strong></span> <span class='ocrx_word' id='word_1_487' title='bbox 1363 3282 1540 3335; x_wconf 90' lang='lat' dir='ltr'><strong>deduc</strong></span> <span class='ocrx_word' id='word_1_488' title='bbox 1586 3298 1682 3335; x_wconf 92' lang='lat' dir='ltr'><strong>nos</strong></span> <span class='ocrx_word' id='word_1_489' title='bbox 1729 3286 1781 3335; x_wconf 92' lang='lat' dir='ltr'><strong>in</strong></span> <span class='ocrx_word' id='word_1_490' title='bbox 1832 3285 2080 3337; x_wconf 87' lang='lat' dir='ltr'><strong>timorem</strong></span> <span class='ocrx_word' id='word_1_491' title='bbox 2139 3295 2314 3341; x_wconf 90' lang='lat' dir='ltr'><strong>tuum.</strong></span> 
     </span>
    </p>
   </div>
   <div class='ocr_carea' id='block_1_64' title="bbox 754 3374 2318 3443">
    <p class='ocr_par' dir='ltr' id='par_1_64' title="bbox 754 3374 2318 3443">
     <span class='ocr_line' id='line_1_64' title="bbox 754 3374 2318 3443; baseline 0 -15"><span class='ocrx_word' id='word_1_492' title='bbox 754 3375 894 3428; x_wconf 88' lang='lat' dir='ltr'><strong>Ecce</strong></span> <span class='ocrx_word' id='word_1_493' title='bbox 933 3376 1075 3425; x_wconf 89' lang='lat' dir='ltr'><strong>enim</strong></span> <span class='ocrx_word' id='word_1_494' title='bbox 1124 3374 1482 3440; x_wconf 87' lang='lat' dir='ltr'><strong>relinquimus</strong></span> <span class='ocrx_word' id='word_1_495' title='bbox 1528 3376 1746 3426; x_wconf 83' lang='lat' dir='ltr'><strong>domum</strong></span> <span class='ocrx_word' id='word_1_496' title='bbox 1807 3387 2045 3428; x_wconf 83' lang='lat' dir='ltr'><strong>nostram</strong></span> <span class='ocrx_word' id='word_1_497' title='bbox 2078 3387 2318 3443; x_wconf 82' lang='lat' dir='ltr'><strong>apertam</strong></span> 
     </span>
    </p>
   </div>
   <div class='ocr_carea' id='block_1_65' title="bbox 757 3467 2319 3533">
    <p class='ocr_par' dir='ltr' id='par_1_65' title="bbox 757 3467 2319 3533">
     <span class='ocr_line' id='line_1_65' title="bbox 757 3467 2319 3533; baseline 0.003 -18"><span class='ocrx_word' id='word_1_498' title='bbox 757 3475 973 3533; x_wconf 86' lang='lat' dir='ltr'><strong>propter</strong></span> <span class='ocrx_word' id='word_1_499' title='bbox 1005 3478 1203 3515; x_wconf 90' lang='lat' dir='ltr'><strong>nomen</strong></span> <span class='ocrx_word' id='word_1_500' title='bbox 1240 3473 1389 3514; x_wconf 90' lang='lat' dir='ltr'><strong>tuum</strong></span> <span class='ocrx_word' id='word_1_501' title='bbox 1418 3478 1432 3512; x_wconf 88' lang='lat'><strong>:</strong></span> <span class='ocrx_word' id='word_1_502' title='bbox 1472 3478 1537 3514; x_wconf 89' lang='lat' dir='ltr'><strong>ne</strong></span> <span class='ocrx_word' id='word_1_503' title='bbox 1578 3475 1701 3515; x_wconf 88' lang='lat' dir='ltr'><strong>ante</strong></span> <span class='ocrx_word' id='word_1_504' title='bbox 1734 3478 1831 3517; x_wconf 90' lang='lat' dir='ltr'><strong>nos</strong></span> <span class='ocrx_word' id='word_1_505' title='bbox 1861 3467 2079 3519; x_wconf 88' lang='lat' dir='ltr'><strong>claudas</strong></span> <span class='ocrx_word' id='word_1_506' title='bbox 2123 3474 2319 3520; x_wconf 86' lang='lat' dir='ltr'><strong>Ostium</strong></span> 
     </span>
    </p>
   </div>
   <div class='ocr_carea' id='block_1_66' title="bbox 754 3550 2321 3620">
    <p class='ocr_par' dir='ltr' id='par_1_66' title="bbox 754 3550 2321 3620">
     <span class='ocr_line' id='line_1_66' title="bbox 754 3550 2321 3620; baseline 0.002 -14"><span class='ocrx_word' id='word_1_507' title='bbox 754 3555 903 3620; x_wconf 83' lang='lat' dir='ltr'><strong>regni</strong></span> <span class='ocrx_word' id='word_1_508' title='bbox 948 3552 1055 3614; x_wconf 89' lang='lat' dir='ltr'><strong>tui;</strong></span> <span class='ocrx_word' id='word_1_509' title='bbox 1112 3562 1166 3603; x_wconf 88' lang='lat' dir='ltr'><strong>et</strong></span> <span class='ocrx_word' id='word_1_510' title='bbox 1214 3550 1407 3604; x_wconf 83' lang='lat' dir='ltr'><strong>ﬂentes</strong></span> <span class='ocrx_word' id='word_1_511' title='bbox 1448 3553 1607 3604; x_wconf 89' lang='lat' dir='ltr'><strong>ambo</strong></span> <span class='ocrx_word' id='word_1_512' title='bbox 1658 3553 1905 3607; x_wconf 88' lang='lat' dir='ltr'><strong>abierunt</strong></span> <span class='ocrx_word' id='word_1_513' title='bbox 1942 3572 1955 3605; x_wconf 87' lang='lat'><strong>:</strong></span> <span class='ocrx_word' id='word_1_514' title='bbox 2005 3565 2057 3607; x_wconf 91' lang='lat' dir='ltr'><strong>et</strong></span> <span class='ocrx_word' id='word_1_515' title='bbox 2100 3572 2220 3607; x_wconf 90' lang='lat' dir='ltr'><strong>cum</strong></span> <span class='ocrx_word' id='word_1_516' title='bbox 2256 3557 2321 3609; x_wconf 88' lang='lat' dir='ltr'><strong>ad</strong></span> 
     </span>
    </p>
   </div>
   <div class='ocr_carea' id='block_1_67' title="bbox 754 3643 2320 3717">
    <p class='ocr_par' dir='ltr' id='par_1_67' title="bbox 754 3643 2320 3717">
     <span class='ocr_line' id='line_1_67' title="bbox 754 3643 2320 3717; baseline 0.001 -23"><span class='ocrx_word' id='word_1_517' title='bbox 754 3650 941 3694; x_wconf 88' lang='lat' dir='ltr'><strong>sancta</strong></span> <span class='ocrx_word' id='word_1_518' title='bbox 1010 3643 1125 3693; x_wconf 87' lang='lat' dir='ltr'><strong>loca</strong></span> <span class='ocrx_word' id='word_1_519' title='bbox 1216 3643 1626 3709; x_wconf 75' lang='lat' dir='ltr'><strong>perveniSseut,</strong></span> <span class='ocrx_word' id='word_1_520' title='bbox 1686 3645 2032 3696; x_wconf 86' lang='lat' dir='ltr'><strong>adorarunt:</strong></span> <span class='ocrx_word' id='word_1_521' title='bbox 2087 3652 2147 3717; x_wconf 81' lang='lat' dir='ltr'><strong>et_</strong></span> <span class='ocrx_word' id='word_1_522' title='bbox 2197 3658 2320 3696; x_wconf 91' lang='lat' dir='ltr'><strong>cum</strong></span> 
     </span>
    </p>
   </div>
   <div class='ocr_carea' id='block_1_68' title="bbox 755 3730 2320 3809">
    <p class='ocr_par' dir='ltr' id='par_1_68' title="bbox 755 3730 2320 3809">
     <span class='ocr_line' id='line_1_68' title="bbox 755 3730 2320 3809; baseline 0.001 -25"><span class='ocrx_word' id='word_1_523' title='bbox 755 3732 953 3785; x_wconf 87' lang='lat' dir='ltr'><strong>multos</strong></span> <span class='ocrx_word' id='word_1_524' title='bbox 991 3730 1178 3785; x_wconf 81' lang='lat' dir='ltr'><strong>Patres</strong></span> <span class='ocrx_word' id='word_1_525' title='bbox 1215 3734 1637 3793; x_wconf 71' lang='lat' dir='ltr'><strong>convenissent,</strong></span> <span class='ocrx_word' id='word_1_526' title='bbox 1692 3735 1915 3784; x_wconf 89' lang='lat' dir='ltr'><strong>veniunt</strong></span> <span class='ocrx_word' id='word_1_527' title='bbox 1959 3734 2025 3786; x_wconf 89' lang='lat' dir='ltr'><strong>ad</strong></span> <span class='ocrx_word' id='word_1_528' title='bbox 2073 3745 2320 3809; x_wconf 76' lang='lat' dir='ltr'><strong>sanctum</strong></span> 
     </span>
    </p>
   </div>
   <div class='ocr_carea' id='block_1_69' title="bbox 753 3823 2012 3891">
    <p class='ocr_par' dir='ltr' id='par_1_69' title="bbox 753 3823 2012 3891">
     <span class='ocr_line' id='line_1_69' title="bbox 753 3823 2012 3891; baseline -0.002 -14"><span class='ocrx_word' id='word_1_529' title='bbox 753 3823 966 3877; x_wconf 71' lang='lat' dir='ltr'><strong>Menam</strong></span> <span class='ocrx_word' id='word_1_530' title='bbox 997 3823 1337 3876; x_wconf 74' lang='lat' dir='ltr'><strong>Alexandria:</strong></span> <span class='ocrx_word' id='word_1_531' title='bbox 1358 3861 1373 3884; x_wconf 90' lang='lat'><strong>,</strong></span> <span class='ocrx_word' id='word_1_532' title='bbox 1398 3832 1451 3875; x_wconf 90' lang='lat' dir='ltr'><strong>et</strong></span> <span class='ocrx_word' id='word_1_533' title='bbox 1482 3824 1735 3875; x_wconf 74' lang='lat' dir='ltr'><strong>fruuntur</strong></span> <span class='ocrx_word' id='word_1_534' title='bbox 1762 3837 2012 3891; x_wconf 83' lang='lat' dir='ltr'><strong>martyre.</strong></span> 
     </span>
    </p>
   </div>
   <div class='ocr_carea' id='block_1_70' title="bbox 830 3915 2323 3984">
    <p class='ocr_par' dir='ltr' id='par_1_70' title="bbox 830 3915 2323 3984">
     <span class='ocr_line' id='line_1_70' title="bbox 830 3915 2323 3984; baseline 0 -15"><span class='ocrx_word' id='word_1_535' title='bbox 830 3915 891 3969; x_wconf 94' lang='lat' dir='ltr'><strong>V.</strong></span> <span class='ocrx_word' id='word_1_536' title='bbox 926 3915 1082 3968; x_wconf 85' lang='lat' dir='ltr'><strong>Circa</strong></span> <span class='ocrx_word' id='word_1_537' title='bbox 1129 3920 1316 3968; x_wconf 87' lang='lat' dir='ltr'><strong>horam</strong></span> <span class='ocrx_word' id='word_1_538' title='bbox 1369 3926 1549 3968; x_wconf 87' lang='lat' dir='ltr'><strong>autem</strong></span> <span class='ocrx_word' id='word_1_539' title='bbox 1582 3931 1777 3969; x_wconf 90' lang='lat' dir='ltr'><strong>nonam</strong></span> <span class='ocrx_word' id='word_1_540' title='bbox 1815 3916 2007 3984; x_wconf 84' lang='lat' dir='ltr'><strong>aspicit</strong></span> <span class='ocrx_word' id='word_1_541' title='bbox 2050 3917 2323 3969; x_wconf 85' lang='lat' dir='ltr'><strong>Androni-</strong></span> 
     </span>
    </p>
   </div>
   <div class='ocr_carea' id='block_1_71' title="bbox 755 4004 2323 4068">
    <p class='ocr_par' dir='ltr' id='par_1_71' title="bbox 755 4004 2323 4068">
     <span class='ocr_line' id='line_1_71' title="bbox 755 4004 2323 4068; baseline 0.001 -6"><span class='ocrx_word' id='word_1_542' title='bbox 755 4024 875 4068; x_wconf 81' lang='lat' dir='ltr'><strong>cus.</strong></span> <span class='ocrx_word' id='word_1_543' title='bbox 911 4019 964 4061; x_wconf 89' lang='lat' dir='ltr'><strong>et</strong></span> <span class='ocrx_word' id='word_1_544' title='bbox 994 4009 1138 4061; x_wconf 86' lang='lat' dir='ltr'><strong>videt</strong></span> <span class='ocrx_word' id='word_1_545' title='bbox 1167 4008 1490 4061; x_wconf 88' lang='lat' dir='ltr'><strong>monachum</strong></span> <span class='ocrx_word' id='word_1_546' title='bbox 1545 4004 1961 4067; x_wconf 77' lang='lat' dir='ltr'><strong>contendentem</strong></span> <span class='ocrx_word' id='word_1_547' title='bbox 2005 4024 2124 4062; x_wconf 90' lang='lat' dir='ltr'><strong>curn</strong></span> <span class='ocrx_word' id='word_1_548' title='bbox 2184 4008 2323 4063; x_wconf 87' lang='lat' dir='ltr'><strong>laico</strong></span> 
     </span>
    </p>
   </div>
   <div class='ocr_carea' id='block_1_72' title="bbox 758 4102 2322 4170">
    <p class='ocr_par' dir='ltr' id='par_1_72' title="bbox 758 4102 2322 4170">
     <span class='ocr_line' id='line_1_72' title="bbox 758 4102 2322 4170; baseline 0.001 -15"><span class='ocrx_word' id='word_1_549' title='bbox 758 4110 813 4155; x_wconf 86' lang='lat' dir='ltr'><strong>et</strong></span> <span class='ocrx_word' id='word_1_550' title='bbox 863 4102 913 4155; x_wconf 89' lang='lat' dir='ltr'><strong>ei</strong></span> <span class='ocrx_word' id='word_1_551' title='bbox 960 4102 1279 4154; x_wconf 86' lang='lat' dir='ltr'><strong>dicentem:</strong></span> <span class='ocrx_word' id='word_1_552' title='bbox 1326 4102 1436 4153; x_wconf 79' lang='lat' dir='ltr'><strong>Cur</strong></span> <span class='ocrx_word' id='word_1_553' title='bbox 1466 4102 1715 4156; x_wconf 83' lang='lat' dir='ltr'><strong>abbatem</strong></span> <span class='ocrx_word' id='word_1_554' title='bbox 1764 4103 1957 4170; x_wconf 80' lang='lat' dir='ltr'><strong>injuria</strong></span> <span class='ocrx_word' id='word_1_555' title='bbox 2010 4103 2215 4155; x_wconf 87' lang='lat' dir='ltr'><strong>allicis?</strong></span> <span class='ocrx_word' id='word_1_556' title='bbox 2274 4102 2322 4156; x_wconf 91' lang='lat' dir='ltr'><strong>ls</strong></span> 
     </span>
    </p>
   </div>
   <div class='ocr_carea' id='block_1_73' title="bbox 758 4188 2323 4251">
    <p class='ocr_par' dir='ltr' id='par_1_73' title="bbox 758 4188 2323 4251">
     <span class='ocr_line' id='line_1_73' title="bbox 758 4188 2323 4251; baseline 0.001 -11"><span class='ocrx_word' id='word_1_557' title='bbox 758 4206 884 4244; x_wconf 81' lang='lat' dir='ltr'><strong>vero</strong></span> <span class='ocrx_word' id='word_1_558' title='bbox 909 4191 958 4241; x_wconf 78' lang='lat' dir='ltr'><strong>ei</strong></span> <span class='ocrx_word' id='word_1_559' title='bbox 990 4190 1201 4242; x_wconf 90' lang='lat' dir='ltr'><strong>dicebat</strong></span> <span class='ocrx_word' id='word_1_560' title='bbox 1236 4208 1248 4240; x_wconf 89' lang='lat'><strong>:</strong></span> <span class='ocrx_word' id='word_1_561' title='bbox 1285 4188 1534 4251; x_wconf 87' lang='lat' dir='ltr'><strong>Domine,</strong></span> <span class='ocrx_word' id='word_1_562' title='bbox 1563 4190 1736 4241; x_wconf 89' lang='lat' dir='ltr'><strong>locavi</strong></span> <span class='ocrx_word' id='word_1_563' title='bbox 1775 4190 1997 4242; x_wconf 86' lang='lat' dir='ltr'><strong>bestiam</strong></span> <span class='ocrx_word' id='word_1_564' title='bbox 2033 4204 2208 4242; x_wconf 87' lang='lat' dir='ltr'><strong>meam</strong></span> <span class='ocrx_word' id='word_1_565' title='bbox 2256 4190 2323 4242; x_wconf 89' lang='lat' dir='ltr'><strong>ad</strong></span> 
     </span>
    </p>
   </div>
   <div class='ocr_carea' id='block_1_74' title="bbox 758 4278 2319 4349">
    <p class='ocr_par' dir='ltr' id='par_1_74' title="bbox 758 4278 2319 4349">
     <span class='ocr_line' id='line_1_74' title="bbox 758 4278 2319 4349; baseline -0.003 -14"><span class='ocrx_word' id='word_1_566' title='bbox 758 4281 994 4335; x_wconf 85' lang='lat' dir='ltr'><strong>Seetetn.</strong></span> <span class='ocrx_word' id='word_1_567' title='bbox 1027 4278 1134 4349; x_wconf 76' lang='lat' dir='ltr'><strong>Ego</strong></span> <span class='ocrx_word' id='word_1_568' title='bbox 1167 4294 1295 4333; x_wconf 86' lang='lat' dir='ltr'><strong>vero</strong></span> <span class='ocrx_word' id='word_1_569' title='bbox 1337 4279 1385 4331; x_wconf 88' lang='lat' dir='ltr'><strong>ei</strong></span> <span class='ocrx_word' id='word_1_570' title='bbox 1429 4279 1595 4333; x_wconf 88' lang='lat' dir='ltr'><strong>dico:</strong></span> <span class='ocrx_word' id='word_1_571' title='bbox 1647 4279 1846 4331; x_wconf 81' lang='lat' dir='ltr'><strong>Eamus</strong></span> <span class='ocrx_word' id='word_1_572' title='bbox 1889 4281 2020 4346; x_wconf 83' lang='lat' dir='ltr'><strong>jam,</strong></span> <span class='ocrx_word' id='word_1_573' title='bbox 2053 4290 2110 4331; x_wconf 93' lang='lat' dir='ltr'><strong>ut</strong></span> <span class='ocrx_word' id='word_1_574' title='bbox 2155 4291 2319 4332; x_wconf 82' lang='lat' dir='ltr'><strong>totam</strong></span> 
     </span>
    </p>
   </div>
   <div class='ocr_carea' id='block_1_75' title="bbox 756 4354 2324 4438">
    <p class='ocr_par' dir='ltr' id='par_1_75' title="bbox 756 4354 2324 4438">
     <span class='ocr_line' id='line_1_75' title="bbox 756 4354 2324 4438; baseline -0.001 -13"><span class='ocrx_word' id='word_1_575' title='bbox 756 4383 975 4425; x_wconf 86' lang='lat' dir='ltr'><strong>noctein</strong></span> <span class='ocrx_word' id='word_1_576' title='bbox 1013 4354 1384 4435; x_wconf 86' lang='lat' dir='ltr'><strong>ambulemus,</strong></span> <span class='ocrx_word' id='word_1_577' title='bbox 1421 4381 1476 4424; x_wconf 93' lang='lat' dir='ltr'><strong>et</strong></span> <span class='ocrx_word' id='word_1_578' title='bbox 1527 4384 1648 4424; x_wconf 82' lang='lat' dir='ltr'><strong>cras</strong></span> <span class='ocrx_word' id='word_1_579' title='bbox 1680 4385 1848 4438; x_wconf 89' lang='lat' dir='ltr'><strong>usque</strong></span> <span class='ocrx_word' id='word_1_580' title='bbox 1893 4370 1959 4423; x_wconf 90' lang='lat' dir='ltr'><strong>ad</strong></span> <span class='ocrx_word' id='word_1_581' title='bbox 2007 4379 2233 4433; x_wconf 88' lang='lat' dir='ltr'><strong>sextam,</strong></span> <span class='ocrx_word' id='word_1_582' title='bbox 2267 4381 2324 4423; x_wconf 92' lang='lat' dir='ltr'><strong>ut</strong></span> 
     </span>
    </p>
   </div>
   <div class='ocr_carea' id='block_1_76' title="bbox 758 4461 2324 4539">
    <p class='ocr_par' dir='ltr' id='par_1_76' title="bbox 758 4461 2319 4531">
     <span class='ocr_line' id='line_1_76' title="bbox 758 4461 2319 4531; baseline -0.001 -18"><span class='ocrx_word' id='word_1_583' title='bbox 758 4462 1140 4531; x_wconf 81' lang='lat' dir='ltr'><strong>perveniamus</strong></span> <span class='ocrx_word' id='word_1_584' title='bbox 1169 4473 1295 4513; x_wconf 86' lang='lat' dir='ltr'><strong>ante</strong></span> <span class='ocrx_word' id='word_1_585' title='bbox 1325 4472 1514 4513; x_wconf 67' lang='lat' dir='ltr'><strong>aestum</strong></span> <span class='ocrx_word' id='word_1_586' title='bbox 1549 4462 1652 4513; x_wconf 88' lang='lat' dir='ltr'><strong>diei</strong></span> <span class='ocrx_word' id='word_1_587' title='bbox 1687 4479 1700 4513; x_wconf 90' lang='lat'><strong>:</strong></span> <span class='ocrx_word' id='word_1_588' title='bbox 1734 4471 1789 4513; x_wconf 92' lang='lat' dir='ltr'><strong>et</strong></span> <span class='ocrx_word' id='word_1_589' title='bbox 1834 4475 1940 4512; x_wconf 92' lang='lat' dir='ltr'><strong>non</strong></span> <span class='ocrx_word' id='word_1_590' title='bbox 1982 4462 2094 4513; x_wconf 91' lang='lat' dir='ltr'><strong>vult</strong></span> <span class='ocrx_word' id='word_1_591' title='bbox 2123 4469 2179 4512; x_wconf 93' lang='lat' dir='ltr'><strong>ut</strong></span> <span class='ocrx_word' id='word_1_592' title='bbox 2209 4461 2319 4529; x_wconf 86' lang='lat' dir='ltr'><strong>jam</strong></span> 
     </span>
    </p>
   </div>
   <div class='ocr_carea' id='block_1_77' title="bbox 2422 4461 3725 4539">
    <p class='ocr_par' dir='ltr' id='par_1_77' title="bbox 2428 4467 3725 4539">
     <span class='ocr_line' id='line_1_77' title="bbox 2428 4467 3725 4539; baseline 0.012 -20"><span class='ocrx_word' id='word_1_593' title='bbox 2428 4467 2495 4520; x_wconf 89' lang='lat' dir='ltr'><strong>de</strong></span> <span class='ocrx_word' id='word_1_594' title='bbox 2519 4484 2583 4522; x_wconf 89' lang='lat' dir='ltr'><strong>eo</strong></span> <span class='ocrx_word' id='word_1_595' title='bbox 2613 4471 2713 4539; x_wconf 92' lang='lat' dir='ltr'><strong>ipsi</strong></span> <span class='ocrx_word' id='word_1_596' title='bbox 2751 4477 3104 4530; x_wconf 87' lang='lat' dir='ltr'><strong>renuntiavit.</strong></span> <span class='ocrx_word' id='word_1_597' title='bbox 3159 4477 3333 4533; x_wconf 86' lang='lat' dir='ltr'><strong>Senex</strong></span> <span class='ocrx_word' id='word_1_598' title='bbox 3365 4498 3493 4533; x_wconf 86' lang='lat' dir='ltr'><strong>vero</strong></span> <span class='ocrx_word' id='word_1_599' title='bbox 3522 4482 3651 4535; x_wconf 89' lang='lat' dir='ltr'><strong>dicit</strong></span> <span class='ocrx_word' id='word_1_600' title='bbox 3675 4484 3725 4535; x_wconf 90' lang='lat' dir='ltr'><strong>ei</strong></span> 
     </span>
    </p>
   </div>
   <div class='ocr_carea' id='block_1_78' title="bbox 758 4551 2321 4609">
    <p class='ocr_par' dir='ltr' id='par_1_78' title="bbox 758 4551 2321 4609">
     <span class='ocr_line' id='line_1_78' title="bbox 758 4551 2321 4609; baseline -0.001 -2"><span class='ocrx_word' id='word_1_601' title='bbox 758 4568 965 4607; x_wconf 87' lang='lat' dir='ltr'><strong>eamus.</strong></span> <span class='ocrx_word' id='word_1_602' title='bbox 1018 4552 1158 4605; x_wconf 83' lang='lat' dir='ltr'><strong>Dicit</strong></span> <span class='ocrx_word' id='word_1_603' title='bbox 1203 4552 1255 4606; x_wconf 91' lang='lat' dir='ltr'><strong>ei</strong></span> <span class='ocrx_word' id='word_1_604' title='bbox 1308 4552 1560 4605; x_wconf 89' lang='lat' dir='ltr'><strong>dominus</strong></span> <span class='ocrx_word' id='word_1_605' title='bbox 1624 4553 2013 4609; x_wconf 84' lang='lat' dir='ltr'><strong>Andronicus;</strong></span> <span class='ocrx_word' id='word_1_606' title='bbox 2073 4551 2321 4606; x_wconf 82' lang='lat' dir='ltr'><strong>Habesne</strong></span> 
     </span>
    </p>
   </div>
   <div class='ocr_carea' id='block_1_79' title="bbox 761 4642 2323 4712">
    <p class='ocr_par' dir='ltr' id='par_1_79' title="bbox 761 4642 2323 4712">
     <span class='ocr_line' id='line_1_79' title="bbox 761 4642 2323 4712; baseline 0 -15"><span class='ocrx_word' id='word_1_607' title='bbox 761 4644 974 4712; x_wconf 88' lang='lat' dir='ltr'><strong>aliquod</strong></span> <span class='ocrx_word' id='word_1_608' title='bbox 1009 4643 1152 4696; x_wconf 89' lang='lat' dir='ltr'><strong>aliud</strong></span> <span class='ocrx_word' id='word_1_609' title='bbox 1183 4642 1420 4695; x_wconf 82' lang='lat' dir='ltr'><strong>animal?</strong></span> <span class='ocrx_word' id='word_1_610' title='bbox 1450 4643 1496 4696; x_wconf 91' lang='lat' dir='ltr'><strong>ls</strong></span> <span class='ocrx_word' id='word_1_611' title='bbox 1522 4657 1647 4696; x_wconf 90' lang='lat' dir='ltr'><strong>vero</strong></span> <span class='ocrx_word' id='word_1_612' title='bbox 1678 4643 1808 4696; x_wconf 90' lang='lat' dir='ltr'><strong>dicit</strong></span> <span class='ocrx_word' id='word_1_613' title='bbox 1840 4659 1854 4697; x_wconf 87' lang='lat'><strong>:</strong></span> <span class='ocrx_word' id='word_1_614' title='bbox 1897 4643 2140 4696; x_wconf 79' lang='lat' dir='ltr'><strong>Maxime.</strong></span> <span class='ocrx_word' id='word_1_615' title='bbox 2181 4644 2323 4697; x_wconf 84' lang='lat' dir='ltr'><strong>Dixit</strong></span> 
     </span>
    </p>
   </div>
   <div class='ocr_carea' id='block_1_80' title="bbox 760 4731 2324 4802">
    <p class='ocr_par' dir='ltr' id='par_1_80' title="bbox 760 4731 2324 4802">
     <span class='ocr_line' id='line_1_80' title="bbox 760 4731 2324 4802; baseline 0.001 -14"><span class='ocrx_word' id='word_1_616' title='bbox 760 4744 941 4788; x_wconf 84' lang='lat' dir='ltr'><strong>autem</strong></span> <span class='ocrx_word' id='word_1_617' title='bbox 974 4733 1074 4802; x_wconf 88' lang='lat' dir='ltr'><strong>ipsi</strong></span> <span class='ocrx_word' id='word_1_618' title='bbox 1110 4749 1123 4784; x_wconf 90' lang='lat'><strong>:</strong></span> <span class='ocrx_word' id='word_1_619' title='bbox 1154 4731 1318 4797; x_wconf 86' lang='lat' dir='ltr'><strong>Vade,</strong></span> <span class='ocrx_word' id='word_1_620' title='bbox 1343 4734 1447 4788; x_wconf 87' lang='lat' dir='ltr'><strong>duc</strong></span> <span class='ocrx_word' id='word_1_621' title='bbox 1480 4734 1608 4786; x_wconf 87' lang='lat' dir='ltr'><strong>illud</strong></span> <span class='ocrx_word' id='word_1_622' title='bbox 1650 4731 1716 4788; x_wconf 87' lang='lat' dir='ltr'><strong>ad</strong></span> <span class='ocrx_word' id='word_1_623' title='bbox 1750 4749 1854 4797; x_wconf 89' lang='lat' dir='ltr'><strong>me,</strong></span> <span class='ocrx_word' id='word_1_624' title='bbox 1896 4744 1950 4789; x_wconf 89' lang='lat' dir='ltr'><strong>et</strong></span> <span class='ocrx_word' id='word_1_625' title='bbox 1978 4738 2118 4797; x_wconf 91' lang='lat' dir='ltr'><strong>veni,</strong></span> <span class='ocrx_word' id='word_1_626' title='bbox 2146 4745 2198 4788; x_wconf 92' lang='lat' dir='ltr'><strong>et</strong></span> <span class='ocrx_word' id='word_1_627' title='bbox 2232 4752 2324 4790; x_wconf 90' lang='lat' dir='ltr'><strong>ac-</strong></span> 
     </span>
    </p>
   </div>
   <div class='ocr_carea' id='block_1_81' title="bbox 761 4822 2320 4893">
    <p class='ocr_par' dir='ltr' id='par_1_81' title="bbox 761 4822 2320 4893">
     <span class='ocr_line' id='line_1_81' title="bbox 761 4822 2320 4893; baseline 0.003 -16"><span class='ocrx_word' id='word_1_628' title='bbox 761 4823 957 4891; x_wconf 89' lang='lat' dir='ltr'><strong>cipiam</strong></span> <span class='ocrx_word' id='word_1_629' title='bbox 987 4836 1084 4891; x_wconf 87' lang='lat' dir='ltr'><strong>ego</strong></span> <span class='ocrx_word' id='word_1_630' title='bbox 1117 4838 1282 4875; x_wconf 89' lang='lat' dir='ltr'><strong>unum</strong></span> <span class='ocrx_word' id='word_1_631' title='bbox 1314 4822 1535 4887; x_wconf 85' lang='lat' dir='ltr'><strong>animal,</strong></span> <span class='ocrx_word' id='word_1_632' title='bbox 1571 4833 1626 4875; x_wconf 93' lang='lat' dir='ltr'><strong>et</strong></span> <span class='ocrx_word' id='word_1_633' title='bbox 1652 4826 1812 4878; x_wconf 87' lang='lat' dir='ltr'><strong>abbas</strong></span> <span class='ocrx_word' id='word_1_634' title='bbox 1847 4841 2034 4885; x_wconf 86' lang='lat' dir='ltr'><strong>unum,</strong></span> <span class='ocrx_word' id='word_1_635' title='bbox 2066 4830 2320 4893; x_wconf 82' lang='lat' dir='ltr'><strong>quoniam</strong></span> 
     </span>
    </p>
   </div>
   <div class='ocr_carea' id='block_1_82' title="bbox 760 4915 2317 4984">
    <p class='ocr_par' dir='ltr' id='par_1_82' title="bbox 760 4915 2317 4984">
     <span class='ocr_line' id='line_1_82' title="bbox 760 4915 2317 4984; baseline 0.003 -17"><span class='ocrx_word' id='word_1_636' title='bbox 760 4928 861 4984; x_wconf 81' lang='lat' dir='ltr'><strong>ego</strong></span> <span class='ocrx_word' id='word_1_637' title='bbox 893 4920 1106 4982; x_wconf 58' lang='lat' dir='ltr'><strong>quoilue</strong></span> <span class='ocrx_word' id='word_1_638' title='bbox 1151 4915 1271 4967; x_wconf 89' lang='lat' dir='ltr'><strong>volo</strong></span> <span class='ocrx_word' id='word_1_639' title='bbox 1317 4915 1395 4967; x_wconf 90' lang='lat' dir='ltr'><strong>ire</strong></span> <span class='ocrx_word' id='word_1_640' title='bbox 1437 4918 1502 4968; x_wconf 89' lang='lat' dir='ltr'><strong>ad</strong></span> <span class='ocrx_word' id='word_1_641' title='bbox 1545 4917 1777 4970; x_wconf 77' lang='lat' dir='ltr'><strong>Scetem.</strong></span> <span class='ocrx_word' id='word_1_642' title='bbox 1814 4919 2159 4972; x_wconf 83' lang='lat' dir='ltr'><strong>Andronicus</strong></span> <span class='ocrx_word' id='word_1_643' title='bbox 2194 4934 2317 4973; x_wconf 88' lang='lat' dir='ltr'><strong>vero</strong></span> 
     </span>
    </p>
   </div>
   <div class='ocr_carea' id='block_1_83' title="bbox 761 5002 2315 5075">
    <p class='ocr_par' dir='ltr' id='par_1_83' title="bbox 761 5002 2315 5075">
     <span class='ocr_line' id='line_1_83' title="bbox 761 5002 2315 5075; baseline 0.003 -19"><span class='ocrx_word' id='word_1_644' title='bbox 761 5004 891 5056; x_wconf 90' lang='lat' dir='ltr'><strong>dicit</strong></span> <span class='ocrx_word' id='word_1_645' title='bbox 920 5005 1071 5055; x_wconf 86' lang='lat' dir='ltr'><strong>uxori</strong></span> <span class='ocrx_word' id='word_1_646' title='bbox 1104 5017 1215 5055; x_wconf 76' lang='lat' dir='ltr'><strong>sua:</strong></span> <span class='ocrx_word' id='word_1_647' title='bbox 1248 5020 1261 5055; x_wconf 89' lang='lat'><strong>:</strong></span> <span class='ocrx_word' id='word_1_648' title='bbox 1314 5002 1465 5055; x_wconf 84' lang='lat' dir='ltr'><strong>Mane</strong></span> <span class='ocrx_word' id='word_1_649' title='bbox 1508 5008 1593 5057; x_wconf 93' lang='lat' dir='ltr'><strong>hic</strong></span> <span class='ocrx_word' id='word_1_650' title='bbox 1622 5008 1761 5073; x_wconf 90' lang='lat' dir='ltr'><strong>apud</strong></span> <span class='ocrx_word' id='word_1_651' title='bbox 1805 5018 2048 5061; x_wconf 85' lang='lat' dir='ltr'><strong>sanctum</strong></span> <span class='ocrx_word' id='word_1_652' title='bbox 2087 5010 2315 5075; x_wconf 81' lang='lat' dir='ltr'><strong>Menam,</strong></span> 
     </span>
    </p>
   </div>
   <div class='ocr_carea' id='block_1_84' title="bbox 761 5094 2320 5165">
    <p class='ocr_par' dir='ltr' id='par_1_84' title="bbox 761 5094 2320 5165">
     <span class='ocr_line' id='line_1_84' title="bbox 761 5094 2320 5165; baseline 0.004 -18"><span class='ocrx_word' id='word_1_653' title='bbox 761 5094 933 5147; x_wconf 88' lang='lat' dir='ltr'><strong>donec</strong></span> <span class='ocrx_word' id='word_1_654' title='bbox 961 5095 1282 5148; x_wconf 89' lang='lat' dir='ltr'><strong>descendam</strong></span> <span class='ocrx_word' id='word_1_655' title='bbox 1332 5096 1386 5147; x_wconf 90' lang='lat' dir='ltr'><strong>in</strong></span> <span class='ocrx_word' id='word_1_656' title='bbox 1418 5098 1649 5159; x_wconf 72' lang='lat' dir='ltr'><strong>Scetem,</strong></span> <span class='ocrx_word' id='word_1_657' title='bbox 1702 5108 1755 5151; x_wconf 88' lang='lat' dir='ltr'><strong>et</strong></span> <span class='ocrx_word' id='word_1_658' title='bbox 1803 5102 2059 5165; x_wconf 86' lang='lat' dir='ltr'><strong>accipiam</strong></span> <span class='ocrx_word' id='word_1_659' title='bbox 2101 5102 2320 5154; x_wconf 86' lang='lat' dir='ltr'><strong>benedi-</strong></span> 
     </span>
    </p>
   </div>
   <div class='ocr_carea' id='block_1_85' title="bbox 762 5186 2316 5261">
    <p class='ocr_par' dir='ltr' id='par_1_85' title="bbox 762 5186 2316 5261">
     <span class='ocr_line' id='line_1_85' title="bbox 762 5186 2316 5261; baseline 0.004 -22"><span class='ocrx_word' id='word_1_660' title='bbox 762 5186 998 5240; x_wconf 86' lang='lat' dir='ltr'><strong>ctionem</strong></span> <span class='ocrx_word' id='word_1_661' title='bbox 1032 5202 1060 5238; x_wconf 85' lang='lat' dir='ltr'><strong>a</strong></span> <span class='ocrx_word' id='word_1_662' title='bbox 1081 5187 1349 5252; x_wconf 79' lang='lat' dir='ltr'><strong>Patribus,</strong></span> <span class='ocrx_word' id='word_1_663' title='bbox 1382 5200 1436 5239; x_wconf 91' lang='lat' dir='ltr'><strong>et</strong></span> <span class='ocrx_word' id='word_1_664' title='bbox 1467 5201 1726 5241; x_wconf 87' lang='lat' dir='ltr'><strong>revertar.</strong></span> <span class='ocrx_word' id='word_1_665' title='bbox 1750 5189 1885 5243; x_wconf 88' lang='lat' dir='ltr'><strong>Dicit</strong></span> <span class='ocrx_word' id='word_1_666' title='bbox 1919 5192 1964 5243; x_wconf 91' lang='lat' dir='ltr'><strong>ei</strong></span> <span class='ocrx_word' id='word_1_667' title='bbox 1999 5208 2131 5244; x_wconf 92' lang='lat' dir='ltr'><strong>uxor</strong></span> <span class='ocrx_word' id='word_1_668' title='bbox 2163 5194 2316 5261; x_wconf 87' lang='lat' dir='ltr'><strong>ejus:</strong></span> 
     </span>
    </p>
   </div>
   <div class='ocr_carea' id='block_1_86' title="bbox 761 5277 2316 5346">
    <p class='ocr_par' dir='ltr' id='par_1_86' title="bbox 761 5277 2316 5346">
     <span class='ocr_line' id='line_1_86' title="bbox 761 5277 2316 5346; baseline 0.004 -16"><span class='ocrx_word' id='word_1_669' title='bbox 761 5277 961 5346; x_wconf 79' lang='lat' dir='ltr'><strong>Accipe</strong></span> <span class='ocrx_word' id='word_1_670' title='bbox 996 5291 1080 5330; x_wconf 91' lang='lat' dir='ltr'><strong>me</strong></span> <span class='ocrx_word' id='word_1_671' title='bbox 1120 5286 1318 5330; x_wconf 87' lang='lat' dir='ltr'><strong>tecum.</strong></span> <span class='ocrx_word' id='word_1_672' title='bbox 1366 5280 1457 5331; x_wconf 92' lang='lat' dir='ltr'><strong>Ille</strong></span> <span class='ocrx_word' id='word_1_673' title='bbox 1493 5295 1620 5333; x_wconf 70' lang='lat' dir='ltr'><strong>vero</strong></span> <span class='ocrx_word' id='word_1_674' title='bbox 1660 5282 1787 5334; x_wconf 88' lang='lat' dir='ltr'><strong>dicit</strong></span> <span class='ocrx_word' id='word_1_675' title='bbox 1833 5283 1879 5334; x_wconf 88' lang='lat' dir='ltr'><strong>ei</strong></span> <span class='ocrx_word' id='word_1_676' title='bbox 1915 5300 1927 5335; x_wconf 95' lang='lat'>:</span> <span class='ocrx_word' id='word_1_677' title='bbox 1976 5282 2163 5338; x_wconf 88' lang='lat' dir='ltr'><strong>Mulier</strong></span> <span class='ocrx_word' id='word_1_678' title='bbox 2211 5300 2316 5337; x_wconf 89' lang='lat' dir='ltr'><strong>non</strong></span> 
     </span>
    </p>
   </div>
   <div class='ocr_carea' id='block_1_87' title="bbox 766 5368 2320 5437">
    <p class='ocr_par' dir='ltr' id='par_1_87' title="bbox 766 5368 2320 5437">
     <span class='ocr_line' id='line_1_87' title="bbox 766 5368 2320 5437; baseline 0.005 -16"><span class='ocrx_word' id='word_1_679' title='bbox 766 5368 1065 5437; x_wconf 87' lang='lat' dir='ltr'><strong>ingreditur</strong></span> <span class='ocrx_word' id='word_1_680' title='bbox 1101 5372 1154 5422; x_wconf 90' lang='lat' dir='ltr'><strong>in</strong></span> <span class='ocrx_word' id='word_1_681' title='bbox 1183 5374 1414 5427; x_wconf 88' lang='lat' dir='ltr'><strong>Scetem.</strong></span> <span class='ocrx_word' id='word_1_682' title='bbox 1439 5374 1528 5426; x_wconf 90' lang='lat' dir='ltr'><strong>Illa</strong></span> <span class='ocrx_word' id='word_1_683' title='bbox 1558 5387 1736 5427; x_wconf 89' lang='lat' dir='ltr'><strong>autem</strong></span> <span class='ocrx_word' id='word_1_684' title='bbox 1776 5375 1905 5427; x_wconf 90' lang='lat' dir='ltr'><strong>dicit</strong></span> <span class='ocrx_word' id='word_1_685' title='bbox 1932 5377 1979 5427; x_wconf 92' lang='lat' dir='ltr'><strong>ei</strong></span> <span class='ocrx_word' id='word_1_686' title='bbox 2008 5391 2127 5429; x_wconf 92' lang='lat' dir='ltr'><strong>cum</strong></span> <span class='ocrx_word' id='word_1_687' title='bbox 2159 5375 2320 5429; x_wconf 82' lang='lat' dir='ltr'><strong>ﬂetu:</strong></span> 
     </span>
    </p>
   </div>
   <div class='ocr_carea' id='block_1_88' title="bbox 763 5453 2322 5538">
    <p class='ocr_par' dir='ltr' id='par_1_88' title="bbox 763 5453 2322 5538">
     <span class='ocr_line' id='line_1_88' title="bbox 763 5453 2322 5538; baseline 0.013 -32"><span class='ocrx_word' id='word_1_688' title='bbox 763 5453 996 5509; x_wconf 84' lang='lat' dir='ltr'><strong>Habebis</strong></span> <span class='ocrx_word' id='word_1_689' title='bbox 1023 5474 1109 5512; x_wconf 90' lang='lat' dir='ltr'><strong>me</strong></span> <span class='ocrx_word' id='word_1_690' title='bbox 1142 5461 1284 5529; x_wconf 90' lang='lat' dir='ltr'><strong>apud</strong></span> <span class='ocrx_word' id='word_1_691' title='bbox 1330 5475 1573 5518; x_wconf 83' lang='lat' dir='ltr'><strong>sanctum</strong></span> <span class='ocrx_word' id='word_1_692' title='bbox 1613 5464 1858 5529; x_wconf 84' lang='lat' dir='ltr'><strong>Menam,</strong></span> <span class='ocrx_word' id='word_1_693' title='bbox 1892 5468 1934 5520; x_wconf 89' lang='lat' dir='ltr'><strong>si</strong></span> <span class='ocrx_word' id='word_1_694' title='bbox 1977 5472 2322 5538; x_wconf 88' lang='lat' dir='ltr'><strong>remanseris,</strong></span> 
     </span>
    </p>
   </div>
   <div class='ocr_carea' id='block_1_89' title="bbox 762 5553 2323 5631">
    <p class='ocr_par' dir='ltr' id='par_1_89' title="bbox 762 5553 2323 5631">
     <span class='ocr_line' id='line_1_89' title="bbox 762 5553 2323 5631; baseline 0.01 -31"><span class='ocrx_word' id='word_1_695' title='bbox 762 5556 817 5601; x_wconf 87' lang='lat' dir='ltr'><strong>et</strong></span> <span class='ocrx_word' id='word_1_696' title='bbox 864 5564 949 5603; x_wconf 84' lang='lat' dir='ltr'><strong>uie</strong></span> <span class='ocrx_word' id='word_1_697' title='bbox 1001 5566 1104 5604; x_wconf 87' lang='lat' dir='ltr'><strong>non</strong></span> <span class='ocrx_word' id='word_1_698' title='bbox 1162 5553 1442 5607; x_wconf 84' lang='lat' dir='ltr'><strong>collocaris</strong></span> <span class='ocrx_word' id='word_1_699' title='bbox 1490 5556 1544 5608; x_wconf 92' lang='lat' dir='ltr'><strong>in</strong></span> <span class='ocrx_word' id='word_1_700' title='bbox 1597 5560 1945 5611; x_wconf 84' lang='lat' dir='ltr'><strong>monasterio.</strong></span> <span class='ocrx_word' id='word_1_701' title='bbox 1982 5558 2224 5631; x_wconf 73' lang='lat' dir='ltr'><strong>Cumque</strong></span> <span class='ocrx_word' id='word_1_702' title='bbox 2264 5576 2323 5615; x_wconf 87' lang='lat' dir='ltr'><strong>se</strong></span> 
     </span>
    </p>
   </div>
   <div class='ocr_carea' id='block_1_90' title="bbox 832 5725 1238 5792">
    <p class='ocr_par' dir='ltr' id='par_1_90' title="bbox 832 5725 1238 5792">
     <span class='ocr_line' id='line_1_90' title="bbox 832 5725 1238 5792; baseline 0.01 -13"><span class='ocrx_word' id='word_1_703' title='bbox 832 5728 854 5759; x_wconf 80' lang='grc'><strong><em>³</em></strong></span> <span class='ocrx_word' id='word_1_704' title='bbox 888 5725 1023 5780; x_wconf 80' lang='lat' dir='ltr'><strong>Gen.</strong></span> <span class='ocrx_word' id='word_1_705' title='bbox 1060 5745 1154 5792; x_wconf 87' lang='lat' dir='ltr'><strong>xii,</strong></span> <span class='ocrx_word' id='word_1_706' title='bbox 1196 5731 1238 5783; x_wconf 78' lang='grc' dir='ltr'><strong>Ι.</strong></span> 
     </span>
    </p>
   </div>
   <div class='ocr_carea' id='block_1_91' title="bbox 2426 3198 3999 3279">
    <p class='ocr_par' dir='ltr' id='par_1_91' title="bbox 2426 3198 3999 3279">
     <span class='ocr_line' id='line_1_91' title="bbox 2426 3198 3999 3279; baseline 0.01 -29"><span class='ocrx_word' id='word_1_707' title='bbox 2426 3198 2517 3251; x_wconf 86' lang='lat' dir='ltr'><strong>tio.</strong></span> <span class='ocrx_word' id='word_1_708' title='bbox 2555 3198 2691 3251; x_wconf 83' lang='lat' dir='ltr'><strong>Dicit</strong></span> <span class='ocrx_word' id='word_1_709' title='bbox 2722 3199 3062 3256; x_wconf 75' lang='lat' dir='ltr'><strong>Andronicus</strong></span> <span class='ocrx_word' id='word_1_710' title='bbox 3097 3221 3110 3254; x_wconf 88' lang='lat'><strong>:</strong></span> <span class='ocrx_word' id='word_1_711' title='bbox 3158 3204 3221 3257; x_wconf 70' lang='lat' dir='ltr'><strong>Ut</strong></span> <span class='ocrx_word' id='word_1_712' title='bbox 3250 3206 3429 3273; x_wconf 84' lang='lat' dir='ltr'><strong>jubcs.</strong></span> <span class='ocrx_word' id='word_1_713' title='bbox 3479 3208 3683 3262; x_wconf 84' lang='lat' dir='ltr'><strong>Deinde</strong></span> <span class='ocrx_word' id='word_1_714' title='bbox 3722 3227 3839 3279; x_wconf 84' lang='lat' dir='ltr'><strong>ipsa</strong></span> <span class='ocrx_word' id='word_1_715' title='bbox 3872 3212 3999 3266; x_wconf 81' lang='lat' dir='ltr'><strong>dicit</strong></span> 
     </span>
    </p>
   </div>
   <div class='ocr_carea' id='block_1_92' title="bbox 2422 3289 3996 3362">
    <p class='ocr_par' dir='ltr' id='par_1_92' title="bbox 2422 3289 3996 3362">
     <span class='ocr_line' id='line_1_92' title="bbox 2422 3289 3996 3362; baseline 0.01 -20"><span class='ocrx_word' id='word_1_716' title='bbox 2422 3289 2468 3342; x_wconf 91' lang='lat' dir='ltr'><strong>ei</strong></span> <span class='ocrx_word' id='word_1_717' title='bbox 2505 3307 2523 3342; x_wconf 86' lang='lat'><strong>:~</strong></span> <span class='ocrx_word' id='word_1_718' title='bbox 2574 3291 2687 3344; x_wconf 72' lang='lat' dir='ltr'><strong>Non</strong></span> <span class='ocrx_word' id='word_1_719' title='bbox 2746 3308 2803 3344; x_wconf 89' lang='lat' dir='ltr'><strong>es</strong></span> <span class='ocrx_word' id='word_1_720' title='bbox 2858 3308 3044 3345; x_wconf 86' lang='lat' dir='ltr'><strong>revera</strong></span> <span class='ocrx_word' id='word_1_721' title='bbox 3094 3295 3392 3362; x_wconf 85' lang='lat' dir='ltr'><strong>discipulus</strong></span> <span class='ocrx_word' id='word_1_722' title='bbox 3442 3300 3649 3351; x_wconf 81' lang='lat' dir='ltr'><strong>abbatis</strong></span> <span class='ocrx_word' id='word_1_723' title='bbox 3711 3301 3996 3357; x_wconf 81' lang='lat' dir='ltr'><strong>Danielis?</strong></span> 
     </span>
    </p>
   </div>
   <div class='ocr_carea' id='block_1_93' title="bbox 2422 3380 3997 3455">
    <p class='ocr_par' dir='ltr' id='par_1_93' title="bbox 2422 3380 3997 3455">
     <span class='ocr_line' id='line_1_93' title="bbox 2422 3380 3997 3455; baseline 0.011 -25"><span class='ocrx_word' id='word_1_724' title='bbox 2422 3380 2539 3446; x_wconf 85' lang='lat' dir='ltr'><strong>Ipse</strong></span> <span class='ocrx_word' id='word_1_725' title='bbox 2598 3394 2723 3431; x_wconf 86' lang='lat' dir='ltr'><strong>vero</strong></span> <span class='ocrx_word' id='word_1_726' title='bbox 2786 3384 2913 3434; x_wconf 87' lang='lat' dir='ltr'><strong>dicit</strong></span> <span class='ocrx_word' id='word_1_727' title='bbox 2947 3384 3042 3434; x_wconf 89' lang='lat' dir='ltr'><strong>ei:</strong></span> <span class='ocrx_word' id='word_1_728' title='bbox 3094 3384 3347 3438; x_wconf 82' lang='lat' dir='ltr'><strong>Maxime.</strong></span> <span class='ocrx_word' id='word_1_729' title='bbox 3401 3388 3534 3438; x_wconf 89' lang='lat' dir='ltr'><strong>Dicit</strong></span> <span class='ocrx_word' id='word_1_730' title='bbox 3580 3390 3744 3455; x_wconf 86' lang='lat' dir='ltr'><strong>ipsa:</strong></span> <span class='ocrx_word' id='word_1_731' title='bbox 3804 3394 3997 3449; x_wconf 79' lang='lat' dir='ltr'><strong>Preces</strong></span> 
     </span>
    </p>
   </div>
   <div class='ocr_carea' id='block_1_94' title="bbox 2423 3465 3992 3535">
    <p class='ocr_par' dir='ltr' id='par_1_94' title="bbox 2423 3465 3992 3535">
     <span class='ocr_line' id='line_1_94' title="bbox 2423 3465 3992 3535; baseline 0.012 -20"><span class='ocrx_word' id='word_1_732' title='bbox 2423 3465 2569 3516; x_wconf 86' lang='lat' dir='ltr'><strong>senis</strong></span> <span class='ocrx_word' id='word_1_733' title='bbox 2595 3480 2691 3519; x_wconf 87' lang='lat' dir='ltr'><strong>nos</strong></span> <span class='ocrx_word' id='word_1_734' title='bbox 2743 3468 3167 3525; x_wconf 86' lang='lat' dir='ltr'><strong>comitabuntur.</strong></span> <span class='ocrx_word' id='word_1_735' title='bbox 3206 3471 3342 3525; x_wconf 90' lang='lat' dir='ltr'><strong>Dicit</strong></span> <span class='ocrx_word' id='word_1_736' title='bbox 3384 3476 3727 3530; x_wconf 82' lang='lat' dir='ltr'><strong>Andronicus</strong></span> <span class='ocrx_word' id='word_1_737' title='bbox 3755 3494 3769 3531; x_wconf 91' lang='lat'><strong>:</strong></span> <span class='ocrx_word' id='word_1_738' title='bbox 3800 3483 3992 3535; x_wconf 75' lang='lat' dir='ltr'><strong>Amen.</strong></span> 
     </span>
    </p>
   </div>
   <div class='ocr_carea' id='block_1_95' title="bbox 2422 3552 3999 3631">
    <p class='ocr_par' dir='ltr' id='par_1_95' title="bbox 2422 3552 3999 3631">
     <span class='ocr_line' id='line_1_95' title="bbox 2422 3552 3999 3631; baseline 0.011 -26"><span class='ocrx_word' id='word_1_739' title='bbox 2422 3552 2552 3605; x_wconf 88' lang='lat' dir='ltr'><strong>Cum</strong></span> <span class='ocrx_word' id='word_1_740' title='bbox 2610 3564 2788 3607; x_wconf 90' lang='lat' dir='ltr'><strong>autem</strong></span> <span class='ocrx_word' id='word_1_741' title='bbox 2839 3558 2995 3610; x_wconf 91' lang='lat' dir='ltr'><strong>simul</strong></span> <span class='ocrx_word' id='word_1_742' title='bbox 3058 3561 3286 3631; x_wconf 87' lang='lat' dir='ltr'><strong>ingressi</strong></span> <span class='ocrx_word' id='word_1_743' title='bbox 3323 3574 3524 3628; x_wconf 85' lang='lat' dir='ltr'><strong>essent,</strong></span> <span class='ocrx_word' id='word_1_744' title='bbox 3576 3576 3627 3618; x_wconf 86' lang='lat' dir='ltr'><strong>et</strong></span> <span class='ocrx_word' id='word_1_745' title='bbox 3681 3569 3999 3625; x_wconf 78' lang='lat' dir='ltr'><strong>adurassent</strong></span> 
     </span>
    </p>
   </div>
   <div class='ocr_carea' id='block_1_96' title="bbox 2422 3644 3999 3721">
    <p class='ocr_par' dir='ltr' id='par_1_96' title="bbox 2422 3644 3999 3721">
     <span class='ocr_line' id='line_1_96' title="bbox 2422 3644 3999 3721; baseline 0.012 -24"><span class='ocrx_word' id='word_1_746' title='bbox 2422 3656 2604 3702; x_wconf 84' lang='lat' dir='ltr'><strong>sancta</strong></span> <span class='ocrx_word' id='word_1_747' title='bbox 2641 3644 2775 3710; x_wconf 88' lang='lat' dir='ltr'><strong>loca,</strong></span> <span class='ocrx_word' id='word_1_748' title='bbox 2813 3656 3014 3704; x_wconf 71' lang='lat' dir='ltr'><strong>reversi</strong></span> <span class='ocrx_word' id='word_1_749' title='bbox 3049 3664 3189 3721; x_wconf 64' lang='lat' dir='ltr'><strong>sunt</strong></span> <span class='ocrx_word' id='word_1_750' title='bbox 3211 3659 3610 3713; x_wconf 83' lang='lat' dir='ltr'><strong>Alexandriam.</strong></span> <span class='ocrx_word' id='word_1_751' title='bbox 3663 3661 3804 3715; x_wconf 89' lang='lat' dir='ltr'><strong>Dicit</strong></span> <span class='ocrx_word' id='word_1_752' title='bbox 3832 3663 3999 3716; x_wconf 83' lang='lat' dir='ltr'><strong>abbas</strong></span> 
     </span>
    </p>
   </div>
   <div class='ocr_carea' id='block_1_97' title="bbox 2422 3740 3999 3808">
    <p class='ocr_par' dir='ltr' id='par_1_97' title="bbox 2422 3740 3999 3808">
     <span class='ocr_line' id='line_1_97' title="bbox 2422 3740 3999 3808; baseline 0.012 -19"><span class='ocrx_word' id='word_1_753' title='bbox 2422 3740 2749 3793; x_wconf 78' lang='lat' dir='ltr'><strong>Athanasius</strong></span> <span class='ocrx_word' id='word_1_754' title='bbox 2779 3743 2957 3795; x_wconf 87' lang='lat' dir='ltr'><strong>abbati</strong></span> <span class='ocrx_word' id='word_1_755' title='bbox 2996 3748 3306 3800; x_wconf 83' lang='lat' dir='ltr'><strong>AndrOnico</strong></span> <span class='ocrx_word' id='word_1_756' title='bbox 3341 3767 3353 3801; x_wconf 92' lang='lat'><strong>:</strong></span> <span class='ocrx_word' id='word_1_757' title='bbox 3384 3750 3472 3802; x_wconf 91' lang='lat' dir='ltr'><strong>Vis</strong></span> <span class='ocrx_word' id='word_1_758' title='bbox 3504 3767 3822 3808; x_wconf 81' lang='lat' dir='ltr'><strong>maneamus</strong></span> <span class='ocrx_word' id='word_1_759' title='bbox 3840 3755 3999 3808; x_wconf 85' lang='lat' dir='ltr'><strong>simul</strong></span> 
     </span>
    </p>
   </div>
   <div class='ocr_carea' id='block_1_98' title="bbox 2425 3831 3997 3912">
    <p class='ocr_par' dir='ltr' id='par_1_98' title="bbox 2425 3831 3997 3912">
     <span class='ocr_line' id='line_1_98' title="bbox 2425 3831 3997 3912; baseline 0.011 -29"><span class='ocrx_word' id='word_1_760' title='bbox 2425 3831 2477 3883; x_wconf 88' lang='lat' dir='ltr'><strong>in</strong></span> <span class='ocrx_word' id='word_1_761' title='bbox 2512 3831 2689 3884; x_wconf 81' lang='lat' dir='ltr'><strong>cella?</strong></span> <span class='ocrx_word' id='word_1_762' title='bbox 2744 3832 2880 3884; x_wconf 79' lang='lat' dir='ltr'><strong>Dicit</strong></span> <span class='ocrx_word' id='word_1_763' title='bbox 2913 3838 3254 3892; x_wconf 87' lang='lat' dir='ltr'><strong>Andronicus</strong></span> <span class='ocrx_word' id='word_1_764' title='bbox 3288 3858 3301 3892; x_wconf 88' lang='lat'><strong>:</strong></span> <span class='ocrx_word' id='word_1_765' title='bbox 3339 3841 3513 3902; x_wconf 79' lang='lat' dir='ltr'><strong>Certo,</strong></span> <span class='ocrx_word' id='word_1_766' title='bbox 3557 3853 3612 3895; x_wconf 90' lang='lat' dir='ltr'><strong>ut</strong></span> <span class='ocrx_word' id='word_1_767' title='bbox 3648 3845 3832 3912; x_wconf 85' lang='lat' dir='ltr'><strong>jubes.</strong></span> <span class='ocrx_word' id='word_1_768' title='bbox 3872 3848 3997 3901; x_wconf 75' lang='lat' dir='ltr'><strong>Volo</strong></span> 
     </span>
    </p>
   </div>
   <div class='ocr_carea' id='block_1_99' title="bbox 2423 3925 3997 4001">
    <p class='ocr_par' dir='ltr' id='par_1_99' title="bbox 2423 3925 3997 4001">
     <span class='ocr_line' id='line_1_99' title="bbox 2423 3925 3997 4001; baseline 0.011 -26"><span class='ocrx_word' id='word_1_769' title='bbox 2423 3935 2600 3975; x_wconf 90' lang='lat' dir='ltr'><strong>autem</strong></span> <span class='ocrx_word' id='word_1_770' title='bbox 2634 3925 2865 3991; x_wconf 89' lang='lat' dir='ltr'><strong>primum</strong></span> <span class='ocrx_word' id='word_1_771' title='bbox 2903 3927 3001 3987; x_wconf 85' lang='lat' dir='ltr'><strong>ire,</strong></span> <span class='ocrx_word' id='word_1_772' title='bbox 3031 3939 3084 3980; x_wconf 91' lang='lat' dir='ltr'><strong>et</strong></span> <span class='ocrx_word' id='word_1_773' title='bbox 3130 3935 3378 4000; x_wconf 83' lang='lat' dir='ltr'><strong>accipere</strong></span> <span class='ocrx_word' id='word_1_774' title='bbox 3419 3948 3607 4001; x_wconf 87' lang='lat' dir='ltr'><strong>preces</strong></span> <span class='ocrx_word' id='word_1_775' title='bbox 3648 3940 3818 3990; x_wconf 88' lang='lat' dir='ltr'><strong>senis.</strong></span> <span class='ocrx_word' id='word_1_776' title='bbox 3858 3938 3997 3993; x_wconf 86' lang='lat' dir='ltr'><strong>Dicit</strong></span> 
     </span>
    </p>
   </div>
   <div class='ocr_carea' id='block_1_100' title="bbox 2424 4016 3996 4098">
    <p class='ocr_par' dir='ltr' id='par_1_100' title="bbox 2424 4016 3996 4098">
     <span class='ocr_line' id='line_1_100' title="bbox 2424 4016 3996 4098; baseline 0.012 -34"><span class='ocrx_word' id='word_1_777' title='bbox 2424 4016 2467 4065; x_wconf 90' lang='lat' dir='ltr'><strong>ei</strong></span> <span class='ocrx_word' id='word_1_778' title='bbox 2501 4016 2666 4068; x_wconf 88' lang='lat' dir='ltr'><strong>abbas</strong></span> <span class='ocrx_word' id='word_1_779' title='bbox 2697 4019 3024 4070; x_wconf 82' lang='lat' dir='ltr'><strong>Athanasius</strong></span> <span class='ocrx_word' id='word_1_780' title='bbox 3058 4035 3076 4071; x_wconf 85' lang='lat'><strong>.&#39;</strong></span> <span class='ocrx_word' id='word_1_781' title='bbox 3108 4018 3269 4086; x_wconf 86' lang='lat' dir='ltr'><strong>Vade,</strong></span> <span class='ocrx_word' id='word_1_782' title='bbox 3306 4033 3360 4077; x_wconf 87' lang='lat' dir='ltr'><strong>et</strong></span> <span class='ocrx_word' id='word_1_783' title='bbox 3399 4026 3731 4093; x_wconf 72' lang='lat' dir='ltr'><strong>exspectabo</strong></span> <span class='ocrx_word' id='word_1_784' title='bbox 3756 4040 3808 4082; x_wconf 89' lang='lat' dir='ltr'><strong>te</strong></span> <span class='ocrx_word' id='word_1_785' title='bbox 3854 4034 3996 4098; x_wconf 80' lang='lat' dir='ltr'><strong>apud</strong></span> 
     </span>
    </p>
   </div>
   <div class='ocr_carea' id='block_1_101' title="bbox 2424 4104 3997 4175">
    <p class='ocr_par' dir='ltr' id='par_1_101' title="bbox 2424 4104 3997 4175">
     <span class='ocr_line' id='line_1_101' title="bbox 2424 4104 3997 4175; baseline 0.011 -20"><span class='ocrx_word' id='word_1_786' title='bbox 2424 4104 2683 4157; x_wconf 85' lang='lat' dir='ltr'><strong>Octavum</strong></span> <span class='ocrx_word' id='word_1_787' title='bbox 2720 4109 3035 4160; x_wconf 87' lang='lat' dir='ltr'><strong>decimum:</strong></span> <span class='ocrx_word' id='word_1_788' title='bbox 3083 4119 3136 4161; x_wconf 91' lang='lat' dir='ltr'><strong>et</strong></span> <span class='ocrx_word' id='word_1_789' title='bbox 3175 4111 3218 4163; x_wconf 92' lang='lat' dir='ltr'><strong>si</strong></span> <span class='ocrx_word' id='word_1_790' title='bbox 3266 4116 3467 4175; x_wconf 84' lang='lat' dir='ltr'><strong>venias.</strong></span> <span class='ocrx_word' id='word_1_791' title='bbox 3511 4117 3651 4169; x_wconf 82' lang='lat' dir='ltr'><strong>sicut</strong></span> <span class='ocrx_word' id='word_1_792' title='bbox 3706 4118 3812 4169; x_wconf 89' lang='lat' dir='ltr'><strong>iter</strong></span> <span class='ocrx_word' id='word_1_793' title='bbox 3863 4122 3997 4172; x_wconf 83' lang='lat' dir='ltr'><strong>Ieci-</strong></span> 
     </span>
    </p>
   </div>
   <div class='ocr_carea' id='block_1_102' title="bbox 2424 4193 3996 4274">
    <p class='ocr_par' dir='ltr' id='par_1_102' title="bbox 2424 4193 3996 4274">
     <span class='ocr_line' id='line_1_102' title="bbox 2424 4193 3996 4274; baseline 0.011 -27"><span class='ocrx_word' id='word_1_794' title='bbox 2424 4210 2563 4256; x_wconf 79' lang='lat' dir='ltr'><strong>mus,</strong></span> <span class='ocrx_word' id='word_1_795' title='bbox 2601 4199 2936 4251; x_wconf 88' lang='lat' dir='ltr'><strong>manebimus</strong></span> <span class='ocrx_word' id='word_1_796' title='bbox 2963 4193 3196 4254; x_wconf 83' lang='lat' dir='ltr'><strong>silentio.</strong></span> <span class='ocrx_word' id='word_1_797' title='bbox 3237 4202 3368 4256; x_wconf 83' lang='lat' dir='ltr'><strong>Nam</strong></span> <span class='ocrx_word' id='word_1_798' title='bbox 3400 4208 3442 4257; x_wconf 91' lang='lat' dir='ltr'><strong>si</strong></span> <span class='ocrx_word' id='word_1_799' title='bbox 3480 4218 3530 4259; x_wconf 92' lang='lat' dir='ltr'><strong>te</strong></span> <span class='ocrx_word' id='word_1_800' title='bbox 3572 4224 3682 4261; x_wconf 90' lang='lat' dir='ltr'><strong>non</strong></span> <span class='ocrx_word' id='word_1_801' title='bbox 3733 4211 3895 4274; x_wconf 80' lang='lat' dir='ltr'><strong>ferat,</strong></span> <span class='ocrx_word' id='word_1_802' title='bbox 3931 4228 3996 4265; x_wconf 88' lang='lat' dir='ltr'><strong>ne</strong></span> 
     </span>
    </p>
   </div>
   <div class='ocr_carea' id='block_1_103' title="bbox 2424 4288 3996 4367">
    <p class='ocr_par' dir='ltr' id='par_1_103' title="bbox 2424 4288 3996 4367">
     <span class='ocr_line' id='line_1_103' title="bbox 2424 4288 3996 4367; baseline 0.008 -26"><span class='ocrx_word' id='word_1_803' title='bbox 2424 4288 2656 4343; x_wconf 89' lang='lat' dir='ltr'><strong>veneris.</strong></span> <span class='ocrx_word' id='word_1_804' title='bbox 2711 4289 2822 4362; x_wconf 80' lang='lat' dir='ltr'><strong>Ego</strong></span> <span class='ocrx_word' id='word_1_805' title='bbox 2854 4293 2997 4345; x_wconf 85' lang='lat' dir='ltr'><strong>enim</strong></span> <span class='ocrx_word' id='word_1_806' title='bbox 3040 4303 3093 4348; x_wconf 89' lang='lat' dir='ltr'><strong>te</strong></span> <span class='ocrx_word' id='word_1_807' title='bbox 3151 4298 3475 4363; x_wconf 81' lang='lat' dir='ltr'><strong>exspectabo</strong></span> <span class='ocrx_word' id='word_1_808' title='bbox 3525 4302 3666 4367; x_wconf 89' lang='lat' dir='ltr'><strong>apud</strong></span> <span class='ocrx_word' id='word_1_809' title='bbox 3712 4302 3996 4356; x_wconf 83' lang='lat' dir='ltr'><strong>Decimum</strong></span> 
     </span>
    </p>
   </div>
   <div class='ocr_carea' id='block_1_104' title="bbox 2423 4382 3995 4457">
    <p class='ocr_par' dir='ltr' id='par_1_104' title="bbox 2423 4382 3995 4457">
     <span class='ocr_line' id='line_1_104' title="bbox 2423 4382 3995 4457; baseline 0.012 -27"><span class='ocrx_word' id='word_1_810' title='bbox 2423 4392 2696 4436; x_wconf 87' lang='lat' dir='ltr'><strong>octavum.</strong></span> <span class='ocrx_word' id='word_1_811' title='bbox 2728 4382 2819 4436; x_wconf 85' lang='lat' dir='ltr'><strong>ille</strong></span> <span class='ocrx_word' id='word_1_812' title='bbox 2846 4394 3026 4438; x_wconf 89' lang='lat' dir='ltr'><strong>autem</strong></span> <span class='ocrx_word' id='word_1_813' title='bbox 3060 4388 3358 4456; x_wconf 79' lang='lat' dir='ltr'><strong>profectus,</strong></span> <span class='ocrx_word' id='word_1_814' title='bbox 3394 4388 3648 4442; x_wconf 82' lang='lat' dir='ltr'><strong>salutavit</strong></span> <span class='ocrx_word' id='word_1_815' title='bbox 3687 4406 3901 4457; x_wconf 85' lang='lat' dir='ltr'><strong>senem,</strong></span> <span class='ocrx_word' id='word_1_816' title='bbox 3941 4408 3995 4449; x_wconf 90' lang='lat' dir='ltr'><strong>et</strong></span> 
     </span>
    </p>
   </div>
   <div class='ocr_carea' id='block_1_105' title="bbox 3764 4484 3988 4548">
    <p class='ocr_par' dir='ltr' id='par_1_105' title="bbox 3764 4484 3988 4548">
     <span class='ocr_line' id='line_1_105' title="bbox 3764 4484 3988 4548; baseline 0.009 -10"><span class='ocrx_word' id='word_1_817' title='bbox 3764 4502 3777 4538; x_wconf 90' lang='lat'>:</span> <span class='ocrx_word' id='word_1_818' title='bbox 3822 4484 3988 4548; x_wconf 76' lang='lat' dir='ltr'><strong>Vade,</strong></span> 
     </span>
    </p>
   </div>
   <div class='ocr_carea' id='block_1_106' title="bbox 2425 4560 3994 4635">
    <p class='ocr_par' dir='ltr' id='par_1_106' title="bbox 2425 4560 3994 4635">
     <span class='ocr_line' id='line_1_106' title="bbox 2425 4560 3994 4635; baseline 0.011 -22"><span class='ocrx_word' id='word_1_819' title='bbox 2425 4569 2479 4613; x_wconf 90' lang='lat' dir='ltr'><strong>et</strong></span> <span class='ocrx_word' id='word_1_820' title='bbox 2506 4560 2667 4630; x_wconf 85' lang='lat' dir='ltr'><strong>dilige</strong></span> <span class='ocrx_word' id='word_1_821' title='bbox 2691 4563 2990 4630; x_wconf 90' lang='lat' dir='ltr'><strong>silentium,</strong></span> <span class='ocrx_word' id='word_1_822' title='bbox 3041 4578 3096 4621; x_wconf 90' lang='lat' dir='ltr'><strong>et</strong></span> <span class='ocrx_word' id='word_1_823' title='bbox 3144 4586 3306 4623; x_wconf 89' lang='lat' dir='ltr'><strong>mane</strong></span> <span class='ocrx_word' id='word_1_824' title='bbox 3338 4590 3458 4625; x_wconf 88' lang='lat' dir='ltr'><strong>cum</strong></span> <span class='ocrx_word' id='word_1_825' title='bbox 3495 4573 3680 4635; x_wconf 81' lang='lat' dir='ltr'><strong>fratre,</strong></span> <span class='ocrx_word' id='word_1_826' title='bbox 3730 4587 3817 4629; x_wconf 85' lang='lat' dir='ltr'><strong>est</strong></span> <span class='ocrx_word' id='word_1_827' title='bbox 3845 4579 3994 4630; x_wconf 84' lang='lat' dir='ltr'><strong>enim</strong></span> 
     </span>
    </p>
   </div>
   <div class='ocr_carea' id='block_1_107' title="bbox 2426 4653 3993 4733">
    <p class='ocr_par' dir='ltr' id='par_1_107' title="bbox 2426 4653 3993 4733">
     <span class='ocr_line' id='line_1_107' title="bbox 2426 4653 3993 4733; baseline 0.011 -27"><span class='ocrx_word' id='word_1_828' title='bbox 2426 4653 2745 4718; x_wconf 86' lang='lat' dir='ltr'><strong>monachus,</strong></span> <span class='ocrx_word' id='word_1_829' title='bbox 2781 4666 2839 4709; x_wconf 93' lang='lat' dir='ltr'><strong>ut</strong></span> <span class='ocrx_word' id='word_1_830' title='bbox 2865 4672 2983 4710; x_wconf 88' lang='lat' dir='ltr'><strong>esse</strong></span> <span class='ocrx_word' id='word_1_831' title='bbox 3006 4670 3239 4727; x_wconf 89' lang='lat' dir='ltr'><strong>oportet.</strong></span> <span class='ocrx_word' id='word_1_832' title='bbox 3280 4661 3353 4714; x_wconf 87' lang='lat' dir='ltr'><strong>Eo</strong></span> <span class='ocrx_word' id='word_1_833' title='bbox 3383 4674 3561 4718; x_wconf 87' lang='lat' dir='ltr'><strong>autem</strong></span> <span class='ocrx_word' id='word_1_834' title='bbox 3594 4683 3835 4733; x_wconf 85' lang='lat' dir='ltr'><strong>reverso,</strong></span> <span class='ocrx_word' id='word_1_835' title='bbox 3869 4684 3993 4723; x_wconf 85' lang='lat' dir='ltr'><strong>cum</strong></span> 
     </span>
    </p>
   </div>
   <div class='ocr_carea' id='block_1_108' title="bbox 2423 4743 3992 4822">
    <p class='ocr_par' dir='ltr' id='par_1_108' title="bbox 2423 4743 3992 4822">
     <span class='ocr_line' id='line_1_108' title="bbox 2423 4743 3992 4822; baseline 0.011 -25"><span class='ocrx_word' id='word_1_836' title='bbox 2423 4743 2722 4817; x_wconf 87' lang='lat' dir='ltr'><strong>invenisset</strong></span> <span class='ocrx_word' id='word_1_837' title='bbox 2753 4746 3003 4801; x_wconf 87' lang='lat' dir='ltr'><strong>abbatem</strong></span> <span class='ocrx_word' id='word_1_838' title='bbox 3035 4750 3390 4806; x_wconf 84' lang='lat' dir='ltr'><strong>Athanasium</strong></span> <span class='ocrx_word' id='word_1_839' title='bbox 3414 4796 3428 4819; x_wconf 93' lang='lat'><strong>,</strong></span> <span class='ocrx_word' id='word_1_840' title='bbox 3464 4769 3777 4811; x_wconf 84' lang='lat' dir='ltr'><strong>manserunt</strong></span> <span class='ocrx_word' id='word_1_841' title='bbox 3810 4763 3992 4822; x_wconf 84' lang='lat' dir='ltr'><strong>simul,</strong></span> 
     </span>
    </p>
   </div>
   <div class='ocr_carea' id='block_1_109' title="bbox 2426 4835 3993 4906">
    <p class='ocr_par' dir='ltr' id='par_1_109' title="bbox 2426 4835 3993 4906">
     <span class='ocr_line' id='line_1_109' title="bbox 2426 4835 3993 4906; baseline 0.013 -19"><span class='ocrx_word' id='word_1_842' title='bbox 2426 4835 2615 4889; x_wconf 88' lang='lat' dir='ltr'><strong>timore</strong></span> <span class='ocrx_word' id='word_1_843' title='bbox 2646 4835 2737 4890; x_wconf 84' lang='lat' dir='ltr'><strong>Dei</strong></span> <span class='ocrx_word' id='word_1_844' title='bbox 2776 4841 2986 4905; x_wconf 89' lang='lat' dir='ltr'><strong>muniti,</strong></span> <span class='ocrx_word' id='word_1_845' title='bbox 3022 4844 3159 4896; x_wconf 88' lang='lat' dir='ltr'><strong>alios</strong></span> <span class='ocrx_word' id='word_1_846' title='bbox 3202 4844 3485 4900; x_wconf 87' lang='lat' dir='ltr'><strong>duodecim</strong></span> <span class='ocrx_word' id='word_1_847' title='bbox 3535 4865 3705 4904; x_wconf 82' lang='lat' dir='ltr'><strong>annos</strong></span> <span class='ocrx_word' id='word_1_848' title='bbox 3743 4869 3758 4903; x_wconf 84' lang='lat'><strong>:</strong></span> <span class='ocrx_word' id='word_1_849' title='bbox 3795 4860 3849 4904; x_wconf 81' lang='lat' dir='ltr'><strong>el.</strong></span> <span class='ocrx_word' id='word_1_850' title='bbox 3884 4869 3993 4906; x_wconf 84' lang='lat' dir='ltr'><strong>non</strong></span> 
     </span>
    </p>
   </div>
   <div class='ocr_carea' id='block_1_110' title="bbox 2423 4931 3997 4999">
    <p class='ocr_par' dir='ltr' id='par_1_110' title="bbox 2423 4931 3997 4999">
     <span class='ocr_line' id='line_1_110' title="bbox 2423 4931 3997 4999; baseline 0.011 -20"><span class='ocrx_word' id='word_1_851' title='bbox 2423 4931 2673 4996; x_wconf 87' lang='lat' dir='ltr'><strong>cognovit</strong></span> <span class='ocrx_word' id='word_1_852' title='bbox 2716 4931 2882 4984; x_wconf 87' lang='lat' dir='ltr'><strong>abbas</strong></span> <span class='ocrx_word' id='word_1_853' title='bbox 2931 4933 3273 4991; x_wconf 86' lang='lat' dir='ltr'><strong>Andronicus</strong></span> <span class='ocrx_word' id='word_1_854' title='bbox 3326 4954 3443 4991; x_wconf 85' lang='lat' dir='ltr'><strong>eam</strong></span> <span class='ocrx_word' id='word_1_855' title='bbox 3498 4954 3617 4994; x_wconf 87' lang='lat' dir='ltr'><strong>esse</strong></span> <span class='ocrx_word' id='word_1_856' title='bbox 3670 4956 3825 4995; x_wconf 85' lang='lat' dir='ltr'><strong>suam</strong></span> <span class='ocrx_word' id='word_1_857' title='bbox 3861 4960 3997 4999; x_wconf 82' lang='lat' dir='ltr'><strong>cou-</strong></span> 
     </span>
    </p>
   </div>
   <div class='ocr_carea' id='block_1_111' title="bbox 2415 5019 2621 5088">
    <p class='ocr_par' dir='ltr' id='par_1_111' title="bbox 2415 5019 2621 5088">
     <span class='ocr_line' id='line_1_111' title="bbox 2415 5019 2621 5088; baseline 0.015 -18"><span class='ocrx_word' id='word_1_858' title='bbox 2415 5019 2621 5088; x_wconf 79' lang='lat' dir='ltr'><strong>jugem.</strong></span> 
     </span>
    </p>
   </div>
   <div class='ocr_carea' id='block_1_112' title="bbox 2500 5110 3995 5183">
    <p class='ocr_par' dir='ltr' id='par_1_112' title="bbox 2500 5110 3995 5183">
     <span class='ocr_line' id='line_1_112' title="bbox 2500 5110 3995 5183; baseline 0.011 -21"><span class='ocrx_word' id='word_1_859' title='bbox 2500 5110 2602 5163; x_wconf 78' lang='lat' dir='ltr'><strong>Vll.</strong></span> <span class='ocrx_word' id='word_1_860' title='bbox 2636 5112 2787 5179; x_wconf 60' lang='lat' dir='ltr'><strong>Saepe</strong></span> <span class='ocrx_word' id='word_1_861' title='bbox 2816 5128 2942 5183; x_wconf 86' lang='lat' dir='ltr'><strong>ergo</strong></span> <span class='ocrx_word' id='word_1_862' title='bbox 2980 5117 3308 5170; x_wconf 90' lang='lat' dir='ltr'><strong>ascendebat</strong></span> <span class='ocrx_word' id='word_1_863' title='bbox 3340 5134 3503 5173; x_wconf 89' lang='lat' dir='ltr'><strong>senex</strong></span> <span class='ocrx_word' id='word_1_864' title='bbox 3544 5122 3608 5173; x_wconf 84' lang='lat' dir='ltr'><strong>ad</strong></span> <span class='ocrx_word' id='word_1_865' title='bbox 3640 5138 3733 5176; x_wconf 89' lang='lat' dir='ltr'><strong>eos</strong></span> <span class='ocrx_word' id='word_1_866' title='bbox 3769 5126 3995 5179; x_wconf 86' lang='lat' dir='ltr'><strong>visitan-</strong></span> 
     </span>
    </p>
   </div>
   <div class='ocr_carea' id='block_1_113' title="bbox 2427 5198 3995 5279">
    <p class='ocr_par' dir='ltr' id='par_1_113' title="bbox 2427 5198 3995 5279">
     <span class='ocr_line' id='line_1_113' title="bbox 2427 5198 3995 5279; baseline 0.01 -27"><span class='ocrx_word' id='word_1_867' title='bbox 2427 5200 2545 5261; x_wconf 88' lang='lat' dir='ltr'><strong>dos,</strong></span> <span class='ocrx_word' id='word_1_868' title='bbox 2576 5217 2637 5253; x_wconf 81' lang='lat' dir='ltr'><strong>ea</strong></span> <span class='ocrx_word' id='word_1_869' title='bbox 2681 5198 2784 5255; x_wconf 89' lang='lat' dir='ltr'><strong>illis</strong></span> <span class='ocrx_word' id='word_1_870' title='bbox 2814 5205 3104 5267; x_wconf 88' lang='lat' dir='ltr'><strong>disserens,</strong></span> <span class='ocrx_word' id='word_1_871' title='bbox 3145 5224 3263 5275; x_wconf 65' lang='lat' dir='ltr'><strong>qua</strong></span> <span class='ocrx_word' id='word_1_872' title='bbox 3297 5209 3639 5279; x_wconf 84' lang='lat' dir='ltr'><strong>pertinebant</strong></span> <span class='ocrx_word' id='word_1_873' title='bbox 3682 5217 3748 5268; x_wconf 88' lang='lat' dir='ltr'><strong>ad</strong></span> <span class='ocrx_word' id='word_1_874' title='bbox 3789 5218 3995 5269; x_wconf 82' lang='lat' dir='ltr'><strong>utilita-</strong></span> 
     </span>
    </p>
   </div>
   <div class='ocr_carea' id='block_1_114' title="bbox 2430 5294 3995 5367">
    <p class='ocr_par' dir='ltr' id='par_1_114' title="bbox 2430 5294 3995 5367">
     <span class='ocr_line' id='line_1_114' title="bbox 2430 5294 3995 5367; baseline 0.011 -22"><span class='ocrx_word' id='word_1_875' title='bbox 2430 5302 2556 5345; x_wconf 91' lang='lat' dir='ltr'><strong>tem.</strong></span> <span class='ocrx_word' id='word_1_876' title='bbox 2599 5294 2774 5347; x_wconf 80' lang='lat' dir='ltr'><strong>Scmel</strong></span> <span class='ocrx_word' id='word_1_877' title='bbox 2825 5306 3003 5349; x_wconf 87' lang='lat' dir='ltr'><strong>autem</strong></span> <span class='ocrx_word' id='word_1_878' title='bbox 3049 5314 3169 5351; x_wconf 91' lang='lat' dir='ltr'><strong>cum</strong></span> <span class='ocrx_word' id='word_1_879' title='bbox 3203 5303 3539 5355; x_wconf 78' lang='lat' dir='ltr'><strong>ascendisset</strong></span> <span class='ocrx_word' id='word_1_880' title='bbox 3579 5317 3767 5367; x_wconf 87' lang='lat' dir='ltr'><strong>senex,</strong></span> <span class='ocrx_word' id='word_1_881' title='bbox 3816 5317 3870 5359; x_wconf 86' lang='lat' dir='ltr'><strong>et</strong></span> <span class='ocrx_word' id='word_1_882' title='bbox 3905 5322 3995 5363; x_wconf 82' lang='lat' dir='ltr'><strong>eos</strong></span> 
     </span>
    </p>
   </div>
   <div class='ocr_carea' id='block_1_115' title="bbox 2427 5383 3994 5465">
    <p class='ocr_par' dir='ltr' id='par_1_115' title="bbox 2427 5383 3994 5465">
     <span class='ocr_line' id='line_1_115' title="bbox 2427 5383 3994 5465; baseline 0.011 -30"><span class='ocrx_word' id='word_1_883' title='bbox 2427 5383 2604 5436; x_wconf 87' lang='lat' dir='ltr'><strong>valere</strong></span> <span class='ocrx_word' id='word_1_884' title='bbox 2629 5384 2898 5453; x_wconf 70' lang='lat' dir='ltr'><strong>iussisset,</strong></span> <span class='ocrx_word' id='word_1_885' title='bbox 2925 5399 3208 5458; x_wconf 87' lang='lat' dir='ltr'><strong>antequam</strong></span> <span class='ocrx_word' id='word_1_886' title='bbox 3242 5394 3343 5444; x_wconf 89' lang='lat' dir='ltr'><strong>iret</strong></span> <span class='ocrx_word' id='word_1_887' title='bbox 3377 5392 3443 5445; x_wconf 90' lang='lat' dir='ltr'><strong>ad</strong></span> <span class='ocrx_word' id='word_1_888' title='bbox 3475 5405 3725 5449; x_wconf 86' lang='lat' dir='ltr'><strong>sanctum</strong></span> <span class='ocrx_word' id='word_1_889' title='bbox 3760 5395 3994 5465; x_wconf 72' lang='lat' dir='ltr'><strong>Menam,</strong></span> 
     </span>
    </p>
   </div>
   <div class='ocr_carea' id='block_1_116' title="bbox 2429 5475 3995 5549">
    <p class='ocr_par' dir='ltr' id='par_1_116' title="bbox 2429 5475 3995 5549">
     <span class='ocr_line' id='line_1_116' title="bbox 2429 5475 3995 5549; baseline 0.015 -24"><span class='ocrx_word' id='word_1_890' title='bbox 2429 5475 2572 5527; x_wconf 85' lang='lat' dir='ltr'><strong>venit</strong></span> <span class='ocrx_word' id='word_1_891' title='bbox 2606 5477 2671 5529; x_wconf 85' lang='lat' dir='ltr'><strong>ad</strong></span> <span class='ocrx_word' id='word_1_892' title='bbox 2706 5495 2827 5532; x_wconf 91' lang='lat' dir='ltr'><strong>eum</strong></span> <span class='ocrx_word' id='word_1_893' title='bbox 2859 5480 3023 5535; x_wconf 88' lang='lat' dir='ltr'><strong>abbas</strong></span> <span class='ocrx_word' id='word_1_894' title='bbox 3055 5484 3415 5549; x_wconf 85' lang='lat' dir='ltr'><strong>Andronicus,</strong></span> <span class='ocrx_word' id='word_1_895' title='bbox 3445 5498 3499 5541; x_wconf 87' lang='lat' dir='ltr'><strong>et</strong></span> <span class='ocrx_word' id='word_1_896' title='bbox 3527 5489 3657 5542; x_wconf 87' lang='lat' dir='ltr'><strong>dicit</strong></span> <span class='ocrx_word' id='word_1_897' title='bbox 3694 5490 3781 5543; x_wconf 88' lang='lat' dir='ltr'><strong>ei:</strong></span> <span class='ocrx_word' id='word_1_898' title='bbox 3817 5495 3995 5548; x_wconf 70' lang='lat' dir='ltr'><strong>Abba:</strong></span> 
     </span>
    </p>
   </div>
   <div class='ocr_carea' id='block_1_117' title="bbox 2427 5563 3995 5639">
    <p class='ocr_par' dir='ltr' id='par_1_117' title="bbox 2427 5563 3995 5639">
     <span class='ocr_line' id='line_1_117' title="bbox 2427 5563 3995 5639; baseline 0.013 -23"><span class='ocrx_word' id='word_1_899' title='bbox 2427 5563 2755 5622; x_wconf 77' lang='lat' dir='ltr'><strong>Athanasrus</strong></span> <span class='ocrx_word' id='word_1_900' title='bbox 2813 5572 2957 5623; x_wconf 89' lang='lat' dir='ltr'><strong>vadit</strong></span> <span class='ocrx_word' id='word_1_901' title='bbox 3033 5574 3097 5625; x_wconf 93' lang='lat' dir='ltr'><strong>ad</strong></span> <span class='ocrx_word' id='word_1_902' title='bbox 3163 5574 3470 5631; x_wconf 88' lang='lat' dir='ltr'><strong>Dominum.</strong></span> <span class='ocrx_word' id='word_1_903' title='bbox 3536 5577 3817 5637; x_wconf 76' lang='lat' dir='ltr'><strong>Reversus</strong></span> <span class='ocrx_word' id='word_1_904' title='bbox 3871 5599 3995 5639; x_wconf 83' lang='lat' dir='ltr'><strong>vero</strong></span> 
     </span>
    </p>
   </div>
  </div>
