4178 6316
180 377 311 439 1053

969 380 1423 437 MARTYRIUM
1468 378 1571 439 SS.
1611 380 1982 441 EULAMPll
2026 381 2117 438 ET
2158 377 2591 437 EULAMPIE.

3265 368 3400 432 1056

178 505 354 550 senex,
388 489 592 542 invenit
627 503 749 541 eum
781 490 991 557 magnis
1033 504 1401 558 compressum
1447 492 1729 560 angustiis,
1760 504 1806 561 Α
1838 494 2130 545 viventem.
2166 493 2207 542 A
2235 508 2342 554 quo
2382 505 2505 546 cum
2550 487 2890 557 accepissent
2942 486 3400 547 benedictionem.

178 591 230 635 et
266 580 419 646 cozpit
451 581 577 633 [lere
612 581 776 633 abbas
805 581 1137 633 Athanasius
1168 596 1180 630 :
1217 591 1271 633 et
1304 582 1433 634 dicit
1462 584 1509 635 ei
1533 599 1727 636 senex:

180 668 309 723 Cum
349 680 398 723 te
438 681 711 737 oporteret
739 671 992 739 gaudere,
1024 670 1167 738 quod
1214 671 1413 740 migras
1451 672 1517 725 ad
1550 673 1732 725 Domi-

182 776 326 824 num,
364 761 713 831 lacrymaris?
751 762 889 815 Dicit
918 763 964 814 ei
1000 763 1167 815 abbas
1196 762 1526 817 Athanasius
1565 782 1577 814 :
1618 764 1732 816 Non

185 853 346 921 ploro,
381 854 481 906 nisi
512 865 727 922 propter
766 854 1012 908 abbatem
1060 856 1451 909 Andronicum.
1504 858 1610 909 Sed
1656 856 1739 909 fac

185 940 320 992 hanc
367 942 708 999 charitatem.
761 955 1042 1011 postquam
1100 960 1182 997 me
1237 947 1537 1013 sepelieris.
1590 946 1741 1001 Inve-

185 1033 337 1085 niens
368 1033 676 1085 schedulam
704 1036 860 1087 sitam
895 1037 960 1088 ad
993 1045 1156 1104 caput
1200 1038 1402 1096 meum.
1444 1037 1559 1106 lege
1595 1053 1737 1100 eam,

186 1133 238 1178 et
265 1126 326 1177 da
365 1125 459 1192 ipsi
494 1125 670 1178 abbati
722 1127 1053 1180 Andronico.
1115 1127 1359 1194 Cumque
1414 1127 1513 1194 ipsi
1557 1141 1742 1194 preces

187 1216 472 1277 dixissent,
522 1218 946 1269 communicavit
998 1225 1052 1269 et
1102 1216 1317 1270 dormiit
1376 1216 1429 1269 in
1487 1215 1737 1269 Domino.

191 1305 459 1359 Venerunt
482 1317 661 1359 autem
687 1307 752 1360 ad
792 1309 838 1361 ei
869 1308 1139 1362 faciendas
1162 1307 1446 1375 exsequias
1485 1327 1497 1362 :
1536 1317 1589 1361 et
1617 1322 1744 1361 ecce

188 1397 401 1449 inventa
452 1398 551 1450 fuit
585 1415 714 1452 sexu
779 1402 989 1461 mulier.
1023 1412 1076 1453 et
1117 1401 1359 1453 auditum
1402 1401 1503 1453 fuit
1533 1403 1586 1452 in
1636 1410 1743 1453 tota

190 1488 353 1542 laura.
402 1490 463 1543 Et
506 1490 722 1545 mittens
757 1506 941 1554 senex,
989 1493 1186 1547 excivit
1274 1494 1579 1545 universam
1618 1491 1746 1545 Sce-

194 1590 297 1632 tem
324 1590 375 1633 et
402 1581 713 1640 interiorem
741 1584 1085 1637 solitudinem
1122 1601 1131 1633 :
1168 1594 1221 1636 et
1252 1594 1520 1636 venerunt
1558 1599 1747 1637 omnes

191 1672 348 1725 laura:
381 1673 733 1736 Alexandria),
766 1684 815 1727 et
851 1675 1106 1728 convenit
1143 1676 1395 1727 universa
1446 1675 1656 1736 civitas.
1693 1685 1749 1729 et

191 1764 437 1816 monachi
477 1763 669 1837 Scetm,
707 1766 941 1818 ferentes
977 1766 1279 1833 legumina;
1319 1768 1390 1820 ita
1437 1768 1582 1820 enim
1633 1783 1751 1820 mos

1835 584 2053 637 dormiit
2091 584 2142 635 in
2183 583 2431 636 Domino.

1907 672 2044 727 VIII.
2092 673 2350 727 Exortum
2386 683 2468 726 est
2495 685 2624 737 ergo
2658 668 2863 723 bellum
2895 669 3037 721 inter
3078 667 3264 720 Patres
3312 665 3409 719 De—

1837 766 1962 818 cimi
2016 765 2221 827 octavi,
2278 774 2331 817 et
2391 762 2682 815 Monachos
2742 759 3047 818 Scetiotas.
3111 756 3405 810 dicentes:

1838 855 2032 909 Noster
2062 866 2143 909 est
2174 855 2357 918 frater,
2397 864 2450 906 et
2477 868 2599 906 eum
2655 850 2977 904 habebimus
3023 848 3075 901 in
3133 849 3315 908 Scete,
3352 856 3411 900 ut

1841 946 1995 1000 nobis
2025 928 2180 1014 Opem
2218 946 2393 999 ferant
2419 947 2537 1013 ejus
2569 958 2779 1013 preces.
2811 941 2998 995 Patres
3039 951 3218 996 autem
3249 939 3412 996 Octa-

1842 1040 1893 1093 vi
1930 1039 2470 1096 decimi.dicebant:
2516 1036 2785 1090 Ponemus
2845 1049 2969 1087 eum
3022 1048 3145 1086 cum
3195 1047 3292 1085 sua
3324 1047 3411 1085 so-

1842 1148 1985 1185 rore.
2029 1131 2387 1184 Vehementer
2427 1129 2584 1198 igitur
2614 1126 2888 1180 instabant
2924 1123 3176 1178 Scetiotte
3202 1133 3256 1176 et
3284 1123 3415 1175 dicit

1853 1206 2273 1278 archimandrita
2323 1220 2505 1272 Octavi
2549 1219 2786 1273 decimi:
2826 1215 2882 1270 Si
2905 1216 3032 1284 quid
3074 1232 3236 1268 senex
3263 1216 3415 1267 dixe—

1844 1315 1937 1377 rit,
2005 1314 2294 1366 faciamus.
2347 1312 2529 1365 Abbas
2589 1324 2718 1362 vero
2775 1307 2958 1361 Daniel
3012 1306 3226 1360 dicebat
3289 1322 3413 1359 eum

1844 1416 2095 1472 Oportere
2134 1405 2239 1457 illic
2286 1404 2525 1469 sepeliri.
2593 1401 2670 1454 Illi
2718 1409 2897 1453 autem
2943 1413 3055 1451 non
3104 1397 3419 1455 ,audiebant

1845 1511 1990 1556 enin.
2023 1497 2265 1549 dicentes
2300 1512 2314 1548 :
2355 1495 2453 1547 Est
2492 1508 2681 1552 senex,
2721 1502 2774 1544 et
2813 1506 2918 1543 non
2974 1490 3128 1543 timet
3183 1489 3420 1555 amplius

1850 1586 2047 1639 bellum
2101 1586 2362 1653 corporis.
2414 1583 2522 1638 Nos
2563 1593 2743 1635 autem
2798 1596 2986 1635 sumus
3053 1581 3319 1650 juniores.
3365 1591 3420 1633 et

1854 1677 2100 1730 volumus
2132 1676 2372 1737 fratrem,
2400 1685 2457 1727 ut
2488 1676 2645 1728 nobis
2674 1688 2830 1741 Opem
2862 1671 3039 1725 ferant
3065 1673 3180 1740 ejus
3208 1685 3418 1739 preces.

1851 1768 2058 1823 Sullicit
2088 1767 2229 1821 enim
2262 1767 2438 1831 vobis,
2489 1767 2631 1835 quod
2680 1764 2999 1832 reliquimus
3043 1763 3196 1815 vobis
3250 1763 3420 1814 abba-

192 1864 275 1908 est
305 1857 357 1907 in
397 1855 576 1909 Scete.
614 1856 744 1909 Cum
777 1859 936 1910 ramis
966 1874 1092 1928 ergo
1126 1869 1179 1912 et
1212 1860 1405 1927 palmis
1440 1849 1751 1912 extulerunt
1784 1850 1824 1908 Β
1856 1872 1961 1913 tem
2017 1858 2393 1912 Athanasium.
2447 1856 2582 1911 Cum
2636 1872 2764 1909 vero
2807 1855 3033 1908 vidisset
3080 1868 3243 1906 senex
3304 1868 3421 1906 esse

193 1946 527 1997 venerandas
561 1942 814 2013 reliquias
858 1947 1187 2010 Athanasire,
1239 1946 1404 1999 Deum
1453 1947 1755 2015 glorilican-

196 2041 314 2095 tes,
373 2032 462 2097 qui
522 2041 725 2085 tantam
804 2036 1141 2088 tolerantiam
1211 2036 1440 2104 praabuit
1516 2036 1749 2088 mulieri.

193 2120 540 2189 Exspectavit
594 2133 771 2175 autem
828 2141 993 2179 senex
1045 2126 1333 2195 septimum
1392 2127 1534 2180 diem
1586 2127 1757 2180 beatze

193 2213 524 2267 Athanasiae.
577 2213 771 2267 Postea
805 2230 930 2266 vero
962 2217 1132 2268 voluit
1172 2232 1334 2269 senex
1371 2220 1618 2285 accipere
1665 2233 1757 2271 sco

194 2316 318 2356 eum
368 2303 614 2355 abbatem
662 2290 1061 2365 Andronicum,
1101 2307 1193 2357 sed
1227 2322 1333 2358 non
1383 2308 1431 2358 id
1473 2307 1755 2369 sustinuit,

199 2392 435 2446 dicens:
472 2393 668 2447 Moriar
708 2408 827 2446 cum
878 2410 995 2447 mea
1054 2396 1291 2447 domina.
1338 2394 1579 2464 Cumque
1631 2410 1755 2447 cum

197 2485 663 2553 rursusjussisset
708 2487 885 2540 valere
921 2502 1106 2548 senex,
1148 2488 1457 2556 priusquam
1504 2489 1616 2553 ipse
1657 2488 1761 2540 iret

197 2572 264 2623 ad
297 2584 537 2625 sanctum
575 2574 807 2638 Menam,
842 2578 987 2629 venit
1018 2578 1081 2629 ad
1122 2594 1243 2631 eum
1287 2578 1471 2640 frater,
1513 2579 1703 2632 dicens
1743 2594 1757 2631 :

198 2662 433 2716 Laborat
463 2666 628 2717 abbas
674 2667 1036 2728 Andronicus,
1080 2681 1134 2722 et
1164 2680 1245 2723 cst
1272 2672 1520 2724 redactus
1549 2672 1615 2724 ad
1658 2686 1761 2724 an-

195 2753 426 2822 gustias.
476 2753 648 2809 Senex
688 2771 813 2810 vero
866 2774 1052 2810 rursus
1086 2760 1231 2811 misit
1282 2760 1332 2812 in
1381 2760 1623 2820 Scetem.
1684 2761 1763 2813 di-

199 2861 335 2899 cens
368 2863 381 2897 :
415 2848 613 2902 Adeste
654 2849 759 2901 huc
809 2850 1108 2911 venientes,
1160 2852 1324 2904 abbas
1374 2852 1515 2904 enim
1554 2851 1766 2904 Andro-

199 2935 358 2990 nicus
398 2940 639 3006 sequitur
686 2940 931 2994 abbatem
999 2942 1377 2995 Athanasium.
1437 2942 1516 2994 Illi
1580 2951 1762 2995 autem

198 3043 328 3081 cum
371 3031 727 3095 audivissent,
784 3043 1133 3090 accesserunt
1172 3044 1225 3087 et
1284 3035 1602 3088 invenerunt
1642 3049 1766 3088 eum

1857 1964 2106 2017 magnam
2154 1949 2642 2017 perturbationem,
2690 1947 2827 1999 dicit
2856 1946 3112 1998 fratribus
3161 1944 3315 1997 suis:
3367 1943 3422 1998 Si

1859 2054 1942 2091 me
1979 2054 2086 2091 non
2119 2038 2373 2103 audiatis,
2421 2053 2517 2107 ego
2574 2052 2788 2105 quoque
2835 2036 2922 2087 hic
2962 2035 3212 2095 manebo,
3253 2043 3306 2085 et
3336 2049 3427 2085 se-

1858 2130 2026 2198 peliar
2049 2144 2171 2183 cum
2210 2119 2329 2181 meo
2376 2125 2506 2189 filio,
2538 2135 2592 2180 et
2626 2134 2753 2178 tunc
2785 2124 3132 2193 quieverunt.
3170 2132 3225 2175 et
3261 2130 3421 2173 extu-

1859 2221 2038 2274 lerunt
2080 2219 2301 2274 fratrem
2369 2219 2755 2272 Andronicum.
2810 2214 3009 2271 Dicunt
3072 2230 3198 2284 ergo
3269 2213 3427 2284 seni:

1865 2311 2066 2364 Eamus
2108 2310 2161 2362 in
2205 2310 2440 2362 Scetem.
2493 2310 2628 2362 Dicit
2672 2310 2751 2364 eis
2791 2323 2953 2360 senex
2995 2321 3008 2357 :
3055 2306 3224 2359 Sinite
3259 2314 3316 2356 ut
3350 2304 3431 2354 fa-

1864 2400 1999 2451 ciam
2031 2400 2319 2466 scptimum
2344 2399 2486 2451 diem
2533 2397 2737 2462 fratris,
2789 2407 2842 2449 ct
2875 2411 2981 2449 non
3016 2396 3261 2447 siverunt
3308 2404 3430 2444 eum

1865 2503 2107 2541 manere.
2157 2487 2232 2540 Ita
2278 2489 2503 2541 confidit
2558 2488 2724 2541 abbas
2761 2486 2953 2562 Daniel
2996 2501 3095 2539 suo
3149 2482 3428 2549 discipulo.

1865 2580 2094 2635 Oremus
2127 2596 2225 2633 nos
2252 2596 2461 2647 quoque
2496 2588 2554 2631 ut
2591 2578 2871 2630 veniamus
2897 2576 2961 2628 ad
2995 2589 3302 2627 mensuram
3334 2574 3432 2624 ab—

1867 2675 2008 2728 batis
2061 2670 2388 2734 Andronici,
2469 2668 2721 2738 precibus
2790 2667 3033 2719 omnium
3120 2670 3431 2717 sanctorum

1872 2764 2070 2817 Christi
2108 2784 2120 2817 :
2156 2765 2240 2817 cui
2274 2764 2441 2831 gloria
2475 2772 2527 2814 et
2571 2760 2812 2830 potentia
2846 2756 3007 2810 simul
3038 2771 3158 2809 cum
3191 2755 3347 2809 Patre
3384 2763 3439 2807 et

1870 2862 2058 2901 sancto
2089 2851 2315 2917 Spiritu,
2363 2864 2509 2902 nunc
2547 2858 2602 2902 et
2653 2861 2869 2916 semper
2900 2854 2955 2899 et
2996 2843 3071 2897 in-
3104 2844 3302 2898 saecula
3334 2857 3438 2896 sa:-

1873 2942 2138 2996 culorum.
2170 2942 2362 2995 Amen.

212 3195 3399 3219 HW

214 3217 709 3233 ..ο-φησο--ῌ--ν
720 3216 816 3230 ...κγ’
834 3222 1029 3231 ———..—.—--«
1038 3224 1060 3230 ς

1248 3226 1252 3229 -
1261 3225 1313 3231 -»
1334 3226 1440 3232 —-—
1448 3226 1621 3233 »αφ-ρ..

2108 3224 2306 3235 ...ι-.-

1142 3366 2535 3504 ΜΑΡΤΥΡΙΟΝ

1446 3599 1581 3652 ΤΩΝ
1618 3601 1819 3654 ΑΓΙΩΝ
1850 3600 2228 3655 ΜΑΡΤΥΡΩΝ

209 3760 1558 3938 ΕΥΛΑΜΠΙΟΥ
1713 3844 1903 3927 ΚΑΙ
2057 3766 3443 3943 ΕΥΛΑΜΠΙΑΣ.

1242 4215 2398 4381 ΜΑΒΤΥΒΙΠΜ

1564 4490 1661 4544 SS.
1696 4489 2081 4545 MARTYRUM

816 4669 1582 4796 EULAMPII
1680 4670 1874 4792 ET
1984 4670 2869 4795 EULAMPUE.

748 4908 945 4967 (Latine
977 4908 1103 4970 apud
1137 4906 1332 4955 Surium
1362 4907 1419 4955 ad
1455 4904 1584 4955 diem
1610 4906 1670 4955 10
1699 4903 1941 4963 Octobris,
1979 4904 2146 4954 Graece
2169 4917 2226 4952 ex
2252 4906 2358 4953 cod.
2387 4920 2474 4953 ms.
2502 4904 2652 4955 Paris.
2688 4918 2739 4954 η.
2769 4903 2911 4965 1480)

304 5224 386 5274 Α’.
425 5220 590 5287 Ἀρτι
621 5222 719 5288 τῆς
760 5218 1089 5283 Θεογνωσίας
1125 5220 1204 5280 εις
1247 5217 1420 5270 πάντα
1453 5216 1657 5281 κόσμον
1684 5214 1795 5266 δια.-
1823 5217 1867 5276 C

220 5314 562 5383 τρεχούσης,
600 5314 693 5363 καὶ
732 5311 825 5363 τοῦ
868 5312 1115 5377 Σωτῆρος
1146 5310 1303 5377 ἡμῶν
1347 5307 1521 5373 Ἰησοῦ
1553 5306 1791 5375 Χριστοῦ

222 5407 332 5456 τοῦ
370 5407 533 5471 μόνου
560 5401 694 5451 Θεοῦ
741 5402 895 5467 ἡμῶν
930 5404 1054 5460 τοὺς
1097 5398 1292 5450 ἑαυτοῦ
1337 5400 1619 5466 μάρτυρας
1652 5398 1803 5465 ἐπιρ-

231 5502 507 5569 ρωνύντος
546 5496 638 5547 καὶ
669 5494 1044 5561 ἐπαλείφοντος
1068 5533 1083 5554 ,
1116 5492 1209 5545 τοῦ
1245 5492 1299 5543 δὲ
1326 5489 1561 5557 πονηροῦ
1593 5488 1685 5539 καὶ
1715 5506 1806 5557 μι-

235 5590 479 5644 σοκὰὶου
531 5589 784 5655 δαίμονος
838 5589 963 5645 τοὺς
1004 5586 1233 5646 οἰκείους
1290 5584 1627 5652 θεράποντας
1674 5580 1807 5646 πρὸς

227 5682 337 5753 τὴν
398 5680 658 5733 ἀσέϐειαν
714 5678 1065 5745 ἐρεθίζοντος,
1138 5679 1348 5738 νεανίας
1397 5693 1481 5737 τις
1537 5675 1596 5726 τὸ
1652 5673 1805 5739 γένος

231 5773 583 5845 περιφανὴς,
606 5769 699 5836 τὴν
725 5770 848 5837 ὄψιν
870 5769 1214 5839 περικαλλὴς,
1240 5766 1565 5836 εὐπατρίδης
1590 5780 1644 5817 τε
1671 5780 1809 5831 γνωο

1972 5219 2012 5269 I.
2044 5217 2157 5269 .lam
2201 5218 2289 5268 Dei
2327 5214 2629 5283 cognitione
2676 5220 2844 5265 totum
2877 5211 3063 5264 orbem
3110 5211 3456 5278 pervadente,

1900 5319 1953 5360 et
2004 5309 2279 5364 Salv-atere
2331 5307 2547 5375 quidem
2605 5305 2821 5357 Christo
2859 5303 3010 5363 Jesu,
3049 5305 3140 5371 qui
3192 5304 3338 5359 solus
3379 5317 3461 5361 est

1904 5400 2042 5451 Deus
2068 5411 2274 5459 noster,
2306 5412 2431 5450 suos
2476 5404 2737 5461 martyres
2776 5393 3129 5446 confirmante
3174 5411 3237 5449 ac
3276 5411 3461 5450 corro-

1906 5492 2131 5546 borante
2170 5508 2185 5542 :
2222 5490 2453 5558 maligno
2477 5500 2655 5540 autem
2704 5494 2760 5538 et
2792 5487 2945 5542 bonis
2977 5486 3171 5539 infesto
3218 5488 3465 5542 damone

1909 5600 2035 5635 suos
2075 5584 2142 5636 ad
2183 5582 2509 5650 impietatem
2555 5579 2813 5631 incitante
2845 5578 3073 5631 famulos
3109 5579 3465 5633 :adolescens

1916 5673 2158 5743 quidam,
2178 5669 2488 5736 Eulampius
2505 5666 2699 5727 dictus,
2727 5681 2924 5734 genere
2955 5666 3203 5735 insignis,
3235 5668 3465 5737 eleganti

1917 5764 2114 5835 specie,
2148 5774 2200 5816 et
2242 5760 2331 5831 qui
2360 5760 2497 5813 bona
2528 5775 2588 5812 ac
2632 5758 2772 5811 clara
2814 5757 3135 5813 noscebatur
3162 5772 3281 5813 esse
3312 5766 3472 5815 natus
