4178 6316
759 349 896 412 1055

2016 364 2294 424 MENSIS
2333 366 2694 426 OC'I‘OBER.

3858 370 3991 437 1056

758 460 952 529 patria,
988 476 1182 529 nempe
1231 463 1640 530 Nicomedia,et
1682 480 1799 523 erat
1823 479 2045 526 ornatus
2070 473 2323 541 operibus

2431 477 2735 543 ριζὸμενος,
2788 479 2883 546 τῆς
2927 477 3033 546 γὰρ
3070 478 3413 546 Νικομήδους
3453 479 3690 548 ὁρμᾶται
3734 483 3832 532 καὶ
3879 487 3990 541 τοῖς

757 550 994 620 pietatis,
1032 568 1152 606 cum
1188 555 1348 609 nollet
1380 555 1625 611 habitare
1659 558 1710 612 in
1747 561 2109 616 tabernaculis
2138 580 2322 632 pecca-

758 651 960 708 torum,
990 652 1044 696 et
1070 643 1307 699 divinum
1335 644 1537 699 Christi
1569 664 1761 703 nomen
1788 652 1970 706 videre
2003 662 2107 707 tam
2143 654 2324 725 impu-

755 731 949 786 denter
994 734 1202 789 irrideri
1245 750 1307 791 ac
1349 738 1668 792 subsannari
1720 757 1824 796 non
1877 742 2159 797 ferendum
2204 758 2323 797 esse

755 836 1029 889 censeret,
1063 828 1245 881 relicta
1282 829 1430 883 urbis
1463 831 1814 894 habitatione.
1852 836 2197 903 amplectitur
2231 849 2324 887 so-

756 912 1066 972 litudinem.
1102 918 1167 971 Et
1200 933 1323 971 cum
1355 919 1476 972 vita:
1525 921 1870 978 abstinentia.
1907 934 1960 977 et
1991 938 2208 977 secessu
2241 926 2324 978 in-

757 1014 970 1059 ternum
1014 1007 1284 1061 hominem
1334 1022 1708 1081 expurgassct,
1752 1012 1864 1065 zelo
1910 1014 2048 1066 sicut
2100 1029 2324 1085 magnus

756 1096 899 1152 Elias
926 1096 1172 1152 refertam
1201 1100 1423 1154 omnino
1447 1101 1668 1156 haberet
1687 1106 1942 1167 animam,
1966 1104 2147 1158 relicta
2178 1107 2322 1173 pari-

755 1201 837 1247 ter
856 1190 1165 1257 solitudine,
1185 1191 1464 1247 descendit
1495 1193 1561 1247 ad
1616 1194 1968 1250 habitandum
2000 1195 2055 1250 in
2080 1196 2320 1250 civitate.

827 1455 896 1511 Il.
927 1455 1063 1511 Cum
1093 1464 1272 1510 autem
1305 1456 1369 1511 ad
1403 1456 1774 1528 imperatorias
1803 1461 2215 1533 constitutiones
2237 1461 2321 1514 in-

756 1546 1016 1602 tendisset
1042 1547 1246 1614 oculos,
1279 1563 1398 1618 quae
1434 1564 1593 1617 supra
1625 1559 1804 1618 portas
1833 1553 2145 1621 proscripta:
2167 1563 2323 1608 erant

756 1638 1006 1692 omnibus
1041 1640 1194 1693 valde
1226 1640 1406 1694 ridens
1436 1640 1596 1695 talem
1629 1652 1899 1707 conatum,
1931 1644 2118 1698 fuitab
2145 1646 2323 1717 impiis

755 1728 1128 1799 deprehensus
1161 1730 1423 1799 protinus,
1451 1743 1505 1785 et
1537 1733 1716 1789 statim
1769 1736 1980 1788 vinctus
2013 1733 2113 1788 luit
2139 1737 2323 1806 conje-

757 1829 881 1875 ctus
912 1821 966 1875 in
1001 1822 1323 1887 custodiam,
1363 1834 1610 1892 tanquam
1641 1824 1813 1894 aliqua
1844 1826 2020 1895 praeda
2056 1828 2324 1884 sistendus

757 1927 939 1967 coram
979 1912 1180 1981 judice.
1224 1912 1511 1983 Postquam
1565 1924 1762 1982 autem,
1796 1918 1939 1985 quod
1971 1920 2168 1973 factum
2208 1920 2322 1975 fue-

759 2012 863 2068 rat,
910 2004 1144 2059 delatum
1198 2004 1298 2060 fuit
1346 2008 1411 2062 ad
1466 2023 1623 2063 aures
1671 2011 2104 2080 magistratuum,
2160 2012 2322 2080 jussit

753 2091 918 2161 iudex
949 2107 1071 2148 eum
1121 2095 1239 2148 duci
1276 2096 1339 2148 ad
1391 2096 1644 2152 tribunal.
1681 2097 1743 2151 Et
1787 2101 2030 2166 protinus
2059 2103 2323 2171 aspiciens

758 2183 826 2236 ad
874 2199 999 2237 eum
1044 2185 1133 2252 qui
1183 2184 1376 2240 ductus
1430 2182 1624 2249 fuerat,
1652 2203 1772 2242 cum
1825 2199 2041 2257 propter
2087 2200 2322 2245 teneram

759 2282 972 2326 aetatem
1024 2284 1291 2342 sperasset
1333 2273 1445 2331 fore
1485 2285 1542 2330 ut
1577 2272 1747 2330 virum
1784 2290 2111 2350 expugnaret
2140 2280 2327 2334 fortis-

760 2368 955 2419 simum
976 2385 989 2419 :
1010 2368 1264 2431 Quzrnam
1290 2377 1392 2433 est,
1426 2370 1618 2438 inquit,
1652 2380 1796 2425 tanta
1822 2381 1930 2435 tua.
1959 2388 2078 2441 quae
2106 2374 2323 2436 dicitur,

759 2456 1020 2517 amentia,
1057 2472 1175 2524 qua:
1208 2460 1367 2510 etiam
1402 2474 1569 2527 pr0pe
1609 2459 1789 2513 ell'ecit
1819 2471 1876 2515 ut
1919 2464 2210 2517 deduceret
2255 2465 2323 2517 ad

759 2542 1130 2612 asperitatem,
1176 2544 1278 2599 nisi
1327 2546 1441 2616 ipsa
1500 2564 1618 2618 quae
1658 2549 1755 2603 fuit
1794 2562 2081 2621 conspecta
2117 2555 2325 2622 species

762 2635 1270 2705 pcrsuasissct‘rem
1303 2653 1409 2691 non
1442 2639 1512 2692 ita
1556 2655 1615 2696 se
1650 2640 1847 2697 habere
1884 2661 1896 2695 :
1929 2654 2013 2698 est
2036 2645 2177 2698 enim
2205 2662 2321 2699 om-

764 2726 895 2779 nino
941 2726 1198 2792 alicnum,
1229 2737 1418 2782 etnon
1465 2741 1913 2798 consentaneum,
1946 2733 2084 2789 hanc
2130 2736 2325 2790 libera-

762 2813 868 2869 lem
917 2816 1168 2880 lormam,
1199 2828 1253 2873 et
1298 2832 1542 2889 apertum
1595 2824 1962 2881 characterem
2012 2828 2323 2893 nobilitatis,

766 2904 902 2961 facta
931 2910 1147 2979 aggredi
1187 2920 1290 2965 tam
1315 2912 1565 2968 audacia.
1602 2915 1739 2970 Ecce
1770 2932 1898 2987 ergo
1932 2919 2026 2973 tibi
2058 2922 2320 2990 pr0puni-

764 3004 854 3052 tur
904 3000 1189 3055 multitudo
1228 3003 1473 3067 deorum,
1506 3022 1625 3075 quae
1659 3007 1887 3063 diversis
1920 3013 2322 3080 operationibus

2428 568 2526 633 τῆς
2563 566 2847 628 εὐσεϐείας
2894 566 3077 635 ἔργοις
3127 568 3499 637 κοσμούμενος
3532 572 3591 622 ἑν
3629 572 3990 638 σκηνώμασιν

2427 656 2770 725 ἁμαρτωλῶν
2801 661 3073 710 κατοικεῖν
3117 660 3214 726 οὐχ
3245 659 3590 729 αἱρούμενον,
3636 666 3735 715 καὶ
3771 664 3975 728 ἀνέδην

2424 744 2566 799 οὓτω
2598 745 2657 797 τὸ
2688 746 2781 799 τοῦ
2818 747 3052 817 Χριστοῦ
3087 747 3229 800 Θεῖον
3259 750 3427 819 ὄνομα
3476 752 3608 819 ὁρᾶν
3636 751 3985 820 διαχλευαζᾶ-

2428 856 2604 906 μενον,
2635 840 2861 891 ἀνεκτὸν
2891 841 2987 909 οὐχ
3022 842 3342 909 ἡγούμενος,
3369 842 3587 909 ἀπάρας
3611 843 3719 893 τῶν
3753 843 3899 894 κατά
3928 845 3988 894 τε

2428 930 2564 983 ἄστυ
2600 930 2915 998 διατριϐῶν,
2967 933 3066 1002 τὴν
3113 935 3350 1003 ἐρημίαν
3400 935 3726 999 ἀσπάζεται,
3786 937 3881 987 καὶ
3912 936 3986 1003 τῷ

2424 1023 2680 1093 ἐγκρατεῖ
2716 1026 2805 1077 καὶ
2853 1025 3246 1095 ἀναχωρητικῷ
3282 1026 3380 1096 βίῳ
3418 1028 3509 1079 τὸν
3540 1028 3692 1090 ἐντὸς
3735 1026 3985 1079 ἀποκαθ-

2424 1116 2697 1184 ηράμενος
2771 1115 3055 1185 ἄνθρωπον
3086 1156 3100 1179 ,
3157 1096 3251 1170 καλ
3303 1118 3420 1179 ὂλος
3472 1118 3631 1186 ζήλου
3692 1118 3839 1170 κατά
3898 1118 3989 1168 τὶν

2428 1205 2600 1273 μέγαν
2638 1205 2822 1259 Ἠλίαν
2879 1206 3289 1278 πλησθεὶςητὴν
3343 1207 3539 1277 ψυχὴν,
3597 1206 3695 1275 τὴν
3748 1207 3987 1274 ἐρημίαν

2422 1295 2700 1349 ἀπολιπὼν
2730 1294 2903 1363 αὖθις,
2941 1299 3073 1368 πρὸς
3098 1298 3197 1362 τάς
3241 1301 3297 1350 ὲν
3346 1299 3496 1351 πόλει
3530 1297 3809 1366 διαγωγὰς
3846 1297 3984 1349 κάτ-

2424 1403 2579 1441 εισιν.
2995 1426 3001 1435 ,

2497 1480 2571 1532 B'.
2621 1478 2709 1540 ’ος
2748 1478 2803 1531 δὲ
2834 1479 2969 1550 πρὸς
2994 1479 3090 1540 τὰς
3127 1479 3411 1549 βασιλικὰς
3440 1480 3655 1549 ὴτένισε
3688 1482 3985 1545 διατάξεις,

2423 1568 2476 1621 αἳ
2505 1568 2611 1620 τῶν
2640 1567 2821 1621 πυλῶν
2845 1568 3078 1637 ὕπερθεν
3101 1569 3435 1638 ἀνάγραπτοι
3465 1571 3632 1621 πᾶσιν
3661 1570 3985 1637 ἐτύγχανον,

2428 1660 2566 1728 μέγα
2617 1658 2990 1726 καταγελάσας
3037 1659 3129 1712 τοῦ
3193 1660 3621 1729 ἐγχειρήματος,
3677 1660 3989 1727 κατάφορκ

2428 1751 2590 1814 εὐθὺς
2626 1754 2742 1814 τοῖς
2792 1751 3046 1805 ἀσεϐέσιν
3097 1753 3334 1820 ἐγένετο,
3387 1756 3483 1806 καὶ
3529 1752 3747 1820 φυλακὴ
3799 1750 3991 1803 τοῦτον

2428 1840 2570 1913 εἶχεν
2612 1842 2810 1896 αὐτίκα
2854 1843 3094 1912 δέσμιον,
3139 1837 3251 1894 οἷόν
3282 1859 3334 1894 τι
3380 1842 3600 1911 θήραμα
3634 1843 3988 1911 παραστησό-

2428 1951 2586 2003 μενον
2616 1933 2692 2003 τῷ
2729 1934 3027 1996 δικάζοντι.
3072 1934 3226 1985 Ἐπεὶ
3254 1933 3309 1984 δὲ
3342 1933 3474 2003 πρὸς
3498 1936 3595 1994 τὶς
3622 1934 3728 1986 τῶν
3758 1937 3819 1986 ὲν
3839 1933 3987 1985 τέλει

2426 2028 2591 2087 ἀκοὰς
2640 2025 2906 2094 ἀνηνέχθη
2962 2024 3023 2076 τὸ
3075 2024 3292 2091 γεγονὸς
3329 2064 3343 2086 ,
3402 2023 3683 2091 ἀγώγιμον
3738 2024 3906 2073 αὑτὸν
3962 2022 3991 2073 δ

2428 2116 2684 2184 δικαστὴς
2717 2117 2851 2184 πρὶς
2887 2116 2945 2167 τὸ
2976 2116 3122 2184 βῆμα
3165 2114 3416 2181 γενέσθαι
3442 2114 3827 2167 διεκελεύσατο
3848 2129 3861 2140 ·
3893 2114 3989 2163 καὶ

2430 2209 2487 2270 ὃς
2526 2211 2605 2269 εἰς
2661 2209 2823 2259 αὐτὸν
2876 2207 3111 2277 ἀχθέντα
3163 2206 3320 2267 εὐθὺς
3372 2206 3597 2266 ἀπιδὼν,
3642 2205 3735 2256 καὶ
3793 2203 3882 2256 διά
3933 2202 3995 2254 τὸ

2429 2302 2619 2366 νεάζον
2644 2303 2745 2369 τῆς
2776 2300 2993 2369 ἡλικίας
3024 2298 3279 2368 συλήσειν
3305 2297 3538 2359 ἐλπίζων
3566 2297 3655 2348 τὸν
3679 2294 3994 2363 γενναιότα-

2426 2411 2536 2458 τον,
2570 2393 2685 2457 Τίς,
2722 2386 2765 2446 ὧ
2794 2387 2969 2454 οὗτος,
2998 2393 3029 2460 ἠ
3062 2388 3295 2458 τοσαύτη
3330 2390 3455 2458 περὶ
3485 2387 3599 2451 σοῦ,
3634 2388 3759 2455 ἔφη,
3803 2386 3995 2440 διαλα-

2429 2486 2664 2552 λουμένη
2710 2484 2975 2545 ἀναίδεια,
3022 2485 3056 2553 ἥ
3098 2500 3182 2545 τις
3219 2480 3414 2550 μικροῦ
3450 2497 3517 2549 με
3552 2482 3646 2532 καὶ
3680 2477 3818 2545 προς
3855 2495 3994 2543 τρα-

2428 2578 2635 2645 χύτητα
2664 2575 3011 2644 ἐξενεχθῆναι
3042 2573 3359 2645 πεποίηκεν.
3396 2572 3443 2624 εἰ
3477 2571 3548 2641 μὴ
3594 2572 3725 2622 αὐτὸ
3754 2570 3817 2622 τὸ
3843 2565 3991 2632 εἶδος

2427 2670 2638 2733 θεαθὲν,
2677 2668 2749 2737 μὴ
2782 2666 2951 2728 οὕτως
2989 2667 3130 2735 ἔχειν
3181 2665 3497 2718 ἀνέπεισεν’
3545 2661 3825 2731 ἀλλότριον
3874 2662 3992 2729 γὰρ

2427 2762 2601 2829 πάντη
2637 2760 2729 2813 καὶ
2774 2757 3156 2819 ἀνακόλουθον,
3193 2756 3325 2808 αἰδῶ
3359 2756 3613 2825 τοιαύτην
3662 2755 3757 2805 καὶ
3806 2770 3991 2821 χαρα-

2426 2853 2603 2921 κτῆρα
2656 2852 2988 2918 σαφέστατον
3048 2848 3345 2917 εὐγενείας,
3387 2847 3565 2915 ἔργοις
3627 2847 3993 2917 θρασυτέροις

2426 2949 2743 3017 ἐπιχειρεῖν.
2784 2944 2915 2997 Ἰδοὺ
2946 2941 3028 2995 σοὶ
3060 2943 3238 2995 τοίνυν
3268 2939 3474 3009 πληθὺς
3498 2939 3785 3007 πρόκειται
3814 2938 3983 2997 θεῶν,

2426 3038 2702 3105 διαφόροις
2758 3034 3211 3105 ὲνεργείαις.καὶ
3259 3032 3485 3101 κλήσεσι
3535 3026 3991 3082 καταπλουτοῦσα

762 3099 818 3145 et
849 3092 1279 3147 invocationibus
1325 3095 1426 3149 sibi
1471 3096 1672 3150 atl‘atim
1707 3111 1983 3167 comparat
2027 3105 2326 3158 veneratio-

2427 3131 2485 3182 τὸ
2519 3092 2717 3198 τίμιον,
2751 3092 2956 3197 ἀνέοιγέ
2986 3092 3069 3179 σοι
3094 3126 3186 3178 καὶ
3208 3092 3543 3186 ναδςαῦτός.
3604 3123 3789 3190 Βωμοὶ
3816 3121 3874 3174 δὲ
3907 3120 3990 3189 τῷ

762 3197 910 3247 nem;
938 3181 1110 3249 ipsum
1136 3198 1350 3253 «quoque
1383 3188 1639 3256 templum
1668 3199 1750 3243 est
1774 3190 1864 3243 tibi
1901 3202 2182 3259 apertum:
2206 3211 2299 3247 san

761 3273 924 3343 guine
954 3284 1133 3327 autem
1171 3291 1457 3345 conspersa
1484 3289 1783 3333 cernuntur
1803 3282 2023 3350 altaria;
2053 3284 2320 3353 publicum

762 3360 960 3416 festum
994 3364 1299 3421 celebratur
1319 3375 1374 3421 et
1403 3379 1588 3439 parata
1610 3382 1736 3427 sunt
1760 3390 2097 3444 quacunque
2124 3392 2326 3432 conve—

765 3453 1257 3512 niunt~sacrilicio.
1301 3459 1373 3513 Et
1418 3460 1513 3516 tibi
1555 3477 1683 3530 ergo
1723 3465 1926 3531 optimc
1969 3467 2238 3527 consules.
2274 3478 2329 3521 et

766 3545 925 3601 nobis
943 3562 1053 3599 rem
1088 3558 1290 3617 gratam
1316 3550 1507 3613 facies,
1535 3552 1578 3605 si
1624 3553 1752 3607 deos
1779 3540 2033 3620 colueris,
2064 3567 2117 3611 et
2143 3559 2220 3612 eis
2245 3574 2328 3613 sa-

765 3633 1113 3689 crilicaveris.
1142 3635 1267 3692 Haec
1290 3648 1572 3709 tyrannus.

837 3745 927 3803 Ill.
961 3748 1159 3820 Martyr
1186 3763 1365 3809 autem
1405 3754 1607 3825 Spiritu
1654 3773 1842 3815 sancto
1892 3770 2034 3818 totus
2069 3766 2323 3835 repletus,

766 3851 889 3891 cum
920 3852 979 3892 se
1008 3840 1161 3910 signo
1201 3844 1396 3908 crucis,
1432 3847 1599 3900 veluti
1638 3844 1956 3917 quibusdam
1985 3858 2167 3919 armis,
2209 3876 2325 3911 mu-

766 3928 957 3984 nii'sset
992 3950 1004 3984 :
1038 3931 1183 3985 Vana
1213 3945 1358 3996 sunt.
1391 3939 1687 4006 respondit,
1722 3956 1755 3995 ο
1798 3957 2012 4011 praeses,
2052 3960 2170 4014 quae
2211 3962 2238 4000 a
2277 3958 2327 4001 te

767 4032 1167 4091 proponuntur.
1206 4026 1390 4096 Neque
1418 4030 1559 4084 enim
1589 4047 1652 4085 ex
1685 4034 1845 4089 rebus
1869 4040 2104 4093 externis
2136 4050 2189 4093 et
2210 4058 2329 4109 quae

768 4114 987 4169 minime
1018 4114 1218 4171 fuerint
1263 4120 1314 4173 in
1368 4130 1632 4188 potestate
1672 4126 1922 4195 alicujus,
1950 4130 2216 4184 metienda
2248 4143 2329 4187 est

768 4203 961 4270 pictas,
993 4221 1110 4272 quae
1139 4218 1323 4277 aperte
1351 4219 1431 4265 est
1471 4214 1595 4267 boni
1640 4216 1871 4269 instituti
1900 4226 1953 4272 et
1989 4218 2039 4271 in
2065 4217 2229 4274 nostri
2264 4224 2328 4275 li-

767 4295 882 4348 beri
922 4298 1131 4351 arbitrii
1185 4300 1283 4355 sita
1335 4312 1419 4355 est
1470 4314 1752 4373 potestate.
1795 4311 1986 4376 Atque.
2018 4311 2061 4364 si
2114 4313 2327 4379 quidem

769 4385 880 4440 ﬁeri
934 4402 1043 4441 non
1096 4400 1273 4458 potest
1323 4394 1413 4460 (ne
1458 4405 1508 4449 te
1554 4413 1661 4451 non
1700 4400 1834 4456 velle
1886 4401 2117 4468 dic-am),
2167 4412 2221 4455 ut
2265 4405 2329 4456 ad

2426 3220 2608 3290 λύθρῳ
2662 3220 2773 3271 τῶν
2826 3218 3074 3288 αἱμάτων
3128 3217 3546 3287 περιρῤὲόμενοι
3588 3212 3989 3281 τεθεώρηνται,

2428 3314 2709 3382 πάνδημος
2746 3312 2919 3380 ἑορτὴ.
2961 3309 3411 3376 συγκεκρότηται,
3449 3306 3541 3357 καὶ
3588 3303 3697 3355 τῶν
3748 3303 3993 3367 ἀγγείων

2428 3408 2530 3459 ὅσα
2561 3404 2694 3472 πρὸς
2747 3402 2935 3454 θυσίαν
2984 3399 3293 3467 κατάλληλα
3329 3394 3855 3465 προσηυτρέπισται.
3906 3391 3991 3443 Τὰ

2427 3497 2691 3550 κάλλιστα
2722 3493 2852 3562 γοῦν
2888 3492 3098 3561 σεαυτῷ
3136 3494 3232 3544 καὶ
3282 3491 3416 3557 ἡμῖν
3446 3484 3721 3555 χαρίσαιο,
3778 3484 3825 3535 εί
3858 3485 3991 3547 τοὺς

2428 3588 2582 3650 θεοὺς
2606 3588 2900 3655 ητιμὴσειας
2956 3585 3055 3636 παὶ
3087 3584 3267 3644 αὐτοῖς
3297 3579 3604 3641 ὲπιθύσαις.
3659 3576 3851 3631 Καὶτά
3890 3577 3998 3644 μὲν

2425 3678 2517 3732 τοῦ
2549 3680 2807 3745 τυράννου
2837 3675 3078 3729 τοιαῦτα.

2500 3772 2578 3823 Γ’.
2653 3774 2712 3822 '0
2777 3769 2831 3821 δὲ
2895 3768 3102 3838 μάρτυς
3157 3766 3275 3827 ὅλος
3323 3764 3456 3825 ὅλως
3511 3761 3604 3815 τοῦ
3675 3761 3997 3827 Πνεύματος

2427 3863 2520 3914 τοῦ
2583 3860 2739 3929 ἁγίου
2799 3859 3107 3927 γενόμενος,
3163 3858 3257 3910 καὶ
3323 3853 3396 3922 τῷ
3436 3851 3539 3904 ητοῦ
3598 3849 3837 3919 σταυροῦ
3898 3864 3995 3918 ση-

2434 3955 2571 4023 μείῳ
2623 3949 2736 4005 οἷον
2794 3950 2943 4018 ὅπλῳ
2990 3950 3094 4001 τινὶ
3164 3944 3658 4015 περιφραξάμενος,
3755 3940 3991 4000 blitum.

2429 4037 2471 4097 ὠ
2517 4044 2758 4112 ἡγεμὼν,
2824 4041 3173 4111 ἀπεκρίνατο,
3224 4038 3291 4089 τὰ
3347 4036 3503 4106 παρά
3542 4033 3635 4087 σοῦ
3712 4032 3996 4107 προτεινο-

2433 4149 2590 4201 μενα,
2626 4132 2745 4182 οὐδὲ
2778 4133 2885 4199 γὰρ
2934 4128 3042 4182 ἀπὸ
3095 4127 3203 4179 τῶν
3261 4126 3437 4187 ἐκτὸς,
3494 4123 3587 4174 καὶ
3635 4114 3712 4173 ὧν
3768 4122 3868 4177 οὐκ
3930 4118 3995 4170 ἀν

2428 4242 2513 4287 τις
2574 4224 2783 4290 γένοιτο
2853 4219 3074 4290 κύριος,
3157 4219 3217 4270 τὸ
3307 4214 3548 4267 εὐσεϐεῖν
3611 4211 3991 4280 δοκιμάζεται,

2435 4315 2809 4385 προαιρέσεως
2855 4312 3065 4380 ἀγαθῆς
3116 4309 3210 4359 καὶ
3256 4305 3363 4359 τῶν
3412 4304 3499 4374 ἐφ’
3550 4306 3683 4373 ἡμῖν
3732 4304 3994 4370 ἄντικρυς

2434 4401 2694 4472 ὑπάρχον.
2737 4402 2795 4453 Εἰ
2828 4401 2925 4469 μὲν
2955 4399 3045 4451 οὖν
3070 4397 3325 4453 ἀδύνατον
3351 4396 3435 4447 ἵνα
3483 4396 3555 4462 μὴ
3588 4394 3733 4457 λέγω
3756 4390 3994 4457 ἀϐούληο

773 4493 937 4531 unum
979 4486 1033 4533 et
1086 4481 1287 4535 trinum
1339 4486 1580 4539 omnium
1612 4490 1840 4556 aspicias
1886 4491 2231 4559 principium,
2266 4496 2328 4547 ab

2436 4512 2526 4547 τον
2561 4493 2695 4558 πρὸς
2730 4492 2825 4561 τὴν
2869 4491 2997 4561 μίαν
3029 4506 3087 4542 σε
3125 4491 3215 4543 καὶ
3246 4487 3461 4539 πάντων
3491 4482 3780 4552 τριαδικὴν
3821 4477 3993 4550 ἀρχὴν

770 4583 957 4624 eorum
996 4571 1207 4635 saltem,
1240 4590 1359 4644 qua:
1393 4578 1650 4646 producta
1686 4579 1905 4637 fuerunt
1944 4584 2086 4639 bono
2116 4586 2326 4652 ordine,

770 4660 919 4713 disce
944 4660 1107 4716 Deum
1138 4666 1533 4723 universorum.
1574 4670 1665 4724 Sin
1696 4685 1874 4727 autem
1927 4676 2148 4732 deorum
2196 4694 2329 4745 pra:-

771 4748 879 4804 t’ers
910 4749 1333 4818 multitudinem,
1362 4770 1456 4823 per
1479 4773 1613 4825 quos
1628 4760 1979 4828 simpliciores
2008 4763 2228 4817 deducis
2261 4764 2329 4818 ad

772 4839 1083 4895 barathrum
1127 4843 1401 4910 interitus,
1430 4855 1485 4900 at
1514 4863 1614 4916 ego
1645 4852 1859 4919 quidem
1888 4869 1987 4907 nec
2036 4869 2095 4906 ea
2128 4870 2245 4922 quae
2271 4862 2324 4907 tu

770 4931 910 4988 dicis
938 4932 1127 4987 audire
1155 4939 1419 5001 sustineo,
1461 4956 1635 5010 neque
1668 4943 1719 4996 in
1761 4944 1997 4999 animum
2026 4946 2240 5008 induco.
2270 4956 2329 5000 ut
2368 5008 2371 5011 _

774 5024 970 5079 talibus
997 5025 1237 5083 delecter
1275 5032 1573 5095 sacriﬁciis.
1609 5044 1667 5088 ut
1688 5037 1777 5103 qui
1809 5038 1908 5092 sim
1935 5040 2188 5106 praeditus
2215 5042 2333 5093 ani—

775 5130 861 5170 ma
904 5116 1167 5188 participe
1216 5121 1459 5183 rationis,
1503 5133 1558 5179 et
1605 5126 1671 5180 ad
1722 5142 2013 5196 supernum
2069 5130 2324 5182 mundmn

776 5215 960 5274 aperte
1000 5223 1326 5278 properem:
1362 5212 1464 5268 soli
1510 5225 1690 5271 autem
1744 5229 1936 5272 natura
1988 5219 2115 5284 Deo,
2145 5230 2199 5274 et
2237 5221 2328 5289 qui

775 5308 881 5350 non
913 5303 999 5350 est
1040 5299 1397 5367 aspectabilis,
1423 5302 1737 5359 sacriﬁcabo
1766 5305 2089 5360 sacriﬁcium
2135 5306 2329 5369 laudis,

772 5396 827 5442 et
863 5387 963 5457 ipsi
1002 5388 1226 5443 reddam
1275 5402 1398 5448 vota
1428 5410 1546 5449 mea
1590 5410 1766 5450 coram
1814 5406 1924 5450 toto
1963 5397 2160 5465 populo
2190 5400 2333 5467 ejus.

776 5476 867 5535 His
892 5480 972 5535 sic
1001 5482 1181 5549 dictis,
1222 5492 1501 5555 tyrannus,
1532 5487 1773 5558 deposita
1811 5503 2037 5558 persona
2074 5490 2331 5554 lenitatis,

772 5571 927 5638 jubet
968 5574 1184 5642 quidem
1236 5577 1361 5631 exui
1408 5590 1713 5651 martyrem,
1739 5591 1794 5636 et
1846 5581 1992 5635 humi
2027 5593 2330 5648 extensum,

780 5662 1126 5720 vehementer
1154 5668 1445 5723 verberari.

2437 4585 2671 4649 ἀπιδεῖν,
2721 4585 2821 4638 κᾶν
2872 4583 2979 4636 ἀπὸ
3014 4583 3109 4651 τῆς
3150 4580 3258 4633 τῶν
3306 4575 3680 4645 παρηγμένων
3715 4573 3991 4637 εὐταξίας,

2431 4680 2522 4731 τὸν
2577 4674 2956 4744 γενεσιουργδν
2991 4674 3099 4725 τῶν
3142 4666 3277 4724 ὅλων
3307 4668 3440 4721 Θεὸν
3473 4665 3877 4737 μαθητεύθητι.
3933 4666 3993 4716 Et

2432 4771 2490 4823 δὶ
2520 4770 2656 4821 θεῶν
2685 4766 2894 4836 πληθὺν
2922 4764 3221 4833 προτιμᾷς,
3244 4760 3310 4815 δι’
3340 4754 3413 4814 ὧν
3442 4761 3569 4821 τοὺς
3592 4757 3993 4825 ἁπλουστέρους

2438 4859 2710 4931 χλευάζων
2736 4857 2871 4928 πρὸς
2899 4856 2959 4911 τὸ
2988 4855 3088 4925 τῆς
3117 4852 3390 4912 ἀπωλείας
3409 4851 3672 4915 κατάγεις
3696 4847 3993 4917 βάραθρον,

2439 4950 2553 5004 ἀλλ’
2590 4948 2699 5018 ἐγὼ
2760 4948 2881 5002 οὕτε
2933 4947 3150 5001 ἀκούειν
3202 4939 3275 4997 ὧν
3312 4944 3374 4993 σὺ
3406 4941 3510 5009 φὴς
3545 4940 3838 5010 ἀνέχομαι,
3874 4938 3994 4991 οὗτε

2439 5042 2650 5103 θυσίαις
2677 5040 2955 5101 τοιαύταις
2988 5038 3199 5107 χαίρειν
3230 5034 3575 5106 προῄρημαι,
3606 5034 3702 5086 ἅτε
3727 5030 3877 5100 ψυχῇ
3913 5030 3999 5082 λο-

2438 5137 2567 5204 γικῇ
2620 5134 2895 5203 τιμηθεὶς,
2951 5130 3044 5182 καὶ
3095 5127 3232 5198 πρὸς
3287 5128 3377 5181 τὸν
3432 5127 3542 5179 ἀνω
3575 5125 3784 5190 κόῖμθν
3812 5123 3999 5188 σαφῶς

2440 5229 2793 5297 ἐπειγόμενος
2816 5241 2832 5259 ·
2872 5223 3016 5291 μόνῳ
3051 5220 3106 5275 δὲ
3157 5220 3233 5291 τῷ
3280 5219 3438 5289 φύσει
3483 5216 3699 5284 ἀοράτῳ
3727 5213 3872 5281 Θεῷ,
3909 5212 4000 5263 θυι

2449 5321 2569 5372 σίαν
2602 5320 2751 5372 θύσω
2789 5317 3071 5379 αἰνέσεως,
3104 5313 3199 5367 καὶ
3226 5308 3375 5378 αὐτῷ
3403 5308 3503 5369 τὰς
3532 5305 3699 5372 ιύχάς
3732 5320 3836 5372 μον
3868 5305 3992 5354 ἀπο-

2440 5409 2595 5464 δώσω
2648 5407 2891 5462 ὲναντίον
2941 5404 3141 5466 παντὸς
3205 5400 3299 5454 τοῦ
3348 5396 3478 5450 λαοῦ
3532 5395 3722 5450 αὐτοῦ.
3782 5392 4000 5445 Τούτων

2440 5487 2581 5554 οὕτω
2606 5500 2921 5569 λεχθέντων,
2950 5497 3008 5550 τὸ
3031 5497 3129 5563 τῆς
3156 5490 3453 5553 ἐπιεικείας
3470 5486 3811 5555 ἀποθέμενος
3836 5497 4002 5552 προσ·

2443 5596 2641 5646 ωπεῖον
2707 5592 2735 5642 ὁ
2788 5590 3069 5660 τύραννος,
3116 5582 3465 5653 περιδύισθαι
3521 5578 3619 5646 μὲν
3674 5576 4002 5645 προστάττει

2444 5687 2535 5737 τὸν
2587 5683 2857 5753 μάρτυρα,
2912 5678 3006 5732 καὶ
3060 5676 3149 5731 Eni.
3203 5676 3305 5743 γῆς
3352 5670 3584 5726 ταθέντα
3641 5666 4003 5738 σφοδρότερον

2445 5777 2755 5829 τύπτεσθαι.
