4178 6316
214 361 349 425 1057

280 476 356 531 Δ’.
396 475 485 541 Ὧς
513 473 570 529 δὲ
610 473 874 542 γενναίως
917 474 1010 526 καὶ
1041 473 1306 543 ἀνδρικως
1332 473 1361 524 6
1411 468 1621 542 μάρτυς
1644 472 1775 523 ἀντ·
1807 476 1851 530 Α

212 569 327 638 εῐχε
384 566 519 636 πρὸς
553 565 653 629 τὰς
691 565 984 635 βασάνους,
1013 565 1108 618 καὶ
1148 565 1268 617 οὐδὲ
1305 564 1509 633 μικρὰν
1539 564 1769 614 ἐπεπόν-

211 658 294 711 θει
333 656 645 723 ἀλλοίωσιν,
678 655 1022 719 διπλασιάζει
1064 654 1124 707 τδ
1164 655 1328 724 δριμὺ
1354 657 1453 723 τῆς
1498 653 1769 713 κολάσεως

211 752 238 802 6
288 747 549 811 δικάζων,
590 747 685 800 καὶ
740 746 952 815 νεύροις
999 745 1346 808 λεπτοτάτοις
1412 741 1769 813 μαστίζεσθαι

206 840 395 894 τοῦτον
423 840 796 910 ἀπηνέστερον
840 838 1203 891 διατάττεται.
1246 838 1312 889 Ἀ
1352 836 1508 905 δίκην
1535 835 1770 903 νιφάδων

205 933 282 1002 τῷ
333 931 653 1002 μαρτυρικῷ
698 930 1067 999 ἐπιφερόμενα
1118 929 1351 999 σώματι,
1403 928 1606 996 πολλὴν
1655 928 1770 988 τοῖς

206 1025 502 1077 πεπονθόσι
537 1023 725 1093 μέρεσι
754 1023 853 1092 τὴν
889 1021 988 1090 τῆς
1021 1021 1212 1089 ὀδύνης
1245 1020 1496 1088 αἴσθησιν
1521 1018 1770 1088 ἐνειργά-

205 1117 328 1180 ζετο
349 1133 364 1148 ο
390 1116 523 1168 ἀλλά
557 1116 650 1167 καὶ
673 1113 844 1176 οὕτως
867 1115 893 1166 6
920 1115 1128 1184 μάρτυς
1151 1113 1300 1164 οὐδὲν
1329 1110 1482 1180 ὤφθη
1507 1112 1598 1163 τοῦ
1636 1127 1770 1179 φρο-

203 1210 449 1277 νήματος
493 1207 744 1271 ὑπανεὶς,
794 1206 824 1276 ἦ
892 1207 993 1272 τῆς
1048 1206 1185 1273 πρὸς
1228 1204 1319 1256 τὸν
1366 1204 1568 1273 Κύριον
1612 1202 1768 1271 ἡμῶν

203 1299 512 1360 ὲνδεδωκὼς
544 1300 798 1361 πίστεως.
846 1296 1124 1349 Ἐντεῦθεν
1170 1295 1561 1363 ἀλλεπάλληλοι
1600 1295 1769 1363 βασά-

203 1408 310 1442 νων
350 1389 484 1441 ἰδέαι
512 1388 762 1458 καθάπερ
810 1386 1027 1456 κύματα
1059 1385 1137 1454 τῷ
1168 1386 1405 1454 μάρτυρι
1456 1386 1767 1455 προσερρή-

202 1496 414 1547 γνυντο.
459 1479 636 1541 Εὐθὺς
666 1478 774 1547 γὰρ
804 1479 832 1530 6
864 1478 1128 1546 τύραννος
1157 1476 1293 1543 πρὸς
1331 1476 1521 1547 ἑτέραν
1553 1476 1770 1547 εὕρεσιν

208 1568 484 1638 τιμωρίας
534 1571 815 1639 ἐτρέπετο,
869 1570 965 1623 καὶ
1013 1570 1155 1638 ξύλῳ
1177 1569 1269 1621 τὸν
1318 1568 1631 1635 ἀδάμαστον
1676 1570 1772 1623 ἀνα

202 1662 429 1730 δριάντα
473 1662 894 1732 προσαναρτῶν,
955 1660 1175 1729 ξεσμοῖς
1234 1663 1334 1722 τὰς
1374 1663 1585 1730 σάρκας
1609 1679 1773 1713 κατε-

201 1754 441 1818 δαπάνα,
474 1756 566 1807 καὶ
592 1750 660 1824 ἦν
695 1755 852 1824 μέχρι
892 1753 1108 1823 μυελῶν
1134 1758 1227 1805 καὶ
1262 1752 1464 1806 ὀστέων
1492 1754 1671 1805 αὐτῶν
1709 1754 1769 1805 τὸ

198 1850 369 1917 ἄλγος
425 1848 807 1915 ὑποδυόμενον,
859 1847 955 1898 καὶ
998 1846 1105 1897 τῶν
1156 1846 1387 1914 καιρίων
1444 1845 1623 1913 μερῶν
1669 1844 1762 1897 τοῦ

199 1938 457 2009 σώματος
489 1938 888 2006 ἐφαπτόμενον.
937 1936 997 1989 Ὀ
1029 1937 1086 1989 δὲ
1122 1938 1351 2007 μάρτυς,
1380 1936 1545 2006 εὐχὴν
1572 1939 1639 2005 τῇ
1672 1936 1764 2005 βα-

197 2034 348 2101 σάνῳ
388 2032 785 2100 συγκεραννὺς,
836 2031 932 2085 καὶ
979 2033 1058 2094 εἰς
1108 2030 1427 2097 ἐπικουρίαν
1459 2028 1551 2081 τὸν
1596 2027 1762 2080 αὑτοῦ

192 2126 493 2195 ἀθλοθέτην
524 2125 921 2194 ἐπιϐοώμενος,
964 2125 1023 2177 οὺ
1069 2126 1300 2191 πάσχειν
1328 2121 1546 2191 μᾶλλον,
1581 2120 1611 2189 ἢ
1646 2120 1762 2172 ὲτέ-

195 2235 293 2285 ρου
320 2217 644 2287 πάσχοντος,
683 2217 846 2277 αὐτὸς
875 2209 1016 2266 εῖναι
1039 2213 1233 2285 θεατὴς
1259 2212 1563 2282 ἐνομίζετο.
1609 2210 1763 2264 Ἐπεὶ

190 2310 248 2361 δὲ
287 2309 492 2369 ίκανῶς
533 2308 798 2375 ὲνήθλησε
842 2307 957 2367 τοῖς
989 2306 1231 2374 ξεσμοῖς,
1287 2309 1381 2375 κα).
1420 2306 1527 2358 πᾶν
1579 2304 1764 2357 διατα-

192 2398 419 2467 ρα-χθὲν,
460 2397 521 2448 τὸ
558 2396 714 2465 σῶμα
746 2394 1041 2465 προῦκειτο
1070 2396 1330 2463 δυσειδὲς,
1366 2395 1618 2461 δαίμονες
1664 2394 1764 2463 μὲν

186 2490 267 2552 ὡς
301 2488 450 2555 εἰκὸς
505 2486 953 2552 ὑπεξανίσταντο,
985 2487 1115 2547 Θεὸς
1142 2487 1199 2538 δὲ
1226 2487 1316 2539 τὸν
1333 2490 1531 2540 οἰκεῖον
1557 2486 1763 2540 ἀνωθεν

187 2580 415 2650 ἐνίσχυε
449 2579 799 2649 στεφανίτην,
838 2579 933 2631 καλ⁴
976 2580 1004 2630 6
1050 2576 1311 2646 δικαστὴς
1360 2577 1551 2630 ἑαυτὸν
1592 2578 1764 2646 ἡττώ-

187 2689 358 2742 μενον
392 2670 657 2741 καθορῶν,
694 2670 768 2733 ὡς
814 2671 949 2741 μήτε
998 2669 1177 2738 λόγοις
1213 2662 1321 2732 οἷός
1352 2685 1410 2724 τε
1453 2666 1528 2720 ῶν
1555 2667 1762 2720 πείθειν

181 2763 280 2814 τδν
316 2762 613 2829 πάσχοντα,
663 2763 799 2832 μήτε
860 2761 1143 2827 θωπείαις,
1204 2763 1341 2832 μήτε
1391 2760 1531 2814 τισὶν
1576 2760 1762 2823 ἄλλαις

182 2853 489 2918 ἐπινοίαις,
522 2854 614 2905 ἐπὶ
641 2853 898 2922 τοιαύτην
942 2856 1112 2924 χωρεῖ
1162 2853 1416 2923 βάσανον,
1461 2848 1525 2922 ἧς
1573 2853 1762 2923 ἡάκοὴ

180 2946 302 3006 τοῖς
325 2944 433 2996 ὠσὶ
456 2944 550 2996 καὶ
592 2943 752 3012 μόνον
790 2943 1161 3013 ἐμπίπτουσα,
1196 2943 1583 3013 συνταράττειν
1606 2943 1763 2996 δύνα-

180 3054 303 3099 ται,
356 3037 452 3088 καὶ
486 3037 709 3104 συγχεῖν
739 3036 831 3087 καὶ
872 3033 995 3086 νοῦν
1021 3033 1114 3085 καὶ
1139 3034 1400 3087 διάνοιαν.
1443 3032 1624 3102 Ίμᾶσι
1651 3034 1759 3103 γὰρ

1026 360 1489 422 MARTYRIUM
1531 359 1615 419 SS
1650 361 2023 421 EULAMPII
2063 364 2156 421 ΕΤ
2196 364 2618 426 EULAMPIB.

3309 362 3443 430 1058

1951 471 2039 525 IV.
2066 472 2359 543 Postquam
2395 483 2573 529 autem
2608 482 2810 545 martyr
2840 489 3099 547 generose
3130 482 3185 529 et
3231 474 3447 531 fortiter

1871 564 2070 618 restitit
2102 567 2403 631 tormentis,
2436 576 2491 621 et
2522 582 2619 621 nec
2651 568 2921 621 tantillum
2948 567 3165 637 quidem
3197 566 3298 621 fuit
3321 581 3444 621 mu-

1871 663 2031 716 tatus,
2089 658 2437 712 acerbitatem
2488 659 2737 728 supplicii
2773 659 2939 728 judex
2986 669 3163 727 auget,
3208 673 3444 729 eumque

1869 746 2050 800 nervis
2082 747 2212 801 caedi
2242 748 2578 804 tenuissimis
2620 749 2844 817 itnperat
2866 749 3293 813 crudeliter.Qui
3318 764 3442 803 cum

1869 837 1994 890 nive
2029 837 2259 905 spissius
2311 840 2563 907 martyris
2606 839 2819 909 corpori
2883 838 3279 906 inﬂigerentur,
3310 839 3441 894 alle-

1871 927 1974 981 ctis
2024 928 2266 995 partibus
2292 928 2592 984 aﬂerebant
2638 946 2889 1000 magnum
2950 946 3170 984 sensum
3218 930 3443 985 doloris.

1873 1016 1975 1069 Sed
2009 1018 2087 1072 sic
2108 1034 2323 1088 quoque
2365 1030 2566 1089 martyr
2601 1020 2739 1075 nihil
2774 1020 2924 1075 visus
2952 1030 3037 1074 est
3078 1020 3350 1075 remisisse
3379 1022 3445 1076 de

1871 1123 1965 1161 sua
2000 1109 2165 1162 animi
2196 1110 2574 1179 magnitudine
2610 1121 2702 1164 aut
2729 1109 2794 1164 de
2823 1126 2918 1165 sua
2949 1110 3052 1166 ﬁde
3088 1110 3141 1164 in
3167 1110 3442 1166 Christum

1871 1202 2160 1258 Dominum
2195 1214 2437 1259 nostrum
2469 1205 2672 1273 aliquid
2710 1206 2999 1260 relaxasse.
3028 1205 3164 1260 Hinc
3194 1206 3446 1275 frequen-

1872 1303 1973 1358 tes,
2004 1304 2055 1351 et
2083 1312 2140 1350 se
2171 1297 2401 1351 invicem
2449 1306 2847 1366 consequentes
2896 1305 3288 1351 tormentorum
3324 1312 3445 1367 spe-

1870 1372 2001 1439 cies.
2035 1397 2287 1457 tanquam
2341 1388 2557 1452 ﬂuctus,
2606 1389 2965 1458 erumpebant
3015 1389 3069 1443 in
3128 1397 3435 1459 martyrem.

1873 1469 2066 1529 Statim
2100 1480 2243 1532 enim
2291 1496 2588 1535 conversus
2617 1491 2699 1534 est
2739 1490 2999 1551 tyrannus
3045 1481 3111 1534 ad
3154 1481 3444 1535 invenien-

1836 1617 1838 1619 ,
1868 1566 1998 1620 dum
2026 1567 2169 1621 aliud
2203 1570 2527 1637 supplicium
2565 1587 2577 1622 :
2614 1581 2667 1623 et
2693 1570 2838 1641 ligno
2870 1571 3184 1639 appendens
3207 1569 3444 1623 indomi-

1873 1668 1977 1712 tam
2008 1668 2259 1724 statuam,
2286 1663 2641 1717 consumebat
2684 1676 2875 1715 earnes
2914 1662 3353 1722 lat-orationibus,
3390 1668 3441 1718 et

1872 1752 1939 1806 ad
1966 1754 2228 1806 medullas
2260 1766 2311 1807 et
2352 1769 2471 1808 ossa
2506 1770 2676 1822 usque
2722 1755 2933 1808 subibat
2969 1754 3121 1807 dolor
3158 1762 3212 1808 et
3241 1752 3441 1822 princi-

1872 1844 2019 1913 pales
2050 1854 2232 1913 partes
2257 1846 2504 1913 corporis
2540 1846 2859 1915 attingebat.
2892 1845 3090 1916 Martyr
3121 1854 3299 1901 autem
3325 1857 3446 1914 pre-

1871 1935 2025 1990 cibus
2054 1940 2383 1991 tormentum
2415 1946 2857 2005 eontemperans,
2894 1946 2947 1991 et
2976 1937 3058 1991 sui
3097 1936 3445 2006 Agonothem

1870 2027 2127 2081 auxilium
2198 2028 2480 2092 invocans,
2533 2043 2641 2081 non
2700 2028 2873 2097 magis
2926 2027 3253 2082 censebatur
3329 2029 3441 2098 pati

1869 2132 2030 2186 quam
2072 2119 2176 2172 alio
2205 2121 2445 2187 patiente
2500 2119 2613 2189 ipse
2661 2134 2781 2174 esse
2836 2130 3128 2189 spectator.
3155 2118 3440 2189 Postquam

1868 2218 2051 2263 autem
2095 2209 2227 2263 satis
2274 2208 2570 2263 decertavit
2620 2210 2881 2264 adversus
2929 2211 3444 2277 dilacerationes,et

1869 2299 2185 2355 universum
2265 2299 2603 2370 discerptum
2672 2314 2870 2369 corpus
2937 2302 3277 2372 propositum
3339 2303 3443 2358 fuit

1869 2400 2088 2459 aspectu
2115 2399 2334 2453 tetrum,
2358 2389 2634 2445 daemones
2663 2391 2904 2459 quidem,
2938 2399 2999 2445 ut
3022 2408 3118 2460 par
3144 2401 3282 2457 erat,
3306 2406 3442 2449 mce-

1870 2482 2082 2545 rebant,
2111 2481 2253 2536 Deus
2308 2489 2488 2534 autem
2536 2496 2568 2535 e
2613 2482 2828 2548 superis
2872 2482 3176 2537 exsultabat
3222 2492 3444 2554 propter

1868 2586 2026 2626 suum
2077 2586 2276 2624 corona
2322 2571 2631 2625 redimitum
2681 2571 2960 2627 athletam.
3013 2571 3186 2626 .ludex
3244 2574 3441 2630 deinde

1868 2676 2099 2717 cernens
2126 2677 2184 2716 se
2216 2676 2339 2716 esse
2384 2675 2725 2733 superatum,
2748 2678 2871 2718 cum
2927 2680 3030 2723 nec
3059 2666 3234 2720 verbis
3264 2676 3443 2736 posset

1868 2754 2196 2823 persuadere
2244 2754 2494 2823 patienti,
2533 2770 2635 2809 nec
2690 2755 2986 2819 blanditiis,
3022 2771 3123 2811 nec
3167 2757 3290 2811 ullis
3322 2757 3444 2813 aliis

1871 2845 2188 2907 rationibus,
2232 2844 2475 2913 procedit
2506 2843 2572 2897 ad
2607 2842 2713 2897 tale
2741 2845 3256 2915 tormentum,quod
3285 2846 3332 2900 si
3357 2845 3442 2901 vel

1868 2938 2044 2993 solum
2093 2937 2161 2992 ad
2205 2951 2364 2991 aures
2420 2937 2721 3005 perveniat,
2763 2943 2944 3005 potest
3003 2935 3330 2991 conturbare
3380 2953 3444 2994 ac

1867 3027 2203 3081 confundere
2223 3037 2457 3081 mentem
2486 3038 2540 3081 et
2567 3028 2972 3097 cogitationem.
2996 3025 3274 3081 Tenuibus
3293 3027 3441 3083 enim

176 3127 409 3189 λεπτοῖς
437 3125 563 3188 τοὺς
597 3124 705 3178 τῶν
728 3124 906 3177 ποδῶν
928 3123 1021 3176 καὶ
1041 3124 1238 3194 χειρῶν
1266 3123 1755 3194 περισφιγχθέντας

1868 3118 1998 3173 loris
2044 3117 2242 3188 pedum
2294 3125 2351 3170 et
2395 3131 2652 3170 manuum
2698 3117 2988 3171 adstrictos
3040 3116 3240 3185 digitos
3287 3118 3445 3188 jubet

174 3217 513 3283 δακτύλους,
550 3219 630 3280 εἰς
662 3217 907 3269 τούπίσω
941 3216 1358 3286 περιενεχθῆναι
1392 3216 1584 3286 βιαίως
1633 3215 1754 3275 δια-

177 3305 501 3369 κελεύεται,
526 3308 620 3358 καὶ
648 3307 802 3373 δίκην
823 3304 1079 3372 πτόρθου,
1104 3306 1173 3356 τὰ
1194 3306 1285 3357 τοῦ
1314 3307 1594 3374 μάρτυρος
1619 3306 1760 3374 μέρη

174 3412 249 3448 πε
261 3396 577 3465 ριλυγίσας,
603 3395 874 3465 ἀφόρητον
891 3393 1032 3447 οὕτω
1047 3395 1143 3464 τὴν
1163 3394 1432 3465 τιμωρίαν
1454 3396 1761 3464 εἰργάζετο.

187 3488 505 3556 ’Δγκὼνων
529 3488 637 3558 γὰρ
663 3487 1140 3557 συνθραυομὲνων,
1181 3488 1401 3560 σφυρῶν
1443 3487 1762 3556 συνθλωμέ-

179 3600 329 3645 νων,
395 3580 605 3633 σκελῶν
661 3579 1124 3650 συντριϐομένων,
1173 3583 1266 3632 καὶ
1309 3582 1472 3633 οίονεὶ
1502 3580 1766 3647 διατετρι-

178 3675 380 3741 γότων
412 3675 480 3741 τῇ
532 3671 623 3742 βία
674 3672 773 3741 τῆς
822 3673 1083 3737 στάσεως,
1142 3671 1341 3742 μικροῦ
1396 3671 1762 3725 θανατοῦσθαι

170 3766 479 3818 συνέὃαινε
510 3764 600 3815 τὸν
624 3763 886 3832 ἀθλητὴν,
914 3765 1006 3815 ἆτε
1031 3766 1130 3831 τῆς
1172 3764 1437 3832 ἁρμονίας
1482 3763 1588 3815 τῶν
1630 3763 1764 3816 ὅλων

173 3855 278 3908 τοῦ
314 3852 577 3922 σώματος
602 3852 804 3920 μελῶν,
831 3852 926 3920 τῆς
953 3853 1184 3913 οἰκείας,
1210 3851 1579 3920 ἐξισταμένων
1600 3852 1761 3920 ἕδρας

166 3948 277 4000 καὶ
321 3945 561 4010 τάξεως,
605 3946 697 3998 καὶ
744 3944 824 4016 τῷ
859 3943 1101 4014 περιόντι
1143 3944 1243 4014 τῆς
1284 3944 1574 4015 ἀλγηδόνος
1627 3944 1762 4013 πρὸς

170 4034 384 4092 οἶκτον
417 4036 799 4106 ἐφελκομένων
837 4037 931 4088 καὶ
956 4036 1160 4105 ἄψυχα.

245 4131 338 4185 Ε’.
402 4128 546 4183 Ἀλλ’
572 4131 599 4181 6
631 4128 730 4197 μὲν
760 4126 1024 4197 τύραννος
1053 4129 1189 4197 πρδς
1211 4126 1309 4194 τὴν
1332 4128 1421 4180 διὰ
1450 4129 1559 4180 τῶν
1584 4128 1763 4195 ἔργων

166 4225 537 4292 ἑξατονὴσας
587 4220 767 4273 πειθοῖ
800 4203 937 4290 πρίις
983 4220 1081 4291 τὴν
1110 4220 1196 4272 διὰ
1232 4220 1339 4271 τῶν
1383 4220 1558 4287 λόγων
1596 4216 1755 4283 αὖθις

158 4316 393 4387 ἐχώρει
432 4312 511 4382 τῷ
557 4313 656 4380 τῆς
695 4310 985 4376 διαλέξεως
1032 4309 1402 4381 προσωπείῳ,
1456 4312 1516 4365 τὸ
1562 4311 1763 4363 οἰκεῖον

158 4403 573 4476 περιστέλλων
607 4403 872 4456 ἀδύνατον
896 4439 912 4464 ,
955 4402 1050 4454 καὶ
1087 4401 1279 4469 πρῶτα
1332 4401 1430 4469 μὲν
1465 4401 1559 4455 ἅτε
1593 4402 1758 4454 δεισι-

1859 3211 2125 3266 violenter
2164 3209 2515 3265 cireumtrahi
2544 3250 2559 3274 ,
2586 3208 2730 3277 quod
2781 3208 2829 3262 ei
2867 3208 3270 3264 intolerandum
3320 3211 3443 3265 red-

1856 3301 2020 3355 debat
2071 3301 2392 3352 cruciatum.
2429 3300 2561 3352 Nam
2618 3314 2741 3353 cum
2789 3299 3266 3369 confringerentur
3311 3301 3440 3355 arti-

1855 3392 1983 3456 culi,
2012 3399 2067 3446 et
2114 3390 2350 3444 violenta
2408 3390 2727 3445 extensione
2779 3391 3187 3460 quodammodo
3241 3391 3441 3446 stride-

1856 3484 2276 3554 rent,‘contigit
2315 3483 2573 3538 athletam
2628 3498 2794 3552 prope
2846 3492 3024 3538 morte
3079 3482 3238 3550 allici,
3294 3484 3439 3553 quod

1858 3588 2148 3644 compages
2180 3575 2422 3628 omnium
2458 3574 2828 3627 membrorum
2858 3576 3107 3645 corporis
3129 3591 3158 3628 a
3191 3591 3289 3630 sua
3311 3576 3441 3631 sede

1856 3672 1912 3719 et
1938 3666 2129 3720 ordine
2163 3665 2609 3729 dimoverentur;
2645 3669 2782 3719 adeo
2823 3673 2882 3719 ut
2916 3680 3137 3735 propter
3161 3667 3438 3740 ingentem

1856 3755 2097 3811 dolorem
2146 3757 2211 3811 ad
2249 3756 2677 3813 misericordiam
2724 3758 3277 3816 traberentur’etiam
3322 3761 3442 3815 ina-

1856 3864 2023 3901 ruma.

1924 4134 1989 4187 ν.
2024 4134 2132 4189 Sed
2167 4144 2427 4206 tyrannus
2447 4137 2822 4207 quidem‘eum
2846 4156 2954 4194 non
2990 4142 3256 4208 potuisset
3280 4142 3437 4199 factis

1853 4226 2204 4295 persuadere,
2233 4227 2299 4281 ad
2330 4230 2769 4297 persuadendum
2800 4231 2974 4285 verbis
3006 4246 3196 4287 rursus
3220 4247 3279 4286 se
3302 4247 3438 4286 con-

1856 4315 1983 4378 fert,
2022 4331 2253 4385 persona
2306 4316 2689 4386 disputationis
2721 4334 2874 4374 suam
2926 4327 3113 4388 tegens
3164 4318 3436 4387 impoten-

1854 4407 2005 4463 tiam.
2024 4407 2090 4462 Et
2123 4410 2352 4477 primum
2372 4410 2611 4478 quidem,
2632 4420 2691 4465 ut
2717 4412 2808 4480 qui
2834 4420 2979 4466 esset
3000 4412 3264 4481 superstit
3286 4414 3436 4468 osius

154 4490 618 4559 δαιμονέστερον
648 4490 777 4556 περὶ
806 4488 867 4540 τὸ
899 4489 1033 4542 tam
1054 4488 1397 4557 διακείμενος
1438 4490 1621 4553 σέϐας,
1656 4491 1755 4579 τῂν

1864 4500 2087 4557 aﬂ'ectus
2145 4500 2201 4554 in
2254 4515 2405 4555 suam
2464 4501 2823 4572 religionem,
2866 4502 3139 4558 lacerabat
3192 4504 3432 4559 divinam

149 4599 217 4635 τε
256 4577 563 4647 θεοπρεπῆ
604 4577 694 4629 τοῦ
719 4577 877 4644 λόγου
914 4577 1131 4644 διέσυρε
1196 4578 1495 4647 σάρκωσιν,
1552 4582 1645 4636 καὶ
1692 4577 1761 4633 τὰ

152 4670 377 4724 τούτου
425 4667 573 4736 πάθη
611 4667 705 4721 καὶ
733 4666 968 4737 σταυρὸν
995 4669 1179 4733 αὐτὸν,
1214 4672 1308 4723 καὶ
1345 4672 1445 4724 ὅσα
1488 4673 1586 4741 τῆς
1625 4675 1759 4740 ἡμε-

148 4764 347 4827 τέρας
380 4759 639 4829 σύμϐολα
670 4759 980 4829 σωτηρίας,
1019 4761 1428 4830 προσκόμματα
1463 4761 1757 4815 σκανδάλου

148 4852 426 4915 ιτίθετο,
476 4850 570 4902 ἐπὶ
621 4850 833 4911 τούτοις
894 4853 987 4904 καὶ
1037 4851 1135 4921 τὴν
1174 4853 1283 4905 τῶν
1330 4854 1612 4922 στοιχείων
1671 4857 1762 4923 δη-

150 4942 490 5016 μιουργίαν
530 4942 900 5010 προύϐάλλετο
923 4983 937 5004 ,
975 4943 1049 5004 ὼς
1085 4946 1184 5012 μὲν
1230 4946 1412 5014 ἡδεῖαν
1446 4944 1608 4999 οὖσαν
1634 4987 1648 5011 ,
1685 4947 1759 5010 ὡς

143 5042 209 5095 δὲ
258 5039 614 5106 ἐπέραστον,
649 5038 741 5087 xxi.
772 5036 1083 5106 ἀνθρώποις
1109 5041 1188 5099 εἰς
1219 5039 1520 5091 ἀπόλαυσιν
1542 5040 1760 5107 προκεί-

147 5133 379 5202 μένην,
442 5128 539 5178 καὶ
589 5127 661 5189 ὡς
696 5127 817 5196 μηδ’
865 5130 930 5179 ἂν
978 5127 1203 5191 ἐθέλειν,
1266 5130 1401 5197 μηδὲ
1480 5131 1571 5181 τὸν
1619 5131 1760 5198 ἄγαν

146 5222 604 5295 τυφλώττοντα,
646 5219 744 5286 τῆς
771 5220 834 5270 ἐκ
864 5219 1075 5289 ταύτης
1104 5218 1394 5289 στέρεσθαι
1435 5220 1644 5287 ἡδονῆς,
1704 5221 1760 5273 ὀ

142 5322 206 5373 δὲ
248 5316 499 5387 μάρτυς
529 5306 616 5378 (ἦν
656 5312 765 5380 γὰρ
803 5309 899 5378 τῆς
944 5311 1177 5379 ἀληθοῦς
1220 5311 1413 5378 σοφίας
1449 5312 1758 5381 ἀνάπλεως)

146 5402 545 5472 ἀντιπαρῆγε
626 5402 733 5454 τῶν
811 5403 1021 5454 ἐκείνου
1080 5403 1219 5456 θεῶν
1272 5404 1333 5454 τὸ
1387 5403 1613 5463 ἀσθενὲς
1668 5407 1761 5456 καὶ

140 5488 522 5568 ἀνδράθηλυ,
555 5493 615 5545 τὸ
650 5494 785 5561 πρὸς
830 5494 1096 5563 ἀλλήλους
1128 5494 1368 5562 μάχιμόν
1397 5511 1455 5545 τε
1495 5495 1592 5545 καὶ
1630 5511 1758 5547 στα-

143 5589 401 5649 σιῶδες,
458 5586 555 5637 καὶ
602 5584 660 5637 τὸ
714 5589 1050 5651 σωματικοῖς
1117 5583 1549 5651 ὲγκαλινδείσθαι
1588 5586 1759 5655 παθή-

140 5700 325 5753 μασι.
374 5680 480 5730 καὶ
511 5678 572 5729 τὸ
602 5675 723 5745 μηδ’
750 5676 926 5728 ὁτιοῦν
960 5677 1066 5727 τῶν
1102 5676 1468 5745 παρηγμένων
1508 5677 1598 5741 ἀφ’
1633 5678 1761 5727 ἑαυ-

139 5774 245 5829 τοῦ
290 5774 415 5839 τὴν
454 5769 673 5831 γένεσιν
701 5768 846 5837 ἔχειν
883 5768 975 5818 καὶ
1023 5768 1258 5837 ἄναρχον
1310 5760 1471 5826 εἶναι,
1516 5767 1632 5817 ἀλλ’
1680 5768 1756 5830 εἰς

1863 4590 2023 4644 Verbi
2057 4591 2238 4644 carnis
2260 4593 2688 4660 susceptionem,
2718 4594 2941 4661 ejusque
2972 4593 3351 4661 perpessiones
3376 4604 3434 4649 et

1862 4682 2032 4751 ipsam
2077 4694 2315 4744 crucem,
2362 4690 2418 4734 et
2466 4696 2803 4751 quaecunque
2853 4692 2980 4738 sunt
3030 4685 3186 4754 signa
3229 4694 3431 4741 nostra:

1862 4770 2071 4831 salutis,
2097 4784 2158 4823 ea
2205 4770 2443 4826 scandali
2497 4772 2729 4825 ducebat
2777 4772 3125 4827 offensiones.
3157 4773 3285 4829 Post
3320 4775 3436 4831 hac

1866 4860 2172 4928 proferebat
2226 4861 2387 4913 etiam
2443 4860 2701 4913 fabricam
2753 4860 3165 4924 elementorum,
3207 4871 3265 4916 ut
3317 4877 3437 4932 quae

1861 4960 2005 5005 esset
2047 4950 2265 5019 quidem
2304 4951 2477 5007 dulcis
2512 4961 2565 5005 et
2614 4948 2881 5016 amabilis,
2913 4962 2968 5006 et
3020 4954 3087 5007 ad
3142 4952 3432 5008 fruendum

1863 5043 2136 5111 proposita
2176 5043 2506 5107 hominibus,
2544 5051 2598 5096 et
2634 5044 2774 5109 quod
2814 5044 2984 5097 nollet
3018 5060 3085 5098 ne
3120 5045 3275 5098 valde
3314 5046 3436 5115 qui-

1863 5134 1984 5186 dem
2032 5147 2225 5193 caecus,
2268 5150 2387 5201 quae
2434 5150 2500 5187 ex
2540 5150 2601 5189 ea
2652 5136 2845 5198 oritur,
2880 5136 3076 5203 privari
3132 5137 3432 5207 voluptate.

1863 5222 2060 5293 Martyr
2111 5236 2290 5278 autem
2346 5228 2482 5296 (erat
2526 5228 2668 5280 enim
2719 5242 2841 5281 vera
2886 5227 3082 5296 plenus
3135 5228 3431 5298 sapientia)

1863 5320 2046 5369 contra
2079 5317 2498 5371 all'erebatillius
2516 5318 2738 5373 deorum
2767 5320 3187 5373 imbecillitatem
3217 5331 3270 5374 et
3300 5320 3434 5375 οπε-

1864 5409 2236 5467 minationem,
2273 5424 2391 5480 quae
2436 5412 2578 5464 inter
2600 5428 2657 5466 se
2689 5413 2919 5465 invicem
2960 5412 3196 5473 luerunt,
3225 5428 3433 5483 pugnas

1863 5508 1915 5550 et
1950 5498 2266 5559 seditiones,
2302 5510 2353 5554 et
2382 5502 2523 5569 quod
2566 5503 2936 5555 volutarcntnr
2986 5504 3037 5555 in
3069 5504 3311 5571 corporis
3347 5505 3427 5557 al"-

1866 5588 2225 5653 l'ectioaibus;
2269 5605 2322 5643 et
2368 5593 2508 5659 quod
2556 5593 2693 5645 nihil
2734 5607 2923 5645 eorum
2950 5635 2963 5656 ,
2999 5609 3118 5662 qua:
3168 5595 3429 5663 producta

1860 5689 2008 5739 sunt,
2046 5698 2108 5733 ex
2141 5698 2197 5735 se
2227 5695 2403 5735 ortum
2436 5685 2648 5740 habeat.
2680 5694 2733 5737 et
2773 5685 2844 5738 sit
2873 5685 2989 5738 sine
3025 5684 3312 5754 principio,
3331 5684 3429 5740 sed

1863 5771 2042 5823 statim
2085 5773 2351 5827 referatur
2386 5776 2449 5827 ad
2484 5776 2712 5842 primam
2753 5786 2802 5831 et
2831 5776 3149 5832 elIicientem
3175 5790 3425 5844 causam,
