4178 6316
782 332 914 397 1059

2047 334 2325 396 MENSIS
2363 336 2729 399 OCTOBER.

3871 338 4007 400 10ϋο

777 452 832 494 et
875 443 1334 512 omnipotentem;
1364 437 1419 499 et
1454 445 1598 513 quod
1651 442 1744 513 qui
1801 443 1912 499 hac
1964 445 2243 514 relinquit,
2277 449 2345 515 ad

2448 450 2630 502 αἰτίαν
2660 449 2883 519 πρώτην
2915 449 3206 518 ποιητικήν
3234 466 3291 501 τε
3323 449 3415 501 καὶ
3440 448 3854 517 παντοδύναμον
3877 450 4006 502 ἀναρ

776 544 963 582 eorum
997 532 1190 587 transit
1215 534 1486 602 opificem,
1515 549 1727 599 eorum,
1772 549 1889 603 qua:
1932 534 2105 589 ﬂuunt
2140 545 2195 589 et
2233 553 2341 590 non

777 628 943 681 stant,
983 620 1367 676 habitationem
1400 634 1661 693 perpetua
1696 634 1751 677 et
1778 624 1956 678 stabili
1991 626 2338 693 habitatione,

776 712 1164 781 ineﬂ'abilique,
1195 724 1249 769 et
1292 730 1411 784 quae
1459 731 1567 769 non
1613 718 1827 780 desinit,
1862 718 2137 787 voluptate
2190 736 2341 775 com-

775 814 1015 858 mutans.
1057 805 1151 858 His
1196 807 1338 859 veris
1384 808 1632 875 martyris
1688 810 1866 863 verbis
1910 820 2168 880 tyrannus
2203 822 2342 866 atto-

777 896 948 959 nitus,
985 906 1039 951 et
1068 898 1131 949 ad
1166 897 1297 951 iram
1331 914 1395 951 ac
1443 898 1679 953 furorem
1726 916 1987 955 accensus
2039 905 2346 957 intolerabi-

776 988 904 1049 lem,
948 990 1209 1057 processit
1250 991 1471 1042 omnino
1513 992 1576 1045 ad
1626 1007 1790 1047 omne
1833 1010 2003 1062 genus
2049 1004 2342 1058 tormenta,

778 1077 1087 1146 lectumque
1116 1079 1348 1132 ferreum
1375 1081 1619 1148 protinus
1640 1082 1791 1152 jubet
1824 1084 2067 1139 accendi.
2099 1084 2343 1149 Quicum

779 1169 971 1225 fuisset
995 1186 1274 1233 accensus,
1297 1172 1449 1240 jubet
1481 1174 1532 1226 in
1557 1189 1623 1226 eo
1652 1176 1867 1227 extendi
1911 1179 2215 1245 martyrem.
2251 1179 2343 1233 Ille

779 1271 958 1315 autem
995 1278 1116 1338 cum
1154 1264 1307 1332 signo
1352 1265 1531 1318 crucis
1566 1280 1621 1317 se
1653 1267 1937 1324 munisset.
1979 1279 2089 1320 toto
2118 1285 2344 1338 corpore

779 1351 881 1406 fuit
910 1364 1188 1408 extensus.
1228 1354 1295 1406 Et
1322 1355 1524 1418 statim,
1556 1370 1679 1408 cum
1728 1372 1917 1409 carnes
1953 1360 2166 1425 quidem
2209 1362 2346 1429 igni-

778 1450 890 1495 tum
939 1444 1138 1496 ferrum
1183 1446 1510 1513 attigiSSent.
1546 1447 2026 1509 consumebantur,
2060 1458 2111 1502 et
2153 1452 2345 1504 dissol-

778 1533 1067 1597 vebantur,
1106 1544 1157 1586 et
1203 1534 1252 1585 in
1292 1536 1519 1599 saniem,
1560 1536 1848 1604 ulceraque
1898 1548 1950 1591 ct
1986 1540 2201 1593 vulnera
2230 1559 2347 1596 mu-

780 1626 1055 1680 tabantur.
1090 1626 1227 1689 Quin
1263 1627 1422 1681 etiam
1458 1630 1716 1682 nonnulla
1749 1632 1986 1684 membra
2024 1632 2074 1683 in
2109 1636 2343 1689 cinerem

777 1732 1063 1781 conversa,
1097 1720 1413 1788 praebebant
1441 1720 1725 1774 videndam
1762 1723 1959 1773 nudam
1992 1725 2192 1777 ossium
2221 1742 2345 1778 con-

774 1808 1134 1875 junctionem.
1184 1812 1300 1873 Ipse
1346 1825 1472 1863 vero
1523 1821 1792 1864 tor-menta
1843 1813 2054 1865 fortiter
2091 1815 2343 1881 tolerans,

779 1908 1030 1968 tanquam
1058 1903 1107 1954 in
1143 1902 1291 1955 mulli
1316 1902 1546 1971 quodam
1572 1912 1744 1954 strato
1778 1905 2115 1967 recumbens,
2146 1907 2191 1959 ei
2220 1923 2345 1975 age-

779 1990 871 2044 bat
901 1996 1117 2060 gratias,
1147 2011 1243 2063 pro
1266 2010 1371 2061 quo
1405 1994 1519 2046 haec
1552 1994 1873 2048 sustinebat.

2448 541 2738 611 φέρεσθαι,
2775 543 2868 595 καὶ
2897 542 2972 603 ὡς
3001 543 3029 594 ὁ
3052 541 3227 593 ταῦτα
3264 541 3715 609 καταλιμπάνων,
3754 540 3895 610 πρὸς
3915 540 4007 594 τὸν

2442 632 2778 702 δημιουργὸν
2810 632 3019 684 τούτων
3048 634 3370 700 μεταφοιτᾷ,
3394 631 3501 683 τῶν
3530 633 3769 702 ῥεόντων
3799 633 3895 685 καὶ
3930 632 4004 699 μὴ

2443 722 2714 786 ἑστώτων,
2755 722 2853 791 τὴν
2891 723 3110 792 διηνεκῆ
3141 722 3236 773 καὶ
3287 723 3511 790 μόνιμον
3552 722 3862 785 κατοικίαν,
3915 723 4008 773 καὶ

2443 811 2543 879 τὴν
2597 813 2807 863 ἐκεῖθεν
2857 812 3135 879 ἅφραστόν
3168 830 3226 864 τε
3259 813 3353 865 καὶ
3397 812 3758 880 ἀτελεύτητον
3789 811 4004 880 ήεονὴν,

2443 902 2861 970 ἀλλαττόμενον.
2895 901 3120 964 Τούτοις
3144 906 3252 963 τοῖς
3280 902 3505 962 ἀληθέσι
3530 902 3711 968 λόγοις
3746 902 4007 971 τοῦ’μάρ-

2444 1009 2605 1060 τυρος
2644 996 2669 1044 ὁ
2698 993 2961 1062 τύραννος
2999 994 3463 1063 καταϐροντηθεὶς
3490 1036 3504 1059 ,
3539 994 3803 1063 καὶπρὸς
3840 994 4009 1063 ὀργὴν

2447 1086 2537 1136 καὶ
2576 1086 2775 1151 μανίαν
2820 1088 3051 1156 ἄσχετον
3099 1086 3354 1153 ὲξαιρθεὶς
3378 1125 3392 1148 ,
3442 1086 3578 1153 πρὸς
3612 1087 3673 1138 τὸ
3712 1087 3823 1137 τῶν
3855 1088 4010 1140 κολα·

2448 1179 2686 1248 στηρίων
2722 1181 2841 1241 ὅλος
2876 1182 3069 1249 ἐχώρει
3104 1182 3475 1244 παντοδαπὸν,
3511 1183 3607 1234 καὶ
3648 1182 3839 1250 κλίνην
3864 1183 4010 1251 σιδη-

2450 1272 2546 1335 ρᾶν
2582 1272 2779 1323 αὐτίκα
2807 1272 3017 1324 κελεύει
3044 1272 3371 1340 πυροῦσθαι,
3416 1268 3483 1343 ἦς
3507 1275 3600 1324 καὶ
3630 1272 4010 1342 πυρακτωθεί-

2449 1377 2567 1426 σης,
2605 1362 2996 1427 ἐφαπλωθῆναι
3028 1365 3201 1435 ταύτῃ
3241 1366 3570 1434 προστάττει
3599 1365 3691 1415 τὸν
3731 1367 4009 1434 μάρτυρα.

2459 1454 2516 1505 Ὀ
2540 1453 2593 1504 δὲ
2633 1456 2709 1522 τῷ
2741 1456 2953 1523 σημείῳ
2998 1456 3091 1506 τοῦ
3139 1459 3377 1526 σταυροῦ
3423 1458 4008 1525 διασφραγισαμενος,

2448 1546 2742 1615 ἔφηπλώοη
2769 1547 2874 1615 ὅλῳ
2908 1548 2985 1617 τῷ
3012 1549 3244 1616 σώματι,
3277 1552 3370 1602 καὶ
3404 1552 3562 1613 εὐθὺς
3594 1553 3648 1602 αἱ
3680 1550 3779 1621 μὲν
3810 1550 4010 1617 σάρκες

2449 1637 2875 1705 προσψαύσασαι
2908 1640 2983 1705 τῷ
3016 1642 3173 1709 πυρὶ,
3194 1639 3509 1691 δαπανῶντό
3531 1658 3587 1692 τε
3612 1642 3705 1693 καὶ
3739 1640 4013 1692 διελύοντο

2450 1731 2541 1780 καὶ
2587 1733 2666 1792 είς
2727 1732 2929 1801 ίχῶρεις
2979 1735 3071 1786 καὶ
3108 1734 3244 1802 ’ἐλκη
3278 1734 3371 1785 καὶ
3417 1733 3709 1801 τραύματα
3749 1731 4016 1802 μετεδάλρ

2451 1821 2603 1874 λοντο
2628 1840 2641 1852 '
2678 1823 2794 1874 ἔστι
2816 1826 2870 1875 δὲ
2895 1825 2929 1876 ἃ.
2962 1826 3069 1875 τῶν
3099 1825 3299 1893 μελῶν,
3325 1827 3418 1878 καὶ
3444 1826 3578 1894 πρὸς
3605 1828 3816 1894 τέφραν
3853 1840 4014 1891 μεταο

2454 1913 2774 1979 ποιούμενα,
2838 1914 3001 1985 ψιλὴν
3039 1919 3268 1984 παρεῖχε
3314 1917 3413 1985 τὴν
3459 1917 3570 1968 τῶν
3615 1917 3824 1967 ὀστέων
3882 1914 4014 1983 ὁρᾷν

2456 2004 2752 2071 συνάφειαν
2783 2023 2794 2035 ·
2825 2008 2985 2070 αὐτὸς
3036 2007 3093 2058 δὲ
3149 2009 3265 2068 ταῖς
3323 2008 3579 2074 βασάνοις
3636 2007 4014 2077 ἐγκαρτερῶν,

778 2084 854 2147 ὡς
893 2085 985 2136 ἐπί
1030 2102 1172 2148 τινος
1221 2086 1435 2155 ἁπαλῆς
1470 2089 1755 2157 στρωμνῆς
1795 2090 2189 2156 κατακείμενος
2218 2095 2657 2165 εὐχαριστηρίοις
2687 2101 2776 2151 τὸν
2819 2102 2950 2171 ὑπὲρ
2981 2095 3044 2154 οὗ
3090 2100 3262 2155 ταῦτα
3306 2102 3564 2171 ὑπέμενε,
3602 2104 3815 2171 φωναῖς
3850 2101 4013 2168 ἡμεί-

779 2173 927 2228 δετο.

852 2271 939 2327 Vl.
968 2273 1101 2330 Cum
1140 2289 1321 2333 autem
1367 2289 1656 2348 martyrem
1697 2280 1843 2334 nulla
1874 2290 2092 2355 caperet
2126 2285 2348 2339 satietas

776 2381 986 2430 earum,
1022 2385 1155 2436 quas
1185 2389 1283 2440 pro
1312 2373 1533 2427 Christo
1566 2376 1871 2429 sustinebat
1916 2379 2346 2445 perpessionum,

776 2456 872 2511 sed
921 2459 1036 2512 zelo
1078 2460 1197 2514 fidei
1249 2462 1427 2517 adhuc
1478 2465 1645 2531 magis
1693 2465 2032 2528 incitaretur,
2071 2484 2176 2521 non
2228 2484 2346 2523 esse

777 2550 1114 2605 tolerandum
1170 2555 1491 2618 arbitratus,
1524 2571 1712 2609 verum
1764 2557 1980 2624 quidem
2028 2558 2191 2611 Deum
2228 2562 2347 2614 uni-

779 2641 920 2693 versi
960 2642 1193 2703 irrideri,
1228 2644 1515 2697 vanitatem
1545 2657 1724 2698 autem
1771 2646 2152 2704 imbecillitatis
2176 2652 2344 2705 simu-

778 2733 1046 2785 lacrorum
1083 2735 1149 2787 ab
1200 2735 1283 2798 iis,
1321 2736 1411 2804 qui
1459 2745 1588 2791 tunc
1627 2737 1961 2794 dominatum
2005 2742 2345 2805 obtinebant,

779 2820 1041 2875 celebrari
1094 2823 1367 2889 laudibus,
1394 2834 1447 2878 et
1489 2828 1810 2896 utagnii‘teri,
1836 2846 2157 2899 generosum
2187 2835 2347 2902 quid-

780 2911 901 2965 dam
949 2921 1004 2965 et
1047 2912 1281 2980 juvenile
1321 2919 1612 2986 cXCOgitat,
1644 2921 1973 2989 dignumque
2017 2926 2131 2991 ejus
2180 2927 2345 2976 animi

778 3004 1174 3073 magnitudine.
1208 3005 1337 3060 Nam
1367 3024 1488 3061 cum
1524 3010 1704 3063 verbis
1735 3012 2041 3065 simulasset
2076 3030 2132 3067 se
2161 3031 2345 3069 assen—

2527 2289 2616 2356 ς’.
2670 2293 2829 2345 Ἐπεὶ
2869 2295 2922 2345 δὲ
2952 2295 3115 2363 κόρος
3142 2294 3315 2356 οὐδετς
3341 2293 3418 2359 τῷ
3459 2293 3693 2361 μάρτυρι
3726 2292 3839 2343 τῶν
3876 2290 4016 2361 ὑπὲρ

2452 2382 2694 2451 Χριστοῦ
2736 2384 3110 2453 παθημάτων,
3172 2386 3306 2437 ἀλλὰ
3345 2403 3422 2452 τῳ
3462 2385 3607 2453 ζήλῳ
3634 2385 3739 2452 τῆς
3776 2385 4016 2451 πίστεως

2451 2473 2542 2523 ἐπὶ
2590 2474 2790 2541 μᾶλλον
2840 2476 3201 2543 διηρεθίζετο,
3250 2478 3348 2528 οὐκ
3392 2476 3615 2527 ἀνεκτὸν
3664 2475 4016 2543 ἡγησάμενος

2450 2562 2539 2613 τὸν
2578 2563 2677 2630 μὲν
2700 2565 2872 2634 ἀληθῆ
2905 2566 3036 2618 Θεὸν
3068 2567 3160 2618 τοῦ
3205 2567 3408 2629 παντὸς
3437 2565 3919 2635 διαχλευάζεσθαι,
3961 2565 4017 2616 τὸ

2446 2653 2501 2705 δὲ
2536 2654 2763 2722 μάταιον
2792 2658 2888 2722 τῆς
2919 2657 3203 2725 είδωλικῆς
3235 2658 3521 2717 ἀσθενείας
3568 2657 3717 2724 παρὰ
3746 2656 3858 2706 τῶν
3898 2657 4013 2707 τότε

2449 2748 2798 2814 κρατούντων
2830 2749 3175 2816 ὲξυμνείσθαι
3204 2750 3297 2800 καὶ
3320 2747 3740 2817 μεγαλύνεσθαι,
3764 2746 4015 2813 γενναῖόν

2449 2852 2499 2885 τι
2534 2838 2628 2888 καὶ
2674 2839 2921 2890 νεανικὸν
2953 2841 3159 2902 ὲννοεί,
3196 2841 3413 2907 καὶτῆς
3449 2840 3609 2891 αὑτοῦ
3652 2838 4016 2906 μεγαλονοίας

2451 2928 2621 2990 ἄξιον.
2656 2930 2811 2998 Λόγῳ
2841 2931 2947 2999 γάρ
2975 2931 3426 2999 ὑποκρινάμενος,
3451 2930 3547 2999 τὴν
3570 2930 3707 2997 πρὸς
3720 2928 3793 2979 τά
3821 2928 4016 2979 εἴδωλα

2456 3024 2883 3087 συγκατάθεσιν,
2919 3025 3011 3075 καὶ
3054 3021 3227 3093 ταύτῇ
3270 3023 3571 3091 φενακίσας
3599 3022 3691 3073 τὸν
3724 3021 4011 3088 τύραννον,

782 3098 868 3151 tiri
897 3100 1220 3163 simulacris,
1246 3112 1300 3155 et
1321 3117 1384 3155 ea
1408 3103 1617 3157 ratione
1640 3104 1819 3159 fucum
1844 3107 2063 3162 fecisset
2097 3117 2340 3178 tyranno,

2453 3114 2592 3180 μετά
2619 3130 2765 3175 τινος
2801 3115 3025 3182 πομπῆς
3051 3116 3145 3167 καὶ
3166 3115 3489 3182 δορυφορίας
3525 3114 3601 3173 είς
3632 3114 3723 3163 τῖν
3755 3113 3881 3162 ναὲιν
3912 3111 4015 3162 τῶν

781 3204 905 3243 cum
939 3193 1168 3258 quadam
1215 3209 1406 3262 pompa
1456 3210 1484 3247 a
1520 3196 1701 3249 multis
1741 3198 1969 3265 sripatus
2001 3202 2341 3263 satellitibus,

781 3282 932 3335 venit
988 3283 1042 3337 in
1096 3284 1353 3354 templum
1394 3285 1683 3349 idolorum.
1721 3289 1914 3357 partim
1953 3291 2171 3360 quidem
2221 3308 2344 3360 pro-

782 3382 904 3440 pter
939 3376 1277 3441 repentiuam
1326 3378 1577 3446 martyris
1621 3382 1976 3435 mutationem
2013 3385 2076 3436 iis
2119 3385 2345 3438 laetanti-

782 3466 904 3529 bus,
938 3467 1028 3533 qui
1066 3476 1219 3519 erant
1249 3469 1379 3521 socii
1417 3470 1733 3537 impietatis,
1766 3474 1960 3539 partim
2008 3484 2186 3526 autem
2231 3490 2346 3526 om—

784 3554 918 3607 nino
935 3557 1443 3624 exspectantibusid
1469 3561 1611 3628 quod
1644 3573 1761 3614 erat
1784 3574 2127 3617 eventurum.
2153 3564 2346 3632 Hartyr

784 3660 963 3701 autem
991 3650 1149 3702 .valde
1179 3652 1436 3705 misertus
1465 3654 1791 3721 insipientia:
1820 3671 2003 3708 eorum
2036 3657 2123 3721 qui
2155 3661 2343 3712 adora-

786 3737 938 3800 bant,
973 3738 1041 3791 ad
1096 3755 1255 3792 unam
1304 3742 1564 3811 insignem
1612 3744 1898 3813 imaginem
1945 3747 2010 3797 ad
2071 3749 2343 3802 dexteram

787 3830 1039 3897 positam,
1071 3845 1237 3897 prope
1272 3834 1553 3897 accedens,
1593 3849 1713 3888 cum
1746 3846 1889 3889 esset
1920 3854 2046 3889 usus
2077 3840 2201 3893 solis
2225 3856 2348 3908 pre-

786 3921 959 3985 cibus,
988 3929 1041 3974 ct
1071 3922 1271 3984 verbis,
1305 3940 1425 3977 cum
1458 3929 1778 3980 auctoritate
1810 3930 2177 3997 itnperit,eam
2202 3934 2345 3985 humi

790 4012 1035 4078 protinus
1074 4013 1268 4081 dejecit
1308 4024 1362 4068 et
1409 4016 1463 4066 iit
1507 4016 1781 4081 pulverem
1826 4020 2159 4069 comminuit.
2198 4020 2351 4083 Quod

787 4103 1003 4171 quidem
1037 4119 1158 4157 cum
1196 4106 1420 4159 vidisset
1450 4109 1697 4175 populus,
1730 4109 1821 4175 qui
1855 4111 2063 4174 aderat,
2089 4121 2144 4163 et
2188 4111 2353 4165 itnbe-

790 4196 1066 4249 cillitatem
1111 4211 1321 4261 eorum,
1370 4213 1488 4266 quae
1536 4200 1921 4263 adorabantur,
1957 4202 2116 4254 simul
2157 4219 2354 4272 cogno-

793 4289 1001 4343 vissent
1041 4297 1094 4341 et
1136 4290 1613 4349 condemnassent.
1638 4293 1916 4358 deponunt
1969 4295 2213 4359 protinus
2262 4296 2357 4348 de-

788 4381 1136 4449 ceptionetn,
1212 4389 1268 4433 et
1345 4382 1747 4449 amplectuntur
1822 4385 2115 4452 pietatem,
2183 4387 2347 4439 Deum

2450 3205 2683 3255 εἰδώλων
2735 3205 2983 3273 ἀφίκετο,
3018 3199 3090 3254 ὧν
3119 3206 3219 3271 μὲν
3246 3206 3343 3271 τὴν
3369 3203 3570 3269 ἁθρόαν
3600 3202 3695 3253 τοῦ
3734 3204 4015 3271 μάρτυρος

2454 3294 2777 3364 μεταϐολὴν,
2812 3298 2870 3347 ἐν
2895 3297 3054 3365 ἡδονῇ
3086 3294 3409 3363 τιθεμένων,
3438 3295 3553 3344 ὅσοι
3588 3292 3880 3360 σύμμαχοι
3920 3292 4014 3357 τῆς

2448 3388 2704 3449 ἁσεόείας
2762 3388 3083 3455 ἐτύγχανον,
3138 3382 3211 3437 ὧν
3259 3387 3312 3436 δὲ
3364 3387 3582 3445 πάντως
3644 3380 4017 3451 καραδοκούνο

2447 3497 2552 3530 των
2593 3481 2644 3529 τί
2681 3480 2737 3528 τὸ
2765 3479 3196 3545 ἀποϐησόμενον.
3242 3477 3299 3527 Ὀ
3330 3476 3383 3527 δὲ
3420 3477 3628 3543 μάρτυς
3666 3476 3843 3525 πολλα
3898 3474 4016 3531 τοὺς

2451 3569 2891 3639 προσκυνοῦντας
2946 3569 3326 3639 κατοικτείρας
3383 3570 3482 3635 τῆς
3540 3565 3887 3631 ἀφροσύνης,
3943 3566 4018 3613 ἑνὶ

2449 3666 2556 3717 τῶν
2614 3664 2895 3730 ἐπιφανῶν
2942 3665 3273 3730 ἀγαλμάτων
3326 3663 3391 3728 τῇ
3446 3658 3595 3727 δεξιᾷ
3643 3657 4014 3725 προσεγγίσας

2451 3758 2580 3825 εὐχῇ
2613 3774 2669 3806 τε
2703 3757 2837 3825 μόνῃ
2877 3757 3256 3823 χρησάμενος,
3298 3754 3392 3804 καὶ
3423 3752 3566 3819 λόγῳ
3615 3752 3716 3802 σὺν
3759 3750 4012 3817 αὖθεντία

2453 3850 2871 3917 προστάγματος
2894 3889 2907 3909 ,
2955 3851 3035 3910 είς
3066 3849 3166 3915 γῆν
3202 3846 3356 3908 εὐθὺς
3400 3844 3745 3913 κατηδάφισε
3809 3843 3907 3893 καὶ
3942 3842 4016 3901 εἰς

2452 3940 2600 3989 κόνιν
2633 3938 2949 3990 ἑλέπτυνεν.
2983 3937 3161 4005 Ὀπερ
3202 3940 3228 3987 ὁ
3279 3932 3567 3998 παρεστὼς
3611 3934 3790 3999 δῆμος
3825 3932 4016 3983 θεασά-

2456 4048 2630 4100 μενοι,
2674 4032 2773 4099 τὴν
2826 4030 3117 4081 ἀσθένειαν
3168 4026 3273 4076 τῶν
3327 4026 3881 4093 προσκυνουμένων,
3932 4024 4018 4072 καὶ

2455 4122 2671 4188 γνόντες
2736 4124 2850 4191 ἃμα
2899 4122 2991 4172 καὶ
3023 4118 3407 4183 καταγνόντες,
3446 4117 3545 4183 τὴν
3590 4116 3820 4178 ἀπάτην
3867 4112 4021 4173 εὐθὺς

2457 4210 2828 4271 ἀποτίθενται,
2871 4211 2967 4261 καὶ
3008 4210 3104 4277 τὴν
3138 4208 3419 4259 εὐσέϐειαν
3464 4205 3854 4269 ἁσπάζοντες,
3896 4204 4020 4255 Θεὸν

2455 4302 2675 4352 δυνατὸν
2714 4305 2804 4352 καὶ
2846 4302 3003 4368 μόνον
3037 4303 3529 4368 ἀνακηρυσσοντες,
3578 4298 3639 4351 ὂν
3686 4298 4016 4364 ἀγνοοῦντες

2460 4391 2652 4461 πρώην
2687 4393 3121 4463 ἐξεμυκτήριζον
3206 4395 3299 4444 καὶ
3332 4394 3545 4456 γίνεται
3593 4394 3895 4459 παραίτιος
3935 4390 4020 4442 αὑ·

791 4479 1107 4537 potentetn,
1154 4476 1210 4522 et
1259 4469 1431 4521 solum
1493 4471 1881 4538 praedicantes.
1944 4487 2105 4538 quem
2176 4488 2345 4538 nuper

2457 4488 2569 4546 τοῖς
2626 4488 2900 4554 σωτηρίας
2957 4490 2984 4536 6
3042 4488 3277 4554 μάρτυς,
3328 4479 3410 4546 οἷς
3459 4484 3731 4553 πρότερον
3786 4485 4020 4549 ἀνοήτως

792 4563 1124 4631 ignorantes,
1170 4561 1444 4615 habebant
1491 4559 1745 4617 ludibrio.
1789 4560 1981 4629 Fitque
2029 4563 2108 4616 eis
2158 4574 2354 4634 martyr

791 4668 957 4705 causa
1002 4654 1211 4711 salutis.
1255 4668 1282 4705 a
1324 4655 1549 4719 quibus,
1583 4670 1703 4707 cum
1758 4654 1907 4723 prius
1946 4655 2095 4708 stulti
2148 4666 2349 4720 essent,

793 4761 969 4814 praeco
1000 4761 1121 4799 esse
1153 4745 1395 4799 stultitia:
1429 4746 1737 4813 putabatur.

863 4837 976 4891 VII.
1009 4837 1131 4891 Haec
1156 4854 1277 4890 cum
1311 4847 1493 4892 essent
1536 4837 1747 4906 praesidi
1794 4837 1885 4891 irre
1920 4839 2143 4890 materia
2179 4848 2231 4891 ut
2262 4854 2355 4893 oc—

796 4930 960 4993 casio,
995 4930 1139 4983 aliud
1166 4931 1295 4997 quid
1336 4931 1459 4983 novi
1496 4930 1757 4990 incidens,
1798 4931 1965 4999 magis
2014 4932 2354 4985 conturbavit

795 5031 849 5076 et
873 5021 936 5074 ad
973 5021 1105 5073 iram
1135 5020 1425 5073 concitavit
1464 5020 1881 5074 intolerandam.
1919 5020 2174 5084 Quaedam
2209 5022 2350 5074 enim

796 5110 1224 5172 adulescentula,
1256 5126 1374 5178 qua:
1407 5128 1581 5179 nuper
1611 5127 1673 5165 ex
1712 5112 2068 5180 virginalibus
2102 5112 2351 5165 thalamis

798 5212 1131 5272 processerat
1161 5211 1214 5255 et
1240 5218 1369 5255 ausa
1408 5209 1524 5255 erat
1565 5204 1748 5253 venire
1789 5204 1839 5253 in
1882 5213 2229 5269 conspectuin
2273 5204 2350 5256 vi-

798 5309 1005 5355 rorum,
1036 5308 1155 5345 cum
1176 5307 1231 5345 se
1259 5293 1633 5346 admiscuisset
1660 5293 1985 5346 multitudini
2011 5304 2064 5345 et
2092 5292 2350 5347 athletam

802 5383 1017 5437 fratrem
1058 5400 1176 5439 esse
1211 5387 1534 5453 agnovisset,
1567 5386 1830 5439 accedens
1866 5387 1917 5437 in
1946 5386 2180 5437 tttediunt
2208 5386 2355 5437 thea-

800 5482 968 5534 trum,
1001 5489 1119 5525 eum
1139 5472 1440 5541 complexa.
1475 5473 1652 5527 statim
1680 5476 1902 5526 docebat
1932 5475 2083 5541 signa
2122 5476 2350 5541 generis,

800 5578 857 5616 se
898 5564 1115 5617 eosdem
1151 5565 1395 5621 videlicet
1446 5580 1605 5619 nosse
1656 5575 1937 5632 parentes,
1969 5568 2156 5617 eodem
2202 5577 2353 5618 utero

799 5670 921 5709 esse
948 5658 1141 5717 editos,
1163 5669 1225 5708 ac
1269 5655 1453 5711 eadem
1486 5656 1691 5709 suxisse
1739 5654 1921 5709 ubera.
1961 5654 2164 5710 Deinde
2196 5673 2351 5711 revo-

804 5748 959 5802 cabat
990 5750 1043 5803 in
1093 5758 1329 5804 mentem
1373 5757 1656 5816 parentum
1700 5749 2151 5814 benevolentiam,
2187 5764 2238 5804 et
2265 5767 2355 5805 co-

2456 4575 2639 4644 ἔχουσι
2665 4616 2679 4642 ,
2712 4578 2805 4629 καὶ
2849 4578 3022 4646 κῆρυξ
3067 4571 3208 4630 εἶναι
3255 4577 3504 4646 μωρίας,
3550 4576 3627 4634 ὡς
3663 4577 3881 4643 μωροῖς
3918 4576 4021 4625 ἑνο-

2457 4686 2662 4738 μιεετο.

2527 4834 2599 4885 Ζ¹.
2644 4830 2829 4883 Ταῦτα
2862 4831 2953 4883 τοῦ
2998 4830 3264 4897 ἡγεμόνος
3295 4828 3430 4897 ὀργῇ
3463 4825 3597 4894 ὓλην
3632 4827 3729 4879 καὶ
3772 4827 4018 4894 ἀφορμὴν

2458 4925 2805 4991 ποιουμένου,
2853 4923 3040 4991 ἕτερόν
3089 4939 3140 4973 τι
3176 4920 3360 4971 καινὸν
3390 4921 3658 4989 ἐμπεσὸν,
3692 4919 3932 4988 ἐτάραξέ
3968 4933 4017 4969 τι

2456 5019 2549 5069 καὶ
2587 5020 2721 5081 προς
2756 5015 2924 5084 ὀργὴν
2951 5014 3213 5083 ἐξέμηνεν
3245 5013 3639 5077 ἀκατάσχετον.
3682 5009 3889 5073 Νεᾶνις
3922 5012 4018 5077 γὰρ

2454 5110 2581 5176 ἄρτι
2618 5109 2725 5159 τῶν
2773 5108 3121 5176 παρθενικῶν
3166 5104 3536 5168 ὑπεξελθοῦσα
3592 5100 3887 5171 θαλάμων,
3936 5109 4018 5155 καὶ

2454 5200 2699 5268 ἀρρένων
2726 5198 3193 5266 καταθαρῤήσασα
3227 5195 3423 5263 ὅψεως.
3459 5192 3536 5259 τῷ
3577 5188 3781 5259 πλήθει
3829 5194 4017 5255 ἑαυτὴν

2458 5291 2796 5355 ἀναμίξασα,
2845 5294 2940 5341 καὶ
2971 5289 3199 5355 ἀδελφὸν
3231 5282 3370 5338 εἶναι
3402 5285 3492 5337 τὸν
3536 5284 3785 5355 ἀθλητὴν
3837 5284 4018 5348 ὥσπερ

2456 5383 2793 5450 γνωρίσασα,
2826 5383 2989 5449 μέσον
3010 5380 3102 5429 τοῦ
3133 5379 3362 5444 θεάτρου
3394 5375 3769 5441 παρελθοῦσα,
3804 5376 3905 5427 καὶ
3951 5372 4017 5425 τὼ

2455 5478 2605 5545 χεῖρε
2663 5475 2852 5526 τοῦτον
2906 5470 3299 5539 περιϐαλοῦσα,
3360 5469 3521 5531 εὐθὺς
3569 5468 3641 5519 τὰ
3681 5466 3780 5519 τοῦ
3834 5472 4017 5531 γένους

2456 5569 2777 5621 ἀνεδίδασκε
2812 5565 3080 5634 σύμϐολα,
3136 5563 3196 5614 τὸ
3225 5563 3352 5624 τοὺς
3386 5563 3583 5621 αὐτοὺς
3621 5559 3822 5610 εἰδέναι
3856 5563 4016 5612 πατέ-

2459 5678 2577 5729 ρας,
2610 5661 2667 5711 τὸ
2701 5662 2829 5726 μιᾶς
2854 5657 3086 5727 γαστρὸς
3116 5656 3418 5725 προελθεῖν,
3457 5655 3513 5703 τὸ
3542 5653 3669 5713 τοὺς
3696 5653 3898 5714 αὐτοὺς
3938 5654 4018 5715 θη.

2456 5753 2617 5805 λάσαι
2655 5751 2913 5820 μαστούς.
2961 5744 3090 5803 Εἶτα
3136 5749 3338 5816 γονέων
3389 5744 3781 5815 φιλοστοργίας
3827 5742 4015 5812 ἀνεμί-
