4178 6316
215 358 342 422 1061

994 358 1460 418 MARTYRIUM
1504 358 1604 418 SS.
1665 359 2030 418 EULAMPII
2095 359 2190 418 ΕΤ
2232 359 2659 421 EULAMPMZ.

3297 358 3434 423 1062

215 488 442 542 μνησκε,
473 467 827 536 συνοικισμοῦ
856 483 914 520 τε
936 468 1029 519 καί
1058 466 1373 529 συναυλίας,
1400 468 1493 519 καὶ
1512 466 1770 519 τοιούτων
1797 470 1827 527 Α

1885 469 2283 530 habitationem,
2317 478 2369 522 et
2390 469 2702 537 hujusmodi
2740 467 2841 522 alia
2874 470 3046 540 signa,
3078 478 3131 523 et
3162 479 3438 540 postremo

210 566 381 618 ἄλλων
421 563 707 632 συμϐόλων
733 577 744 590 ·
777 562 871 614 καὶ
906 560 1060 622 τέλος
1095 561 1191 629 τῆς
1235 560 1404 627 αὐτῆς
1434 557 1641 610 ἐθέλειν
1670 557 1765 609 καὶ

211 659 440 718 πίστεως
464 656 617 722 έλεγε
652 655 745 706 καὶ
784 652 875 705 τοῦ
910 652 1252 720 σεϐάσματος
1284 652 1609 719 μετασχεῖν,
1673 650 1767 701 καὶ

211 751 318 802 τῶν
382 748 561 800 αὐτῶν
617 744 945 812 κοινωνῆσαι
1002 742 1078 812 τῷ
1126 740 1339 809 ἀδελφῷ
1403 739 1765 809 παθημάτων.

213 840 396 894 Ταῦτα
429 840 627 903 τοίνυν,
672 838 760 888 τὸν
796 838 892 903 μὲν
919 835 1295 902 κακοδαίμονα
1331 833 1598 902 τύραννον
1628 834 1769 884 ἁπο-

218 935 333 1003 ρίας
370 932 633 1000 ἐπλήρου,
670 930 793 991 τοὺς
825 928 879 979 δὲ
916 927 1115 987 θεατὰς
1138 926 1246 977 τῶν
1302 925 1597 993 δρωμένων
1640 941 1769 993 μετ-

216 1026 457 1077 εκαλεῖτο
489 1024 621 1091 πρὸς
649 1022 747 1089 τὴν
778 1019 1062 1072 εὐσέϐειαν
1085 1059 1099 1082 ,
1135 1020 1228 1069 καὶ
1260 1018 1315 1079 ὃς
1344 1019 1541 1070 αὐτίκα
1579 1017 1769 1086 μιαρος

215 1116 324 1178 ὢν,
367 1115 500 1182 πρὸς
547 1114 779 1181 μιαροὺς
838 1108 1034 1179 ἐχώρει
1089 1109 1407 1176 λογισμοὺς,
1466 1109 1560 1160 καὶ
1609 1108 1769 1159 πάθει

221 1207 417 1277 μᾶλλον
461 1204 772 1270 σωματικῆς
826 1200 1146 1264 συνουσίας,
1185 1199 1307 1268 οὐχ).
1355 1199 1504 1268 πόθῳ
1534 1198 1770 1267 Χριστοῦ

219 1297 520 1366 προσφύναι
556 1295 632 1363 τῷ
674 1296 910 1361 μάρτυρι
942 1292 1143 1360 ταύτην
1172 1290 1330 1361 ᾤετο.
1384 1292 1561 1361 Δριμὺ
1596 1292 1773 1343 τοίνυν

218 1393 309 1441 καί
336 1389 592 1457 ὲμῦριθὲς
621 1387 753 1456 πρὸς
784 1386 954 1452 αὐτὴν
985 1385 1259 1446 ἀτενίσας,
1306 1384 1370 1438 Τί
1399 1400 1502 1448 σοι,
1536 1384 1692 1455 φησὶ,
1731 1378 1774 1435 ὧ

218 1481 399 1547 γύναι,
448 1479 508 1529 τὶ
565 1478 811 1544 σόφισμα
863 1476 1113 1544 βούλεται
1168 1476 1346 1537 τοῦτο,
1400 1479 1492 1529 καὶ
1522 1478 1636 1539 πῶς
1671 1477 1775 1545 ἄρα

219 1571 491 1638 πρόφασιν
539 1567 810 1635 ἐρωτικῆς
865 1570 1060 1637 μανίας
1096 1567 1193 1635 τῆς
1231 1567 1367 1636 πρὸς
1398 1569 1488 1617 τὸν
1530 1569 1776 1634 παρόντα

217 1662 426 1712 τουτονὶ
489 1658 795 1721 νεανίσκον,
852 1659 950 1728 τὴν
998 1662 1096 1726 τῆς
1141 1658 1441 1725 θρησκείας
1485 1659 1776 1727 μετάθεσιν

217 1753 486 1819 ἐποιήσως
548 1750 704 1802 Ἀ).λά
751 1751 1021 1818 ἀνάνηψον
1062 1750 1160 1815 τῆς
1209 1750 1643 1818 περικεχυμένης
1696 1768 1777 1802 σοι

1867 560 2078 613 diccbat
2110 577 2168 614 se
2217 562 2354 615 velle
2397 577 2518 615 esse
2567 562 2883 630 participem
2934 562 3177 630 ejusdem
3232 563 3350 616 fidei
3382 568 3439 615 et

1870 651 2163 721 religionis.
2190 662 2243 705 et
2268 653 2632 707 communiter
2660 668 2780 706 cum
2814 653 2979 706 fratre
3005 654 3217 707 easdem
3251 654 3439 708 subire

1868 745 2269 813 perpessiones.
2295 745 2417 798 Haec
2444 760 2570 814 ergo
2602 745 2869 799 infelicem
2903 745 3119 814 quidem
3155 754 3438 815 tyrannum
3494 756 3500 763 '

1870 834 2164 902 implebant
2202 836 2542 891 dubitatione
2589 854 2602 891 :
2658 849 2989 907 spectatores
3026 850 3203 891 autem
3250 854 3436 892 eorum

1870 942 1988 994 qua:
2017 928 2235 989 fiebant,
2265 930 2628 996 provocabant
2656 931 2720 982 ad
2754 930 3027 997 pietatem.
3055 929 3322 984 Cmterum
3350 929 3444 984 ille

1872 1018 2136 1083 protinus,
2168 1034 2286 1073 cum
2314 1028 2459 1072 esset
2488 1019 2800 1079 sceleratus,
2832 1032 2890 1071 se
2912 1019 2976 1070 ad
3005 1019 3295 1071 sceleratas
3314 1034 3443 1074 con-

1873 1112 2037 1162 vertit
2080 1110 2453 1178 cogitationes,
2484 1120 2533 1163 et
2570 1120 2788 1178 pr0pter
2816 1112 3158 1164 affectionem
3197 1110 3447 1178 corporis

1874 1200 2308 1263 consuetudinis,
2345 1216 2452 1252 non
2500 1210 2677 1252 autem
2727 1210 2949 1268 propter
2993 1201 3267 1266 sanguinis
3314 1214 3446 1252 con-

1872 1290 2228 1359 junctionem,
2248 1292 2557 1360 Christique
2587 1293 2934 1355 desiderium,
2960 1294 3295 1345 existimabat
3322 1306 3443 1344 eam

1876 1382 2151 1435 adhaerere
2181 1384 2419 1452 martyri.
2449 1382 2621 1436 Torve
2646 1383 2822 1451 itaque
2849 1394 2902 1436 et
2936 1384 3186 1436 ferociter
3209 1398 3327 1435 eam
3360 1385 3443 1435 in-

1880 1483 2034 1526 tuens
2067 1493 2078 1527 :
2112 1474 2250 1537 Quid
2292 1474 2414 1532 sibi,
2448 1474 2640 1540 inquit,
2685 1489 2718 1527 ο
2756 1475 2963 1535 mulier,
2994 1475 3102 1527 vult
3159 1477 3258 1527 hoc
3293 1484 3443 1527 tuum

1879 1576 2270 1623 commentum.
2299 1576 2351 1619 et
2379 1568 2648 1633 quomodo
2681 1576 2895 1634 pr0pter
2926 1569 3185 1618 insaniam
3218 1566 3270 1618 in
3302 1566 3446 1619 hunc

1879 1651 2277 1710 adolescentem
2334 1660 2553 1711 mutasti
2615 1659 2968 1727 religionem?
3034 1658 3135 1709 Sed
3186 1658 3444 1726 resipiscc

1881 1749 1948 1800 ab
1978 1749 2077 1801 hac
2106 1748 2433 1801 circumfusa
2472 1750 2699 1816 caligine
2737 1760 2838 1802 tua:
2861 1750 3181 1813 affectionis,
3217 1758 3269 1802 et
3297 1750 3445 1817 placa

217 1842 418 1909 ταύτης
446 1841 539 1893 τοῦ
574 1840 778 1901 πάθους
812 1841 1027 1907 ἀχλύος,
1059 1840 1236 1891 καὶτὸ
1271 1839 1651 1909 φιλάνθρωπον
1670 1840 1780 1892 τῶν
1814 1824 1827 1878 Ι

1885 1839 2204 1892 invictorum
2241 1838 2464 1892 deorum
2498 1840 2863 1894 clementiam.
2897 1840 3000 1905 Qui
3034 1842 3090 1893 fit
3119 1841 3281 1896 enim.
3306 1840 3448 1908 quod

217 1937 507 2003 ἀηττήτων
542 1932 684 1984 θεῶν
718 1930 1028 1996 ὲξιλέωσαι.
1070 1932 1133 1982 Τί
1174 1932 1284 2001 γὰρ
1309 1932 1368 1982 τὸ
1396 1932 1568 1993 οὕτως
1598 1948 1653 1984 σε
1688 1950 1783 1998 με·

216 2030 486 2078 ταπεῖσαν
518 2024 750 2093 ἀθρόως,
794 2022 933 2075 ὥστε
963 2023 1056 2075 τοῦ
1093 2023 1313 2092 ἡδίστου
1351 2024 1541 2076 τούτου
1584 2025 1779 2090 φωτὸς,

220 2120 315 2171 καὶ
346 2118 453 2170 τῶν
474 2121 529 2170 έν
553 2118 656 2187 βίῳ
684 2117 933 2185 τερπνῶν
969 2117 1293 2183 ἀποστῆναι,
1329 2117 1486 2183 γόητι
1514 2117 1569 2168 δὲ
1598 2117 1784 2183 νεανία

218 2212 716 2279 προσκολληθῆναι,
754 2212 849 2262 καὶ
872 2211 1081 2263 ἀναιδεῖ
1114 2208 1387 2276 προσώπῳ
1418 2209 1492 2277 τῷ
1528 2210 1784 2277 ἡμετέρῳ

221 2299 431 2368 βήματι
469 2301 853 2367 παραστῆναι,
896 2298 964 2349 τὰ
1004 2298 1283 2364 συγγενῶν
1320 2299 1782 2368 ὑποκρινομένην,

218 2391 319 2442 καὶ
347 2392 480 2453 προς
511 2390 809 2459 ἀδελφικὴν
848 2390 1079 2454 ἑνότητα
1116 2390 1216 2458 τὴν
1269 2391 1456 2457 σχέσιν
1490 2390 1789 2459 μετατιθεῖ-

219 2496 325 2535 σαν
351 2499 363 2511 ·
402 2480 543 2546 πλὴν
573 2480 690 2532 ἀλλ’
717 2481 775 2531 ού
802 2479 1200 2549 τοῦ·ήμετέρου
1246 2482 1640 2547 καταγελάσεις
1687 2483 1783 2552 βή-

222 2590 417 2644 ματος,
454 2572 575 2625 ούδὲ
599 2572 705 2622 τῶν
740 2572 1161 2639 αὐτοκρατόρων
1195 2574 1575 2642 καταμωκήσῃ
1599 2614 1613 2636 ,
1650 2591 1788 2643 μαρ-

219 2664 465 2734 τύρομαι
498 2664 651 2724 θεοὺς
680 2663 946 2727 ἅπαντας,
990 2664 1085 2715 καὶ
1126 2664 1185 2714 τὸ
1223 2663 1313 2714 τού
1349 2664 1592 2732 βήματος
1631 2666 1788 2732 ἡμῶν

220 2755 455 2822 εὐμενὲς
495 2757 588 2807 καὶ
625 2754 1010 2824 φιλάνθρωπον
1036 2794 1049 2816 ,
1088 2755 1161 2816 ὡς
1190 2755 1341 2806 οὐδέν
1368 2772 1419 2806 τι
1458 2755 1621 2807 πλέον
1649 2758 1790 2822 ἕξεις

219 2844 571 2914 Εύλαμπίου,
604 2846 636 2913 ἢ
668 2845 727 2895 τὸ
756 2847 964 2913 χείροσι
1000 2844 1252 2913 βασάνοις
1283 2846 1676 2915 ὑποϐληθῆναι.

301 2941 384 2995 ll'.
423 2940 562 3009 Πρὸς
594 2939 736 3007 ειπερ
765 2941 796 3008 ἡ
827 2941 1035 3007 μάρτυς
1060 2940 1365 3007 ἀρρενωπῷ
1408 2939 1485 3006 τῷ
1508 2944 1790 3009 φρονήμα-

218 3054 303 3099 τι,
335 3034 588 3103 εὔστοχον
619 3034 869 3095 ἐποιεῖτο,
908 3033 1002 3083 καὶ
1034 3031 1131 3100 τὴν
1152 3031 1463 3101 ἀπόκρισιν·
1507 3034 1790 3097 Ἄκουσον,

1884 1939 1936 1981 ιιι
1963 1941 2065 1981 tam
2099 1940 2321 1996 repente
2366 1931 2442 1984 sis
2500 1943 2725 1991 mutata,
2764 1942 2817 1983 ut
2851 1940 2914 1983 an
2953 1933 3051 1985 hac
3087 1932 3206 1983 luce
3239 1929 3447 1983 suavis-

1883 2020 2036 2083 sima,
2076 2028 2128 2071 et
2157 2019 2222 2071 ab
2260 2020 2322 2073 iis
2345 2035 2462 2087 quae
2505 2033 2629 2073 sunt
2662 2021 2712 2073 in
2743 2023 2843 2073 vita
2870 2023 3128 2091 quunda,
3162 2023 3448 2079 diSCedas:

1884 2111 2251 2179 praestigiatori
2296 2120 2477 2162 autem
2521 2112 2707 2181 juveni
2757 2114 3114 2171 adhrerescas.
3175 2121 3230 2166 et
3274 2113 3453 2181 impu-

1885 2204 2033 2257 denti
2066 2204 2214 2255 vultu
2245 2204 2309 2255 ad
2339 2214 2582 2257 nostrum
2617 2216 2671 2257 te
2712 2206 2869 2258 sistas
2897 2205 3151 2265 tribunal.
3188 2205 3453 2258 simulan-

1886 2307 1990 2350 tem
2042 2297 2433 2365 cognationem,
2466 2306 2518 2350 et
2570 2299 2940 2351 traducentem
3001 2298 3452 2350 consuetudinem

1884 2386 1948 2438 ad
1977 2385 2267 2439 fraternam
2319 2387 2622 2441 unionem?
2655 2386 2847 2442 Verum
2892 2388 3171 2441 enimvero
3210 2397 3455 2441 nostrum

1887 2476 2119 2532 tribunal
2152 2493 2256 2530 non
2304 2479 2576 2540 irridebis,
2609 2494 2711 2532 nec
2745 2480 3095 2546 imperatores
3127 2479 3345 2532 habebis
3375 2479 3456 2532 lu—

1888 2573 2081 2624 dibrio.
2110 2572 2301 2623 'l‘estor
2325 2572 2457 2623 deos
2487 2587 2696 2634 omnes,
2720 2583 2768 2622 et
2800 2571 2969 2623 nostri
3001 2571 3284 2623 tribunalis
3308 2571 3459 2624 beni-

1889 2661 2140 2729 gnitatem
2175 2670 2229 2713 et
2260 2659 2629 2718 clementiam.
2652 2660 2744 2711 tibi
2769 2658 2901 2710 nihil
2930 2659 3161 2726 amplius
3189 2660 3454 2719 futurum.

1888 2766 2047 2819 quam
2088 2750 2391 2818 Eulampio,
2426 2750 2529 2803 nisi
2570 2750 2710 2818 quod
2756 2749 2829 2802 sis
2863 2748 3135 2817 pejoribus
3178 2751 3463 2806 tormentis

1891 2842 2245 2911 subjicienda.

1966 2955 2102 3007 Vlll.
2129 2955 2206 3008 Ad
2241 2955 2356 3010 hrec
2386 2963 2590 3023 martyr
2613 2954 2910 3007 masculino
2934 2955 3124 3023 spiritu
3154 2966 3208 3009 et
3235 2955 3461 3009 audacia

1894 3053 2016 3114 apte
2053 3047 2333 3115 respondit
2372 3066 2386 3099 :
2420 3048 2584 3108 Audi.
2612 3050 2817 3113 dicens,
2852 3064 2883 3101 ο
2908 3049 3095 3117 judex,
3117 3057 3170 3102 et
3201 3063 3461 3118 cognosce

221 3127 483 3191 εἰποῦσα,
534 3120 577 3178 ὧ
616 3123 869 3189 δικαστά,
916 3124 1008 3176 καὶ
1037 3125 1130 3175 τὸν
1176 3123 1310 3192 έμδν
1345 3122 1419 3184 ὡς
1462 3121 1573 3191 ἔχει
1622 3124 1827 3214 γνῶθι⁴

1896 3151 2073 3191 meum
2128 3146 2184 3191 ut
2237 3152 2295 3191 se
2346 3138 2507 3191 habet
2558 3154 2780 3207 scopum
2827 3155 2890 3193 ac
2936 3140 3266 3193 institutum.
3329 3138 3460 3195 Sum

224 3216 458 3270 σκοπόν.
492 3213 731 3283 Χριστοῦ
759 3214 991 3281 ὑπάρχω
1017 3212 1178 3279 δούλη
1215 3228 1228 3242 ·
1266 3212 1503 3281 Χριστὸς
1526 3212 1650 3281 ἐμοὶ
1679 3211 1790 3281 ζωὴ
1824 3211 1827 3214 ¹

1895 3227 2091 3279 ChriSti
2129 3228 2341 3281 ancilla.
2389 3229 2637 3283 Christus
2685 3237 2770 3284 est
2819 3230 2953 3283 mihi
3010 3230 3136 3297 vita,
3163 3237 3219 3284 et
3271 3231 3464 3284 animm
3516 3218 3519 3221 λ

224 3309 325 3362 καὶ
347 3304 523 3375 ψυχῆς
550 3305 886 3372 ἀγαλλίαμα.
927 3305 1127 3356 Τούτου
1178 3306 1285 3373 ἐρῶ
1307 3344 1322 3366 ,
1356 3305 1527 3370 τούτῳ
1578 3306 1795 3360 σπεύδω

221 3398 486 3467 τυθῆναι.
557 3396 728 3465 ’Υπὲρ
776 3394 967 3447 τούτου
1031 3397 1124 3447 καὶ
1179 3396 1288 3467 πῦρ
1330 3397 1641 3465 εὐτρέπιζε,
1701 3397 1794 3446 καὶ

222 3492 404 3562 θῆρας
431 3495 552 3559 ἂγε,
586 3494 677 3543 καί
708 3492 933 3561 τροχοὺς
962 3489 1238 3558 ἑτοίμαζέ,
1280 3492 1373 3541 καί
1398 3491 1527 3559 ξίφη
1562 3492 1791 3557 γύμνου,

225 3587 329 3638 καὶ
372 3586 552 3636 πᾶσαν
598 3585 767 3652 ἀλλην
817 3584 1022 3635 έπινὸει
1081 3581 1339 3651 βάσανον,
1382 3584 1464 3633 ἵνα
1495 3583 1671 3651 μάθῃς
1712 3584 1793 3635 ὅτι

221 3678 331 3745 οὑχ
362 3675 534 3737 οὕτως
561 3675 791 3743 ἀγεννὴς
822 3674 932 3741 ἐγὼ
964 3675 1056 3725 καὶ
1091 3674 1451 3742 μικρόψυχος,
1489 3670 1574 3734 οὒ,
1604 3674 1677 3740 μὰ
1706 3672 1796 3722 τὸν

225 3770 378 3835 ὑπὲρ
402 3767 687 3826 εύσεόείας
714 3767 900 3818 τοῦτον
929 3766 1113 3832 ἀγῶνα
1141 3807 1154 3829 ,
1185 3766 1243 3816 ὃν
1287 3765 1379 3817 καί
1417 3766 1578 3833 μέχρι
1612 3765 1795 3825 τέλους

224 3856 577 3925 ἀγωνιοῦμαί
609 3874 668 3909 τε
704 3856 797 3907 καὶ
826 3855 1167 3925 δραμοῦμαι,
1202 3856 1296 3907 καὶ
1337 3857 1472 3924 πρὸς
1510 3859 1614 3907 πᾶν
1657 3851 1794 3917 εἶδες

224 3950 512 4010 κολάσεως
560 3948 757 4016 ἑαυτὴν
816 3947 1030 3997 ἔκδοτον
1079 3946 1439 4014 παραστήσω,
1500 3945 1588 3996 ἵνα
1655 3947 1796 4015 γνῷς

228 4046 323 4098 ὅτι
369 4040 570 4109 ἀδελφὴ
617 4038 727 4105 ἐγὼ
768 4037 981 4105 τούτου,
1047 4038 1137 4089 καὶ
1186 4040 1253 4088 τὰ
1295 4038 1497 4105 ἀδελφά
1526 4039 1798 4107 φρονοῦσα

222 4135 327 4189 τοῦ
358 4135 454 4195 τὰς
488 4134 587 4193 σας
621 4130 886 4200 βασάνους
916 4130 990 4197 μὴ
1026 4129 1452 4194 ὑποπτήξαντος,
1489 4131 1579 4180 καὶ
1619 4130 1685 4179 τὰ
1732 4130 1798 4181 σὰ

228 4225 559 4291 σεϐάσματα
613 4222 1024 4283 καταλύσαντος
1052 4259 1065 4281 ,
1099 4222 1189 4270 καὶ
1225 4218 1379 4279 αὖθις
1420 4220 1476 4270 δέ
1518 4235 1600 4269 σοι
1633 4219 1796 4286 φημὶ,

231 4317 317 4386 μὴ
374 4316 510 4381 πρὸς
560 4313 659 4381 τὴν
711 4313 809 4379 τῆς
862 4312 1182 4378 γυναικείας
1240 4310 1456 4378 φύσεως
1521 4311 1797 4379 ἀφορῶντι

224 4407 547 4467 ἀσθένειαν,
598 4403 820 4468 ἀνάξιον
868 4420 921 4455 τι
966 4405 1064 4471 τῆς
1110 4406 1349 4465 διανοίας
1394 4405 1491 4471 τῆς
1526 4403 1800 4472 ἡμετέρας

225 4499 481 4562 ἐλπίσαι,
529 4495 665 4565 μηδὲ
694 4496 754 4546 τὸ
776 4494 875 4561 τῆς
910 4495 1124 4561 ἡλικίας
1153 4494 1358 4547 ἁπαλὸν
1394 4495 1794 4561 εὐεξαπάτητον
1828 4489 1872 4544 D

225 4592 457 4661 νομίσαι
497 4591 616 4650 ταῖς
653 4590 772 4649 σαῖς
803 4590 1090 4648 ἐπινοίαις.
1136 4589 1194 4639 '0
1219 4590 1325 4657 γὰρ
1353 4587 1488 4654 πρὸς
1513 4588 1607 4636 τὸν
1634 4584 1797 4638 αὑτοῦ

227 4683 421 4752 ἔρωτα
450 4681 743 4748 πτερώσας
775 4679 947 4747 ἡμᾶς,
978 4680 1072 4728 καὶ
1106 4678 1238 4743 πρὸς
1262 4677 1353 4727 τὸν
1385 4677 1526 4728 κατὰ
1562 4675 1677 4738 σοῦ,
1708 4678 1800 4728 καὶ

226 4773 334 4824 τοῦ
380 4771 633 4822 διαϐόλου
688 4770 927 4837 πόλεμον
975 4768 1332 4830 καθοπλίσας,
1368 4768 1526 4829 αὐτὸς
1557 4769 1651 4820 καὶ
1700 4767 1799 4837 τὴν

224 4864 472 4931 δύναμιν
497 4862 675 4932 ὀρέξει
704 4899 717 4925 ,
751 4862 846 4912 καὶ
876 4863 973 4930 τὴν
1011 4863 1166 4930 νίκην
1198 4862 1675 4930 περιφανεστάτην
1710 4863 1800 4929 ἐρ-

226 4957 494 5024 γάσεται.

307 5043 389 5100 8'.
433 5044 656 5107 Τούτοις
693 5044 963 5115 ἡμάρτυς
1011 5044 1542 5115 πεπαρῤησιασμένῃ
1586 5045 1799 5114 γλώττῃ

222 5139 331 5191 τοῦ
366 5138 631 5207 τυράννου
670 5137 855 5203 σαφῶς
893 5134 1438 5206 καταρητορεύσασα,
1473 5136 1801 5205 έῤῥαπίζετο

222 5232 336 5291 τὰς
370 5230 604 5298 παρείας
642 5228 1037 5297 ἀπηνέστερον,
1082 5232 1173 5278 καὶ
1220 5227 1344 5293 ὄψιν
1379 5228 1614 5294 ἰσχυρῶς
1675 5245 1800 5278 συν-

224 5316 519 5385 ετρίϐετο,
562 5314 624 5367 τὸ
659 5314 716 5365 δὲ
748 5311 848 5375 τῆς
894 5318 1110 5381 μορφῆς
1143 5313 1368 5382 ἐπίχαρι
1411 5316 1796 5383 καθηλλοίιυτο,

224 5407 337 5461 καὶ
367 5408 428 5457 τὸ
472 5406 572 5475 τῆς
624 5407 807 5474 φωνῆς
842 5403 1129 5456 ἐσϐέννυτο
1182 5406 1435 5472 ὄργανον,
1475 5411 1538 5475 τῇ
1587 5410 1801 5477 συνεχεῖ

224 5497 350 5550 τῶν
383 5500 746 5568 ῥαπισμάτων
778 5502 1040 5569 ὲπιφορᾷ.
1070 5502 1210 5570 Πρὸς
1240 5500 1411 5553 ταῦτα
1441 5497 1554 5571 εἶχε
1592 5503 1688 5572 μὲν
1708 5504 1800 5554 τὸν

226 5591 467 5660 ἀδελφὺν
498 5591 910 5660 έπιρῤωννύντα
942 5596 1033 5645 καὶ
1061 5595 1475 5664 παραθήγοντα,
1510 5640 1521 5648 .
1544 5599 1638 5649 καὶ
1667 5597 1800 5666 πρὸς

228 5680 339 5742 τὰς
373 5681 642 5750 βασάνους
688 5684 1084 5754 εὐτολμοτέραν
1128 5682 1267 5738 εἶναι
1298 5689 1554 5739 ποιοῦντα
1583 5706 1595 5717 ·
1623 5690 1803 5760 ὴνδρί’

231 5770 364 5835 ζετο
403 5772 458 5825 δὲ
485 5775 580 5826 καὶ
612 5774 754 5847 αὑτὴ
788 5775 911 5828 καθ’
956 5775 1079 5828 ὅσον
1122 5770 1232 5830 οἷόν
1263 5793 1321 5828 τε
1378 5778 1472 5830 καὶ
1519 5778 1801 5850 λογισμοῖς

1894 3316 2201 3370 exsultatio.
2237 3318 2371 3370 Eum
2418 3335 2561 3381 amo,
2592 3322 2640 3372 ei
2687 3319 2877 3371 studeo
2908 3319 3221 3372 sacrificari.
3262 3321 3365 3373 Pro
3399 3335 3464 3372 eo

1893 3417 1949 3460 et
1975 3411 2149 3477 ignem
2186 3425 2335 3477 para,
2370 3420 2422 3464 et
2471 3412 2573 3465 duc
2626 3411 2849 3474 bestias,
2892 3422 2947 3464 et
2991 3413 3137 3465 rotas
3170 3411 3382 3480 expedi,
3409 3420 3464 3465 et

1897 3506 2099 3569 stringe
2137 3516 2314 3564 enses,
2346 3512 2400 3554 et
2449 3507 2690 3572 excogita
2741 3520 2901 3557 omne
2932 3505 3077 3557 aliud
3113 3513 3463 3565 tormentum.

1896 3602 1953 3643 ut
1980 3593 2118 3645 scias
2153 3608 2237 3646 me
2281 3608 2387 3645 non
2430 3608 2545 3645 esse
2597 3602 2699 3644 tam
2734 3593 2907 3662 ignavi
2944 3604 2997 3647 et
3044 3594 3219 3661 pusilli
3276 3594 3461 3647 animi.

1898 3680 2029 3742 Hoc,
2051 3684 2191 3748 quod
2226 3699 2321 3750 pro
2351 3684 2545 3750 pietate
2575 3686 2865 3753 suscipitur
2893 3694 3189 3747 certamen,
3214 3686 3279 3738 ad
3304 3688 3463 3738 linem

1901 3789 2068 3840 usque
2117 3773 2401 3825 decertabo
2451 3784 2503 3826 et
2554 3790 2825 3842 peragam,
2866 3786 2920 3828 et
2965 3780 3225 3845 meipsam
3261 3778 3465 3831 tradam

1898 3868 1961 3915 ad
2000 3879 2161 3915 omne
2192 3880 2361 3931 genus
2397 3866 2666 3934 supplicii,
2702 3876 2759 3918 ut
2790 3866 2928 3920 scias
2958 3883 3042 3920 Ine
3087 3883 3206 3920 esse
3238 3870 3357 3936 ejus
3381 3884 3469 3922 σου

1899 3966 2096 4009 rorem,
2130 3959 2186 4003 et
2234 3951 2468 4003 fraterne
2496 3956 2707 4015 eadem,
2736 3972 2854 4020 qua:
2906 3957 2991 4010 ille
3029 3961 3212 4018 sentit,
3243 3960 3466 4024 sentire,

1899 4042 1990 4110 qui
2029 4055 2117 4095 tua
2162 4055 2423 4097 tormenta
2456 4060 2562 4097 non
2614 4044 2945 4107 formidavit,
2976 4057 3030 4100 et
3063 4064 3123 4100 ea
3150 4067 3269 4116 qua:
3314 4050 3467 4114 colis,

1899 4131 2185 4188 simulacra
2236 4138 2419 4188 diruit.
2477 4137 2642 4191 Porro
2676 4150 2853 4192 autem
2906 4155 3091 4192 rursus
3121 4157 3334 4208 quoque
3372 4144 3467 4196 tibi

1900 4228 2039 4290 dico,
2075 4244 2141 4281 ne
2191 4229 2459 4297 aspiciens
2489 4230 2555 4281 ad
2607 4233 2886 4283 muliebris
2927 4248 3089 4287 sexus
3136 4235 3471 4288 imbecillita-

1903 4328 2030 4379 tem,
2067 4334 2253 4387 Speres
2292 4321 2490 4388 aliquid
2525 4320 2803 4389 indignum
2836 4331 3019 4374 nostra
3061 4336 3261 4387 mente,
3297 4341 3470 4393 neque

1902 4414 2075 4463 aetatis
2100 4412 2376 4463 mollitiem
2410 4423 2565 4479 putes
2591 4414 2697 4465 tuis
2728 4414 2965 4466 inventis
2991 4410 3150 4470 facile
3181 4430 3337 4484 passe
3369 4418 3468 4471 de-

1902 4501 2026 4569 cipi.
2061 4502 2162 4565 Qui
2202 4504 2345 4555 enim
2396 4518 2493 4555 nos
2534 4506 2599 4557 ad
2648 4506 2891 4557 divinum
2920 4523 3077 4559 suum
3120 4510 3291 4560 erexit
3322 4525 3469 4563 auio-

1903 4608 2038 4654 rem,
2064 4603 2118 4644 et
2153 4608 2250 4645 nos
2280 4595 2510 4646 armavit
2536 4598 2599 4646 ad
2631 4595 2829 4648 bellum
2858 4607 3049 4650 contra
3084 4608 3133 4651 te
3170 4604 3467 4668 gerendum

1901 4690 1955 4734 et
1984 4681 2275 4748 diabolum,
2320 4684 2433 4750 ipse
2465 4696 2516 4738 et
2564 4686 2824 4754 prmbebtt
2853 4687 2994 4743 vires
3032 4699 3085 4743 et
3114 4693 3466 4747 clarissimam

1901 4773 2098 4828 efﬁciet
2125 4776 2427 4832 victoriam.

1974 5057 2065 5113 IX.
2098 5057 2223 5111 Haec
2261 5069 2457 5129 martyr
2488 5060 2668 5130 lingua
2707 5062 2873 5117 libera
2919 5076 3104 5135 aperte
3144 5070 3331 5125 dicens
3359 5072 3466 5125 ad-

1905 5162 2091 5202 versus
2116 5150 2421 5217 tyrannum,
2448 5154 2702 5219 colaphos
2724 5157 2874 5222 genis
2891 5160 3184 5212 crudeliter
3207 5161 3466 5230 impactos

1904 5242 2133 5308 accepit,
2183 5250 2233 5292 et
2275 5241 2377 5292 fuit
2422 5243 2541 5308 ejus
2584 5245 2760 5297 Vultus
2799 5249 3149 5304 vehementer
3184 5265 3467 5309 contusus.

1904 5329 2105 5383 Mutata
2139 5339 2223 5383 est
2251 5332 2429 5381 autem
2461 5332 2575 5399 ejus
2614 5332 2797 5386 formae
2830 5339 3022 5404 gratia.
3059 5351 3115 5393 ct
3141 5344 3467 5399 exstinctum

1904 5423 1998 5475 fuit
2032 5422 2176 5474 vocis
2218 5424 2639 5476 instrumentum
2697 5425 2912 5481 inﬂictis
2945 5435 3287 5486 continenter
3324 5438 3468 5489 cola-

1905 5515 2043 5585 phis.
2076 5516 2153 5566 Λα
2191 5515 2299 5567 haec
2332 5514 2556 5567 habebat
2597 5517 2811 5584 quidem
2858 5519 3073 5574 fratrem
3103 5540 3219 5577 eam
3274 5528 3470 5581 confir-

1905 5614 2161 5667 mantem,
2194 5612 2247 5654 et
2289 5603 2627 5665 incitantem,
2678 5617 2730 5658 et
2771 5609 3111 5665 audaciorem
3154 5617 3467 5671 reddentem

1905 5696 1968 5748 ad
2003 5695 2317 5747 certamina.
2346 5694 2475 5747 Erat
2496 5706 2671 5748 autem
2706 5698 2817 5765 ipsa
2846 5718 3057 5771 quoque
3082 5705 3269 5770 virilis,
3293 5712 3467 5777 quoad

1910 5790 2025 5856 ejus
2060 5786 2174 5840 ﬁeri
2206 5793 2437 5856 poterat,
2461 5795 2514 5839 et
2542 5792 2817 5855 generosis
2846 5796 3262 5864 cogitationibus
3296 5801 3467 5855 imbe-
