4178 6316
759 345 893 413 1063

2036 346 2317 409 MENSIS
2352 345 2711 409 OCTOBER.

3871 343 4000 411 1064

756 461 1036 519 cillitatem
1066 471 1274 517 naturae
1302 462 1597 518 reficiebat.
1627 463 1730 517 Sed
1766 462 1876 516 haec
1900 468 2005 515 n'on
2038 466 2194 514 erant
2215 475 2330 511 om-

2439 458 2699 521 γεννσίοις
2758 458 2821 509 τὸ
2871 456 3096 520 ἀσθενὲς
3159 457 3254 525 τῆς
3312 457 3529 525 φύσεως
3587 456 3995 526 ἀνελάμϐανεν.

678 544 679 547 “
757 552 891 606 nino
922 551 1131 619 praesidi
1161 551 1459 607 tolerabilia
1484 551 1690 606 videnti
1715 561 1987 606 ctmeram
2020 557 2332 603 sanctorum

758 642 1013 710 loquendi
1068 643 1376 698 libertatem
1409 653 1464 699 et
1495 643 1716 698 minime
1760 643 2042 696 cedentem
2100 641 2335 695 toleran-

700 759 714 776 ν
761 732 911 786 tiam.
958 732 1111 787 Unde
1166 734 1331 786 etiam
1380 749 1567 788 rursus
1611 747 1751 787 nova
1795 732 2170 802 excogitantur
2218 742 2329 784 tor-

756 831 942 875 menta
978 838 990 874 :
1026 822 1280 891 lebesque
1332 825 1580 892 protinus
1611 833 1827 893 paratus
1860 823 1963 876 fuit
1994 822 2245 882 bulliens.
2276 830 2335 875 ut

758 923 1022 983 martyres
1076 916 1374 983 exciperet.
1420 914 1479 969 ln
1537 930 1698 984 quem
1758 913 2071 983 Eulampius
2114 913 2332 982 quidem

757 1005 1096 1060 confidenter
1148 1017 1229 1061 est
1283 1008 1559 1077 ingressus
1603 1024 1619 1061 :
1662 1008 1940 1076 Eulampia
2000 1015 2183 1059 autem
2225 1006 2333 1074 (ita

758 1098 905 1152 enim
951 1100 1329 1167 appellabatur
1379 1111 1431 1154 et
1481 1100 1628 1170 ipsa)
1671 1109 1924 1169 tanquam
1978 1099 2238 1168 caligatis,
2277 1107 2336 1151 ut

759 1201 881 1255 qua
914 1198 1061 1245 esset
1082 1201 1271 1243 natura
1294 1190 1525 1251 mollior,
1557 1198 1611 1244 et
1649 1205 1679 1242 a
1711 1189 1947 1258 maligno
1967 1188 2336 1257 impelleretur

761 1279 828 1334 ad
878 1279 1241 1344 timiditatem,
1288 1282 1613 1336 labascebat.
1659 1280 1763 1334 Sed
1814 1281 2002 1345 frater,
2053 1279 2143 1347 qui
2189 1279 2332 1334 idem

760 1379 880 1424 erat
940 1373 1118 1425 socius
1178 1373 1511 1434 certaminis,
1565 1373 1633 1427 ab
1680 1372 1788 1427 imo
1846 1385 2149 1440 emergens,
2216 1378 2335 1423 tan-

761 1478 920 1531 quam
979 1478 1042 1516 ex
1101 1463 1280 1531 aliquo
1333 1464 1584 1518 convivio
1634 1473 1689 1517 et
1727 1464 1933 1532 requie,
1984 1462 2210 1516 voeabat
2250 1476 2338 1515 so-

762 1570 962 1619 rorem,
996 1565 1050 1607 et
1084 1556 1130 1608 ei
1165 1556 1397 1609 addebat
1424 1556 1688 1621 animum,
1728 1565 1784 1609 et
1816 1556 2133 1610 hortabatur
2168 1564 2225 1609 ut
2250 1553 2335 1606 in-

763 1646 1080 1716 grederetur
1114 1648 1343 1701 lebetem
1370 1650 1555 1702 dicens
1580 1666 1594 1702 :
1631 1647 1776 1702 Nihil
1799 1648 2138 1711 extimescas,
2162 1648 2335 1701 solum

765 1740 1053 1793 attendens
1090 1740 1143 1793 id
1176 1745 1314 1808 quod
1349 1740 1583 1803 videtur,
1606 1752 1663 1795 et
1702 1756 1810 1795 non
1856 1742 1920 1795 ad
1952 1742 2120 1794 Deum
2148 1741 2333 1795 oculos

761 1831 957 1884 anima:
986 1830 1249 1895 deligens,
1284 1833 1372 1885 cui
1404 1841 1457 1885 et
1493 1833 1856 1886 communiter
1896 1832 2247 1893 credidimus,
2283 1841 2337 1884 et

760 1934 794 1973 a
857 1936 968 1988 quo
1022 1921 1310 1973 maximam
1362 1923 1672 1977 invenimus
1717 1923 2234 1976 remunerationem.
2275 1920 2333 1975 Si

762 2011 908 2064 enim
960 2011 1099 2065 hanc
1148 2012 1466 2066 bullientem
1508 2027 1702 2080 aquam
1746 2013 1919 2067 solum
1966 2013 2229 2083 attigeris,
2266 2014 2335 2066 ab

765 2103 887 2171 ipso
913 2119 1168 2173 magnum
1196 2104 1401 2159 senties
1435 2105 1716 2168 auxilium,
1749 2093 1904 2174 cujus
1939 2121 2038 2175 ego
2074 2116 2199 2160 tuus
2228 2105 2337 2160 fra-

765 2203 848 2247 ter
870 2209 989 2247 sum
1018 2195 1191 2256 testis,
1221 2196 1313 2264 qui
1352 2196 1433 2251 sic
1458 2196 1551 2252 tibi
1579 2212 1778 2252 cernor
1808 2198 2140 2267 impatibilis,
2167 2207 2223 2252 et
2251 2198 2338 2252 ni-

770 2285 849 2339 bil
874 2286 1079 2341 doloris
1105 2287 1371 2343 sentiens.

832 2461 903 2517 Χ.
936 2462 1032 2517 llis
1053 2477 1306 2530 persuasa
1330 2461 1635 2533 Enlampia,
1663 2472 1718 2518 et
1741 2465 1963 2519 omnino
1989 2466 2337 2535 acquiescens

762 2553 885 2622 ejus
918 2555 1286 2615 suasionibus,
1314 2555 1563 2621 protinus
1594 2564 1849 2625 prompto
1878 2557 2113 2612 etalacri
2153 2560 2336 2614 animo

764 2646 1006 2714 ingressa
1054 2653 1141 2698 est
1190 2643 1443 2698 lebetem.
1507 2646 1709 2701 Deinde
1760 2648 1924 2701 etiam
1977 2651 2338 2704 communiter

764 2736 961 2806 spiritu
992 2736 1350 2795 exsultantes.
1392 2737 1499 2790 laeti
1553 2748 1912 2807 susceperunt
1966 2736 2336 2810 supplicium;

765 2838 820 2883 et
846 2829 1094 2898 protinus
1130 2828 1278 2882 lebes
1319 2828 1492 2883 evasit
1520 2828 1766 2898 frigidus,
1809 2838 1862 2885 et
1893 2830 2030 2885 nihil
2061 2832 2186 2887 mali
2216 2848 2339 2902 pas-

765 2932 855 2974 sos
878 2919 1145 2974 continuit
1186 2929 1471 2989 martyres.
1523 2918 1707 2988 Neque
1747 2936 1878 2976 vero
1930 2937 2174 2990 eousque
2206 2937 2339 2977 con-

766 3010 907 3063 stitit
942 3025 1027 3063 res
1048 3007 1401 3073 admirabilis,
1439 3010 1535 3063 sed
1579 3012 1744 3063 etiam
1774 3026 1880 3064 non
1925 3027 2129 3081 paucos
2158 3028 2221 3067 ex
2250 3014 2338 3079 iis,

2447 548 2590 600 Ἀλλ’
2624 549 2723 601 οὐκ
2746 544 2814 618 ἦν
2852 548 2991 613 ὅλως
3037 550 3250 618 φορητὰ
3302 548 3474 602 ταῦτα
3510 548 3589 616 τῷ
3620 549 3857 618 ἡγεμόνι
3884 588 3901 613 ,
3944 547 4002 600 τό

2433 656 2493 691 τε
2547 643 2646 707 τῆς
2703 640 3019 711 παρρησίας
3056 642 3323 707 ἄκρατον,
3369 641 3463 693 καὶ
3496 643 3557 693 τὸ
3590 641 3691 710 τῆς
3719 640 4001 710 ὑπομονῆς

2435 726 2721 781 ἀνένδοτον
2750 729 2857 781 τῶν
2889 730 3058 796 ἁγίων
3083 730 3299 798 ὁρῶντι,
3334 731 3456 782 ὅθεν
3485 731 3580 783 καὶ
3610 731 3782 784 πάλιν
3813 748 4001 784 καινο-

2434 821 2570 890 τέρα
2641 821 3020 891 κολαστηρίων
3098 823 3333 886 ἐπίνοια,
3383 821 3476 875 καὶ
3537 824 3698 877 πάλιν
3722 827 3776 876 οἰ
3817 824 4002 893 δήμιοι

2437 913 2841 983 ἀπαραίτητοι·
2875 913 3037 980 λέϐης
3082 914 3190 982 γὰρ
3226 914 3512 983 καχλάζων
3557 914 3719 977 εὐθὺς
3772 915 4005 985 ἡτοιμά-

2436 988 2584 1068 ζετο,
2620 1006 2714 1058 καὶ
2758 1005 2882 1067 τοὺς
2931 1007 3215 1075 μάρτυρας
3255 1006 3568 1074 ὑπεδέχετο,
3599 1007 3737 1075 πρὸς
3788 1008 3852 1059 ὃν
3906 1024 4006 1076 περ

2442 1096 2763 1166 Εὺλάμπιος
2803 1098 2899 1164 μὲν
2925 1097 3100 1167 εἰσῄει
3129 1098 3366 1168 θαρρῶν,
3410 1101 3440 1166 η
3476 1098 3687 1166 μᾴρτυς
3724 1098 3781 1150 δὲ
3817 1098 4005 1165 ὥσπερ

2446 1188 2824 1255 ἰλιγγιάσασα,
2853 1190 2945 1242 ᾶτε
2980 1190 3044 1259 δὴ
3081 1189 3174 1242 καί⁵
3205 1189 3301 1257 τὴν
3331 1189 3493 1257 φύσιν
3528 1189 3889 1257 ἁπαλωτέρα,
3916 1191 4007 1240 καί

2436 1297 2489 1332 τι
2513 1281 2722 1333 καὶτοῦ
2742 1279 2979 1351 πονηροῦ
3001 1283 3125 1343 τοὺς
3147 1281 3441 1349 λογισμοὺς
3471 1282 3609 1349 αὐτῇ
3644 1279 3782 1347 πρὸς
3804 1279 4010 1332 δειλίαν

2438 1369 2892 1431 ὑποσαλεύοντος,
2920 1370 3227 1434 ὀκλάζουσα
3259 1366 3350 1437 ἦν.
3391 1370 3531 1423 Ἀλλ’
3557 1371 3583 1421 ὁ
3607 1369 3842 1438 ἀδελφὸς
3873 1369 4006 1437 όμοῦ

2439 1462 2537 1513 καὶ
2579 1460 2922 1530 συναθλητὴς
2962 1463 3207 1514 κάτωθεν
3254 1462 3457 1523 ἀναδὺς
3515 1457 3628 1515 οἷον
3691 1463 3806 1514 ἀπό
3865 1479 4009 1525 τινος

2439 1552 2674 1621 εὐωχίας
2732 1555 2827 1604 καὶ
2884 1552 3289 1617 ἀναπαύσεως,
3349 1552 3744 1621 προσεκαλεῖτό
3802 1570 3864 1605 τε
3912 1553 4009 1621 τὴν

2441 1642 2707 1711 σύγγονον
2755 1644 2851 1695 καὶ
2892 1643 3278 1714 παρεθάρρυνε
3300 1682 3314 1706 ,
3366 1645 3460 1696 καὶ
3492 1644 3623 1695 εἵσω
3652 1643 3751 1695 τοῦ
3782 1644 4010 1712 λέϐητος

2440 1734 2694 1800 γενέσθαι
2732 1733 2992 1805 παρῄνει,
3017 1734 3200 1805 Μηδὲν
3231 1735 3571 1807 ύποπτήξῃς,
3592 1736 3794 1799 λέγων,
3824 1734 4009 1795 ἁπλῶς

2437 1823 2611 1886 οὕτως
2647 1823 2723 1892 τῷ
2749 1825 3025 1893 ὁρωμένῳ
3061 1826 3404 1894 προσέχουσα
3427 1862 3441 1883 ,
3476 1828 3569 1876 καὶ
3599 1825 3678 1893 μὴ
3704 1822 3845 1891 πρὸς
3877 1822 4009 1875 Θεὸν

2437 1917 2564 1979 τοὺς
2596 1917 2694 1984 τῆς
2724 1916 2902 1985 ψυχῆς
2928 1916 3245 1986 ὀφθαλμοὺς
3276 1915 3600 1979 ἀτενίζουσα
3621 1956 3637 1982 ,
3674 1909 3719 1983 ᾧ
3754 1930 3815 1966 τε
3847 1916 4005 1983 κοινῇ

2438 2006 2914 2076 πεπιστεύκαιμεν
2938 2048 2952 2069 ,
2984 2008 3080 2061 καὶ
3107 2010 3239 2077 παρ’
3274 2004 3334 2062 οὗ
3376 2008 3643 2077 μεγίστην
3675 2006 4009 2076 εὑρίσκομεν

2436 2100 2533 2168 τὴν
2574 2098 2886 2169 ἀντίληψιν.
2912 2099 2974 2152 Ei
3005 2099 3114 2169 γὰρ
3143 2101 3303 2169 μόνον
3332 2099 3425 2153 τοῦ
3456 2098 3651 2161 ὓδατος
3676 2097 3877 2150 τούτου
3912 2096 4007 2151 τοῦ

2438 2190 2804 2261 καχλάζοντος
2829 2190 3233 2260 παραψαύσεις,
3265 2190 3468 2259 πολλῆς
3490 2190 3730 2260 αἰσθήσῃ
3751 2188 3856 2259 τῆς
3876 2189 4008 2260 παρ’

2437 2284 2603 2337 αὑτοῦ
2648 2283 2920 2354 βοηθείας,
2952 2279 3019 2354 ἧς
3056 2283 3171 2352 ἐγὼ
3200 2282 3408 2350 μάρτυς
3436 2284 3467 2337 ό
3503 2282 3593 2345 σὸς
3622 2282 3887 2352 ἁδελφὸς,
3920 2281 4011 2336 οὖα

2436 2392 2543 2437 τως
2579 2373 2856 2444 ὁρώμενόν
2886 2390 2967 2427 σοι
2995 2374 3212 2442 ἀπαθὴς
3239 2378 3333 2427 καὶ
3363 2374 3650 2436 ἁνώδυνος.

2510 2468 2571 2521 Ι’.
2614 2466 2838 2531 Τούτοις
2885 2467 3181 2536 Εὑλαμπία
3234 2468 3522 2521 πεισθεῖσα
3550 2506 3566 2530 ,
3602 2468 3700 2521 καὶ
3747 2466 3849 2537 ὅλη
3900 2466 4012 2520 τῶν

2437 2557 2606 2612 αὑτοῦ
2647 2558 3034 2628 παραινέσεων
3074 2564 3344 2628 γενομένη
3370 2597 3386 2624 ,
3446 2557 3745 2627 προθύμως
3806 2558 4012 2612 αὐτίκα

2438 2652 2533 2703 καὶ
2562 2653 2827 2718 γενναίως
2851 2634 3025 2721 εἰσῄει
3058 2651 3148 2703 τὸν
3179 2651 3379 2719 λέϐητα
3401 2688 3415 2713 ,
3448 2646 3567 2702 εἶτα
3605 2652 3701 2701 καὶ
3726 2652 3889 2718 κοινῇ
3935 2648 4013 2719 τῷ

2439 2741 2720 2809 πνεύματι
2753 2741 3245 2810 ἀγαλλιασάμενοι,
3291 2739 3392 2811 τὴν
3434 2741 3707 2811 τιμωρίαν
3761 2740 3885 2811 μετ’
3926 2743 4015 2795 to.

2442 2831 2719 2901 φροσύνης
2781 2831 3048 2902 ἐδέχοντο,
3107 2834 3203 2884 καὶ
3254 2832 3464 2902 ψυχρὸς
3519 2832 3725 2895 εὐθέως
3765 2835 3795 2885 ό
3848 2833 4014 2903 λέϐης

2441 2924 2738 2989 ἐδείκνυτο,
2777 2927 2871 2979 καὶ
2900 2926 3131 2988 ἀπαθεῖς
3161 2927 3345 2978 κακῶν
3374 2929 3590 2995 συνεῖχε
3621 2927 3753 2988 τοὺς
3798 2925 4013 2995 μάρτυς

2443 3032 2565 3085 ρας.
2605 3017 2714 3069 Καὶ
2744 3018 2806 3069 οὐ
2845 3019 3007 3088 μέχρι
3037 3017 3228 3070 τούτου
3251 3019 3313 3069 τὸ
3338 3016 3640 3082 παράδοξον
3674 3018 3835 3084 ἔστη,
3876 3015 4013 3067 ἀλλὰ

766 3104 856 3170 qui
887 3103 1333 3168 circumstabant,
1367 3102 1580 3156 induxit
1624 3102 1694 3155 ad
1732 3103 2011 3171 pietatem.
2039 3105 2207 3162 Porro
2240 3124 2336 3161 au-

2440 3108 2536 3159 καὶ
2563 3107 2671 3159 τῶν
2707 3108 3152 3177 περιεστηκότων
3180 3108 3282 3159 οὐκ
3313 3106 3524 3173 ὀλίγους
3568 3106 3702 3176 πρὸς
3726 3106 4013 3159 εὐσέϐειαν

704 3224 709 3229 -
768 3202 876 3245 tem
908 3194 1082 3260 ipsum
1115 3208 1329 3260 quoque
1367 3202 1677 3261 tyrannum,
1704 3194 1804 3249 etsi
1854 3210 1960 3249 non
2010 3212 2143 3265 pure
2178 3199 2339 3252 traxit

763 3281 835 3337 ad
869 3296 1057 3336 verum
1095 3282 1186 3334 Dei
1211 3282 1438 3348 cultum,
1466 3282 1608 3337 illius
1638 3293 1821 3338 tamen
1856 3285 2104 3338 labefecit
2138 3287 2340 3354 cogita-

769 3376 993 3437 tionem,
1022 3382 1077 3430 et
1104 3374 1234 3427 fecit
1266 3374 1516 3428 dubitare
1547 3376 1614 3428 de
1646 3389 1741 3426 sua
1774 3375 2053 3443 religione.
2085 3373 2339 3447 Ethiops

769 3474 950 3517 tamen
994 3478 1103 3515 non
1155 3463 1254 3517 fuit
1294 3462 1591 3527 dealbatus,
1622 3471 1677 3517 et
1707 3478 1905 3518 cancer
1952 3474 2099 3519 recte
2130 3466 2339 3537 ingredi

770 3568 880 3608 non
931 3553 1139 3609 didicit.
1167 3555 1299 3608 Cum
1353 3555 1496 3608 enim
1531 3560 1814 3610 vincerent
1844 3557 2063 3624 quidem
2099 3556 2336 3621 athletae,

770 3647 1083 3700 vinceretur
1116 3658 1294 3701 autem
1329 3647 1550 3713 impius.
1586 3660 1681 3698 eos
1704 3659 1733 3698 ε
1762 3659 1819 3698 se
1849 3646 2081 3700 invicem
2102 3657 2157 3700 et
2184 3663 2212 3700 a
2236 3648 2341 3703 fide

772 3738 829 3789 in
864 3736 1138 3790 Christum
1164 3752 1273 3789 non
1307 3737 1493 3795 valens
1522 3736 1847 3803 distrahere,
1881 3740 2022 3794 redit
2058 3758 2244 3796 rursus
2272 3741 2339 3796 ad

769 3838 1055 3892 consueta,
1094 3838 1145 3882 et
1178 3839 1420 3883 armatur
1449 3831 1628 3883 denuo
1656 3831 1917 3883 adversus
1940 3833 2113 3884 solum
2146 3844 2342 3904 marty-

770 3935 907 3982 rem,
949 3931 1001 3974 et
1027 3922 1184 3989 jubet
1223 3921 1271 3974 ei
1308 3921 1550 3974 exscindi
1583 3922 1818 3991 pupillas
1859 3926 2138 3979 oculorum
2174 3927 2221 3980 is
2248 3928 2341 3996 qui

768 4014 948 4065 cordis
990 4011 1305 4066 caicutiebat
1351 4013 1544 4076 oculis,
1571 4024 1625 4066 et
1671 4013 1818 4066 illum
1879 4017 2047 4085 magis
2096 4019 2342 4072 cruciare

771 4117 1091 4173 procurans,
1127 4112 1183 4157 ct
1220 4103 1558 4165 Inacltinans,
1592 4113 1650 4156 ut
1686 4104 1807 4171 ejus
1852 4106 2057 4161 sororis
2097 4123 2195 4176 per
2243 4109 2344 4165 hoc

771 4196 1116 4263 frangeretur
1162 4192 1406 4247 audacia.
1444 4190 1548 4247 Sed
1600 4193 1655 4246 in
1688 4192 1792 4248 hoc
1831 4212 2048 4265 quoque
2077 4199 2181 4253 fuit
2213 4216 2345 4255 con-

772 4285 950 4339 victus
1014 4298 1148 4338 vana
1221 4294 1276 4340 et
1338 4283 1518 4338 inania
1571 4284 1754 4338 moliri
1813 4288 2079 4343 adversus
2138 4292 2342 4347 Christi

771 4391 984 4431 servos.

2444 3197 2789 3264 ὑπηγάγετο,
2822 3196 2919 3249 καὶ
2961 3195 3127 3249 αὑτὸν
3156 3196 3212 3249 δὲ
3247 3196 3339 3247 τὸν
3382 3195 3677 3265 τύραννον,
3717 3198 3767 3247 εἰ
3810 3200 3910 3251 καὶ
3940 3200 4011 3267 μὴ

2443 3288 2698 3359 καθαρῶς
2732 3289 2866 3360 πρὸς
2898 3290 3216 3345 θεοσέϐειαν
3244 3291 3497 3343 εἵλκυσεν
3522 3334 3535 3355 ,
3584 3290 3720 3343 ἀλλὰ
3756 3294 3888 3356 τοὺς
3926 3292 4011 3345 λο-

2441 3384 2671 3452 γισμοὺς
2708 3384 2922 3435 ἐκείνου
2952 3382 3208 3446 διέσεισε,
3238 3384 3335 3435 καὶ
3366 3384 3491 3453 περὶ
3511 3384 3572 3435 τὸ
3601 3386 3807 3435 οἰκεῖον
3836 3385 4003 3445 σέϐας

2441 3474 2769 3536 ὲπιδοιὰζειν
2822 3473 3141 3540 πεποίηκεν.
3224 3475 3433 3541 Ὅμως,
3478 3476 3526 3526 εἰ
3582 3474 3665 3525 δεῖ
3734 3474 3783 3526 τ’
3813 3475 4010 3541 ἀληθὲς

2440 3567 2635 3626 εἰπεῖν,
2670 3567 2695 3615 ό
2734 3562 2932 3631 Αἰθίοψ
2962 3564 3062 3615 οὐκ
3113 3562 3452 3615 ὲλευκαίνετο
3524 3571 3611 3615 καὶ
3664 3566 3692 3615 ό
3747 3566 4011 3633 καρκίνος

2441 3656 2577 3726 ὀρθὰ
2630 3655 2867 3724 βαδίζειν
2920 3656 3021 3708 οὐκ
3081 3655 3417 3711 ὲδιδάσκετο.
3482 3653 3570 3717 Ὠς
3641 3653 3751 3723 γὰρ
3818 3655 4012 3708 ἐνίκων

2445 3749 2544 3817 μὲν
2578 3749 2627 3800 οἰ
2656 3747 2911 3817 ἀθληταὶ,
2943 3748 3143 3817 ἡττᾶτο
3181 3748 3237 3800 δὲ
3274 3750 3301 3800 ό
3330 3746 3621 3816 δυσσεϐὴς,
3652 3748 3750 3800 καὶ
3779 3747 4012 3818 διασπᾷν

2440 3841 2640 3903 αὐτοὺς
2675 3841 2770 3893 ἀπ’
2805 3840 3076 3911 ἀλλήλων.
3117 3842 3228 3894 Καὶ
3272 3842 3370 3910 τῆς
3420 3842 3503 3903 εἰς
3538 3841 3781 3915 Χριστὸν
3822 3841 4013 3910 ὁμολο-

2444 3933 2572 3999 γίας
2600 3933 2696 4001 οὐχ
2731 3929 2844 3994 οἷός
2871 3950 2931 3986 τε
2961 3928 3047 4003 ἦν,
3080 3933 3176 3986 ἐπὶ
3209 3933 3276 3984 τὰ
3305 3934 3482 3987 οἰκεῖα
3514 3933 3677 3986 πάλιν
3738 3934 3837 3986 καὶ
3882 3949 4008 3987 suv-

2444 4024 2553 4092 ήθη
2619 4026 2790 4091 χωρεῖ
2840 4025 2936 4077 καὶ
2971 4024 3115 4077 κατὰ
3167 4024 3335 4091 μόνου
3392 4021 3485 4074 τοῦ
3543 4025 3830 4093 μάρτυρες
3855 4022 4012 4082 αὖθις

2442 4114 2744 4178 ὁπλίζεται,
2780 4117 2875 4166 καὶ
2907 4114 3006 4176 τὰς
3031 4116 3140 4167 τῶν
3180 4115 3449 4184 ὀμμάτων
3486 4115 3651 4168 αὑτοῦ
3702 4116 3875 4184 κόρας
3924 4116 4012 4167 ἐκ·

2443 4205 2683 4274 κοπῆναι
2718 4204 3052 4275 προστάττει
3089 4198 3215 4273 (ιρεῦ
3247 4208 3275 4258 ό
3324 4206 3453 4269 τοὺς
3487 4208 3589 4277 τῆς
3631 4207 3865 4277 καρδίας
3917 4223 4012 4260 tuo

2444 4302 2703 4370 φλώττων
2732 4300 3093 4373 ὀφθαλμοὺς),
3128 4304 3224 4356 καὶ
3251 4303 3321 4358 τὰ
3348 4303 3513 4373 ὅμοια
3540 4302 3737 4357 παθεῖν
3759 4304 4011 4357 κάκεῖνον

2444 4393 2534 4446 διὰ
2561 4393 2659 4463 τῆς
2691 4393 2967 4461 τιμωρίας
2999 4394 3207 4461 ταύτης
3249 4393 3718 4460 καταναγκάζων,
3777 4395 3918 4463 πρὸς
3956 4394 4009 4445 δὲ

776 4468 1010 4536 καὶτῆς
1053 4468 1343 4538 ὁμαίμονας
1426 4463 1670 4520 ἐντεῦθεν
1728 4468 2092 4539 διαχαυνῶσαι
2173 4478 2273 4548 τὴν
2324 4485 2629 4553 εὐτολμίαν⁴
2704 4482 3137 4552 μηχανώμενος,
3193 4482 3312 4533 ἀλλ’
3369 4482 3603 4550 ἠλέγχθη
3683 4500 3789 4535 κοιν
3841 4483 4011 4551 τούτῳ

776 4559 911 4614 κενὰ
978 4560 1070 4613 καὶ
1141 4559 1347 4629 μάταια
1400 4560 1541 4612 κατὰ
1586 4561 1693 4612 τῶν
1739 4560 1833 4614 τοῦ
1892 4564 2126 4630 Χριστοῦ
2172 4568 2373 4623 δούλων
2407 4573 2658 4627 ἐπινοῶν.

847 4650 940 4704 XI.
974 4650 1236 4705 Postridie
1270 4660 1449 4705 autem
1494 4652 1649 4719 jubet
1685 4663 1974 4722 martyrem
2005 4655 2337 4728 Eulampiam

2514 4663 2617 4717 ΙΝ.
2663 4663 2739 4732 Τῇ
2771 4662 2895 4732 ἑξῆς
2922 4657 3016 4715 οὖν
3042 4662 3139 4733 τὴν
3168 4664 3421 4737 μάρτυρα
3451 4662 3559 4717 τῶν
3597 4662 3803 4733 τριχῶν
3845 4663 4010 4715 ἁπαι-

778 4742 1007 4797 sublime
1043 4741 1298 4811 suspendi
1334 4742 1558 4810 capillis.
1585 4743 1680 4798 Est
1714 4754 1893 4798 autem
1938 4746 2043 4802 hoc
2088 4752 2339 4818 gravissi-

778 4849 924 4887 mum
974 4832 1319 4901 supplicium,
1367 4833 1462 4885 sed
1504 4832 1705 4887 Christi
1740 4836 1949 4890 ancillae
1984 4839 2192 4895 deliciis
2219 4856 2343 4895 sua-

776 4925 897 4977 vius
916 4924 1349 4977 existimabatur.
1374 4921 1527 4976 Unde
1551 4926 1711 4977 etiam
1749 4926 1796 4978 ei
1826 4943 2015 4995 preces
2033 4931 2340 4987 admiscens

778 5013 1030 5068 dicebat:
1062 5011 1176 5081 Ago
1228 5011 1322 5065 tibi
1363 5015 1581 5081 gratias,
1626 5011 1771 5067 Deus
1820 5032 1973 5069 meus
2012 5027 2064 5071 et
2111 5031 2342 5087 creator,

777 5105 919 5171 quod
967 5118 1050 5156 me
1093 5111 1239 5157 tuam
1295 5103 1543 5156 ancillam
1576 5104 1827 5175 dignatus
1869 5106 1941 5160 sis
1990 5125 2087 5177 pro
2134 5121 2186 5165 te
2226 5128 2348 5166 sus-

779 5196 954 5261 ceptis
980 5208 1174 5247 Ornare
1230 5196 1531 5247 tormentis.
1564 5194 1698 5249 Cum
1735 5208 1913 5251 autem
1947 5216 2041 5266 per
2068 5218 2225 5256 omne
2254 5219 2346 5273 ge-

781 5301 883 5339 nus
914 5285 1162 5354 supplicii
1192 5296 1463 5353 Oporterct
1508 5285 1737 5337 athletas
1784 5290 2346 5356 pervadere,.etian'isi

781 5386 1035 5444 tanquam
1079 5377 1182 5430 tela
1214 5376 1496 5430 infantium
1556 5378 1961 5445 reputabantur,
1995 5398 2112 5450 qua:
2144 5384 2221 5436 eis
2262 5386 2345 5436 in—

778 5467 1108 5527 ferebantur,
1165 5466 1431 5519 fornacem
1492 5468 1714 5521 accendi
1774 5470 1929 5537 juth
1990 5487 2209 5539 praeses,
2255 5475 2342 5526 illa

778 5558 1064 5611 Chaldaita
1097 5558 1263 5610 nihilo
1306 5560 1632 5617 inferiorem.
1670 5569 1721 5613 et
1778 5561 1844 5613 ad
1884 5577 1999 5613 eam
2052 5564 2212 5617 ducta
2260 5572 2340 5616 est

779 5649 1005 5703 materia
1048 5663 1165 5716 qute
1211 5659 1326 5701 erat
1370 5650 1561 5703 alitura
1601 5650 1678 5705 sic
1718 5668 2022 5717 accensam,
2065 5655 2344 5710 lictoribus

778 5755 939 5795 omne
972 5740 1207 5794 studium
1246 5742 1310 5795 ad
1364 5742 1465 5795 hoc
1517 5743 1943 5802 conferentibus.
1986 5746 2120 5801 Cum
2164 5756 2343 5802 autem

2447 4755 2706 4825 ωρεῖσθαι
2753 4755 2982 4811 κελεύει.
3045 4758 3202 4826 Δεινὴ
3291 4757 3349 4810 δὲ
3396 4755 3680 4825 τιμωριῶν
3718 4754 3860 4825 αὕτη
3921 4754 4011 4807 καὶ

2447 4847 2822 4909 δεινὰςἼατά
2877 4863 2938 4899 τε
2995 4848 3277 4917 μηνίγγων
3325 4849 3418 4901 καὶ
3471 4848 3599 4902 ἰνῶν
3648 4848 3743 4901 καὶ
3799 4849 4010 4917 ὑμένων

2448 4939 2663 4992 ὲνιεῖσα
2685 4938 2783 5000 τὰς
2816 4938 3116 5005 ἀλγηδόνας
3140 4956 3154 4971 ·
3189 4938 3323 4991 ἀλλὰ
3353 4942 3417 5008 τῇ
3456 4938 3547 4991 τοῦ
3586 4938 3827 5007 Χριστοῦ
3852 4938 4011 5005 δούλῃ

2448 5028 2660 5094 τρυφῆς
2695 5028 2858 5098 ⁴ἡδίων
2892 5030 2919 5096 ἡ
2954 5027 3186 5097 βάσανος
3220 5029 3521 5098 ἐνομίζετο,
3562 5028 3684 5081 ὅθεν
3726 5030 3824 5081 καὶ
3852 5030 4011 5095 εὐχὴν

2451 5119 2587 5186 αὐτῇ
2628 5119 3139 5187 προσαναμιγνῦσα,
3186 5120 3505 5191 Εὐχαριστῶ
3543 5136 3645 5180 σοι,
3691 5119 3867 5186 ἔλεγε,
3914 5120 4010 5171 Θεέ

2452 5227 2553 5278 μου
2588 5212 2680 5262 καὶ
2709 5212 3043 5280 δημιουργὲ,
3080 5212 3160 5262 ὅτι
3197 5229 3263 5279 με
3294 5212 3393 5277 τὴν
3419 5212 3520 5280 σὴν
3547 5212 3743 5281 δούλην
3777 5212 4009 5278 ἠξίωσας

2449 5303 2570 5363 ταῖς
2614 5301 2751 5370 ὑπὲρ
2807 5302 2899 5353 σοῦ
2941 5301 3237 5371 τιμωρίαις
3281 5301 3818 5370 ἐγκαλλωπίζεσθαι.
3865 5303 4013 5355 Ἐπεὶ

2450 5392 2507 5443 δὲ
2559 5392 2651 5443 καὶ
2707 5392 2811 5443 ἔδει
2860 5392 2948 5444 διὰ
2998 5393 3181 5463 πάσης
3231 5393 3613 5463 τιμωρητικῆς
3674 5395 3823 5457 ἰδέας
3872 5393 4013 5452 οτοίις

2449 5484 2691 5551 ἀθλητὰς
2730 5484 2981 5546 διελθεῖν,
3032 5485 3133 5537 κᾶν
3171 5485 3247 5549 ὡς
3286 5487 3495 5556 νηπίων
3530 5486 3667 5556 βέλη
3695 5487 3905 5549 τούτοις
3950 5486 4013 5536 τὰ

2450 5576 2765 5643 ὲπαγόμενα
2813 5575 3121 5642 ἐλογίζετο,
3157 5580 3388 5646 κάμινον
3420 5580 3692 5649 ἐκκαῆναι
3733 5579 3946 5631 κελεύει
3984 5580 4013 5630 ὁ

2452 5664 2696 5732 ἡγεμὼν,
2735 5666 2887 5719 οὐδὲν
2927 5668 3026 5732 τῆς
3072 5667 3385 5735 Χαλδαῖκῆς
3445 5669 3659 5739 ἐκείνης
3695 5669 4011 5727 ὲνδέουσαν,

2453 5755 2544 5805 καὶ
2570 5756 2732 5823 ἤγετο
2761 5758 2892 5825 πρὸς
2915 5758 3121 5826 ταύτην
3160 5758 3257 5828 ὕλη
3298 5759 3396 5829 ὅση
3432 5762 3657 5829 τρέφειν
3690 5761 3881 5830 ἔμελλε
3924 5760 4015 5828 τὴν
