4178 6316
124 365 257 429 1065

918 358 1377 419 MAR'l‘YRlUM
1418 357 1474 416 S.
1514 352 1887 415 EULAMPII
1946 353 2038 412 ET
2096 352 2155 412 S.
2192 348 2618 410 EULAMPIIE.

3226 343 3357 408 1066

120 481 288 541 οὕτως
320 476 705 546 ἐκκαιομένην,
741 473 1001 525 παντοίαν
1044 470 1150 521 τῶν
1181 468 1388 536 δημίων
1417 466 1492 532 είς
1529 463 1685 517 τοῦτο
1715 470 1743 525 Α

1804 462 2000 518 lamma
2035 472 2179 515 esset
2216 460 2349 513 adeo
2390 459 2441 512 in
2473 459 2638 514 altum
2686 458 2917 525 sublata,
2956 471 3013 515 ut
3059 462 3218 516 etiam
3269 480 3358 519 eos

119 572 216 639 τὴν
266 569 504 637 σπουδὴν
561 563 1070 630 καταϐαλλομένων.
1130 560 1422 627 Μετεώρου
1478 557 1534 610 δέ
1577 555 1678 622 τῆς

121 663 318 731 φλογὸς
360 659 659 729 γενομένης
702 658 775 718 ὡς
812 652 1083 725 μακρόθεν
1120 650 1522 719 καταπλήττειν
1553 649 1679 707 τοὺς

122 755 438 823 βλέποντας,
466 748 696 817 ἄγεσθαι
735 748 858 808 τοὺς
897 746 1181 814 μάρτυρας
1218 742 1245 793 6
1289 738 1545 808 δικαστὴς
1587 754 1684 790 κε-

119 845 288 909 λεύει,
340 845 434 897 καὶ
497 839 594 911 τῆς
663 840 893 909 καμίνου
961 837 1123 906 μέσον
1168 832 1447 887 ὠθεῖσθαι.
1506 832 1680 901 Προσ-

120 938 316 1003 ἠγοντο
345 933 435 986 οὖν
461 934 510 985 οί
546 932 842 1001 μάρτυρες,
871 930 897 979 6
930 928 1028 993 μὲν
1056 926 1194 987 θεῖος
1227 922 1570 992 Εὑλάμπιος,
1596 920 1683 972 διὰ

119 1027 177 1077 τὸ
218 1026 344 1086 τοὺς
381 1022 695 1091 ὀφθαλμοὺς
750 1017 1111 1084 ἐκκεκόφθαι,
1154 1015 1257 1067 ὑπὸ
1302 1031 1460 1066 τινων
1489 1011 1682 1065 διαϐα-

122 1116 451 1183 σταζόμενος
545 1116 574 1180 ἡ
633 1112 689 1164 δέ
759 1108 979 1178 γενναία
1037 1105 1332 1174 Εὑλαμπία
1395 1103 1489 1156 καὶ
1548 1102 1686 1169 μετὰ

122 1206 320 1258 πολλοῦ
360 1205 454 1257 τοῦ
493 1205 724 1273 θάρσους
757 1202 1134 1271 προτρέχουσα
1169 1196 1241 1258 ὡς
1284 1195 1362 1257 είς
1406 1193 1682 1262 θάλαμον,

118 1299 218 1350 οὐκ
248 1299 326 1359 εἰς
353 1298 580 1364 κάμινον
606 1295 957 1361 ἐλευσομένη,
980 1292 1054 1352 ὡς
1080 1290 1249 1342 δὲκαὶ
1278 1288 1353 1358 τῷ
1380 1288 1511 1355 πυρὶ
1540 1303 1686 1356 παρ·

120 1391 404 1456 εδὸθησαν,
456 1389 487 1456 ή
545 1385 674 1453 φλὸξ
727 1385 923 1448 αὐτοὺς
971 1384 1123 1436 οὐδὲν
1190 1382 1517 1453 ἐλυμήνατο,
1569 1378 1684 1435 ἀλλ’

124 1480 328 1533 αὐτίκα
381 1478 539 1547 δίκην
599 1477 782 1543 ἁιζνίδος
834 1474 1208 1543 κυρτωθεῐσα,
1261 1474 1357 1525 καὶ
1408 1471 1574 1541 πολλῇ
1624 1472 1689 1540 τῇ

124 1573 303 1640 φειδοί
366 1573 503 1640 πρὸς
557 1569 616 1621 τὸ
679 1570 844 1639 μέσον
899 1568 1288 1633 ἀπολαϐοῦσα,
1346 1566 1599 1636 καθάπερ
1635 1567 1691 1617 ἐν

124 1666 457 1735 φαιδροτάτῃ
521 1664 755 1716 παστάδι
811 1662 933 1722 τοὺς
964 1660 1199 1730 ἀθλητὰς
1226 1658 1529 1727 ἐθαλάμευε
1552 1697 1565 1718 ,
1601 1656 1693 1709 καὶ

128 1761 190 1811 τὸ
226 1760 324 1827 τῆς
366 1759 579 1826 φύσεως
632 1754 949 1819 καυστικον,
998 1754 1078 1814 είς
1128 1752 1299 1820 αὔραν
1338 1749 1691 1821 δροσίζουσαν

1781 555 1871 623 qui
1904 554 2091 621 procul
2118 551 2415 607 cernebant
2468 552 2850 621 stupefaceret,
2885 553 3033 624 jubet
3072 552 3233 621 judex
3269 557 3359 611 ad-

1783 646 1903 699 duci
1939 654 2219 716 mattyres,
2257 654 2309 699 et
2338 644 2479 698 trudi
2530 644 2583 697 in
2629 644 2866 698 medium
2917 644 3210 700 fornacem.
3258 648 3361 703 Ad—

1784 734 1928 789 ducti
1962 745 2088 788 sunt
2130 750 2257 805 ergo
2305 745 2565 803 martyres
2601 750 2613 786 :
2647 734 2863 790 divinus
2888 737 3105 805 quidem
3144 738 3362 792 Eulatn-

1784 829 1923 898 pius,
1957 836 2241 898 propterea
2275 827 2419 897 quod
2458 826 2668 891 fuerant
2700 827 2747 880 ei
2785 828 2923 882 eruti
2980 829 3144 890 oculi,
3191 848 3217 884 δ
3246 836 3364 902 qui-

1784 918 2011 974 busdam
2058 929 2306 987 portatns
2351 935 2658 989 ;generosa
2692 930 2873 975 autem
2911 922 3189 993 Eulampia
3237 939 3360 979 cum

1789 1026 1977 1083 magna
2009 1026 2300 1064 accurrens
2330 1011 2572 1076 audacia,
2609 1021 2860 1082 tanquam
2898 1014 3215 1079 thalamum,
3254 1034 3362 1073 non

1788 1106 2059 1159 fornacem
2087 1105 2414 1176 ingressura.
2451 1104 2584 1157 Cum
2621 1115 2801 1160 autem
2845 1106 2953 1176 igni
2989 1108 3219 1164 fuissent
3256 1122 3363 1167 tra-

1788 1197 1908 1261 diti,
1946 1196 2158 1250 llamma
2208 1212 2300 1251 eos
2332 1195 2463 1249 nihil
2493 1195 2651 1260 lar-sit,
2692 1196 2785 1251 sed
2825 1202 3029 1262 statim,
3068 1203 3239 1258 instar
3264 1206 3363 1260 ab-

1791 1290 1939 1354 sidis,
1974 1291 2252 1343 incurvata
2315 1298 2369 1342 et
2423 1289 2708 1359 diligenter
2770 1307 2966 1347 carens
3009 1310 3075 1349 ne
3122 1296 3359 1351 medium

1794 1379 2168 1448 interciperet,
2239 1390 2492 1448 tanquam
2568 1381 2622 1434 in
2686 1382 3079 1452 iucundissimo
3133 1389 3365 1443 thalamo

1794 1471 2026 1525 athletas
2053 1470 2389 1536 continebat,
2418 1480 2471 1524 et
2514 1481 2720 1528 naturae
2759 1490 2869 1529 sum
2908 1478 3154 1532 ardorem
3183 1478 3235 1532 in
3268 1496 3367 1534 au-

1797 1576 1909 1615 ram
1939 1561 2258 1615 irrorantem
2284 1565 2651 1618 convertebat.
2680 1565 2937 1637 Martyres
2966 1584 3091 1623 vero
3117 1580 3365 1640 tanquam

1796 1654 1847 1706 in
1884 1668 2035 1722 prato
2078 1655 2290 1709 roscido
2330 1664 2384 1709 ct
2432 1672 2647 1712 ammno
2692 1660 2918 1714 choreas
2962 1670 3203 1731 agentes,
3240 1664 3372 1718 illud

1799 1745 2130 1815 descriptum
2149 1755 2203 1800 et
2229 1746 2482 1803 divinitus
2499 1749 2771 1813 edoctum,
2790 1766 3102 1820 puerorum,
3124 1755 3373 1831 inquam,

132 1823 433 1920 μετετίθει,
462 1848 557 1902 καὶ
588 1850 635 1900 οἱ
668 1847 942 1915 μάρτυρες
981 1845 1054 1906 ὼς
1084 1845 1141 1894 ἐν
1170 1842 1399 1912 λειμῶνι
1437 1839 1692 1910 δροσώδει
1725 1823 1743 1878 Ῑ

1804 1838 2067 1893 canebant
2094 1840 2389 1894 canticum.

128 1961 187 1995 τε
248 1944 346 1995 καὶ
398 1943 516 2010 ἡδεί
576 1938 916 2008 χορεύοντες,
970 1935 1068 2006 τὴν
1128 1934 1269 2006 ᾠδὴν
1333 1934 1548 2003 ἐκείνην
1603 1932 1699 2003 τὴν

128 2032 487 2102 ἀνάγραπτὸν
532 2046 590 2081 τε
638 2027 733 2081 καὶ
771 2027 1110 2079 θεοδίδακτον
1150 2020 1255 2078 τῶν
1294 2024 1503 2078 παίδων
1548 2020 1697 2096 ᾖδον.

203 2122 305 2177 ΙΒ’.
347 2122 488 2191 Πρὸς
524 2119 699 2173 ταῦτα
728 2118 891 2170 πάλιν
920 2119 946 2170 ὁ
975 2118 1237 2188 τύραννος
1262 2154 1275 2178 ,
1324 2114 1415 2167 καὶ
1461 2116 1540 2165 ἔτι
1584 2114 1702 2181 διηο

137 2219 359 2285 πορεῖτο
385 2256 397 2277 ,
452 2213 548 2266 καὶ
575 2215 641 2283 τῇ
674 2211 895 2281 τοιαύτῃ
946 2207 1336 2279 τερατουργὶα,
1390 2206 1615 2278 παρεῖτό
1646 2224 1703 2258 τε

133 2310 230 2362 καὶ
266 2306 566 2375 ὲξησθένει,
595 2307 687 2357 καὶ
720 2302 853 2372 πρὸς
887 2302 1127 2369 ἐσχάτην
1160 2298 1474 2368 ἀμηχανίαν
1524 2297 1704 2361 ἐξέπι-

137 2417 292 2453 πτεν.
340 2396 473 2453 Εἶτα
519 2401 632 2459 τοῖς
675 2397 817 2458 ὅλοις
861 2392 1281 2462 ἀπαγορεύσας,
1336 2390 1433 2461 τὴν
1470 2392 1707 2459 ἐσχάτην

136 2494 231 2546 καὶ
271 2489 590 2544 τελευταίαν
632 2489 742 2547 τοῖς
793 2484 1053 2551 ἀθληταῖς
1116 2481 1504 2550 ἐπιψηφίζεται
1534 2497 1707 2548 τιμω-

138 2582 285 2652 ρίαν,
331 2580 429 2647 τὴν
460 2578 547 2631 διὰ
577 2577 670 2629 τοῦ
702 2574 891 2642 ξίφους
926 2574 1069 2642 φημὶ
1102 2572 1377 2640 τελευτήν.
1422 2570 1596 2631 Εὐθὺς
1618 2569 1709 2622 οὗν

136 2674 236 2746 τὴν
284 2670 380 2723 ἐπὶ
431 2669 643 2737 Θανάτῳ
691 2665 966 2735 δεσμῶται
1011 2665 1353 2730 ἀπάγονται,
1412 2661 1502 2714 καὶ
1534 2660 1562 2711 6
1611 2660 1709 2730 μὲν

144 2764 363 2830 μάρτυς
414 2759 724 2828 προθύμως
762 2757 860 2826 τὴν
907 2756 993 2808 διὰ
1050 2754 1145 2808 τοῦ
1203 2752 1390 2823 ξίφους
1435 2750 1710 2803 τελείωσιν

140 2854 409 2914 ὑποστὰς,
445 2854 583 2919 πρὸς
611 2849 876 2918 οὐρανοὺς
908 2847 1233 2915 στεφανίτης
1265 2845 1516 2916 ἀνήγετο.
1564 2844 1626 2894 'll
1654 2842 1709 2893 δὲ

137 2945 333 2999 τούτου
370 2940 569 3011 ἀδελφὴ
601 2942 695 2992 καὶ
726 2939 979 3001 κοινωνὸς
1002 2938 1110 2990 τῶν
1138 2936 1383 3004 ἀγώνων,
1415 2934 1711 2988 τελειοῦται

141 3040 240 3092 καὶ
269 3038 380 3107 πρὸ
410 3035 502 3087 τοῦ
534 3034 723 3103 ξίφους
764 3032 857 3085 καὶ
908 3030 1122 3101 μάρτυς
1150 3030 1535 3097 ἀπηρτισμένη
1571 3026 1710 3080 κατὰ

141 3130 472 3199 προαίρεσιν
504 3128 735 3194 γίνεται,
769 3125 868 3177 οὐκ
898 3122 1120 3184 ἀπεικὸς
1149 3120 1306 3173 τοῦτο
1336 3120 1431 3189 τῆς
1459 3118 1552 3171 τοῦ
1578 3118 1710 3170 Θεοῦ

1873 2104 1989 2158 XII.
2023 2105 2099 2159 Ad
2136 2106 2248 2161 hac
2280 2121 2468 2160 rursus
2509 2117 2765 2176 tyrannus
2796 2119 2849 2163 et
2878 2112 3044 2182 magis
3072 2112 3372 2182 dubitabat,

1805 2208 1857 2254 et
1897 2199 1999 2253 hoe
2025 2199 2269 2269 prodigio
2293 2200 2449 2269 plane
2477 2212 2723 2256 evaserat
2754 2204 2964 2260 solutus
2979 2214 3034 2261 et
3067 2208 3373 2277 imbecillis,

1807 2300 1859 2345 et
1917 2291 2165 2345 redactus
2207 2301 2321 2345 erat
2374 2293 2439 2345 ad
2498 2303 2793 2349 extremam
2848 2298 3058 2352 consilii
3114 2300 3373 2371 inopiam.

1812 2383 2012 2437 Deinde
2056 2399 2177 2436 cum
2225 2397 2438 2436 omnem
2491 2399 2641 2453 spem
2689 2385 2901 2456 penitus
2945 2388 3263 2459 abiecisset,
3323 2396 3377 2448 in

1809 2474 2035 2528 athletas
2058 2474 2301 2527 ultimum
2329 2475 2515 2528 statuit
2543 2476 2886 2546 supplicium,
2914 2494 3109 2550 nempe
3140 2485 3377 2538 utvitam

1812 2566 2247 2636 finirentgladio.
2276 2564 2532 2622 Protinus
2575 2584 2702 2638 ergo
2746 2568 2912 2624 vincti
2944 2572 3287 2629 abducuntur
3315 2579 3380 2631 ad

1798 2669 2062 2712 mortem.
2107 2658 2168 2711 lit
2207 2669 2411 2730 martyr
2436 2661 2653 2728 quidem
2697 2677 2822 2715 cum
2851 2674 3103 2733 prompto
3132 2676 3186 2720 et
3217 2667 3380 2721 alacri

1813 2750 1995 2804 animo
2026 2750 2282 2804 subiisset
2314 2751 2492 2819 gladio
2536 2754 3082 2820 consunnnationem,
3126 2755 3181 2810 in
3216 2758 3383 2813 caelos
3450 2790 3453 2793 ν

1814 2851 2107 2897 coronatus
2169 2843 2448 2897 extollitur
2489 2860 2503 2898 :
2543 2844 2660 2913 ejus
2714 2855 2893 2899 autem
2934 2862 3088 2902 soror
3139 2857 3192 2903 et
3238 2851 3385 2905 socia

1815 2935 2217 3000 certaminum,
2272 2936 2435 2989 etiam
2492 2945 2616 2991 ante
2669 2934 2902 3008 gladium
2952 2950 3386 3005 consummatur,

1816 3026 2199 3095 propositoque
2222 3035 2277 3079 et
2306 3027 2469 3079 animi
2500 3026 2745 3080 instituto
2791 3028 2851 3081 fit
2884 3030 3121 3097 perfecta
3163 3041 3385 3102 martyr.

1820 3116 1930 3171 Hoc
1962 3104 2138 3171 autem
2178 3131 2283 3171 non
2326 3117 2392 3171 ab
2422 3132 2480 3170 re
2504 3118 2741 3187 providit
2771 3119 2862 3173 Dei
2884 3120 3169 3188 sapientia,
3204 3124 3297 3176 sed
3330 3132 3388 3177 ut

144 3223 346 3289 σοφίας
381 3220 839 3288 οίκονομησάσης,
872 3217 985 3270 ἀλλ’
1021 3216 1108 3267 ἴνα
1142 3213 1275 3284 μηδὲ
1308 3211 1558 3280 σώματος
1612 3198 1743 3264 καο¹

1817 3222 2012 3274 corpus
2046 3207 2308 3261 mundum
2340 3216 2395 3262 et
2431 3224 2459 3261 a
2507 3209 2761 3264 vitiorum
2799 3212 3197 3267 consuetudine
3246 3214 3387 3267 inta-

143 3309 346 3380 θαροῦ,
412 3312 504 3361 καὶ
565 3306 753 3359 παθῶν
812 3306 1115 3374 ἐπιμιξίαις
1170 3304 1476 3368 ἁνδπάφου,
1537 3303 1719 3370 χεῖρες

145 3402 458 3467 ἀκάθαρτοι
485 3398 762 3467 ψαύσωσι,
802 3394 1002 3465 μᾶλλον
1028 3392 1092 3463 δὴ
1124 3392 1222 3461 τῆς
1259 3392 1467 3445 ἑαυτῶν
1502 3392 1721 3459 σφαλῶ-

148 3508 235 3543 σιν
271 3486 512 3550 ὲλπίδος,
544 3487 756 3555 ἐκείνης
790 3482 1155 3553 ἀποτυχόντες
1197 3483 1296 3551 τῆς
1351 3484 1619 3550 τιμωρίας
1650 3479 1717 3533 δι’

145 3578 214 3652 ἧς
251 3579 490 3641 αἰκίζειν
533 3578 632 3646 τὴν
669 3577 924 3647 μάρτυρα
978 3573 1171 3643 ᾤοντο.
1216 3572 1402 3626 Ταῦτα
1443 3572 1551 3623 τῶν
1590 3575 1720 3639 άητο

146 3675 338 3743 τήτων
391 3671 685 3740 μαρτύρων
741 3667 977 3738 Χριστοῦ
1024 3666 1091 3718 τά
1141 3665 1528 3734 παλαίσματα*
1563 3663 1721 3717 τοῦτο

147 3767 259 3817 τῶν
316 3762 579 3832 ἀοιδίμων
679 3762 739 3814 τὸ
815 3758 1138 3812 πολύευκτον
1203 3757 1416 3825 ’κέρας’
1500 3755 1722 3819 τούτους

155 3856 514 3926 ἐμακάρισαν
549 3854 648 3921 μὲν
677 3854 736 3903 αἱ
766 3851 952 3918 vespa!
981 3852 1154 3901 πᾶσαι
1177 3849 1430 3916 δυνάμεις
1451 3885 1465 3909 ,
1499 3847 1722 3900 ἐπευλό-

150 3965 338 4017 γησαν
361 3946 421 4000 δὲ
452 3943 811 4015 πατριάρχαι,
851 3939 1139 3995 ἀπόστολοι
1169 3938 1370 4011 ᾔνεσαν
1393 3979 1408 4004 ,
1441 3940 1535 3993 καὶ
1579 3940 1720 4011 μάρ-

149 4056 319 4109 τυρες
370 4038 446 4099 ὼς
495 4034 825 4105 ἐφαμίλλους
857 4031 965 4086 τῶν
1016 4031 1212 4094 πόνων,
1266 4031 1358 4082 καὶ
1405 4030 1503 4099 τῆς
1550 4031 1727 4084 αὐτῶν

155 4129 462 4201 ἰσορρόπου
497 4125 812 4195 ὁμολογίας,
872 4124 1024 4194 ἱεράν
1080 4122 1396 4194 προσθήκην
1446 4119 1725 4184 ἐδέξαντο·

155 4223 323 4282 αὐτὸς
358 4219 416 4271 δὲ
444 4218 471 4268 6
510 4217 878 4284 Ἀγωνοοέτης
913 4214 1053 4283 ὑπὲρ
1086 4207 1145 4265 οὗ
1180 4214 1239 4264 τὸ
1271 4214 1503 4282 πάσχειν
1545 4209 1729 4282 προεί-

157 4312 336 4375 λοντο,
380 4310 476 4362 καὶ
523 4308 580 4360 ὃν
610 4304 918 4377 ἔμπροσθεν
960 4303 1067 4357 τῶν
1110 4302 1415 4372 ἀνθρώπων
1459 4320 1726 4372 μάρτυρι-ι

156 4405 273 4465 κῶς
321 4401 708 4473 ὡμολόγησαν,
756 4398 850 4451 καὶ
900 4396 1060 4459 αὐτὸς
1102 4395 1332 4450 ἐνώπιον
1386 4393 1480 4447 τοῦ
1521 4395 1731 4465 [ἰατρὸς

1818 3306 1965 3353 clum
2001 3313 2193 3352 manus
2222 3298 2516 3352 immunda:
2548 3315 2653 3353 non
2698 3310 2998 3370 tangerent,
3018 3312 3180 3372 atque
3206 3313 3265 3359 ut
3288 3321 3387 3358 sua

1820 3402 1914 3455 spe
1948 3387 2096 3456 impii
2130 3387 2544 3454 frustrarentur,
2572 3404 2694 3443 cum
2725 3392 2790 3446 ab
2836 3405 2902 3446 eo
2937 3392 3219 3448 inferendo
3245 3396 3391 3449 exci-

1821 3481 2026 3535 dissent
2052 3480 2334 3550 supplicio,
2366 3496 2462 3550 per
2506 3481 2648 3550 quod
2701 3485 2960 3551 putabant
2993 3500 3052 3539 se
3100 3492 3390 3556 punitnros

1823 3582 2139 3642 martyrem.
2176 3573 2301 3627 llaec
2330 3582 2458 3627 sunt
2503 3574 2824 3629 invictorum
2859 3576 3059 3631 Christi
3093 3590 3388 3651 martyrum

1822 3664 2119 3718 certamina
2175 3672 2229 3718 et
2280 3664 2368 3718 hic
2425 3675 2507 3719 est
2571 3667 2842 3734 optandus
2900 3670 3021 3724 ﬁnis
3096 3672 3388 3743 insignium

1823 3753 2167 3807 athletarum.
2218 3753 2344 3808 lllos
2390 3754 2618 3809 bearunt
2662 3756 2878 3825 quidem
2928 3775 3118 3817 omnes
3167 3764 3392 3817 Virtutes

1826 3843 2235 3910 intelligentes,
2284 3845 2678 3900 bcnedixerunt
2722 3849 3057 3916 patriarchae,
3104 3852 3394 3907 laudarunt

1829 3936 2056 4006 apostoli
2098 3946 2154 3991 et
2195 3947 2481 4007 martyres,
2506 3947 2564 3993 ut
2607 3939 2683 3994 eis
2730 3957 2886 4012 pares
2926 3945 2979 3996 in
3003 3945 3293 4001 laboribus
3341 3960 3395 4002 et

1828 4028 2062 4098 aequales
2112 4028 2164 4082 in
2214 4028 2559 4085 confessione
2602 4043 3012 4089 sacrosanctum
3066 4049 3398 4107 acceperunt

1829 4119 2277 4173 additamentum.
2330 4120 2450 4189 Ipse
2489 4130 2669 4177 autem
2718 4123 3055 4192 Agonotheta
3106 4136 3160 4179 et
3211 4128 3389 4179 Domi-

1830 4225 1957 4274 nus,
2000 4225 2099 4281 pro
2142 4224 2250 4280 quo
2296 4211 2409 4280 pati
2446 4211 2866 4277 constituerunt,
2903 4221 2957 4267 et
3010 4229 3170 4284 quem
3212 4232 3393 4275 coram

1832 4301 2146 4357 hominibus
2196 4303 2482 4373 martyrice
2528 4302 2762 4359 confessi
2798 4316 2947 4373 sunt,
2974 4306 3108 4377 ipse,
3154 4309 3395 4380 inquam.

1833 4407 2013 4447 (oram
2050 4392 2208 4448 Patre
2244 4411 2336 4451 eos
2372 4397 2644 4465 praeconio
2667 4398 2970 4465 honoravit,
2997 4400 3138 4452 sicut
3172 4411 3254 4455 est
3286 4403 3400 4471 pol~

154 4495 302 4547 κατὰ
348 4495 411 4546 τὸ
457 4489 781 4561 ἐτάγγελμα
808 4489 1136 4560 ἀνεκήρυξε,
1180 4489 1276 4543 καὶ
1309 4486 1600 4551 κοινωνοὺς
1629 4487 1728 4556 τῆς

1804 4486 2034 4552 ηιὶεὶιιιε,
2081 4485 2372 4557 gloriaeque
2412 4496 2466 4541 et
2510 4488 2659 4560 regni
2706 4488 2967 4544 caelorum
3010 4491 3184 4547 socios
3227 4494 3395 4548 fecit:

154 4585 323 4653 δόξης
376 4586 472 4635 καὶ
533 4583 627 4649 τῆς
694 4582 974 4651 βασιλείας
1027 4580 1338 4648 εἰργάσατο.
1401 4578 1523 4631 Ὅτι
1578 4578 1726 4647 αὺτῴ

157 4680 370 4748 πρέπει
405 4675 555 4726 πᾶσα
578 4672 725 4738 δόξα,
750 4672 883 4740 τιμὴ
915 4671 1005 4721 καὶ
1027 4671 1249 4736 κράτος,
1281 4668 1635 4741 μεγαλωσύνη
1666 4686 1726 4722 τε

153 4773 249 4821 καὶ
279 4766 753 4838 μεγαλοπρέπεια,
780 4761 873 4816 νῦν
898 4761 987 4815 καὶ
1013 4761 1098 4814 ἀεὶ
1148 4762 1242 4812 καὶ
1272 4763 1351 4825 είς
1382 4763 1504 4826 τοὺς
1526 4763 1726 4826 αἰῶνας

153 4860 265 4914 τῶν
294 4859 535 4916 αἰώνων.
590 4858 781 4928 Ἀμήν.

597 5876 867 5938 ΡΑτιιοιι
913 5873 1028 5939 Gn.
1072 5875 1255 5939 CXV.

1834 4579 2093 4650 quoniam
2127 4595 2252 4636 eum
2293 4580 2451 4636 decet
2482 4582 2659 4636 omnis
2693 4582 2879 4654 gloria,
2914 4584 3087 4639 honor
3122 4596 3177 4638 et
3206 4587 3396 4640 adora-

1836 4673 2095 4735 tio,nunc
2170 4680 2223 4727 et
2275 4686 2508 4743 semper,
2573 4674 2726 4727 etin
2799 4676 2990 4729 sarcula
3053 4676 3392 4733 saeculorum.

1839 4763 2033 4817 Amen.

3023 5872 3099 5939 ει
