4178 6316
219 363 240 426 1
254 364 355 428 069

1254 356 1712 419 MARTYRIUM
1755 359 1812 418 S.
1858 357 2087 420 PORBI
2125 360 2218 418 ΕΤ
2252 356 2403 421 SOC.

3316 360 3452 424 1070

225 476 421 542 μᾶλλον
453 473 539 526 τὸν
579 475 762 541 αγιῖινα
795 474 1049 536 διατιθεὶς
1075 473 1148 536 ὡς
1182 470 1368 526 οἷόντε
1406 472 1784 543 χαλεπώτατα,

1898 484 2163 528 certamen
2189 473 2368 544 potius
2393 488 2590 544 parans
2617 472 2774 543 longe
2805 473 3204 529 difficillimum.
3240 471 3316 528 Illi
3350 491 3444 530 au-

221 569 308 622 ιιαὶ
336 565 482 634 αὑτῷ
514 566 644 617 πολύ
688 582 736 618 τι
768 567 967 635 πλῆθος
993 567 1349 635 παρειστήκει
1398 567 1624 634 δημίων,
1671 567 1782 626 τοῖς

217 657 421 710 ἐκείνου
452 659 541 709 καὶ
575 660 800 726 νεύμασι
829 657 920 710 καὶ
945 658 1179 726 σχήμασι
1200 657 1260 708 τὸ
1277 657 1524 718 εὐπειθὲς
1548 657 1781 725 ὑποφαί-

219 767 416 810 νοντες.
508 749 659 802 Ἐπεὶ
706 748 798 804 οὖν
841 755 949 814 τοῖς
1005 751 1255 820 τηνικάδε
1288 751 1673 821 δεισιδαίμοσιν
1733 754 1779 804 οἱ

223 837 492 904 μάρτυρες
523 837 609 886 ἐπ’
645 838 894 906 εὐσεϐείᾳ
925 839 1072 903 δῆλοι
1109 841 1387 905 γεγόνασι,
1431 842 1520 893 καὶ
1562 841 1781 909 θεσμοῖς

221 928 310 978 καὶ
339 928 577 995 εἱρκταῖς
618 929 714 998 ήδη
747 929 1229 998 συνελαμϐάνοντο,
1252 931 1299 982 οἱ
1340 932 1653 998 τὴντούτων
1680 949 1782 998 φυ-

219 1016 388 1086 λακὴν
430 1021 910 1088 ἐπιτετραμμένοι,
941 1023 1007 1071 τὰ
1042 1021 1158 1072 κατ’
1191 1022 1384 1083 αὐτοὺς
1414 1023 1490 1091 τῷ
1517 1023 1783 1086 δικάζοντι

215 1107 588 1176 διεσήμαινον,
645 1112 670 1160 ὁ
726 1109 780 1160 δὲ
836 1113 983 1179 κοινῇ
1045 1112 1143 1178 μὲν
1196 1112 1392 1173 αὐτοὺς
1439 1114 1783 1182 παραστῆναι

217 1199 504 1252 ἀπείπατο.
545 1198 675 1250 Καθ’
706 1199 800 1251 ἕνα
829 1199 883 1250 δὲ
924 1200 1125 1268 μᾶλλον
1180 1202 1434 1267 εἰσάγων,
1463 1203 1560 1270 την
1599 1201 1783 1266 ἐξέτα-

219 1306 306 1341 σιν
351 1293 607 1354 ἐποιεῖτο,
665 1292 959 1360 κακούργῳ
1014 1293 1202 1360 σκέψει
1253 1295 1380 1362 περὶ
1423 1293 1576 1344 τοῦτο
1608 1294 1785 1347 διατε-

218 1382 375 1446 θεὶς,
441 1382 535 1433 καὶ
594 1379 762 1448 ταὺτῃ
833 1383 1034 1450 μᾶλλον
1103 1385 1244 1434 ἑλεῖν
1299 1385 1425 1445 τοὺς
1483 1384 1783 1453 ἀηττήτους

216 1473 610 1541 διανοούμενος.
674 1475 782 1526 Καὶ
845 1476 1059 1543 πρῶτος
1116 1476 1216 1543 μὲν
1284 1479 1312 1529 6
1379 1478 1501 1529 καθ’
1570 1478 1784 1545 ἠλικίαν

215 1559 469 1632 τάραχος
490 1557 643 1625 οὗτος
679 1561 766 1635 ἦν.
823 1566 1111 1635 παρελθὼν
1147 1569 1226 1628 εἰς
1265 1571 1449 1636 μέσον,
1493 1568 1785 1637 ἐρωτηθεὶς

219 1654 378 1714 ὅστις
435 1653 673 1715 καλοῖτο,
719 1656 1040 1725 Χριστιανὸν
1073 1658 1263 1708 ἑαυτὲν
1287 1657 1652 1724 ὡμολόγησεν,
1690 1674 1785 1724 μο-

214 1747 432 1814 νονουχὶ
459 1745 628 1813 λέγων
654 1748 787 1814 πρὸς
813 1749 900 1798 τὸν
915 1748 1097 1799 ἄδικον
1122 1747 1399 1817 δικαστήν,
1423 1747 1497 1809 ὡς
1522 1749 1696 1816 Ὅπερ
1719 1748 1782 1800 σὺ

217 1833 434 1898 διώκεις
475 1835 548 1896 ὡς
597 1837 869 1906 ἔγκλημα,
905 1839 1060 1889 τοῦτο
1097 1837 1298 1906 κόσμος
1338 1839 1460 1906 ἐμοὶ
1493 1839 1585 1890 καὶ
1619 1838 1787 1907 ὄνομα
1818 1813 1862 1870 Β

218 1926 432 1996 κύριον.
502 1929 713 1998 Ἐπειδὴ
741 1931 794 1980 δὲ
832 1930 924 1981 καὶ
954 1929 1014 1980 τὸ
1048 1933 1107 1981 ἐκ
1131 1930 1241 1980 τῶν
1266 1931 1468 1997 γονέων
1499 1930 1791 2000 ἐπικληθὲν

219 2023 663 2091 καταχρηστικὸν
697 2023 889 2091 μαθεῖν
921 2023 1013 2074 καί
1043 2022 1200 2074 τοζτο
1238 2023 1580 2090 φιλονεικεῖς,
1612 2025 1793 2095 Τάρα-

220 2127 315 2179 χος
368 2113 727 2181 ὀνομάζομαι,
769 2113 1114 2184 στρατιώτης
1149 2113 1203 2165 δὲ
1253 2112 1348 2173 ὦ),
1374 2115 1704 2184 ἠρνησάμην
1733 2115 1793 2166 τὸ

231 2204 391 2256 κάτω
422 2205 840 2273 στρατεύεσθαι,
878 2210 1106 2277 ἐπείπερ
1138 2206 1205 2258 τὰ
1235 2207 1371 2259 ὅπλα
1389 2207 1497 2260 τῶν
1541 2209 1796 2278 Χριστια-

213 2295 328 2347 νῶν
369 2296 523 2365 ήμῶν
556 2299 614 2350 οὐ
659 2300 894 2368 σαρκικὰ
921 2340 934 2362 ,
980 2299 1113 2350 ἀλλὰ
1152 2300 1350 2352 δυνατὰ
1391 2303 1466 2369 τῷ
1496 2301 1615 2371 Θεῷ
1657 2298 1797 2353 καθὰ

218 2383 434 2444 Παῦλὸς
497 2400 629 2452 φησι
680 2387 816 2453 πρὸς
865 2387 1183 2455 καθαίρεσιν
1243 2389 1338 2440 τοῦ
1393 2392 1794 2459 ἀντικειμένου.

218 2474 439 2544 ῐιρᾶττε
469 2470 560 2525 οὖν
583 2474 610 2525 ὃ
631 2475 808 2543 βούλει
836 2492 848 2504 ·
883 2477 1077 2545 ἔσομαι
1113 2479 1219 2547 γάρ
1243 2496 1322 2529 σοι
1352 2479 1440 2530 διὰ
1469 2480 1558 2530 τὸν
1591 2483 1648 2531 ἐν
1674 2481 1796 2550 ἐμοὶ

218 2567 362 2620 Θεὸν
396 2569 618 2637 κέντρον
648 2572 741 2620 καὶ
773 2569 1044 2639 Τάραχος,
1070 2572 1165 2622 καὶ
1195 2574 1327 2640 μήτε
1361 2570 1454 2622 τοῦ
1479 2572 1664 2640 γήρως
1697 2572 1796 2639 ἐμὲ

217 2661 321 2712 καὶ
350 2660 449 2728 τῆς
475 2663 1089 2731 πολιᾶς-ὐπομίμνησκε
1118 2666 1182 2733 τῇ
1211 2662 1484 2734 προθυμίᾳ
1519 2663 1794 2728 νεάζοντα,

217 2752 368 2819 μήτε
404 2753 505 2820 τὴν
528 2755 752 2821 ἀλογίαν
785 2756 892 2806 τῶν
921 2755 1026 2807 σῶν
1056 2756 1341 2824 βασιλέων,
1373 2757 1622 2826 πατρῷον
1669 2757 1800 2808 67:0-

215 2841 380 2894 κάλει
423 2845 603 2912 νόμον.
649 2844 742 2906 Εἷς
787 2846 895 2914 γὰρ
931 2848 1086 2914 ἡμῶν
1136 2850 1229 2898 καὶ
1267 2848 1468 2916 ἀληθής
1518 2843 1726 2917 Πατὴρ,
1771 2850 1798 2899 6

212 2934 382 3001 Θεὸς,
411 2936 468 2998 ὃς
509 2937 600 2988 καὶ
631 2937 712 2998 είς
755 2937 815 2988 τὸ
845 2933 990 2990 εἶναι
1034 2939 1377 3008 παρήγαγεν,
1409 2941 1458 2990 οἱ
1487 2938 1541 2990 δὲ
1577 2943 1657 2990 σοὶ
1689 2940 1798 2992 θεοὶ

214 3025 366 3078 λίθοι
399 3029 492 3080 καὶ
530 3025 659 3091 ξύλα
688 3028 863 3093 ὄντες,
900 3029 1246 3100 βδελύγματὰ
1280 3031 1409 3082 εἱσι·
1441 3029 1664 3084 τοιαῦτα
1691 3033 1797 3100 γὰρ

213 3119 296 3172 τὰ
330 3121 422 3172 τοῦ
453 3121 545 3174 σοῦ
583 3122 848 3191 βασιλέως
877 3123 1216 3192 σεϐάσματα.

300 3297 380 3353 I".
416 3300 641 3362 Τούτοις
684 3301 780 3370 τὴν
818 3301 987 3369 ὀργήν
1022 3300 1232 3369 ἀνάψας
1267 3301 1362 3353 τοῦ
1403 3302 1678 3364 δικαστοῦ,
1724 3303 1799 3363 ὡς

212 3392 293 3444 ἂν
346 3393 424 3454 εἱς
469 3393 592 3453 τοὺς
623 3393 790 3455 Θεούς
837 3410 894 3445 τε
945 3394 1190 3455 καὶτοὺς
1232 3393 1466 3463 βασιλεῖς
1501 3393 1794 3464 παροινῶν,

211 3483 394 3546 εὐθὺς
418 3482 516 3552 τήν
547 3485 688 3535 κατὰ
712 3483 817 3534 τῶν
845 3485 1113 3550 σιαγόνων
1153 3483 1312 3552 ὕϐριν
1350 3485 1656 3551 ὑφίσταται,
1685 3480 1800 3535 εἶτα

216 3575 331 3629 καὶ
381 3575 523 3629 κατὰ
556 3575 647 3628 τοῦ
690 3575 914 3644 αὐχένος
949 3577 1036 3627 ἐπὶ
1075 3576 1298 3638 πολλαῖς
1337 3580 1453 3637 ταῖς
1489 3575 1656 3642 ὥραις
1683 3574 1803 3625 ἐτύ-

213 3686 419 3732 πτετο,
450 3663 509 3725 οὗ
545 3670 676 3738 μηδὲ
706 3669 803 3737 τὴν
855 3667 983 3720 θέαν
1011 3667 1177 3738 μόνην
1210 3670 1258 3721 οἱ
1288 3667 1636 3737 παρεστῶτες
1671 3664 1800 3735 ἡδύ-

211 3775 394 3811 ναντο
424 3758 733 3826 καρτερεῖν,
767 3756 847 3808 διὸ
894 3759 987 3811 καὶ
1037 3759 1308 3810 νουθετεῖν
1342 3759 1684 3828 ἐπεχείρουν,
1716 3756 1803 3809 ἵνα

211 3850 330 3918 τῆς
375 3849 716 3918 μωρολογίας
748 3849 821 3912 ὡς
858 3851 1042 3914 αὐτοῖς
1087 3851 1259 3902 ἐδόκει
1295 3849 1617 3918 μετάθηται,
1669 3849 1801 3916 πρὸς

210 3939 328 4001 οὓς
369 3941 396 3992 6
435 3941 647 4011 μάρτυς
681 3943 772 3994 καὶ
805 3943 1009 4011 σφόδρα
1052 3958 1110 4006 γε
1143 3939 1376 4008 εὐφυῶς,
1418 3939 1507 3992 Ἐν
1541 3939 1803 4007 ἑξήκοντα

209 4028 374 4088 ὅλοις
409 4028 556 4081 ἕτετι
591 4029 690 4098 τὴν
724 4030 933 4096 μωρίαν
974 4028 1178 4098 ταύτην
1210 4029 1508 4097 φιλοπόνως
1558 4028 1802 4097 ἀσκήσας

207 4122 281 4173 ὲν
317 4120 442 4192 ὥρᾳ
470 4123 566 4192 μιᾷ
601 4123 658 4173 τὸ
689 4120 918 4190 χρονίως
947 4122 1165 4188 κτηθὲν,
1193 4120 1334 4173 οὕτω
1367 4120 1562 4190 ῥαδίως
1588 4118 1804 4170 ἀπώσοο

211 4233 358 4286 μαι,
393 4218 452 4267 οὐ
481 4219 556 4285 μα
595 4218 685 4282 τὸν
735 4216 874 4284 ὑπὲρ
905 4215 1186 4274 εὐσεεείας
1231 4211 1420 4264 τοῦτον
1470 4212 1675 4279 ἀγῶνα,
1711 4211 1806 4263 καὶ

204 4312 329 4376 τὴν
380 4311 460 4370 εἰς
495 4308 731 4375 Χριστὸν
760 4307 848 4356 τὸν
880 4305 1132 4374 ἀληθινὸν
1161 4305 1291 4357 Θεὸν
1327 4322 1428 4373 μου
1459 4302 1802 4372 πεποίθησιν,

205 4398 342 4450 οὐδ’
375 4398 440 4448 ἂν
475 4398 606 4467 ημῖν
637 4396 797 4458 ἄλλος
840 4396 1090 4467 Μάξιμος
1131 4398 1352 4468 ἀπειλῇ,
1385 4396 1573 4450 τούτου
1625 4394 1806 4463 πολλῷ

1893 576 1998 620 tem
2027 567 2313 620 assistebat
2343 581 2532 636 magna
2562 565 2853 620 multitudo
2886 567 3156 632 lictorum,
3187 567 3277 637 qui
3305 568 3448 624 illius

1889 655 2107 709 nutibus
2141 664 2197 708 et
2251 655 2494 723 gestibus
2527 671 2584 709 se
2620 666 2868 725 prompte
2904 657 3176 726 parituros
3221 673 3342 713 esse
3371 659 3447 714 si-

1889 745 2236 817 gniﬁcabant.
2281 747 2417 800 Cum
2460 761 2589 818 ergo
2624 748 2686 800 iis
2718 749 2807 816 qui
2837 758 2967 802 tunc
3011 760 3172 804 erant
3214 751 3450 805 cultores

1889 843 2194 894 daemonum
2257 851 2520 910 martyres
2607 852 2830 913 propter
2896 859 3078 897 veram
3137 845 3450 915 religionem

1889 937 2188 987 evasissent
2232 934 2526 1000 manifesti,
2569 943 2622 988 et
2651 935 2763 1004 jam
2809 935 3186 1004 comprehensi
3219 937 3452 993 fuissent

1891 1030 1924 1083 ii
1965 1031 2162 1099 quibus
2215 1032 2314 1085 hoc
2349 1032 2697 1086 incumbebat
2733 1032 2988 1098 otiicium,
3034 1035 3204 1102 judici
3241 1035 3307 1090 de
3344 1035 3449 1090 illis

1891 1121 2286 1191 significarunt.
2338 1124 2460 1192 Ipse
2494 1135 2672 1177 autem
2725 1127 2897 1178 vetuit
2945 1127 3164 1192 quidem
3194 1143 3288 1181 eos
3333 1128 3449 1182 sisti

1890 1217 2270 1279 communiter,
2323 1216 2418 1270 sed
2468 1215 2778 1286 singulatim
2830 1217 3011 1284 potius
3068 1219 3448 1282 introducens,

1889 1321 1982 1360 eos
2014 1308 2376 1372 examinabat,
2411 1309 2647 1378 maligno
2684 1309 2785 1362 hoc
2817 1325 2981 1378 agens
3017 1309 3246 1366 consilio
3271 1319 3324 1363 et
3356 1325 3452 1364 co-

1889 1396 2066 1465 gitans
2107 1397 2226 1451 fore
2279 1409 2337 1452 ut
2365 1398 2592 1452 invictos
2636 1399 2714 1452 sic
2763 1398 2970 1451 facilius
3001 1407 3358 1467 expugnaret.
3392 1400 3453 1455 Et

1891 1487 2099 1556 primus
2126 1489 2366 1556 quidem,
2411 1489 2662 1542 videlicet
2701 1498 2878 1554 aetate,
2924 1487 3201 1544 Tarachus
3243 1490 3296 1542 in
3343 1505 3454 1544 me-

1890 1579 2038 1633 dium
2070 1580 2358 1643 accedens,
2405 1596 2528 1633 cum
2578 1591 2796 1650 rogatus
2835 1591 2980 1634 esset
3009 1582 3256 1650 quisnam
3293 1597 3453 1635 voca-

1891 1679 2058 1732 retur,
2112 1671 2352 1738 seipsum
2413 1669 2698 1723 confessus
2747 1678 2829 1722 est
2885 1684 3006 1724 esse
3057 1669 3452 1732 Christianum,

1894 1761 2160 1829 intrepide
2189 1759 2376 1814 (licens
2412 1758 2805 1828 injustojndici
2835 1777 2847 1812 :
2886 1757 3038 1823 Quod
3073 1770 3150 1821 tu,
3197 1769 3454 1830 tanquam

1894 1856 2125 1915 crimen,
2155 1851 2520 1920 persequeris,
2557 1851 2658 1904 hoc
2693 1859 2777 1903 est
2825 1851 2958 1904 mihi
2985 1861 3370 1904 ornamentum
3402 1861 3458 1904 et

1894 1953 2092 1996 nomen
2125 1942 2424 2010 proprium.
2457 1939 2722 2008 Quoniam
2753 1958 2882 1996 vero
2913 1943 2964 1997 id
2997 1958 3214 2011 quoque
3242 1943 3386 2011 quod
3419 1959 3449 1996 a

1893 2033 2210 2101 parentibus
2253 2034 2385 2086 mihi
2438 2033 2540 2086 fuit
2596 2033 2911 2102 impositum
2959 2033 3036 2088 vis
3086 2035 3248 2094 scire,
3294 2049 3460 2088 vocor

1895 2123 2195 2178 Tarachus.
2241 2122 2376 2177 Cum
2406 2132 2584 2177 autem
2619 2139 2792 2177 essem
2827 2124 3002 2185 miles,
3046 2123 3255 2176 inferne
3293 2125 3460 2178 abne-

1895 2217 2011 2287 gavi
2067 2216 2327 2276 militare,
2379 2215 2634 2284 quoniam
2689 2229 2838 2268 arma
2877 2224 3082 2276 nostra,
3127 2215 3218 2283 qui
3270 2229 3461 2268 sumus

1895 2309 2214 2371 Christiani,
2239 2323 2344 2362 non
2371 2307 2773 2372 'suntcarnalia,
2803 2307 2894 2360 sed
2925 2325 2942 2356 ι
2980 2306 3086 2360 Deo
3116 2306 3352 2374 potentia
3379 2308 3460 2373 (ut

1897 2402 2028 2456 dicit
2058 2401 2275 2454 Paulus)
2325 2399 2389 2454 ad
2426 2398 2852 2454 destructionem
2889 2397 3188 2452 adversarii
3242 2437 3254 2451 .
3293 2417 3311 2447 ι
3354 2397 3462 2451 Fac

1898 2507 2027 2560 ergo
2072 2493 2217 2560 quod
2291 2493 2459 2557 velis;
2497 2507 2591 2546 ero
2633 2491 2774 2544 enim
2809 2491 2902 2544 tibi
2932 2505 3028 2559 per
3059 2490 3223 2542 Deum
3254 2491 3344 2558 qui
3380 2501 3463 2543 est

1898 2579 1953 2630 in
1977 2593 2062 2632 me
2083 2580 2336 2632 stimulus
2365 2590 2416 2632 et
2445 2580 2799 2648 perturbatio.
2833 2580 2898 2632 Et.
2926 2594 3028 2633 nec
3055 2595 3137 2632 me
3169 2579 3463 2633 senectutis

1896 2678 1949 2723 et
1988 2685 2246 2723 canorum
2273 2669 2586 2730 admoneas,
2617 2669 2709 2736 qui
2741 2684 2857 2720 sum
2899 2670 3117 2736 juvenis
3150 2671 3314 2722 animi
3349 2669 3461 2723 ala-

1897 2759 2087 2815 critate
2116 2777 2129 2812 :
2161 2773 2338 2827 neque
2371 2758 2518 2826 quod
2548 2757 2945 2812 inconsiderate
2977 2766 3031 2810 et
3062 2768 3257 2826 prater
3292 2758 3460 2811 ratio-

1899 2868 2023 2905 nem
2067 2852 2176 2905 fita
2224 2853 2328 2904 tuis
2359 2849 2796 2918 imperatoribus,
2831 2848 2882 2901 id
2939 2864 3098 2902 voces
3151 2849 3320 2918 legem
3369 2865 3467 2918 pa-

1902 2948 2081 2996 triam.
2107 2941 2257 2997 Unus
2292 2952 2373 2996 est
2405 2944 2550 2995 enim
2594 2950 2777 2994 noster
2815 2950 2870 2993 et
2902 2955 3062 2993 verus
3089 2940 3267 3003 Pater,
3299 2940 3462 3002 Deus,

1897 3037 1989 3104 qui
2022 3051 2123 3087 nos
2149 3037 2310 3087 etiam
2338 3035 2594 3103 produxit
2634 3035 2698 3086 ad
2742 3034 3056 3087 essentiam.
3094 3034 3192 3087 Tui
3226 3049 3355 3087 vero
3387 3034 3465 3088 dii

1825 3151 1868 3206 ε
1902 3141 2024 3178 cum
2059 3126 2168 3178 sint
2201 3125 2343 3195 ligna
2372 3134 2426 3178 et
2450 3125 2675 3193 lapides.
2702 3132 2828 3176 sunt
2866 3124 3324 3176 abominationes.
3361 3123 3466 3177 Ta-

1919 3217 1989 3270 lia
2023 3225 2147 3269 sunt
2178 3231 2296 3283 qua:
2327 3230 2356 3268 a
2392 3225 2482 3268 tuo
2511 3214 2831 3282 imperatore
2863 3213 3118 3266 coluntur
3154 3214 3462 3267 simulacra.

1973 3307 2059 3359 lll.
2103 3305 2199 3357 His
2245 3305 2552 3357 accendens
2588 3305 2719 3356 iram
2767 3303 2988 3372 judicis,
3021 3313 3081 3358 ut
3122 3303 3214 3372 qui
3248 3303 3350 3357 diis
3386 3305 3468 3358 in-

1901 3395 2126 3449 sultaret
2197 3403 2249 3448 et
2313 3394 2753 3462 imperatoribus,
2816 3395 2871 3446 in
2932 3394 3166 3448 maxillis
3221 3395 3472 3463 protinus

1901 3489 2070 3544 subiit
2100 3488 2352 3557 iniuriam
2381 3503 2395 3539 :
2439 3485 2635 3540 deinde
2661 3486 2822 3540 etiam
2852 3485 2904 3537 iu
2937 3486 3077 3538 collo
3106 3485 3290 3538 multis
3319 3485 3467 3539 horis

1904 3581 2003 3634 fuit
2030 3581 2364 3634 verberatus.
2398 3579 2550 3644 Quod
2581 3578 2947 3648 spectaculum
2971 3593 3041 3632 ne
3067 3586 3318 3644 poterant
3343 3577 3467 3646 qui.

1902 3673 2023 3726 dem
2054 3672 2194 3725 ferre
2227 3671 2261 3722 ii
2291 3670 2380 3739 qui
2411 3669 2641 3722 aderant
2669 3686 2682 3721 :
2711 3669 2966 3735 quocirca
3019 3668 3471 3738 aggrediebantur

1903 3765 2063 3819 etiam
2107 3763 2424 3823 admonere,
2462 3769 2516 3814 ut
2556 3759 2719 3813 stulte
2753 3760 2918 3828 loqui,
2952 3760 3089 3813 sicut
3132 3761 3212 3814 eis
3245 3759 3470 3816 videba-

1905 3864 2012 3917 tur,
2053 3855 2360 3907 desisteret.
2408 3851 2616 3917 Quibus
2652 3862 2852 3921 martyr
2904 3853 3038 3907 scite
3087 3852 3378 3906 admodum
3415 3862 3478 3904 et

1903 3945 2187 4015 apposite:
2229 3941 2364 3996 Cum
2399 3943 2699 4013 sexaginta,
2738 3944 2931 4010 inquit,
2972 3953 3117 3998 totos
3148 3961 3244 3998 sex
3289 3959 3468 4000 annos

1905 4036 2193 4106 diligenter
2255 4034 2395 4088 hanc
2447 4037 2667 4089 stultam
2731 4035 3062 4088 exercuerim
3114 4035 3468 4100 locutionem,

1907 4127 2042 4181 hora
2080 4143 2207 4190 una,
2241 4127 2383 4196 quod
2417 4135 2524 4179 tam
2551 4127 2711 4194 longo
2743 4135 2988 4196 tempore
3013 4137 3095 4182 est
3125 4129 3470 4198 acquisitum,

1906 4219 2216 4288 espcllam?
2246 4217 2596 4286 Nequaquam
2634 4233 2730 4285 per
2777 4219 2902 4282 hoc,
2953 4218 3098 4287 quod
3145 4235 3246 4288 pro
3275 4222 3474 4286 pietate

1907 4311 2146 4382 suscipio
2169 4321 2467 4376 certamen,
2492 4319 2546 4366 et
2570 4325 2666 4379 per
2695 4324 2868 4363 meam
2897 4309 2951 4363 in
2983 4309 3257 4363 Christum
3285 4325 3472 4364 verum

1909 4401 2080 4455 Deum
2111 4401 2383 4465 fiduciam,
2408 4413 2584 4468 neque
2619 4399 2662 4454 si
2698 4399 2859 4452 nobis
2883 4397 3023 4452 alius
3053 4397 3290 4452 minetur
3314 4398 3478 4453 Maxi-

207 4489 538 4561 βαρύτερός
584 4506 643 4542 τε
697 4489 788 4541 καὶ
835 4488 1236 4559 χαλεπώτερος.
1285 4489 1402 4540 Τῶν
1452 4487 1802 4556 μαρτυρικών

1913 4504 2055 4554 mus,
2102 4490 2209 4543 hoc
2261 4488 2421 4557 longe
2473 4489 2690 4557 gravior
2743 4495 2797 4539 et
2847 4487 3226 4556 importunior.
3273 4486 3478 4542 Harum

210 4581 446 4635 τούτων
485 4581 679 4648 φωνῶν
711 4583 738 4634 6
771 4581 1084 4649 παράνομος
1135 4580 1393 4646 δικαστής
1425 4577 1485 4628 τὸ
1522 4581 1808 4650 πεπαρρη-

212 4671 538 4740 σιασμένον
588 4673 689 4724 οὐκ
737 4668 996 4737 ἐνεγκὼν,
1039 4668 1250 4738 ῥάϐδοις
1290 4667 1456 4736 ὠμῶς
1499 4665 1810 4730 καταικίζο-

208 4766 363 4819 σθαι
412 4763 502 4816 τὸν
533 4762 771 4830 ἀθλητὴν
799 4764 1096 4814 ὲπιταττει.
1137 4762 1226 4822 Ὠς
1274 4759 1328 4810 δὲ
1361 4760 1496 4828 μετᾶ
1529 4765 1628 4820 τας
1676 4759 1812 4826 πλην

204 4860 336 4928 γὰς
378 4855 537 4924 ἔμενε
571 4854 770 4924 μᾶλλον
802 4854 900 4923 τὴν
931 4853 1110 4924 ψυχὴν
1143 4852 1542 4921 ἀκλινὲστερος,
1580 4851 1808 4921 βαρυτέο

207 4963 356 5018 pet:
413 4943 445 5012 ἢ
500 4946 765 5016 πρότερον
844 4944 1188 5014 περισχεθεὶς
1249 4944 1360 5004 τοῖς
1436 4941 1522 4992 διὰ
1594 4942 1809 5010 σιδήρου

204 5041 458 5111 δεσμοῖς
490 5040 580 5090 ἐπὶ
603 5040 700 5109 τὴν
729 5040 951 5110 εἱρκτὴν
985 5037 1246 5106 ἀπήγετο.

295 5132 385 5190 Δ’.
421 5130 552 5187 Εἶτα
585 5135 675 5185 καὶ
714 5134 741 5183 6
769 5133 892 5184 καθ’
912 5131 1127 5201 ἡλικίαν
1158 5128 1410 5196 δεύτερος
1449 5127 1708 5198 παρήχθη
1738 5127 1813 5197 τῷ

203 5233 473 5303 βήματι,
500 5225 735 5295 ἀμελητὶ
763 5225 856 5277 καὶ
904 5225 1240 5292 συνηγμένος
1278 5221 1456 5273 πάντα
1512 5221 1683 5274 εἰπὼν
1731 5220 1816 5271 ἵνα

207 5327 308 5396 μὴ
335 5321 438 5373 καὶ
472 5317 711 5389 βραδύνῃ
759 5316 974 5380 παθεῖν,
1004 5314 1110 5382 ἔφη
1139 5314 1247 5383 γὰρ
1282 5314 1379 5381 τὴν
1421 5310 1518 5382 μὲν
1541 5309 1692 5361 θείαν
1722 5310 1814 5362 καὶ

203 5413 522 5480 ἐξαίρετον
577 5407 943 5477 προσηγορίαν
997 5403 1267 5471 καλοῦμαι
1309 5403 1668 5470 Χριστιανὸς,
1714 5401 1812 5467 τὴν

201 5502 594 5574 ἀνθρωπίνην
624 5499 704 5563 δὲ,
737 5498 960 5566 Πρόὸος.
985 5496 1131 5567 Θρᾲξ
1170 5494 1284 5557 εἰμί
1309 5498 1367 5545 τὸ
1398 5496 1551 5562 γένος
1600 5492 1812 5558 ἰδιώτης

200 5600 322 5654 τὸν
358 5596 496 5663 βίον,
521 5594 619 5654 τας
656 5587 1046 5660 τῶνβασιλέων
1077 5589 1170 5642 καὶ
1206 5587 1304 5650 τὰς
1339 5587 1458 5650 σὰς.
1489 5582 1811 5647 ὡδιχαοτὰ,

345 5759 368 5793 ³
399 5757 438 5813 ll
465 5757 591 5813 Cor.
627 5752 678 5821 κ,
709 5764 765 5814 4.

1913 4581 2167 4652 martyris
2191 4595 2383 4634 vocum
2421 4579 2728 4633 libertatem
2763 4593 2872 4631 non
2918 4576 3100 4631 ferens
3130 4578 3352 4646 iniquus
3385 4579 3480 4650 ju-

1911 4675 2033 4733 dex,
2068 4671 2225 4738 jubet
2250 4671 2423 4736 ipsum
2455 4669 2614 4737 virgis
2640 4670 2770 4722 credi
2804 4669 3111 4722 crudeliter.
3138 4667 3272 4722 Cum
3295 4678 3478 4723 autem

1912 4773 2035 4833 post
2065 4764 2246 4832 plagas
2277 4771 2517 4814 maneret
2550 4763 2732 4815 animo
2788 4760 3103 4824 immobilis,
3144 4759 3480 4829 gravioribus

1913 4871 2076 4925 quam
2109 4856 2259 4925 prius
2291 4854 2483 4908 ferreis
2512 4854 2806 4909 adstrictus
2831 4852 3081 4916 vinculis,
3111 4851 3377 4904 abductus
3393 4861 3479 4907 est

1913 4951 1966 5001 in
2001 4963 2295 5002 carcerem.

1985 5127 2070 5182 IV.
2115 5123 2318 5178 Deinde
2358 5124 2402 5178 is
2445 5136 2662 5192 quoque
2712 5121 2802 5192 qui
2836 5130 2952 5175 erat
3007 5120 3278 5176 secundus
3323 5123 3482 5176 aetate

1914 5220 2210 5290 productus
2242 5225 2323 5271 est
2352 5215 2417 5267 ad
2452 5213 2707 5267 tribunal.
2736 5212 2825 5266 Ille
2856 5222 3037 5267 autem
3071 5212 3202 5266 citra
3267 5224 3476 5267 moram

1917 5323 1972 5366 et
2005 5311 2192 5382 paucis
2222 5308 2352 5362 dixit
2381 5306 2582 5368 omnia,
2619 5321 2684 5358 ne
2717 5302 2960 5358 differret
2993 5303 3122 5372 pati.
3151 5301 3338 5357 Divina
3362 5303 3482 5371 qui-

1920 5400 2066 5460 dem,
2125 5397 2404 5466 inquiens,
2466 5403 2522 5448 et
2583 5392 2852 5463 praecipua
2907 5391 3270 5461 appellatione
3319 5406 3483 5446 vocer

1919 5486 2284 5548 Christianus,
2312 5486 2548 5540 humana
2570 5493 2750 5536 autem
2778 5482 3001 5537 Probus.
3028 5481 3158 5536 Sum
3189 5479 3366 5536 Thrax
3394 5498 3485 5552 ge-

1925 5593 2078 5640 nere,
2107 5579 2270 5632 homo
2294 5577 2554 5646 privatus,
2584 5576 2965 5641 imperatorum
3009 5583 3062 5628 et
3085 5581 3206 5627 tuas
3226 5573 3486 5629 adversus
