4178 6316
726 372 860 430 1075

2045 349 2323 413 MENSlS
2359 347 2720 411 OCTOBER.

3831 326 3967 392 1076

721 485 978 538 omnibus
1033 480 1120 551 pia
1187 460 1460 546 cogitatio,
1523 474 1780 544 quoniam
1840 484 2029 526 Omnes
2077 481 2293 538 quoque

2424 466 2682 535 ύραννος,
2731 461 2834 513 ὑπὸ
2879 461 2972 530 τῆς
3027 458 3194 528 ὀργῆς
3255 452 3530 524 ἐκμανεὶς,
3576 447 3785 508 καιναῖς
3826 460 3967 497 τισιν

719 590 889 630 unum
925 586 1116 626 sumus
1145 569 1199 623 in
1230 569 1448 622 Christo
1488 565 1639 621 Jesu.
1674 563 1768 618 His
1804 573 2065 634 tyrannus
2098 574 2288 614 rursus

720 670 802 723 ira
837 665 1096 735 percitus,
1133 663 1370 716 minatus
1421 668 1506 714 est
1551 673 1608 712 se
1655 673 1778 712 eum
1827 657 1878 708 in
1934 651 2289 709 intolerabilia

722 765 1096 834 coniecturum
1134 767 1428 815 tormenta.
1481 756 1546 810 Et
1573 755 1752 808 statim
1785 751 1933 806 duris
1981 749 2138 804 simul
2171 762 2292 800 ner-

723 858 804 910 vis
838 857 1189 908 vehementer
1239 861 1325 906 est
1373 848 1694 920 ﬂagellatus,
1748 855 1800 898 et
1849 851 2104 914 perpetua
2141 840 2293 910 plaga

722 950 898 1002 factus
965 961 1061 1014 per
1124 952 1294 998 totum
1359 956 1590 1010 corpus,
1674 947 1803 991 tunc
1879 934 2081 994 ridens,
2162 930 2298 985 dixit

727 1040 931 1092 athleta
959 1056 971 1091 :
1007 1036 1160 1089 Falsa
1212 1034 1452 1096 fuerunt,
1485 1047 1518 1085 o
1546 1029 1734 1100 judex,
1775 1041 1986 1094 eaquae
2018 1039 2077 1076 es
2123 1023 2295 1075 mina—

729 1142 834 1192 tus,
865 1145 987 1182 cum
1038 1142 1144 1179 non
1180 1124 1425 1194 potueris
1471 1121 1669 1188 aliquid
1719 1118 1840 1172 novi
1893 1117 2194 1185 excogitare
2228 1113 2292 1166 ad

729 1219 1096 1290 superandum
1123 1227 1338 1286 potens,
1369 1214 1463 1267 sed
1492 1226 1682 1265 rursus
1717 1211 1857 1264 circa
1887 1208 2034 1277 paria
2060 1205 2295 1260 verseris

731 1311 1017 1381 supplicia.
1049 1308 1380 1363 Existimans
1408 1305 1586 1373 itaque
1627 1303 1787 1372 judex
1824 1317 1880 1355 se
1909 1311 2155 1355 sanctum
2187 1313 2298 1350 ma-

725 1403 830 1471 jori
899 1400 1087 1453 dolore
1151 1395 1494 1454 allecturum,
1553 1393 1707 1461 jubet
1771 1391 2062 1460 plurimum
2113 1388 2299 1440 muriae

730 1484 935 1544 ell'undi
989 1491 1041 1542 in
1097 1488 1280 1556 plagas
1335 1485 1497 1539 illius.
1549 1483 1605 1536 lii
1649 1493 1828 1536 autem
1879 1480 2010 1533 dicit
2061 1491 2296 1549 martyr:

728 1581 952 1636 Etiamsi
1003 1594 1182 1634 acrem
1233 1579 1398 1633 salem
1445 1578 1606 1646 jubes
1656 1575 1790 1628 meis
1850 1574 2014 1643 plagis
2065 1571 2298 1641 inspergi

730 1673 874 1727 malo
925 1673 1126 1734 animo,
1179 1671 1320 1722 scias
1370 1679 1550 1721 tamen
1599 1677 1650 1720 te
1700 1681 1807 1719 non
1861 1665 1982 1718 ideo
2037 1664 2298 1717 acriorem

731 1765 863 1819 mihi
897 1763 1098 1818 inferre
1131 1763 1395 1823 dolorem,
1446 1760 1536 1814 sed
1585 1759 1813 1812 reddere
1855 1773 2037 1811 meum
2104 1769 2301 1824 corpus

2394 557 2652 627 ἐμϐαλεῖν
2692 552 2943 623 βασάνοις
2979 550 3141 603 αὐτὸν
3167 547 3400 618 ἠπείλει.
3430 545 3539 595 Καὶ
3578 542 3696 610 ἅμα
3753 536 3967 605 νεύροις

2394 646 2805 717 ἁπεσκληκόσιν
2837 646 2926 696 ἐπὶ
2955 643 3086 695 πολὺ
3123 639 3371 712 σφοδρῶς
3407 633 3834 703 μαστιζὸμενος,
3875 629 3968 678 καὶ

2392 737 2738 803 ὁλοσώματος
2769 733 2952 803 πληγὴ
2983 729 3245 800 γεγονὼς,
3284 727 3517 796 γελάσας
3561 719 3716 775 εἶπεν
3741 724 3766 774 δ
3799 719 3968 786 ἀθλη-

2391 832 2513 900 τής·
2556 829 2800 897 Ἐψευσω
2826 829 2921 888 τὰς
2957 827 3054 886 σὰς
3085 821 3335 884 ἀπειλὰς,
3367 814 3409 871 ὧ
3432 815 3680 876 δικαστὶ,
3718 811 3967 864 καινότεο

2397 944 2489 996 ρον
2541 920 2827 989 ἐπινοῆσαι
2881 937 2932 971 τι
2968 917 3041 987 μὴ
3081 914 3346 984 δυνηθεὶς,
3384 911 3520 964 ἀλλὰ
3553 909 3679 975 περὶ
3711 905 3780 956 τὰ
3832 903 3968 955 αὖτᾶ

2395 1019 2558 1071 πάλιν
2589 1017 2680 1068 καὶ
2709 1015 2799 1065 ἴσα
2846 1011 3174 1081 περιχωρεῖς
3205 1005 3557 1072 κολαστήρια.
3590 1000 3846 1066 Νομίσας
3879 990 3971 1044 οὖν

2395 1113 2421 1162 ὁ
2456 1109 2684 1171 δικάζων
2715 1104 2919 1156 πλείονι
2953 1100 3262 1171 περιϐαλεῖν
3295 1095 3456 1164 ὀδύνῃ
3502 1095 3593 1145 τὸν
3641 1091 3826 1157 ἅγιον,
3879 1087 3972 1140 καὶ

2400 1203 2582 1268 ἅλμην
2635 1195 2831 1249 πολλοῦ
2896 1195 3178 1264 κράματος
3219 1188 3532 1257 γενομένου,
3582 1184 3689 1234 τῶν
3745 1178 3974 1248 πληγῶν

2398 1294 2606 1346 ἐκείνου
2664 1289 3033 1358 καταχεθῆναι
3090 1286 3325 1338 κελεύει.
3373 1281 3432 1334 Ὀ
3467 1279 3521 1331 δὲ
3575 1278 3786 1346 μάρτυς
3843 1271 3978 1338 φησὶ

2400 1387 2536 1456 πρὸς
2586 1384 2749 1437 αὐτόν
2780 1400 2792 1412 ·
2854 1381 2942 1442 Ὠς
3005 1381 3053 1432 εί
3095 1378 3190 1430 καὶ
3241 1377 3366 1435 τοὺς
3417 1373 3627 1442 δριμεῖς
3679 1367 3817 1427 ἃλας
3859 1368 3977 1428 ταῖς

2401 1477 2634 1545 πληγαῖς
2669 1470 3069 1526 ἐπιπάττεσθαί
3109 1485 3212 1539 μου
3246 1464 3486 1524 κελεύεις
3522 1460 3724 1528 πονερᾷ
3757 1456 3978 1525 γνώμῃ,

2402 1570 2516 1622 ἀλλ’
2551 1569 2662 1622 ἴσθι
2690 1566 2763 1637 μὴ
2793 1565 3110 1636 δριμύττειν
3143 1559 3343 1632 μᾶλλον
3364 1555 3506 1609 οὕτω
3532 1551 3720 1615 ποιῶν,
3758 1547 3895 1600 ἀλλὰ
3919 1548 3980 1597 τὸ

2404 1661 2646 1730 ἄσηπτον
2697 1675 2797 1729 μου
2843 1656 2919 1726 τῷ
2955 1656 3166 1725 σώματι
3204 1647 3522 1722 προξενῶν·
3548 1646 3680 1715 ὁρᾷς
3731 1641 3842 1710 γὰρ
3890 1639 3982 1692 καὶ

2407 1755 2565 1817 αὐτὸς
2618 1754 2691 1814 ὡς
2741 1752 2859 1814 ὅλος
2909 1750 2988 1801 ὣν
3038 1746 3380 1818 τραυματίας
3431 1745 3492 1794 ἐκ
3540 1739 3647 1791 τῶν
3696 1733 3983 1805 προτέρων

732 1855 967 1908 alienum
1004 1870 1033 1907 a
1067 1853 1366 1921 putredine.
1403 1850 1534 1903 Nam
1569 1849 1683 1919 ipse
1711 1864 1925 1918 quoque
1957 1849 2103 1902 vides
2126 1848 2292 1917 quod.

2424 1846 2651 1914 τληγῶν,
2676 1841 2834 1904 ἄλλος
2865 1841 3130 1910 φαίνομαι
3157 1839 3268 1902 νῦν,
3315 1835 3441 1888 οὑδέ
3489 1831 3662 1901 βραχύ
3687 1846 3742 1880 τι
3777 1828 3984 1893 στίγμα

736 1961 860 2003 Cum
897 1947 998 1998 slm
1033 1952 1178 1998 totus
1215 1945 1536 1997 uulneratus
1574 1959 1602 1994 a
1637 1941 1910 2010 prioribus
1945 1941 2131 2010 plagis,
2165 1941 2303 1994 alius

735 2051 883 2091 nunc
927 2052 1180 2106 appareo,
1217 2050 1283 2088 ne
1326 2034 1608 2088 minimam
1658 2033 1874 2103 quidem
1908 2043 2088 2085 notam
2133 2032 2187 2084 in
2219 2046 2306 2085 me

736 2129 942 2192 ferens,
979 2128 1182 2183 Christi
1221 2129 1324 2180 mei
1375 2128 1576 2184 virtute
1622 2135 1862 2180 mutatus
1889 2125 2303 2180 admirabiliter.

812 2219 905 2272 IX.
951 2219 1045 2272 His
1089 2218 1292 2281 verbis,
1341 2217 1508 2270 veluti
1536 2217 1767 2285 quodam
1804 2217 2041 2280 stimulo,
2076 2227 2310 2284 punctus

734 2310 920 2380 judex,
956 2307 1209 2362 saeviebat
1236 2307 1290 2360 in
1322 2307 1620 2370 ministros,
1653 2320 1754 2359 nec
1783 2314 1999 2374 porerat
2019 2304 2308 2359 contineri.

743 2401 1096 2456 Existimabat
1143 2399 1286 2453 enim
1323 2398 1839 2462 medicos,latenter
1886 2397 2178 2466 ingressos,
2211 2412 2312 2450 cu-

745 2507 860 2544 ram
918 2493 1152 2560 gessisse
1204 2500 1521 2560 martyrum.
1575 2488 1710 2558 Ipsis
1759 2499 1940 2542 autem
1997 2503 2090 2540 sua
2140 2489 2313 2554 capita

745 2582 1077 2652 amputanda
1107 2581 1532 2650 porrigentibus,
1561 2581 1603 2636 si
1628 2579 1758 2649 quid
1789 2580 1891 2633 tale
1921 2578 2121 2632 factum
2154 2577 2316 2631 fuerit

747 2673 1176 2742 deprehensum,
1217 2671 1428 2724 illorum
1483 2670 1858 2724 defensionem
1911 2669 2204 2724 arbitratus
2234 2668 2314 2720 sui

747 2765 1176 2824 accusationem,
1211 2765 1371 2832 judex
1402 2764 1617 2833 gravius
1646 2763 1970 2832 angebatur,
2004 2776 2110 2814 non
2141 2759 2318 2813 ferens

747 2859 938 2912 videre
970 2857 1074 2909 vim
1104 2855 1369 2920 veritatis,
1408 2855 1494 2909 cui
1524 2855 1624 2924 ipsi
1659 2855 1859 2909 inimici
1897 2853 2140 2908 ferebant
2169 2852 2320 2905 testi-

748 2951 1014 3004 monium.
1046 2949 1407 3012 Quamobrem
1438 2949 1490 3002 in
1525 2949 1702 3002 minas
1736 2948 1990 3002 desinens
2043 2946 2206 3016 (quod
2234 2960 2321 2999 so-

752 3044 865 3097 lum
897 3044 1023 3110 quid
1053 3052 1215 3109 agant
1235 3041 1602 3094 nescientibus
1624 3039 1944 3105 relinquitur
1966 3036 2322 3106 confugium),

2406 1938 2587 2007 φέρων
2632 1938 2688 1989 ἐν
2729 1935 2973 2006 ἐμαυτῷ,
3028 1936 3092 2002 τῇ
3134 1931 3226 1984 τοῦ
3281 1928 3413 1999 ἐμοῦ
3463 1922 3697 1993 Χριστοῦ
3756 1919 3985 1987 δυνάμει

2408 2049 2478 2084 πα
2491 2030 2724 2102 ραδὸξως
2755 2047 2850 2099 μετ
2861 2025 3132 2098 αϐληθείς.

2482 2212 2559 2263 Θ’.
2589 2207 2814 2268 Τούτοις
2858 2207 2968 2266 τοῖς
3013 2205 3252 2272 ῥήμασιν
3285 2198 3448 2250 οἱονεὶ
3497 2195 3710 2262 κέντρῳ
3758 2191 3991 2259 πληγεὶς

2414 2304 2440 2356 ὁ
2464 2300 2721 2364 δικάζων.
2746 2297 2982 2370 χαλεπὸς
3011 2291 3078 2364 ἦν
3096 2293 3236 2346 κατὰ
3259 2292 3366 2343 τῶν
3385 2287 3876 2359 ὑπηρετουμένων,
3901 2285 3995 2335 καὶ

2413 2398 2617 2467 ἥκιστα
2661 2391 2951 2450 καθεκτὸς.
2998 2387 3246 2456 Ἑνόμισε
3279 2383 3385 2453 γὰρ
3433 2380 3632 2448 ἰατρῶν
3672 2377 3877 2438 παῖδας
3911 2375 3996 2426 λε-

2418 2488 2660 2558 ληθότως
2717 2481 3140 2536 ὑπεισελθόντας
3199 2475 3520 2543 ἐπιμελείας
3583 2470 3817 2533 ἀξιῶσαι
3869 2468 3996 2526 τοὺς

2427 2581 2730 2649 μάρτυρας,
2763 2574 2942 2625 αὑτίν
2993 2572 3045 2622 δὲ
3098 2568 3196 2630 τὰς
3223 2563 3466 2632 κεφαλὰς
3497 2565 3564 2631 τῇ
3595 2562 3737 2628 τομῇ
3780 2571 4000 2626 προτει-

2419 2672 2637 2732 νόντων,
2701 2665 2752 2718 εἴ
2799 2681 2852 2717 τι
2916 2660 3155 2715 τοιοῦτον
3195 2657 3483 2726 γενόμενον
3541 2650 3850 2721 φωραθείη,
3901 2647 3999 2714 τὴν

2421 2760 2642 2814 ἐκείνων
2701 2754 3017 2817 ἀπολογίαν,
3067 2749 3399 2820 κατηγορίαν
3453 2743 3650 2797 ἐαυτοῦ
3701 2741 3935 2808 νομίσας
3973 2740 4000 2790 ὁ

2421 2851 2705 2921 δικαστὴς,
2744 2848 2932 2908 δεινῶς
2970 2846 3184 2916 ἠνιᾶτο,
3232 2843 3330 2910 τὴν
3365 2840 3516 2910 ἰσχὺν
3590 2837 3687 2904 τῆς
3735 2831 4000 2901 ἀληθείας

2425 2949 2530 3002 ὑπὸ
2577 2947 2686 2998 τῶν
2735 2935 2953 3010 ἐχθρῶν
2995 2936 3448 3008 μαρτυρουμένην
3489 2931 3546 2983 οὗ
3611 2931 3797 2997 φέρων
3841 2926 3998 2994 ὁρᾷν.

2428 3039 2593 3091 Ὅθεν
2629 3038 2708 3097 είς
2750 3033 2980 3095 ἀπειλὰς
3021 3027 3332 3097 καταλιήξας
3368 3024 3488 3095 (τὴν
3521 3017 4002 3086 ὑπολελειμμένην

753 3135 909 3203 jubet
937 3149 1060 3187 eum
1095 3133 1290 3202 conjici
1331 3133 1384 3184 in
1418 3146 1713 3193 carcerem,
1754 3130 2016 3198 reliquum
2051 3138 2314 3183 certamen

2431 3133 2598 3204 μόνην
2656 3129 2767 3188 τοῖς
2824 3122 3090 3194 ἀποροῦσι
3149 3116 3448 3188 βοήθειαν),
3492 3113 3568 3183 τῷ
3636 3112 4002 3178 δεσμωτηρίῳ

758 3243 1047 3282 reservans
1082 3227 1134 3281 in
1182 3227 1321 3279 diem
1357 3233 1698 3293 sequentem.
1736 3223 1994 3288 Quaenam
2045 3237 2171 3293 ergo
2200 3231 2326 3275 sunt

760 3321 1022 3388 deinceps
1092 3317 1428 3372 consecuta?
1487 3317 1859 3385 Congregatur
1939 3331 2124 3366 rursus
2184 3314 2327 3365 aliud

763 3413 1036 3466 theatrum
1069 3410 1384 3465 hominibus
1416 3408 1937 3478 frequentissimum,
1969 3414 2024 3458 et
2055 3406 2214 3458 tertio
2245 3419 2328 3457 se-

763 3495 899 3557 dens
919 3503 1087 3572 judcx
1121 3504 1173 3555 in
1209 3502 1425 3555 excelso
1463 3499 1742 3558 tribunali.
1791 3497 1945 3552 duxit
1971 3506 2230 3566 martyres
2265 3492 2328 3547 ad

762 3603 1059 3658 termenta,
1095 3593 1257 3646 veluti
1291 3594 1342 3644 in
1377 3591 1560 3644 orbem
1587 3592 1841 3643 cboream
1879 3590 2329 3656 circumagentes.

763 3685 827 3740 Et
865 3702 987 3739 cum
1019 3685 1223 3739 nullam
1253 3684 1401 3753 prius
1426 3681 1862 3752 prrctermisissct
1899 3688 1992 3733 aut
2021 3678 2332 3733 illiberalem

763 3779 1207 3840 assentationem,
1259 3788 1352 3830 aut
1403 3776 1687 3830 obscuram
1741 3773 2112 3833 calliditatem,
2160 3787 2336 3840 neque

765 3871 1075 3940 proliceret,
1124 3884 1379 3938 egressus
1405 3880 1489 3921 est
1533 3869 1598 3918 ad
1647 3866 1868 3918 modum
1904 3865 2224 3926 belluinum,
2283 3876 2338 3916 et

767 3959 888 4028 ejus
918 3960 1074 4028 plane
1101 3959 1192 4026 qui
1221 3958 1420 4010 caedem
1460 3955 1624 4026 spirat
1649 3972 1662 4018 ;
1693 3952 1993 4024 etsingulis
2023 3951 2328 4015 tormentis,

771 4062 1028 4120 tanquam
1059 4048 1304 4119 quaedam
1341 4048 1451 4102 fera
1508 4046 1756 4116 agrestis,
1791 4053 2104 4099 sanctOrum
2142 4057 2339 4097 carnes

771 4143 1074 4204 mandidit;
1127 4151 1185 4194 ut
1228 4141 1318 4208 qui
1370 4139 1598 4191 Taraclri
1639 4137 1860 4206 quidem
1903 4135 2096 4202 capitis
2146 4134 2338 4202 pellem

773 4232 1156 4294 excoriaverit,
1205 4239 1259 4284 et
1294 4230 1344 4283 id
1377 4228 1693 4282 ardentibus
1723 4224 2049 4279 carbonibus
2081 4237 2340 4290 consper—

772 4326 924 4390 serit,
965 4335 1018 4378 et
1060 4339 1218 4377 aures
1251 4321 1508 4376 novacula
1545 4318 1870 4375 exsecuerit.
1905 4323 1958 4369 et
2000 4315 2146 4368 labra
2180 4311 2341 4364 muti-

772 4418 1008 4472 laverit:
1063 4416 1239 4469 Probo
1291 4424 1468 4466 autem
1519 4412 1708 4464 Oculos
1755 4407 2029 4484 effoderit,
2071 4416 2126 4460 et
2154 4406 2340 4460 vinum

2431 3223 2643 3280 κελεύει
2677 3223 2769 3274 καὶ
2795 3218 2988 3270 τοῦτον
3019 3211 3507 3282 ἐ·,’καοειρχθῆναι,
3553 3207 3614 3275 τῇ
3647 3203 3918 3272 ὑστεραία
3942 3200 4002 3253 τὰ

2430 3313 2592 3366 λοιπὰ
2622 3310 2715 3362 τοῦ
2749 3309 2955 3374 ἀγῶνος
2987 3291 3410 3372 ταμιευόμενος.
3432 3301 3565 3351 Τίνα
3599 3296 3692 3348 οὖν
3728 3297 3796 3346 τὰ
3823 3293 4009 3379 ἐχτιῦ-

2433 3404 2523 3457 θεν
2559 3421 2573 3469 ;
2603 3401 2840 3471 Θέατρον
2870 3394 3028 3457 αὖθις
3055 3392 3185 3447 ἄλλο
3223 3393 3542 3444 συνίσταται
3577 3382 4008 3451 πολυάνθρωπον

2437 3499 2529 3551 καὶ
2555 3495 2736 3565 τρίτον
2767 3487 3161 3559 προκαοεσθεὶς
3202 3485 3283 3552 ἐφ’
3330 3477 3532 3550 ὑψηλοῦ
3573 3476 3667 3530 τοῦ
3701 3476 3950 3546 βήματος
3982 3471 4011 3522 6

2434 3589 2690 3652 δικάζων,
2725 3581 2826 3653 ἦγε
2872 3581 2995 3643 τοὺς
3055 3581 3338 3647 μάρτυρας
3375 3573 3590 3633 ἐπὶτὰς
3625 3569 3805 3633 αὐτὰς
3849 3566 4013 3637 sua-

2435 3698 2579 3743 νους,
2635 3677 2887 3745 καθάπερ
2931 3675 2986 3725 ἐν
3036 3669 3216 3738 κύκλῳ
3266 3667 3482 3737 χορείαν
3529 3665 3866 3724 ἐλίττοντας.
3907 3661 4012 3714 Καὶ

2441 3775 2604 3844 μηδὲν
2634 3765 2958 3840 παραλιπὼν
2997 3764 3102 3816 τῶν
3138 3763 3235 3815 ὅσα
3285 3756 3521 3814 θωπείας
3557 3751 3623 3825 ἦν
3655 3754 3946 3820 ἀγεννοῦς.
3979 3751 4012 3819 ἢ

2439 3863 2775 3932 πανουργίας
2834 3855 3226 3928 ἁσυμιρανοῦς,
3295 3851 3431 3922 πρὸς
3493 3846 3739 3918 θηριώδη
3812 3848 4013 3914 τρόπον

2441 3957 2598 4025 ἐξέϐη
2641 3957 2734 4006 καὶ
2769 3951 2984 4021 φονικὸν
3016 3965 3029 3978 ·
3067 3951 3158 4001 καὶ
3194 3943 3311 4006 ταῖς
3364 3942 3504 3996 κατὰ
3541 3941 3706 4010 μέρος
3760 3938 4012 4008 βασάνοις

2439 4050 2602 4104 οἱονεί
2625 4065 2708 4111 τις
2759 4046 2861 4112 θὴρ
2892 4045 3080 4112 ἄγριος
3118 4041 3215 4100 τὰς
3249 4037 3356 4089 τῶν
3390 4035 3559 4101 ἁγίων
3591 4032 3810 4100 σάρκας
3858 4045 4016 4080 κατεσ

2448 4145 2752 4214 μασήσατο,
2787 4138 2878 4193 τοῦ
2911 4136 3163 4206 Ταράχου
3200 4132 3295 4202 μὲν
3329 4127 3388 4182 τὸ
3421 4127 3596 4196 δέρμα
3624 4123 3726 4192 τῆς
3773 4122 4018 4190 κεφαλης

2443 4236 2756 4305 ἀποδείρας,
2789 4233 2885 4284 καὶ
2907 4227 3207 4299 ἀνθρακιὰν
3241 4225 3376 4292 αὐτῇ
3409 4218 3707 4286 καιομένην
3740 4217 4015 4267 ἐπιπασά-

2446 4343 2625 4397 μενος,
2655 4323 2798 4395 ξυρῷ
2828 4340 2886 4374 τε
2920 4323 2985 4375 τὰ
3017 4315 3128 4371 ὦτα
3155 4313 3441 4384 περιελὼν,
3468 4311 3565 4362 καὶ
3586 4310 4020 4376 ἀκρωτηριασας

2444 4418 2510 4471 τὰ
2556 4415 2706 4486 χείλη
2734 4430 2745 4443 '
2798 4411 2874 4482 τῷ
2913 4409 3102 4482 ιΙρόϐῳ
3141 4408 3195 4460 δὲ
3239 4406 3364 4467 τοὺς
3409 4401 3721 4472 ὀφθαλμοὺς
3759 4398 4018 4464 suae“.

773 4527 880 4566 arae
907 4522 1101 4563 cruore
1153 4505 1494 4576 permistum,
1537 4501 1617 4555 ori
1651 4500 1765 4568 ejus
1792 4483 2066 4560 infuderit,
2103 4507 2156 4550 ct
2186 4496 2310 4549 invo

2448 4509 2521 4579 τῷ
2567 4526 2624 4560 τε
2677 4506 2904 4576 στόματι
2945 4503 3108 4556 αὐτοῦ
3138 4500 3244 4554 τῶν
3278 4496 3591 4564 ἐπιϐωμίων
3630 4491 3856 4558 saepe»
3889 4483 4022 4540 οἶνον

776 4603 1007 4658 luntaria
1040 4602 1139 4654 hac
1170 4597 1583 4668 participatione
1613 4595 1714 4648 hoc
1739 4593 1970 4646 maxime
2001 4587 2339 4662 tyrannicum

778 4694 1046 4748 invenerit
1071 4691 1416 4760 supplicium.
1454 4690 1589 4741 Cum
1619 4695 1799 4740 autem
1831 4699 2023 4738 carnes
2051 4696 2341 4736 exsecran-

777 4787 862 4841 dis
898 4784 1130 4854 pollutas
1153 4779 1432 4834 sacriﬁciis
1461 4778 1512 4831 in
1547 4794 1604 4832 os
1652 4775 1792 4830 tertii
1839 4774 2135 4843 injecisset,
2168 4784 2220 4825 ct
2252 4772 2340 4825 vi-

784 4895 912 4932 num
941 4873 1351 4945 inquinatorum
1384 4871 1701 4925 Iibaminum
1738 4868 2024 4921 admittere
2058 4863 2343 4932 coegisset,

780 4981 1057 5040 postremo
1082 4968 1266 5021 oculos
1298 4965 1344 5018 ci
1388 4964 1542 5033 jubet
1576 4963 1758 5016 cﬂ'odi.
1791 4961 1924 5013 Cum
1976 4958 2216 5013 omnium
2252 4973 2346 5009 au-

786 5073 894 5116 tem
931 5061 1180 5114 similiter
1226 5056 1511 5117 marnillas,
1555 5055 1744 5118 latera,
1780 5052 1938 5105 tibias
1969 5059 2023 5103 ct
2055 5050 2344 5118 digitorum

787 5153 1109 5209 intermedla
1142 5151 1500 5204 candentibus
1531 5147 1766 5200 verubus
1800 5143 2156 5198 transtixissct
2203 5150 2256 5193 et
2283 5140 2347 5191 ad

789 5261 912 5300 ossa
945 5260 1114 5311 usque
1144 5241 1552 5303 combussisset,
1585 5239 1802 5292 vidisset
1827 5246 2004 5288 aut-em
2031 5233 2208 5287 omnia
2232 5246 2353 5284 con-

796 5340 958 5400 victa,
990 5345 1044 5389 et
1077 5335 1301 5403 periisse
1351 5331 1629 5384 machinas
1659 5329 2067 5397 suppliciorum,
2099 5323 2272 5376 l’robo
2303 5332 2355 5374 et

792 5429 1105 5488 Andronico
1145 5427 1386 5478 carnium
1423 5423 1473 5476 in
1504 5437 1594 5477 ara
1627 5419 2066 5477 sacriﬁcatarum,
2101 5423 2153 5468 et
2177 5412 2356 5483 profa-

797 5537 990 5574 norum
1039 5515 1353 5572 libaminum
1407 5525 1616 5581 gustum
1672 5509 1836 5563 miser
1890 5505 2119 5559 irridens
2166 5517 2358 5572 expro-

796 5612 1000 5668 brabat.

875 5724 940 5775 X.
983 5724 1137 5777 Tunc
1182 5717 1521 5774 Andronicus
1569 5715 1720 5769 valde
1752 5714 1932 5768 ridens
1985 5710 2126 5764 illius
2173 5723 2356 5762 ameno

796 5817 949 5884 tiam,
983 5815 1258 5889 respondit
1302 5829 1398 5881 pro
1448 5827 1500 5866 se
1542 5809 1856 5883 Proboque:
1908 5803 2031 5858 Post
2072 5801 2234 5856 multa
2272 5808 2358 5853 tua

2449 4604 2667 4673 ἐγχέας,
2703 4601 2798 4654 καὶ
2829 4603 2894 4670 τῇ
2938 4597 3176 4666 ἀκουσίῳ
3214 4594 3388 4659 ταύτῃ
3449 4585 3778 4656 μεταλήψει,
3833 4599 4024 4651 τυρανο

2450 4694 2755 4762 νικωτὰτην
2791 4690 3028 4760 ἐξευρὼν
3075 4684 3366 4756 τιμωρίαν.
3423 4679 3528 4732 Τοῦ
3580 4677 3638 4730 δέ
3690 4694 3758 4744 γε
3812 4676 4020 4745 τρίτου.

2455 4787 2596 4857 κρέα
2626 4784 2728 4854 φεῦ
2763 4784 2988 4853 μιαραῖς
3029 4779 3241 4841 θυσίαις
3270 4775 3615 4848 ὴλισγημένα
3666 4771 3746 4841 τῷ
3795 4771 4022 4839 στόματι

2455 4876 2724 4948 ἐμϐαλὼν,
2753 4877 2844 4927 καὶ
2868 4873 3008 4925 οἴνου
3035 4870 3140 4923 τῶν
3165 4865 3588 4938 μεμολυσμένων
3617 4861 3871 4914 σπονδῶν
3899 4876 4021 4929 προ-

2458 4969 2643 5020 σέσθαι
2678 4964 3126 5030 καταναγκάσας,
3163 4959 3311 5019 τέλος
3343 4955 3490 5024 αὐτῷ
3537 4954 3668 5013 τοὺς
3703 4949 4022 5018 ὀφθαλμοὺς

2459 5058 2812 5128 ἐξορυχθῆναι
2863 5052 3212 5122 προστάττει.
3264 5049 3485 5102 Πάντων
3525 5045 3580 5095 δέ
3633 5041 3864 5110 ὁμοίως,
3909 5042 4026 5098 τοὶς

2462 5149 2688 5219 μαζοὺς,
2710 5147 2804 5210 τὰς
2829 5143 3089 5214 πλευρὰς,
3139 5143 3235 5204 τὰς
3284 5141 3420 5207 κνήρ
3433 5153 3517 5198 ας,
3547 5134 3613 5186 τὰ
3643 5135 3790 5204 μέσα
3813 5133 3926 5185 τῶν
3946 5130 4029 5180 6a-

2461 5242 2670 5294 κτύλων
2705 5238 3122 5306 πεπυρωμένοις
3157 5233 3360 5292 ὀϐελοῖς
3408 5225 3672 5291 ἐπελθὼν,
3715 5227 3812 5279 καὶ
3863 5223 4029 5274 ὀστῶν

2462 5333 2592 5401 ἄχρι
2656 5330 3030 5393 κατακαύσας,
3088 5328 3162 5387 ὡς
3215 5322 3352 5376 εἶδεν
3407 5323 3621 5374 ᾶπαντα
3671 5315 4029 5385 ἐληλεγμένα,

2465 5428 2556 5477 καὶ
2588 5425 2794 5493 φροῦδα
2827 5423 2895 5474 τὰ
2923 5421 3030 5474 τῶν
3064 5418 3334 5471 κολάσεων
3386 5416 3782 5485 μηχανήματα.
3844 5409 4031 5478 Πρόδῳ

2465 5516 2558 5569 καὶ
2587 5515 2910 5586 Ἀνδρονίκῳ
2943 5514 3124 5582 μόνοις
3149 5511 3246 5579 τήν
3272 5526 3328 5560 τε
3360 5510 3466 5560 τῶν
3500 5501 3822 5570 ἐπινωμίων
3861 5501 4031 5570 xpedi:

2466 5609 2562 5662 καὶ
2590 5609 2688 5678 τὴν
2723 5607 2828 5660 τῶν
2867 5607 3099 5672 ἀνιέρων
3130 5601 3368 5654 σπονδῶν
3405 5597 3622 5665 γεῦσιν.

2539 5704 2596 5756 l’.
2646 5698 3026 5761 Ἐπιτωθαζων
3076 5699 3101 5750 ὁ
3149 5695 3377 5754 δείλαιος
3429 5688 3808 5753 κατιυνεξδιζεν
3905 5686 3951 5734 ui
3983 5681 4032 5732 δέ

2474 5797 2711 5864 γενναῖοι
2741 5791 2923 5864 μακρά
2952 5790 3044 5862 τὴν
3077 5790 3259 5846 ἄνοιαν
3296 5781 3508 5839 ἐκείνου
3558 5783 3908 5853 γελάσαντες,
3941 5776 4034 5823 ἀπ’
