4178 6316
753 348 888 417 1οῚ9

2020 347 2300 412 MENSIS
2339 344 2699 406 OCTOBER.

3855 347 3992 413 1080

752 463 931 520 sisset,
957 471 1113 512 suum
1145 457 1363 528 quidem
1394 457 1630 512 refrenat
1657 457 1941 527 impetum,
1967 458 2200 527 procidit
2225 473 2318 512 au-
2352 505 2355 512 .

2444 474 2591 519 ιασα,
2622 458 2714 509 καὶ
2747 455 2857 521 ὀξεῖ
2898 456 3082 526 δρόμῳ
3110 456 3219 518 τοῖς
3259 455 3493 526 μάρτυσι
3534 455 3988 524 προσπελάσασα,

755 558 860 605 tem
913 550 981 605 ad
1033 550 1198 618 pedes
1248 559 1579 606 sanctorum.
1639 550 1919 606 Tarachus
1957 562 2139 606 autem
2191 567 2316 606 cum

755 654 996 699 sanctam
1029 658 1247 697 manum
1283 644 1640 706 extendisset,
1674 653 1728 700 et
1765 645 1961 716 partim
1995 645 2210 716 quidem
2237 646 2322 716 pi-

758 736 848 800 lis,
879 734 1076 805 partim
1108 751 1239 790 vero
1287 749 1416 790 aure
1449 736 1920 806 apprehendisset,
1950 737 2016 792 ad
2048 753 2109 793 se
2139 739 2322 793 trabe-

758 826 868 881 bat.
889 825 984 879 llla
1013 837 1189 880 autem
1221 840 1370 889 cum,
1393 827 1614 896 placidae
1637 829 1754 883 ovis
1783 828 1975 892 instar,
1998 831 2320 885 contrectari

761 933 869 974 non
902 918 1195 984 renuisset,
1226 919 1290 972 ad
1327 930 1532 988 portam
1563 929 1747 990 postea
1779 922 2035 986 accurrit,
2068 932 2122 978 et
2153 923 2325 978 infixit

762 1009 954 1065 dentes
987 1009 1206 1074 tabulis,
1248 1019 1302 1064 et
1337 1025 1434 1080 per
1473 1012 1580 1066 vim
1625 1014 1923 1069 conabatur
1955 1017 2172 1084 egredi:
2227 1033 2325 1073 nec

763 1101 918 1171 prius
945 1101 1168 1166 dimisit,
1200 1118 1360 1172 quam
1386 1103 1677 1160 clamasset
1715 1107 1949 1175 populus
1975 1107 2172 1176 jubens
2206 1125 2324 1162 eam

765 1193 911 1247 foras
937 1193 1107 1248 exire.
1141 1192 1264 1248 Haec
1292 1203 1472 1248 autem
1497 1204 1552 1249 et
1585 1195 1668 1249 his
1702 1195 1895 1250 similia
1927 1213 2086 1252 nemo
2125 1199 2329 1267 putarit

767 1299 876 1338 non
908 1286 1201 1347 credenda,
1241 1287 1429 1356 legens
1478 1288 1784 1356 epistolam,
1819 1306 1979 1360 quam
2015 1291 2229 1360 scripsit
2263 1293 2331 1347 ad

768 1377 1043 1433 Romanos
1074 1377 1294 1433 divinus
1327 1378 1586 1450 lgnatius.
1621 1382 1711 1436 Sic
1736 1382 1880 1436 enim
1914 1383 2116 1438 habet:
2148 1383 2332 1455 Meju-

768 1467 948 1522 verint
976 1467 1162 1523 bestia:
1193 1468 1327 1523 mihi
1369 1479 1570 1538 paratae
1613 1486 1748 1540 quas
1786 1473 1949 1527 etiam
1987 1482 2113 1542 opto
2146 1475 2200 1530 in
2248 1491 2334 1531 me

770 1557 1000 1612 inveniri
1032 1569 1330 1628 promptas.
1379 1558 1587 1625 Quibus
1628 1564 1792 1632 etiam
1838 1562 2106 1629 blandiar,
2146 1575 2205 1620 ut
2251 1579 2336 1621 me

772 1651 1008 1706 breviter
1039 1651 1323 1706 devorent.
1377 1651 1532 1719 Quod
1580 1653 1626 1709 si
1657 1655 1818 1709 etiam
1867 1657 2060 1722 nolint,
2115 1673 2216 1729 ego
2257 1661 2338 1714 cis

773 1745 880 1798 vim
914 1744 1161 1800 aﬂ'eram.

843 1836 960 1893 Xll.
1002 1836 1139 1892 Hinc
1169 1838 1432 1896 Maximus
1475 1840 1639 1896 animi
1671 1840 1893 1905 dubius,
1941 1843 2207 1912 planeque
2239 1860 2338 1897 ne-

776 1930 958 1986 sciens
1001 1931 1130 2000 quid
1176 1942 1380 2003 ageret.
1417 1949 1539 1988 cum
1572 1935 1780 1990 videret
1824 1945 2040 1991 sanctos
2080 1922 2342 2007 martyres

780 2039 876 2091 per
904 2024 1085 2078 omnia
1125 2025 1498 2094 resplendere,
1535 2036 1589 2082 et
1620 2028 1806 2084 haberi
1859 2029 1912 2082 in
1959 2030 2339 2098 admiratione,

781 2131 877 2172 eos
903 2125 1075 2172 morte
1106 2118 1451 2173 condemnat.
1472 2119 1574 2186 Qui
1597 2135 1741 2186 cum,
1762 2130 2016 2190 tanquam
2051 2137 2164 2177 rem
2197 2123 2341 2178 desi-

781 2208 1044 2270 deratam,
1089 2210 1230 2264 hanc
1277 2220 1574 2266 extremam
1628 2214 1963 2284 accepissent
1997 2215 2344 2278 sententiam,

786 2298 1049 2353 truncatis
1079 2299 1368 2369 capitibus,
1397 2301 1641 2357 coronati
1691 2304 1927 2373 migrant
1954 2305 2019 2359 ad
2051 2321 2233 2360 veram
2265 2307 2313 2360 vi

786 2398 917 2456 tam,
947 2390 1161 2446 fruituri
1188 2394 1423 2464 praemiis
1451 2395 1888 2462 immortalitatis,
1923 2408 1976 2453 et
2005 2415 2090 2466 ea,
2126 2415 2244 2469 qua).
2266 2410 2350 2456 est

786 2481 920 2546 illic,
954 2481 1306 2538 beatitudine.
1341 2483 1448 2538 Sed
1473 2485 1685 2543 invidus
1707 2487 1949 2555 quidem,
1979 2501 2032 2542 et
2059 2491 2351 2546 sceleratus

781 2573 966 2639 judex,
1012 2573 1171 2629 nobis
1209 2575 1459 2630 invidens
1499 2585 1813 2632 sanctorum
1885 2579 2164 2650 reliquias,
2196 2583 2352 2651 jubet

789 2678 1018 2731 corpora
1059 2673 1354 2735 martyrum
1403 2666 1646 2736 profanis
1680 2670 1961 2725 admisceri
2008 2674 2350 2742 corporibus,

788 2769 908 2823 qua:
933 2754 1146 2809 fuerant
1182 2755 1461 2811 interfecta
1484 2774 1512 2810 a
1549 2759 1953 2828 gladiatoribus,
1987 2765 2172 2817 decem
2210 2764 2352 2817 mili-

791 2843 935 2898 tibus
966 2845 1249 2910 mandans,
1303 2857 1362 2900 ut
1405 2861 1466 2900 ea
1506 2858 1805 2903 servarent.
1870 2849 2012 2905 Deus
2050 2860 2228 2907 autem
2267 2867 2354 2907 re-

791 2949 910 2988 rum
943 2935 1364 3000 admirabilium,
1397 2938 1815 2995 eonvivantibus
1849 2943 2187 3008 custodibus,
2229 2962 2350 3000 eum

787 3027 900 3096 jam
935 3041 1122 3098 rogum
1154 3028 1548 3094 accendisscnt,
1593 3045 1784 3101 magna
1818 3033 1866 3086 vi
1903 3045 2126 3104 repente
2151 3038 2353 3093 caden-

2366 1789 2413 1847 B

2421 548 2630 619 χαλινοί
2662 548 2758 618 μὲν
2808 548 3007 616 ἑαυτὴν
3061 549 3160 618 τῆς
3206 547 3402 616 όρμῆς,
3457 545 3759 599 ὑποκύπτει
3795 546 3854 598 δὲ
3876 550 3994 608 τοῖς

2422 640 2530 692 τῶν
2552 641 2711 694 ὁσίων
2731 639 2876 694 ποσί.
2897 639 3144 710 Τάραχος
3166 627 3220 691 δὲ
3238 636 3336 708 τὴν
3359 637 3518 704 ἁγίαν
3540 637 3786 699 ἐκτείνας
3808 639 3991 706 χεῖρα,

2424 734 2517 785 καὶ
2547 731 2623 799 πῆ
2664 732 2759 799 μὲν
2791 730 2898 783 τῶν
2952 729 3176 800 τριχῶν,
3230 729 3306 798 πῆ
3350 727 3405 780 δὲ
3451 727 3542 780 τοῦ
3575 726 3712 789 ὠτὸς
3763 727 3984 793 ἐκείνης

2423 823 2858 892 λαμϐανόμενος,
2901 817 3048 873 εἷλκε
3087 819 3220 890 πρὸς
3251 820 3522 888 ἑαυτὸν,ἠ
3568 817 3626 871 δὲ
3678 819 3778 888 τὴν
3842 819 3995 887 ἁφὴν

2431 915 2655 986 ἡμέρως
2701 914 2777 978 ὡς
2833 913 3110 984 πρόϐατον
3159 910 3588 980 ἀποσεισαμένη,
3621 911 3713 963 καῖ⁵
3742 911 3808 978 τῇ
3858 909 3999 979 Θύρα

2427 1009 2870 1080 προσδραμοῦσα,
2895 1009 3020 1069 τοὺς
3052 1006 3268 1068 ὀδόντας
3299 1007 3418 1068 ταῖς
3448 1004 3620 1058 σανίσι
3655 1004 3994 1074 προσέπηξε.

2409 1104 2538 1175 ,Καὶ
2569 1101 2804 1168 ἐξελθεῖν
2833 1101 3105 1165 ἐϐιάζετο,
3153 1101 3246 1153 καὶ
3284 1099 3385 1152 οὐκ
3412 1098 3611 1167 ἀνῆκεν
3647 1097 3750 1158 ἕως
3778 1099 3806 1148 ό
3832 1097 4003 1164 δῆμος

2429 1197 2534 1262 ἔξω
2565 1195 2820 1264 γενέσθαι
2850 1196 3050 1264 ταύτην
3077 1193 3289 1263 ἐϐόησε.
3319 1191 3503 1245 Ταῦτα
3552 1190 3609 1244 δὲ
3660 1191 3846 1260 μηδεὶς
3874 1192 4003 1241 άπι-

2433 1288 2636 1342 στείτω
2676 1285 2770 1340 καὶ
2813 1287 2880 1340 τά
2911 1287 3121 1348 τούτοις
3152 1287 3332 1355 ὅμοια,
3373 1283 3470 1354 τὴν
3508 1283 3796 1353 ἐπιστολὴν
3816 1283 4008 1348 ἀναγι-

2433 1382 2678 1446 νώσκων,
2722 1381 2788 1452 ἢν
2819 1380 3098 1433 ἐπέστειλε
3157 1377 3449 1449 Ῥωμαίοις
3478 1378 3505 1428 ό
3539 1375 3803 1444 Θεοφόρος
3843 1372 4008 1441 Ὶγνά·

2434 1491 2564 1536 τιος.
2600 1474 2751 1543 Ἔχει
2780 1473 2886 1541 γὰρ
2914 1465 3015 1524 ὧδὲ
3050 1488 3165 1532 πως
3203 1485 3216 1498 °
3265 1468 3511 1537 Ὀναίνην
3533 1466 3640 1520 τῶν
3669 1466 3879 1535 θηρίων
3900 1465 4011 1518 τῶν

2437 1569 2558 1638 ἐμοὶ
2580 1569 2833 1634 ἑτοίμων,
2857 1565 2892 1620 ἃ.
2911 1565 3006 1619 καὶ
3029 1565 3282 1635 εὔχομαι,
3305 1561 3546 1631 σύντομά
3571 1577 3660 1629 μοι
3679 1559 4000 1627 εὑρεθῆναι,

2437 1657 2474 1713 ἃ
2522 1660 2611 1713 καὶ
2655 1657 2933 1714 κολακεύω
2984 1655 3266 1726 συντόμως
3345 1670 3414 1724 με
3471 1651 3840 1720 καταφαγεῖν.
3889 1649 4012 1701 Κᾶν

2442 1751 2578 1805 αὐτά
2613 1750 2687 1819 μὴ
2723 1749 2875 1819 θέλῃ,
2899 1746 3008 1816 ἐγὼ
3033 1747 3087 1801 δὲ
3116 1745 3540 1816 προσϐιάσομαι.

2509 1845 2610 1899 IB'.
2657 1842 2936 1896 Ἐντεῦοεν
2963 1843 3074 1901 τοῖς
3101 1837 3241 1898 ὅλοις
3268 1839 3296 1889 ό
3325 1838 3574 1905 Μάξιμος
3607 1834 4004 1905 ἐξαπορηθεὶς,

2441 1934 2534 1987 καὶ
2567 1931 2654 1985 διά
2681 1932 2895 1984 πάντων
2919 1928 3231 1996 λάμποντας
3259 1927 3350 1978 καὶ
3381 1927 3836 1992 θαυμαζομένους
3870 1922 4012 1993 ὀρῶν

2441 2029 2564 2090 τοὺς
2595 2027 2903 2096 μάρτυρας,
2923 2021 3016 2073 τὸν
3046 2019 3133 2071 διὰ
3159 2018 3343 2087 ξίφους
3367 2017 3546 2070 αὐτῶν
3565 2015 4012 2085 καταψηῳίζεται

2447 2118 2698 2170 θάνατον.
2740 2112 2804 2167 Οἳ
2834 2112 2930 2165 καὶ
2978 2110 3166 2179 ὥσπερ
3195 2127 3244 2162 τι
3294 2109 3482 2179 χρῆμα
3513 2107 3878 2176 ποθούμενον,
3918 2107 4017 2175 τὴν

2448 2205 2769 2261 τελευταίαν
2813 2202 3027 2272 ταύτην
3073 2202 3254 2271 ψῆφον
3313 2198 3724 2269 ὑποδεξάμενοι,
3776 2199 3872 2250 καὶ
3918 2197 4019 2256 τὰς

2448 2299 2686 2370 κεφαλάς
2776 2296 3161 2367 ὲκτμηθὲντες,
3238 2294 3629 2363 στεφανηφόροι
3716 2291 3855 2360 πρὸς
3921 2288 4021 2356 τὴν

2449 2392 2625 2463 ἀληθῆ
2655 2389 2798 2461 ζωὴν
2828 2387 3238 2458 μεταϐαίνουσι,
3268 2384 3375 2436 τῶν
3421 2384 3518 2452 τῆς
3544 2381 3854 2440 ἀθανασίας
3887 2377 4019 2446 βρα-

2452 2484 2613 2536 ϐεἰων
2645 2481 2740 2534 καὶ
2789 2479 2886 2549 τῆς
2917 2477 3126 2530 ἐκεῖθεν
3165 2473 3563 2544 μακαριότητος
3593 2467 4019 2526 ἀπολαύσοντες.

2475 2574 2616 2629 Ἀλλ’
2649 2575 2675 2627 ό
2731 2573 2827 2641 μὲν
2881 2569 3150 2638 βάσκανος
3207 2566 3302 2617 καὶ
3361 2561 3702 2634 μιαρώτατος
3758 2557 4024 2626 δικαστὴς

2456 2665 2668 2737 φθονῶν
2706 2664 2836 2732 ἡμῖν
2868 2658 2975 2712 τῶν
3013 2657 3192 2725 ἁγίων
3228 2656 3516 2726 λειψάνων,
3546 2654 3613 2706 τά
3652 2651 3889 2722 σώματα
3921 2649 4024 2702 τῶν

2460 2756 2773 2828 μαρτύρων,
2813 2757 2923 2818 τοῖς
2958 2752 3109 2820 παρά
3164 2750 3274 2803 τῶν
3327 2747 3650 2817 μονομάχων
3685 2743 4023 2812 ἀναιρεθεῖσι

2460 2850 2707 2921 βεϐήλοις
2766 2847 3015 2918 ἀνέμιξε,
3060 2843 3406 2914 στρατιωτῶν
3437 2839 3620 2892 δεκάδι
3655 2836 4024 2905 φυλάττεσθαι

2458 2942 2626 2995 ταῦτα
2653 2941 3065 3009 διαταξάμενος.
3109 2937 3169 2986 Ὀ
3221 2935 3278 2986 δὲ
3329 2933 3436 2984 τῶν
3489 2928 3811 2997 θαυμασίων
3867 2927 4020 2988 Θεὸς,

2459 3034 2566 3086 τῶν
2599 3033 2852 3100 ψυλάκων
2899 3025 3288 3096 εὖωχουμένων
3321 3023 3414 3076 καὶ
3452 3021 3623 3091 πυρὰν
3651 3019 3752 3089 ήδη
3790 3017 4027 3077 καυσάν-

793 3120 927 3173 tium
967 3119 1242 3182 imbrium,
1286 3129 1342 3173 et
1393 3122 1596 3190 ingenti
1632 3133 1960 3184 terraemotu,
1992 3142 2179 3194 rogum
2231 3131 2355 3198 qui-

2458 3140 2588 3187 των,
2610 3121 2831 3192 ὄμϐρων
2862 3118 3120 3188 ἐξαπίνης
3145 3117 3306 3188 φορᾷ,
3339 3115 3430 3167 καὶ
3457 3112 3629 3180 κλόνῳ
3657 3113 3762 3180 γῆς
3801 3108 4028 3176 ὲξουσξῳ

794 3209 918 3279 dem
971 3207 1248 3272 exstinxit,
1295 3210 1549 3263 custodes
1595 3214 1998 3266 autem'vertit
2046 3214 2103 3268 in
2156 3213 2357 3286 fugam.

795 3300 1043 3370 (Eumque
1096 3315 1220 3356 cum
1243 3300 1364 3356 aliis
1413 3301 1665 3372 permista
1693 3311 1876 3358 essent
1907 3315 2213 3360 sanctorum
2241 3323 2363 3362 cor-

799 3407 949 3463 pora,
985 3399 1040 3446 et
1074 3393 1458 3462 ignorarentur
1489 3404 1710 3462 propter
1736 3397 2015 3458 tenebras,
2046 3398 2200 3450 stella
2228 3399 2362 3452 luci-

797 3484 1024 3540 dissima
1071 3499 1102 3539 e
1146 3485 1285 3540 coelo
1321 3493 1520 3538 terram
1549 3484 1849 3550 illustrans,
1902 3494 1956 3540 et
2006 3494 2157 3542 stans
2201 3503 2365 3559 super

801 3576 1224 3646 unumquodque
1274 3591 1492 3647 corpus,
1523 3577 1750 3647 praebuit
1785 3578 1960 3632 lucem
1997 3581 2063 3633 ad
2091 3596 2152 3634 ea
2193 3597 2365 3652 agno-

799 3669 1020 3734 scenda,
1064 3670 1208 3724 illam
1241 3668 1381 3724 forte
1407 3670 1618 3724 stellam
1652 3670 1890 3736 imitans,
1923 3687 2041 3742 quae
2070 3674 2123 3729 in
2156 3673 2362 3732 Christi

799 3770 922 3815 ortu
959 3760 1258 3814 secundum
1282 3776 1502 3817 carnem
1525 3760 1707 3833 Magos
1753 3778 1818 3818 ex
1853 3764 2071 3820 Perside
2099 3769 2362 3834 evocavit,

801 3861 857 3907 et
900 3851 1141 3908 deduxit.
1189 3851 1312 3908 Haec
1361 3863 1542 3907 autem
1587 3854 1729 3907 facta
1778 3865 1927 3922 sunt,
1980 3865 2110 3911 cum‘
2147 3860 2366 3923 quidam

804 3945 991 4000 ﬁdeles
1019 3946 1075 3998 in
1108 3955 1288 3998 monte
1319 3943 1547 4015 genibus
1576 3942 1731 3998 ﬂexis
1765 3945 2057 4000 Dominum
2092 3949 2367 4020 supplices

805 4043 1079 4108 rogarent,
1111 4050 1181 4091 ne
1203 4035 1548 4106 privarentur
1581 4037 1725 4092 dono
1759 4046 2068 4093 sanctorum
2101 4041 2370 4096 membro-

807 4143 950 4191 rum,
982 4141 1104 4197 qute
1152 4137 1375 4196 propter
1408 4127 1528 4194 ejus
1573 4127 1797 4196 gloriam
1829 4141 1993 4196 supra
2026 4128 2241 4182 modum
2277 4130 2372 4184 de-

805 4228 1108 4276 certarunt.
1154 4218 1228 4272 Ea
1272 4232 1403 4273 vero
1452 4218 1849 4275 descendentes
1891 4220 2231 4276 sustulerunt
2264 4238 2280 4276 :
2318 4231 2373 4278 et

807 4326 1020 4368 summo
1039 4311 1238 4376 studio,
1271 4320 1492 4380 pr0pter
1539 4321 1742 4366 metum
1791 4314 2056 4381 praesidis,
2088 4315 2143 4367 in
2191 4323 2373 4369 monte

809 4401 863 4454 in
896 4409 1045 4468 petra
1075 4414 1309 4455 concava
1333 4401 1715 4469 condiderunt,
1747 4401 2110 4474 glorificantes
2149 4404 2373 4458 sanctis-

807 4491 1005 4548 simum
1051 4508 1250 4548 nomen
1280 4492 1481 4549 Christi
1531 4494 1624 4549 Dei
1676 4495 1890 4549 nostri:
1939 4495 2197 4564 quoniam
2244 4510 2370 4552 eum

808 4584 968 4640 decet
995 4585 1170 4640 omnis
1215 4587 1384 4658 gloria
1409 4601 1534 4641 cum
1563 4586 1719 4641 Patre
1748 4587 2001 4656 principii
2042 4597 2282 4658 experte,
2315 4598 2374 4643 et

811 4685 999 4733 sancto
1021 4675 1245 4748 Spiritu,
1269 4693 1412 4735 nunc
1429 4679 1558 4735 etin
1587 4680 1781 4735 saecula
1810 4681 2152 4738 saeculorum.
2178 4682 2370 4736 Amen.

2410 4474 2512 4526 Dr

2461 3216 2557 3287 τὴν
2595 3216 2692 3286 μὲν
2719 3213 2928 3277 ἔσϐεσε,
2963 3210 3089 3274 τοὺς
3119 3211 3174 3263 δὲ
3221 3207 3465 3278 φυγάδας
3503 3203 3776 3268 ἀπέδειξε,
3806 3201 4029 3254 καὶτῶν

2462 3309 2626 3360 ὁσίων
2673 3305 2943 3372 σωμάτων
2978 3303 3180 3368 ἀναμὶξ
3231 3305 3338 3364 τοῖς
3387 3301 3565 3359 ἄλλοις
3615 3297 3894 3364 κειμένων
3945 3295 4029 3345 καὶ

2463 3397 2845 3467 ἀγνοουμένων
2893 3394 2980 3447 διά
3029 3393 3088 3446 τὸ
3129 3393 3345 3456 σκότος,
3403 3390 3585 3460 ἀστὴρ
3637 3387 3946 3452 φανότατος
3977 3385 4032 3447 ἐξ

2465 3489 2694 3563 οὐρανοῦ
2757 3489 3026 3560 πρόσγεια
3069 3485 3324 3555 λάμπων,
3383 3482 3476 3536 καὶ
3521 3481 3605 3548 ἐφ’
3657 3479 3880 3546 ἑκάστῳ
3925 3475 4029 3528 τῶν

2469 3584 2738 3655 σωμάτων
2787 3581 3102 3651 ἱστάμενος,
3160 3578 3251 3631 τὸν
3320 3574 3631 3646 γνωρισμὸν
3687 3569 4030 3638 διεφὼτιζεν,

2467 3682 2674 3734 ἐκεῖνον
2717 3678 2859 3747 τάχα
2913 3674 3005 3727 τδν
3073 3668 3639 3740 ἀστεραμιμούμενος,
3686 3663 3780 3715 τὸν
3829 3661 3926 3711 ἐπὶ
3972 3657 4032 3724 τῇ

2467 3773 2606 3826 κατά
2653 3771 2830 3842 σάρκα
2861 3767 2954 3821 τοῦ
2998 3763 3236 3835 Χριστοῦ
3271 3762 3524 3829 γεννήσει
3557 3759 3684 3817 τοὺς
3709 3755 3945 3820 Μάγους
3977 3753 4033 3803 ἐκ

2469 3863 2728 3932 Περσίδος
2751 3853 3193 3928 μετακαλέσαντά
3217 3868 3274 3904 τε
3323 3851 3418 3904 καὶ
3441 3849 3812 3918 ὁδηγὴσαντα.
3853 3844 4036 3897 Ταῦτα

2467 3955 2522 4009 δὲ
2571 3952 2798 4022 ἐγίνετο,
2836 3949 2996 4004 τινῶν
3055 3947 3149 4000 ἐπὶ
3185 3943 3280 3997 τοῦ
3313 3943 3473 4014 δρους
3527 3938 3737 3991 πιστῶν
3769 3938 3854 4000 είς
3912 3938 4034 4002 γόνυ

2473 4045 2764 4100 κλιθέντων
2823 4042 2920 4096 καὶ
2969 4036 3324 4092 ἰκετευόντων
3376 4032 3467 4087 τὸν
3526 4031 3758 4100 Κύριον,
3818 4028 3896 4098 μὴ
3946 4027 4038 4094 τῆς

2471 4136 2682 4204 δωρεᾶς
2716 4134 2825 4184 τῶν
2876 4131 3047 4197 άγίων
3090 4127 3392 4197 άμοιρῆσαι
3427 4123 3629 4194 μελῶν,
3665 4120 3781 4173 τῶν
3824 4121 3928 4188 τῆς
3955 4117 4040 4170 σὺ·

2472 4226 2564 4279 τοῦ
2596 4225 2750 4294 δόξης
2778 4222 2967 4275 ἕνεκεν
2991 4217 3470 4287 ύπερηϐληκὸτων,
3505 4215 3540 4266 ά
3574 4215 3666 4266 καὶ
3697 4211 4038 4268 καταϐάντες

2473 4315 2762 4374 ἀνείλοντο,
2786 4310 2878 4363 καὶ
2902 4307 3104 4377 σπουδῇ
3131 4305 3295 4372 πολλῇ
3315 4304 3404 4356 διὰ
3426 4303 3518 4355 τόν
3542 4301 3635 4354 τοῦ
3657 4301 3937 4370 ἡγεμόνος
3959 4297 4043 4366 φό-

2477 4407 2569 4458 ϐον
2591 4405 2682 4456 ἐπὶ
2705 4402 2798 4455 τοῦ
2821 4403 2978 4472 ὄρους
3003 4401 3060 4454 ἐν
3097 4397 3271 4468 πέτρα
3293 4396 3451 4466 κοίλῃ
3483 4391 3873 4462 κατέκρυψαν,
3900 4384 4040 4454 δοξά-

2482 4501 2660 4565 ζοντες
2677 4498 3052 4568 τὸὺπεράγιον
3093 4493 3267 4563 ϐνομα
3306 4486 3548 4562 Χριστοῦ
3573 4485 3670 4539 τοῦ
3706 4483 3850 4539 Θεοῦ
3874 4483 4037 4553 ἡμῶν,

2479 4594 2560 4646 ὅτι
2581 4591 2727 4659 αὐτῷ
2748 4589 2947 4660 πρέπει
2970 4589 3115 4640 πᾶσα
3137 4585 3265 4648 δόξα
3287 4584 3382 4636 σὺν
3399 4579 3476 4647 τῷ
3494 4578 3720 4646 ἀνάρχῳ
3747 4576 3932 4645 Πατρὶ
3959 4574 4040 4627 καὶ

2481 4682 2557 4752 τῷ
2615 4682 2754 4752 ἀγίῳ
2810 4677 3108 4746 Πντύματι,
3152 4675 3246 4728 νῦν
3281 4673 3374 4726 καὶ
3423 4673 3503 4733 εἰς
3534 4670 3659 4732 τοὺς
3700 4669 3915 4735 αἰῶνας
3946 4667 4040 4720 τῶν

2485 4775 2715 4830 αἰώνων.
2765 4773 2958 4844 Ἀμήν.
