4178 6316
1322 375 1498 435 νιΤΑ
1537 376 1597 436 S.
1640 374 1967 436 ANDRE/E
2012 378 2091 437 IN
2129 379 2358 440 CRISI.

3336 384 3473 448 1082

236 540 2555 563 WWW*‘

535 725 786 876 DE
958 721 1116 879 S.
1296 725 2067 882 ANDREA
2222 729 3154 887 CRETENSI

1512 1004 1751 1069 DICTO
1804 1004 1908 1066 IN
1948 1004 2192 1067 CRISI.

2417 558 3432 589 ____________.___1__.._:=a

891 1171 1031 1232 (Acta
1053 1173 1138 1222 SS.
1172 1174 1395 1223 Bolland.
1418 1174 1476 1222 ad
1500 1175 1630 1224 diem
1661 1174 1721 1224 20
1745 1175 1989 1233 Octobris,
2024 1174 2283 1225 tom.Vlll.
2311 1174 2585 1237 Bruxellis,
2627 1175 2784 1237 [855.)

338 1490 364 1563 ᾗ
394 1493 442 1546 1.
471 1490 656 1545 Sancti
681 1493 932 1546 memoria
956 1492 1007 1544 in
1034 1494 1212 1562 fastis,
1238 1491 1426 1548 Cultus
1446 1504 1494 1548 et
1515 1494 1670 1547 Acta.

228 1582 520 1640 LSanctus
550 1583 816 1650 Andreas,
856 1594 1058 1653 martyr
1102 1584 1439 1653 Cpolitanus,
1478 1585 1531 1638 in
1568 1586 1790 1641 Oriente

211 1676 502 1745 plurimum
538 1677 859 1741 celebratus,
898 1676 951 1729 in
982 1677 1237 1731 omnibus
1268 1692 1420 1747 paene
1449 1677 1650 1733 Graecis
1708 1678 1789 1732 fa-

208 1769 312 1822 stis
368 1785 509 1840 quos
548 1770 801 1831 vidimus,
833 1769 991 1823 modo
1034 1779 1155 1840 post
1180 1769 1299 1840 ejus
1328 1771 1631 1840 passionem
1659 1786 1790 1826 con-

207 1860 398 1929 scripti
456 1860 680 1922 fuerint,
750 1861 1039 1925 recolitur;
1074 1876 1175 1916 nec
1225 1862 1367 1930 apud
1424 1877 1516 1917 eas
1578 1871 1788 1918 tantum

208 1964 416 2023 gentes,
449 1972 569 2025 quae
601 1953 789 2011 Graeca
819 1956 1000 2026 lingua
1031 1958 1160 2012 olim
1186 1975 1296 2014 usae
1326 1967 1453 2014 snnt
1497 1972 1590 2015 aut
1622 1972 1787 2017 utun-

211 2057 313 2112 tur,
342 2050 434 2105 sed
481 2049 643 2104 etiam
679 2050 819 2117 apud
865 2048 1135 2114 Mosehos,
1172 2053 1453 2107 Ruthenos
1482 2054 1784 2111 etMelchi-

206 2147 288 2190 tas
333 2138 722 2198 Antiochenos,
757 2138 1098 2192 Kalendariis
1147 2142 1534 2197 ecclesiasticis
1578 2145 1784 2199 adscri-

200 2237 328 2294 pius
389 2238 492 2282 est.
549 2228 605 2282 in
660 2229 1058 2296 antiquissimis
1103 2241 1287 2286 autem
1344 2234 1644 2305 Eclogadiis
1684 2252 1781 2291 seu

200 2318 680 2390 lilenologiis,qu:e
703 2322 981 2376 codicibus
1013 2322 1145 2378 Novi
1183 2324 1520 2381 Testamenti
1553 2328 1777 2399 adigun-

198 2416 291 2463 tur
331 2419 385 2464 et
416 2413 557 2465 nuda
588 2414 807 2466 nomina
835 2411 1158 2468 Sanctorum
1199 2417 1459 2472 exhibent
1481 2434 1603 2472 cum
1638 2421 1779 2475 iudi-

195 2504 414 2557 catione
444 2504 739 2559 lectionum
785 2506 837 2558 in
879 2521 1067 2563 eorum
1119 2505 1258 2561 festo
1300 2508 1775 2577 instituendarum,

197 2591 257 2646 S.
288 2595 528 2649 Andreas
559 2597 610 2649 in
632 2595 769 2651 Crisi
806 2612 871 2651 eo
901 2597 1019 2666 ipso
1052 2596 1141 2650 die
1167 2600 1542 2663 annuntiatur,
1579 2617 1685 2670 quo
1722 2603 1774 2656 in

189 2684 344 2739 Actis
374 2689 574 2740 nostris
599 2689 801 2743 obiisse
833 2688 1026 2750 fertur,
1059 2705 1125 2743 xx
1154 2706 1346 2760 nempe
1376 2690 1643 2749 Octobris.
1670 2694 1780 2749 Hu-

190 2776 425 2847 iusmodi
482 2789 608 2832 sunt
662 2779 962 2848 Menologia
1002 2783 1390 2854 Hierosolymis
1439 2795 1492 2839 ct
1545 2786 1769 2856 Calipoli

1824 1493 1874 1551 Α
1902 1492 1984 1547 vis
2016 1501 2405 1552 memorentur,
2450 1492 2629 1546 iocum
2662 1500 2842 1547 tamen
2875 1492 2929 1547 in
2968 1493 3129 1549 modo
3170 1495 3346 1551 allatis
3379 1511 3472 1551 co-

1893 1586 2105 1639 dicibus
2130 1585 2271 1655 apud
2304 1583 2718 1653 Metaphrastem
2753 1600 2860 1640 non
2894 1585 3163 1641 obtinent.
3202 1587 3316 1653 Qua
3345 1604 3473 1644 vero

1890 1683 2050 1729 attatc
2098 1676 2215 1730 dies
2253 1676 2434 1730 cultus
2476 1676 2547 1730 ita
2598 1685 2837 1730 mutatus
2882 1680 3092 1732 sitnon
3147 1679 3285 1733 bene
3316 1679 3473 1734 nobis

1890 1776 2136 1832 constat;
2186 1769 2538 1824 collectiones
2586 1778 2766 1824 tamen
2819 1768 3250 1840 Metaphrasticae
3285 1770 3468 1825 smeuii

1892 1877 1985 1925 xm
2018 1868 2073 1915 et
2109 1876 2194 1914 xiv
2225 1861 2371 1915 diem
2406 1877 2491 1914 nx
2525 1861 2821 1924 retinuere,
2846 1870 2901 1915 et
2931 1862 3164 1931 primum
3198 1863 3316 1918 dies
3340 1879 3467 1930 xvu,

1888 1962 2150 2024 quantum
2204 1954 2258 2008 id
2304 1953 2516 2022 assequi
2568 1954 2861 2022 potuimus,
2897 1962 3123 2024 apparet
3183 1954 3239 2009 in
3282 1955 3469 2011 codice

1887 2047 2067 2099 ett-cuii
2102 2062 2189 2109 xv,
2224 2045 2314 2113 qui
2341 2054 2519 2099 exstat
2549 2045 2604 2099 in
2640 2045 2973 2100 Bibliotheca
3015 2046 3257 2100 Parisina
3294 2057 3347 2101 et
3392 2048 3470 2102 si-

1885 2145 2082 2206 gnatur
2119 2136 2365 2190 n°1558.
2405 2136 2461 2189 In
2502 2137 2807 2205 Menologio
2839 2139 3042 2203 Sirleti,
3093 2141 3234 2209 quod
3269 2155 3469 2210 perpe-

1885 2244 1999 2283 ram
2033 2228 2232 2283 satculo
2257 2243 2307 2282 xi
2362 2237 2456 2282 aut
2480 2227 2550 2282 xit
2585 2230 2956 2298 conscriptum
3005 2246 3127 2285 esse
3171 2230 3468 2301 Basnagius

1883 2320 2101 2390 coniicit
2126 2321 2223 2389 (3),
2261 2319 2529 2389 siquidem
2579 2337 2724 2373 mera
2758 2321 3069 2390 compilatio
3097 2331 3180 2377 est
3205 2338 3234 2376 a
3267 2320 3466 2379 Sirlelo

1882 2427 1947 2466 ex
2010 2410 2227 2465 Menaeis
2289 2412 2506 2464 excusis
2563 2421 2657 2464 aut
2712 2414 3095 2482 manuscriptis
3155 2424 3465 2485 desumpta,

1879 2508 2207 2572 quandoque
2233 2518 2399 2572 opera
2440 2504 2574 2557 satis
2603 2503 2705 2556 levi
2742 2504 2837 2574 (6),
2872 2506 3017 2572 quod
3056 2505 3346 2560 Baronium
3384 2508 3464 2561 la-

1881 2596 2046 2649 tuisse
2079 2594 2297 2649 videtur
2324 2596 2422 2663 (7),
2457 2594 2510 2648 in
2563 2595 2667 2648 hoc
2704 2596 3026 2665 Menologio,
3067 2598 3310 2665 inquam,
3344 2600 3462 2655 dies

1878 2688 2066 2743 itidem
2100 2704 2208 2742 xvu
2252 2688 2309 2742 S.
2345 2686 2576 2742 Andreae
2626 2690 2953 2759 assignatur.
2992 2691 3045 2743 In
3082 2691 3463 2760 Ephemeridi-

1877 2783 1981 2837 bus
2009 2783 2500 2851 Graeco-Moschis,
2547 2783 2599 2837 in
2638 2784 2857 2840 Tabulis
2900 2784 3267 2855 Capponianis
3310 2801 3365 2843 et
3408 2790 3461 2845 in

188 2844 392 2923 sarculo
429 2870 642 2926 decimo
673 2874 1000 2942 conseripta,
1024 2876 1207 2942 judice
1253 2844 1392 2946 Aug.
1424 2876 1641 2944 Scholz,
1664 2844 1765 2948 ⁸(ιιιί
1801 2844 1846 2903 Β
1875 2876 2091 2930 Menaeis
2140 2877 2356 2931 excusis
2404 2886 2720 2931 constanter
2757 2878 2822 2934 ad
2871 2879 3011 2932 diem
3065 2896 3171 2934 xm
3224 2880 3462 2937 Sanctus

187 2978 253 3015 ea
287 2964 339 3016 in
368 2964 544 3019 lucem
583 2965 668 3020 edi
709 2968 919 3021 curavit
951 2969 1044 3035 (l),
1080 2968 1203 3023 dein
1234 2968 1594 3039 Menologium
1621 2970 1768 3027 aliud

187 3057 374 3109 stecnli
427 3074 499 3121 χι,
534 3059 676 3128 quod
710 3075 740 3113 a
775 3059 1149 3129 Mingharellio
1180 3065 1454 3131 vulgatum
1487 3072 1570 3118 est
1600 3065 1676 3134 (9.)
1714 3074 1769 3121 et

187 3148 456 3203 Sanctum
488 3162 733 3205 nostrum
770 3153 962 3207 iisdem
1011 3155 1236 3209 omnino
1274 3158 1459 3231 verbis,
1481 3160 1767 3212 annuntiat

182 3256 254 3295 ac
312 3242 420 3295 duo
469 3243 877 3311 precedentia:
929 3246 1006 3313 Τῇ
1059 3247 1193 3315 αὐτῇ
1242 3248 1421 3318 ἡμέρᾳ
1468 3248 1562 3300 τοῦ
1605 3250 1763 3316 ἁγίου

180 3336 590 3405 ὁσιομάρτυρος
636 3336 891 3407 Ἀνδρέου
946 3338 1042 3408 τῆς
1098 3338 1380 3410 Κρίσεως;
1438 3341 1628 3396 eadem
1676 3341 1765 3396 die

181 3427 279 3496 (xx
311 3428 578 3495 Octobris)
652 3428 824 3485 sancti
873 3430 1126 3485 monachi
1190 3432 1335 3497 (nam
1385 3433 1533 3497 ὅσιος
1575 3448 1765 3487 mona-

177 3521 347 3574 chum
391 3521 659 3591 designat)
707 3530 761 3575 et
824 3522 1076 3591 martyris
1118 3524 1347 3577 Andreas
1383 3539 1415 3577 a
1459 3525 1622 3580 Crisi.
1680 3526 1763 3580 Ad

176 3614 437 3667 eumdem
464 3612 606 3666 diem
634 3627 699 3664 xx
740 3626 863 3665 eum
895 3611 1147 3668 similiter
1169 3614 1414 3670 referunt
1439 3616 1636 3671 Menzea
1669 3633 1764 3672 ve-

177 3714 500 3773 tusta,quze
562 3703 851 3759 Mediolani
902 3705 956 3759 in
1004 3705 1336 3763 Bibliotheca
1381 3709 1758 3775 Ambrosiana,

176 3799 233 3851 in
274 3797 597 3852 Taurinensi
633 3799 796 3851 etiam
828 3804 883 3851 et
929 3795 1172 3852 Parisina
1206 3809 1580 3863 asservantur,
1611 3810 1665 3854 et
1695 3817 1759 3855 ex

174 3891 385 3959 quibus
412 3889 539 3943 olim
576 3889 936 3965 liagiugraphi
985 3890 1409 3959 Antverpienses
1450 3891 1617 3947 multa
1663 3891 1759 3963 Sy-

172 3982 444 4043 naxaria.
506 3996 601 4035 seu
662 3967 918 4035 Vitarum'
965 3984 1287 4053 compendia
1351 3997 1755 4054 excerpserunt.

168 4076 435 4130 Attamen
462 4090 585 4129 cum
618 4074 805 4129 eadem
835 4074 924 4127 die
966 4091 1031 4127 xx
1066 4074 1316 4129 Octobris
1368 4077 1629 4131 memoria
1661 4078 1758 4132 ﬁe-

168 4178 262 4223 ret
292 4168 517 4221 alterius
558 4169 700 4237 apud
749 4168 965 4223 Gratcos
995 4168 1228 4223 maxime
1268 4168 1524 4225 celebrati
1560 4180 1759 4242 marty-
1788 4204 1831 4264 ο

167 4258 254 4313 ris
308 4273 507 4328 nempe
561 4259 786 4313 Artemii
832 4260 1008 4327 ducis,
1074 4261 1240 4332 coepit
1285 4261 1481 4316 festum
1536 4262 1595 4317 S.
1641 4264 1755 4317 An-

165 4352 323 4407 dreae
360 4349 642 4405 transferri
679 4352 744 4404 ad
776 4367 888 4414 xix,
921 4367 1030 4420 quo
1079 4354 1168 4407 die
1200 4356 1435 4408 occurrit
1470 4355 1524 4408 in
1576 4356 1754 4409 omni—

163 4443 280 4498 bus
331 4443 572 4513 antiquis
619 4443 1028 4513 esemplaribus
1071 4446 1409 4498 collectiouis
1455 4446 1760 4515 Metaphra-

162 4536 346 4591 sricae.
380 4535 436 4590 ld
482 4535 830 4589 manifestum
875 4544 956 4590 est
1003 4552 1066 4591 ex
1116 4535 1465 4592 Bibliotheca:
1499 4538 1757 4593 Parisinan

1877 2976 2059 3020 noster
2134 2966 2392 3031 refertur,
2461 2968 2608 3022 unde
2679 2969 2842 3023 etiam
2902 2970 2967 3023 ad
3017 2969 3459 3046 Martyrologium

1874 3056 2181 3112 Romanum
2233 3073 2299 3114 eo
2352 3059 2439 3113 die
2488 3060 2792 3114 devenerit.
2859 3061 2917 3113 in
2992 3061 3214 3116 Tabulis
3278 3063 3461 3133 itaque

1871 3151 2260 3218 Capponiauis,
2301 3151 2388 3204 tibi
2421 3149 2476 3203 S.
2524 3154 2768 3211 Andreas
2807 3145 2987 3206 loculo
3037 3154 3196 3208 tertio
3252 3156 3459 3211 mensis

1872 3240 2119 3295 Octobris
2167 3241 2391 3295 ultimus
2442 3242 2619 3311 prodit
2671 3243 2770 3313 (8),
2816 3244 2916 3298 sub
2972 3244 3155 3300 habitu
3204 3249 3457 3303 monachi

1872 3340 2177 3401 comparet,
2210 3332 2452 3402 itemque
2502 3336 2554 3387 in
2590 3333 3055 3403 Papebrochianis
3098 3354 3113 3404 ;
3146 3354 3457 3407 quanquam

1872 3426 2017 3482 enim
2064 3427 2214 3481 stolae
2255 3426 2493 3497 speciem
2539 3426 2706 3481 habet
2734 3442 2763 3481 e
2796 3428 2937 3481 collo
2969 3428 3318 3498 pendentem,
3347 3446 3456 3485 non

1872 3520 1993 3572 ideo
2022 3535 2145 3574 cum
2188 3521 2489 3574 Assemano
2520 3531 2577 3573 ut
2609 3522 2989 3591 presbyterum
3040 3536 3163 3574 eum
3196 3522 3468 3599 vestitum

1868 3610 2134 3675 dicemus,
2164 3625 2287 3665 eum
2322 3625 2513 3666 omnes
2551 3612 2795 3665 monachi
2830 3622 2884 3665 et
2925 3613 3253 3668 eremitteita
3285 3614 3455 3684 prod-

1869 3712 2016 3766 eant,
2059 3714 2116 3758 et
2174 3704 2417 3773 quidem.
2479 3716 2535 3760 ut
2581 3703 2636 3758 S.
2672 3704 2935 3769 Andreas,
2971 3706 3193 3761 dextera
3229 3708 3455 3762 benedi-

1867 3810 1993 3849 cere
2020 3796 2329 3848 videantur.
2366 3798 2489 3849 Haec
2537 3797 2795 3850 distincte
2839 3800 2986 3854 cerni
3039 3810 3264 3867 possunt
3308 3802 3452 3870 apud

1870 3883 2412 3961 Papebrochjum(9),
2445 3887 2533 3955 qui
2569 3886 2832 3956 imagines
2856 3889 3143 3959 diligenter
3165 3892 3261 3946 reri
3285 3893 3450 3949 incidi

1866 3978 2075 4032 curavit
2106 3987 2162 4034 et
2184 3978 2251 4033 de
2279 3993 2465 4031 eorum
2495 3979 2705 4049 origine
2736 3991 2792 4035 et
2822 3996 2921 4035 usu
2947 3982 3207 4041 nonnuila
3234 3984 3447 4040 curiosa

1865 4070 2123 4138 praefatus
2150 4079 2264 4135 est;
2293 4086 2481 4123 verum
2511 4071 2876 4140 Capponiauae
2906 4075 3173 4142 imagines
3209 4084 3313 4127 tam
3347 4092 3447 4131 ne-

1864 4162 2129 4232 gligenter
2159 4178 2302 4217 θυεερ
2332 4175 2460 4218 sunt
2498 4175 2554 4219 ut
2583 4181 2670 4219 vix
2696 4164 2992 4234 quidquam
3019 4165 3072 4222 in
3112 4166 3179 4221 iis
3211 4167 3445 4223 discerni

1865 4256 2055 4325 possit.
2084 4253 2270 4325 Neque
2319 4266 2496 4309 tamen
2550 4268 2835 4325 propterea
2882 4258 2924 4310 is
2960 4258 3077 4311 illas
3110 4275 3138 4311 a
3181 4261 3340 4314 nobis
3391 4261 3444 4315 in

1865 4348 2121 4401 erunibus
2156 4347 2396 4417 praeponi
2439 4348 2706 4417 quispiam
2739 4348 3036 4413 existimet,
3075 4365 3199 4405 eum
3225 4367 3443 4412 errores

1865 4442 2005 4496 bene
2043 4441 2243 4494 multos
2291 4440 2341 4492 in
2396 4442 2510 4495 suis
2544 4440 2767 4496 Tabulis
2808 4441 3234 4512 deprehenderit
3269 4446 3444 4515 Pape-

1867 4534 2145 4598 brochius,
2184 4532 2274 4588 tibi
2312 4533 2677 4603 Capponianaa
2712 4544 2969 4588 accurate
3000 4550 3100 4589 sua
3129 4535 3419 4610 proferunt

162 4628 460 4685 codicibus
490 4628 627 4681 bene
660 4627 845 4683 multis
877 4630 975 4699 (‘5),
1001 4645 1066 4688 ex
1106 4631 1294 4686 codice
1322 4629 1581 4687 historico
1618 4631 1679 4684 17
1702 4639 1757 4687 et
1840 4625 2055 4681 Iterum
2112 4626 2290 4695 prodit
2344 4626 2400 4678 S.
2439 4626 2685 4680 Andreas
2733 4624 2785 4678 in
2834 4624 3094 4696 diptycbo
3150 4627 3440 4693 Cpolitano

164 4719 237 4772 18
271 4718 622 4774 Bibliotheca:
653 4721 1095 4777 Vindobonensis
1116 4724 1191 4793 (4)
1226 4736 1282 4777 et
1305 4723 1588 4793 permultis
1614 4725 1753 4789 aliis,

161 4822 233 4861 ex
273 4805 620 4876 Synaxarista
657 4809 890 4879 denique
922 4809 1197 4867 Sirmondi
1232 4815 1426 4876 nostri,
1447 4830 1609 4883 quem
1637 4813 1755 4867 Boi-

1854 4720 1999 4789 quod
2046 4718 2449 4786 Papebrochius
2484 4717 2944 4785 Ephemeridibus
2970 4719 3086 4772 suis
3118 4719 3352 4787 subjecit
3385 4729 3441 4775 et

1851 4811 1944 4864 aeri
1982 4800 2143 4865 incidi
2180 4811 2307 4865 item
2337 4808 2576 4871 curavit;
2616 4809 2687 4864 ibi
2721 4819 2903 4864 autem
2929 4825 3052 4865 cum
3090 4809 3279 4866 Sancti
3312 4820 3436 4865 tan-

160 4899 414 4954 iandiani
464 4900 594 4953 socii
643 4916 707 4955 ex
743 4902 968 4973 collegio
996 4902 1420 4961 Claromontano
1463 4907 1751 4962 Parisieusi
1851 4913 1963 4958 tum
1992 4903 2345 4974 quadraginta
2364 4902 2517 4973 Cpoli
2547 4902 2877 4957 celebriores
2894 4913 3306 4966 recenscantur.
3334 4918 3433 4972 pa-

160 4992 301 5047 olim
335 4991 754 5047 exscribendum
783 5007 1133 5064 acceperunt.

238 5082 295 5136 2.
341 5082 447 5136 Sed
485 5084 597 5139 haec
646 5085 873 5138 mutatio
916 5102 1022 5141 non
1051 5087 1308 5157 perstitit,
1347 5097 1400 5142 et
1452 5090 1643 5143 iterum
1691 5090 1746 5145 S.

158 5174 420 5228 Andreas
462 5174 526 5228 ad
584 5192 689 5229 xvu
735 5173 981 5229 Octobris
1032 5179 1325 5232 translatus
1370 5186 1473 5239 est,
1506 5195 1613 5247 quo
1662 5179 1747 5235 die

158 5263 341 5320 Oseas
378 5265 636 5335 propheta
670 5276 725 5322 et
750 5266 850 5322 SS.
881 5267 1106 5325 Cosmas
1141 5279 1195 5324 et
1246 5270 1537 5324 Damianus
1561 5286 1749 5340 quam-

1859 5005 1934 5050 tct
1977 5004 2178 5065 quanto
2227 4998 2432 5051 honore
2490 5005 2781 5065 martyrem
2837 4991 2987 5047 illum
3036 4993 3210 5050 Crazci
3246 5011 3436 5065 prose-

1857 5098 2111 5158 quantur.
2138 5090 2401 5144 Prteterea
2435 5089 2487 5143 in
2525 5086 2836 5158 Synaxariis
2872 5085 3001 5141 Mss.
3033 5086 3352 5143 Rutbenicis
3379 5094 3434 5142 et

1858 5181 2091 5237 Moschis
2122 5199 2242 5250 quae
2269 5182 2325 5237 P.
2359 5181 2521 5236 David
2555 5181 2613 5234 S.
2639 5180 2690 5236 .l.
2718 5196 2862 5235 anno
2900 5178 3035 5234 1688
3066 5190 3120 5233 et
3145 5178 3342 5234 Comes
3361 5180 3430 5235 de

1857 5272 2225 5343 Sparwenl‘eld
2254 5289 2398 5327 anno
2446 5271 2580 5326 1712
2614 5272 2680 5326 ad
2727 5269 3139 5342 Hagiographos
3174 5269 3429 5325 transmi-

238 5447 324 5520 (i_i
362 5446 434 5501 De
466 5444 786 5520 Menologiis
812 5449 1042 5502 duorum
1074 5449 1318 5503 codicum
1347 5450 1520 5504 Grec.
1555 5449 1752 5505 Bona-te
1788 5456 1830 5510 D
1856 5448 1960 5506 556
1993 5459 2051 5520 et
2076 5466 2225 5520 seqq.

160 5516 333 5577 1825,
371 5533 426 5577 ι).
458 5518 509 5572 8.

232 5533 578 5656 (ἒῒέῖιίῗέοε
606 5587 923 5649 Naniorum,
964 5604 1012 5656 p.
1044 5589 1166 5643 569.

235 5659 316 5725 (5)
356 5654 530 5712 Calai.
574 5658 746 5713 Codd.
794 5656 920 5712 Mss.
965 5654 1105 5714 Bibl.
1144 5659 1338 5725 Paris,
1372 5669 1408 5713 t.
1461 5661 1532 5726 Il,
1569 5661 1740 5717 Codd.

156 5728 174 5780 1
203 5730 329 5788 180.
370 5729 525 5793 1484,
562 5729 711 5792 1495,
741 5736 845 5783 etc.
1281 5767 1284 5770 .

230 5799 314 5869 (1)
356 5798 696 5865 Lambecius,
744 5799 1134 5870 Commeman,
1166 5813 1297 5871 etc.,
1351 5815 1384 5859 t.
1423 5801 1571 5871 Vill,
1605 5804 1737 5861 Cod.

1933 5522 2007 5591 (5)
2036 5516 2319 5591 Lectiones
2349 5519 2542 5588 antiq.,
2576 5528 2613 5574 t.
2652 5517 2741 5585 lil,
2777 5529 2913 5590 part.
2952 5535 2988 5583 t,
3020 5534 3073 5588 p.
3110 5516 3231 5572 680.

1926 5590 2096 5659 (6)1‘.
2136 5590 2198 5645 ιιι
2235 5592 2377 5652 nan,
2420 5606 2470 5657 ρ.
2509 5590 2594 5642 59.

1925 5665 1999 5731 (7)
2039 5662 2170 5726 Ibid,
2204 5672 2256 5715 et
2289 5670 2325 5714 t.
2364 5660 2401 5712 ll
2438 5660 2631 5722 Martii,
2669 5677 2720 5731 ρ.
2759 5661 2882 5723 609,
2915 5670 3020 5714 etc.
3086 5730 3099 5731 γ
3132 5717 3145 5731 _,

1924 5728 1998 5801 (ὃ)
2031 5732 2313 5786 Kalendar.
2356 5732 2539 5786 Eccles
2570 5769 2581 5790 .
2627 5728 2679 5784 ιζ
2704 5730 2761 5793 ν,
2802 5750 2851 5800 p.
2876 5731 2979 5783 216
3008 5739 3060 5785 et
3084 5728 3208 5786 504.

1923 5806 2000 5879 (9)
2037 5803 2097 5856 'l‘.
2139 5803 2176 5867 Ι,
2223 5802 2365 5867 Maii,
2401 5818 2452 5871 ρ.
2491 5818 2630 5867 .\L\'I,
2669 5818 2729 5855 l..\
2765 5815 2893 5872 etp.
2924 5818 2978 5855 ιι.
