4178 6316
756 336 888 399 1083

2011 340 2293 401 MENSIS
2331 336 2699 398 OCTOBER.

3856 334 3989 397 1094

752 462 891 508 sere,
938 445 993 500 S.
1044 446 1290 504 Andreas
1345 448 1596 505 similiter
1647 467 1799 508 suam
1845 453 2315 509 annuntiationem
2347 453 2391 511 Α
2421 449 2996 504 Cretensemnostrum
3026 445 3317 502 ostendere
3348 446 3581 499 conabor
3614 444 3897 513 interius§
3937 462 3994 495 ιι.

751 540 979 603 obtinet,
1006 542 1092 596 die
1122 542 1303 596 itidem
1342 559 1449 597 xvtt
1487 543 1760 600 Octobris.

818 634 871 686 ‘5.
911 633 1007 687 Hic
1043 636 1378 701 praetermitti
1427 652 1535 691 non
1566 637 1729 692 debet
1766 638 2118 710 Papebrochii
2147 641 2322 695 Tabu—

751 725 831 780 las
877 741 1172 795 earumque
1211 728 1624 798 explicationes,
1657 733 1708 786 in
1755 734 2139 804 Supplemeuto
2175 734 2320 790 The-

752 817 897 871 sauri
944 818 1164 874 Goriaul
1220 820 1603 892 Diptychorum
1657 834 1933 880 mutuatas
1968 841 2089 881 esse
2138 828 2317 893 modo,

752 918 808 961 ut
831 909 1108 964 lenissime
1137 911 1504 975 dicam,valde
1535 916 1816 983 singulari.
1839 918 2121 974 Passerius
2150 919 2316 983 enim,

750 1002 840 1068 qui
894 1002 1150 1070 praeclaro
1184 1003 1310 1057 huic
1354 1004 1501 1074 operi
1534 1017 1743 1075 partem
1792 1018 2037 1076 quartam
2071 1025 2129 1064 se
2175 1011 2321 1078 adje-

748 1094 892 1147 cisse
948 1103 1193 1158 testatur,
1240 1096 1316 1149 ait
1367 1111 1426 1151 se
1474 1096 1717 1166 Diptyehi
1763 1098 2025 1164 Cpolitani
2072 1110 2317 1171 ectypum

749 1195 1097 1239 consecutum
1118 1187 1249 1256 (10),
1280 1199 1329 1241 at
1353 1204 1472 1241 cum
1500 1204 1561 1242 ex
1585 1189 1934 1245 Bollandiano
1958 1208 2122 1261 opere
2143 1194 2317 1247 lumen

749 1285 1033 1343 quaereret,
1076 1281 1294 1333 nomina
1333 1281 1499 1334 multa
1540 1282 1865 1337 Sanctorum
1898 1286 2098 1338 omissa
2132 1300 2188 1338 se
2226 1287 2318 1338 ad-

748 1371 978 1422 vertisse
1033 1380 1329 1435 asseverat,
1365 1372 1465 1426 alia
1514 1374 1852 1442 perturbata,
1892 1374 2320 1431 Commentarios

751 1459 877 1511 item
912 1460 1061 1513 nullo
1094 1462 1283 1516 ordine
1318 1465 1678 1533 conscriptos,
1714 1465 1785 1518 ita
1816 1475 1873 1519 ut
1903 1482 2009 1520 non
2039 1468 2090 1520 in
2116 1467 2317 1531 lumen,

750 1550 844 1603 sed
883 1550 933 1603 in
979 1552 1262 1621 caliginem
1312 1554 1544 1619 irruens,
1581 1557 1694 1625 ipse
1725 1573 1821 1626 per
1853 1574 1910 1612 se
1942 1560 2119 1612 omnia
2155 1561 2320 1613 extri-

749 1657 875 1695 care
919 1643 1185 1698 debuerit.
1224 1645 1383 1715 Atqui
1433 1662 1499 1701 ex
1544 1649 1627 1701 his
1667 1650 1940 1713 omnibus,
1967 1668 2034 1705 ne
2066 1669 2167 1705 una
2206 1653 2321 1722 qui-

750 1733 871 1787 dem
915 1737 1149 1789 asscrtio
1208 1753 1332 1791 vero
1405 1740 1647 1808 proxima
1709 1752 1810 1802 est.
1867 1760 1966 1797 nec
2023 1746 2315 1815 quidquam

748 1829 1061 1883 emendavit
1090 1829 1178 1886 ille
1210 1832 1446 1901 scriptor
1473 1845 1564 1887 aut
1591 1844 1821 1903 ectypou
1854 1848 2185 1891 consecutus
2213 1850 2314 1903 est,

747 1919 841 1972 sed
874 1919 1073 1989 eﬂigies
1122 1923 1587 1990 Papebrochianas
1628 1935 1854 1979 conatus
1898 1927 2122 1991 referre,
2170 1944 2318 1983 erro-

748 2025 834 2065 res
864 2027 968 2066 non
1000 2012 1145 2068 leves
1174 2015 1411 2069 admisit.
1434 2016 1687 2071 Testatur
1715 2018 1858 2073 enim
1893 2018 2315 2088 Papebrochius,

746 2118 869 2158 cum
898 2111 1066 2157 totum
1101 2106 1399 2173 Diptychou
1440 2110 1631 2178 pagina
1663 2125 1858 2179 capere
1890 2126 1994 2163 non
2029 2122 2232 2180 posset,
2259 2129 2317 2166 se

745 2193 1007 2249 artiﬁcem
1053 2212 1268 2265 rogasse
1306 2208 1361 2251 ut
1393 2198 1575 2253 icoues
1607 2201 1699 2253 aeri
1734 2201 2103 2254 inciderentur
2128 2203 2317 2257 ordine

747 2287 938 2341 leviter
987 2288 1274 2342 immutato
1301 2309 1314 2353 ;
1346 2291 1440 2344 sed
1494 2307 1640 2355 eum,
1679 2291 2043 2359 postulatione
2074 2308 2181 2346 nou
2220 2296 2318 2348 rite

747 2379 1047 2443 intellecta,
1085 2380 1387 2450 plusculum
1431 2399 1457 2434 a
1494 2397 1617 2435 vera
1669 2383 1913 2453 Diptychi
1966 2385 2318 2455 dispositione

745 2469 1064 2537 aberrasse;
1104 2488 1261 2539 quam
1312 2482 1490 2525 tamen
1544 2473 1965 2539 Papebrochius.
2000 2477 2125 2529 dum
2180 2475 2313 2529 San-

744 2570 955 2620 ctorum
990 2563 1214 2616 nomina
1243 2565 1490 2627 (nitidius
1518 2566 1687 2617 multo
1723 2565 1774 2618 iu
1812 2576 2002 2636 ectypo
2030 2584 2128 2621 suo
2154 2580 2314 2637 quam

747 2655 801 2713 in
846 2652 1084 2707 Goriano
1139 2654 1521 2722 supplemento
1576 2657 1781 2723 prolata
1806 2658 1843 2723 },
1900 2658 2321 2714 Commentariis

744 2747 1059 2810 illustravit,
1098 2749 1163 2799 ad
1217 2748 1447 2815 rigorem
1503 2758 1721 2802 secutus
1766 2760 1848 2803 est
1884 2751 2018 2817 (ll).
2052 2749 2105 2803 Si
2159 2750 2319 2820 igitur

740 2847 975 2909 ectypon
1008 2837 1283 2891 habuisset
1316 2838 1548 2907 scriptor
1597 2838 1706 2901 ille,
1746 2840 2037 2908 sculptoris
2071 2842 2316 2909 sphalma

745 2946 849 2985 non
880 2943 1066 2985 exacte
1113 2930 1407 2993 retulisset,
1446 2947 1619 2999 neque
1652 2932 1740 2986 tibi
1770 2932 2172 3002 Papehrochius
2200 2935 2318 2989 Tri-

742 3022 926 3094 ptychi
956 3022 1157 3076 Moschi
1193 3038 1409 3090 eapsam
1438 3024 1678 3087 rescidit,
1706 3025 1831 3092 quia
1855 3041 1972 3077 eam
2008 3026 2203 3079 iterum
2228 3043 2320 3095 pa-

742 3115 864 3185 gina
918 3129 1023 3167 non
1078 3115 1347 3185 capiebat,
1390 3115 1476 3168 ille
1527 3115 1781 3169 similiter
1834 3116 2166 3180 rescidisset,
2215 3135 2316 3172 nec
2347 3141 2387 3195 ρ

742 3203 978 3272 denique
1034 3213 1139 3257 tam
1197 3217 1451 3261 accurate
1507 3208 1911 3263 Bollandianam
1962 3212 2190 3281 etligiem
2228 3212 2321 3266 de-

744 3294 1080 3363 scripsissat,
1098 3306 1157 3350 ut
1182 3313 1248 3350 ne
1272 3298 1353 3351 vel
1376 3299 1648 3355 levissima
1675 3303 1961 3359 diversitas
1985 3305 2321 3372 deprehendi

746 3390 938 3456 possit.
988 3386 1095 3442 Sed
1149 3390 1554 3461 Papehrochius
1593 3404 1857 3446 mutatum
1908 3410 2029 3449 esse
2075 3397 2319 3449 ordinem

745 3480 1025 3544 indicavit,
1069 3497 1132 3534 ac
1186 3483 1237 3535 in
1296 3483 1513 3537 iconum
1564 3484 1881 3538 recensione
1932 3486 2103 3555 ipsius
2139 3500 2322 3551 proto-

744 3570 853 3641 typi
906 3582 1151 3626 servatus
1192 3581 1274 3627 est
1322 3576 1488 3639 ordo;
1524 3575 1612 3631 ille
1662 3594 1789 3629 vero
1827 3579 2019 3631 horum
2067 3590 2317 3634 neutrum

744 3663 893 3725 fecit,
919 3674 974 3718 et
1019 3666 1144 3731 quia
1185 3667 1409 3733 singulis
1457 3668 1773 3721 nominibus
1814 3670 2318 3723 commentariolum

744 3766 1037 3810 annectcre
1078 3756 1265 3820 voluit,
1299 3758 1385 3812 ubi
1419 3757 1904 3829 Hagiographicum
1940 3774 2186 3817 nostrum
2224 3765 2321 3817 du—

743 3863 862 3901 cem
914 3864 1020 3901 non
1078 3850 1287 3916 habuit,
1314 3865 1529 3905 errores
1568 3852 1919 3920 gravissimos
1961 3854 2199 3909 admisit.
2246 3856 2318 3910 Ita

745 3940 801 3991 S.
819 3939 1154 4007 Stephanum
1178 3940 1456 3993 Juuiorcrn
1480 3941 1615 4010 (12),
1642 3952 1927 4012 martyrem
1953 3945 2317 4010 notissimum,

747 4044 852 4084 non
888 4031 987 4084 sub
1015 4031 1354 4102 Colironymo
1391 4034 1484 4087 sed
1532 4034 1633 4087 sub
1666 4034 1843 4089 Leone
1887 4035 2070 4092 Isauro
2101 4053 2318 4108 passum

744 4118 1003 4183 aﬂlrmat,
1059 4122 1203 4191 quod
1276 4123 1684 4193 l‘apehrochius
1741 4130 1984 4196 profecto
2043 4147 2319 4201 nunquam

744 4213 1070 4281 scripsisset.
1128 4215 1328 4268 Eodem
1388 4218 1549 4271 modo
1590 4221 1881 4287 procedere
1926 4222 2140 4276 videtur
2191 4226 2318 4279 dum

745 4303 1034 4377 Triptycha
1060 4306 1275 4362 Moseha
1307 4311 1581 4379 explanat,
1617 4312 1710 4366 sed
1746 4329 1852 4366 non
1905 4326 2059 4369 vacat
2092 4332 2203 4370 rem
2235 4318 2317 4371 di-

744 4399 995 4471 ligentius
1046 4401 1438 4471 indigam-U5).
1472 4405 1581 4460 Nec
1630 4408 1917 4478 quisquam
1959 4410 2045 4465 hic
2090 4414 2315 4480 objieiat

2422 542 2595 609 Atque
2622 541 2713 594 hic
2746 548 2957 594 tantum
3008 535 3207 591 notabo
3253 535 3367 589 haec
3404 550 3593 604 pauca.
3638 534 3839 588 Passus
3874 535 3994 602 qui-

2422 632 2544 686 dem
2596 642 2678 686 est
2729 631 2785 686 S.
2823 630 3128 700 Stephanus
3159 644 3323 682 xxvm
3372 628 3711 689 Novembris.
3742 629 3835 682 sed
3873 643 3993 681 cum

2422 724 2488 778 sit
2532 724 2839 795 praecipuus
2897 720 3291 791 persecutionis
3350 719 3798 790 Copronymianae
3851 734 3996 771 mar-

2424 825 2523 886 tyr,
2582 817 2646 871 iis
2697 816 2888 871 diebus
2939 815 3135 883 quibus
3180 813 3267 867 alii
3324 813 3565 882 ejusdem
3603 813 3996 881 persecutionis

2423 918 2685 977 martyres
2721 908 3140 965 annuntiantur.
3178 920 3320 974 smpe
3350 906 3464 973 ipse
3487 905 3646 957 simul
3694 915 3993 971 comparet.

2421 998 2836 1068 Conjungttntur
2910 999 3089 1066 itaque
3158 997 3467 1064 frequenter
3530 995 3584 1048 S.
3660 992 3994 1061 Stephanus,

2421 1090 2476 1146 S.
2514 1092 2777 1151 Andreas,
2806 1091 2862 1146 S.
2896 1092 3089 1145 Petrus
3119 1100 3171 1143 et
3209 1090 3264 1142 S.
3296 1091 3491 1144 Paulus
3521 1092 3620 1143 sub
3656 1090 3998 1157 (Iopronymo

2424 1184 2594 1253 passi,
2628 1198 2936 1253 quanquam
2978 1180 3140 1236 simul
3168 1182 3230 1233 ad
3261 1182 3596 1250 martyrium,
3631 1189 3689 1233 ut
3716 1198 3779 1233 ex
3814 1183 4001 1250 singu-

2430 1273 2602 1328 lorum
2654 1274 2802 1327 Actis
2843 1282 3007 1343 patet.
3062 1289 3168 1326 non
3221 1283 3620 1342 processerunt.
3668 1272 3725 1325 In
3778 1272 3999 1324 liii-umis

2424 1366 2550 1420 Mss.
2584 1366 2957 1421 Ambrosiauis
2998 1381 3094 1420 seu
3131 1366 3623 1421 Mediolanensibus
3670 1368 3721 1418 hi
3768 1376 4002 1434 quatuor

2422 1455 2519 1509 SS.
2566 1466 2827 1528 martyres
2877 1459 3037 1512 simul
3077 1458 3291 1514 colendi
3335 1458 3677 1521 assignantur
3713 1475 3778 1511 xx
3835 1461 4003 1512 Octo-

2424 1546 2569 1610 bris;
2596 1547 2721 1601 dein
2760 1547 2817 1602 S.
2852 1548 3080 1603 Andreae
3138 1549 3190 1602 in
3230 1548 3368 1603 Crisi
3407 1547 3787 1617 Synaxarium,
3823 1550 3873 1602 id
3923 1561 4004 1603 est

2424 1638 2604 1693 brevis
2632 1640 2754 1695 vitae
2798 1649 2849 1694 et
2887 1641 3155 1709 passionis
3186 1640 3408 1694 historia
3444 1639 3811 1708 subjungitur.
3856 1640 4003 1694 Idem

2423 1729 2475 1783 in
2512 1731 2631 1785 aliis
2663 1732 2880 1786 Menaeis
2920 1731 3049 1786 Mss.
3084 1741 3142 1785 ut
3186 1733 3237 1785 in
3284 1732 3471 1785 codice
3503 1733 3735 1799 quodam
3772 1729 4005 1784 Malari-

2422 1839 2538 1877 naeo
2588 1840 2693 1892 quo
2737 1840 2877 1894 saepe
2925 1826 3242 1878 decessores
3285 1825 3455 1878 nostri
3509 1825 3587 1877 usi
3638 1832 3788 1884 sunt,
3821 1824 4008 1879 videre

2418 1922 2521 1966 est.
2550 1912 2900 1981 Synaxarinm
2930 1922 3110 1965 autem
3145 1911 3561 1973 Mediolanense.
3588 1915 4005 1980 quoniamnon-

2420 2007 2554 2059 nihil
2600 2006 2783 2060 differt
2811 2006 2877 2069 ab
2914 2004 3006 2057 illo
3037 2004 3179 2071 quod
3223 2004 3288 2058 ad
3339 2020 3446 2058 xm
3492 2004 3743 2057 Octobris
3782 2005 3834 2057 in
3894 2005 4005 2059 Mc-

2420 2098 2549 2153 naeis
2593 2097 2908 2167 vulgaribus
2952 2111 3210 2151 excusum
3260 2107 3364 2159 est,
3395 2106 3450 2150 et
3505 2096 3829 2150 mirabiliter
3879 2112 4005 2152 cum

2421 2188 2568 2242 Actis
2610 2188 2810 2242 nostris
2850 2188 3120 2257 prioribus
3167 2197 3453 2249 consonat,
3486 2187 3557 2239 ita
3594 2197 3645 2239 ut
3684 2204 3749 2239 ex
3793 2188 3881 2241 his
3913 2190 4008 2241 de—

2420 2288 2695 2347 sumptum
2734 2278 2863 2333 illud
2912 2278 3103 2333 merito
3155 2279 3451 2348 conjicias,~
3485 2277 3572 2333 hic
3625 2278 3904 2345 integrum
3942 2293 4008 2333 ex

2421 2370 2608 2424 codice
2643 2369 2743 2425 Ms.
2773 2370 3117 2439 proferimus.
3139 2368 3305 2422 Datur
3340 2384 3470 2422 vero
3501 2368 3662 2421 sicuti
3690 2377 3795 2428 est,
3818 2372 4008 2437 sphal-

2422 2462 2578 2515 matis
2605 2473 2654 2516 et
2685 2462 3048 2515 locutiouibus
3088 2461 3400 2515 Graecorum
3432 2459 3630 2510 intimae
3660 2460 3838 2511 anatis
3890 2459 4010 2510 ubi-

2420 2569 2522 2622 que
2544 2555 2785 2615 retentis.
2806 2554 2871 2608 de
2894 2555 3110 2620 quibus,
3143 2554 3183 2604 si
3208 2553 3375 2612 lubet,
3392 2550 3557 2618 aliqui
3587 2551 3753 2602 videri
3777 2561 4013 2617 possunt

2419 2647 2560 2714 apud
2590 2645 2667 2699 Cl.
2705 2646 2843 2698 Hase
2882 2644 2933 2696 in
2965 2644 3200 2697 editione
3232 2643 3426 2697 Leonis
3462 2643 3681 2695 Diaconi
3711 2644 3825 2712 (Η)

2496 2759 2548 2812 5.
2584 2758 2725 2826 Μηνὶ
2785 2754 3070 2825 ὀκτωϐρίῳ
3097 2762 3142 2809 κ’
3170 2755 3277 2809 τῶν
3311 2755 3483 2821 ἁγίων
3526 2755 3811 2822 νεοφανῶν
3862 2772 4011 2825 μαρ-

2418 2842 2597 2920 τύρων
2663 2853 2967 2920 Στεφάνου,
3038 2849 3272 2910 Παύλου,
3311 2849 3516 2917 Πέτρου
3574 2848 3669 2898 καὶ
3725 2847 4008 2915 Ἀνδρέου,

2417 2947 2523 2997 τῶν
2556 2947 2644 2997 ἐπὶ
2678 2943 3053 3011 Κοπρωνύμου
3083 2942 3577 3010 μαρτυρησάντων.
3618 2931 3797 3000 Οὗτος
3827 2934 4010 3006 ﬁuit!

2421 3035 2827 3089 Κωνσταντίνου
2895 3034 2986 3086 τοῦ
3020 3031 3343 3084 καὸαλλξνου
3389 3033 3445 3083 ἐν
3486 3031 3717 3100 ἀσκήσει
3773 3032 4009 3099 διάγων,

2420 3130 2476 3179 ὲν
2506 3130 2571 3196 τῇ
2596 3130 2742 3196 νήσῳ
2764 3127 2975 3196 Κρήτῃ.
3042 3122 3282 3176 Ἀκούων
3313 3123 3366 3175 δὲ
3400 3124 3490 3175 τὸν
3520 3122 3787 3192 τύραννον
3824 3140 4008 3191 τιμωο

2427 3222 2672 3291 ρήσαντα
2717 3220 2843 3280 τοὺς
2894 3218 3232 3287 ὀρΟοδόξους,
3292 3217 3590 3270 ἀνέπλευσε
3652 3217 3790 3284 πρὸς
3838 3216 4006 3268 Kon-

2428 3310 2872 3364 σταντινούπολιν
2931 3310 3167 3373 ἐλέγξων
3222 3308 3400 3369 αὑτὸν,
3459 3310 3553 3360 καὶ
3604 3308 3785 3377 εὑρὼν
3834 3309 4009 3359 αὑτὸν

2425 3405 2598 3470 πέραν
2625 3404 2681 3453 ἐν
2706 3401 2801 3453 τοῦ
2828 3402 2981 3466 ἁγεου
3013 3398 3216 3452 Maium:
3230 3414 3310 3458 τος
3333 3398 3609 3457 παλατθοις
3645 3398 4011 3465 τιμωροῦντα

2423 3496 2549 3559 τοὺς
2582 3494 2654 3563 μὴ
2684 3494 3052 3563 ἀρνουμένους
3083 3488 3179 3551 τὰς
3217 3489 3365 3549 θείας
3414 3487 3650 3549 εἰκόνας,
3682 3488 3784 3556 ἔφη
3809 3503 3824 3517 ο
3854 3483 4011 3555 Ἀρι

2425 3586 2729 3655 χριστιανὸς
2762 3582 2833 3647 εἴ,
2895 3581 3149 3653 βασιλεῦ;
3191 3582 3248 3634 Ὀ
3275 3580 3330 3633 δὲ
3358 3580 3493 3649 πρὸς
3532 3580 3693 3632 with
3760 3579 3885 3650 μετ’
3920 3580 4010 3648 ὀρ-

2423 3681 2523 3746 γῆς
2563 3676 2824 3747 στραφεὶς
2870 3676 3124 3728 ἐκέλευσε
3158 3674 3295 3745 πρὸς
3340 3675 3501 3726 αὑτὸν
3558 3672 3813 3735 ἄγεσθαι·
3854 3674 3911 3724 οἱ
3956 3673 4011 3725 δὲ

2420 3770 2525 3822 τῶν
2552 3769 2753 3839 τριχῶν
2796 3767 3067 3836 σύροντες,
3098 3765 3247 3819 ἄλλοι
3278 3766 3368 3817 τὸν
3390 3763 3623 3833 κοιτῶνι
3663 3761 4008 3832 {inp-393;,

2422 3860 2515 3913 καὶ
2549 3862 2612 3912 ἐκ
2667 3860 2773 3912 τῶν
2803 3858 3027 3911 ὄπισθεν
3081 3858 3400 3918 τύπτοντες,
3446 3855 3639 3922 ἔσυρον
3676 3856 3765 3906 τὸν
3813 3855 4007 3921 ἅγιον,

2422 3944 2523 4001 καί
2556 3964 2689 4017 φησι
2718 3949 2853 4017 πρὸς
2901 3947 3063 3998 αὐτόν
3088 3962 3100 3975 ·
3163 3943 3347 4006 Οὕτως
3380 3944 3664 4013 ἐδιδάχθης
3698 3946 4007 4013 ἀτιμάζειν

2421 4039 2678 4111 βασιλέαί
2719 4040 2775 4092 ὐ
2815 4039 2873 4091 δέ
2906 4053 2918 4067 ⁸
2948 4036 3135 4100 οὐδεὶς
3158 4036 3464 4105 ἁμαρτάνει
3492 4034 3717 4103 βασιλέα
3748 4038 4008 4106 ἐλέγχων

2420 4133 2842 4201 παρανομοῦντα
2864 4148 2877 4165 ·
2901 4133 2928 4183 ὁ
2957 4131 3013 4184 δέ
3052 4146 3065 4162 ·
3098 4130 3237 4193 Τοὺς
3284 4126 3735 4199 παρανομοῦντας
3791 4132 4009 4197 μᾶλλω

2422 4225 2578 4293 ὑμεῖς
2615 4224 2935 4291 κολάζομεν,
2961 4225 3085 4285 τοὺς
3116 4224 3186 4285 ὡς
3209 4223 3363 4285 θεοὺς
3392 4222 3876 4292 προσερχομένους
3910 4228 4008 4274 καὶ

2420 4315 2781 4386 λατρεύοντας
2809 4317 2923 4377 ταῖς
2955 4314 3177 4367 εἰκόσιν·
3209 4316 3330 4369 ὁδί·
3372 4316 3637 4382 ’Λγνοεῖς,
3670 4308 3712 4365 ᾧ
3745 4313 4003 4384 βασιλεῦ,

2422 4412 2473 4462 τί
2504 4410 2600 4478 μὲν
2623 4409 2683 4461 τὸ
2711 4409 2972 4478 σχετικῶς
3006 4409 3351 4476 προσκυνεῖν,
3374 4405 3424 4457 τί
3441 4405 3497 4456 δὲ
3519 4405 3575 4455 τὸ
3598 4405 4001 4473 λατρευτικῶς.

745 4493 797 4544 in
838 4492 1129 4547 editionem
1175 4495 1429 4549 Venetam
1462 4476 1796 4555 Bollandiani
1834 4501 2029 4570 Operis
2062 4476 2313 4572 praedicta

2436 4504 2493 4555 '0
2523 4502 2577 4554 δὲ
2606 4500 2881 4553 τείνεσοαι
2930 4500 3120 4552 τοῦτον
3152 4500 3209 4551 ὲν
3250 4496 3522 4565 μαστίγας
3551 4496 3827 4558 ἐκέλευσε,
3871 4500 4005 4567 μυ-

744 4585 1052 4653 gravamina
1083 4588 1284 4654 prolata
1338 4588 1521 4643 fuisse.
1556 4590 1687 4644 Nam
1741 4596 1917 4661 primo
1952 4596 2316 4664 Antverpien-

743 4689 854 4726 sem
882 4674 1033 4737 citat.
1065 4677 1190 4730 dein
1215 4679 1270 4732 in
1302 4688 1532 4750 utraque
1555 4682 1791 4737 editione
1819 4684 1983 4738 iidem
2010 4696 2137 4740 sunt
2158 4686 2314 4741 Com-

743 4771 1017 4832 mentarii,
1056 4786 1190 4837 quos
1239 4774 1282 4826 si
1335 4775 1603 4830 immerito
1650 4793 1878 4847 arguere
1928 4790 1982 4834 et
2022 4781 2312 4837 immutare

742 4878 909 4919 ausus
932 4871 1037 4927 est,
1069 4862 1212 4917 ineo
1241 4864 1455 4933 dignam
1497 4871 1822 4939 arrogantia:
1857 4887 2070 4942 poenam
2105 4875 2226 4927 tulit
2259 4884 2316 4929 ut

742 4956 835 5010 tibi
876 4956 1227 5026 gravissimos
1282 4972 1499 5013 errores
1551 4975 1617 5013 ex
1679 4962 1888 5016 calamo
1938 4963 2187 5018 excidere
2243 4966 2315 5018 sit

742 5061 956 5115 passus.

808 5141 859 5194 4.
899 5138 1111 5194 Colitur
1150 5140 1207 5194 S.
1243 5140 1487 5195 Andreas
1532 5160 1639 5199 non
1671 5155 1877 5201 tantum
1906 5152 2171 5218 prmdictis
2196 5157 2311 5211 (εἰε-

741 5232 861 5296 lius,
915 5247 1102 5287 verum
1148 5233 1309 5287 etiam
1359 5251 1521 5287 xxvut
1566 5235 1883 5294 Novembris
1925 5258 2045 5297 cum
2092 5245 2147 5301 S.
2186 5248 2310 5303 Ste-

744 5322 921 5388 phano
946 5322 1189 5378 Juniore.
1227 5324 1500 5378 Andream
1530 5327 1695 5393 enim,
1733 5331 1822 5398 qui
1873 5332 1923 5385 in
1962 5334 2113 5389 fastis
2142 5341 2311 5393 sacris

745 5430 849 5468 una
905 5430 1029 5469 cum
1080 5415 1181 5469 hoc
1236 5417 1513 5482 Stephano
1548 5421 1743 5487 prodit,
1788 5427 2037 5480 eumdem
2083 5445 2202 5484 esse
2250 5449 2309 5485 ac

820 5554 928 5631 (1_0)
957 5553 1103 5631 (lor-ii
1140 5553 1451 5608 Thesaurus
1486 5563 1721 5631 veterum
1750 5560 2149 5631 diptychorutu.
2185 5565 2309 5621 Flo-

751 5626 934 5698 rentia:
964 5624 1117 5698 1759,
1147 5634 1289 5698 part.
1325 5626 1532 5698 lytprl
1567 5636 1622 5678 et
1653 5642 1780 5698 seqq

818 5693 928 5752 (ll)
961 5694 1090 5745 Acta
1125 5694 1247 5754 $8.,
1285 5705 1320 5745 t.
1351 5693 1366 5745 I
1400 5693 1539 5756 Maii,
1580 5712 1629 5761 p.
1662 5693 1831 5760 ι.κ,ἠ.
1867 5703 1918 5753 ί.

822 5762 927 5823 (l2)
962 5762 1085 5811 Lor.
1121 5763 1234 5823 cit.,
1269 5777 1317 5831 p.
1353 5768 1400 5815 δ.

2423 4595 2631 4663 νεύροις
2652 4597 2791 4646 κατὰ
2821 4593 2913 4645 τοῦ
2931 4592 3085 4644 νότου
3124 4592 3219 4643 καὶ
3251 4588 3345 4643 τοῦ
3376 4587 3607 4657 στήθους
3643 4590 3999 4656 φραγελὶιίινο

2422 4682 2539 4739 εἶτα
2572 4685 2717 4736 λίθου
2745 4684 2802 4736 τδ
2837 4684 3010 4751 στόμα
3064 4680 3366 4751 προσέταξε
3422 4679 3746 4735 τύπτεσθαι.
3803 4679 3894 4753 Τῇ
3946 4684 4001 4735 δὲ

2423 4775 2687 4844 ἐπαύριον
2716 4771 2984 4834 ἐκϐαλὼν,
3016 4770 3090 4833 ὡς
3118 4771 3216 4822 οὐκ
3250 4769 3471 4823 ἔπεισεν
3520 4771 3875 4840 ἀρνήσασθαι
3909 4775 4003 4827 τὶν

2422 4870 2657 4935 Χριστὸν
2694 4868 2786 4920 καὶ
2818 4866 2915 4928 τὰς
2950 4866 3113 4931 ἁγίας
3146 4864 3385 4924 εἰκόνας,
3435 4862 3608 4930 τύψας
3640 4864 3823 4929 πάλιν,
3855 4870 4002 4918 κατὰ

2423 4962 2666 5029 κεφαλῆς
2702 4958 2965 5030 σύρεσθαι
3006 4957 3193 5009 τοῦτον
3242 4954 3349 5007 τῶν
3376 4954 3551 5007 ποδῶν
3580 4956 3703 5017 τοὺς
3746 4960 4000 5024 σχοίνους

2423 5054 2737 5122 ἐξάψαντες,
2786 5055 2843 5105 ὲν
2879 5053 2943 5118 τῇ
2983 5048 3557 5103 Κωνσταντινουπὸ).ει
3603 5047 3997 5117 Θεατρίξεσθαι

2424 5143 2777 5212 προστάσσει.
2815 5141 2876 5194 ΟΞ
2914 5140 2969 5192 δὲ
3014 5140 3243 5207 τάχιστα
3282 5136 3746 5208 περανιωοέντες,
3780 5145 3881 5190 καὶ
3909 5144 3998 5190 τὸν

2423 5234 2578 5301 ἅγιον
2608 5238 2863 5305 σύροντες
2907 5232 3144 5285 ἐδαπτον
3176 5231 3272 5298 τὴν
3311 5231 3413 5297 γῆν
3443 5230 3559 5290 τοῖς
3596 5231 3826 5297 αἴμασιν
3856 5248 3870 5257 '
3926 5232 4001 5294 ὡς

2419 5326 2472 5377 δὲ
2501 5333 2576 5387 εἰς
2614 5330 2708 5395 τὴν
2740 5326 2832 5377 τοῦ
2866 5325 2992 5387 Bob;
3014 5325 3222 5393 ἀγορὰν
3274 5322 3645 5389 πεψθακασιν,
3693 5323 3855 5375 εἰόὼν
3900 5324 3995 5375 αὺ-

2419 5423 2546 5481 τούς
2586 5435 2664 5479 τις
2690 5418 2815 5485 ἄρτι
2850 5416 2979 5476 τους
3013 5416 3200 5482 ἰχθύας
3234 5414 3779 5483 ἀποφορτισὰμενος,
3805 5413 3993 5482 ﬁgat:

2494 5554 2602 5618 (ιὸ)
2631 5552 2789 5614 lhid.,
2831 5566 2883 5618 ι».
2925 5548 3006 5600 to.

2492 5614 3112 5696 (ll)_Leonis'__liiaconi
3170 5614 3414 5672 Historiae
3466 5631 3512 5696 e.
3552 5634 3773 5679 recens.
3827 5622 3891 5674 (Σ.
3938 5620 3996 5671 Β.

2428 5695 2584 5757 Hase,
2626 5694 2818 5745 Bonna:
2848 5690 3001 5752 18⁵18,
3045 5706 3093 5756 p.
3134 5702 3252 5740 vim
3284 5698 3334 5741 et
3373 5690 3598 5755 passim.
