4178 6316
195 370 318 434 1085

1280 377 1455 435 Vl'I‘A
1496 378 1553 439 S.
1601 376 1932 436 ANDREJS
1974 379 2053 438 IN
2100 380 2326 440 CRI‘Sl.

3296 383 3424 447 l086

187 480 277 548 τὴν
321 481 499 533 αἰτίαν
532 480 650 551 τῆξ
666 483 901 552 βασάνου
928 484 1022 537 καὶ
1050 484 1260 553 μαθὼν,
1286 485 1476 553 ἀξίνην
1515 486 1724 555 μακε).-

1845 496 2071 554 quenter
2121 496 2337 541 sanctos
2384 487 2581 550 varios,
2618 487 2706 554 qui
2763 486 2964 543 Sancto
3011 487 3281 558 praeipuo
3329 488 3421 543 tali

185 572 332 641 λικὴν
358 572 387 624 ὁ
417 574 599 639 ἄθλιος
629 577 908 645 ἁρπάσας,
962 577 1326 649 χαριζόμενος
1353 583 1465 643 τοῖς
1497 580 1587 632 τοῦ
1619 580 1738 633 δια-

189 664 335 717 ϐόλου
385 665 708 735 ὑπηρέταις,
738 668 1020 737 δρομαίως
1060 670 1278 740 ἔρχεται
1310 673 1403 725 καὶ
1433 671 1522 724 τὸν
1569 672 1741 737 δεξιὸν

188 754 316 807 πόδα
336 755 429 808 τοῦ
456 758 613 823 ἁγίου
643 759 908 828 ἀπέκοψε,
946 760 1041 812 καὶ
1076 762 1203 829 παρ’
1236 760 1399 812 αὑτοῦ
1431 763 1530 833 τὴν
1580 764 1741 829 ἁγίαν

188 849 344 901 αὖτοῦ
399 853 492 903 καὶ
541 852 817 921 μακαρίαν
851 851 1029 922 ψυχὴν
1080 854 1351 924 παρέθετο
1403 855 1479 924 τῷ
1532 856 1740 926 Κυρίῳ.

187 944 245 993 ΟΞ
280 942 369 995 οὖν
412 944 688 1013 σύροντες,
713 946 907 1013 νεκρὸν
959 946 1181 1009 ἰδόντες,
1225 947 1298 1008 ὦς
1332 965 1382 998 τε
1420 947 1741 1016 Ονησιμαῖον

184 1035 238 1085 ἐν
267 1036 526 1106 κοπρώδει
556 1036 739 1106 χωρίῳ
764 1038 1092 1109 ἀπέρριψαν,
1112 1040 1309 1102 ’νυκτὸς
1330 1039 1382 1091 δὲ
1414 1041 1745 1092 καταλαϐού-

186 1144 300 1195 σης.
328 1128 471 1187 τινὲς
500 1126 608 1178 τῶν
634 1128 936 1196 ὁρθοδὸξων
966 1130 1220 1196 ἄραντες,
1248 1130 1457 1199 ἔθαψαν
1487 1132 1545 1182 ὲν
1591 1132 1742 1201 τόπῳ

184 1216 457 1287 ὶεγομένῳ
512 1218 607 1285 τῆς
655 1218 927 1287 Κρίσεως.
987 1220 1110 1273 llwc
1146 1221 1310 1273 latine
1346 1239 1493 1274 versa
1543 1224 1616 1275 sic
1660 1239 1747 1276 so-

184 1318 327 1361 naut.

245 1401 297 1453 6.
361 1400 453 1454 Die
496 1417 560 1454 xx
598 1402 845 1456 Octobris
880 1402 1138 1459 Memoria
1182 1408 1480 1460 recentium
1527 1412 1743 1462 sancio-

179 1507 294 1544 rum
342 1502 636 1562 martyrum
677 1494 959 1563 Stephani,
1005 1496 1173 1559 Pauli,
1224 1499 1363 1552 Petri
1415 1507 1467 1552 et
1519 1500 1745 1553 Andreze

178 1583 265 1650 qui
294 1586 393 1636 sub
421 1585 764 1655 Cepronymo
798 1587 936 1655 passi
980 1599 1123 1641 sunt.
1156 1620 1223 1629 —-
1256 1592 1306 1644 ls
1330 1593 1617 1659 (Andreas)
1645 1594 1744 1647 sub

177 1674 531 1729 Constantino
565 1677 866 1740 Caballino,
899 1680 1147 1733 ascetica:
1179 1682 1299 1735 vitae
1329 1684 1575 1737 addictus
1602 1684 1745 1738 vive-

178 1765 266 1819 bat
297 1768 346 1820 in
380 1767 552 1821 insula
593 1768 771 1833 Creta,
809 1786 1041 1839 cumque
1072 1774 1313 1828 audisset
1347 1784 1632 1845 tyrannum
1654 1791 1742 1828 or-

179 1860 443 1914 thodoxos
497 1865 778 1917 tormentis
841 1865 1131 1934 exagitare,
1181 1866 1329 1920 illum
1382 1868 1739 1938 redarguendi

175 1967 334 2005 causa
372 1954 897 2023 Constantinopolim
940 1958 1230 2027 navigavit.
1282 1959 1633 2014 lnvcniteum
1664 1962 1743 2015 ul-

176 2053 255 2097 tra
295 2046 625 2111 (civitatem,
659 2049 693 2099 ἰ.
724 2064 768 2099 e.
800 2047 863 2098 ad
903 2058 1107 2114 partem
1161 2051 1572 2105 occidentalem.
1613 2054 1741 2108 Vide

175 2137 309 2191 infra
348 2155 498 2190 num.
534 2138 622 2207 50)
658 2139 708 2190 in
744 2138 948 2192 Palatio
986 2141 1051 2193 ad
1087 2142 1143 2195 δ.
1178 2142 1489 2212 Mamantis,
1516 2149 1743 2201 saevien-

176 2240 280 2283 tem
314 2232 367 2283 in
400 2246 493 2284 eos
524 2231 613 2299 qui
654 2245 928 2285 sacrarum
979 2233 1271 2302 imaginum
1302 2237 1506 2291 nollent
1537 2240 1743 2293 cultum

171 2322 425 2389 abjicere,
486 2338 719 2394 eumque
772 2326 1104 2394 compellans
1161 2344 1173 2379 :
1234 2327 1551 2395 Imperator,
1615 2342 1742 2386 tune

169 2414 515 2471 Christianus
572 2432 656 2481 es,
690 2418 906 2487 inquit?
939 2418 1035 2471 Hic
1081 2434 1209 2472 vero
1254 2437 1373 2473 cum
1410 2421 1487 2474 ira
1520 2423 1583 2474 ad
1618 2438 1741 2474 eum

168 2520 485 2570 conversus,
537 2508 729 2562 adduci
775 2509 959 2577 jussit.
1011 2508 1146 2564 Tum
1209 2510 1296 2564 alii
1356 2511 1566 2579 capillis
1599 2512 1745 2565 abri-

167 2597 406 2668 pientes,
439 2600 525 2653 alii
564 2601 802 2656 tunicam
842 2602 1146 2659 lacerantes
1189 2612 1244 2659 et
1287 2621 1315 2659 a
1350 2615 1497 2675 tergo
1530 2606 1742 2661 eazden-

169 2700 271 2755 tes,
303 2689 559 2745 Sauctum
590 2695 896 2761 raptabant.
932 2696 1031 2750 Cui
1074 2705 1335 2768 tyrannus
1379 2716 1391 2753 :
1424 2698 1573 2755 ltaue
1616 2718 1744 2756 con-

169 2782 409 2836 tumeliis
434 2775 818 2853 imperatorem
843 2786 1055 2841 allicere
1087 2790 1312 2843 edoctus
1337 2792 1435 2844 es?
1460 2792 1552 2846 llle
1583 2809 1739 2848 vero:

164 2872 339 2927 Nemo
383 2875 667 2944 delinquit,
705 2878 1088 2947 imperatorem
1136 2895 1388 2951 arguens.
1441 2884 1563 2936 dum
1596 2884 1743 2952 leges

163 2970 491 3023 contemnit.
542 2970 829 3040 Tyrannus
863 2973 1057 3027 iterum
1096 2993 1107 3028 :
1140 2974 1199 3028 In
1236 2990 1329 3029 vos
1350 2977 1530 3044 potius
1564 2977 1740 3045 legum

161 3069 516 3126 corruptores
535 3063 1037 3126 animadvertimus,
1059 3071 1152 3130 qui
1181 3068 1330 3132 quasi
1356 3068 1456 3121 diis
1480 3069 1766 3131 advoluti,~

1844 579 1930 633 die
1955 579 2230 633 celebrato
2272 577 2459 633 affines
2488 589 2633 638 sunt,
2671 588 2724 633 et
2761 588 2941 634 tamen
2999 580 3208 647 priores
3257 581 3421 636 etiam

1846 687 2002 727 suum
2049 673 2329 740 proprium
2381 672 2521 725 diem
2569 671 2838 726 obtinere.
2869 671 2924 725 In
2972 672 3190 726 Menaeis
3242 673 3423 741 itaque

1844 764 2085 832 praedicti
2124 771 2357 831 quatuor
2393 763 2574 817 Sancti
2625 764 2691 817 ad
2722 764 2864 817 diem
2908 781 2995 818 xx:
3029 765 3298 826 Octobris,
3329 765 3419 834 qui

1844 855 1948 909 diei
1981 871 2087 924 quo
2126 870 2316 924 passus
2349 864 2432 908 est
2466 854 2523 911 S.
2556 856 2804 910 Andreas
2838 857 2889 910 in
2918 856 3080 918 Crisi,
3113 875 3179 910 xx
3214 857 3420 913 scilicet

1846 947 2128 1015 proximus
2176 956 2278 1006 est.
2314 946 2464 999 relati
2503 957 2630 1000 sunt
2673 958 2727 1001 et
2778 949 3023 1017 sequenti
3061 949 3210 1003 brevi
3254 963 3422 1004 enco-

1847 1039 1955 1092 mio
1996 1038 2344 1091 celebrantur
2373 1055 2386 1091 :
2417 1039 2493 1108 Τῇ
2519 1038 2655 1108 αὐτῇ
2678 1040 2883 1109 ἡμέρα,
2914 1040 3100 1109 μνήμη
3129 1040 3234 1091 τῶν
3253 1039 3422 1105 ἁγίων

1848 1131 2129 1196 νεοφανῶν
2162 1131 2459 1200 μαρτύρων
2519 1130 2788 1201 ’Λνὸρὲου,
2859 1131 3154 1198 Στεφάνου,
3212 1134 3425 1185 Παύλου

1847 1221 1939 1273 καὶ
1968 1221 2201 1288 Πέτρου.

1846 1312 2025 1382 Στίχοι
2052 1330 2065 1343 ⁸
2097 1312 2276 1382 Τρεῖς,
2303 1314 2328 1363 ὁ
2350 1313 2638 1382 Στέφανος,
2674 1316 2735 1365 σὺ
2766 1318 3086 1383 στεφανῗτας
3109 1316 3249 1384 ἔχεις

2104 1405 2242 1469 Τοὺς
2266 1406 2347 1458 σοὶ
2372 1405 2801 1473 συναθλήςχντας
2826 1409 2882 1472 ἐξ
2907 1408 3023 1470 ἐνὸς
3048 1409 3250 1476 ξίφους,

1917 1497 1971 1551 ld
2000 1506 2081 1551 est
2112 1514 2126 1549 ε
2156 1498 2353 1550 Eadem
2384 1497 2472 1549 die
2502 1497 2608 1565 (xx:
2644 1495 2859 1563 Octob.)
2912 1499 3173 1551 memoria
3211 1507 3427 1553 sancto-

1849 1605 1966 1643 rum
1995 1589 2289 1643 recentium
2309 1599 2603 1659 martyrum
2628 1588 2878 1654 Δηὼ-επ,
2896 1589 3180 1660 Stephani,
3203 1591 3353 1645 Pauli
3375 1600 3428 1646 et

1849 1678 2017 1734 Petri.

1852 1772 2047 1827 Versus
2084 1791 2098 1827 :
2133 1773 2265 1827 Tres
2299 1785 2692 1829 concoronatos
2727 1772 2912 1836 habes,
2942 1788 2973 1826 ο
3010 1770 3313 1841 Stephane,

2137 1866 2338 1922 Tecum
2367 1882 2496 1921 ense
2528 1875 2825 1936 pugnantes
2858 1865 3044 1921 eodem
3067 1876 3305 1921 strenue.

1845 1958 2079 2011 Rursum
2111 1960 2196 2012 die
2227 1976 2389 2013 xxviii
2423 1958 2672 2013 Octobris
2693 1958 2746 2009 in
2772 1959 2946 2010 altero
2977 1958 3205 2010 duorum
3241 1957 3426 2013 Meno-

1845 2051 2109 2120 logiorum
2164 2067 2283 2119 quae
2338 2051 2624 2104 Scholzins
2686 2049 2857 2103 edidit
2916 2048 3052 2118 (l6),
3108 2060 3426 2118 comparent

1848 2140 1946 2194 SS.
2002 2149 2266 2209 martyres
2330 2138 2660 2208 Stephanus,
2722 2137 2917 2192 Petrus
2974 2149 3028 2192 et
3078 2139 3321 2195 Andreas
3371 2147 3426 2192 et

1849 2247 2017 2285 uxvut
2051 2231 2186 2284 Nov.
2220 2230 2418 2284 iterum
2449 2230 2506 2284 S.
2540 2230 2853 2299 Stephanus
2879 2230 3073 2286 Junior
3113 2241 3311 2301 martyr
3340 2246 3427 2285 so-

1847 2323 1959 2387 lus;
1999 2323 2052 2376 in
2089 2324 2260 2377 altero
2292 2339 2420 2377 vero
2451 2323 2615 2376 solus
2646 2322 2700 2376 S.
2737 2322 3047 2393 Stephanus
3085 2324 3279 2380 Junior
3309 2338 3424 2378 mo-

1846 2416 2052 2469 nachus
2082 2424 2137 2467 et
2181 2425 2382 2486 martyr
2410 2408 2498 2469 die
2529 2433 2697 2471 xxvni
2727 2416 2847 2471 Oct.
2877 2418 3043 2471 semel
3094 2432 3425 2472 commemo-

1846 2514 2015 2558 ratur.
2051 2504 2182 2558 ltem
2216 2506 2270 2558 in
2326 2506 2515 2560 codice
2561 2507 2932 2563 Laurentiano
2970 2510 3080 2576 (17)
3125 2509 3305 2564 saeculi
3341 2527 3370 2564 κ
3411 2527 3423 2563 :

1847 2612 2013 2651 xxvm
2042 2594 2235 2652 Octob.
2273 2599 2332 2651 S.
2368 2597 2628 2668 Stephani
2657 2609 2711 2653 et
2742 2600 2833 2668 qui
2859 2616 2982 2656 cum
3015 2615 3081 2654 eo
3110 2603 3251 2669 passi
3278 2610 3424 2655 sunt.

1846 2688 2172 2758 Coniectura
2217 2690 2366 2744 ducti
2417 2701 2477 2744 ut
2507 2707 2843 2762 exponemus
2884 2708 2939 2745 n.
2998 2693 3068 2746 93
3099 2694 3429 2747 arbitramur

1848 2782 1937 2837 hic
2006 2783 2153 2836 illum
2182 2784 2517 2852 Stephanum
2564 2785 2689 2837 olim
2738 2794 3225 2840 commemoratum
3262 2785 3430 2841 fuisse

1848 2874 1939 2939 qui
1977 2876 2077 2926 sub
2104 2876 2295 2930 eodem
2335 2876 2679 2948 Copronymo
2712 2877 2942 2946 plurima
2976 2894 3188 2948 passus,
3220 2880 3346 2934 dein
3373 2880 3427 2934 in

1847 2964 2127 3035 Sugdaeam
2193 2970 2347 3022 exsul
2379 2980 2563 3023 sancte
2598 2970 2759 3022 vitam
2801 2971 2993 3024 finivit.
3036 2972 3111 3023 lta
3160 2973 3302 3025 enim
3348 2971 3427 3025 fe-

1848 3068 1975 3111 runt
2008 3068 2118 3112 tum
2152 3060 2376 3125 Menses,
2415 3073 2527 3117 tum
2564 3061 2862 3133 Menologia
2898 3062 3078 3117 Sirleti
3113 3072 3168 3117 et
3206 3062 3439 3117 Basilia-A

163 3150 432 3219 imagines
470 3154 784 3206 adoratione
830 3155 1241 3221 proscquimini.
1278 3156 1577 3223 Respondit
1614 3160 1737 3213 ille:
1772 3168 1812 3223 (ζ
1850 3168 1976 3204 num
2024 3153 2091 3206 ad
2142 3153 2281 3208 diem
2330 3171 2501 3209 XXVIII
2554 3156 2893 3209 Novembris.
2945 3155 3081 3210 Huic
3123 3156 3321 3212 deinde
3363 3172 3429 3211 ex

157 3242 380 3305 Nescis,
413 3245 730 3311 imperator,
763 3245 890 3312 quid
925 3246 991 3297 sit
1023 3246 1227 3299 cultum
1265 3247 1543 3301 relativum
1580 3249 1735 3302 exhi-

157 3334 316 3398 bere,
370 3334 497 3402 quid
545 3351 674 3388 vero
722 3336 1090 3389 latreuticum.
1125 3335 1261 3390 Tum
1294 3355 1415 3393 eum
1459 3341 1523 3393 ad
1575 3340 1738 3410 ﬂagra

156 3424 431 3488 extendit,
478 3435 685 3496 tergum
724 3437 775 3481 et
830 3436 1016 3495 pectus
1046 3428 1256 3482 bovinis
1296 3430 1477 3483 nervis
1507 3433 1740 3494 concidi,

156 3515 366 3570 deinde
383 3532 444 3572 os
473 3519 613 3571 saxis
642 3518 901 3572 contundi
931 3520 1218 3586 praecepit;
1259 3530 1475 3585 postera
1497 3522 1585 3573 die
1610 3523 1740 3573 loris

156 3609 423 3675 ejectum,
458 3619 648 3677 utpote
695 3608 780 3662 cui
830 3608 1107 3662 Christum
1158 3618 1211 3661 et
1260 3625 1442 3663 sacras
1476 3612 1740 3682 imagines

154 3702 437 3769 abnegare
470 3716 579 3753 non
620 3702 1003 3770 persuasisset,
1041 3717 1228 3754 rursus
1262 3700 1609 3772 ﬂagellatum,
1650 3722 1741 3760 ca-

156 3793 276 3860 pite
328 3793 382 3844 in
432 3803 630 3845 terrain
689 3792 946 3855 demisso,
981 3793 1209 3863 alligatis
1259 3797 1486 3863 pedibus
1540 3798 1737 3864 raptari

151 3884 331 3955 jussit
352 3894 404 3937 et
437 3885 905 3953 Constantinopoli
940 3886 1157 3954 publice
1189 3887 1544 3941 deridendum
1574 3904 1740 3956 expo-

154 3977 237 4031 ni.
262 3978 436 4041 Quem
468 3978 1141 4044 citissimepertrahentes.
1164 3989 1361 4032 terram
1397 3981 1447 4032 in
1480 3982 1739 4050 raptandu

153 4072 433 4140 sanguine
463 4082 906 4140 consperserunt.
938 4071 1012 4125 lla
1054 4073 1228 4125 forum
1260 4073 1418 4124 Bovis
1462 4082 1741 4130 assecutus

152 4162 515 4230 conspiciens
540 4163 738 4229 aliquis
776 4166 864 4231 qui
897 4164 1056 4217 modo
1097 4165 1272 4231 pisces
1302 4175 1644 4230 exonerarat,
1674 4170 1739 4222 de

152 4253 422 4307 tormenti
468 4268 629 4309 causa
677 4256 1018 4320 sciscitatur;
1075 4271 1131 4310 re
1188 4269 1487 4325 comperta,
1534 4262 1739 4315 macelli

148 4346 343 4399 cultro
378 4346 543 4399 miser
571 4357 810 4415 arrepto,
862 4348 1035 4401 servis
1075 4348 1272 4402 diaboli
1324 4350 1536 4417 placere
1579 4367 1739 4419 appe-

1845 3260 1995 3297 more
2039 3245 2349 3299 Graecorum
2387 3247 2553 3299 additi
2603 3247 2808 3298 fuerint
2859 3244 2955 3300 SS.
2994 3247 3185 3299 Petrus
3230 3260 3283 3301 et
3318 3248 3429 3300 An-

1843 3335 2034 3397 dreas,
2069 3353 2130 3390 ex
2167 3353 2275 3405 quo
2308 3337 2468 3391 etiam
2503 3336 2754 3406 proﬂuxit
2791 3347 2850 3391 ut.
2884 3339 2969 3392 die
2999 3354 3165 3393 xxvm
3196 3340 3429 3394 Novem-

1843 3428 1976 3490 bris,
2007 3444 2114 3495 quo
2142 3428 2197 3483 S.
2231 3429 2541 3499 Stephanus
2564 3429 2756 3483 Junior
2782 3445 2975 3499 passus
3004 3440 3108 3491 est,
3144 3430 3283 3484 idem
3321 3430 3428 3484 duo

1845 3517 2025 3570 Sancti
2076 3528 2187 3571 tum
2243 3521 2295 3571 in
2351 3521 2590 3584 Menazis,
2621 3531 2732 3573 tum
2787 3522 2842 3575 in
2894 3520 3058 3576 variis
3110 3520 3427 3594 Menologiis

1845 3606 2040 3660 iterum
2068 3608 2379 3662 recoluntur
2411 3609 2596 3679 (supra
2636 3625 2786 3662 num.
2824 3611 2929 3674 H).

1914 3700 1965 3753 8.
2003 3699 2075 3754 De
2134 3700 2283 3755 Actis
2330 3717 2448 3770 quae
2514 3702 2833 3771 subiicimus
2879 3702 2990 3756 haec
3057 3704 3259 3772 accipe.
3324 3702 3429 3756 Du-

1851 3792 2007 3859 plicia
2062 3792 2406 3853 exhibemus,
2459 3804 2688 3861 utraque
2723 3794 2910 3846 Greece
2971 3795 3192 3858 inedita,
3244 3795 3423 3863 priora

1850 3899 1977 3937 vero
2004 3884 2164 3935 etiam
2193 3882 2420 3947 Latine;
2453 3886 2506 3938 id
2540 3885 2766 3938 facimus
2799 3896 2910 3939 tum
2944 3886 3083 3953 quod
3126 3888 3424 3953 posteriora

1842 3986 1904 4027 ex
1938 3975 2039 4027 illis
2073 3987 2178 4027 non
2220 3976 2614 4043 proﬂuxerunt,
2649 3978 2740 4033 sed
2791 3979 2976 4046 paucis
3019 3977 3257 4043 omissis,
3290 3991 3426 4031 non-

1844 4068 1988 4119 nulla
2032 4068 2435 4134 supcraddunt;
2469 4076 2581 4120 tum
2621 4069 2782 4121 etiam
2816 4069 2957 4136 quod
3007 4070 3195 4122 horum
3244 4086 3425 4137 exem-

1844 4157 1959 4225 plar
1996 4155 2447 4225 perfectissimum
2498 4158 2641 4212 nacti
2696 4173 2905 4221 sumus,
2937 4158 3175 4228 quinque
3219 4160 3424 4215 scilicet

1844 4248 1973 4302 Mss.
2040 4249 2286 4304 codicum
2342 4250 2689 4304 collationem
2744 4252 2800 4305 in
2858 4252 3099 4321 margine
3156 4252 3421 4308 referens.

1844 4341 2184 4395 Tribuuntur
2218 4342 2332 4395 haec
2364 4342 2762 4411 Meraphrastze,
2804 4352 2860 4396 ut
2905 4343 3107 4397 diserte
3137 4343 3297 4398 habet
3332 4347 3420 4400 Al—

149 4450 307 4502 tens,
335 4454 501 4492 cursu
528 4439 807 4492 contendit
842 4448 896 4490 et
927 4438 1176 4491 dextrum
1206 4441 1397 4506 pedem
1438 4443 1616 4494 Sancti
1650 4444 1743 4494 ab-
1776 4430 1820 4488 D
1847 4432 2028 4495 latius,
2070 4435 2158 4501 qui
2203 4433 2255 4484 in
2306 4433 2533 4488 diatriba
2566 4435 2633 4486 de
2675 4435 3040 4503 Symeonibus
3084 4452 3273 4490 eorum
3322 4439 3423 4492 ini—

142 4530 348 4597 Scidit,
386 4530 476 4599 qui
508 4531 712 4583 interea
738 4539 978 4584 sanctam
1011 4544 1073 4583 ac
1107 4529 1320 4584 beatam
1360 4533 1593 4586 animam
1639 4535 1743 4587 Do-

150 4625 313 4677 mino
367 4624 606 4678 tradidit.
658 4622 757 4688 Qui
813 4639 935 4676 eum
986 4623 1294 4692 raptabant,
1355 4635 1413 4678 ut
1466 4634 1738 4679 mortuum

148 4732 460 4784 aspexere,
492 4716 636 4769 velut
685 4717 812 4785 quid
860 4716 1133 4770 morticiui
1174 4717 1225 4770 in
1279 4718 1634 4775 fmdissimum
1666 4721 1743 4773 io-

146 4824 285 4862 cum
321 4806 673 4877 abjeccrunt;
708 4816 867 4865 nocte
918 4822 1046 4863 vero
1098 4812 1446 4873 adventante,
1470 4812 1737 4865 sublatum

146 4897 386 4968 quidam
425 4896 708 4951 orthodoxi
739 4897 951 4952 tumulo
1000 4898 1364 4953 condiderunt
1410 4900 1462 4952 in
1499 4902 1615 4955 loco
1645 4902 1735 4972 qui

144 4991 370 5047 dicitur
394 4990 581 5045 Crisis.

223 5104 285 5159 7.
348 5102 406 5156 In
456 5102 672 5160 Mena-is
702 5103 916 5159 excusis
942 5105 1245 5176 saepissime
1275 5105 1504 5162 diversis
1542 5106 1735 5163 diebus

142 5193 327 5247 iidem
386 5190 563 5245 Sancti
609 5207 1108 5248 commemorantur
1156 5197 1279 5265 quia
1336 5197 1577 5251 diversos
1608 5198 1736 5253 Mss.

137 5285 382 5338 codices
421 5283 656 5338 editores
684 5286 1001 5339 adhibuere.
1033 5287 1207 5340 Aliam
1241 5298 1418 5342 tamen
1463 5289 1621 5357 hujus
1660 5289 1734 5342 rei

136 5393 384 5431 causam
418 5377 657 5447 assignat
702 5378 1107 5449 Papebrochlus
1139 5381 1270 5449 (15),
1314 5381 1529 5437 Gl'tecos
1576 5382 1735 5437 nimi-

134 5483 273 5523 rum
314 5470 511 5523 eodem
567 5476 659 5523 aut
708 5471 958 5538 sequenti
1012 5471 1100 5525 die
1152 5486 1581 5526 commemorare
1630 5472 1735 5526 fre-

219 5618 347 5689 (15)
386 5620 534 5695 Eph.
560 5621 961 5695 Greco-Mosch
996 5664 1007 5683 ,
1043 5634 1079 5676 ι.
1120 5625 1134 5677 Ι
1171 5625 1313 5689 Maii,
1339 5642 1387 5694 p.
1419 5642 1506 5677 Vltl
1534 5636 1735 5695 etpas-

135 5696 297 5758 sim;
339 5700 379 5745 t.
419 5690 457 5743 Il
492 5691 637 5760 illaii.
671 5694 879 5760 p.110,
916 5710 970 5747 ιι.
1010 5696 1092 5746 ll.

221 5765 343 5830 uti)
385 5762 456 5815 De
489 5758 819 5831 lllenologiis,
851 5767 977 5819 elc..
1012 5780 1060 5831 p.
1092 5766 1142 5818 8.

217 5837 341 5902 (Π)
379 5831 605 5888 Bandini
640 5835 774 5890 codd
827 5835 1017 5904 Graeci,
1051 5847 1082 5891 t.
1122 5836 1160 5902 l,
1194 5852 1244 5904 ρ.
1287 5836 1401 5891 150.

1850 4524 1979 4575 tium
2016 4521 2173 4576 aﬂ‘ert
2202 4522 2315 4591 (l8)
2347 4539 2359 4574 :
2386 4538 2555 4591 quare
2580 4522 2727 4577 hunc.
2752 4524 2927 4578 locum
2962 4542 3070 4581 non
3104 4528 3297 4581 viderit
3321 4528 3422 4582 Pa-

1845 4616 1962 4687 gius
1999 4616 2113 4684 (19)
2151 4616 2241 4684 qui
2275 4626 2437 4684 negat
2472 4619 2600 4670 Acta
2628 4616 2717 4670 illa
2755 4618 3007 4687 Symconi
3046 4619 3421 4689 Metaphrastae

1845 4708 2147 4776 adiudicata
2182 4708 2368 4764 fuisse.
2408 4708 2801 4763 Testimonium
2827 4719 3007 4763 autem
3042 4712 3222 4764 Allatii
3250 4729 3424 4783 quan-

1845 4808 1956 4853 tum
1989 4800 2046 4853 in
2078 4798 2180 4853 hac
2227 4814 2283 4853 re
2337 4800 2532 4863 valeat,
2585 4817 2745 4854 nemo
2786 4802 3034 4871 ignorat;
3082 4814 3338 4868 attamen,
3376 4806 3421 4861 si

1842 4908 1978 4961 opus
2000 4903 2161 4958 esset,
2194 4907 2306 4946 rem
2343 4895 2674 4962 argumentis
2705 4895 2973 4959 pluribus,
3007 4911 3069 4948 ex
3112 4898 3240 4963 ipsis
3272 4898 3419 4952 Actis

1841 4986 2166 5055 desumptis,
2221 4985 2473 5038 evincere
2535 5001 2838 5055 possemus.
2903 4986 3036 5040 Acta
3081 4988 3261 5057 priora
3326 5005 3421 5045 ex-

1839 5078 2039 5146 scripta
2068 5087 2278 5130 suntex
2310 5086 2525 5132 vetusto
2552 5080 2736 5133 codice
2762 5079 3108 5135 Bibliotheca:
3140 5080 3413 5147 Parisinz,

1839 5184 1998 5238 quem
2035 5167 2092 5221 Β.
2134 5168 2480 5222 Montfaucon
2516 5171 2714 5223 sarculo
2745 5187 2793 5224 ix
2824 5172 3084 5227 adscribit
3114 5166 3249 5243 (ου),
3277 5184 3330 5228 et
3361 5182 3429 5229 ul'

1839 5270 2105 5330 perpetua
2143 5262 2545 5327 comparatione
2576 5278 2696 5316 cum
2721 5261 3147 5332 Dletaphrastaeis
3178 5266 3411 5318 conferri

1839 5352 2070 5421 possint,
2102 5360 2326 5419 utraque
2359 5352 2550 5405 iisdem
2577 5355 2838 5419 numeris,
2872 5356 2961 5408 ubi
2993 5355 3183 5410 eadem
3220 5372 3411 5411 narra-

1841 5445 2058 5511 bantur,
2087 5444 2443 5515 signavimus.
2473 5446 2591 5509 Quo
2625 5458 2802 5500 autem
2837 5456 3079 5518 tempore
3106 5453 3409 5521 conscripta

1908 5625 2021 5694 (l8)
2057 5625 2303 5693 Allatius,
2333 5628 2396 5697 de
2428 5626 2808 5695 SymeOnibus.
2841 5644 2892 5697 p.
2940 5629 3053 5681 128.

1910 5698 2019 5763 (19)
2056 5698 2114 5749 In
2139 5696 2335 5751 Critica
2364 5696 2600 5757 Baronii,
2640 5700 2705 5750 ad
2735 5696 2860 5752 ann.
2898 5699 3020 5765 761,
3059 5700 3190 5755 11.9.

1904 5768 2013 5837 ('20)
2045 5767 2159 5821 Bib.
2194 5769 2442 5831 Coislin.,
2476 5783 2530 5839 Ρ.
2570 5768 2682 5821 185.
