4178 6316
756 360 889 427 1087

2023 356 2307 419 MENSIS
2345 352 2707 413 OCTOBER.

3887 345 4017 410 1088

754 470 956 529 iuerint
988 476 1202 530 deﬁniri
1238 478 1455 546 nequit;
1485 475 1618 530 nihil
1648 475 1793 530 enim
1835 473 2160 543 reperimus,
2191 486 2326 541 prae-
2357 468 2406 527 Α
2431 466 2731 522 berrimum
2787 462 2952 517 fuisse
3003 460 3058 515 S.
3120 467 3406 530 martyrem
3454 458 3562 525 jam
3628 474 3657 511 a
3696 458 3900 513 saeculo
3943 473 4013 512 ix.

757 575 842 621 ter
878 567 1087 620 minimi
1120 569 1376 621 momenti
1422 577 1604 621 notam
1644 566 2079 635 chronologicam
2121 580 2186 620 ex
2226 580 2331 633 qua

760 666 977 712 constat
1030 658 1346 727 scriptorem
1403 659 1539 714 satis
1589 658 1681 713 diu
1753 668 1875 729 post
1928 658 2331 729 Copronymum

762 757 982 835 vixisse.
1029 755 1224 819 Locus,
1270 757 1362 827 qui
1399 773 1549 811 num.
1579 758 1612 815 ὅ
1638 758 1737 812 sub
1788 757 1947 812 tinem
1986 755 2244 819 occurrit,
2289 754 2336 809 is

763 860 848 903 est
879 847 1019 906 :lste
1074 864 1204 903 vero
1258 859 1377 903 erat
1426 848 1907 904 Constantinus....
1947 863 2107 917 quem
2154 845 2338 898 ﬁdeles

763 941 883 1009 ejus
928 940 1186 1006 temporis
1220 941 1290 1010 (of
1332 940 1393 992 ἐν
1431 942 1542 1001 τοῖς
1575 942 1694 993 τότε
1742 940 1973 1009 χρόνοις)
2012 938 2207 991 merito
2240 937 2338 991 sub

767 1032 1096 1099 cognomine
1130 1030 1452 1101 Copronymi
1490 1031 1848 1084 infamarunt.
1880 1028 1984 1084 Sed
2012 1045 2078 1083 ex
2112 1045 2176 1084 co
2208 1030 2339 1083 Acta

769 1120 859 1173 illa
898 1121 1075 1188 priora
1116 1124 1592 1178 commendantur.
1623 1122 1765 1190 quod
1800 1122 1974 1175 locum
2014 1121 2197 1175 Sancti
2240 1137 2339 1175 na-

771 1210 1026 1273 talitium,
1064 1210 1207 1264 diem
1261 1212 1529 1280 passionis
1570 1211 1778 1281 aliaque
1817 1213 2066 1283 adjuncta
2109 1214 2343 1282 plurima

768 1301 980 1355 minute
1016 1302 1323 1371 proferunt,
1363 1312 1418 1357 et
1466 1318 1773 1372 quanquam
1821 1304 2199 1372 prolixioribus
2227 1318 2347 1357 ver-

768 1390 854 1443 bis
885 1389 1156 1443 interdum
1190 1389 1249 1446 S.
1275 1400 1474 1461 martyr
1502 1391 1647 1460 loqui
1679 1390 1915 1454 videtur,
1947 1391 2133 1444 eadem
2164 1397 2344 1443 tamen

773 1481 891 1536 fere
938 1482 992 1535 in
1023 1482 1145 1537 aliis
1172 1484 1321 1537 Actis
1364 1490 1681 1545 occurrunt,
1713 1498 1855 1552 saepe
1886 1482 2111 1537 vocibus
2155 1482 2346 1537 iisdem

776 1577 872 1623 aut
903 1571 1171 1626 similibus
1210 1588 1490 1641 expressa.
1518 1571 1763 1627 Conferri
1797 1574 1849 1634 in
1895 1588 2013 1628 eam
2062 1588 2174 1627 rem
2219 1587 2349 1642 pos-

778 1671 904 1714 sunt
938 1662 1150 1716 numeri
1182 1665 1520 1731 potissimum
1556 1666 1585 1719 7
1616 1674 1669 1720 et
1702 1665 1785 1720 10.
1827 1666 1899 1718 Ex
1934 1665 2174 1718 locorum
2210 1664 2352 1719 desi—

2436 555 2714 612 miraculis
2738 553 2921 608 multis
2953 551 3212 607 claruisse
3244 550 3533 620 colligitur.
3567 548 3846 617 Iosephus
3875 548 4014 601 enim

2413 645 2872 720 'hymnographus
2894 657 3071 713 quem,
3098 657 3163 696 ex
3204 642 3351 696 Actis
3381 657 3409 695 a
3438 640 3819 710 l’apebrocbio
3859 638 3915 691 in
3941 638 4019 691 luo

2438 756 2557 795 cem
2597 739 2734 794 datis
2761 734 2897 805 (22),
2925 748 2990 788 eo
3034 733 3235 788 saeculo
3275 730 3521 786 ﬂoruisse
3570 737 3809 789 constat,
3836 728 4016 783 decem

2440 832 2669 887 diversis
2696 828 2829 884 locis
2860 826 2911 880 in
2947 841 3048 880 suo
3081 824 3302 880 Canone
3328 822 3587 877 miracula
3618 822 3882 879 celebrat,
3910 833 4021 885 qua:

2442 926 2542 980 sub
2576 924 2743 993 ipsius
2783 920 2952 976 oculis
2981 918 3133 987 Cpoli
3175 932 3353 973 coram
3386 914 3566 969 Sancti
3602 911 3818 965 tumulo
3852 920 4019 976 patra-

2441 1017 2659 1073 bantur.
2698 1013 2891 1067 Merito
2935 1012 3118 1080 itaque
3162 1018 3218 1063 et
3262 1009 3315 1060 in
3360 1007 3617 1060 Actorum
3656 1003 3819 1063 titulo
3854 1000 4024 1053 Thau-

2443 1119 2722 1176 maturgus
2772 1106 2952 1160 dictus
3005 1114 3109 1163 est.
3161 1112 3214 1155 et
3264 1101 3317 1153 in
3362 1099 3648 1162 Contacio,
3688 1105 3747 1163 ut
3809 1101 4021 1151 vocant,

2444 1202 2611 1258 Graeci
2641 1200 2830 1256 Oﬂicii.
2857 1199 2940 1251 his
2972 1197 3154 1251 verbis
3182 1194 3456 1248 extollitur
3489 1207 3500 1241 :
3572 1188 3841 1259 Εορτάζῖι
3864 1187 4027 1251 σήμε-

2448 1312 2539 1367 ρον
2587 1295 2617 1360 ὴ
2663 1290 3023 1361 βασιλεύουσα
3072 1287 3222 1350 πολις
3272 1283 3462 1355 ἐὸρτὴν
3504 1281 3905 1350 ὑπέρλαμπρον
3936 1274 4027 1340 ei;

2450 1366 2772 1455 φωτοφόρου
2854 1396 2949 1433 σου
3053 1378 3296 1445 μνήμης,
3385 1372 3605 1426 ἃπασαν
3687 1366 4025 1433 ripae-mbu-

2457 1478 2594 1546 μένη
2659 1474 2814 1526 πόλιν
2871 1472 2967 1522 καὶ
3042 1466 3264 1537 χώραν·
3318 1464 3495 1533 χαίρει
3544 1462 3654 1529 γὰρ
3698 1461 3774 1522 ὡς
3826 1473 4026 1524 κεκτη.

2459 1570 2595 1639 μὲνη
2651 1564 2926 1636 Θησαυρὸν
2978 1561 3176 1630 μέγαν.
3228 1558 3289 1610 τὸ
3362 1552 3663 1607 «causam
3714 1568 3814 1603 σου
3847 1549 4028 1615 σῶμα,

2462 1659 2686 1728 Ἀνδρέα
2762 1655 2990 1722 μάρτυς,
3052 1650 3357 1721 ὀρθοδοξὲας
3408 1647 3648 1715 φωστὴρ.
3686 1641 3743 1696 Id
3800 1641 4034 1695 θετικο-

3053 1378 3296 1445 μνήμης.

779 1754 1059 1823 gnatlone,
1089 1763 1149 1807 ut
1179 1755 1315 1808 infra
1354 1757 1574 1810 uberius
1604 1756 1944 1819 disserimus,
1977 1765 2113 1810 etex
2150 1755 2353 1825 iisquae
2389 1822 2415 1825 __
2454 1751 2541 1805 die
2594 1750 2829 1803 celebrat
2890 1745 3071 1815 regina
3128 1744 3339 1796 urbium
3395 1737 3611 1807 (Cpolis)
3689 1735 3904 1787 illustre
3964 1734 4035 1783 fe-

781 1845 835 1897 iu
871 1844 976 1898 ﬂne
1017 1848 1274 1901 Actorum
1323 1849 1660 1909 scribuntur,
1700 1858 1759 1901 ut
1788 1847 1974 1903 itidem
2008 1822 2353 1902 inferius-di.
2388 1822 2428 1876 Β
2463 1856 2605 1899 stum
2669 1852 2774 1897 tua:
2825 1836 3117 1910 memoriae,
3155 1844 3319 1888 totam
3349 1846 3656 1886 convocans
3684 1828 3963 1881 civitatem
3984 1834 4035 1880 et

783 1946 964 1999 cetur,
1011 1939 1339 1994 arbitramur
1372 1956 1436 1994 ea
1470 1939 1620 2008 Cpoli
1670 1941 1979 2011 conscripta
2014 1957 2122 1994 non
2171 1940 2357 1995 fuisse.

791 2029 1010 2087 Scimus
1054 2040 1262 2085 tantum
1313 2033 1597 2087 maximam
1629 2045 1835 2103 partem
1883 2047 2161 2087 sacrorum
2212 2031 2365 2086 codi-

786 2138 911 2176 cum
946 2122 1293 2178 Bibltotheue
1337 2125 1701 2187 Coislinianae,
1733 2135 1792 2180 ut
1838 2125 1889 2179 in
1921 2123 2242 2179 Prmfatione
2283 2134 2362 2178 te-

784 2224 957 2270 statur
989 2216 1240 2271 laudatus
1289 2216 1660 2275 Moutfaucou.
1688 2234 1754 2271 ex
1786 2217 2131 2270 monasteriis
2166 2216 2365 2269 montis

785 2307 930 2359 Atho
972 2307 1260 2376 prodiisse,
1313 2317 1365 2360 et
1408 2307 1518 2360 illic
1560 2307 1688 2361 olim
1720 2308 1999 2363 brachium
2051 2305 2107 2360 S.
2141 2309 2367 2361 Andreae

788 2396 1088 2461 Cretensis,
1118 2398 1209 2467 qui
1244 2399 1385 2452 idem
1416 2406 1501 2452 est
1529 2397 1760 2454 fortasse
1786 2415 1848 2453 ac
1891 2399 2127 2453 Sanctus
2158 2411 2364 2463 noster,

788 2497 1126 2544 asservatum
1184 2489 1371 2544 fuisse.
1404 2491 1519 2556 Qua
1556 2492 1621 2545 de
1654 2508 1710 2545 re
1745 2493 1898 2561 plura
1942 2494 2060 2545 vide
2092 2508 2240 2545 num.
2278 2493 2365 2546 57.

859 2580 913 2634 9.
971 2578 1393 2649 Metaphrasten.
1446 2583 1606 2650 cujus
1642 2586 1772 2637 Acta
1817 2584 2059 2638 secundo
2103 2584 2219 2639 loco
2256 2600 2372 2653 pro-

790 2672 981 2734 dcunt,
1012 2673 1189 2740 priora
1220 2673 1305 2726 illa
1346 2689 1457 2727 non
1488 2675 1687 2729 vidisse
1714 2676 1846 2730 satis
1875 2686 2024 2731 certo
2053 2677 2209 2731 nobis
2238 2692 2372 2731 con-

795 2774 923 2819 stat.
956 2765 1075 2835 ipse
1111 2767 1255 2820 enim
1308 2783 1407 2820 nec
1436 2776 1588 2822 ortus
1617 2768 1814 2831 locum,
1854 2784 1955 2824 nec
1986 2771 2129 2825 diem
2171 2771 2390 2834 obitus,

793 2869 955 2922 quem
1023 2869 1194 2921 usque
1246 2853 1536 2921 diligenter
1589 2854 1929 2924 inquisivisse
1990 2856 2071 2910 vel
2139 2871 2204 2910 ex
2259 2853 2374 2908 Vita

793 2944 1223 3001 S.Theoc1istcs
1268 2944 1477 3001 Lesbia:
1526 2957 1736 3003 constat
1785 2950 1921 3020 ('21),
1961 2964 2014 3002 tn
2063 2949 2376 3002 narratione

796 3053 892 3092 sua
925 3040 1287 3109 consignavit.
1330 3038 1439 3094 Nec
1470 3053 1730 3110 praeterea
1766 3042 1891 3094 dum
1926 3041 2087 3094 vitam
2120 3041 2249 3095 satis
2283 3056 2375 3093 ac-

794 3132 983 3189 curate
1033 3134 1290 3204 scriptam
1338 3145 1528 3193 nactus
1568 3144 1687 3189 erat
1740 3135 1981 3187 ordinem
2033 3142 2125 3186 aut
2170 3135 2362 3202 stylum
2391 3146 2436 3204 ρ

798 3227 1026 3283 multum
1071 3228 1358 3282 immutare
1388 3240 1778 3295 consueverat;
1810 3242 2041 3296 cumque
2081 3228 2221 3297 apud
2258 3241 2369 3281 am-

766 3318 898 3371 .bos
928 3318 1222 3387 scriptores
1259 3319 1574 3390 plerumque
1610 3321 1804 3375 similia
1838 3321 1998 3375 obvia
2018 3319 2147 3392 sint,
2182 3319 2369 3373 existi-

804 3423 1018 3462 mamus
1046 3419 1335 3479 utrumque
1369 3427 1433 3465 ex
1468 3411 1613 3466 Actis
1653 3412 2070 3482 antiquioribus,
2102 3410 2194 3463 sed
2231 3423 2373 3462 nunc

803 3498 1116 3566 deperditis,
1151 3515 1305 3553 suam
1345 3502 1713 3555 narrationem
1760 3501 2056 3566 excepisse,
2088 3502 2151 3554 iis
2176 3498 2373 3553 additis

804 3605 924 3658 quae
961 3591 1464 3662 aliunde-colligere
1511 3598 1813 3661 potuerant.
1861 3592 2248 3661 Metaphrastes
2295 3601 2375 3644 ta-

807 3698 931 3737 men
955 3692 1114 3735 mtate
1143 3686 1409 3749 posterior
1438 3685 1650 3737 videtur
1677 3699 1742 3736 ex
1767 3699 1833 3738 eo
1860 3684 1999 3751 quod
2038 3683 2089 3735 in
2125 3682 2242 3751 ejus
2265 3682 2377 3734 col-

807 3773 1133 3827 lectionibus
1157 3774 1214 3828 S.
1243 3775 1472 3829 Andreae
1512 3776 1626 3830 Vita
1659 3776 1800 3830 diem
1824 3791 1911 3844 xtx
1934 3773 2183 3829 Octobris
2220 3788 2378 3827 occu-

807 3873 899 3934 pat
935 3905 951 3929 ,
984 3876 1167 3919 noster
1192 3874 1371 3919 autem
1402 3865 1654 3934 scriptor,
1693 3865 1781 3919 ubi
1811 3864 1974 3918 refert
2003 3862 2259 3916 Sanctum
2292 3859 2378 3913 die

807 3970 876 4008 xx
908 3970 1123 4022 passum
1147 3970 1288 4014 esse.
1318 3953 1454 4007 nihil
1480 3953 1546 4007 de
1588 3953 1873 4006 immutato
1907 3953 2084 4005 cultus
2111 3950 2197 4002 die
2226 3965 2376 4003 eom-

810 4056 1115 4110 memorat;
1157 4045 1252 4099 sed
1300 4061 1422 4100 cum
1455 4044 1589 4100 levis
1636 4060 1695 4099 ea
1741 4044 1878 4098 ratio
1911 4042 2075 4096 videri
2114 4048 2296 4109 queat,
2326 4039 2378 4093 id

810 4139 968 4194 aliter
996 4139 1349 4203 adstruimus,
1386 4138 1759 4208 Metaphrastae
1795 4152 1987 4205 nempe
2033 4133 2383 4188 eollectiones

813 4231 949 4285 adeo
995 4240 1115 4300 post
1158 4230 1509 4299 scriptionem
1569 4228 1709 4282 illico
1751 4226 2087 4295 pervulgatas
2129 4224 2295 4278 fuisse
2326 4231 2384 4276 ut

814 4322 1050 4390 priorem
1100 4323 1416 4391 scriptorem
1479 4321 1629 4374 illum
1685 4320 1870 4386 fugere
1916 4332 2022 4371 non
2083 4315 2381 4384 potuerint.

813 4416 945 4480 Qum
992 4414 1153 4485 igitur
1185 4415 1327 4485 apud
1376 4430 1499 4468 eum
1531 4414 1598 4468 de
1635 4412 1691 4468 S.
1722 4409 1932 4465 Andrea
1985 4410 2037 4461 in
2070 4408 2228 4461 Creta
2269 4418 2383 4459 mo~

2462 1935 2739 2005 regionem
2768 1949 2783 1997 ;
2821 1929 3018 2000 jubilat
3044 1927 3187 1981 enim
3223 1938 3473 1994 magnum
3504 1922 3823 1974 thesaurum
3860 1917 4038 1987 possi-

2464 2027 2621 2087 dens.
2663 2038 2860 2093 corpus
2882 2016 3271 2076 certaminibus
3319 2012 3635 2083 gloriosum,
3678 2019 3865 2063 sancte
3901 2023 4037 2059 mar-

2466 2131 2549 2193 tyr
2581 2119 2821 2181 Andrea,
2861 2112 3196 2168 orthodoxite
3219 2110 3427 2162 lumen.
3463 2105 3557 2159 Hic
3578 2118 3704 2155 vero
3729 2101 3905 2155 οδὶιυι·
3930 2116 4042 2152 inu-

2466 2192 2679 2274 nemus,
2720 2210 2764 2263 si
2808 2207 2930 2275 quis
2965 2203 3182 2258 nomina
3214 2215 3276 2254 ex
3329 2200 3635 2253 Grzecorum
3677 2192 3919 2261 Liturgia
3952 2192 4043 2244 de-

2468 2313 2678 2373 sumpta
2714 2316 2821 2355 non
2848 2295 2977 2353 satis
3003 2294 3104 2349 sibi
3141 2298 3267 2347 nota
3296 2290 3382 2345 hic
3410 2288 3732 2345 oﬂ'enderet.
3762 2300 3887 2338 eum
3931 2286 4044 2335 sin-

2470 2396 2713 2467 gulorum
2738 2389 3156 2451 declarationem
3196 2391 3534 2452 reperturum
3581 2380 3632 2433 iu
3666 2378 3813 2449 Hyan
3845 2377 4046 2429 disser—

2473 2489 2672 2544 tatione
2698 2486 2764 2540 de
2792 2481 3077 2537 Acoluthia
3131 2478 3465 2534 Graecorum,
3491 2487 3611 2541 qua:
3652 2471 3706 2525 in
3745 2468 3913 2522 Junio
3955 2482 4047 2518 no-

2472 2591 2585 2637 stro
2623 2578 2766 2633 edita
2798 2586 2883 2629 est
2912 2573 3023 2643 (9.3)
3051 2613 3065 2637 ,
3098 2567 3402 2637 expeditius
3433 2574 3611 2619 autem
3644 2578 3708 2615 ea
3732 2559 4046 2627 utetur.qui

2474 2671 2705 2726 indicem
2750 2667 3012 2719 ultimum.
3038 2678 3067 2715 a
3103 2658 3443 2727 Ghesquicro
3482 2666 3629 2710 tomo
3672 2656 3850 2721 primo
3896 2649 4049 2705 Octo-

2476 2764 2587 2818 bris
2623 2762 2688 2816 ad
2723 2759 2923 2813 calcem
2958 2754 3261 2823 subjectum
3296 2751 3553 2805 adhibere
3589 2747 3847 2801 voluerit.

2481 2901 2508 2973 ς
2558 2902 2624 2955 11.
2654 2893 3192 2973 Septenrblurtyres
3233 2893 3294 2973 in
3340 2889 3598 2973 plerisque
3624 2883 3814 2973 fastis“
3843 2881 4050 2973 con‘fnse

2546 2954 2756 3040 prolati.
2786 2954 3107 3040 abhinvicem
3141 2954 3537 3040 distinguuntur
3588 2965 3635 3037 et
3689 2968 3873 3040 egrum
3921 2954 4050 3040 Arta.

2547 3023 2768 3096 breviter
2831 3036 3193 3089 illustrantur.
3273 3023 3653 3081 P'erscmtiouis
3714 3023 4051 3096 Constantini

2550 3094 2862 3177 Coprouymi
2887 3105 3055 3158 brevis
3076 3101 3294 3155 historia
3326 3108 3370 3150 et
3403 3098 3734 3149 cltrouotaxis
3759 3094 4050 3143 αιηὸέιετ.

2545 3204 2628 3258 11.
2671 3202 2988 3268 Hosseptem
3020 3195 3266 3250 Sanctus.
3297 3188 3385 3260 qui
3419 3202 3607 3243 omnes
3644 3186 3745 3240 sub
3775 3184 4054 3253 Copi-ony-

2473 3315 2561 3352 tno
2590 3296 2733 3350 varia
2782 3299 3071 3354 tormenta,
3107 3296 3159 3341 et
3184 3293 3435 3347 mortem,
3474 3294 3581 3336 uno
3624 3288 3878 3346 excepto,
3907 3277 4049 3344 passi

2478 3400 2624 3453 sunt,
2658 3389 2746 3441 hic
2774 3387 2926 3455 juxta
2968 3382 3164 3435 seriem
3202 3377 3469 3431 mensium
3522 3382 3576 3425 ct
3603 3373 3816 3424 dierum
3857 3371 4055 3438 quibus

2475 3484 2725 3538 coluntur
2791 3475 3131 3546 subjicimus,
3162 3486 3226 3525 ex
3273 3483 3380 3537 quo
3424 3468 3583 3519 simul
3634 3463 3920 3532 apparebit
3952 3479 4055 3530 quo

2476 3577 2593 3631 loco
2626 3577 2677 3626 in
2711 3587 2877 3640 opere
2898 3576 3086 3622 nostro
3130 3564 3195 3617 de
3231 3562 3298 3616 iis
3335 3568 3511 3613 actum
3542 3557 3630 3617 sit,
3658 3564 3753 3607 aut
3784 3555 3839 3606 in
3873 3565 4055 3622 poste-

2479 3680 2597 3719 rum
2629 3663 2895 3735 agendum
2928 3675 2942 3713 :
2971 3674 2985 3712 ι
3023 3657 3115 3709 Die
3165 3668 3275 3710 xvu
3314 3649 3509 3708 Martii.
3544 3646 3583 3701 S
3639 3646 3843 3701 Paulus
3872 3659 4055 3698 mona-

2478 3758 2614 3813 chus
2637 3765 2688 3809 et
2717 3763 2918 3822 martyr
2954 3750 3004 3802 in
3043 3748 3196 3802 Creta
3226 3762 3312 3809 ;—
3354 3759 3437 3797 xvt
3470 3740 3612 3803 Maii,
3638 3739 3697 3792 S.
3728 3737 3926 3791 Petrus
3955 3736 4056 3788 Ca-

2480 3851 2645 3920 lybita
2675 3855 2730 3901 et
2761 3853 2959 3911 martyr
2983 3840 3035 3894 in
3066 3836 3397 3897 Blacheruis,
3435 3847 3601 3901 prope
3631 3829 3847 3896 Cpolim
3888 3844 3977 3886 ;—
4011 3841 4055 3876 iv

2480 3941 2650 4003 Junii,
2704 3937 2763 3990 ὃ.
2814 3933 3050 3988 Joannes
3104 3928 3391 3995 Mouagria‘.
3440 3921 3815 3988 Hegumenus,
3859 3924 4058 3985 marry

2483 4029 2631 4100 Cpoli
2672 4044 2761 4093 ;——
2785 4039 2875 4079 vtu
2919 4021 3070 4086 Julii,
3101 4020 3158 4073 S.
3190 4017 3387 4072 Paulus
3417 4012 3598 4067 Novus
3631 4022 3838 4077 martyr
3862 4008 4014 4077 Cpoli
4042 4024 4056 4068 ς

2482 4099 2549 4161 -ξ
2596 4136 2661 4173 xx
2695 4115 2959 4177 Octobris,
2996 4112 3051 4166 S.
3107 4110 3349 4164 Andreas
3402 4102 3706 4160 monachus
3759 4099 4056 4157 Cretensis,

2483 4213 2661 4267 dictus
2690 4210 2742 4261 in
2784 4206 2941 4271 Crisi,
2978 4211 3175 4271 martyr
3208 4199 3359 4267 Cpoli
3392 4213 3479 4261 ;-
3513 4207 3683 4247 xxvttt
3718 4190 3974 4245 Octobris
3999 4188 4057 4253 (τ)

2487 4302 2544 4354 S.
2598 4298 2905 4367 Stephanus
2953 4293 3040 4363 qui
3098 4292 3150 4344 in
3210 4288 3491 4357 Sugdazam
3522 4283 3796 4349 relegatus
3830 4291 3960 4341 cst;
4000 4308 4059 4316 —

2489 4407 2654 4447 uvut
2707 4384 3047 4450 Novembris,
3118 4380 3174 4434 S.
3234 4378 3545 4449 Stephanus
3588 4372 3808 4435 Juuinr,
3868 4383 4061 4439 martyr

825 4466 1326 4485 ..ηκσημττμ
1386 4466 1457 4468 ην
1540 4466 1661 4468 μή
3231 4475 3240 4484 .
3444 4471 3453 4481 .
3938 4466 3949 4475 .

816 4508 1076 4560 nasticam
1121 4507 1281 4560 vitam
1327 4506 1574 4575 amplexo
1610 4510 1920 4563 narrantur,
1953 4500 2078 4554 dein
2109 4499 2175 4553 de
2216 4497 2383 4549 mira-
2417 4481 2459 4534 Ῑ)
2488 4487 2660 4560 Cpoli.
2698 4515 2766 4525 —-
2792 4481 2973 4535 Placet
3001 4487 3054 4533 et
3093 4477 3160 4530 de
3191 4475 3273 4528 his
3300 4472 3562 4575 omnibus
3598 4468 3867 4569 nonnulla
3900 4468 4040 4575 disse

815 4601 952 4656 culis
989 4602 1187 4670 quibus
1235 4616 1359 4653 cum
1409 4600 1785 4668 Metaphrastte
1829 4596 1989 4648 etiam
2025 4591 2384 4660 temporibus,

818 4693 934 4761 ipso
958 4702 1115 4758 teste,
1147 4692 1199 4747 in
1244 4693 1374 4746 urbe
1400 4691 1548 4762 Cpoli
1602 4690 1739 4745 Deus
1768 4687 2122 4760 glorificabat,
2155 4683 2389 4754 scriptor

818 4784 959 4837 idem
1001 4783 1089 4837 ille
1112 4784 1257 4853 prior
1290 4800 1394 4839 non
1444 4784 1734 4839 omisisset.
1766 4783 1974 4847 Quibus
2027 4780 2237 4847 positis,
2268 4794 2389 4833 cum

821 4884 1008 4929 notum
1053 4874 1123 4929 sit
1157 4873 1557 4944 Metaphrasten
1594 4875 1774 4929 medio
1827 4872 2025 4926 steculo
2064 4887 2089 4924 χ
2123 4868 2390 4931 ﬂoruisse,

824 4965 951 5018 hinc
1001 4965 1269 5019 deducere
1313 4965 1439 5019 licet
1469 4967 1598 5020 Acta
1635 4978 1753 5033 qua:
1800 4962 1961 5032 priori
2008 4959 2125 5014 loco
2158 4957 2391 5022 edimus,

824 5057 913 5110 illa
939 5064 1101 5111 aetate
1126 5057 1434 5125 antiquiora
1468 5072 1613 5110 esse.

898 5146 964 5200 10
1009 5146 1175 5203 Sicuti
1209 5162 1272 5201 ex
1305 5147 1566 5217 Anonymi
1594 5147 1738 5201 Actis
1763 5144 2114 5214 Syuaxarium
2142 5139 2394 5197 Mediola-

828 5254 1023 5302 nense,
1052 5238 1195 5308 quod
1241 5254 1390 5291 num.
1424 5240 1457 5293 5
1486 5240 1787 5302 retulimus,
1822 5238 2162 5305 desumptqu
2190 5242 2290 5296 est,
2326 5233 2395 5286 ita

826 5329 960 5384 illud
1012 5331 1153 5398 quod
1199 5330 1251 5383 in
1305 5328 1523 5383 Mentiris
1565 5329 1777 5383 excusis
1825 5330 2082 5390 occurrit,
2119 5344 2180 5381 ex
2226 5325 2396 5380 Meta-

829 5425 1064 5494 pbrastze
1112 5425 1421 5477 narratione
1471 5422 1748 5476 evidenter
1809 5422 2081 5489 proﬂuxit.
2136 5422 2208 5474 Ex
2266 5435 2395 5488 quo,

831 5518 970 5570 sicut
1016 5531 1080 5569 ex
1138 5511 1318 5566 Sancti
1364 5514 1548 5570 Officio
1584 5513 1727 5585 quotl
1780 5514 1975 5567 ibidem
2009 5514 2216 5583 legitur,
2251 5514 2397 5567 cele-

907 5712 1019 5781 (ΞΗ
1047 5714 1239 5768 Surius
1272 5714 1335 5769 ad
1376 5730 1404 5766 χ
1436 5712 1595 5771 Νυν..
1618 5728 1668 5781 p.
1694 5714 1815 5772 9.38.
1851 5712 1980 5768 edit.
2017 5711 2142 5770 l6l8

909 5783 1021 5852 in)
1056 5784 1115 5837 'l'.
1161 5785 1175 5837 Ι
1206 5785 1397 5851 ApriL,
1429 5801 1481 5849 ιι.
1510 5782 1633 5837 266.

2493 4556 2631 4642 rere,
2667 4594 2729 4633 ex
2782 4573 2978 4645 quibus
3026 4572 3206 4623 lumen
3265 4563 3480 4634 aliquod
3545 4558 3921 4629 persecutioui
3963 4556 4063 4610 Co~

2494 4671 2855 4742 prouymianaa
2914 4663 3148 4718 aﬂusum
3202 4658 3265 4711 iri
3316 4670 3492 4724 spero.
3540 4653 3613 4706 De
3656 4652 3942 4729 primae:
3988 4650 4064 4701 bis

2493 4771 2720 4833 septem,
2749 4772 2941 4826 nempe
2979 4756 3045 4809 de
3078 4752 3137 4805 S.
3173 4749 3337 4803 Paulo
3363 4754 3596 4817 martyre
3640 4744 3693 4797 in
3737 4745 3922 4805 Creta,
3950 4758 4065 4811 ege-

2496 4864 2622 4909 runt
2647 4854 2960 4907 deccssores
2990 4846 3055 4899 ad
3086 4845 3227 4899 diem
3260 4841 3430 4895 Martii
3463 4838 3768 4893 indicatum
3802 4838 3942 4908 (‘24),
3970 4837 4066 4889 ibi-

2494 4962 2598 5016 que
2628 4961 2691 5000 ex
2723 4943 2866 4997 Actis
2894 4940 2950 4994 S.
2986 4935 3244 5009 Stephani
3269 4933 3533 4992 Junioris,
3571 4945 3602 4984 a
3633 4929 3975 4998 Lipomanno
4008 4942 4066 4979 cx

2497 5035 2853 5108 hletaphraste
2882 5031 3074 5086 Latine
3124 5024 3373 5095 vulgatis,
3400 5023 3520 5076 loco
3544 5021 3731 5088 aliquo
3764 5017 3962 5090 insigni
4008 5016 4067 5069 de

2499 5131 2553 5184 S.
2571 5129 2734 5184 Paulo
2762 5127 3013 5187 adducto,
3049 5120 3381 5176 concludunt
3411 5130 3535 5170 cum
3571 5114 3625 5165 iu
3652 5114 3837 5182 Cypro
3862 5119 4063 5181 passum

2496 5240 2650 5289 esse;
2682 5236 2866 5276 verum
2901 5232 3023 5272 eum
3056 5216 3110 5268 in
3163 5214 3273 5284 ipsa
3319 5210 3477 5265 Creta
3508 5221 3738 5276 passum
3773 5222 3898 5261 esse
3927 5203 4066 5257 nobis

2496 5316 2715 5371 omnino
2744 5310 3085 5366 manifestqu
3119 5316 3220 5363 est.
3252 5306 3391 5360 Sunt
3416 5300 3560 5355 enim
3594 5302 3660 5354 ad
3695 5314 3925 5353 ntanum
3949 5298 4066 5347 Acta

2495 5407 2736 5477 ejusdem
2764 5402 3024 5473 Stephani
3055 5399 3315 5460 Junioris,
3347 5393 3767 5449 accuratissime
3788 5407 3819 5444 τι
3850 5389 4065 5459 quodam

2498 5500 2773 5568 Stephano
2834 5496 3069 5550 Diacono
3124 5490 3454 5558 conscripta.
3500 5487 3641 5539 Dum
3696 5485 3849 5537 hunc
3904 5483 4068 5547 itaque

2572 5707 2684 5765 (‘23)
2719 5702 2783 5755 T.
2819 5698 2859 5752 ll
2890 5695 3053 5750 Junii.
3091 5710 3143 5763 p.
3172 5710 3183 5745 t
3218 5701 3455 5765 etseqq.

2574 5760 2683 5842 (241
2713 5770 2774 5824 Τ.
2810 5767 2851 5822 11
2881 5760 3161 5832 Μετιίἰίρ.
3197 5760 3321 5829 609..
