4178 6316
171 353 305 417 1089

1256 360 1426 420 VITA
1466 358 1525 416 S.
1561 356 1892 418 ANDREA‘J
1950 359 2028 418 IN
2085 360 2307 421 CRISI.

3281 363 3416 426 1090

162 480 474 523 narrantem
504 471 676 525 secuti
709 485 900 526 sumus
921 472 1058 542 (ἓό),
1085 473 1550 543 deprehendimus
1572 473 1738 537 illico,
1770 481 1811 535 Α
1845 474 2221 543 persecutione
2250 490 2369 544 qua:
2415 474 2650 545 prtel'ecti
2706 476 3049 547 imperatoris
3102 476 3334 533 diversis
3365 480 3416 531 in

163 562 245 615 vel
270 561 425 632 Cypri
451 578 650 616 nomen
682 564 939 619 mendose
976 566 1028 618 in
1051 566 1299 621 codicem
1324 565 1643 635 Lipomanni
1670 569 1739 620 ir-

164 658 399 723 repsisse
431 656 511 708 vel
539 659 713 725 ipsum
763 658 1117 727 interpretem
1161 659 1464 713 oscitantis:
1506 674 1739 729 arguen-

162 746 288 798 dnm
313 762 451 800 esse.
480 749 558 802 En
589 751 860 817 quomodo
887 766 949 804 ea
971 752 1021 804 in
1045 751 1101 805 S.
1146 750 1407 821 Stephani
1430 752 1739 821 antiquiore

163 837 284 891 Vita
319 851 610 893 narrentur
641 840 773 911 ('26).
812 842 994 911 Itaque
1030 843 1082 897 in
1134 844 1368 897 medium
1403 841 1602 912 prodiit
1629 847 1738 895 An-

163 931 346 985 tonius
380 948 442 985 ex
493 932 649 988 Creta
702 934 897 999 insula,
921 935 1009 1004 qui
1062 934 1129 989 de
1163 936 1376 990 victima
1407 935 1515 989 Deo
1546 934 1738 989 immo-

160 1021 263 1076 lata
308 1024 391 1076 his
420 1024 599 1078 verbis
627 1025 837 1079 locutus
864 1036 945 1079 est
979 1045 991 1080 :
1022 1026 1307 1091 Quomodo
1339 1027 1456 1081 sine
1488 1026 1738 1096 lacrymis

160 1114 374 1183 egregia
406 1115 615 1169 abbatis
645 1117 778 1186 (quo
801 1118 1063 1172 vocabulo
1093 1134 1203 1173 non
1251 1119 1426 1173 solum
1460 1126 1735 1172 monaste-

160 1204 227 1256 rii
266 1207 684 1271 moderatorem,
711 1209 822 1261 sive
857 1209 1180 1278 ἡγούμενον,
1217 1212 1311 1264 sed
1337 1221 1527 1264 omnes
1550 1224 1736 1262 mona-

158 1296 294 1350 chos
326 1296 495 1351 Graeci
549 1299 691 1351 Illius
731 1302 992 1369 temporis
1026 1302 1348 1371 plerumque
1397 1301 1732 1370 nuncupant)

158 1386 311 1442 Pauli
345 1390 639 1443 certamina
688 1391 742 1444 in
791 1403 1025 1447 vestrum
1066 1405 1416 1464 conspectum
1450 1394 1731 1456 adducam,

158 1482 457 1534 venerandi
489 1480 715 1537 Patres?
758 1484 848 1539 Vir
879 1486 968 1539 ille
1000 1502 1297 1555 generosus
1344 1502 1370 1539 a
1404 1485 1735 1554 Thc0phane

156 1583 528 1641 cognomento
562 1575 885 1646 Lardotyro,
919 1577 1108 1630 insula:
1157 1578 1546 1645 archisatrapa,
1584 1591 1733 1629 com-

158 1665 491 1732 prehensus,
553 1666 608 1720 in
666 1669 980 1737 praetorium
1039 1664 1269 1722 Heraclii
1320 1668 1735 1738 interrogandus

155 1756 432 1808 adductus
465 1768 567 1809 est.
595 1759 709 1811 lite.
748 1760 1014 1814 Antonius
1043 1760 1224 1828 igitur,
1263 1760 1389 1813 dum
1428 1761 1619 1813 ιιιςιιειε
1645 1775 1733 1812 ar-

1840 567 1972 622 locis
2005 566 2388 621 adhibuerant.
2428 567 2614 637 Itaque
2654 568 2707 622 in
2738 570 2973 624 medium
3015 569 3212 639 prodiit
3246 570 3414 625 Anto-

1838 660 1959 712 nius
2007 675 2072 713 ex
2125 660 2282 713 Creta
2348 659 2523 713 insula
2575 669 2681 714 etc.
2719 658 2861 729 (Cir.
2910 676 3076 730 supra
3119 677 3266 714 num.
3308 662 3417 731 Η.)

1837 752 2066 806 Aliunde
2118 753 2361 806 inductio
2409 752 2497 806 illa
2546 753 2825 822 Cpolitana
2868 757 3081 821 quinta,
3120 769 3224 822 qua
3286 752 3412 807 n0vi

1838 843 2077 914 prastecti
2111 843 2180 897 ad
2225 843 2533 913 provincias
2592 844 2741 897 missi
2799 855 2946 905 sunt,
2972 847 3221 898 currebat
3249 861 3276 898 a
3317 844 3418 899 Se—

1842 936 2080 1006 ptembri
2122 937 2248 989 anni
2276 934 2396 999 766,
2424 936 2490 991 ad
2516 936 2888 1006 Septembrem
2921 937 3045 990 anni
3077 934 3201 1001 767,
3237 947 3288 990 et
3316 952 3423 1005 prae

1838 1040 1985 1084 terea
2017 1038 2224 1083 certum
2256 1037 2338 1082 est
2389 1026 2445 1084 S.
2496 1027 2838 1092 Stephanum
2874 1028 2975 1083 hoc
3003 1043 3147 1083 anno
3177 1029 3299 1093 767,
3332 1029 3419 1083 die

1837 1118 2331 1175 xxvniNovembris
2348 1124 2599 1191 martyrio
2615 1130 2932 1175 coronatum
2953 1119 3135 1173 fuisse.
3160 1118 3296 1191 Ergo
3316 1120 3419 1173 sub

1838 1214 1951 1281 ipsa
1980 1212 2273 1266 indictione
2294 1213 2378 1266 illa
2401 1212 2610 1282 quinta.
2626 1222 2749 1266 ante
2771 1211 3143 1281 Septembrem
3165 1214 3291 1266 anni
3318 1212 3414 1265 767

1836 1305 2456 1375 contigeritmartyriom
2487 1302 2543 1359 S.
2562 1306 2707 1358 Pauli
2737 1306 2788 1358 in
2810 1304 3071 1365 Creta,de
3110 1320 3218 1373 quo
3249 1303 3421 1357 Anto-

1835 1396 1961 1451 nius
2016 1396 2104 1450 ille
2145 1396 2420 1451 Cretensis
2471 1407 2675 1451 narrat.
2706 1397 2841 1450 Cum
2878 1411 3004 1450 vero
3029 1394 3085 1448 S.
3118 1395 3317 1449 Paulus
3348 1395 3413 1449 ad

1835 1486 1979 1539 diem
2016 1502 2121 1540 xvn
2140 1486 2311 1540 Martii
2341 1487 2392 1539 in
2413 1486 2722 1542 Graecorum
2748 1486 2898 1541 lastis
2923 1492 3248 1539 memoretur
3270 1486 3405 1554 (33).

1835 1578 1972 1632 forte
2001 1595 2108 1631 non
2142 1578 2412 1633 immerito
2433 1579 2535 1632 hoc
2553 1579 2661 1637 die.
2694 1579 2991 1633 indictione
3021 1577 3231 1646 quinta,
3266 1592 3410 1632 anno

1836 1679 2229 1737 consequenter
2261 1666 2382 1733 767,
2404 1682 2525 1720 eum
2548 1682 2760 1736 passum
2781 1682 2900 1719 esse
2918 1666 3411 1734 pronuntiabimus.

1912 1758 1998 1812 15.
2051 1758 2184 1812 Cum
2239 1756 2295 1811 S.
2345 1757 2510 1812 Paulo
2554 1756 2620 1809 ad
2687 1754 2937 1809 eumdem
3019 1753 3162 1807 diem
3219 1755 3415 1809 colitur

157 1848 531 1917 chisatrapam
579 1860 986 1911 cemniemorat,
1020 1866 1128 1904 non
1177 1851 1243 1904 de
1283 1849 1457 1921 Cypro
1483 1852 1736 1920 loquitur,
1772 1834 1811 1888 Β
1845 1850 1901 1903 S.
1949 1847 2355 1903 Theosterictus
2392 1848 2525 1917 (54),
2565 1846 2861 1902 monachus
2905 1846 3214 1900 monasterii
3261 1843 3419 1901 Pele-

157 1938 324 2004 cujus
351 1941 495 1993 nulla
532 1942 587 1992 tit
618 1942 824 1994 mentio
858 1941 911 1992 in
949 1942 1029 1995 his
1064 1942 1214 1996 Actis
1239 1942 1295 1995 S.
1331 1941 1616 2011 Stephani,
1646 1944 1739 1995 sed

156 2026 229 2079 de
261 2026 443 2092 Creta,
478 2044 543 2082 ex
587 2044 690 2098 qua
737 2030 1018 2094 oriundus,
1070 2032 1279 2100 Cpolim
1334 2030 1570 2086 advenit.
1606 2028 1740 2083 Cum

151 2134 296 2173 vero
328 2135 393 2174 ex
422 2123 609 2174 iisdem
659 2124 810 2176 Actis
850 2124 1245 2192 antiquioribus
1280 2122 1336 2176 S.
1376 2123 1654 2191 Stephani,
1690 2131 1743 2175 et

152 2210 598 2279 Metaphrastm,
629 2230 748 2280 quae
794 2214 1162 2282 Lipomannus
1194 2214 1379 2267 Latine
1414 2227 1565 2266 versa
1593 2212 1738 2265 exhi-

155 2302 279 2360 bet.
310 2316 363 2355 et
394 2306 594 2372 reliqua
632 2307 818 2358 omnia
864 2305 1245 2372 proﬂuxerint,
1280 2306 1495 2360 etiamsi
1543 2304 1746 2359 alicubi

149 2391 324 2459 Cypri
370 2409 567 2445 nomen
624 2397 887 2461 prodiret,
923 2411 985 2448 ex
1023 2397 1171 2448 Actis
1221 2396 1623 2462 probatioribus
1659 2411 1742 2448 re-

152 2483 472 2551 spuendum
508 2494 674 2537 esset.
708 2484 908 2537 Verum
940 2485 1105 2538 dubio
1154 2486 1328 2538 locum
1364 2488 1587 2539 omnino
1623 2485 1745 2537 nul-

152 2573 274 2627 lum
306 2576 582 2645 relinquit,
606 2576 752 2646 quod
778 2577 914 2630 libro
940 2577 1117 2644 primo
1146 2576 1211 2630 de
1249 2574 1606 2630 Thematibtts
1629 2574 1741 2645 (‘27)

154 2666 338 2719 refert
363 2667 759 2721 Constantinus
793 2665 1330 2740 l’orphyrogettttcla,
1357 2669 1594 2740 Cyprum
1636 2669 1743 2724 sci-

151 2758 308 2817 licet,
344 2757 410 2807 ab
452 2757 681 2813 Heraclii
735 2770 977 2829 tempore
1013 2778 1181 2829 usque
1221 2764 1287 2817 ad
1336 2763 1595 2816 Basiliam
1636 2762 1745 2815 Ma-

147 2848 450 2911 cedonem,
485 2864 512 2900 a
536 2849 823 2902 Saracenis
852 2850 1021 2903 fuisse
1046 2863 1389 2919 occupatam,
1426 2852 1480 2905 in
1512 2868 1741 2921 quorum

148 2948 512 3009 potestatem,
546 2953 851 3011 postquam,
874 2943 1070 2997 Basilio
1099 2947 1419 3012 imperante,
1454 2960 1550 3012 per
1570 2960 1742 2997 annos

150 3041 375 3099 Septem
436 3032 665 3086 fuissent
711 3033 941 3102 depulsi,
996 3034 1193 3087 iterum
1239 3033 1479 3087 devenit.
1517 3034 1588 3085 lix
1634 3048 1742 3102 quo

150 3125 517 3177 manifestum
548 3137 629 3179 est
658 3124 1061 3196 Copronymum
1096 3126 1272 3195 Cypro
1327 3140 1611 3194 nunquam
1644 3126 1743 3177 iiii-

1844 1947 1997 2001 cetae,
2027 1938 2081 1991 in
2110 1939 2233 1991 Asia
2277 1939 2340 1990 ad
2398 1938 2801 2007 Hellespontem
2840 1936 2927 1989 siti
2971 1938 3105 2006 (35),
3137 1953 3239 1989 non
3268 1938 3412 2006 quod

1844 2046 1909 2083 co
1942 2030 2028 2084 die
2061 2030 2261 2084 obierit
2319 2032 2465 2099 (nam
2511 2030 2879 2084 conlessorem
2928 2044 3051 2082 eum
3083 2028 3271 2083 dicunt
3305 2028 3416 2084 Me-

1842 2140 1955 2178 naea
1988 2125 2100 2192 (36)
2129 2138 2181 2178 et
2232 2127 2285 2179 in
2338 2141 2466 2190 pace
2523 2123 2840 2193 mortuum),
2884 2122 2977 2177 sed
3031 2122 3175 2190 quod
3225 2122 3413 2178 eodem

1844 2217 1961 2269 loco
1998 2216 2109 2285 (ὅτ)
2140 2215 2397 2268 Actorum
2430 2214 2486 2269 S.
2521 2214 2807 2282 Stephani,
2837 2222 2959 2281 post
3011 2213 3212 2267 dictum
3240 2212 3415 2267 Anto-

1845 2308 1994 2361 nium
2019 2306 2359 2369 Cretensem,
2394 2305 2806 2359 Theosterictus
2845 2304 3210 2356 narrationem
3252 2302 3412 2357 insti-

1847 2407 1978 2462 lttal,
2012 2400 2078 2452 de
2114 2399 2375 2451 martvrio
2421 2396 2638 2467 triginta
2694 2404 2817 2449 octo
2857 2393 3250 2449 monachorum
3303 2410 3419 2447 ino-

1843 2487 2067 2537 nasterii
2127 2485 2208 2538 sui
2261 2485 2368 2539 Hos
2426 2485 2588 2554 igitur
2640 2484 2770 2538 dicit
2822 2500 2851 2538 a
2901 2484 3416 2538 Lachanodraconte

1844 2574 2120 2645 praefecto,
2158 2576 2291 2629 feria
2339 2580 2527 2645 quinta
2564 2580 2616 2631 in
2642 2577 2807 2632 (Zama
2846 2577 3079 2642 Domini,
3137 2577 3190 2629 in
3224 2591 3412 2629 mona-

1845 2668 2010 2721 sterio
2073 2682 2175 2722 suo
2245 2667 2506 2723 Pclccetie
2573 2669 3002 2737 comprehensos
3055 2682 3416 2736 csse,eoque

1844 2769 2074 2826 vastato,
2104 2760 2171 2815 ab
2204 2760 2393 2814 eodem
2443 2758 2956 2814 Lachanodraconte
3007 2774 3195 2812 versus
3230 2758 3414 2827 Ephe-

1846 2870 1964 2909 sum
1989 2855 2270 2920 abductos,
2296 2854 2368 2909 ibi
2391 2856 2631 2924 martyrii
2659 2853 2886 2921 palmam
2908 2851 3226 2907 obtinuisse.
3250 2852 3417 2905 Porro

1847 2945 1990 2998 inter
2023 2945 2329 3013 praefectos,
2361 2960 2497 3014 quos
2526 2960 2679 2998 num.
2714 2945 3039 3013 praecedenti
3074 2960 3102 2996 a
3134 2943 3413 3012 Copi-ony-

1845 3049 1956 3096 mo,
1977 3033 2272 3088 indictione
2298 3036 2503 3102 quinta,
2531 3034 2583 3086 in
2615 3036 2921 3102 provincias
2950 3036 3142 3086 missos
3167 3048 3288 3087 esse
3328 3033 3414 3085 di-

1846 3128 2044 3200 ximus,
2070 3126 2380 3179 nominatur
2410 3141 2440 3179 a
2465 3124 2794 3195 Theophane
2822 3126 2935 3195 ipse
2963 3124 3414 3179 Lachanodracon

151 3232 409 3283 periisse,
442 3234 619 3285 neque
668 3219 733 3270 ab
759 3220 998 3271 Antonio
1024 3220 1113 3271 illo
1144 3235 1205 3271 ex
1244 3218 1427 3283 Creta,
1454 3221 1582 3270 dum
1612 3234 1740 3271 nar-
1775 3201 1816 3259 ε
1851 3216 1956 3278 illc,
1987 3217 2074 3272 cui
2100 3219 2280 3272 thema
2316 3218 2457 3273 Asia:
2486 3218 2708 3273 Minoris
2755 3220 3008 3272 traditum
3042 3219 3247 3281 scribit,
3286 3214 3417 3269 alias

150 3310 437 3361 rationein
468 3324 619 3361 suam
666 3310 914 3373 absolvit,
939 3310 1005 3363 de
1033 3310 1194 3378 Cypri
1225 3312 1480 3379 praelecto
1512 3309 1615 3361 dici
1645 3326 1742 3376 po-

152 3401 336 3457 tuisse
369 3400 482 3470 (28)
519 3422 530 3454 ;
565 3400 655 3457 Sic
707 3410 950 3456 sanctum
986 3403 1159 3456 virnni
1214 3402 1587 3456 holocaustum
1621 3402 1743 3471 igne

145 3494 350 3546 eﬂ'ecit
385 3509 616 3562 nequam
664 3496 993 3563 imperatore
1044 3498 1409 3567 (Copronymo
1465 3497 1742 3565 nimirum)

144 3588 394 3653 nequior
420 3589 723 3656 praefectus,
752 3588 837 3641 ille
864 3604 1057 3657 nempe
1094 3587 1455 3655 Tthphanes
1484 3589 1743 3657 Lardoty-

147 3695 280 3744 rus,
314 3679 381 3732 de
411 3696 517 3748 quo
541 3693 722 3746 supra.
753 3678 857 3731 Sed
890 3680 954 3732 de
983 3678 1142 3733 Creta
1171 3680 1354 3749 utique
1380 3690 1593 3749 poterat
1613 3681 1741 3744 dici,

142 3788 329 3841 quam
365 3772 504 3822 idem
542 3769 1061 3841 Porphyrogcnneta
1097 3772 1316 3825 nonnisi
1353 3774 1454 3826 sub
1484 3773 1743 3827 Michaele

147 3860 333 3913 Balbo
363 3873 392 3910 a
428 3858 717 3913 Saracenis
741 3873 954 3931 captam
981 3860 1212 3913 allirmat
1241 3860 1375 3929 (99).

231 3948 322 4004 12.
363 3947 598 4021 Tempus
649 3953 889 4023 martyrii
924 3967 987 4006 ex
1037 3954 1390 4022 Theophane,
1430 3968 1551 4006 cum
1593 3950 1744 4028 Actis

136 4043 209 4097 S.
250 4038 515 4113 Stephani
546 4043 740 4097 collato
775 4048 854 4098 sic
893 4046 1055 4099 statui
1092 4047 1290 4114 potest.
1333 4041 1523 4099 Narrat
1556 4045 1643 4099 ille
1677 4047 1742 4100 ad

136 4144 369 4187 annum
428 4136 615 4189 mundi
672 4134 832 4198 6257,
888 4136 989 4188 sub
1045 4136 1344 4189 indictione
1372 4146 1563 4203 quarta
1602 4136 1740 4205 (.30),

136 4226 572 4295 Copronvinum
601 4228 857 4280 omnibus
884 4226 1114 4279 subditis
1137 4226 1506 4295 juianientum
1537 4243 1743 4296 praece-

136 4320 334 4389 pisse,
398 4334 463 4370 ne
535 4318 867 4387 imaginibus
928 4319 1334 4373 venerationem
1384 4309 1738 4386 exhibeient;

133 4428 309 4466 anno
341 4426 469 4465 vero
499 4422 768 4479 sequenti,
804 4414 1099 4466 indictione
1140 4413 1330 4481 quinta
1380 4412 1512 4482 (51),
1548 4412 1741 4481 praefe-

131 4511 281 4559 ctos
308 4503 369 4557 in
409 4506 717 4573 provincias
745 4521 839 4557 seu
879 4509 1114 4559 themata
1147 4506 1379 4567 misisse,
1403 4508 1494 4573 qui
1524 4509 1735 4559 easdem

130 4599 227 4653 ibi
259 4599 315 4649 in
334 4598 800 4666 monachos,qn:is
834 4599 946 4665 ipse
972 4597 1149 4665 Cpoli,
1174 4597 1397 4651 ederent
1425 4597 1735 4665 tragoedias.

124 4693 328 4746 Porro
364 4691 636 4753 monachi,
668 4693 757 4759 qui
794 4706 938 4744 anno
972 4690 1067 4742 767
1109 4705 1232 4743 cum
1271 4689 1328 4744 S.
1372 4690 1650 4759 Stephano
1683 4691 1736 4742 in

122 4794 382 4837 carcere
448 4781 684 4847 praetorii
723 4782 1097 4842 versabantur,
1131 4780 1197 4834 de
1235 4777 1555 4834 crudelitate
1604 4796 1736 4847 prse-

123 4876 427 4929 fectorum
482 4874 535 4923 in
590 4873 883 4941 provinciis
931 4874 1162 4943 plurima
1246 4881 1548 4926 memorant
1599 4871 1730 4941 (ὃὲ).

118 4971 294 5026 Cum
329 4977 510 5018 autem
564 4967 797 5033 quadam
835 4960 922 5018 die
959 4982 1063 5020 una
1094 4981 1215 5019 cum
1267 4966 1459 5019 vinctis
1488 4964 1607 5016 aliis
1639 4964 1734 5016 Pa-

123 5062 338 5119 tribus
395 5061 607 5111 sederet
650 5056 728 5110 vir
785 5068 1025 5123 sanctus,
1076 5073 1259 5111 sermo
1312 5067 1487 5111 motus
1536 5066 1617 5111 est
1667 5056 1735 5111 de

211 5235 345 5309 (‘25)
380 5236 634 5289 Analecta
661 5235 863 5309 Graeca.
887 5235 1055 5309 Daris,
1084 5235 1245 5309 71688,
1276 5252 1329 5306 p.
1360 5233 1481 5288 504.

208 5306 340 5378 (ἑὸ)
378 5309 634 5378 Analecta
664 5306 869 5371 Graeca,
909 5308 1010 5359 loc.
1046 5308 1136 5361 cit.

214 5375 343 5447 (Ξῖ)
385 5377 524 5428 Edlt.
562 5375 765 5439 Bunn.,
794 5397 844 5447 ν.
880 5379 966 5432 ἆυ.

210 5446 340 5519 (‘23)
378 5447 633 5519 Analecta
660 5446 866 5513 Graeca,
897 5468 949 5519 p.
980 5446 1100 5502 505,

210 5514 340 5584 (9.1))
370 5514 451 5589 De
476 5524 679 5589 adnuit.
710 5520 869 5586 Imp.,
897 5514 1017 5589 ξιιμ.
1046 5535 1174 5574 XXII.

204 5589 333 5711 (1.50)
368 5587 722 5708 'It‘ﬂféullhﬁllis
776 5587 1244 5660 Chronograpnia,
1305 5590 1503 5645 Bonna:
1558 5592 1728 5659 1839,

258 5698 274 5711 .
309 5673 359 5711 n.
408 5677 514 5710 ιιι.

114 5676 163 5719 ι,
220 5660 274 5716 ι,
308 5673 359 5719 p.
392 5660 514 5710 675.

220 5673 274 5716 ι,
308 5673 359 5725 p.
392 5673 514 5710 tua.

206 5730 337 5798 (I’Jl)
373 5729 532 5790 ibid.,
567 5747 621 5799 p.
660 5728 784 5782 681.

208 5801 335 5872 (3‘2)
372 5802 634 5853 Analecta
667 5800 868 5867 (Ericen,
904 5815 956 5869 ι».
992 5801 1112 5857 504.

1766 4550 1818 4608 D

1844 3309 2045 3361 dictum
2072 3309 2506 3364 Thracesiornm.
2532 3311 2823 3379 Perperam
2845 3311 3044 3379 itaque,
3082 3318 3136 3363 ut
3163 3310 3213 3362 id
3243 3310 3417 3365 obiter

1844 3408 2045 3458 notem,
2083 3398 2291 3454 GOartls
2324 3400 2409 3454 hic
2441 3401 2621 3455 thema
2649 3399 3039 3457 Thracensium
3086 3402 3417 3469 interpreta-

1847 3497 1933 3543 tus
1967 3502 2049 3543 est
2089 3490 2236 3559 (38);
2267 3506 2391 3545 nam
2447 3492 2639 3545 horum
2692 3492 2870 3546 thema
2909 3493 2961 3544 in
3004 3490 3213 3561 EurOpa
3252 3494 3414 3550 situm

1845 3593 1980 3645 erat,
2010 3581 2423 3639 Thraccsiorum
2456 3599 2583 3637 vero
2616 3584 3081 3653 complecti-batur
3106 3588 3287 3639 Asiam
3316 3586 3417 3638 Mi-

1845 3688 2054 3726 norem.
2092 3674 2348 3741 Apprime
2387 3689 2448 3726 ea
2477 3674 2785 3743 distinguit,
2815 3673 2977 3726 simul
3017 3690 3205 3728 vocum
3237 3686 3414 3745 etyma

1848 3769 2083 3830 tradens,
2118 3768 2514 3823 Constantinus
2553 3766 3071 3838 Porpliyrogenneta
3109 3769 3161 3822 in
3201 3771 3418 3826 laudato

1843 3873 2008 3931 opere
2046 3857 2112 3911 de
2140 3854 2493 3913 Thematibus
2542 3861 2677 3928 (59).
2713 3860 2938 3913 llldit‘lio
2971 3871 3153 3915 autem
3205 3864 3413 3931 quinta,

1839 3952 1951 4021 jam
1985 3951 2243 4015 indicata,
2287 3951 2601 4020 incipiebat,
2639 3961 2693 4006 ut
2740 3952 2999 4016 diximus,
3033 3969 3062 4007 a
3106 3946 3428 4024 Septembri

1844 4046 1970 4098 anni
2003 4047 2140 4111 766;
2174 4047 2268 4101 sed
2300 4062 2423 4101 cum
2450 4046 2861 4100 Theosterictus
2891 4048 3281 4100 monasterium
3312 4046 3414 4101 Pe—

1844 4140 2024 4192 lccettc
2071 4154 2101 4191 a
2161 4139 2699 4201 Lachanodraconte,
2739 4139 2867 4191 l‘eria
2924 4142 3109 4205 quinta
3147 4139 3198 4192 in
3247 4139 3413 4193 Cinna

1842 4230 2076 4294 Doniini,
2114 4229 2360 4285 invasutn
2408 4239 2613 4295 narret,
2658 4232 2947 4285 dicendum
2992 4232 3096 4284 erit
3148 4230 3200 4284 id
3237 4233 3414 4287 contio

1842 4326 1983 4395 gissc
2006 4340 2149 4378 anno
2174 4324 2295 4389 767,
2324 4324 2412 4380 dic
2455 4339 2540 4376 λνι
2574 4325 2795 4391 Aprilis,
2831 4322 3048 4391 quando
3080 4322 3281 4377 Pascha
3325 4324 3413 4378 die

1843 4431 1953 4468 nx.
1987 4413 2301 4484 Martyrium
2334 4423 2513 4466 autem
2545 4414 2759 4483 triginta
2790 4422 2913 4467 octo
2933 4414 3202 4467 sociorum
3233 4413 3413 4467 Theo-

1844 4508 2071 4568 stericti,
2102 4506 2243 4573 quod
2285 4505 2337 4557 in
2393 4504 2592 4572 Ephesi
2636 4504 2879 4574 partibus
2913 4504 3155 4575 contigit,
3191 4506 3411 4575 alligen-

1845 4599 1970 4651 duin
2004 4606 2087 4652 est
2137 4596 2379 4666 profecto
2420 4600 2593 4651 eidem
2638 4612 2782 4650 anno
2825 4597 2945 4659 769,
2985 4596 3251 4666 siquidem
3286 4608 3412 4651 ante

1841 4690 2001 4744 linem
2033 4690 2353 4743 novembris
2385 4688 2527 4743 illius
2561 4691 2708 4753 anni,
2728 4687 2780 4742 S.
2811 4687 3087 4756 Stephano
3116 4689 3169 4743 in
3194 4703 3417 4743 carcere

1841 4792 2117 4835 narratum
2151 4780 2271 4834 fuit.
2310 4779 2457 4833 Diem
2480 4779 2718 4847 martyrii
2749 4780 3010 4848 assignari
3040 4777 3176 4829 forte
3210 4776 3409 4844 poteri-

1840 4889 1961 4927 mus
1989 4878 2040 4927 in
2090 4873 2233 4928 hunc
2285 4874 2528 4929 modum.
2556 4873 2776 4927 Obtinet
2807 4871 3023 4941 quidem
3068 4870 3180 4924 haec
3216 4878 3411 4938 marty—

1840 4982 1958 5021 rum
2013 4967 2211 5023 cohors
2289 4966 2344 5018 in
2418 4965 2795 5036 Martyrologio
2852 4965 3098 5017 Romano
3157 4964 3299 5015 diem
3336 4976 3411 5018 xu

1835 5059 2099 5124 Januarii,
2154 5059 2218 5111 ad
2267 5071 2426 5128 quem
2480 5060 2791 5111 deccssores
2846 5056 3012 5110 nostri
3059 5054 3125 5109 de
3173 5054 3238 5107 iis
3288 5068 3416 5131 egeo

1905 5242 2018 5312 ('55)
2055 5240 2118 5312 Τ.
2157 5239 2199 5293 ll
2234 5239 2431 5304 Martii,
2464 5255 2514 5306 p.
2543 5239 2665 5293 609.

1907 5311 2018 5382 (at)
2055 5311 2190 5382 Ibid.

1910 5379 2021 5452 (es)
2059 5381 2121 5434 'r.
2156 5382 2176 5437 1
2206 5379 2405 5451 April..
2438 5394 2492 5448 p.
2524 5380 2613 5433 ao.

1862 5447 2019 5536 "('36)
2047 5453 2146 5539 And“
2162 5447 2305 5504 diem
2339 5447 2449 5504 xvn
2480 5452 2680 5512 Martii,
2709 5448 2801 5504 Cir
2822 5449 2952 5504 Acta
2983 5447 3107 5515 SS.,
3140 5459 3178 5517 t,
3211 5447 3407 5502 llMar-

1836 5535 2019 5674 ωζῖξὶί)
2044 5524 2262 5661 εὖῗξῼξιιιει
2308 5592 2540 5655 ratione,
2575 5591 2698 5646 vide
2736 5604 2921 5659 sopra,
2955 5605 3010 5644 ιι.
3051 5593 3080 5646 7
3122 5592 3408 5647 Commen-

1837 5676 2014 5803 μηδὲ)
2048 5731 2395 5802 Theophan.,
2431 5731 2469 5783 l.
2499 5748 2576 5795 c.,
2611 5728 2821 5803 p.768l.

1908 5801 2016 5869 (39)
2051 5803 2166 5858 Lib.
2207 5820 2243 5870 t,
2278 5806 2442 5857 them.
2486 5820 2562 5870 ut,
2595 5802 2759 5857 etlib.
2790 5819 2847 5869 tt,
2879 5803 3048 5858 them.
3080 5818 3120 5858 ι.
