4178 6316
813 361 944 419 1091

2096 356 2377 415 MENSIS
2414 355 2780 418 OCTOBER.

3917 354 4047 418 1092

813 484 940 527 runt
976 474 1107 543 (10),
1146 477 1240 535 sed
1275 477 1323 530 hi
1358 477 1595 532 fatentur
1629 491 1687 530 se
1712 475 1764 529 in
1803 474 1966 528 nullis
2000 474 2150 529 fastis
2176 475 2243 528 ad
2298 474 2382 528 di—
2410 482 2456 537 Α
2491 474 2793 545 πτάμενος)
2847 490 2943 545 pro
2978 474 3177 529 Christi
3226 472 3452 545 imagine
3508 488 3704 539 crcsus,
3737 473 3891 527 illum
3944 474 4047 527 Da-

811 576 962 620 Ctum
1003 567 1145 621 diem
1195 570 1537 637 consignatos
1567 583 1659 621 eos
1693 567 1979 636 reperisse.
2027 565 2219 620 Postea
2254 580 2379 620 vero

810 659 1029 714 eosdem
1054 662 1243 713 obvios
1282 661 1590 714 habuerunt
1623 660 1674 711 in
1716 659 2113 728 pretiosissitno
2137 660 2378 728 Synaxa-

813 752 943 806 rista
993 751 1350 815 Cliiﬂlctiano,
1391 754 1454 806 ad
1507 753 1646 804 diem
1694 767 1728 804 ll
1775 750 1949 816 Junii;
1986 766 2106 803 nam
2158 751 2377 804 eosdem

809 858 949 908 esse,
989 860 1055 898 ex
1089 846 1395 898 narratione
1437 841 1792 895 Theostericti
1850 858 1973 894 cum
2045 844 2377 911 synaxarista

812 938 903 991 illo
927 938 1118 991 collata
1139 938 1276 1007 (11).
1297 937 1518 991 cuilibet
1542 936 1885 989 manifestum
1920 934 2011 988 lict
2033 975 2049 999 ,
2071 951 2377 1003 quanquam

812 1029 1217 1083 Henschcniuni
1253 1040 1497 1083 nostrum
1530 1029 1579 1082 id
1619 1039 1727 1082 tum
1762 1030 1945 1097 fugere
1982 1031 2178 1096 potuit.
2212 1027 2380 1080 Porro

811 1123 1066 1175 laudatus
1103 1122 1465 1191 synaxaristes
1516 1136 1620 1173 non
1671 1121 1842 1173 solum
1885 1121 1951 1173 ad
1987 1121 2128 1173 diem
2167 1135 2200 1173 ιι
2234 1114 2381 1172 Junii

806 1228 902 1267 eos
926 1214 1123 1282 signat,
1145 1213 1237 1266 sed
1268 1224 1522 1281 praeterea
1554 1214 1687 1265 satis
1716 1222 1904 1280 aperte
1929 1211 2167 1265 insinuat
2202 1211 2266 1264 iis
2292 1212 2380 1266 illo

806 1305 892 1358 die
933 1306 1164 1374 palmam
1200 1305 1438 1374 martyrii
1477 1304 1753 1372 obtigisse.
1788 1304 1859 1356 Ex
1896 1305 2090 1372 quibus
2113 1304 2384 1357 verisimi-

805 1396 931 1450 liter
962 1396 1280 1449 conﬁcimus
1309 1396 1409 1447 hos
1435 1396 1752 1458 monachos,
1781 1410 1966 1448 mense
1995 1410 2115 1447 cum
2157 1396 2382 1448 dimidio

806 1496 1091 1555 postquam
1118 1488 1511 1540 monasterium
1551 1502 1709 1540 suum
1751 1486 2008 1540 Pclccetm
2037 1497 2300 1541 vastatum
2331 1497 2384 1541 et

806 1583 1149 1632 combustum
1216 1579 1489 1640 viderunt,
1550 1595 1715 1649 prope
1771 1580 2043 1647 Ephesum
2092 1580 2384 1634 suiIocatos

807 1667 997 1727 fuisse,
1042 1668 1127 1722 die
1158 1669 1368 1723 scilicet
1406 1686 1440 1723 ιι
1471 1668 1618 1723 Junii
1648 1671 1771 1722 anni
1802 1672 1921 1725 757.

881 1758 968 1812 11.
1007 1759 1078 1813 De
1116 1758 1173 1813 S.
1210 1762 1365 1815 Petro
1406 1762 1472 1814 de
1528 1762 1854 1821 Blachernis,
1898 1779 2058 1833 quem
2118 1780 2270 1817 num.
2320 1767 2376 1819 11

2479 569 2698 622 cianunt
2752 577 2807 622 et
2855 570 3325 637 praevaricatorem
3382 568 3548 621 libere
3585 568 3931 636 appellando,
3962 582 4050 619 su-

2479 660 2744 728 blatisque
2777 660 2841 713 ad
2869 659 3033 711 Deum
3069 659 3241 712 oculis
3272 659 3523 719 dicendo,
3545 657 3760 711 Gratias
3798 660 3896 711 tibi
3933 674 4049 727 agn,

2480 753 2724 816 Domine,
2770 754 2822 806 in
2879 754 3073 805 mediis
3112 753 3396 805 verberum
3452 754 3784 805 cruciatibus
3809 751 4049 819 exspira-

2479 846 2555 896 vit
2580 844 2713 910 (H).
2742 845 2819 897 Ad
2863 845 2977 898 htec
3007 845 3237 912 primum
3288 842 3622 897 advertimus
3650 860 3799 908 eum,
3826 843 3921 911 qui
3971 842 4052 893 hic

2481 935 2770 999 Daciantts,
2814 936 2863 989 id
2923 947 3005 989 est
3063 946 3381 1005 persecutor
3427 936 3765 989 saevissimus
3799 936 3938 999 (65),
3967 951 4057 1001 ap-

2480 1028 2733 1097 pellatur,
2766 1046 2793 1081 a
2824 1028 3187 1096 Metaphrastc
3214 1030 3265 1080 in
3301 1029 3487 1081 eadem
3526 1029 3631 1080 vita
3658 1028 3803 1095 apud
3835 1028 4053 1081 Surium

2481 1121 2547 1174 ad
2577 1122 2717 1174 diem
2754 1135 2921 1175 xxvttt
2958 1120 3220 1174 Novemb.
3250 1120 3523 1173 Julianum
3576 1121 3902 1187 Apostatatn
3933 1119 4053 1182 dici,

2480 1211 2625 1280 quod
2677 1211 2999 1280 TlteOphani
3062 1227 3285 1280 prorsus
3351 1227 3651 1265 consonum
3702 1220 3791 1263 est
3858 1216 4055 1279 (supra

2481 1319 2634 1358 num.
2670 1304 2778 1369 14).
2817 1304 3019 1357 Deinde
3046 1305 3248 1371 reliqua
3282 1303 3459 1355 omnia
3496 1319 3614 1370 qua!
3648 1302 3703 1355 S.
3748 1303 4056 1369 Stephanus

2484 1407 2669 1450 narrat
2696 1399 2760 1449 de
2797 1396 2963 1450 Petro
2998 1397 3050 1449 in
3088 1396 3401 1449 Blachernis
3435 1396 3668 1458 incluso,
3700 1395 3839 1446 nihil
3881 1394 4057 1447 diver-

2484 1503 2601 1542 sum
2664 1486 2866 1541 habent
2910 1499 3105 1556 praeter
3152 1489 3322 1542 solum
3374 1502 3596 1549 nomen,
3634 1489 3702 1538 ab
3736 1487 3801 1539 iis
3836 1502 3957 1553 qua:
3998 1487 4059 1539 de

2484 1579 2695 1632 Andrea
2726 1580 2777 1631 in
2810 1578 3123 1632 Blaehernis
3156 1578 3398 1648 Calybita
3432 1578 3623 1631 scribit
3671 1577 4057 1646 Theophanes.

2487 1668 2753 1723 Prw-terea
2791 1670 2835 1723 si
2870 1670 3251 1739 Thmphancs,
3290 1671 3379 1724 ubi
3431 1672 3496 1724 de
3531 1670 3690 1723 Petro
3722 1671 3909 1739 stylita
3936 1673 4061 1723 scri—

2486 1761 2569 1814 bit
2621 1762 2840 1830 (11.14),
2893 1779 3020 1816 vere
3071 1761 3287 1816 Petrum
3339 1762 3390 1813 in
3435 1762 3752 1815 Blarheruis
3794 1764 4058 1815 inclusum

804 1862 927 1918 post
958 1850 1013 1903 S.
1047 1851 1603 1907 PaulumCretensem
1631 1856 1931 1923 posuimus.
1960 1856 2189 1924 plurima
2218 1858 2377 1911 etiam
2414 1852 2453 1906 Β
2483 1855 2811 1922 designaret,
2864 1871 2984 1923 quae
3041 1855 3107 1907 de
3159 1855 3262 1907 isto
3304 1866 3612 1918 narrantur,
3648 1872 3772 1909 cum
3840 1857 4059 1908 historia

805 1957 871 1996 ex
899 1943 1047 1997 Actis
1083 1942 1140 1997 S.
1175 1943 1438 2014 Stephani
1472 1948 1844 2000 innotescunt.
1878 1946 2279 2015 Papebroehius
2312 1953 2377 2004 ad

803 2033 949 2087 diem
1000 2050 1085 2087 χιιι
1134 2035 1258 2088 Maii
1298 2038 1409 2104 (42)
1460 2052 1524 2089 ex
1577 2037 1789 2090 laudato
1834 2041 2164 2107 synaxarista
2210 2040 2306 2095 Hs.
2343 2056 2373 2095 a

802 2125 1075 2180 Chiﬂletio
1124 2136 1319 2181 nostro
1369 2139 1613 2196 accepto,
1656 2130 1721 2182 de
1769 2132 1826 2184 S.
1886 2132 2048 2186 Petro
2096 2135 2380 2200 sequentia

818 2217 1140 2287 depromit:
1184 2220 1243 2272 '0
1294 2222 1350 2271 ἐν
1402 2222 1732 2292 Βλαχέρναις
1784 2225 2006 2294 Πέτρος,
2057 2225 2377 2295 βουνεύροις

803 2311 1144 2377 τυπτόμενος
1172 2312 1511 2377 τελειοῦται.;
1558 2315 1607 2366 id
1655 2324 1776 2369 est:
1812 2315 2004 2369 Petrus
2036 2317 2088 2369 in
2126 2316 2378 2369 Blacbcr-

805 2400 892 2453 nis
922 2400 1197 2465 habitans,
1232 2404 1435 2455 taureis
1457 2418 1646 2465 czesus,
1669 2407 1985 2473 martyrium
2018 2416 2378 2460 consummat.

806 2489 973 2544 Recte
1020 2492 1425 2561 Papebrochius
1478 2494 1699 2563 conjicit
1735 2496 1821 2548 hic
1868 2499 1949 2566 agi
2002 2497 2069 2550 de
2119 2498 2381 2553 alterutro

805 2585 1036 2636 duorum
1071 2598 1391 2655 martyrum,
1428 2602 1566 2655 quos
1600 2588 1967 2656 'l‘heOphancs
1995 2591 2061 2644 ad
2092 2607 2293 2644 annum
2312 2592 2374 2647 21

804 2684 859 2728 et
887 2675 954 2727 ‘27
992 2677 1315 2748 C0pronymi
1354 2678 1522 2731 refert
1553 2695 1569 2744 ;
1620 2694 1688 2732 en
1737 2680 1898 2748 hujus
1943 2682 2184 2736 historici
2215 2683 2378 2737 verba

809 2765 1001 2819 Latine
1036 2783 1186 2820 versa
1218 2769 1325 2838 (45)
1361 2786 1371 2820 :
1398 2768 1597 2821 Eodem
1626 2769 1783 2823 etiam
1812 2786 1952 2824 anno
1974 2773 2182 2836 (mundi
2211 2772 2369 2834 6255,

804 2856 1146 2914 Constantini
1183 2860 1274 2927 2|)
1308 2860 1701 2916 Constantinus
1762 2873 2076 2928 persecutor
2111 2866 2381 2918 Andream

805 2950 1166 3003 venerabilem
1205 2950 1556 3011 monachum.
1590 2950 1893 3021 Calyhitam
1924 2955 2147 3016 dictum,
2177 2956 2241 3009 ad
2265 2955 2383 3009 Bla-

808 3038 1043 3090 chernas
1077 3038 1438 3101 habitantem,
1467 3040 1519 3092 in
1567 3040 1751 3093 Sancti
1800 3042 2083 3097 Mamantis
2110 3045 2256 3099 circo
2290 3046 2383 3100 ﬂa-

807 3131 959 3199 gellis
1006 3131 1305 3191 interfecit,
1335 3133 1480 3200 quod
1526 3133 1643 3202 ejus
1674 3133 2029 3202 impietatem,
2061 3152 2124 3189 eo
2162 3136 2383 3193 Valente

2487 1946 2543 1999 S.
2579 1947 2838 2015 Stephani
2875 1948 3125 2014 componi
3163 1962 3269 1998 non
3302 1956 3542 2015 possent.
3578 1947 3812 2000 Sanctus
3839 1948 4063 2015 Stepha-

2484 2054 2585 2091 nus
2609 2039 2776 2101 enim,
2816 2051 2874 2091 ut
2921 2054 3018 2092 suo
3048 2039 3167 2091 loco
3220 2039 3590 2107 probabimus,
3627 2056 3655 2091 a
3701 2055 3893 2092 mense
3928 2040 4063 2093 Nm.

2483 2128 2587 2183 763
2617 2146 2784 2193 usque
2812 2130 2875 2181 ad
2910 2130 3069 2181 tinctu
3102 2131 3226 2182 anni
3266 2128 3365 2182 766
3399 2130 3450 2181 in
3492 2130 3683 2183 exsilio
3720 2131 3842 2191 fuit,
3880 2143 3934 2183 et
3962 2134 4062 2183 cii-

2482 2223 2617 2277 citer
2639 2224 2703 2275 ab
2728 2223 2947 2276 ineunte
2977 2221 3240 2275 Januario
3279 2225 3378 2276 767
3407 2241 3529 2276 cum
3562 2224 3843 2292 praedictis
3878 2240 4063 2277 mona-

2480 2316 2600 2370 chis
2650 2316 2701 2368 in
2747 2330 2967 2369 earcere
3034 2314 3271 2366 Praetorii
3333 2315 3673 2367 versabatur.
3728 2314 3804 2367 Ex
3864 2316 4063 2384 quibus

2485 2405 2762 2473 probabile
2794 2406 2849 2456 lit
2878 2413 3005 2457 ante
3029 2404 3129 2457 765
3160 2402 3215 2456 S.
3244 2414 3533 2473 martyrem
3568 2405 3820 2466 Petrum,
3856 2406 3925 2457 de
3962 2421 4065 2473 quo

2488 2504 2694 2559 narrat,
2731 2494 3084 2558 occubuisse;
3119 2510 3239 2546 nam
3288 2496 3547 2563 alioquin,
3580 2499 3670 2563 qui
3718 2512 3835 2549 non
3871 2499 4063 2555 melius

2484 2588 2735 2641 monachi
2773 2588 2830 2642 S.
2876 2587 3178 2655 Stephano,
3212 2603 3369 2655 quam
3424 2588 3511 2640 hic
3559 2588 3684 2648 illis,
3738 2592 4062 2657 martyrium

2485 2681 2625 2734 istud
2661 2678 3249 2744 enarrasseiit?t\"eque
3286 2680 3345 2729 S.
3373 2677 3615 2729 Andreas
3646 2678 3697 2727 in
3746 2676 4065 2731 Blachemis

2486 2786 2650 2839 prope
2686 2770 2893 2838 (Ipolim
2933 2769 3230 2827 habitabat,
3260 2778 3315 2819 ut
3340 2768 3699 2837 Tlicolihanes
3731 2770 3951 2829 scribit,
3979 2771 4064 2823 sed

2483 2878 2547 2915 ex
2580 2860 2737 2914 Creta
2770 2860 3069 2915 adveniens
3108 2858 3171 2911 ad
3220 2858 3547 2912 Blachernas
3580 2874 3638 2911 se
3677 2860 3940 2923 contulit,
3980 2861 4063 2918 ubi

2484 2954 2862 3023 Copronyinus
2895 2953 2946 3005 in
2982 2952 3177 3019 palatio
3226 2967 3324 3003 suo
3358 2950 3473 3003 Divi
3505 2949 3795 3004 Mimantis
3833 2950 3890 3002 in
3929 2967 4066 3003 mar-

2487 3055 2627 3116 tyres
2657 3044 2934 3107 smviebat,
2963 3043 3288 3111 quibuscum
3315 3041 3460 3094 illico
3494 3048 3676 3093 tentus
3698 3050 3806 3093 est.
3839 3041 4067 3095 Testan-

2489 3148 2575 3190 tur
2606 3136 2656 3188 id
2686 3136 2815 3190 Acta
2840 3144 2891 3187 ct
2928 3133 3285 3203 Synaxarium
3321 3146 3482 3199 supra
3522 3131 3754 3184 relatum
3791 3140 3975 3201 (num.
3998 3133 4067 3203 5).

802 3222 1023 3289 juniore
1068 3234 1122 3276 et
1166 3222 1384 3277 Juliano
1436 3226 1689 3289 vocitato,
1728 3227 2027 3295 arguisset;
2059 3228 2178 3295 ejus
2209 3240 2385 3282 autem
2414 3203 2454 3257 C
2490 3227 2599 3280 Nec
2642 3228 2802 3279 etiam
2844 3236 3102 3296 tyrannus
3131 3225 3296 3289 jussit
3344 3238 3469 3276 eum
3508 3239 3677 3290 usque
3716 3227 3782 3275 ad
3841 3240 4066 3279 uiortcm

804 3327 1004 3380 corpus
1063 3314 1116 3365 in
1167 3312 1428 3367 ﬂuentum
1479 3316 1671 3385 projici
1728 3317 1989 3384 jusserat,
2023 3318 2117 3371 sed
2163 3319 2388 3375 Androm

803 3417 1021 3458 sorores
1053 3404 1229 3474 ipsum
1272 3405 1582 3470 eﬂ‘errntes,
1622 3406 1676 3459 in
1728 3406 1980 3462 Leucadii
2028 3413 2268 3479 emporio
2301 3428 2387 3466 se-

804 3496 1037 3564 pulturae
1070 3498 1417 3551 mandarunt.
1448 3498 1514 3551 Et
1541 3513 1693 3551 anno
1714 3502 1899 3554 mundi
1930 3500 2086 3565 6259,
2120 3502 2387 3556 Constan-

808 3588 907 3641 tini
948 3588 1036 3640 27.
1106 3591 1357 3642 Ceterum
1410 3591 1476 3642 ab
1519 3592 1620 3643 hoc
1653 3601 1895 3659 tempore
1931 3592 2117 3658 majori
2170 3598 2385 3651 vesania

806 3681 859 3733 in
891 3692 1109 3735 sanctas
1144 3682 1235 3735 Dei
1267 3682 1539 3736 Ecclesias
1590 3682 1898 3749 ferebatur;
1934 3684 2083 3739 misit
2113 3687 2258 3739 enim
2295 3690 2385 3757 qui

803 3767 1026 3824 Petrum
1080 3775 1451 3825 venerabilem
1504 3774 1741 3843 stylitam
1776 3789 1804 3825 a
1843 3785 1994 3843 petra
2047 3780 2382 3843 exturbaret,

804 3877 1040 3929 eumque
1082 3864 1428 3933 dogmatibus
1460 3865 1573 3918 suis
1600 3876 1973 3936 repugantein,
2014 3870 2196 3925 vivum
2234 3873 2386 3942 pedi-

806 3951 909 4004 bus
937 3954 1205 4016 vinctttm,
1239 3969 1301 4007 ac
1344 3971 1442 4023 per
1479 3954 1686 4009 medias
1720 3958 1867 4010 urbis
1906 3959 2019 4012 vias
2046 3971 2383 4028 pertractnm

807 4043 859 4096 in
889 4045 1098 4114 Pelagia
1134 4045 1325 4113 projlci
1375 4047 1559 4113 jussit,
1589 4047 1726 4100 alios
1759 4063 1887 4101 vero
1929 4050 2381 4116 saccisinclusos,

804 4134 1040 4203 alligatis
1075 4136 1324 4202 pedibus,
1360 4137 1411 4189 in
1444 4152 1593 4189 mare
1628 4137 1892 4209 detnetgi.

883 4227 970 4281 15.
1035 4226 1394 4298 δγηίιχετιειω
1437 4244 1540 4281 suo
1572 4228 1973 4297 Papebrochius
2000 4234 2223 4289 nimium
2252 4237 2385 4290 dim-

804 4318 903 4382 dit,
952 4321 1081 4373 dum
1142 4321 1443 4373 arbitratur
1486 4336 1607 4373 eum
1658 4320 1766 4375 duo
1803 4324 1961 4376 allata
2012 4330 2264 4395 martyria
2326 4329 2379 4381 in

807 4425 975 4463 unum
1011 4410 1314 4473 conti-asse;
1360 4413 1473 4481 ipse
1524 4412 1668 4465 enim
1703 4412 2067 4483 TheOphanes
2097 4418 2183 4471 hic
2214 4434 2380 4472 unum

2492 3318 2670 3388 ﬂagris
2699 3319 2854 3380 eardi,
2891 3327 2948 3370 ιιι
2978 3317 3173 3370 iterum
3209 3314 3574 3383 Theophanes
3620 3316 3840 3377 scribit,
3870 3330 3927 3370 et
3954 3320 4066 3371 dein

2493 3412 2544 3465 in
2578 3412 2839 3465 ﬂuentum
2878 3410 3091 3478 projici,
3127 3408 3219 3462 scd
3258 3409 3549 3462 crudeliter
3579 3412 3787 3476 raptari
3818 3414 4066 3479 perviam

2488 3504 2794 3573 publicam;
2826 3516 2929 3553 nec
2954 3500 3105 3568 (Ipoli
3142 3514 3357 3552 sorores
3382 3514 3507 3550 suas
3543 3500 3749 3551 habere
3785 3504 4065 3570 potuitqrj

2489 3596 2541 3649 in
2573 3592 2732 3648 Creta
2763 3592 3117 3646 monasticam
3148 3593 3312 3643 vitam
3340 3591 3565 3658 degens,
3607 3590 3741 3643 illuc
3773 3598 4068 3644 advenerat

2489 3696 2548 3739 ut
2574 3687 2777 3738 cultum
2805 3686 2906 3739 SS.
2932 3685 3228 3753 imaginum
3260 3698 3443 3737 coram
3469 3694 3703 3751 tyranno
3728 3684 4067 3745 defenderet;

2488 3790 2669 3843 neque
2694 3776 2911 3830 demum
2943 3775 2995 3828 in
3044 3774 3290 3841 emporio
3322 3772 3572 3825 Leucadii
3617 3772 3682 3825 ad
3727 3773 3892 3825 littus
3929 3776 4068 3825 Asia-

2490 3869 2653 3921 ticum
2684 3866 2929 3935 Bospori,
2962 3866 3205 3918 honestaa
3238 3864 3532 3931 sepulturae
3578 3864 3837 3916 mandari
3880 3868 4063 3933 potuit,

2487 3975 2644 4028 quem
2700 3960 2753 4013 in
2798 3961 2910 4027 ipsa
2951 3958 3103 4018 urbe,
3142 3957 3268 4009 dum
3308 3960 3635 4021 raptaretur,
3669 3958 4064 4022 exstiirantent,

2489 4057 2542 4104 in
2575 4052 2751 4105 locum
2794 4047 3257 4108 sordidissimum,
3306 4046 3357 4097 in
3405 4045 3616 4113 Pelagia
3675 4046 3921 4109 scilicet,
3955 4065 4063 4101 cum

2488 4142 2750 4197 maleficis
2779 4143 3077 4213 proiecere,
3110 4154 3382 4210 quemque
3409 4138 3535 4191 dein
3566 4139 3663 4190 viri
3689 4141 3991 4194 orthodoxi
4021 4144 4063 4191 in

2487 4236 2604 4290 loco
2645 4247 2834 4289 sancto
2869 4234 3056 4297 Crisis,
3103 4234 3299 4287 iterum
3340 4231 3392 4284 in
3437 4232 3571 4284 urbe
3620 4230 3764 4297 ipsa,
3793 4234 4049 4300 deposue-

2487 4337 2633 4381 runt.
2683 4328 2812 4388 Quae
2854 4325 3065 4393 singula
3112 4340 3235 4378 cum
3284 4339 3351 4377 ex
3393 4325 3539 4375 Actis
3571 4320 3633 4375 S.
3666 4325 3910 4377 Andreae
3954 4325 4061 4378 luce

2488 4417 2717 4472 clariora
2752 4417 2890 4479 sint,
2911 4416 3263 4468 manifestum
3295 4422 3374 4467 est
3398 4413 3800 4481 Theophanem
3836 4431 3950 4467 non
3978 4418 4061 4465 ad-

816 4511 1106 4571 martyrem
1161 4516 1255 4569 pro
1300 4502 1474 4553 altero
1508 4504 1710 4570 posuit,
1747 4513 1805 4555 ut
1841 4507 2185 4560 manifestum
2232 4512 2288 4561 lit
2320 4524 2384 4562 ex
2418 4531 2459 4582 ι)
2486 4512 2670 4578 juncta
2697 4508 2932 4577 martyrii
2966 4508 3308 4570 immutasse,
3330 4505 3425 4559 sed
3466 4505 3579 4559 sola
3614 4506 3843 4559 nomina
3872 4518 4061 4575 marty-

807 4594 1127 4647 narratione
1154 4592 1215 4647 S.
1247 4595 1511 4663 Stephani
1540 4594 1803 4658 Junioris,
1842 4612 1950 4665 qua
1984 4600 2275 4655 monachus
2303 4616 2385 4655 se-

809 4701 935 4740 cum
971 4688 1025 4739 in
1072 4702 1291 4740 carcere
1330 4689 1573 4741 Prretorii
1598 4705 1742 4743 anno
1774 4690 1874 4744 767
1907 4692 2160 4747 detentos
2196 4696 2260 4749 ad
2292 4712 2386 4765 pa-

814 4778 1058 4833 tientiam
1094 4780 1340 4832 hortatur
1374 4801 1385 4835 :
1419 4778 1650 4835 Sanctus
1683 4782 1803 4835 illos
1833 4783 2042 4844 l‘atres,
2078 4786 2387 4855 inquit,qni

810 4873 953 4941 apud
1008 4886 1107 4923 nos
1154 4872 1317 4923 vitam
1367 4872 1629 4939 martyrio
1680 4873 2054 4937 absolverunt,
2088 4875 2385 4930 imitemur.

812 4963 1075 5017 Sanctum
1105 4962 1256 5016 illum
1286 4963 1612 5015 monachum
1640 4961 1856 5018 Petrum
1880 4965 2026 5029 dico,
2049 4966 2100 5018 in
2134 4966 2387 5022 Blacher-

810 5054 895 5108 nis
922 5055 1190 5109 inclusum
1224 5055 1711 5125 (ἐγκεκλεισμένον
1756 5077 1766 5110 :
1815 5058 2103 5123 inclusum,
2137 5058 2339 5117 Gallice
2372 5080 2385 5117 :

812 5147 1012 5207 reclus,
1048 5161 1155 5213 quo
1209 5161 1373 5199 sensu
1428 5146 1866 5210 frequentissime
1926 5150 2038 5203 haec
2103 5169 2202 5205 vox
2261 5169 2387 5222 pro-

810 5238 926 5300 dit;
970 5251 1251 5307 perperam
1295 5236 1457 5307 igitur
1516 5237 1928 5307 Lipomannus:
1966 5238 2273 5295 Blachernis
2332 5244 2387 5297 in

814 5332 1046 5385 vinculis
1112 5331 1417 5399 conjectum
1488 5334 1576 5399 qui
1639 5341 1762 5388 ante
1833 5331 2183 5400 imperatoris
2261 5352 2390 5389 con‘

816 5434 1059 5493 spectum
1094 5423 1443 5476 intolerandis
1496 5425 1654 5476 boum
1702 5424 1882 5475 nervis
1914 5423 2243 5495 ιβοννεύροις
2298 5445 2389 5481 τυ-

888 5557 999 5627 (10)
1178 5556 1425 5627 Januan,
1461 5573 1513 5627 p.
1555 5557 1678 5611 7J7.

888 5624 999 5698 (41)
1036 5624 1150 5698 T._|
1184 5625 1350 5689 Junii,
1382 5624 1589 5696 p.168.
1624 5626 1735 5681 Cir.
1774 5627 1857 5681 ῑ.1
1892 5630 2144 5693 Januar.,
2176 5631 2211 5682 l.
2252 5650 2299 5686 c.
2336 5642 2387 5693 et

816 5695 1069 5753 Analecta
1097 5695 1136 5749 (ἓ
1149 5710 1304 5758 raeca,
1331 5695 1391 5762 p.’
1416 5699 1536 5753 505.

889 5767 998 5832 ita)
1036 5766 1097 5821 T.
1139 5766 1203 5820 ιιι
1241 5764 1383 5831 Maii,
1424 5784 1476 5835 ιι.
1505 5769 1628 5823 093.

2494 4616 2611 4653 rum
2647 4598 3071 4668 trausposuisse.
3106 4599 3280 4665 Atque
3318 4597 3433 4649 haec
3466 4598 3685 4655 iterum.
3724 4611 3838 4648 non
3872 4598 4058 4653 diem,

2490 4695 2898 4757 conﬁrmantur,
2930 4691 3024 4745 se'd
3077 4704 3199 4743 vere
3246 4676 3695 4741 demonstrantur
3724 4701 3790 4739 ex
3846 4688 3915 4739 iis
3954 4703 4061 4753 quae

2491 4787 2652 4838 habet
2676 4783 3037 4853 Menologiunt
3071 4780 3253 4834 Basilii
3286 4780 3349 4832 ad
3378 4793 3546 4829 xxviii
3569 4777 3901 4831 Novembris
3928 4789 4062 4848 post.

2489 4892 2649 4944 quam
2704 4878 2770 4929 de
2823 4876 2879 4927 S.
2933 4875 3212 4943 Stephano
3281 4871 3503 4924 Juniorc
3552 4870 3683 4940 egit.
3722 4868 4060 4923 Similiteret

2494 4968 2553 5023 S.
2602 4968 2845 5022 Andreas
2893 4968 2968 5035 (in
3004 4965 3165 5031 Crisi)
3200 4964 3436 5023 vinctus,
3480 4972 3866 5029 raptatusque,
3902 4975 3933 5012 e
3966 4958 4059 5011 vita

2490 5062 2741 5118 excessit.
2779 5060 2846 5113 At
2873 5068 3093 5112 sanctus
3140 5055 3331 5108 Petrus
3365 5054 3453 5122 (de
3504 5051 3852 5117 Blachernis)
3882 5052 3935 5104 in
3958 5067 4061 5104 ear-

2490 5172 2669 5210 cerem
2711 5155 2861 5223 prius
2890 5151 3187 5219 coniectus,
3216 5146 3413 5201 deinde
3458 5146 3712 5204 eductus,
3745 5144 3950 5197 tamdiu
3983 5142 4060 5195 ila-

2494 5248 2645 5317 gellis
2682 5246 2930 5307 caeditur,
2970 5244 3146 5296 donec
3196 5237 3447 5308 spiritum
3501 5235 3613 5288 Deo
3656 5236 3909 5291 tradidit.
3936 5237 4055 5290 Nam

2491 5347 2670 5391 autem
2707 5335 2766 5390 S.
2792 5335 3036 5389 Andreas
3065 5331 3254 5401 Stylita
3292 5331 3396 5385 dici
3432 5326 3626 5396 possit,
3662 5327 3807 5383 infra
3844 5331 4058 5399 inquin-

2493 5444 2629 5485 mus.
2664 5430 2735 5483 De
2761 5428 3018 5498 Calyhitce
3064 5440 3191 5481 vero
3239 5421 3571 5490 cognomine
3601 5436 3729 5476 cum
3760 5423 3918 5494 plura
3948 5433 4060 5471 ron-

2562 5566 2672 5635 (ltS)
2701 5564 3049 5638 'l‘heophan.,
3083 5574 3122 5618 t.
3161 5562 3199 5620 I.
3220 5558 3450 5638 _p._667.

2561 5631 2672 5702 (‘45)
2708 5631 2871 5688 Anal.
2895 5634 3099 5695 Gratca,
3128 5648 3179 5701 p.
3217 5631 3341 5702 507.

2562 5701 2670 5777 (45)
2706 5705 2817 5761 Cir.
2853 5716 2888 5759 t.
2923 5705 2965 5758 11
2994 5704 3158 5766 Junii,
3187 5717 3241 5756 0.
3280 5701 3403 5768 788,
3440 5718 3495 5753 ιι.
3525 5702 3583 5756 9.
