  <div class='ocr_page' id='page_1' title='image "/cluster/home/n/w/nwhite01/storage/ocr_20150623/115/pst.000005714285/670.png"; bbox 0 0 4178 6316; ppageno 0'>
   <div class='ocr_carea' id='block_1_1' title="bbox 216 373 353 435">
    <p class='ocr_par' dir='ltr' id='par_1_1' title="bbox 216 373 353 435">
     <span class='ocr_line' id='line_1_1' title="bbox 216 373 353 435; baseline -0.036 0"><span class='ocrx_word' id='word_1_1' title='bbox 216 373 353 435; x_wconf 80' lang='grc'><strong>1093</strong></span> 
     </span>
    </p>
   </div>
   <div class='ocr_carea' id='block_1_2' title="bbox 1327 354 2355 420">
    <p class='ocr_par' dir='ltr' id='par_1_2' title="bbox 1327 354 2355 420">
     <span class='ocr_line' id='line_1_2' title="bbox 1327 354 2355 420; baseline -0.006 0"><span class='ocrx_word' id='word_1_2' title='bbox 1327 357 1495 420; x_wconf 79' lang='lat' dir='ltr'><strong>VITA</strong></span> <span class='ocrx_word' id='word_1_3' title='bbox 1539 357 1597 417; x_wconf 93' lang='lat' dir='ltr'><strong>S.</strong></span> <span class='ocrx_word' id='word_1_4' title='bbox 1640 355 1965 415; x_wconf 65' lang='lat' dir='ltr'><strong>ANDREAZ</strong></span> <span class='ocrx_word' id='word_1_5' title='bbox 2013 354 2090 413; x_wconf 74' lang='lat' dir='ltr'><strong>IN</strong></span> <span class='ocrx_word' id='word_1_6' title='bbox 2130 355 2355 414; x_wconf 79' lang='lat' dir='ltr'><strong>CRlSI.</strong></span> 
     </span>
    </p>
   </div>
   <div class='ocr_carea' id='block_1_3' title="bbox 3317 358 3450 424">
    <p class='ocr_par' dir='ltr' id='par_1_3' title="bbox 3317 358 3450 424">
     <span class='ocr_line' id='line_1_3' title="bbox 3317 358 3450 424; baseline 0.023 -5"><span class='ocrx_word' id='word_1_7' title='bbox 3317 358 3450 424; x_wconf 76' lang='grc'><strong>1094</strong></span> 
     </span>
    </p>
   </div>
   <div class='ocr_carea' id='block_1_4' title="bbox 209 469 3451 554">
    <p class='ocr_par' dir='ltr' id='par_1_4' title="bbox 209 469 3451 554">
     <span class='ocr_line' id='line_1_4' title="bbox 209 469 3451 554; baseline -0.003 -17"><span class='ocrx_word' id='word_1_8' title='bbox 209 483 435 554; x_wconf 69' lang='lat' dir='ltr'><strong>gesserit</strong></span> <span class='ocrx_word' id='word_1_9' title='bbox 495 478 785 534; x_wconf 82' lang='lat' dir='ltr'><strong>Bollandus</strong></span> <span class='ocrx_word' id='word_1_10' title='bbox 834 477 897 531; x_wconf 90' lang='lat' dir='ltr'><strong>ad</strong></span> <span class='ocrx_word' id='word_1_11' title='bbox 948 477 1087 530; x_wconf 83' lang='lat' dir='ltr'><strong>diem</strong></span> <span class='ocrx_word' id='word_1_12' title='bbox 1146 490 1208 527; x_wconf 73' lang='lat' dir='ltr'><strong>xv</strong></span> <span class='ocrx_word' id='word_1_13' title='bbox 1258 471 1522 533; x_wconf 79' lang='lat' dir='ltr'><strong>Januarii,</strong></span> <span class='ocrx_word' id='word_1_14' title='bbox 1567 469 1657 523; x_wconf 86' lang='lat' dir='ltr'><strong>tibi</strong></span> <span class='ocrx_word' id='word_1_15' title='bbox 1713 470 1778 522; x_wconf 87' lang='lat' dir='ltr'><strong>de</strong></span> <span class='ocrx_word' id='word_1_16' title='bbox 1816 499 1856 549; x_wconf 57' lang='grc' dir='ltr'><strong>Δ</strong></span> <span class='ocrx_word' id='word_1_17' title='bbox 1910 470 2118 529; x_wconf 64' lang='lat' dir='ltr'><strong>Phocea.</strong></span> <span class='ocrx_word' id='word_1_18' title='bbox 2143 471 2225 525; x_wconf 84' lang='lat' dir='ltr'><strong>cui</strong></span> <span class='ocrx_word' id='word_1_19' title='bbox 2261 484 2398 523; x_wconf 91' lang='lat' dir='ltr'><strong>unus</strong></span> <span class='ocrx_word' id='word_1_20' title='bbox 2431 484 2600 523; x_wconf 87' lang='lat' dir='ltr'><strong>annus</strong></span> <span class='ocrx_word' id='word_1_21' title='bbox 2626 472 2895 525; x_wconf 83' lang='lat' dir='ltr'><strong>detractus</strong></span> <span class='ocrx_word' id='word_1_22' title='bbox 2923 483 3003 524; x_wconf 82' lang='lat' dir='ltr'><strong>est</strong></span> <span class='ocrx_word' id='word_1_23' title='bbox 3031 472 3163 539; x_wconf 69' lang='grc'><strong>(19),</strong></span> <span class='ocrx_word' id='word_1_24' title='bbox 3199 477 3451 541; x_wconf 79' lang='lat' dir='ltr'><strong>usquead</strong></span> 
     </span>
    </p>
   </div>
   <div class='ocr_carea' id='block_1_5' title="bbox 207 562 1778 641">
    <p class='ocr_par' dir='ltr' id='par_1_5' title="bbox 207 562 1778 641">
     <span class='ocr_line' id='line_1_5' title="bbox 207 562 1778 641; baseline -0.011 -12"><span class='ocrx_word' id='word_1_25' title='bbox 207 575 419 629; x_wconf 83' lang='lat' dir='ltr'><strong>Joanne</strong></span> <span class='ocrx_word' id='word_1_26' title='bbox 458 572 719 641; x_wconf 74' lang='lat' dir='ltr'><strong>Ctlybita,</strong></span> <span class='ocrx_word' id='word_1_27' title='bbox 748 572 877 623; x_wconf 79' lang='lat' dir='ltr'><strong>satis</strong></span> <span class='ocrx_word' id='word_1_28' title='bbox 898 569 1001 621; x_wconf 77' lang='lat' dir='ltr'><strong>erit</strong></span> <span class='ocrx_word' id='word_1_29' title='bbox 1031 568 1117 619; x_wconf 86' lang='lat' dir='ltr'><strong>hic</strong></span> <span class='ocrx_word' id='word_1_30' title='bbox 1137 564 1335 618; x_wconf 72' lang='lat' dir='ltr'><strong>dixisse</strong></span> <span class='ocrx_word' id='word_1_31' title='bbox 1372 562 1499 615; x_wconf 91' lang='lat' dir='ltr'><strong>illud</strong></span> <span class='ocrx_word' id='word_1_32' title='bbox 1530 576 1559 615; x_wconf 90' lang='lat' dir='ltr'><strong>a</strong></span> <span class='ocrx_word' id='word_1_33' title='bbox 1588 562 1778 615; x_wconf 86' lang='lat' dir='ltr'><strong>vocula</strong></span> 
     </span>
    </p>
   </div>
   <div class='ocr_carea' id='block_1_6' title="bbox 212 653 1779 734">
    <p class='ocr_par' dir='ltr' id='par_1_6' title="bbox 212 653 1779 734">
     <span class='ocr_line' id='line_1_6' title="bbox 212 653 1779 734; baseline -0.008 -17"><span class='ocrx_word' id='word_1_34' title='bbox 212 654 469 734; x_wconf 75' lang='grc' dir='ltr'><strong>Κοῖλύϐη,</strong></span> <span class='ocrx_word' id='word_1_35' title='bbox 508 678 625 732; x_wconf 64' lang='lat' dir='ltr'><strong>quia</strong></span> <span class='ocrx_word' id='word_1_36' title='bbox 674 673 754 714; x_wconf 87' lang='lat' dir='ltr'><strong>ast</strong></span> <span class='ocrx_word' id='word_1_37' title='bbox 819 660 1089 729; x_wconf 83' lang='lat' dir='ltr'><strong>tugurium</strong></span> <span class='ocrx_word' id='word_1_38' title='bbox 1140 655 1443 724; x_wconf 78' lang='lat' dir='ltr'><strong>signilicat,</strong></span> <span class='ocrx_word' id='word_1_39' title='bbox 1490 653 1779 707; x_wconf 87' lang='lat' dir='ltr'><strong>deductum</strong></span> 
     </span>
    </p>
   </div>
   <div class='ocr_carea' id='block_1_7' title="bbox 213 744 1784 822">
    <p class='ocr_par' dir='ltr' id='par_1_7' title="bbox 213 744 1784 822">
     <span class='ocr_line' id='line_1_7' title="bbox 213 744 1784 822; baseline -0.01 -11"><span class='ocrx_word' id='word_1_40' title='bbox 213 759 408 821; x_wconf 82' lang='lat' dir='ltr'><strong>fuisse,</strong></span> <span class='ocrx_word' id='word_1_41' title='bbox 442 758 512 810; x_wconf 91' lang='lat' dir='ltr'><strong>ita</strong></span> <span class='ocrx_word' id='word_1_42' title='bbox 557 766 613 809; x_wconf 91' lang='lat' dir='ltr'><strong>ut</strong></span> <span class='ocrx_word' id='word_1_43' title='bbox 648 754 919 822; x_wconf 69' lang='lat' dir='ltr'><strong>Calybitcs</strong></span> <span class='ocrx_word' id='word_1_44' title='bbox 948 752 1031 804; x_wconf 91' lang='lat' dir='ltr'><strong>illc</strong></span> <span class='ocrx_word' id='word_1_45' title='bbox 1065 751 1133 804; x_wconf 90' lang='lat' dir='ltr'><strong>sit</strong></span> <span class='ocrx_word' id='word_1_46' title='bbox 1165 748 1256 817; x_wconf 86' lang='lat' dir='ltr'><strong>qni</strong></span> <span class='ocrx_word' id='word_1_47' title='bbox 1295 749 1348 801; x_wconf 90' lang='lat' dir='ltr'><strong>in</strong></span> <span class='ocrx_word' id='word_1_48' title='bbox 1388 746 1600 816; x_wconf 78' lang='lat' dir='ltr'><strong>tugurio</strong></span> <span class='ocrx_word' id='word_1_49' title='bbox 1634 744 1784 797; x_wconf 85' lang='lat' dir='ltr'><strong>habi-</strong></span> 
     </span>
    </p>
   </div>
   <div class='ocr_carea' id='block_1_8' title="bbox 213 841 1785 914">
    <p class='ocr_par' dir='ltr' id='par_1_8' title="bbox 213 841 1785 914">
     <span class='ocr_line' id='line_1_8' title="bbox 213 841 1785 914; baseline -0.009 -9"><span class='ocrx_word' id='word_1_50' title='bbox 213 860 312 905; x_wconf 83' lang='lat' dir='ltr'><strong>tat.</strong></span> <span class='ocrx_word' id='word_1_51' title='bbox 345 848 513 914; x_wconf 85' lang='lat' dir='ltr'><strong>Quam</strong></span> <span class='ocrx_word' id='word_1_52' title='bbox 546 857 689 901; x_wconf 82' lang='lat' dir='ltr'><strong>recte</strong></span> <span class='ocrx_word' id='word_1_53' title='bbox 746 862 872 899; x_wconf 85' lang='lat' dir='ltr'><strong>vero</strong></span> <span class='ocrx_word' id='word_1_54' title='bbox 922 843 976 897; x_wconf 87' lang='grc'><strong>5.</strong></span> <span class='ocrx_word' id='word_1_55' title='bbox 1024 842 1217 895; x_wconf 84' lang='lat' dir='ltr'><strong>Petrus</strong></span> <span class='ocrx_word' id='word_1_56' title='bbox 1272 841 1373 893; x_wconf 90' lang='lat' dir='ltr'><strong>hoc</strong></span> <span class='ocrx_word' id='word_1_57' title='bbox 1428 848 1785 908; x_wconf 80' lang='lat' dir='ltr'><strong>cognomento</strong></span> 
     </span>
    </p>
   </div>
   <div class='ocr_carea' id='block_1_9' title="bbox 216 933 1783 1012">
    <p class='ocr_par' dir='ltr' id='par_1_9' title="bbox 216 933 1783 1012">
     <span class='ocr_line' id='line_1_9' title="bbox 216 933 1783 1012; baseline -0.008 -18"><span class='ocrx_word' id='word_1_58' title='bbox 216 944 546 1012; x_wconf 80' lang='lat' dir='ltr'><strong>insigniatur</strong></span> <span class='ocrx_word' id='word_1_59' title='bbox 578 957 737 1011; x_wconf 82' lang='lat' dir='ltr'><strong>quem</strong></span> <span class='ocrx_word' id='word_1_60' title='bbox 778 940 831 993; x_wconf 89' lang='lat' dir='ltr'><strong>S.</strong></span> <span class='ocrx_word' id='word_1_61' title='bbox 863 937 1170 1005; x_wconf 77' lang='lat' dir='ltr'><strong>Stephanus</strong></span> <span class='ocrx_word' id='word_1_62' title='bbox 1203 933 1436 1003; x_wconf 87' lang='lat' dir='ltr'><strong>appellat</strong></span> <span class='ocrx_word' id='word_1_63' title='bbox 1479 933 1580 985; x_wconf 74' lang='grc' dir='ltr'><strong>Τὸν</strong></span> <span class='ocrx_word' id='word_1_64' title='bbox 1619 933 1783 995; x_wconf 75' lang='grc' dir='ltr'><strong>ὅσιον,</strong></span> 
     </span>
    </p>
   </div>
   <div class='ocr_carea' id='block_1_10' title="bbox 214 1023 1785 1102">
    <p class='ocr_par' dir='ltr' id='par_1_10' title="bbox 214 1023 1785 1102">
     <span class='ocr_line' id='line_1_10' title="bbox 214 1023 1785 1102; baseline -0.005 -19"><span class='ocrx_word' id='word_1_65' title='bbox 214 1035 309 1084; x_wconf 71' lang='grc' dir='ltr'><strong>τὸν</strong></span> <span class='ocrx_word' id='word_1_66' title='bbox 372 1035 429 1084; x_wconf 81' lang='grc' dir='ltr'><strong>ὲν</strong></span> <span class='ocrx_word' id='word_1_67' title='bbox 488 1032 817 1102; x_wconf 66' lang='grc' dir='ltr'><strong>Βλαχέρναις</strong></span> <span class='ocrx_word' id='word_1_68' title='bbox 868 1026 1362 1095; x_wconf 57' lang='grc' dir='ltr'><strong>ἐγκεκλεισμένον,</strong></span> <span class='ocrx_word' id='word_1_69' title='bbox 1422 1024 1562 1077; x_wconf 86' lang='lat' dir='ltr'><strong>sicut</strong></span> <span class='ocrx_word' id='word_1_70' title='bbox 1613 1023 1785 1091; x_wconf 82' lang='lat' dir='ltr'><strong>ipsum</strong></span> 
     </span>
    </p>
   </div>
   <div class='ocr_carea' id='block_1_11' title="bbox 217 1114 1787 1192">
    <p class='ocr_par' dir='ltr' id='par_1_11' title="bbox 217 1114 1787 1192">
     <span class='ocr_line' id='line_1_11' title="bbox 217 1114 1787 1192; baseline -0.006 -17"><span class='ocrx_word' id='word_1_71' title='bbox 217 1124 276 1175; x_wconf 85' lang='lat' dir='ltr'><strong>S.</strong></span> <span class='ocrx_word' id='word_1_72' title='bbox 323 1123 656 1192; x_wconf 77' lang='lat' dir='ltr'><strong>Stephanum</strong></span> <span class='ocrx_word' id='word_1_73' title='bbox 712 1119 1073 1188; x_wconf 78' lang='lat' dir='ltr'><strong>Theophanes</strong></span> <span class='ocrx_word' id='word_1_74' title='bbox 1127 1117 1304 1171; x_wconf 89' lang='lat' dir='ltr'><strong>dicit:</strong></span> <span class='ocrx_word' id='word_1_75' title='bbox 1337 1114 1427 1167; x_wconf 69' lang='grc' dir='ltr'><strong>τὸν</strong></span> <span class='ocrx_word' id='word_1_76' title='bbox 1474 1114 1787 1181; x_wconf 72' lang='grc' dir='ltr'>ἕγκλειστον</span> 
     </span>
    </p>
   </div>
   <div class='ocr_carea' id='block_1_12' title="bbox 216 1205 1789 1279">
    <p class='ocr_par' dir='ltr' id='par_1_12' title="bbox 216 1205 1789 1279">
     <span class='ocr_line' id='line_1_12' title="bbox 216 1205 1789 1279; baseline -0.004 -14"><span class='ocrx_word' id='word_1_77' title='bbox 216 1215 351 1268; x_wconf 74' lang='grc' dir='ltr'>ὅντα</span> <span class='ocrx_word' id='word_1_78' title='bbox 375 1219 453 1277; x_wconf 81' lang='grc' dir='ltr'><strong>εἰς</strong></span> <span class='ocrx_word' id='word_1_79' title='bbox 499 1216 591 1267; x_wconf 61' lang='grc' dir='ltr'><strong>τὴν</strong></span> <span class='ocrx_word' id='word_1_80' title='bbox 624 1215 775 1279; x_wconf 71' lang='grc' dir='ltr'>ἄτιον</span> <span class='ocrx_word' id='word_1_81' title='bbox 804 1212 1089 1275; x_wconf 71' lang='grc' dir='ltr'><strong>Αὺξέντιον</strong></span> <span class='ocrx_word' id='word_1_82' title='bbox 1116 1210 1138 1279; x_wconf 73' lang='lat'><strong>(</strong></span> <span class='ocrx_word' id='word_1_83' title='bbox 1164 1207 1305 1275; x_wconf 87' lang='lat' dir='ltr'><strong>quod</strong></span> <span class='ocrx_word' id='word_1_84' title='bbox 1347 1221 1541 1259; x_wconf 86' lang='lat' dir='ltr'><strong>nomen</strong></span> <span class='ocrx_word' id='word_1_85' title='bbox 1589 1205 1789 1259; x_wconf 90' lang='lat' dir='ltr'><strong>montis</strong></span> 
     </span>
    </p>
   </div>
   <div class='ocr_carea' id='block_1_13' title="bbox 217 1301 1000 1370">
    <p class='ocr_par' dir='ltr' id='par_1_13' title="bbox 217 1301 1000 1370">
     <span class='ocr_line' id='line_1_13' title="bbox 217 1301 1000 1370; baseline -0.006 -12"><span class='ocrx_word' id='word_1_86' title='bbox 217 1314 346 1370; x_wconf 73' lang='lat' dir='ltr'><strong>est),</strong></span> <span class='ocrx_word' id='word_1_87' title='bbox 381 1318 539 1360; x_wconf 86' lang='lat' dir='ltr'><strong>nemo</strong></span> <span class='ocrx_word' id='word_1_88' title='bbox 565 1320 669 1357; x_wconf 88' lang='lat' dir='ltr'><strong>non</strong></span> <span class='ocrx_word' id='word_1_89' title='bbox 704 1304 851 1355; x_wconf 85' lang='lat' dir='ltr'><strong>videt</strong></span> <span class='ocrx_word' id='word_1_90' title='bbox 889 1301 1000 1370; x_wconf 71' lang='grc'><strong>(16)</strong></span> 
     </span>
    </p>
   </div>
   <div class='ocr_carea' id='block_1_14' title="bbox 298 1387 1781 1461">
    <p class='ocr_par' dir='ltr' id='par_1_14' title="bbox 298 1387 1781 1461">
     <span class='ocr_line' id='line_1_14' title="bbox 298 1387 1781 1461; baseline -0.004 -14"><span class='ocrx_word' id='word_1_91' title='bbox 298 1395 381 1447; x_wconf 84' lang='lat'><strong>16.</strong></span> <span class='ocrx_word' id='word_1_92' title='bbox 437 1395 542 1447; x_wconf 81' lang='lat' dir='ltr'><strong>Sed</strong></span> <span class='ocrx_word' id='word_1_93' title='bbox 595 1392 864 1461; x_wconf 88' lang='lat' dir='ltr'><strong>quomodo</strong></span> <span class='ocrx_word' id='word_1_94' title='bbox 908 1391 1267 1460; x_wconf 73' lang='lat' dir='ltr'><strong>Theophanes</strong></span> <span class='ocrx_word' id='word_1_95' title='bbox 1311 1391 1363 1441; x_wconf 89' lang='lat' dir='ltr'><strong>in</strong></span> <span class='ocrx_word' id='word_1_96' title='bbox 1415 1389 1555 1441; x_wconf 87' lang='lat' dir='ltr'><strong>hanc</strong></span> <span class='ocrx_word' id='word_1_97' title='bbox 1592 1387 1781 1441; x_wconf 80' lang='lat' dir='ltr'><strong>conlu-</strong></span> 
     </span>
    </p>
   </div>
   <div class='ocr_carea' id='block_1_15' title="bbox 218 1479 1792 1540">
    <p class='ocr_par' dir='ltr' id='par_1_15' title="bbox 218 1479 1792 1540">
     <span class='ocr_line' id='line_1_15' title="bbox 218 1479 1792 1540; baseline -0.006 0"><span class='ocrx_word' id='word_1_98' title='bbox 218 1490 430 1540; x_wconf 84' lang='lat' dir='ltr'><strong>sionem</strong></span> <span class='ocrx_word' id='word_1_99' title='bbox 463 1485 721 1537; x_wconf 84' lang='lat' dir='ltr'><strong>devenit?</strong></span> <span class='ocrx_word' id='word_1_100' title='bbox 770 1483 877 1536; x_wconf 85' lang='lat' dir='ltr'><strong>Nos</strong></span> <span class='ocrx_word' id='word_1_101' title='bbox 923 1483 1079 1535; x_wconf 89' lang='lat' dir='ltr'><strong>aliam</strong></span> <span class='ocrx_word' id='word_1_102' title='bbox 1133 1496 1351 1536; x_wconf 80' lang='lat' dir='ltr'><strong>causam</strong></span> <span class='ocrx_word' id='word_1_103' title='bbox 1388 1494 1497 1533; x_wconf 89' lang='lat' dir='ltr'><strong>non</strong></span> <span class='ocrx_word' id='word_1_104' title='bbox 1540 1479 1792 1532; x_wconf 77' lang='lat' dir='ltr'><strong>novimus</strong></span> 
     </span>
    </p>
   </div>
   <div class='ocr_carea' id='block_1_16' title="bbox 220 1569 1792 1645">
    <p class='ocr_par' dir='ltr' id='par_1_16' title="bbox 220 1569 1792 1645">
     <span class='ocr_line' id='line_1_16' title="bbox 220 1569 1792 1645; baseline -0.007 -14"><span class='ocrx_word' id='word_1_105' title='bbox 220 1579 324 1631; x_wconf 84' lang='lat' dir='ltr'><strong>nisi</strong></span> <span class='ocrx_word' id='word_1_106' title='bbox 360 1576 501 1645; x_wconf 89' lang='lat' dir='ltr'><strong>quod</strong></span> <span class='ocrx_word' id='word_1_107' title='bbox 535 1587 664 1629; x_wconf 90' lang='lat' dir='ltr'><strong>tunc</strong></span> <span class='ocrx_word' id='word_1_108' title='bbox 695 1574 1010 1627; x_wconf 72' lang='lat' dir='ltr'><strong>adolescens</strong></span> <span class='ocrx_word' id='word_1_109' title='bbox 1038 1573 1198 1627; x_wconf 80' lang='lat' dir='ltr'><strong>fuerit</strong></span> <span class='ocrx_word' id='word_1_110' title='bbox 1225 1571 1398 1633; x_wconf 81' lang='lat' dir='ltr'><strong>valde,</strong></span> <span class='ocrx_word' id='word_1_111' title='bbox 1426 1580 1486 1623; x_wconf 91' lang='lat' dir='ltr'><strong>ut</strong></span> <span class='ocrx_word' id='word_1_112' title='bbox 1520 1569 1633 1638; x_wconf 88' lang='lat' dir='ltr'><strong>ipse</strong></span> <span class='ocrx_word' id='word_1_113' title='bbox 1666 1584 1792 1637; x_wconf 91' lang='lat' dir='ltr'><strong>pro-</strong></span> 
     </span>
    </p>
   </div>
   <div class='ocr_carea' id='block_1_17' title="bbox 220 1657 1791 1734">
    <p class='ocr_par' dir='ltr' id='par_1_17' title="bbox 220 1657 1791 1734">
     <span class='ocr_line' id='line_1_17' title="bbox 220 1657 1791 1734; baseline -0.007 -15"><span class='ocrx_word' id='word_1_114' title='bbox 220 1669 303 1721; x_wconf 88' lang='lat' dir='ltr'><strong>dit</strong></span> <span class='ocrx_word' id='word_1_115' title='bbox 334 1668 397 1720; x_wconf 87' lang='lat' dir='ltr'><strong>ad</strong></span> <span class='ocrx_word' id='word_1_116' title='bbox 439 1667 502 1719; x_wconf 82' lang='lat' dir='ltr'><strong>A.</strong></span> <span class='ocrx_word' id='word_1_117' title='bbox 533 1665 594 1718; x_wconf 89' lang='lat' dir='ltr'><strong>C.</strong></span> <span class='ocrx_word' id='word_1_118' title='bbox 640 1664 741 1718; x_wconf 78' lang='lat' dir='ltr'><strong>7G3</strong></span> <span class='ocrx_word' id='word_1_119' title='bbox 772 1664 894 1734; x_wconf 80' lang='lat' dir='ltr'><strong>(ipsi</strong></span> <span class='ocrx_word' id='word_1_120' title='bbox 932 1678 1132 1716; x_wconf 89' lang='lat' dir='ltr'><strong>annum</strong></span> <span class='ocrx_word' id='word_1_121' title='bbox 1174 1660 1356 1714; x_wconf 90' lang='lat' dir='ltr'><strong>mundi</strong></span> <span class='ocrx_word' id='word_1_122' title='bbox 1389 1658 1549 1728; x_wconf 69' lang='lat'><strong>69.55)</strong></span> <span class='ocrx_word' id='word_1_123' title='bbox 1580 1659 1705 1711; x_wconf 91' lang='lat' dir='ltr'><strong>dum</strong></span> <span class='ocrx_word' id='word_1_124' title='bbox 1739 1657 1791 1708; x_wconf 90' lang='lat' dir='ltr'><strong>in</strong></span> 
     </span>
    </p>
   </div>
   <div class='ocr_carea' id='block_1_18' title="bbox 221 1750 1793 1827">
    <p class='ocr_par' dir='ltr' id='par_1_18' title="bbox 221 1750 1793 1827">
     <span class='ocr_line' id='line_1_18' title="bbox 221 1750 1793 1827; baseline -0.005 -18"><span class='ocrx_word' id='word_1_125' title='bbox 221 1758 358 1811; x_wconf 88' lang='lat' dir='ltr'><strong>mari</strong></span> <span class='ocrx_word' id='word_1_126' title='bbox 394 1758 561 1827; x_wconf 80' lang='lat' dir='ltr'><strong>glacie</strong></span> <span class='ocrx_word' id='word_1_127' title='bbox 608 1755 904 1808; x_wconf 86' lang='lat' dir='ltr'><strong>constricto</strong></span> <span class='ocrx_word' id='word_1_128' title='bbox 931 1769 1050 1806; x_wconf 91' lang='lat' dir='ltr'><strong>cum</strong></span> <span class='ocrx_word' id='word_1_129' title='bbox 1104 1752 1286 1820; x_wconf 88' lang='lat' dir='ltr'><strong>pueris</strong></span> <span class='ocrx_word' id='word_1_130' title='bbox 1319 1766 1375 1803; x_wconf 90' lang='lat' dir='ltr'><strong>se</strong></span> <span class='ocrx_word' id='word_1_131' title='bbox 1424 1750 1616 1803; x_wconf 80' lang='lat' dir='ltr'><strong>lusisse</strong></span> <span class='ocrx_word' id='word_1_132' title='bbox 1647 1765 1793 1802; x_wconf 89' lang='lat' dir='ltr'><strong>com-</strong></span> 
     </span>
    </p>
   </div>
   <div class='ocr_carea' id='block_1_19' title="bbox 1889 560 3455 633">
    <p class='ocr_par' dir='ltr' id='par_1_19' title="bbox 1889 560 3455 633">
     <span class='ocr_line' id='line_1_19' title="bbox 1889 560 3455 633; baseline 0.003 -18"><span class='ocrx_word' id='word_1_133' title='bbox 1889 579 2088 615; x_wconf 83' lang='lat' dir='ltr'><strong>annum</strong></span> <span class='ocrx_word' id='word_1_134' title='bbox 2145 561 2391 613; x_wconf 89' lang='lat' dir='ltr'><strong>ultimum</strong></span> <span class='ocrx_word' id='word_1_135' title='bbox 2446 560 2797 633; x_wconf 73' lang='lat' dir='ltr'><strong>Copronymi,</strong></span> <span class='ocrx_word' id='word_1_136' title='bbox 2826 562 2914 616; x_wconf 89' lang='lat' dir='ltr'><strong>ubi</strong></span> <span class='ocrx_word' id='word_1_137' title='bbox 2961 577 3111 615; x_wconf 88' lang='lat' dir='ltr'><strong>error</strong></span> <span class='ocrx_word' id='word_1_138' title='bbox 3143 565 3455 631; x_wconf 78' lang='lat' dir='ltr'><strong>praecedens</strong></span> 
     </span>
    </p>
   </div>
   <div class='ocr_carea' id='block_1_20' title="bbox 1886 652 3450 722">
    <p class='ocr_par' dir='ltr' id='par_1_20' title="bbox 1886 652 3450 722">
     <span class='ocr_line' id='line_1_20' title="bbox 1886 652 3450 722; baseline 0 -14"><span class='ocrx_word' id='word_1_139' title='bbox 1886 668 2027 708; x_wconf 84' lang='lat' dir='ltr'><strong>novo</strong></span> <span class='ocrx_word' id='word_1_140' title='bbox 2063 667 2247 707; x_wconf 89' lang='lat' dir='ltr'><strong>errore</strong></span> <span class='ocrx_word' id='word_1_141' title='bbox 2280 653 2477 722; x_wconf 77' lang='lat' dir='ltr'><strong>tegitur</strong></span> <span class='ocrx_word' id='word_1_142' title='bbox 2504 652 2643 720; x_wconf 70' lang='lat'><strong>{50),</strong></span> <span class='ocrx_word' id='word_1_143' title='bbox 2674 654 2755 707; x_wconf 87' lang='lat' dir='ltr'><strong>vel</strong></span> <span class='ocrx_word' id='word_1_144' title='bbox 2788 669 2959 707; x_wconf 88' lang='lat' dir='ltr'><strong>annos</strong></span> <span class='ocrx_word' id='word_1_145' title='bbox 2983 656 3164 707; x_wconf 91' lang='lat' dir='ltr'><strong>mundi</strong></span> <span class='ocrx_word' id='word_1_146' title='bbox 3202 658 3282 709; x_wconf 78' lang='lat' dir='ltr'><strong>vel</strong></span> <span class='ocrx_word' id='word_1_147' title='bbox 3312 656 3450 709; x_wconf 81' lang='lat' dir='ltr'><strong>indi-</strong></span> 
     </span>
    </p>
   </div>
   <div class='ocr_carea' id='block_1_21' title="bbox 1885 742 3453 814">
    <p class='ocr_par' dir='ltr' id='par_1_21' title="bbox 1885 742 3453 814">
     <span class='ocr_line' id='line_1_21' title="bbox 1885 742 3453 814; baseline 0.002 -18"><span class='ocrx_word' id='word_1_148' title='bbox 1885 745 2091 796; x_wconf 86' lang='lat' dir='ltr'><strong>ctiones</strong></span> <span class='ocrx_word' id='word_1_149' title='bbox 2118 750 2379 810; x_wconf 86' lang='lat' dir='ltr'><strong>perpetuo</strong></span> <span class='ocrx_word' id='word_1_150' title='bbox 2419 742 2746 807; x_wconf 83' lang='lat' dir='ltr'><strong>claudicare,</strong></span> <span class='ocrx_word' id='word_1_151' title='bbox 2779 742 3026 811; x_wconf 84' lang='lat' dir='ltr'><strong>idemque</strong></span> <span class='ocrx_word' id='word_1_152' title='bbox 3069 744 3133 800; x_wconf 85' lang='lat' dir='ltr'><strong>de</strong></span> <span class='ocrx_word' id='word_1_153' title='bbox 3165 744 3453 814; x_wconf 85' lang='lat' dir='ltr'><strong>Theopha—</strong></span> 
     </span>
    </p>
   </div>
   <div class='ocr_carea' id='block_1_22' title="bbox 1885 832 3452 909">
    <p class='ocr_par' dir='ltr' id='par_1_22' title="bbox 1885 832 3452 909">
     <span class='ocr_line' id='line_1_22' title="bbox 1885 832 3452 909; baseline 0.006 -26"><span class='ocrx_word' id='word_1_154' title='bbox 1885 832 1970 884; x_wconf 87' lang='lat' dir='ltr'><strong>nis</strong></span> <span class='ocrx_word' id='word_1_155' title='bbox 2014 834 2392 887; x_wconf 86' lang='lat' dir='ltr'><strong>emendatione</strong></span> <span class='ocrx_word' id='word_1_156' title='bbox 2442 834 2732 902; x_wconf 85' lang='lat' dir='ltr'><strong>specialem</strong></span> <span class='ocrx_word' id='word_1_157' title='bbox 2778 834 3064 891; x_wconf 87' lang='lat' dir='ltr'><strong>diatribam</strong></span> <span class='ocrx_word' id='word_1_158' title='bbox 3112 838 3280 894; x_wconf 89' lang='lat' dir='ltr'><strong>edidit</strong></span> <span class='ocrx_word' id='word_1_159' title='bbox 3319 838 3452 909; x_wconf 82' lang='grc'>(51).</span> 
     </span>
    </p>
   </div>
   <div class='ocr_carea' id='block_1_23' title="bbox 1886 924 3456 995">
    <p class='ocr_par' dir='ltr' id='par_1_23' title="bbox 1886 924 3456 995">
     <span class='ocr_line' id='line_1_23' title="bbox 1886 924 3456 995; baseline 0.003 -18"><span class='ocrx_word' id='word_1_160' title='bbox 1886 941 1948 977; x_wconf 81' lang='lat' dir='ltr'><strong>ex</strong></span> <span class='ocrx_word' id='word_1_161' title='bbox 1975 929 2077 993; x_wconf 83' lang='lat' dir='ltr'><strong>q&#39;ua</strong></span> <span class='ocrx_word' id='word_1_162' title='bbox 2105 924 2491 993; x_wconf 85' lang='lat' dir='ltr'><strong>Theophanem</strong></span> <span class='ocrx_word' id='word_1_163' title='bbox 2525 942 2681 981; x_wconf 89' lang='lat' dir='ltr'><strong>suum</strong></span> <span class='ocrx_word' id='word_1_164' title='bbox 2708 927 2996 995; x_wconf 91' lang='lat' dir='ltr'><strong>plurimum</strong></span> <span class='ocrx_word' id='word_1_165' title='bbox 3027 943 3221 983; x_wconf 87' lang='lat' dir='ltr'><strong>ornare</strong></span> <span class='ocrx_word' id='word_1_166' title='bbox 3253 930 3456 983; x_wconf 80' lang='lat' dir='ltr'><strong>doctis-</strong></span> 
     </span>
    </p>
   </div>
   <div class='ocr_carea' id='block_1_24' title="bbox 1888 1017 3454 1089">
    <p class='ocr_par' dir='ltr' id='par_1_24' title="bbox 1888 1017 3454 1089">
     <span class='ocr_line' id='line_1_24' title="bbox 1888 1017 3454 1089; baseline 0.002 -19"><span class='ocrx_word' id='word_1_167' title='bbox 1888 1017 2007 1071; x_wconf 84' lang='lat' dir='ltr'><strong>simi</strong></span> <span class='ocrx_word' id='word_1_168' title='bbox 2043 1018 2278 1071; x_wconf 82' lang='lat' dir='ltr'><strong>editores</strong></span> <span class='ocrx_word' id='word_1_169' title='bbox 2303 1017 2619 1073; x_wconf 83' lang='lat' dir='ltr'><strong>Bonnenses</strong></span> <span class='ocrx_word' id='word_1_170' title='bbox 2645 1019 2758 1089; x_wconf 71' lang='lat'><strong>(5&#39;2)</strong></span> <span class='ocrx_word' id='word_1_171' title='bbox 2786 1021 3106 1089; x_wconf 81' lang='lat' dir='ltr'><strong>potuissent.</strong></span> <span class='ocrx_word' id='word_1_172' title='bbox 3136 1019 3333 1074; x_wconf 84' lang='lat' dir='ltr'><strong>Verum</strong></span> <span class='ocrx_word' id='word_1_173' title='bbox 3353 1020 3454 1074; x_wconf 91' lang='lat' dir='ltr'><strong>hoc</strong></span> 
     </span>
    </p>
   </div>
   <div class='ocr_carea' id='block_1_25' title="bbox 1892 1111 3453 1167">
    <p class='ocr_par' dir='ltr' id='par_1_25' title="bbox 1892 1111 3453 1167">
     <span class='ocr_line' id='line_1_25' title="bbox 1892 1111 3453 1167; baseline 0.003 -6"><span class='ocrx_word' id='word_1_174' title='bbox 1892 1111 2008 1164; x_wconf 86' lang='lat' dir='ltr'><strong>loco</strong></span> <span class='ocrx_word' id='word_1_175' title='bbox 2044 1121 2225 1164; x_wconf 88' lang='lat' dir='ltr'><strong>manet</strong></span> <span class='ocrx_word' id='word_1_176' title='bbox 2256 1112 2422 1164; x_wconf 90' lang='lat' dir='ltr'><strong>altera</strong></span> <span class='ocrx_word' id='word_1_177' title='bbox 2453 1111 2540 1165; x_wconf 78' lang='lat' dir='ltr'><strong>via</strong></span> <span class='ocrx_word' id='word_1_178' title='bbox 2565 1123 2816 1165; x_wconf 87' lang='lat' dir='ltr'><strong>accurate</strong></span> <span class='ocrx_word' id='word_1_179' title='bbox 2848 1127 3025 1166; x_wconf 90' lang='lat' dir='ltr'><strong>annos</strong></span> <span class='ocrx_word' id='word_1_180' title='bbox 3056 1114 3218 1167; x_wconf 90' lang='lat' dir='ltr'><strong>modo</strong></span> <span class='ocrx_word' id='word_1_181' title='bbox 3246 1114 3453 1167; x_wconf 88' lang='lat' dir='ltr'><strong>indica-</strong></span> 
     </span>
    </p>
   </div>
   <div class='ocr_carea' id='block_1_26' title="bbox 1890 1202 3457 1275">
    <p class='ocr_par' dir='ltr' id='par_1_26' title="bbox 1890 1202 3457 1275">
     <span class='ocr_line' id='line_1_26' title="bbox 1890 1202 3457 1275; baseline 0.006 -24"><span class='ocrx_word' id='word_1_182' title='bbox 1890 1208 1972 1253; x_wconf 84' lang='lat' dir='ltr'><strong>tos</strong></span> <span class='ocrx_word' id='word_1_183' title='bbox 2023 1202 2090 1253; x_wconf 91' lang='lat' dir='ltr'><strong>ad</strong></span> <span class='ocrx_word' id='word_1_184' title='bbox 2148 1216 2307 1254; x_wconf 66' lang='lat' dir='ltr'><strong>:eram</strong></span> <span class='ocrx_word' id='word_1_185' title='bbox 2368 1202 2640 1270; x_wconf 75' lang='lat' dir='ltr'><strong>vulgarem</strong></span> <span class='ocrx_word' id='word_1_186' title='bbox 2701 1203 3036 1270; x_wconf 85' lang='lat' dir='ltr'><strong>reducendi;</strong></span> <span class='ocrx_word' id='word_1_187' title='bbox 3098 1205 3457 1275; x_wconf 86' lang='lat' dir='ltr'><strong>Theophanes</strong></span> 
     </span>
    </p>
   </div>
   <div class='ocr_carea' id='block_1_27' title="bbox 1891 1292 3455 1367">
    <p class='ocr_par' dir='ltr' id='par_1_27' title="bbox 1891 1292 3455 1367">
     <span class='ocr_line' id='line_1_27' title="bbox 1891 1292 3455 1367; baseline 0.005 -22"><span class='ocrx_word' id='word_1_188' title='bbox 1891 1293 2032 1345; x_wconf 90' lang='lat' dir='ltr'><strong>enim</strong></span> <span class='ocrx_word' id='word_1_189' title='bbox 2073 1292 2138 1346; x_wconf 89' lang='lat' dir='ltr'><strong>ad</strong></span> <span class='ocrx_word' id='word_1_190' title='bbox 2168 1309 2370 1347; x_wconf 90' lang='lat' dir='ltr'><strong>annum</strong></span> <span class='ocrx_word' id='word_1_191' title='bbox 2407 1294 2565 1359; x_wconf 72' lang='grc'>6252,</span> <span class='ocrx_word' id='word_1_192' title='bbox 2596 1294 2685 1362; x_wconf 90' lang='lat' dir='ltr'><strong>qui</strong></span> <span class='ocrx_word' id='word_1_193' title='bbox 2721 1310 2920 1347; x_wconf 87' lang='lat' dir='ltr'><strong>annum</strong></span> <span class='ocrx_word' id='word_1_194' title='bbox 2949 1298 3186 1367; x_wconf 83' lang='lat' dir='ltr'><strong>martyrii</strong></span> <span class='ocrx_word' id='word_1_195' title='bbox 3222 1298 3364 1352; x_wconf 82' lang='lat' dir='ltr'><strong>Petri</strong></span> <span class='ocrx_word' id='word_1_196' title='bbox 3389 1298 3455 1353; x_wconf 88' lang='lat' dir='ltr'><strong>de</strong></span> 
     </span>
    </p>
   </div>
   <div class='ocr_carea' id='block_1_28' title="bbox 1893 1387 3453 1461">
    <p class='ocr_par' dir='ltr' id='par_1_28' title="bbox 1893 1387 3453 1461">
     <span class='ocr_line' id='line_1_28' title="bbox 1893 1387 3453 1461; baseline 0.005 -22"><span class='ocrx_word' id='word_1_197' title='bbox 1893 1387 2210 1441; x_wconf 86' lang='lat' dir='ltr'><strong>Blachernis</strong></span> <span class='ocrx_word' id='word_1_198' title='bbox 2267 1388 2578 1442; x_wconf 89' lang='lat' dir='ltr'><strong>immediate</strong></span> <span class='ocrx_word' id='word_1_199' title='bbox 2611 1390 2906 1457; x_wconf 67' lang='lat' dir='ltr'><strong>praecessit,</strong></span> <span class='ocrx_word' id='word_1_200' title='bbox 2940 1391 3188 1459; x_wconf 88' lang='lat' dir='ltr'><strong>eclipsim</strong></span> <span class='ocrx_word' id='word_1_201' title='bbox 3219 1392 3453 1461; x_wconf 82' lang='lat' dir='ltr'><strong>aliquam</strong></span> 
     </span>
    </p>
   </div>
   <div class='ocr_carea' id='block_1_29' title="bbox 1896 1479 3460 1549">
    <p class='ocr_par' dir='ltr' id='par_1_29' title="bbox 1896 1479 3460 1549">
     <span class='ocr_line' id='line_1_29' title="bbox 1896 1479 3460 1549; baseline 0.005 -18"><span class='ocrx_word' id='word_1_202' title='bbox 1896 1479 2022 1532; x_wconf 91' lang='lat' dir='ltr'><strong>solis</strong></span> <span class='ocrx_word' id='word_1_203' title='bbox 2054 1479 2464 1549; x_wconf 82' lang='lat' dir='ltr'><strong>diligentissime</strong></span> <span class='ocrx_word' id='word_1_204' title='bbox 2497 1480 2779 1549; x_wconf 81' lang='lat' dir='ltr'><strong>consignat</strong></span> <span class='ocrx_word' id='word_1_205' title='bbox 2804 1482 2887 1535; x_wconf 83' lang='lat' dir='ltr'><strong>his</strong></span> <span class='ocrx_word' id='word_1_206' title='bbox 2925 1484 3123 1547; x_wconf 90' lang='lat' dir='ltr'><strong>verbis,</strong></span> <span class='ocrx_word' id='word_1_207' title='bbox 3161 1498 3223 1537; x_wconf 79' lang='lat' dir='ltr'><strong>ex</strong></span> <span class='ocrx_word' id='word_1_208' title='bbox 3254 1486 3460 1538; x_wconf 85' lang='lat' dir='ltr'><strong>versio-</strong></span> 
     </span>
    </p>
   </div>
   <div class='ocr_carea' id='block_1_30' title="bbox 1896 1570 3455 1645">
    <p class='ocr_par' dir='ltr' id='par_1_30' title="bbox 1896 1570 3455 1645">
     <span class='ocr_line' id='line_1_30' title="bbox 1896 1570 3455 1645; baseline 0.003 -22"><span class='ocrx_word' id='word_1_209' title='bbox 1896 1587 1963 1623; x_wconf 90' lang='lat' dir='ltr'><strong>ne</strong></span> <span class='ocrx_word' id='word_1_210' title='bbox 1995 1570 2179 1624; x_wconf 86' lang='lat' dir='ltr'><strong>Goari.</strong></span> <span class='ocrx_word' id='word_1_211' title='bbox 2240 1574 2551 1641; x_wconf 84' lang='lat' dir='ltr'><strong>Apparente</strong></span> <span class='ocrx_word' id='word_1_212' title='bbox 2603 1572 2726 1626; x_wconf 88' lang='lat' dir='ltr'><strong>solis</strong></span> <span class='ocrx_word' id='word_1_213' title='bbox 2763 1572 2977 1626; x_wconf 80' lang='lat' dir='ltr'><strong>defectu</strong></span> <span class='ocrx_word' id='word_1_214' title='bbox 3007 1575 3207 1627; x_wconf 89' lang='lat' dir='ltr'><strong>mensis</strong></span> <span class='ocrx_word' id='word_1_215' title='bbox 3232 1576 3455 1645; x_wconf 77' lang='lat' dir='ltr'><strong>Augusti</strong></span> 
     </span>
    </p>
   </div>
   <div class='ocr_carea' id='block_1_31' title="bbox 1896 1664 3455 1733">
    <p class='ocr_par' dir='ltr' id='par_1_31' title="bbox 1896 1664 3455 1733">
     <span class='ocr_line' id='line_1_31' title="bbox 1896 1664 3455 1733; baseline 0.002 -15"><span class='ocrx_word' id='word_1_216' title='bbox 1896 1664 1982 1718; x_wconf 90' lang='lat' dir='ltr'><strong>die</strong></span> <span class='ocrx_word' id='word_1_217' title='bbox 2016 1665 2227 1717; x_wconf 85' lang='lat' dir='ltr'><strong>decimo</strong></span> <span class='ocrx_word' id='word_1_218' title='bbox 2270 1666 2479 1733; x_wconf 87' lang='lat' dir='ltr'><strong>quinto,</strong></span> <span class='ocrx_word' id='word_1_219' title='bbox 2529 1664 2657 1717; x_wconf 75' lang='lat' dir='ltr'><strong>feria</strong></span> <span class='ocrx_word' id='word_1_220' title='bbox 2691 1676 2861 1729; x_wconf 81' lang='lat' dir='ltr'><strong>sexta,</strong></span> <span class='ocrx_word' id='word_1_221' title='bbox 2895 1668 3026 1719; x_wconf 90' lang='lat' dir='ltr'><strong>hora</strong></span> <span class='ocrx_word' id='word_1_222' title='bbox 3073 1667 3176 1719; x_wconf 88' lang='lat' dir='ltr'><strong>diei</strong></span> <span class='ocrx_word' id='word_1_223' title='bbox 3227 1667 3455 1731; x_wconf 88' lang='lat' dir='ltr'><strong>decima,</strong></span> 
     </span>
    </p>
   </div>
   <div class='ocr_carea' id='block_1_32' title="bbox 1900 1756 3458 1827">
    <p class='ocr_par' dir='ltr' id='par_1_32' title="bbox 1900 1756 3458 1827">
     <span class='ocr_line' id='line_1_32' title="bbox 1900 1756 3458 1827; baseline 0 -16"><span class='ocrx_word' id='word_1_224' title='bbox 1900 1772 2042 1811; x_wconf 89' lang='lat' dir='ltr'><strong>anno</strong></span> <span class='ocrx_word' id='word_1_225' title='bbox 2071 1758 2297 1827; x_wconf 88' lang='lat' dir='ltr'><strong>proinde</strong></span> <span class='ocrx_word' id='word_1_226' title='bbox 2335 1756 2457 1821; x_wconf 86' lang='lat'><strong>760,</strong></span> <span class='ocrx_word' id='word_1_227' title='bbox 2501 1766 2557 1809; x_wconf 92' lang='lat' dir='ltr'><strong>ut</strong></span> <span class='ocrx_word' id='word_1_228' title='bbox 2586 1772 2650 1810; x_wconf 70' lang='lat' dir='ltr'><strong>ex</strong></span> <span class='ocrx_word' id='word_1_229' title='bbox 2678 1757 2872 1810; x_wconf 87' lang='lat' dir='ltr'><strong>tabulis</strong></span> <span class='ocrx_word' id='word_1_230' title='bbox 2924 1758 3303 1812; x_wconf 85' lang='lat' dir='ltr'><strong>astronoinicis</strong></span> <span class='ocrx_word' id='word_1_231' title='bbox 3333 1771 3458 1813; x_wconf 80' lang='lat' dir='ltr'><strong>con-</strong></span> 
     </span>
    </p>
   </div>
   <div class='ocr_carea' id='block_1_33' title="bbox 225 1841 3454 1926">
    <p class='ocr_par' dir='ltr' id='par_1_33' title="bbox 225 1841 3454 1926">
     <span class='ocr_line' id='line_1_33' title="bbox 225 1841 3454 1926; baseline 0 -25"><span class='ocrx_word' id='word_1_232' title='bbox 225 1859 511 1902; x_wconf 81' lang='lat' dir='ltr'><strong>incmorat.</strong></span> <span class='ocrx_word' id='word_1_233' title='bbox 568 1847 626 1900; x_wconf 90' lang='lat' dir='ltr'><strong>In</strong></span> <span class='ocrx_word' id='word_1_234' title='bbox 687 1845 1018 1897; x_wconf 86' lang='lat' dir='ltr'><strong>monasterio</strong></span> <span class='ocrx_word' id='word_1_235' title='bbox 1073 1852 1320 1897; x_wconf 86' lang='lat' dir='ltr'><strong>versatus</strong></span> <span class='ocrx_word' id='word_1_236' title='bbox 1368 1841 1477 1912; x_wconf 67' lang='grc'>(17)</span> <span class='ocrx_word' id='word_1_237' title='bbox 1524 1842 1709 1910; x_wconf 85' lang='lat' dir='ltr'><strong>procul</strong></span> <span class='ocrx_word' id='word_1_238' title='bbox 1763 1857 1793 1896; x_wconf 86' lang='lat' dir='ltr'><strong>a</strong></span> <span class='ocrx_word' id='word_1_239' title='bbox 1827 1862 1865 1914; x_wconf 78' lang='grc' dir='ltr'><strong><em>Β</em></strong></span> <span class='ocrx_word' id='word_1_240' title='bbox 1896 1856 2000 1901; x_wconf 85' lang='lat' dir='ltr'><strong>stat</strong></span> <span class='ocrx_word' id='word_1_241' title='bbox 2034 1848 2166 1917; x_wconf 80' lang='lat'><strong>(55).</strong></span> <span class='ocrx_word' id='word_1_242' title='bbox 2198 1845 2259 1900; x_wconf 89' lang='lat' dir='ltr'><strong>Et</strong></span> <span class='ocrx_word' id='word_1_243' title='bbox 2290 1846 2413 1915; x_wconf 89' lang='lat' dir='ltr'><strong>quia</strong></span> <span class='ocrx_word' id='word_1_244' title='bbox 2462 1862 2637 1901; x_wconf 88' lang='lat' dir='ltr'><strong>annus</strong></span> <span class='ocrx_word' id='word_1_245' title='bbox 2669 1847 2852 1900; x_wconf 88' lang='lat' dir='ltr'><strong>mundi</strong></span> <span class='ocrx_word' id='word_1_246' title='bbox 2880 1846 3018 1901; x_wconf 67' lang='grc'>6253</span> <span class='ocrx_word' id='word_1_247' title='bbox 3046 1846 3195 1916; x_wconf 88' lang='lat' dir='ltr'><strong>Cpoli</strong></span> <span class='ocrx_word' id='word_1_248' title='bbox 3235 1849 3454 1926; x_wconf 84' lang='lat' dir='ltr'><strong>incepit,</strong></span> 
     </span>
    </p>
   </div>
   <div class='ocr_carea' id='block_1_34' title="bbox 221 1934 1794 2008">
    <p class='ocr_par' dir='ltr' id='par_1_34' title="bbox 221 1934 1794 2008">
     <span class='ocr_line' id='line_1_34' title="bbox 221 1934 1794 2008; baseline -0.004 -16"><span class='ocrx_word' id='word_1_249' title='bbox 221 1939 399 2008; x_wconf 85' lang='lat' dir='ltr'><strong>Cpoli,</strong></span> <span class='ocrx_word' id='word_1_250' title='bbox 433 1939 713 2007; x_wconf 77' lang='lat' dir='ltr'><strong>diligenter</strong></span> <span class='ocrx_word' id='word_1_251' title='bbox 744 1935 983 2003; x_wconf 86' lang='lat' dir='ltr'><strong>quidem,</strong></span> <span class='ocrx_word' id='word_1_252' title='bbox 1023 1943 1079 1987; x_wconf 94' lang='lat' dir='ltr'><strong>ut</strong></span> <span class='ocrx_word' id='word_1_253' title='bbox 1115 1936 1164 1985; x_wconf 91' lang='lat' dir='ltr'><strong>in</strong></span> <span class='ocrx_word' id='word_1_254' title='bbox 1201 1949 1298 1986; x_wconf 92' lang='lat' dir='ltr'><strong>suo</strong></span> <span class='ocrx_word' id='word_1_255' title='bbox 1331 1934 1591 2002; x_wconf 67' lang='lat' dir='ltr'><strong>prooemio</strong></span> <span class='ocrx_word' id='word_1_256' title='bbox 1629 1943 1794 1986; x_wconf 87' lang='lat' dir='ltr'><strong>testa-</strong></span> 
     </span>
    </p>
   </div>
   <div class='ocr_carea' id='block_1_35' title="bbox 223 2025 1791 2094">
    <p class='ocr_par' dir='ltr' id='par_1_35' title="bbox 223 2025 1791 2094">
     <span class='ocr_line' id='line_1_35' title="bbox 223 2025 1791 2094; baseline -0.002 -12"><span class='ocrx_word' id='word_1_257' title='bbox 223 2040 315 2082; x_wconf 88' lang='lat' dir='ltr'><strong>tur</strong></span> <span class='ocrx_word' id='word_1_258' title='bbox 351 2029 460 2093; x_wconf 65' lang='lat'><strong>(48)</strong></span> <span class='ocrx_word' id='word_1_259' title='bbox 493 2026 763 2081; x_wconf 82' lang='lat' dir='ltr'><strong>volumina</strong></span> <span class='ocrx_word' id='word_1_260' title='bbox 803 2025 1034 2094; x_wconf 84' lang='lat' dir='ltr'><strong>plurima</strong></span> <span class='ocrx_word' id='word_1_261' title='bbox 1078 2026 1425 2088; x_wconf 81' lang='lat' dir='ltr'><strong>examinavit,</strong></span> <span class='ocrx_word' id='word_1_262' title='bbox 1460 2026 1553 2078; x_wconf 90' lang='lat' dir='ltr'><strong>sed</strong></span> <span class='ocrx_word' id='word_1_263' title='bbox 1596 2026 1663 2079; x_wconf 89' lang='lat' dir='ltr'><strong>de</strong></span> <span class='ocrx_word' id='word_1_264' title='bbox 1707 2042 1791 2079; x_wconf 78' lang='lat' dir='ltr'><strong>I‘e-</strong></span> 
     </span>
    </p>
   </div>
   <div class='ocr_carea' id='block_1_36' title="bbox 221 2113 1791 2184">
    <p class='ocr_par' dir='ltr' id='par_1_36' title="bbox 221 2113 1791 2184">
     <span class='ocr_line' id='line_1_36' title="bbox 221 2113 1791 2184; baseline -0.005 -11"><span class='ocrx_word' id='word_1_265' title='bbox 221 2119 477 2173; x_wconf 80' lang='lat' dir='ltr'><strong>ccntibus</strong></span> <span class='ocrx_word' id='word_1_266' title='bbox 507 2131 612 2168; x_wconf 87' lang='lat' dir='ltr'><strong>non</strong></span> <span class='ocrx_word' id='word_1_267' title='bbox 647 2115 837 2179; x_wconf 88' lang='lat' dir='ltr'><strong>multa,</strong></span> <span class='ocrx_word' id='word_1_268' title='bbox 874 2125 930 2168; x_wconf 88' lang='lat' dir='ltr'><strong>ut</strong></span> <span class='ocrx_word' id='word_1_269' title='bbox 979 2115 1230 2176; x_wconf 87' lang='lat' dir='ltr'><strong>arbitror,</strong></span> <span class='ocrx_word' id='word_1_270' title='bbox 1263 2128 1552 2184; x_wconf 78' lang='lat' dir='ltr'><strong>congerere</strong></span> <span class='ocrx_word' id='word_1_271' title='bbox 1586 2113 1791 2182; x_wconf 89' lang='lat' dir='ltr'><strong>potuit;</strong></span> 
     </span>
    </p>
   </div>
   <div class='ocr_carea' id='block_1_37' title="bbox 221 2205 1793 2278">
    <p class='ocr_par' dir='ltr' id='par_1_37' title="bbox 221 2205 1793 2278">
     <span class='ocr_line' id='line_1_37' title="bbox 221 2205 1793 2278; baseline -0.001 -18"><span class='ocrx_word' id='word_1_272' title='bbox 221 2215 472 2275; x_wconf 78' lang='lat' dir='ltr'><strong>seqmtur</strong></span> <span class='ocrx_word' id='word_1_273' title='bbox 520 2207 570 2259; x_wconf 89' lang='lat' dir='ltr'><strong>in</strong></span> <span class='ocrx_word' id='word_1_274' title='bbox 607 2207 692 2262; x_wconf 90' lang='lat' dir='ltr'><strong>his</strong></span> <span class='ocrx_word' id='word_1_275' title='bbox 738 2208 1055 2278; x_wconf 85' lang='lat' dir='ltr'><strong>plerumque</strong></span> <span class='ocrx_word' id='word_1_276' title='bbox 1105 2206 1434 2258; x_wconf 80' lang='lat' dir='ltr'><strong>Breviarium</strong></span> <span class='ocrx_word' id='word_1_277' title='bbox 1481 2205 1793 2274; x_wconf 84' lang='lat' dir='ltr'><strong>Nicephori,</strong></span> 
     </span>
    </p>
   </div>
   <div class='ocr_carea' id='block_1_38' title="bbox 220 2297 1795 2367">
    <p class='ocr_par' dir='ltr' id='par_1_38' title="bbox 220 2297 1795 2367">
     <span class='ocr_line' id='line_1_38' title="bbox 220 2297 1795 2367; baseline 0.001 -18"><span class='ocrx_word' id='word_1_278' title='bbox 220 2300 316 2365; x_wconf 80' lang='lat' dir='ltr'><strong>qui</strong></span> <span class='ocrx_word' id='word_1_279' title='bbox 345 2298 535 2351; x_wconf 88' lang='lat' dir='ltr'><strong>Photio</strong></span> <span class='ocrx_word' id='word_1_280' title='bbox 584 2299 842 2367; x_wconf 85' lang='lat' dir='ltr'><strong>probatus</strong></span> <span class='ocrx_word' id='word_1_281' title='bbox 887 2299 1116 2366; x_wconf 89' lang='lat' dir='ltr'><strong>scriptor</strong></span> <span class='ocrx_word' id='word_1_282' title='bbox 1146 2297 1364 2361; x_wconf 85' lang='lat' dir='ltr'><strong>dicitur,</strong></span> <span class='ocrx_word' id='word_1_283' title='bbox 1394 2297 1486 2351; x_wconf 90' lang='lat' dir='ltr'><strong>sed</strong></span> <span class='ocrx_word' id='word_1_284' title='bbox 1534 2298 1576 2351; x_wconf 89' lang='lat' dir='ltr'><strong>is</strong></span> <span class='ocrx_word' id='word_1_285' title='bbox 1624 2297 1795 2353; x_wconf 83' lang='lat' dir='ltr'><strong>histo-</strong></span> 
     </span>
    </p>
   </div>
   <div class='ocr_carea' id='block_1_39' title="bbox 220 2391 1793 2461">
    <p class='ocr_par' dir='ltr' id='par_1_39' title="bbox 220 2391 1793 2461">
     <span class='ocr_line' id='line_1_39' title="bbox 220 2391 1793 2461; baseline -0.001 -18"><span class='ocrx_word' id='word_1_286' title='bbox 220 2391 384 2452; x_wconf 83' lang='lat' dir='ltr'><strong>riam,</strong></span> <span class='ocrx_word' id='word_1_287' title='bbox 415 2407 521 2443; x_wconf 89' lang='lat' dir='ltr'><strong>non</strong></span> <span class='ocrx_word' id='word_1_288' title='bbox 560 2391 1049 2461; x_wconf 80' lang='lat' dir='ltr'><strong>chronographiam</strong></span> <span class='ocrx_word' id='word_1_289' title='bbox 1104 2400 1199 2444; x_wconf 93' lang='lat' dir='ltr'><strong>aut</strong></span> <span class='ocrx_word' id='word_1_290' title='bbox 1243 2392 1468 2443; x_wconf 87' lang='lat' dir='ltr'><strong>annales</strong></span> <span class='ocrx_word' id='word_1_291' title='bbox 1498 2391 1793 2444; x_wconf 83' lang='lat' dir='ltr'><strong>contexuit.</strong></span> 
     </span>
    </p>
   </div>
   <div class='ocr_carea' id='block_1_40' title="bbox 221 2481 1794 2550">
    <p class='ocr_par' dir='ltr' id='par_1_40' title="bbox 221 2481 1794 2550">
     <span class='ocr_line' id='line_1_40' title="bbox 221 2481 1794 2550; baseline 0.001 -16"><span class='ocrx_word' id='word_1_292' title='bbox 221 2482 419 2535; x_wconf 79' lang='lat' dir='ltr'><strong>Causis</strong></span> <span class='ocrx_word' id='word_1_293' title='bbox 451 2492 629 2536; x_wconf 87' lang='lat' dir='ltr'><strong>autem</strong></span> <span class='ocrx_word' id='word_1_294' title='bbox 659 2484 860 2535; x_wconf 87' lang='lat' dir='ltr'><strong>erroris</strong></span> <span class='ocrx_word' id='word_1_295' title='bbox 902 2482 1049 2535; x_wconf 89' lang='lat' dir='ltr'><strong>illius</strong></span> <span class='ocrx_word' id='word_1_296' title='bbox 1072 2481 1416 2550; x_wconf 81' lang='lat' dir='ltr'><strong>assignandis</strong></span> <span class='ocrx_word' id='word_1_297' title='bbox 1448 2482 1568 2536; x_wconf 89' lang='lat' dir='ltr'><strong>ideo</strong></span> <span class='ocrx_word' id='word_1_298' title='bbox 1591 2484 1794 2536; x_wconf 83' lang='lat' dir='ltr'><strong>diutius</strong></span> 
     </span>
    </p>
   </div>
   <div class='ocr_carea' id='block_1_41' title="bbox 222 2570 1796 2642">
    <p class='ocr_par' dir='ltr' id='par_1_41' title="bbox 222 2570 1796 2642">
     <span class='ocr_line' id='line_1_41' title="bbox 222 2570 1796 2642; baseline -0.001 -13"><span class='ocrx_word' id='word_1_299' title='bbox 222 2570 577 2634; x_wconf 68' lang='lat' dir='ltr'><strong>inhaeremus,</strong></span> <span class='ocrx_word' id='word_1_300' title='bbox 627 2574 767 2642; x_wconf 90' lang='lat' dir='ltr'><strong>quod</strong></span> <span class='ocrx_word' id='word_1_301' title='bbox 816 2574 869 2626; x_wconf 93' lang='lat' dir='ltr'><strong>in</strong></span> <span class='ocrx_word' id='word_1_302' title='bbox 917 2573 1174 2642; x_wconf 79' lang='lat' dir='ltr'><strong>martyrio</strong></span> <span class='ocrx_word' id='word_1_303' title='bbox 1224 2573 1279 2625; x_wconf 96' lang='grc'><strong>5.</strong></span> <span class='ocrx_word' id='word_1_304' title='bbox 1313 2572 1572 2641; x_wconf 88' lang='lat' dir='ltr'><strong>Stephani</strong></span> <span class='ocrx_word' id='word_1_305' title='bbox 1613 2573 1796 2642; x_wconf 85' lang='lat' dir='ltr'><strong>lapsus</strong></span> 
     </span>
    </p>
   </div>
   <div class='ocr_carea' id='block_1_42' title="bbox 225 2660 1797 2729">
    <p class='ocr_par' dir='ltr' id='par_1_42' title="bbox 225 2660 1797 2729">
     <span class='ocr_line' id='line_1_42' title="bbox 225 2660 1797 2729; baseline 0.001 -13"><span class='ocrx_word' id='word_1_306' title='bbox 225 2676 427 2719; x_wconf 88' lang='lat' dir='ltr'><strong>iterum</strong></span> <span class='ocrx_word' id='word_1_307' title='bbox 457 2664 745 2717; x_wconf 86' lang='lat' dir='ltr'><strong>nonnullos</strong></span> <span class='ocrx_word' id='word_1_308' title='bbox 782 2663 1081 2729; x_wconf 89' lang='lat' dir='ltr'><strong>admiserit,</strong></span> <span class='ocrx_word' id='word_1_309' title='bbox 1110 2671 1167 2716; x_wconf 88' lang='lat' dir='ltr'><strong>ut</strong></span> <span class='ocrx_word' id='word_1_310' title='bbox 1202 2662 1265 2716; x_wconf 83' lang='lat' dir='ltr'><strong>ad</strong></span> <span class='ocrx_word' id='word_1_311' title='bbox 1299 2677 1465 2716; x_wconf 79' lang='lat' dir='ltr'><strong>xxvut</strong></span> <span class='ocrx_word' id='word_1_312' title='bbox 1496 2660 1629 2719; x_wconf 74' lang='lat' dir='ltr'><strong>Nov.</strong></span> <span class='ocrx_word' id='word_1_313' title='bbox 1665 2662 1797 2717; x_wconf 86' lang='lat' dir='ltr'><strong>ube-</strong></span> 
     </span>
    </p>
   </div>
   <div class='ocr_carea' id='block_1_43' title="bbox 222 2753 1792 2825">
    <p class='ocr_par' dir='ltr' id='par_1_43' title="bbox 222 2753 1792 2825">
     <span class='ocr_line' id='line_1_43' title="bbox 222 2753 1792 2825; baseline 0.001 -18"><span class='ocrx_word' id='word_1_314' title='bbox 222 2757 342 2810; x_wconf 89' lang='lat' dir='ltr'><strong>rius</strong></span> <span class='ocrx_word' id='word_1_315' title='bbox 370 2757 603 2809; x_wconf 90' lang='lat' dir='ltr'><strong>dicetur.</strong></span> <span class='ocrx_word' id='word_1_316' title='bbox 647 2756 785 2820; x_wconf 80' lang='lat' dir='ltr'><strong>Quid</strong></span> <span class='ocrx_word' id='word_1_317' title='bbox 837 2756 999 2825; x_wconf 77' lang='lat' dir='ltr'><strong>igitur</strong></span> <span class='ocrx_word' id='word_1_318' title='bbox 1040 2754 1256 2817; x_wconf 83' lang='lat' dir='ltr'><strong>mirum,</strong></span> <span class='ocrx_word' id='word_1_319' title='bbox 1288 2755 1414 2807; x_wconf 90' lang='lat' dir='ltr'><strong>dum</strong></span> <span class='ocrx_word' id='word_1_320' title='bbox 1469 2753 1520 2807; x_wconf 87' lang='lat' dir='ltr'><strong>in</strong></span> <span class='ocrx_word' id='word_1_321' title='bbox 1561 2754 1792 2817; x_wconf 71' lang='lat' dir='ltr'><strong>Menaeis,</strong></span> 
     </span>
    </p>
   </div>
   <div class='ocr_carea' id='block_1_44' title="bbox 223 2844 1796 2914">
    <p class='ocr_par' dir='ltr' id='par_1_44' title="bbox 223 2844 1796 2914">
     <span class='ocr_line' id='line_1_44' title="bbox 223 2844 1796 2914; baseline -0.001 -15"><span class='ocrx_word' id='word_1_322' title='bbox 223 2848 282 2899; x_wconf 91' lang='lat' dir='ltr'><strong>in</strong></span> <span class='ocrx_word' id='word_1_323' title='bbox 317 2845 632 2914; x_wconf 75' lang='lat' dir='ltr'><strong>Menologiis</strong></span> <span class='ocrx_word' id='word_1_324' title='bbox 676 2847 993 2912; x_wconf 68' lang='lat' dir='ltr'><strong>caeterisque</strong></span> <span class='ocrx_word' id='word_1_325' title='bbox 1042 2846 1192 2899; x_wconf 83' lang='lat' dir='ltr'><strong>fastis</strong></span> <span class='ocrx_word' id='word_1_326' title='bbox 1233 2844 1435 2900; x_wconf 74' lang='lat' dir='ltr'><strong>Graecis</strong></span> <span class='ocrx_word' id='word_1_327' title='bbox 1474 2845 1703 2899; x_wconf 70' lang='lat' dir='ltr'><strong>Andreae</strong></span> <span class='ocrx_word' id='word_1_328' title='bbox 1735 2845 1796 2897; x_wconf 82' lang='lat' dir='ltr'><strong>il-</strong></span> 
     </span>
    </p>
   </div>
   <div class='ocr_carea' id='block_1_45' title="bbox 221 2936 1795 3007">
    <p class='ocr_par' dir='ltr' id='par_1_45' title="bbox 221 2936 1795 3007">
     <span class='ocr_line' id='line_1_45' title="bbox 221 2936 1795 3007; baseline -0.001 -16"><span class='ocrx_word' id='word_1_329' title='bbox 221 2939 337 2991; x_wconf 87' lang='lat' dir='ltr'><strong>lius</strong></span> <span class='ocrx_word' id='word_1_330' title='bbox 361 2937 614 3007; x_wconf 65' lang='lat' dir='ltr'><strong>Calybitaa</strong></span> <span class='ocrx_word' id='word_1_331' title='bbox 651 2936 978 2989; x_wconf 90' lang='lat' dir='ltr'><strong>mentionem</strong></span> <span class='ocrx_word' id='word_1_332' title='bbox 1006 2938 1456 3005; x_wconf 86' lang='lat' dir='ltr'><strong>qualemcumque</strong></span> <span class='ocrx_word' id='word_1_333' title='bbox 1484 2936 1795 3006; x_wconf 79' lang='lat' dir='ltr'><strong>diligentius</strong></span> 
     </span>
    </p>
   </div>
   <div class='ocr_carea' id='block_1_46' title="bbox 220 3028 1797 3099">
    <p class='ocr_par' dir='ltr' id='par_1_46' title="bbox 220 3028 1797 3099">
     <span class='ocr_line' id='line_1_46' title="bbox 220 3028 1797 3099; baseline -0.003 -13"><span class='ocrx_word' id='word_1_334' title='bbox 220 3032 655 3099; x_wconf 77' lang='lat' dir='ltr'><strong>exquirercmus,</strong></span> <span class='ocrx_word' id='word_1_335' title='bbox 690 3028 832 3081; x_wconf 89' lang='lat' dir='ltr'><strong>nulla</strong></span> <span class='ocrx_word' id='word_1_336' title='bbox 866 3043 964 3081; x_wconf 93' lang='lat' dir='ltr'><strong>nos</strong></span> <span class='ocrx_word' id='word_1_337' title='bbox 995 3044 1218 3096; x_wconf 84' lang='lat' dir='ltr'><strong>usquam</strong></span> <span class='ocrx_word' id='word_1_338' title='bbox 1264 3030 1424 3096; x_wconf 85' lang='lat' dir='ltr'><strong>hujus</strong></span> <span class='ocrx_word' id='word_1_339' title='bbox 1455 3029 1797 3097; x_wconf 86' lang='lat' dir='ltr'><strong>cognominis</strong></span> 
     </span>
    </p>
   </div>
   <div class='ocr_carea' id='block_1_47' title="bbox 226 3117 1795 3191">
    <p class='ocr_par' dir='ltr' id='par_1_47' title="bbox 226 3117 1795 3191">
     <span class='ocr_line' id='line_1_47' title="bbox 226 3117 1795 3191; baseline -0.001 -18"><span class='ocrx_word' id='word_1_340' title='bbox 226 3122 458 3191; x_wconf 74' lang='lat' dir='ltr'><strong>vestigia</strong></span> <span class='ocrx_word' id='word_1_341' title='bbox 491 3122 650 3174; x_wconf 89' lang='lat' dir='ltr'><strong>obvia</strong></span> <span class='ocrx_word' id='word_1_342' title='bbox 696 3119 992 3173; x_wconf 83' lang='lat' dir='ltr'><strong>habuisse?</strong></span> <span class='ocrx_word' id='word_1_343' title='bbox 1020 3117 1489 3172; x_wconf 86' lang='lat' dir='ltr'><strong>Commemoratur</strong></span> <span class='ocrx_word' id='word_1_344' title='bbox 1516 3129 1694 3172; x_wconf 89' lang='lat' dir='ltr'><strong>tamen</strong></span> <span class='ocrx_word' id='word_1_345' title='bbox 1726 3121 1795 3172; x_wconf 91' lang='lat' dir='ltr'><strong>ab</strong></span> 
     </span>
    </p>
   </div>
   <div class='ocr_carea' id='block_1_48' title="bbox 222 3210 1795 3281">
    <p class='ocr_par' dir='ltr' id='par_1_48' title="bbox 222 3210 1795 3281">
     <span class='ocr_line' id='line_1_48' title="bbox 222 3210 1795 3281; baseline 0 -18"><span class='ocrx_word' id='word_1_346' title='bbox 222 3213 479 3269; x_wconf 86' lang='lat' dir='ltr'><strong>omnibus</strong></span> <span class='ocrx_word' id='word_1_347' title='bbox 512 3215 566 3266; x_wconf 84' lang='grc'><strong>5.</strong></span> <span class='ocrx_word' id='word_1_348' title='bbox 598 3213 836 3267; x_wconf 84' lang='lat' dir='ltr'><strong>Andreas</strong></span> <span class='ocrx_word' id='word_1_349' title='bbox 860 3212 1155 3265; x_wconf 88' lang='lat' dir='ltr'><strong>monachus</strong></span> <span class='ocrx_word' id='word_1_350' title='bbox 1187 3211 1286 3264; x_wconf 91' lang='lat' dir='ltr'><strong>sub</strong></span> <span class='ocrx_word' id='word_1_351' title='bbox 1309 3210 1654 3281; x_wconf 84' lang='lat' dir='ltr'><strong>Copronymo</strong></span> <span class='ocrx_word' id='word_1_352' title='bbox 1676 3225 1795 3280; x_wconf 89' lang='lat' dir='ltr'><strong>pas-</strong></span> 
     </span>
    </p>
   </div>
   <div class='ocr_carea' id='block_1_49' title="bbox 223 3298 1795 3372">
    <p class='ocr_par' dir='ltr' id='par_1_49' title="bbox 223 3298 1795 3372">
     <span class='ocr_line' id='line_1_49' title="bbox 223 3298 1795 3372; baseline 0.002 -18"><span class='ocrx_word' id='word_1_353' title='bbox 223 3318 323 3354; x_wconf 81' lang='lat' dir='ltr'><strong>sus</strong></span> <span class='ocrx_word' id='word_1_354' title='bbox 354 3312 407 3354; x_wconf 87' lang='lat' dir='ltr'><strong>et</strong></span> <span class='ocrx_word' id='word_1_355' title='bbox 437 3303 751 3370; x_wconf 86' lang='lat' dir='ltr'><strong>plerumque</strong></span> <span class='ocrx_word' id='word_1_356' title='bbox 775 3304 932 3354; x_wconf 85' lang='lat' dir='ltr'><strong>verba</strong></span> <span class='ocrx_word' id='word_1_357' title='bbox 966 3304 1016 3353; x_wconf 92' lang='lat' dir='ltr'><strong>in</strong></span> <span class='ocrx_word' id='word_1_358' title='bbox 1040 3300 1177 3354; x_wconf 85' lang='lat' dir='ltr'><strong>Crisi</strong></span> <span class='ocrx_word' id='word_1_359' title='bbox 1207 3313 1575 3369; x_wconf 89' lang='lat' dir='ltr'><strong>apponuntur.</strong></span> <span class='ocrx_word' id='word_1_360' title='bbox 1599 3298 1795 3372; x_wconf 77' lang='lat' dir='ltr'><strong>Depre-</strong></span> 
     </span>
    </p>
   </div>
   <div class='ocr_carea' id='block_1_50' title="bbox 226 3390 1795 3461">
    <p class='ocr_par' dir='ltr' id='par_1_50' title="bbox 226 3390 1795 3461">
     <span class='ocr_line' id='line_1_50' title="bbox 226 3390 1795 3461; baseline 0.001 -17"><span class='ocrx_word' id='word_1_361' title='bbox 226 3393 532 3445; x_wconf 86' lang='lat' dir='ltr'><strong>henderant</strong></span> <span class='ocrx_word' id='word_1_362' title='bbox 558 3393 766 3446; x_wconf 81' lang='lat' dir='ltr'><strong>scilicet</strong></span> <span class='ocrx_word' id='word_1_363' title='bbox 797 3390 964 3445; x_wconf 57' lang='lat' dir='ltr'><strong>Graeci</strong></span> <span class='ocrx_word' id='word_1_364' title='bbox 995 3392 1253 3443; x_wconf 78' lang='lat' dir='ltr'><strong>fastorum</strong></span> <span class='ocrx_word' id='word_1_365' title='bbox 1289 3393 1600 3459; x_wconf 87' lang='lat' dir='ltr'><strong>scriptores,</strong></span> <span class='ocrx_word' id='word_1_366' title='bbox 1632 3408 1795 3461; x_wconf 72' lang='lat' dir='ltr'><strong>quaea</strong></span> 
     </span>
    </p>
   </div>
   <div class='ocr_carea' id='block_1_51' title="bbox 225 3484 1794 3553">
    <p class='ocr_par' dir='ltr' id='par_1_51' title="bbox 225 3484 1794 3553">
     <span class='ocr_line' id='line_1_51' title="bbox 225 3484 1794 3553; baseline 0.001 -15"><span class='ocrx_word' id='word_1_367' title='bbox 225 3486 560 3553; x_wconf 79' lang='lat' dir='ltr'><strong>Theophane</strong></span> <span class='ocrx_word' id='word_1_368' title='bbox 592 3484 956 3537; x_wconf 76' lang='lat' dir='ltr'><strong>aﬂerehantur</strong></span> <span class='ocrx_word' id='word_1_369' title='bbox 990 3499 1111 3537; x_wconf 88' lang='lat' dir='ltr'><strong>cum</strong></span> <span class='ocrx_word' id='word_1_370' title='bbox 1139 3484 1351 3537; x_wconf 69' lang='lat' dir='ltr'><strong>caeteris</strong></span> <span class='ocrx_word' id='word_1_371' title='bbox 1382 3485 1725 3549; x_wconf 85' lang='lat' dir='ltr'><strong>testimoniis,</strong></span> <span class='ocrx_word' id='word_1_372' title='bbox 1751 3484 1794 3539; x_wconf 91' lang='lat' dir='ltr'><strong>si</strong></span> 
     </span>
    </p>
   </div>
   <div class='ocr_carea' id='block_1_52' title="bbox 228 3575 1795 3644">
    <p class='ocr_par' dir='ltr' id='par_1_52' title="bbox 228 3575 1795 3644">
     <span class='ocr_line' id='line_1_52' title="bbox 228 3575 1795 3644; baseline -0.001 -15"><span class='ocrx_word' id='word_1_373' title='bbox 228 3578 415 3629; x_wconf 84' lang='lat' dir='ltr'><strong>minus</strong></span> <span class='ocrx_word' id='word_1_374' title='bbox 450 3578 853 3637; x_wconf 84' lang='lat' dir='ltr'><strong>historicorum,</strong></span> <span class='ocrx_word' id='word_1_375' title='bbox 878 3586 932 3628; x_wconf 89' lang='lat' dir='ltr'><strong>at</strong></span> <span class='ocrx_word' id='word_1_376' title='bbox 972 3581 1117 3629; x_wconf 84' lang='lat' dir='ltr'><strong>certe</strong></span> <span class='ocrx_word' id='word_1_377' title='bbox 1152 3575 1635 3644; x_wconf 77' lang='lat' dir='ltr'><strong>hagiographorum</strong></span> <span class='ocrx_word' id='word_1_378' title='bbox 1665 3590 1795 3630; x_wconf 88' lang='lat' dir='ltr'><strong>con-</strong></span> 
     </span>
    </p>
   </div>
   <div class='ocr_carea' id='block_1_53' title="bbox 228 3666 1795 3736">
    <p class='ocr_par' dir='ltr' id='par_1_53' title="bbox 228 3666 1795 3736">
     <span class='ocr_line' id='line_1_53' title="bbox 228 3666 1795 3736; baseline -0.006 -11"><span class='ocrx_word' id='word_1_379' title='bbox 228 3678 380 3725; x_wconf 73' lang='lat' dir='ltr'><strong>stare</strong></span> <span class='ocrx_word' id='word_1_380' title='bbox 420 3686 527 3721; x_wconf 91' lang='lat' dir='ltr'><strong>non</strong></span> <span class='ocrx_word' id='word_1_381' title='bbox 569 3685 747 3736; x_wconf 87' lang='lat' dir='ltr'><strong>posse,</strong></span> <span class='ocrx_word' id='word_1_382' title='bbox 780 3681 833 3723; x_wconf 86' lang='lat' dir='ltr'><strong>et</strong></span> <span class='ocrx_word' id='word_1_383' title='bbox 865 3669 989 3721; x_wconf 90' lang='lat' dir='ltr'><strong>ideo</strong></span> <span class='ocrx_word' id='word_1_384' title='bbox 1020 3666 1348 3736; x_wconf 82' lang='lat' dir='ltr'><strong>TheOphane</strong></span> <span class='ocrx_word' id='word_1_385' title='bbox 1383 3666 1664 3725; x_wconf 83' lang='lat' dir='ltr'><strong>derelicto,</strong></span> <span class='ocrx_word' id='word_1_386' title='bbox 1700 3666 1795 3736; x_wconf 85' lang='lat' dir='ltr'><strong>Sy-</strong></span> 
     </span>
    </p>
   </div>
   <div class='ocr_carea' id='block_1_54' title="bbox 229 3758 1793 3827">
    <p class='ocr_par' dir='ltr' id='par_1_54' title="bbox 229 3758 1793 3827">
     <span class='ocr_line' id='line_1_54' title="bbox 229 3758 1793 3827; baseline -0.001 -15"><span class='ocrx_word' id='word_1_387' title='bbox 229 3762 452 3812; x_wconf 80' lang='lat' dir='ltr'><strong>naxaria</strong></span> <span class='ocrx_word' id='word_1_388' title='bbox 484 3775 576 3811; x_wconf 87' lang='lat' dir='ltr'><strong>sua</strong></span> <span class='ocrx_word' id='word_1_389' title='bbox 606 3761 783 3827; x_wconf 74' lang='lat' dir='ltr'><strong>potius</strong></span> <span class='ocrx_word' id='word_1_390' title='bbox 815 3776 876 3812; x_wconf 82' lang='lat' dir='ltr'><strong>ex</strong></span> <span class='ocrx_word' id='word_1_391' title='bbox 909 3760 1272 3826; x_wconf 80' lang='lat' dir='ltr'><strong>Metapbraste</strong></span> <span class='ocrx_word' id='word_1_392' title='bbox 1302 3758 1487 3812; x_wconf 81' lang='lat' dir='ltr'><strong>aliisve</strong></span> <span class='ocrx_word' id='word_1_393' title='bbox 1536 3759 1793 3811; x_wconf 84' lang='lat' dir='ltr'><strong>Actorum</strong></span> 
     </span>
    </p>
   </div>
   <div class='ocr_carea' id='block_1_55' title="bbox 227 3848 1793 3916">
    <p class='ocr_par' dir='ltr' id='par_1_55' title="bbox 227 3848 1793 3916">
     <span class='ocr_line' id='line_1_55' title="bbox 227 3848 1793 3916; baseline -0.001 -14"><span class='ocrx_word' id='word_1_394' title='bbox 227 3848 615 3916; x_wconf 82' lang='lat' dir='ltr'><strong>scriptoribus,</strong></span> <span class='ocrx_word' id='word_1_395' title='bbox 671 3857 726 3901; x_wconf 91' lang='lat' dir='ltr'><strong>ut</strong></span> <span class='ocrx_word' id='word_1_396' title='bbox 780 3858 1032 3901; x_wconf 67' lang='lat' dir='ltr'><strong>caeterum</strong></span> <span class='ocrx_word' id='word_1_397' title='bbox 1077 3848 1391 3914; x_wconf 87' lang='lat' dir='ltr'><strong>plerumque</strong></span> <span class='ocrx_word' id='word_1_398' title='bbox 1443 3862 1793 3911; x_wconf 87' lang='lat' dir='ltr'><strong>consuevere,</strong></span> 
     </span>
    </p>
   </div>
   <div class='ocr_carea' id='block_1_56' title="bbox 229 3937 1794 4007">
    <p class='ocr_par' dir='ltr' id='par_1_56' title="bbox 229 3937 1794 4007">
     <span class='ocr_line' id='line_1_56' title="bbox 229 3937 1794 4007; baseline -0.001 -15"><span class='ocrx_word' id='word_1_399' title='bbox 229 3942 554 4007; x_wconf 85' lang='lat' dir='ltr'><strong>depromere</strong></span> <span class='ocrx_word' id='word_1_400' title='bbox 579 3939 909 3992; x_wconf 84' lang='lat' dir='ltr'><strong>maluerunt.</strong></span> <span class='ocrx_word' id='word_1_401' title='bbox 943 3938 1114 3990; x_wconf 87' lang='lat' dir='ltr'><strong>Latini</strong></span> <span class='ocrx_word' id='word_1_402' title='bbox 1148 3952 1177 3991; x_wconf 90' lang='lat' dir='ltr'><strong>e</strong></span> <span class='ocrx_word' id='word_1_403' title='bbox 1201 3937 1474 3991; x_wconf 89' lang='lat' dir='ltr'><strong>contrario</strong></span> <span class='ocrx_word' id='word_1_404' title='bbox 1506 3937 1794 4006; x_wconf 86' lang='lat' dir='ltr'><strong>Theopha-</strong></span> 
     </span>
    </p>
   </div>
   <div class='ocr_carea' id='block_1_57' title="bbox 229 4027 1793 4099">
    <p class='ocr_par' dir='ltr' id='par_1_57' title="bbox 229 4027 1793 4099">
     <span class='ocr_line' id='line_1_57' title="bbox 229 4027 1793 4099; baseline -0.003 -16"><span class='ocrx_word' id='word_1_405' title='bbox 229 4045 359 4083; x_wconf 85' lang='lat' dir='ltr'><strong>nem</strong></span> <span class='ocrx_word' id='word_1_406' title='bbox 386 4039 478 4081; x_wconf 88' lang='lat' dir='ltr'><strong>aut</strong></span> <span class='ocrx_word' id='word_1_407' title='bbox 514 4032 632 4099; x_wconf 82' lang='lat' dir='ltr'><strong>ejus</strong></span> <span class='ocrx_word' id='word_1_408' title='bbox 661 4029 1011 4097; x_wconf 82' lang='lat' dir='ltr'><strong>interpretem</strong></span> <span class='ocrx_word' id='word_1_409' title='bbox 1038 4027 1257 4082; x_wconf 89' lang='lat' dir='ltr'><strong>Paulum</strong></span> <span class='ocrx_word' id='word_1_410' title='bbox 1288 4027 1578 4081; x_wconf 78' lang='lat' dir='ltr'><strong>Diaconum</strong></span> <span class='ocrx_word' id='word_1_411' title='bbox 1602 4028 1793 4090; x_wconf 83' lang='lat' dir='ltr'><strong>secuti,</strong></span> 
     </span>
    </p>
   </div>
   <div class='ocr_carea' id='block_1_58' title="bbox 228 4117 1688 4188">
    <p class='ocr_par' dir='ltr' id='par_1_58' title="bbox 228 4117 1688 4188">
     <span class='ocr_line' id='line_1_58' title="bbox 228 4117 1688 4188; baseline 0 -17"><span class='ocrx_word' id='word_1_412' title='bbox 228 4119 362 4171; x_wconf 81' lang='lat' dir='ltr'><strong>inde</strong></span> <span class='ocrx_word' id='word_1_413' title='bbox 392 4135 508 4188; x_wconf 74' lang='lat' dir='ltr'><strong>qua:</strong></span> <span class='ocrx_word' id='word_1_414' title='bbox 538 4134 566 4171; x_wconf 88' lang='lat' dir='ltr'><strong>a</strong></span> <span class='ocrx_word' id='word_1_415' title='bbox 604 4121 781 4187; x_wconf 88' lang='lat' dir='ltr'><strong>priore</strong></span> <span class='ocrx_word' id='word_1_416' title='bbox 816 4119 1038 4172; x_wconf 79' lang='lat' dir='ltr'><strong>confusa</strong></span> <span class='ocrx_word' id='word_1_417' title='bbox 1073 4117 1290 4171; x_wconf 79' lang='lat' dir='ltr'><strong>fuerant</strong></span> <span class='ocrx_word' id='word_1_418' title='bbox 1327 4119 1688 4172; x_wconf 88' lang='lat' dir='ltr'><strong>retinuerunt.</strong></span> 
     </span>
    </p>
   </div>
   <div class='ocr_carea' id='block_1_59' title="bbox 305 4228 1791 4298">
    <p class='ocr_par' dir='ltr' id='par_1_59' title="bbox 305 4228 1791 4298">
     <span class='ocr_line' id='line_1_59' title="bbox 305 4228 1791 4298; baseline 0.001 -19"><span class='ocrx_word' id='word_1_419' title='bbox 305 4231 392 4283; x_wconf 77' lang='lat' dir='ltr'><strong>l7.</strong></span> <span class='ocrx_word' id='word_1_420' title='bbox 455 4229 523 4284; x_wconf 88' lang='lat' dir='ltr'><strong>Ut</strong></span> <span class='ocrx_word' id='word_1_421' title='bbox 557 4239 734 4283; x_wconf 86' lang='lat' dir='ltr'><strong>autem</strong></span> <span class='ocrx_word' id='word_1_422' title='bbox 783 4230 846 4281; x_wconf 91' lang='lat' dir='ltr'><strong>ad</strong></span> <span class='ocrx_word' id='word_1_423' title='bbox 881 4229 1051 4298; x_wconf 91' lang='lat' dir='ltr'><strong>ipsum</strong></span> <span class='ocrx_word' id='word_1_424' title='bbox 1104 4244 1302 4282; x_wconf 86' lang='lat' dir='ltr'><strong>annum</strong></span> <span class='ocrx_word' id='word_1_425' title='bbox 1342 4228 1620 4296; x_wconf 87' lang='lat' dir='ltr'><strong>utriusque</strong></span> <span class='ocrx_word' id='word_1_426' title='bbox 1651 4243 1791 4281; x_wconf 81' lang='lat' dir='ltr'><strong>mar-</strong></span> 
     </span>
    </p>
   </div>
   <div class='ocr_carea' id='block_1_60' title="bbox 232 4320 1797 4391">
    <p class='ocr_par' dir='ltr' id='par_1_60' title="bbox 232 4320 1797 4391">
     <span class='ocr_line' id='line_1_60' title="bbox 232 4320 1797 4391; baseline 0.001 -17"><span class='ocrx_word' id='word_1_427' title='bbox 232 4321 384 4391; x_wconf 73' lang='lat' dir='ltr'><strong>tyrii,</strong></span> <span class='ocrx_word' id='word_1_428' title='bbox 421 4322 561 4374; x_wconf 88' lang='lat' dir='ltr'><strong>Petri</strong></span> <span class='ocrx_word' id='word_1_429' title='bbox 595 4338 789 4389; x_wconf 85' lang='lat' dir='ltr'><strong>nempe</strong></span> <span class='ocrx_word' id='word_1_430' title='bbox 823 4332 877 4375; x_wconf 88' lang='lat' dir='ltr'><strong>et</strong></span> <span class='ocrx_word' id='word_1_431' title='bbox 907 4320 1151 4384; x_wconf 51' lang='lat' dir='ltr'><strong>Andrei),</strong></span> <span class='ocrx_word' id='word_1_432' title='bbox 1183 4322 1292 4385; x_wconf 87' lang='lat' dir='ltr'><strong>jam</strong></span> <span class='ocrx_word' id='word_1_433' title='bbox 1326 4320 1683 4390; x_wconf 74' lang='lat' dir='ltr'><strong>indagandum</strong></span> <span class='ocrx_word' id='word_1_434' title='bbox 1711 4337 1797 4375; x_wconf 85' lang='lat' dir='ltr'><strong>ac-</strong></span> 
     </span>
    </p>
   </div>
   <div class='ocr_carea' id='block_1_61' title="bbox 231 4410 1792 4481">
    <p class='ocr_par' dir='ltr' id='par_1_61' title="bbox 231 4410 1792 4481">
     <span class='ocr_line' id='line_1_61' title="bbox 231 4410 1792 4481; baseline -0.001 -15"><span class='ocrx_word' id='word_1_435' title='bbox 231 4415 513 4476; x_wconf 83' lang='lat' dir='ltr'><strong>cedamus,</strong></span> <span class='ocrx_word' id='word_1_436' title='bbox 564 4412 641 4466; x_wconf 88' lang='lat' dir='ltr'><strong>sic</strong></span> <span class='ocrx_word' id='word_1_437' title='bbox 696 4410 1041 4481; x_wconf 81' lang='lat' dir='ltr'><strong>Theophanis</strong></span> <span class='ocrx_word' id='word_1_438' title='bbox 1102 4413 1259 4465; x_wconf 71' lang='lat' dir='ltr'><strong>verba</strong></span> <span class='ocrx_word' id='word_1_439' title='bbox 1307 4428 1455 4465; x_wconf 91' lang='lat' dir='ltr'><strong>num.</strong></span> <span class='ocrx_word' id='word_1_440' title='bbox 1518 4415 1583 4465; x_wconf 78' lang='grc'><strong>14</strong></span> <span class='ocrx_word' id='word_1_441' title='bbox 1630 4414 1792 4466; x_wconf 85' lang='lat' dir='ltr'><strong>relata</strong></span> 
     </span>
    </p>
   </div>
   <div class='ocr_carea' id='block_1_62' title="bbox 229 4502 1791 4572">
    <p class='ocr_par' dir='ltr' id='par_1_62' title="bbox 229 4502 1791 4572">
     <span class='ocr_line' id='line_1_62' title="bbox 229 4502 1791 4572; baseline -0.002 -15"><span class='ocrx_word' id='word_1_442' title='bbox 229 4511 628 4572; x_wconf 80' lang='lat' dir='ltr'><strong>consequenter</strong></span> <span class='ocrx_word' id='word_1_443' title='bbox 657 4503 721 4555; x_wconf 86' lang='lat' dir='ltr'><strong>ad</strong></span> <span class='ocrx_word' id='word_1_444' title='bbox 759 4503 901 4555; x_wconf 85' lang='lat' dir='ltr'><strong>dicta</strong></span> <span class='ocrx_word' id='word_1_445' title='bbox 932 4503 1353 4571; x_wconf 88' lang='lat' dir='ltr'><strong>interpretamur</strong></span> <span class='ocrx_word' id='word_1_446' title='bbox 1386 4520 1398 4555; x_wconf 94' lang='lat'>:</span> <span class='ocrx_word' id='word_1_447' title='bbox 1431 4503 1587 4556; x_wconf 77' lang='lat' dir='ltr'><strong>Anno</strong></span> <span class='ocrx_word' id='word_1_448' title='bbox 1608 4502 1791 4556; x_wconf 87' lang='lat' dir='ltr'><strong>mundi</strong></span> 
     </span>
    </p>
   </div>
   <div class='ocr_carea' id='block_1_63' title="bbox 229 4592 1793 4665">
    <p class='ocr_par' dir='ltr' id='par_1_63' title="bbox 229 4592 1793 4665">
     <span class='ocr_line' id='line_1_63' title="bbox 229 4592 1793 4665; baseline 0 -19"><span class='ocrx_word' id='word_1_449' title='bbox 229 4592 394 4654; x_wconf 68' lang='lat'><strong>6255,</strong></span> <span class='ocrx_word' id='word_1_450' title='bbox 428 4609 521 4647; x_wconf 87' lang='lat' dir='ltr'><strong>seu</strong></span> <span class='ocrx_word' id='word_1_451' title='bbox 556 4594 616 4647; x_wconf 72' lang='grc'><strong>21</strong></span> <span class='ocrx_word' id='word_1_452' title='bbox 653 4592 974 4662; x_wconf 74' lang='lat' dir='ltr'><strong>Coprouymi</strong></span> <span class='ocrx_word' id='word_1_453' title='bbox 1033 4593 1259 4665; x_wconf 72' lang='lat' dir='ltr'><strong>contigit</strong></span> <span class='ocrx_word' id='word_1_454' title='bbox 1306 4596 1642 4664; x_wconf 79' lang='lat' dir='ltr'><strong>martyrium,</strong></span> <span class='ocrx_word' id='word_1_455' title='bbox 1685 4607 1793 4648; x_wconf 86' lang='lat' dir='ltr'><strong>non</strong></span> 
     </span>
    </p>
   </div>
   <div class='ocr_carea' id='block_1_64' title="bbox 234 4682 1793 4752">
    <p class='ocr_par' dir='ltr' id='par_1_64' title="bbox 234 4682 1793 4752">
     <span class='ocr_line' id='line_1_64' title="bbox 234 4682 1793 4752; baseline -0.001 -16"><span class='ocrx_word' id='word_1_456' title='bbox 234 4696 294 4736; x_wconf 85' lang='lat' dir='ltr'><strong>ut</strong></span> <span class='ocrx_word' id='word_1_457' title='bbox 325 4684 687 4752; x_wconf 83' lang='lat' dir='ltr'><strong>Theophanes</strong></span> <span class='ocrx_word' id='word_1_458' title='bbox 732 4684 941 4747; x_wconf 86' lang='lat' dir='ltr'><strong>scribit,</strong></span> <span class='ocrx_word' id='word_1_459' title='bbox 990 4686 1216 4735; x_wconf 70' lang='lat' dir='ltr'><strong>Andreae</strong></span> <span class='ocrx_word' id='word_1_460' title='bbox 1263 4682 1519 4752; x_wconf 71' lang='lat' dir='ltr'><strong>Calybita:</strong></span> <span class='ocrx_word' id='word_1_461' title='bbox 1573 4685 1624 4735; x_wconf 91' lang='lat' dir='ltr'><strong>in</strong></span> <span class='ocrx_word' id='word_1_462' title='bbox 1673 4683 1793 4735; x_wconf 83' lang='lat' dir='ltr'><strong>Bla-</strong></span> 
     </span>
    </p>
   </div>
   <div class='ocr_carea' id='block_1_65' title="bbox 230 4774 1791 4845">
    <p class='ocr_par' dir='ltr' id='par_1_65' title="bbox 230 4774 1791 4845">
     <span class='ocr_line' id='line_1_65' title="bbox 230 4774 1791 4845; baseline 0.002 -19"><span class='ocrx_word' id='word_1_463' title='bbox 230 4777 478 4838; x_wconf 79' lang='lat' dir='ltr'><strong>chernis,</strong></span> <span class='ocrx_word' id='word_1_464' title='bbox 516 4777 609 4828; x_wconf 88' lang='lat' dir='ltr'><strong>sed</strong></span> <span class='ocrx_word' id='word_1_465' title='bbox 643 4774 787 4827; x_wconf 78' lang='lat' dir='ltr'><strong>Petri</strong></span> <span class='ocrx_word' id='word_1_466' title='bbox 818 4775 1072 4845; x_wconf 71' lang='lat' dir='ltr'><strong>Calyhitte</strong></span> <span class='ocrx_word' id='word_1_467' title='bbox 1100 4776 1149 4828; x_wconf 93' lang='lat' dir='ltr'><strong>in</strong></span> <span class='ocrx_word' id='word_1_468' title='bbox 1186 4774 1533 4841; x_wconf 82' lang='lat' dir='ltr'><strong>Blacheruis;</strong></span> <span class='ocrx_word' id='word_1_469' title='bbox 1568 4787 1620 4828; x_wconf 87' lang='lat' dir='ltr'><strong>et</strong></span> <span class='ocrx_word' id='word_1_470' title='bbox 1649 4790 1791 4829; x_wconf 89' lang='lat' dir='ltr'><strong>anno</strong></span> 
     </span>
    </p>
   </div>
   <div class='ocr_carea' id='block_1_66' title="bbox 230 4864 1791 4936">
    <p class='ocr_par' dir='ltr' id='par_1_66' title="bbox 230 4864 1791 4936">
     <span class='ocr_line' id='line_1_66' title="bbox 230 4864 1791 4936; baseline -0.001 -17"><span class='ocrx_word' id='word_1_471' title='bbox 230 4867 423 4920; x_wconf 87' lang='lat' dir='ltr'><strong>mundi</strong></span> <span class='ocrx_word' id='word_1_472' title='bbox 461 4866 617 4929; x_wconf 74' lang='lat'><strong>6259,</strong></span> <span class='ocrx_word' id='word_1_473' title='bbox 654 4864 977 4934; x_wconf 61' lang='lat' dir='ltr'><strong>(leprouymi</strong></span> <span class='ocrx_word' id='word_1_474' title='bbox 1029 4876 1207 4919; x_wconf 88' lang='lat' dir='ltr'><strong>autem</strong></span> <span class='ocrx_word' id='word_1_475' title='bbox 1238 4867 1327 4931; x_wconf 76' lang='lat'><strong>9.7,</strong></span> <span class='ocrx_word' id='word_1_476' title='bbox 1372 4867 1686 4936; x_wconf 83' lang='lat' dir='ltr'><strong>martyrium</strong></span> <span class='ocrx_word' id='word_1_477' title='bbox 1739 4870 1791 4918; x_wconf 88' lang='lat' dir='ltr'><strong>in</strong></span> 
     </span>
    </p>
   </div>
   <div class='ocr_carea' id='block_1_67' title="bbox 227 4958 1793 5028">
    <p class='ocr_par' dir='ltr' id='par_1_67' title="bbox 227 4958 1793 5028">
     <span class='ocr_line' id='line_1_67' title="bbox 227 4958 1793 5028; baseline 0.001 -21"><span class='ocrx_word' id='word_1_478' title='bbox 227 4958 555 5028; x_wconf 81' lang='lat' dir='ltr'><strong>quibusdam</strong></span> <span class='ocrx_word' id='word_1_479' title='bbox 599 4958 792 5018; x_wconf 82' lang='lat' dir='ltr'><strong>simile,</strong></span> <span class='ocrx_word' id='word_1_480' title='bbox 827 4964 917 5009; x_wconf 86' lang='lat' dir='ltr'><strong>sed</strong></span> <span class='ocrx_word' id='word_1_481' title='bbox 947 4958 1212 5010; x_wconf 73' lang='lat' dir='ltr'><strong>diversam</strong></span> <span class='ocrx_word' id='word_1_482' title='bbox 1269 4968 1495 5010; x_wconf 89' lang='lat' dir='ltr'><strong>mortem</strong></span> <span class='ocrx_word' id='word_1_483' title='bbox 1532 4968 1584 5010; x_wconf 88' lang='lat' dir='ltr'><strong>et</strong></span> <span class='ocrx_word' id='word_1_484' title='bbox 1614 4958 1793 5026; x_wconf 90' lang='lat' dir='ltr'><strong>sepul-</strong></span> 
     </span>
    </p>
   </div>
   <div class='ocr_carea' id='block_1_68' title="bbox 231 5053 1792 5123">
    <p class='ocr_par' dir='ltr' id='par_1_68' title="bbox 231 5053 1792 5123">
     <span class='ocr_line' id='line_1_68' title="bbox 231 5053 1792 5123; baseline 0.001 -17"><span class='ocrx_word' id='word_1_485' title='bbox 231 5058 412 5107; x_wconf 82' lang='lat' dir='ltr'><strong>turam</strong></span> <span class='ocrx_word' id='word_1_486' title='bbox 446 5064 637 5105; x_wconf 85' lang='lat' dir='ltr'><strong>nactus</strong></span> <span class='ocrx_word' id='word_1_487' title='bbox 666 5063 749 5107; x_wconf 91' lang='lat' dir='ltr'><strong>est</strong></span> <span class='ocrx_word' id='word_1_488' title='bbox 793 5055 849 5107; x_wconf 88' lang='grc'><strong>5.</strong></span> <span class='ocrx_word' id='word_1_489' title='bbox 878 5054 1142 5114; x_wconf 83' lang='lat' dir='ltr'><strong>Andreas.</strong></span> <span class='ocrx_word' id='word_1_490' title='bbox 1175 5055 1261 5123; x_wconf 88' lang='lat' dir='ltr'><strong>qui</strong></span> <span class='ocrx_word' id='word_1_491' title='bbox 1294 5070 1318 5106; x_wconf 89' lang='lat' dir='ltr'><strong>a</strong></span> <span class='ocrx_word' id='word_1_492' title='bbox 1352 5053 1645 5121; x_wconf 72' lang='lat' dir='ltr'><strong>sepultura:</strong></span> <span class='ocrx_word' id='word_1_493' title='bbox 1674 5054 1792 5108; x_wconf 86' lang='lat' dir='ltr'><strong>loco</strong></span> 
     </span>
    </p>
   </div>
   <div class='ocr_carea' id='block_1_69' title="bbox 226 5144 1792 5215">
    <p class='ocr_par' dir='ltr' id='par_1_69' title="bbox 226 5144 1792 5215">
     <span class='ocr_line' id='line_1_69' title="bbox 226 5144 1792 5215; baseline 0 -15"><span class='ocrx_word' id='word_1_494' title='bbox 226 5148 408 5200; x_wconf 84' lang='lat' dir='ltr'><strong>dictus</strong></span> <span class='ocrx_word' id='word_1_495' title='bbox 445 5153 526 5197; x_wconf 81' lang='lat' dir='ltr'><strong>est</strong></span> <span class='ocrx_word' id='word_1_496' title='bbox 554 5144 604 5195; x_wconf 92' lang='lat' dir='ltr'><strong>in</strong></span> <span class='ocrx_word' id='word_1_497' title='bbox 630 5145 787 5197; x_wconf 70' lang='lat' dir='ltr'><strong>tirisi.</strong></span> <span class='ocrx_word' id='word_1_498' title='bbox 824 5146 893 5198; x_wconf 87' lang='lat' dir='ltr'><strong>De</strong></span> <span class='ocrx_word' id='word_1_499' title='bbox 920 5151 1077 5199; x_wconf 85' lang='lat' dir='ltr'><strong>annis</strong></span> <span class='ocrx_word' id='word_1_500' title='bbox 1103 5162 1130 5197; x_wconf 86' lang='lat' dir='ltr'><strong>a</strong></span> <span class='ocrx_word' id='word_1_501' title='bbox 1154 5146 1481 5213; x_wconf 74' lang='lat' dir='ltr'><strong>Theophane</strong></span> <span class='ocrx_word' id='word_1_502' title='bbox 1510 5146 1792 5215; x_wconf 80' lang='lat' dir='ltr'><strong>assignatis</strong></span> 
     </span>
    </p>
   </div>
   <div class='ocr_carea' id='block_1_70' title="bbox 222 5236 1792 5309">
    <p class='ocr_par' dir='ltr' id='par_1_70' title="bbox 222 5236 1792 5309">
     <span class='ocr_line' id='line_1_70' title="bbox 222 5236 1792 5309; baseline 0 -18"><span class='ocrx_word' id='word_1_503' title='bbox 222 5238 551 5309; x_wconf 81' lang='lat' dir='ltr'><strong>jamdudum</strong></span> <span class='ocrx_word' id='word_1_504' title='bbox 612 5236 983 5291; x_wconf 86' lang='lat' dir='ltr'><strong>Henschenius</strong></span> <span class='ocrx_word' id='word_1_505' title='bbox 1058 5240 1360 5292; x_wconf 80' lang='lat' dir='ltr'><strong>adverterat</strong></span> <span class='ocrx_word' id='word_1_506' title='bbox 1441 5237 1508 5291; x_wconf 89' lang='lat' dir='ltr'><strong>ab</strong></span> <span class='ocrx_word' id='word_1_507' title='bbox 1565 5238 1792 5304; x_wconf 88' lang='lat' dir='ltr'><strong>imperio</strong></span> 
     </span>
    </p>
   </div>
   <div class='ocr_carea' id='block_1_71' title="bbox 308 5365 1789 5437">
    <p class='ocr_par' dir='ltr' id='par_1_71' title="bbox 308 5365 1789 5437">
     <span class='ocr_line' id='line_1_71' title="bbox 308 5365 1789 5437; baseline 0.001 -18"><span class='ocrx_word' id='word_1_508' title='bbox 308 5370 420 5433; x_wconf 68' lang='grc' dir='ltr'><strong>με)</strong></span> <span class='ocrx_word' id='word_1_509' title='bbox 457 5367 1021 5437; x_wconf 70' lang='lat' dir='ltr'><strong>&#39;l‘heOph.(;hronogr.</strong></span> <span class='ocrx_word' id='word_1_510' title='bbox 1058 5369 1194 5422; x_wconf 86' lang='lat' dir='ltr'><strong>Edit.</strong></span> <span class='ocrx_word' id='word_1_511' title='bbox 1224 5368 1415 5437; x_wconf 84' lang='lat' dir='ltr'><strong>Bonn_.,</strong></span> <span class='ocrx_word' id='word_1_512' title='bbox 1452 5375 1488 5422; x_wconf 78' lang='lat' dir='ltr'><strong>t.</strong></span> <span class='ocrx_word' id='word_1_513' title='bbox 1526 5368 1563 5433; x_wconf 85' lang='grc'><strong>1,</strong></span> <span class='ocrx_word' id='word_1_514' title='bbox 1590 5382 1643 5434; x_wconf 90' lang='lat' dir='ltr'><strong>p.</strong></span> <span class='ocrx_word' id='word_1_515' title='bbox 1666 5365 1789 5421; x_wconf 72' lang='grc' dir='ltr'><strong>θη.</strong></span> 
     </span>
    </p>
   </div>
   <div class='ocr_carea' id='block_1_72' title="bbox 308 5435 1785 5509">
    <p class='ocr_par' dir='ltr' id='par_1_72' title="bbox 308 5435 1785 5509">
     <span class='ocr_line' id='line_1_72' title="bbox 308 5435 1785 5509; baseline -0.001 -19"><span class='ocrx_word' id='word_1_516' title='bbox 308 5440 424 5507; x_wconf 53' lang='grc'><strong>147)</strong></span> <span class='ocrx_word' id='word_1_517' title='bbox 462 5439 516 5490; x_wconf 83' lang='grc' dir='ltr'><strong>1η</strong></span> <span class='ocrx_word' id='word_1_518' title='bbox 548 5452 665 5509; x_wconf 65' lang='lat' dir='ltr'><strong>eius</strong></span> <span class='ocrx_word' id='word_1_519' title='bbox 692 5437 829 5500; x_wconf 67' lang='lat' dir='ltr'><strong>Vita,</strong></span> <span class='ocrx_word' id='word_1_520' title='bbox 865 5452 903 5493; x_wconf 90' lang='lat' dir='ltr'><strong>t.</strong></span> <span class='ocrx_word' id='word_1_521' title='bbox 940 5435 994 5492; x_wconf 73' lang='grc' dir='ltr'><strong>[ιο</strong></span> <span class='ocrx_word' id='word_1_522' title='bbox 1012 5438 1204 5505; x_wconf 81' lang='lat' dir='ltr'><strong>Martii,</strong></span> <span class='ocrx_word' id='word_1_523' title='bbox 1233 5456 1282 5507; x_wconf 91' lang='lat' dir='ltr'><strong>p.</strong></span> <span class='ocrx_word' id='word_1_524' title='bbox 1317 5435 1440 5494; x_wconf 70' lang='lat'><strong>9.90.</strong></span> <span class='ocrx_word' id='word_1_525' title='bbox 1480 5456 1532 5490; x_wconf 75' lang='grc' dir='ltr'><strong>ιι.</strong></span> <span class='ocrx_word' id='word_1_526' title='bbox 1571 5439 1629 5490; x_wconf 74' lang='grc'><strong>14</strong></span> <span class='ocrx_word' id='word_1_527' title='bbox 1662 5447 1785 5509; x_wconf 84' lang='lat' dir='ltr'><strong>etp.</strong></span> 
     </span>
    </p>
   </div>
   <div class='ocr_carea' id='block_1_73' title="bbox 221 5507 590 5564">
    <p class='ocr_par' dir='ltr' id='par_1_73' title="bbox 221 5507 590 5564">
     <span class='ocr_line' id='line_1_73' title="bbox 221 5507 590 5564; baseline -0.005 -2"><span class='ocrx_word' id='word_1_528' title='bbox 221 5510 360 5564; x_wconf 73' lang='grc'><strong>217,</strong></span> <span class='ocrx_word' id='word_1_529' title='bbox 400 5519 513 5559; x_wconf 81' lang='lat' dir='ltr'><strong>not.</strong></span> <span class='ocrx_word' id='word_1_530' title='bbox 539 5507 590 5560; x_wconf 77' lang='lat' dir='ltr'><strong>k.</strong></span> 
     </span>
    </p>
   </div>
   <div class='ocr_carea' id='block_1_74' title="bbox 303 5580 901 5649">
    <p class='ocr_par' dir='ltr' id='par_1_74' title="bbox 303 5580 901 5649">
     <span class='ocr_line' id='line_1_74' title="bbox 303 5580 901 5649; baseline 0.002 -18"><span class='ocrx_word' id='word_1_531' title='bbox 303 5582 420 5649; x_wconf 71' lang='grc'><strong>(48)</strong></span> <span class='ocrx_word' id='word_1_532' title='bbox 449 5580 728 5649; x_wconf 45' lang='lat' dir='ltr'><strong>tioc._cit.,</strong></span> <span class='ocrx_word' id='word_1_533' title='bbox 760 5594 814 5646; x_wconf 87' lang='lat' dir='ltr'><strong>p.</strong></span> <span class='ocrx_word' id='word_1_534' title='bbox 850 5581 901 5632; x_wconf 81' lang='grc'><strong>5.</strong></span> 
     </span>
    </p>
   </div>
   <div class='ocr_carea' id='block_1_75' title="bbox 306 5647 1275 5720">
    <p class='ocr_par' dir='ltr' id='par_1_75' title="bbox 306 5647 1275 5720">
     <span class='ocr_line' id='line_1_75' title="bbox 306 5647 1275 5720; baseline 0.004 -22"><span class='ocrx_word' id='word_1_535' title='bbox 306 5647 425 5720; x_wconf 63' lang='grc'><strong>(49)</strong></span> <span class='ocrx_word' id='word_1_536' title='bbox 457 5647 525 5720; x_wconf 81' lang='lat' dir='ltr'><strong>_T.</strong></span> <span class='ocrx_word' id='word_1_537' title='bbox 553 5647 618 5701; x_wconf 89' lang='lat' dir='ltr'><strong>Ill</strong></span> <span class='ocrx_word' id='word_1_538' title='bbox 650 5649 842 5712; x_wconf 84' lang='lat' dir='ltr'><strong>Martii,</strong></span> <span class='ocrx_word' id='word_1_539' title='bbox 867 5664 923 5720; x_wconf 78' lang='grc' dir='ltr'><strong>ι).</strong></span> <span class='ocrx_word' id='word_1_540' title='bbox 956 5649 1073 5718; x_wconf 82' lang='lat' dir='ltr'><strong>vui,</strong></span> <span class='ocrx_word' id='word_1_541' title='bbox 1108 5668 1162 5703; x_wconf 85' lang='grc' dir='ltr'>η.</span> <span class='ocrx_word' id='word_1_542' title='bbox 1196 5650 1275 5702; x_wconf 88' lang='grc'>17.</span> 
     </span>
    </p>
   </div>
   <div class='ocr_carea' id='block_1_76' title="bbox 303 5717 1015 5787">
    <p class='ocr_par' dir='ltr' id='par_1_76' title="bbox 303 5717 1015 5787">
     <span class='ocr_line' id='line_1_76' title="bbox 303 5717 1015 5787; baseline 0.001 -16"><span class='ocrx_word' id='word_1_543' title='bbox 303 5718 418 5787; x_wconf 79' lang='grc'><strong>(50)</strong></span> <span class='ocrx_word' id='word_1_544' title='bbox 453 5717 610 5787; x_wconf 83' lang='grc' dir='ltr'><strong>11›ἱ‹1.,</strong></span> <span class='ocrx_word' id='word_1_545' title='bbox 649 5735 702 5787; x_wconf 91' lang='lat' dir='ltr'><strong>p.</strong></span> <span class='ocrx_word' id='word_1_546' title='bbox 743 5736 814 5784; x_wconf 70' lang='lat' dir='ltr'><strong>is,</strong></span> <span class='ocrx_word' id='word_1_547' title='bbox 848 5717 905 5772; x_wconf 77' lang='grc' dir='ltr'>ιῐ.</span> <span class='ocrx_word' id='word_1_548' title='bbox 935 5721 1015 5773; x_wconf 83' lang='grc'><strong>18.</strong></span> 
     </span>
    </p>
   </div>
   <div class='ocr_carea' id='block_1_77' title="bbox 295 5786 756 5856">
    <p class='ocr_par' dir='ltr' id='par_1_77' title="bbox 295 5786 756 5856">
     <span class='ocr_line' id='line_1_77' title="bbox 295 5786 756 5856; baseline 0 -14"><span class='ocrx_word' id='word_1_549' title='bbox 295 5791 421 5854; x_wconf 76' lang='grc'><strong>(51)</strong></span> <span class='ocrx_word' id='word_1_550' title='bbox 448 5786 610 5853; x_wconf 84' lang='lat' dir='ltr'><strong>lbid.,</strong></span> <span class='ocrx_word' id='word_1_551' title='bbox 637 5786 686 5856; x_wconf 78' lang='lat' dir='ltr'><strong>p.</strong></span> <span class='ocrx_word' id='word_1_552' title='bbox 722 5808 756 5845; x_wconf 90' lang='grc' dir='ltr'><strong>ι.</strong></span> 
     </span>
    </p>
   </div>
   <div class='ocr_carea' id='block_1_78' title="bbox 1897 1936 3459 2009">
    <p class='ocr_par' dir='ltr' id='par_1_78' title="bbox 1897 1936 3459 2009">
     <span class='ocr_line' id='line_1_78' title="bbox 1897 1936 3459 2009; baseline 0 -19"><span class='ocrx_word' id='word_1_553' title='bbox 1897 1953 1959 1991; x_wconf 68' lang='lat' dir='ltr'><strong>ex</strong></span> <span class='ocrx_word' id='word_1_554' title='bbox 2013 1953 2160 1992; x_wconf 86' lang='lat' dir='ltr'><strong>more</strong></span> <span class='ocrx_word' id='word_1_555' title='bbox 2192 1938 2523 1999; x_wconf 64' lang='lat' dir='ltr'><strong>Graecorum,</strong></span> <span class='ocrx_word' id='word_1_556' title='bbox 2553 1952 2738 1991; x_wconf 88' lang='lat' dir='ltr'><strong>mense</strong></span> <span class='ocrx_word' id='word_1_557' title='bbox 2773 1936 3079 2008; x_wconf 87' lang='lat' dir='ltr'><strong>Septembri</strong></span> <span class='ocrx_word' id='word_1_558' title='bbox 3129 1938 3253 1991; x_wconf 91' lang='lat' dir='ltr'><strong>anni</strong></span> <span class='ocrx_word' id='word_1_559' title='bbox 3299 1940 3459 2009; x_wconf 73' lang='lat'><strong>760</strong></span> 
     </span>
    </p>
   </div>
   <div class='ocr_carea' id='block_1_79' title="bbox 1897 2030 3455 2100">
    <p class='ocr_par' dir='ltr' id='par_1_79' title="bbox 1897 2030 3455 2100">
     <span class='ocr_line' id='line_1_79' title="bbox 1897 2030 3455 2100; baseline 0.001 -16"><span class='ocrx_word' id='word_1_560' title='bbox 1897 2038 1956 2084; x_wconf 91' lang='lat' dir='ltr'><strong>ut</strong></span> <span class='ocrx_word' id='word_1_561' title='bbox 2000 2046 2173 2099; x_wconf 84' lang='lat' dir='ltr'><strong>usque</strong></span> <span class='ocrx_word' id='word_1_562' title='bbox 2218 2030 2283 2084; x_wconf 86' lang='lat' dir='ltr'><strong>ad</strong></span> <span class='ocrx_word' id='word_1_563' title='bbox 2334 2030 2706 2100; x_wconf 88' lang='lat' dir='ltr'><strong>Septembrem</strong></span> <span class='ocrx_word' id='word_1_564' title='bbox 2763 2032 2889 2083; x_wconf 88' lang='lat' dir='ltr'><strong>anni</strong></span> <span class='ocrx_word' id='word_1_565' title='bbox 2957 2030 3050 2084; x_wconf 80' lang='lat' dir='ltr'><strong>76l</strong></span> <span class='ocrx_word' id='word_1_566' title='bbox 3108 2033 3455 2093; x_wconf 84' lang='lat' dir='ltr'><strong>decurreret,</strong></span> 
     </span>
    </p>
   </div>
   <div class='ocr_carea' id='block_1_80' title="bbox 1896 2120 3458 2189">
    <p class='ocr_par' dir='ltr' id='par_1_80' title="bbox 1896 2120 3458 2189">
     <span class='ocr_line' id='line_1_80' title="bbox 1896 2120 3458 2189; baseline 0.002 -13"><span class='ocrx_word' id='word_1_567' title='bbox 1896 2122 2090 2177; x_wconf 79' lang='lat' dir='ltr'><strong>exinde</strong></span> <span class='ocrx_word' id='word_1_568' title='bbox 2139 2121 2415 2189; x_wconf 84' lang='lat' dir='ltr'><strong>probabile</strong></span> <span class='ocrx_word' id='word_1_569' title='bbox 2464 2123 2521 2175; x_wconf 78' lang='lat' dir='ltr'><strong>lit</strong></span> <span class='ocrx_word' id='word_1_570' title='bbox 2557 2123 2613 2177; x_wconf 88' lang='grc'><strong>5.</strong></span> <span class='ocrx_word' id='word_1_571' title='bbox 2660 2120 2877 2175; x_wconf 86' lang='lat' dir='ltr'><strong>Petrum</strong></span> <span class='ocrx_word' id='word_1_572' title='bbox 2922 2122 2988 2176; x_wconf 85' lang='lat' dir='ltr'><strong>de</strong></span> <span class='ocrx_word' id='word_1_573' title='bbox 3025 2121 3335 2179; x_wconf 84' lang='lat' dir='ltr'><strong>Blachernis</strong></span> <span class='ocrx_word' id='word_1_574' title='bbox 3369 2142 3458 2179; x_wconf 87' lang='lat' dir='ltr'><strong>oc-</strong></span> 
     </span>
    </p>
   </div>
   <div class='ocr_carea' id='block_1_81' title="bbox 1896 2210 3455 2277">
    <p class='ocr_par' dir='ltr' id='par_1_81' title="bbox 1896 2210 3455 2277">
     <span class='ocr_line' id='line_1_81' title="bbox 1896 2210 3455 2277; baseline 0.003 -13"><span class='ocrx_word' id='word_1_575' title='bbox 1896 2213 2065 2264; x_wconf 89' lang='lat' dir='ltr'><strong>cisum</strong></span> <span class='ocrx_word' id='word_1_576' title='bbox 2105 2225 2224 2264; x_wconf 84' lang='lat' dir='ltr'><strong>esse</strong></span> <span class='ocrx_word' id='word_1_577' title='bbox 2259 2210 2344 2277; x_wconf 90' lang='lat' dir='ltr'><strong>die</strong></span> <span class='ocrx_word' id='word_1_578' title='bbox 2375 2228 2460 2263; x_wconf 77' lang='grc' dir='ltr'><strong>χνι</strong></span> <span class='ocrx_word' id='word_1_579' title='bbox 2496 2212 2614 2263; x_wconf 83' lang='lat' dir='ltr'><strong>Maii</strong></span> <span class='ocrx_word' id='word_1_580' title='bbox 2642 2212 2768 2268; x_wconf 83' lang='lat' dir='ltr'><strong>dicti</strong></span> <span class='ocrx_word' id='word_1_581' title='bbox 2812 2215 2940 2264; x_wconf 77' lang='lat' dir='ltr'><strong>anni</strong></span> <span class='ocrx_word' id='word_1_582' title='bbox 2973 2213 3091 2265; x_wconf 87' lang='grc'><strong>761.</strong></span> <span class='ocrx_word' id='word_1_583' title='bbox 3120 2213 3263 2266; x_wconf 86' lang='lat' dir='ltr'><strong>Diem</strong></span> <span class='ocrx_word' id='word_1_584' title='bbox 3307 2215 3455 2269; x_wconf 89' lang='lat' dir='ltr'><strong>illum</strong></span> 
     </span>
    </p>
   </div>
   <div class='ocr_carea' id='block_1_82' title="bbox 1896 2304 3454 2374">
    <p class='ocr_par' dir='ltr' id='par_1_82' title="bbox 1896 2304 3454 2374">
     <span class='ocr_line' id='line_1_82' title="bbox 1896 2304 3454 2374; baseline 0.002 -17"><span class='ocrx_word' id='word_1_585' title='bbox 1896 2305 2040 2357; x_wconf 89' lang='lat' dir='ltr'><strong>enim</strong></span> <span class='ocrx_word' id='word_1_586' title='bbox 2107 2304 2343 2372; x_wconf 74' lang='lat' dir='ltr'><strong>assignat</strong></span> <span class='ocrx_word' id='word_1_587' title='bbox 2417 2304 2828 2373; x_wconf 82' lang='lat' dir='ltr'><strong>antiquissimus</strong></span> <span class='ocrx_word' id='word_1_588' title='bbox 2908 2305 3283 2374; x_wconf 80' lang='lat' dir='ltr'><strong>Synaxaristes</strong></span> <span class='ocrx_word' id='word_1_589' title='bbox 3355 2305 3454 2360; x_wconf 83' lang='lat' dir='ltr'><strong>Ms.</strong></span> 
     </span>
    </p>
   </div>
   <div class='ocr_carea' id='block_1_83' title="bbox 1896 2393 3461 2467">
    <p class='ocr_par' dir='ltr' id='par_1_83' title="bbox 1896 2393 3461 2467">
     <span class='ocr_line' id='line_1_83' title="bbox 1896 2393 3461 2467; baseline -0.001 -18"><span class='ocrx_word' id='word_1_590' title='bbox 1896 2412 2053 2465; x_wconf 90' lang='lat' dir='ltr'><strong>quem</strong></span> <span class='ocrx_word' id='word_1_591' title='bbox 2082 2393 2486 2464; x_wconf 87' lang='lat' dir='ltr'><strong>Papebrochius</strong></span> <span class='ocrx_word' id='word_1_592' title='bbox 2515 2409 2544 2447; x_wconf 88' lang='lat' dir='ltr'><strong>a</strong></span> <span class='ocrx_word' id='word_1_593' title='bbox 2580 2394 2848 2448; x_wconf 83' lang='lat' dir='ltr'><strong>Chimetio</strong></span> <span class='ocrx_word' id='word_1_594' title='bbox 2911 2404 3098 2448; x_wconf 90' lang='lat' dir='ltr'><strong>nostro</strong></span> <span class='ocrx_word' id='word_1_595' title='bbox 3146 2397 3195 2448; x_wconf 90' lang='lat' dir='ltr'><strong>in</strong></span> <span class='ocrx_word' id='word_1_596' title='bbox 3235 2397 3461 2467; x_wconf 76' lang='lat' dir='ltr'><strong>collegio</strong></span> 
     </span>
    </p>
   </div>
   <div class='ocr_carea' id='block_1_84' title="bbox 1900 2487 2912 2557">
    <p class='ocr_par' dir='ltr' id='par_1_84' title="bbox 1900 2487 2912 2557">
     <span class='ocr_line' id='line_1_84' title="bbox 1900 2487 2912 2557; baseline -0.003 -15"><span class='ocrx_word' id='word_1_597' title='bbox 1900 2488 2208 2543; x_wconf 75' lang='lat' dir='ltr'><strong>Divionensi</strong></span> <span class='ocrx_word' id='word_1_598' title='bbox 2243 2487 2653 2542; x_wconf 83' lang='lat' dir='ltr'><strong>exscribendum</strong></span> <span class='ocrx_word' id='word_1_599' title='bbox 2684 2487 2912 2557; x_wconf 81' lang='lat' dir='ltr'><strong>accepit.</strong></span> 
     </span>
    </p>
   </div>
   <div class='ocr_carea' id='block_1_85' title="bbox 1967 2582 3456 2651">
    <p class='ocr_par' dir='ltr' id='par_1_85' title="bbox 1967 2582 3456 2651">
     <span class='ocr_line' id='line_1_85' title="bbox 1967 2582 3456 2651; baseline 0.001 -15"><span class='ocrx_word' id='word_1_600' title='bbox 1967 2584 2054 2636; x_wconf 87' lang='grc'>18.</span> <span class='ocrx_word' id='word_1_601' title='bbox 2093 2586 2281 2635; x_wconf 81' lang='lat' dir='ltr'><strong>Annus</strong></span> <span class='ocrx_word' id='word_1_602' title='bbox 2313 2582 2551 2650; x_wconf 75' lang='lat' dir='ltr'><strong>martyrii</strong></span> <span class='ocrx_word' id='word_1_603' title='bbox 2599 2585 2655 2635; x_wconf 84' lang='lat' dir='ltr'><strong>S.</strong></span> <span class='ocrx_word' id='word_1_604' title='bbox 2715 2584 2949 2637; x_wconf 75' lang='lat' dir='ltr'><strong>Andreae</strong></span> <span class='ocrx_word' id='word_1_605' title='bbox 3004 2584 3055 2637; x_wconf 94' lang='lat' dir='ltr'><strong>iu</strong></span> <span class='ocrx_word' id='word_1_606' title='bbox 3098 2584 3232 2638; x_wconf 85' lang='lat' dir='ltr'><strong>Crisi</strong></span> <span class='ocrx_word' id='word_1_607' title='bbox 3283 2584 3456 2651; x_wconf 59' lang='lat' dir='ltr'><strong>duplic</strong></span> 
     </span>
    </p>
   </div>
   <div class='ocr_carea' id='block_1_86' title="bbox 1897 2671 3458 2741">
    <p class='ocr_par' dir='ltr' id='par_1_86' title="bbox 1897 2671 3458 2741">
     <span class='ocr_line' id='line_1_86' title="bbox 1897 2671 3458 2741; baseline 0 -14"><span class='ocrx_word' id='word_1_608' title='bbox 1897 2674 2032 2727; x_wconf 86' lang='lat' dir='ltr'><strong>citer</strong></span> <span class='ocrx_word' id='word_1_609' title='bbox 2064 2672 2264 2741; x_wconf 85' lang='lat' dir='ltr'><strong>inquiri</strong></span> <span class='ocrx_word' id='word_1_610' title='bbox 2326 2686 2390 2724; x_wconf 89' lang='lat' dir='ltr'><strong>ac</strong></span> <span class='ocrx_word' id='word_1_611' title='bbox 2444 2671 2606 2726; x_wconf 92' lang='lat' dir='ltr'><strong>statui</strong></span> <span class='ocrx_word' id='word_1_612' title='bbox 2660 2682 2858 2740; x_wconf 86' lang='lat' dir='ltr'><strong>potest.</strong></span> <span class='ocrx_word' id='word_1_613' title='bbox 2900 2672 3110 2727; x_wconf 84' lang='lat' dir='ltr'><strong>Primus</strong></span> <span class='ocrx_word' id='word_1_614' title='bbox 3158 2676 3348 2728; x_wconf 87' lang='lat' dir='ltr'><strong>modus</strong></span> <span class='ocrx_word' id='word_1_615' title='bbox 3376 2685 3458 2729; x_wconf 84' lang='lat' dir='ltr'><strong>est</strong></span> 
     </span>
    </p>
   </div>
   <div class='ocr_carea' id='block_1_87' title="bbox 1896 2762 3458 2834">
    <p class='ocr_par' dir='ltr' id='par_1_87' title="bbox 1896 2762 3458 2834">
     <span class='ocr_line' id='line_1_87' title="bbox 1896 2762 3458 2834; baseline -0.001 -14"><span class='ocrx_word' id='word_1_616' title='bbox 1896 2767 1994 2821; x_wconf 86' lang='lat' dir='ltr'><strong>iste</strong></span> <span class='ocrx_word' id='word_1_617' title='bbox 2050 2782 2063 2817; x_wconf 86' lang='lat'><strong>:</strong></span> <span class='ocrx_word' id='word_1_618' title='bbox 2127 2764 2428 2818; x_wconf 85' lang='lat' dir='ltr'><strong>Memorant</strong></span> <span class='ocrx_word' id='word_1_619' title='bbox 2482 2762 2820 2831; x_wconf 76' lang='lat' dir='ltr'><strong>NicephOrus</strong></span> <span class='ocrx_word' id='word_1_620' title='bbox 2878 2765 2990 2834; x_wconf 57' lang='grc'>(5.1)</span> <span class='ocrx_word' id='word_1_621' title='bbox 3054 2775 3109 2818; x_wconf 90' lang='lat' dir='ltr'><strong>et</strong></span> <span class='ocrx_word' id='word_1_622' title='bbox 3172 2766 3458 2834; x_wconf 81' lang='lat' dir='ltr'><strong>Theopha-</strong></span> 
     </span>
    </p>
   </div>
   <div class='ocr_carea' id='block_1_88' title="bbox 1898 2855 3460 2927">
    <p class='ocr_par' dir='ltr' id='par_1_88' title="bbox 1898 2855 3460 2927">
     <span class='ocr_line' id='line_1_88' title="bbox 1898 2855 3460 2927; baseline 0 -16"><span class='ocrx_word' id='word_1_623' title='bbox 1898 2876 1995 2913; x_wconf 86' lang='lat' dir='ltr'><strong>nes</strong></span> <span class='ocrx_word' id='word_1_624' title='bbox 2026 2858 2138 2927; x_wconf 78' lang='grc'>(55)</span> <span class='ocrx_word' id='word_1_625' title='bbox 2174 2856 2345 2910; x_wconf 85' lang='lat' dir='ltr'><strong>varias</strong></span> <span class='ocrx_word' id='word_1_626' title='bbox 2365 2855 2689 2925; x_wconf 74' lang='lat' dir='ltr'><strong>Copronymi</strong></span> <span class='ocrx_word' id='word_1_627' title='bbox 2727 2857 3103 2925; x_wconf 83' lang='lat' dir='ltr'><strong>expeditiones</strong></span> <span class='ocrx_word' id='word_1_628' title='bbox 3142 2858 3460 2927; x_wconf 85' lang='lat' dir='ltr'><strong>plerumque</strong></span> 
     </span>
    </p>
   </div>
   <div class='ocr_carea' id='block_1_89' title="bbox 1897 2949 3463 3019">
    <p class='ocr_par' dir='ltr' id='par_1_89' title="bbox 1897 2949 3463 3019">
     <span class='ocr_line' id='line_1_89' title="bbox 1897 2949 3463 3019; baseline 0.003 -15"><span class='ocrx_word' id='word_1_629' title='bbox 1897 2951 2079 3005; x_wconf 83' lang='lat' dir='ltr'><strong>felices</strong></span> <span class='ocrx_word' id='word_1_630' title='bbox 2105 2951 2155 3003; x_wconf 92' lang='lat' dir='ltr'><strong>in</strong></span> <span class='ocrx_word' id='word_1_631' title='bbox 2196 2949 2465 3015; x_wconf 82' lang='lat' dir='ltr'><strong>Bulgaros,</strong></span> <span class='ocrx_word' id='word_1_632' title='bbox 2495 2958 2548 3001; x_wconf 91' lang='lat' dir='ltr'><strong>at</strong></span> <span class='ocrx_word' id='word_1_633' title='bbox 2568 2963 2725 3017; x_wconf 87' lang='lat' dir='ltr'><strong>quam</strong></span> <span class='ocrx_word' id='word_1_634' title='bbox 2747 2949 3040 3003; x_wconf 84' lang='lat' dir='ltr'><strong>indictione</strong></span> <span class='ocrx_word' id='word_1_635' title='bbox 3067 2960 3254 3019; x_wconf 87' lang='lat' dir='ltr'><strong>quarta</strong></span> <span class='ocrx_word' id='word_1_636' title='bbox 3278 2967 3463 3008; x_wconf 89' lang='lat' dir='ltr'><strong>mense</strong></span> 
     </span>
    </p>
   </div>
   <div class='ocr_carea' id='block_1_90' title="bbox 1879 3041 3461 3109">
    <p class='ocr_par' dir='ltr' id='par_1_90' title="bbox 1879 3041 3461 3109">
     <span class='ocr_line' id='line_1_90' title="bbox 1879 3041 3461 3109; baseline 0.001 -13"><span class='ocrx_word' id='word_1_637' title='bbox 1879 3043 2151 3097; x_wconf 69' lang='lat' dir='ltr'><strong>Januario</strong></span> <span class='ocrx_word' id='word_1_638' title='bbox 2203 3043 2460 3109; x_wconf 88' lang='lat' dir='ltr'><strong>suscepit,</strong></span> <span class='ocrx_word' id='word_1_639' title='bbox 2516 3057 2657 3093; x_wconf 90' lang='lat' dir='ltr'><strong>anno</strong></span> <span class='ocrx_word' id='word_1_640' title='bbox 2691 3041 2945 3094; x_wconf 89' lang='lat' dir='ltr'><strong>nimirum</strong></span> <span class='ocrx_word' id='word_1_641' title='bbox 3003 3042 3123 3106; x_wconf 85' lang='lat'><strong>766,</strong></span> <span class='ocrx_word' id='word_1_642' title='bbox 3156 3044 3345 3097; x_wconf 89' lang='lat' dir='ltr'><strong>iisdem</strong></span> <span class='ocrx_word' id='word_1_643' title='bbox 3382 3050 3461 3097; x_wconf 85' lang='lat' dir='ltr'><strong>te-</strong></span> 
     </span>
    </p>
   </div>
   <div class='ocr_carea' id='block_1_91' title="bbox 1899 3129 3460 3202">
    <p class='ocr_par' dir='ltr' id='par_1_91' title="bbox 1899 3129 3460 3202">
     <span class='ocr_line' id='line_1_91' title="bbox 1899 3129 3460 3202; baseline -0.001 -16"><span class='ocrx_word' id='word_1_644' title='bbox 1899 3132 2071 3186; x_wconf 89' lang='lat' dir='ltr'><strong>stibus</strong></span> <span class='ocrx_word' id='word_1_645' title='bbox 2121 3130 2490 3184; x_wconf 80' lang='lat' dir='ltr'><strong>infelicissima</strong></span> <span class='ocrx_word' id='word_1_646' title='bbox 2541 3129 2676 3193; x_wconf 85' lang='lat' dir='ltr'><strong>fuit;</strong></span> <span class='ocrx_word' id='word_1_647' title='bbox 2715 3145 2778 3183; x_wconf 77' lang='lat' dir='ltr'><strong>cx</strong></span> <span class='ocrx_word' id='word_1_648' title='bbox 2825 3145 2927 3200; x_wconf 91' lang='lat' dir='ltr'><strong>qua</strong></span> <span class='ocrx_word' id='word_1_649' title='bbox 2980 3146 3175 3201; x_wconf 86' lang='lat' dir='ltr'><strong>nempe</strong></span> <span class='ocrx_word' id='word_1_650' title='bbox 3231 3133 3460 3202; x_wconf 84' lang='lat' dir='ltr'><strong>turpiter</strong></span> 
     </span>
    </p>
   </div>
   <div class='ocr_carea' id='block_1_92' title="bbox 1899 3218 3463 3290">
    <p class='ocr_par' dir='ltr' id='par_1_92' title="bbox 1899 3218 3463 3290">
     <span class='ocr_line' id='line_1_92' title="bbox 1899 3218 3463 3290; baseline 0.005 -20"><span class='ocrx_word' id='word_1_651' title='bbox 1899 3234 2083 3272; x_wconf 86' lang='lat' dir='ltr'><strong>mense</strong></span> <span class='ocrx_word' id='word_1_652' title='bbox 2103 3218 2248 3272; x_wconf 85' lang='lat' dir='ltr'><strong>Julio</strong></span> <span class='ocrx_word' id='word_1_653' title='bbox 2285 3234 2536 3273; x_wconf 78' lang='lat' dir='ltr'><strong>reversus</strong></span> <span class='ocrx_word' id='word_1_654' title='bbox 2561 3230 2663 3284; x_wconf 86' lang='lat' dir='ltr'><strong>est,</strong></span> <span class='ocrx_word' id='word_1_655' title='bbox 2715 3235 2777 3272; x_wconf 87' lang='lat' dir='ltr'><strong>ac</strong></span> <span class='ocrx_word' id='word_1_656' title='bbox 2808 3220 2989 3275; x_wconf 81' lang='lat' dir='ltr'><strong>furore</strong></span> <span class='ocrx_word' id='word_1_657' title='bbox 3023 3223 3254 3290; x_wconf 88' lang='lat' dir='ltr'><strong>quodam</strong></span> <span class='ocrx_word' id='word_1_658' title='bbox 3279 3239 3463 3277; x_wconf 89' lang='lat' dir='ltr'><strong>corre-</strong></span> 
     </span>
    </p>
   </div>
   <div class='ocr_carea' id='block_1_93' title="bbox 1898 3311 3461 3386">
    <p class='ocr_par' dir='ltr' id='par_1_93' title="bbox 1898 3311 3461 3386">
     <span class='ocr_line' id='line_1_93' title="bbox 1898 3311 3461 3386; baseline 0.004 -25"><span class='ocrx_word' id='word_1_659' title='bbox 1898 3320 2043 3378; x_wconf 89' lang='lat' dir='ltr'><strong>ptus,</strong></span> <span class='ocrx_word' id='word_1_660' title='bbox 2078 3312 2294 3363; x_wconf 61' lang='lat' dir='ltr'><strong>saevitiae</strong></span> <span class='ocrx_word' id='word_1_661' title='bbox 2331 3311 2383 3362; x_wconf 91' lang='lat' dir='ltr'><strong>in</strong></span> <span class='ocrx_word' id='word_1_662' title='bbox 2421 3311 2715 3364; x_wconf 85' lang='lat' dir='ltr'><strong>monachos</strong></span> <span class='ocrx_word' id='word_1_663' title='bbox 2745 3327 2809 3364; x_wconf 89' lang='lat' dir='ltr'><strong>ac</strong></span> <span class='ocrx_word' id='word_1_664' title='bbox 2833 3323 3139 3366; x_wconf 90' lang='lat' dir='ltr'><strong>sanctarum</strong></span> <span class='ocrx_word' id='word_1_665' title='bbox 3166 3316 3461 3386; x_wconf 81' lang='lat' dir='ltr'><strong>imaginum</strong></span> 
     </span>
    </p>
   </div>
   <div class='ocr_carea' id='block_1_94' title="bbox 1898 3402 3464 3471">
    <p class='ocr_par' dir='ltr' id='par_1_94' title="bbox 1898 3402 3464 3471">
     <span class='ocr_line' id='line_1_94' title="bbox 1898 3402 3464 3471; baseline 0.004 -16"><span class='ocrx_word' id='word_1_666' title='bbox 1898 3402 2131 3456; x_wconf 81' lang='lat' dir='ltr'><strong>cultores</strong></span> <span class='ocrx_word' id='word_1_667' title='bbox 2165 3402 2451 3469; x_wconf 79' lang='lat' dir='ltr'><strong>tragtedias</strong></span> <span class='ocrx_word' id='word_1_668' title='bbox 2500 3402 2661 3456; x_wconf 86' lang='lat' dir='ltr'><strong>edere</strong></span> <span class='ocrx_word' id='word_1_669' title='bbox 2688 3403 2870 3471; x_wconf 69' lang='lat' dir='ltr'><strong>coepit.</strong></span> <span class='ocrx_word' id='word_1_670' title='bbox 2917 3403 3113 3457; x_wconf 88' lang='lat' dir='ltr'><strong>Eadem</strong></span> <span class='ocrx_word' id='word_1_671' title='bbox 3170 3405 3464 3461; x_wconf 87' lang='lat' dir='ltr'><strong>indictione</strong></span> 
     </span>
    </p>
   </div>
   <div class='ocr_carea' id='block_1_95' title="bbox 1892 3492 3457 3564">
    <p class='ocr_par' dir='ltr' id='par_1_95' title="bbox 1892 3492 3457 3564">
     <span class='ocr_line' id='line_1_95' title="bbox 1892 3492 3457 3564; baseline 0.003 -19"><span class='ocrx_word' id='word_1_672' title='bbox 1892 3495 2257 3564; x_wconf 88' lang='lat' dir='ltr'><strong>juramentum</strong></span> <span class='ocrx_word' id='word_1_673' title='bbox 2290 3492 2356 3547; x_wconf 86' lang='lat' dir='ltr'><strong>ab</strong></span> <span class='ocrx_word' id='word_1_674' title='bbox 2387 3494 2641 3546; x_wconf 90' lang='lat' dir='ltr'><strong>omnibus</strong></span> <span class='ocrx_word' id='word_1_675' title='bbox 2692 3495 2928 3547; x_wconf 85' lang='lat' dir='ltr'><strong>subditis</strong></span> <span class='ocrx_word' id='word_1_676' title='bbox 2957 3497 3204 3564; x_wconf 77' lang='lat' dir='ltr'><strong>exegisse</strong></span> <span class='ocrx_word' id='word_1_677' title='bbox 3241 3497 3457 3560; x_wconf 85' lang='lat' dir='ltr'><strong>dicitur,</strong></span> 
     </span>
    </p>
   </div>
   <div class='ocr_carea' id='block_1_96' title="bbox 1898 3581 3459 3653">
    <p class='ocr_par' dir='ltr' id='par_1_96' title="bbox 1898 3581 3459 3653">
     <span class='ocr_line' id='line_1_96' title="bbox 1898 3581 3459 3653; baseline 0.001 -18"><span class='ocrx_word' id='word_1_678' title='bbox 1898 3600 2002 3653; x_wconf 90' lang='lat' dir='ltr'><strong>quo</strong></span> <span class='ocrx_word' id='word_1_679' title='bbox 2035 3583 2439 3638; x_wconf 83' lang='lat' dir='ltr'><strong>venerationem</strong></span> <span class='ocrx_word' id='word_1_680' title='bbox 2499 3581 2824 3651; x_wconf 76' lang='lat' dir='ltr'><strong>imaginibus</strong></span> <span class='ocrx_word' id='word_1_681' title='bbox 2854 3583 2906 3635; x_wconf 89' lang='lat' dir='ltr'><strong>in</strong></span> <span class='ocrx_word' id='word_1_682' title='bbox 2949 3595 3225 3652; x_wconf 91' lang='lat' dir='ltr'><strong>posterum</strong></span> <span class='ocrx_word' id='word_1_683' title='bbox 3263 3601 3320 3640; x_wconf 87' lang='lat' dir='ltr'><strong>se</strong></span> <span class='ocrx_word' id='word_1_684' title='bbox 3354 3600 3459 3639; x_wconf 90' lang='lat' dir='ltr'><strong>non</strong></span> 
     </span>
    </p>
   </div>
   <div class='ocr_carea' id='block_1_97' title="bbox 1896 3674 3459 3748">
    <p class='ocr_par' dir='ltr' id='par_1_97' title="bbox 1896 3674 3459 3748">
     <span class='ocr_line' id='line_1_97' title="bbox 1896 3674 3459 3748; baseline 0.003 -21"><span class='ocrx_word' id='word_1_685' title='bbox 1896 3674 2232 3727; x_wconf 74' lang='lat' dir='ltr'><strong>cxhibituros</strong></span> <span class='ocrx_word' id='word_1_686' title='bbox 2276 3688 2394 3726; x_wconf 85' lang='lat' dir='ltr'><strong>esse</strong></span> <span class='ocrx_word' id='word_1_687' title='bbox 2426 3675 2776 3740; x_wconf 84' lang='lat' dir='ltr'><strong>Sponderent.</strong></span> <span class='ocrx_word' id='word_1_688' title='bbox 2816 3674 2983 3727; x_wconf 84' lang='lat' dir='ltr'><strong>Porro</strong></span> <span class='ocrx_word' id='word_1_689' title='bbox 3004 3676 3116 3729; x_wconf 68' lang='lat' dir='ltr'><strong>haec</strong></span> <span class='ocrx_word' id='word_1_690' title='bbox 3164 3678 3374 3748; x_wconf 80' lang='lat' dir='ltr'><strong>singula</strong></span> <span class='ocrx_word' id='word_1_691' title='bbox 3408 3679 3459 3732; x_wconf 79' lang='lat' dir='ltr'><strong>in</strong></span> 
     </span>
    </p>
   </div>
   <div class='ocr_carea' id='block_1_98' title="bbox 1897 3764 3463 3834">
    <p class='ocr_par' dir='ltr' id='par_1_98' title="bbox 1897 3764 3463 3834">
     <span class='ocr_line' id='line_1_98' title="bbox 1897 3764 3463 3834; baseline 0 -12"><span class='ocrx_word' id='word_1_692' title='bbox 1897 3767 2044 3822; x_wconf 80' lang='lat' dir='ltr'><strong>Actis</strong></span> <span class='ocrx_word' id='word_1_693' title='bbox 2075 3767 2276 3819; x_wconf 87' lang='lat' dir='ltr'><strong>nostris</strong></span> <span class='ocrx_word' id='word_1_694' title='bbox 2312 3764 2554 3833; x_wconf 89' lang='lat' dir='ltr'><strong>utrisque</strong></span> <span class='ocrx_word' id='word_1_695' title='bbox 2604 3764 2928 3834; x_wconf 85' lang='lat' dir='ltr'><strong>reperimus.</strong></span> <span class='ocrx_word' id='word_1_696' title='bbox 2978 3764 3053 3819; x_wconf 90' lang='lat' dir='ltr'><strong>lbi</strong></span> <span class='ocrx_word' id='word_1_697' title='bbox 3109 3768 3211 3820; x_wconf 89' lang='lat' dir='ltr'><strong>sub</strong></span> <span class='ocrx_word' id='word_1_698' title='bbox 3246 3783 3391 3820; x_wconf 89' lang='lat' dir='ltr'><strong>num.</strong></span> <span class='ocrx_word' id='word_1_699' title='bbox 3429 3772 3463 3824; x_wconf 90' lang='lat'><strong>8</strong></span> 
     </span>
    </p>
   </div>
   <div class='ocr_carea' id='block_1_99' title="bbox 1898 3858 3465 3930">
    <p class='ocr_par' dir='ltr' id='par_1_99' title="bbox 1898 3858 3465 3930">
     <span class='ocr_line' id='line_1_99' title="bbox 1898 3858 3465 3930; baseline 0.001 -16"><span class='ocrx_word' id='word_1_700' title='bbox 1898 3863 2011 3929; x_wconf 83' lang='lat' dir='ltr'><strong>ipse</strong></span> <span class='ocrx_word' id='word_1_701' title='bbox 2062 3858 2435 3925; x_wconf 85' lang='lat' dir='ltr'><strong>Copronymus</strong></span> <span class='ocrx_word' id='word_1_702' title='bbox 2484 3858 2615 3912; x_wconf 81' lang='lat' dir='ltr'><strong>dicit</strong></span> <span class='ocrx_word' id='word_1_703' title='bbox 2668 3874 2724 3912; x_wconf 87' lang='lat' dir='ltr'><strong>se</strong></span> <span class='ocrx_word' id='word_1_704' title='bbox 2787 3860 3066 3914; x_wconf 89' lang='lat' dir='ltr'><strong>decretum</strong></span> <span class='ocrx_word' id='word_1_705' title='bbox 3119 3861 3308 3914; x_wconf 70' lang='lat' dir='ltr'><strong>tulisse</strong></span> <span class='ocrx_word' id='word_1_706' title='bbox 3356 3877 3465 3930; x_wconf 90' lang='lat' dir='ltr'><strong>quo</strong></span> 
     </span>
    </p>
   </div>
   <div class='ocr_carea' id='block_1_100' title="bbox 1896 3950 3458 4024">
    <p class='ocr_par' dir='ltr' id='par_1_100' title="bbox 1896 3950 3458 4024">
     <span class='ocr_line' id='line_1_100' title="bbox 1896 3950 3458 4024; baseline 0 -17"><span class='ocrx_word' id='word_1_707' title='bbox 1896 3951 2168 4024; x_wconf 85' lang='lat' dir='ltr'><strong>plectendi</strong></span> <span class='ocrx_word' id='word_1_708' title='bbox 2208 3960 2355 4016; x_wconf 90' lang='lat' dir='ltr'><strong>sunt,</strong></span> <span class='ocrx_word' id='word_1_709' title='bbox 2390 3950 2700 4019; x_wconf 86' lang='lat' dir='ltr'><strong>quicunque</strong></span> <span class='ocrx_word' id='word_1_710' title='bbox 2726 3951 2988 4020; x_wconf 82' lang='lat' dir='ltr'><strong>imagines</strong></span> <span class='ocrx_word' id='word_1_711' title='bbox 3041 3964 3458 4009; x_wconf 79' lang='lat' dir='ltr'><strong>venerarentur.</strong></span> 
     </span>
    </p>
   </div>
   <div class='ocr_carea' id='block_1_101' title="bbox 1898 4043 3459 4113">
    <p class='ocr_par' dir='ltr' id='par_1_101' title="bbox 1898 4043 3459 4113">
     <span class='ocr_line' id='line_1_101' title="bbox 1898 4043 3459 4113; baseline -0.001 -15"><span class='ocrx_word' id='word_1_712' title='bbox 1898 4046 2031 4101; x_wconf 86' lang='lat' dir='ltr'><strong>Dein</strong></span> <span class='ocrx_word' id='word_1_713' title='bbox 2060 4060 2213 4097; x_wconf 90' lang='lat' dir='ltr'><strong>num.</strong></span> <span class='ocrx_word' id='word_1_714' title='bbox 2250 4044 2314 4097; x_wconf 88' lang='grc'><strong>10</strong></span> <span class='ocrx_word' id='word_1_715' title='bbox 2343 4043 2586 4113; x_wconf 78' lang='lat' dir='ltr'><strong>arguitur</strong></span> <span class='ocrx_word' id='word_1_716' title='bbox 2613 4058 2641 4096; x_wconf 90' lang='lat' dir='ltr'><strong>a</strong></span> <span class='ocrx_word' id='word_1_717' title='bbox 2672 4045 2727 4096; x_wconf 91' lang='lat' dir='ltr'><strong>S.</strong></span> <span class='ocrx_word' id='word_1_718' title='bbox 2761 4045 2971 4096; x_wconf 81' lang='lat' dir='ltr'><strong>Andrea</strong></span> <span class='ocrx_word' id='word_1_719' title='bbox 3004 4046 3146 4111; x_wconf 90' lang='lat' dir='ltr'><strong>quod</strong></span> <span class='ocrx_word' id='word_1_720' title='bbox 3185 4045 3379 4097; x_wconf 81' lang='lat' dir='ltr'><strong>bellum</strong></span> <span class='ocrx_word' id='word_1_721' title='bbox 3407 4046 3459 4098; x_wconf 89' lang='lat' dir='ltr'><strong>in</strong></span> 
     </span>
    </p>
   </div>
   <div class='ocr_carea' id='block_1_102' title="bbox 1899 4136 3457 4205">
    <p class='ocr_par' dir='ltr' id='par_1_102' title="bbox 1899 4136 3457 4205">
     <span class='ocr_line' id='line_1_102' title="bbox 1899 4136 3457 4205; baseline 0.001 -15"><span class='ocrx_word' id='word_1_722' title='bbox 1899 4138 2164 4192; x_wconf 84' lang='lat' dir='ltr'><strong>Barbaros</strong></span> <span class='ocrx_word' id='word_1_723' title='bbox 2204 4138 2517 4205; x_wconf 86' lang='lat' dir='ltr'><strong>ordinisque</strong></span> <span class='ocrx_word' id='word_1_724' title='bbox 2560 4137 2760 4204; x_wconf 87' lang='lat' dir='ltr'><strong>politici</strong></span> <span class='ocrx_word' id='word_1_725' title='bbox 2808 4136 3329 4190; x_wconf 68' lang='lat' dir='ltr'><strong>administrationem</strong></span> <span class='ocrx_word' id='word_1_726' title='bbox 3362 4152 3457 4191; x_wconf 77' lang='lat' dir='ltr'><strong>ne~</strong></span> 
     </span>
    </p>
   </div>
   <div class='ocr_carea' id='block_1_103' title="bbox 1896 4228 3462 4301">
    <p class='ocr_par' dir='ltr' id='par_1_103' title="bbox 1896 4228 3462 4301">
     <span class='ocr_line' id='line_1_103' title="bbox 1896 4228 3462 4301; baseline -0.001 -19"><span class='ocrx_word' id='word_1_727' title='bbox 1896 4228 2144 4301; x_wconf 75' lang='lat' dir='ltr'><strong>glexerit,</strong></span> <span class='ocrx_word' id='word_1_728' title='bbox 2181 4244 2243 4282; x_wconf 89' lang='lat' dir='ltr'><strong>ac</strong></span> <span class='ocrx_word' id='word_1_729' title='bbox 2282 4229 2573 4296; x_wconf 80' lang='lat' dir='ltr'><strong>superbum</strong></span> <span class='ocrx_word' id='word_1_730' title='bbox 2616 4228 2852 4279; x_wconf 83' lang='lat' dir='ltr'><strong>animum</strong></span> <span class='ocrx_word' id='word_1_731' title='bbox 2907 4229 2957 4279; x_wconf 93' lang='lat' dir='ltr'><strong>in</strong></span> <span class='ocrx_word' id='word_1_732' title='bbox 3004 4228 3335 4283; x_wconf 79' lang='lat' dir='ltr'><strong>Christianos</strong></span> <span class='ocrx_word' id='word_1_733' title='bbox 3369 4230 3462 4282; x_wconf 79' lang='lat' dir='ltr'><strong>de-</strong></span> 
     </span>
    </p>
   </div>
   <div class='ocr_carea' id='block_1_104' title="bbox 1898 4311 3459 4382">
    <p class='ocr_par' dir='ltr' id='par_1_104' title="bbox 1898 4311 3459 4382">
     <span class='ocr_line' id='line_1_104' title="bbox 1898 4311 3459 4382; baseline -0.002 -6"><span class='ocrx_word' id='word_1_734' title='bbox 1898 4311 2200 4376; x_wconf 85' lang='lat' dir='ltr'><strong>monstrare</strong></span> <span class='ocrx_word' id='word_1_735' title='bbox 2258 4320 2527 4373; x_wconf 88' lang='lat' dir='ltr'><strong>statuerit.</strong></span> <span class='ocrx_word' id='word_1_736' title='bbox 2578 4319 2842 4373; x_wconf 64' lang='lat' dir='ltr'><strong>Praeterea</strong></span> <span class='ocrx_word' id='word_1_737' title='bbox 2879 4333 3031 4371; x_wconf 90' lang='lat' dir='ltr'><strong>num.</strong></span> <span class='ocrx_word' id='word_1_738' title='bbox 3061 4317 3093 4370; x_wconf 84' lang='grc'>6</span> <span class='ocrx_word' id='word_1_739' title='bbox 3140 4328 3193 4371; x_wconf 82' lang='lat' dir='ltr'><strong>et</strong></span> <span class='ocrx_word' id='word_1_740' title='bbox 3237 4317 3286 4382; x_wconf 88' lang='lat'><strong>7,</strong></span> <span class='ocrx_word' id='word_1_741' title='bbox 3333 4322 3459 4373; x_wconf 88' lang='lat' dir='ltr'><strong>dum</strong></span> 
     </span>
    </p>
   </div>
   <div class='ocr_carea' id='block_1_105' title="bbox 1900 4410 3457 4479">
    <p class='ocr_par' dir='ltr' id='par_1_105' title="bbox 1900 4410 3457 4479">
     <span class='ocr_line' id='line_1_105' title="bbox 1900 4410 3457 4479; baseline -0.001 -14"><span class='ocrx_word' id='word_1_742' title='bbox 1900 4414 1956 4468; x_wconf 87' lang='grc'><strong>5.</strong></span> <span class='ocrx_word' id='word_1_743' title='bbox 1993 4416 2232 4466; x_wconf 82' lang='lat' dir='ltr'><strong>Andreas</strong></span> <span class='ocrx_word' id='word_1_744' title='bbox 2290 4414 2523 4479; x_wconf 87' lang='lat' dir='ltr'><strong>primmn</strong></span> <span class='ocrx_word' id='word_1_745' title='bbox 2580 4426 2759 4466; x_wconf 85' lang='lat' dir='ltr'><strong>coram</strong></span> <span class='ocrx_word' id='word_1_746' title='bbox 2825 4410 3153 4476; x_wconf 85' lang='lat' dir='ltr'><strong>imperatore</strong></span> <span class='ocrx_word' id='word_1_747' title='bbox 3188 4412 3457 4479; x_wconf 77' lang='lat' dir='ltr'><strong>apparuit,</strong></span> 
     </span>
    </p>
   </div>
   <div class='ocr_carea' id='block_1_106' title="bbox 1827 4502 3460 4586">
    <p class='ocr_par' dir='ltr' id='par_1_106' title="bbox 1827 4502 3460 4586">
     <span class='ocr_line' id='line_1_106' title="bbox 1827 4502 3460 4586; baseline -0.001 -29"><span class='ocrx_word' id='word_1_748' title='bbox 1827 4529 1869 4586; x_wconf 67' lang='grc' dir='ltr'><strong>η</strong></span> <span class='ocrx_word' id='word_1_749' title='bbox 1898 4503 2195 4572; x_wconf 74' lang='lat' dir='ltr'><strong>permultos</strong></span> <span class='ocrx_word' id='word_1_750' title='bbox 2232 4504 2432 4557; x_wconf 84' lang='lat' dir='ltr'><strong>invenit</strong></span> <span class='ocrx_word' id='word_1_751' title='bbox 2464 4503 2746 4571; x_wconf 71' lang='lat' dir='ltr'><strong>qtuesrioui</strong></span> <span class='ocrx_word' id='word_1_752' title='bbox 2796 4502 3088 4570; x_wconf 85' lang='lat' dir='ltr'><strong>subjectos.</strong></span> <span class='ocrx_word' id='word_1_753' title='bbox 3140 4502 3324 4556; x_wconf 80' lang='lat' dir='ltr'><strong>nervis</strong></span> <span class='ocrx_word' id='word_1_754' title='bbox 3364 4504 3460 4556; x_wconf 88' lang='lat' dir='ltr'><strong>bu-</strong></span> 
     </span>
    </p>
   </div>
   <div class='ocr_carea' id='block_1_107' title="bbox 1897 4592 3459 4661">
    <p class='ocr_par' dir='ltr' id='par_1_107' title="bbox 1897 4592 3459 4661">
     <span class='ocr_line' id='line_1_107' title="bbox 1897 4592 3459 4661; baseline -0.001 -12"><span class='ocrx_word' id='word_1_755' title='bbox 1897 4593 2041 4649; x_wconf 85' lang='lat' dir='ltr'><strong>bulis</strong></span> <span class='ocrx_word' id='word_1_756' title='bbox 2061 4607 2251 4655; x_wconf 68' lang='lat' dir='ltr'><strong>czesos,</strong></span> <span class='ocrx_word' id='word_1_757' title='bbox 2289 4593 2568 4645; x_wconf 81' lang='lat' dir='ltr'><strong>oculorum</strong></span> <span class='ocrx_word' id='word_1_758' title='bbox 2612 4592 2899 4643; x_wconf 85' lang='lat' dir='ltr'><strong>ell&#39;ossione</strong></span> <span class='ocrx_word' id='word_1_759' title='bbox 2929 4594 3216 4655; x_wconf 83' lang='lat' dir='ltr'><strong>cruciatos,</strong></span> <span class='ocrx_word' id='word_1_760' title='bbox 3250 4594 3459 4661; x_wconf 80' lang='lat' dir='ltr'><strong>aliaque</strong></span> 
     </span>
    </p>
   </div>
   <div class='ocr_carea' id='block_1_108' title="bbox 1896 4681 3460 4752">
    <p class='ocr_par' dir='ltr' id='par_1_108' title="bbox 1896 4681 3460 4752">
     <span class='ocr_line' id='line_1_108' title="bbox 1896 4681 3460 4752; baseline 0.001 -15"><span class='ocrx_word' id='word_1_761' title='bbox 1896 4685 2091 4738; x_wconf 83' lang='lat' dir='ltr'><strong>similia</strong></span> <span class='ocrx_word' id='word_1_762' title='bbox 2121 4698 2327 4752; x_wconf 85' lang='lat' dir='ltr'><strong>passos,</strong></span> <span class='ocrx_word' id='word_1_763' title='bbox 2361 4696 2479 4752; x_wconf 65' lang='lat' dir='ltr'><strong>quae</strong></span> <span class='ocrx_word' id='word_1_764' title='bbox 2505 4698 2531 4733; x_wconf 87' lang='lat' dir='ltr'><strong>a</strong></span> <span class='ocrx_word' id='word_1_765' title='bbox 2572 4681 2784 4735; x_wconf 89' lang='lat' dir='ltr'><strong>duobus</strong></span> <span class='ocrx_word' id='word_1_766' title='bbox 2808 4682 3077 4750; x_wconf 55' lang='lat' dir='ltr'><strong>praedictis</strong></span> <span class='ocrx_word' id='word_1_767' title='bbox 3106 4684 3460 4749; x_wconf 84' lang='lat' dir='ltr'><strong>scriptoribus</strong></span> 
     </span>
    </p>
   </div>
   <div class='ocr_carea' id='block_1_109' title="bbox 1895 4775 3455 4841">
    <p class='ocr_par' dir='ltr' id='par_1_109' title="bbox 1895 4775 3455 4841">
     <span class='ocr_line' id='line_1_109' title="bbox 1895 4775 3455 4841; baseline -0.002 -12"><span class='ocrx_word' id='word_1_768' title='bbox 1895 4786 2020 4829; x_wconf 87' lang='lat' dir='ltr'><strong>ante</strong></span> <span class='ocrx_word' id='word_1_769' title='bbox 2064 4775 2416 4827; x_wconf 89' lang='lat' dir='ltr'><strong>indictionem</strong></span> <span class='ocrx_word' id='word_1_770' title='bbox 2469 4784 2710 4840; x_wconf 87' lang='lat' dir='ltr'><strong>quartam</strong></span> <span class='ocrx_word' id='word_1_771' title='bbox 2764 4788 3029 4840; x_wconf 86' lang='lat' dir='ltr'><strong>nusquam</strong></span> <span class='ocrx_word' id='word_1_772' title='bbox 3086 4786 3455 4841; x_wconf 70' lang='lat' dir='ltr'><strong>recenSentur,</strong></span> 
     </span>
    </p>
   </div>
   <div class='ocr_carea' id='block_1_110' title="bbox 1895 4864 3453 4934">
    <p class='ocr_par' dir='ltr' id='par_1_110' title="bbox 1895 4864 3453 4934">
     <span class='ocr_line' id='line_1_110' title="bbox 1895 4864 3453 4934; baseline -0.001 -13"><span class='ocrx_word' id='word_1_773' title='bbox 1895 4867 1987 4921; x_wconf 82' lang='lat' dir='ltr'><strong>sed</strong></span> <span class='ocrx_word' id='word_1_774' title='bbox 2012 4881 2070 4919; x_wconf 90' lang='lat' dir='ltr'><strong>ea</strong></span> <span class='ocrx_word' id='word_1_775' title='bbox 2095 4865 2387 4918; x_wconf 79' lang='lat' dir='ltr'><strong>iudieiione</strong></span> <span class='ocrx_word' id='word_1_776' title='bbox 2411 4864 2597 4917; x_wconf 75' lang='lat' dir='ltr'><strong>iisdem</strong></span> <span class='ocrx_word' id='word_1_777' title='bbox 2618 4878 2755 4933; x_wconf 89' lang='lat' dir='ltr'><strong>pene</strong></span> <span class='ocrx_word' id='word_1_778' title='bbox 2806 4864 2985 4917; x_wconf 86' lang='lat' dir='ltr'><strong>verbis</strong></span> <span class='ocrx_word' id='word_1_779' title='bbox 3013 4865 3282 4934; x_wconf 82' lang='lat' dir='ltr'><strong>descripta</strong></span> <span class='ocrx_word' id='word_1_780' title='bbox 3308 4876 3453 4927; x_wconf 87' lang='lat' dir='ltr'><strong>sunt,</strong></span> 
     </span>
    </p>
   </div>
   <div class='ocr_carea' id='block_1_111' title="bbox 1896 4954 3455 5025">
    <p class='ocr_par' dir='ltr' id='par_1_111' title="bbox 1896 4954 3455 5025">
     <span class='ocr_line' id='line_1_111' title="bbox 1896 4954 3455 5025; baseline -0.001 -16"><span class='ocrx_word' id='word_1_781' title='bbox 1896 4959 1970 5010; x_wconf 89' lang='lat' dir='ltr'><strong>uti</strong></span> <span class='ocrx_word' id='word_1_782' title='bbox 2003 4966 2055 5009; x_wconf 90' lang='lat' dir='ltr'><strong>et</strong></span> <span class='ocrx_word' id='word_1_783' title='bbox 2085 4956 2341 5025; x_wconf 83' lang='lat' dir='ltr'><strong>deiuceps</strong></span> <span class='ocrx_word' id='word_1_784' title='bbox 2373 4954 2574 5023; x_wconf 90' lang='lat' dir='ltr'><strong>pluries</strong></span> <span class='ocrx_word' id='word_1_785' title='bbox 2605 4954 2735 5023; x_wconf 79' lang='lat'><strong>(56).</strong></span> <span class='ocrx_word' id='word_1_786' title='bbox 2770 4955 2843 5006; x_wconf 80' lang='lat' dir='ltr'><strong>Ex</strong></span> <span class='ocrx_word' id='word_1_787' title='bbox 2878 4955 2962 5006; x_wconf 90' lang='lat' dir='ltr'><strong>his</strong></span> <span class='ocrx_word' id='word_1_788' title='bbox 2992 4955 3154 5022; x_wconf 74' lang='lat' dir='ltr'><strong>igitur</strong></span> <span class='ocrx_word' id='word_1_789' title='bbox 3180 4969 3323 5008; x_wconf 83' lang='lat' dir='ltr'><strong>recte</strong></span> <span class='ocrx_word' id='word_1_790' title='bbox 3344 4968 3455 5009; x_wconf 89' lang='lat' dir='ltr'><strong>sta-</strong></span> 
     </span>
    </p>
   </div>
   <div class='ocr_carea' id='block_1_112' title="bbox 1896 5046 3456 5110">
    <p class='ocr_par' dir='ltr' id='par_1_112' title="bbox 1896 5046 3456 5110">
     <span class='ocr_line' id='line_1_112' title="bbox 1896 5046 3456 5110; baseline -0.001 -8"><span class='ocrx_word' id='word_1_791' title='bbox 1896 5054 2095 5105; x_wconf 90' lang='lat' dir='ltr'><strong>tuimus</strong></span> <span class='ocrx_word' id='word_1_792' title='bbox 2130 5059 2252 5102; x_wconf 90' lang='lat' dir='ltr'><strong>ante</strong></span> <span class='ocrx_word' id='word_1_793' title='bbox 2315 5048 2666 5101; x_wconf 87' lang='lat' dir='ltr'><strong>indictionem</strong></span> <span class='ocrx_word' id='word_1_794' title='bbox 2705 5046 2845 5098; x_wconf 85' lang='lat' dir='ltr'><strong>illam</strong></span> <span class='ocrx_word' id='word_1_795' title='bbox 2877 5047 2949 5110; x_wconf 85' lang='lat' dir='ltr'><strong>id,</strong></span> <span class='ocrx_word' id='word_1_796' title='bbox 2995 5059 3079 5100; x_wconf 88' lang='lat' dir='ltr'><strong>est</strong></span> <span class='ocrx_word' id='word_1_797' title='bbox 3104 5057 3226 5101; x_wconf 88' lang='lat' dir='ltr'><strong>ante</strong></span> <span class='ocrx_word' id='word_1_798' title='bbox 3254 5061 3456 5101; x_wconf 84' lang='lat' dir='ltr'><strong>annum</strong></span> 
     </span>
    </p>
   </div>
   <div class='ocr_carea' id='block_1_113' title="bbox 1897 5138 3159 5207">
    <p class='ocr_par' dir='ltr' id='par_1_113' title="bbox 1897 5138 3159 5207">
     <span class='ocr_line' id='line_1_113' title="bbox 1897 5138 3159 5207; baseline -0.002 -12"><span class='ocrx_word' id='word_1_799' title='bbox 1897 5144 1997 5197; x_wconf 77' lang='lat'><strong>766</strong></span> <span class='ocrx_word' id='word_1_800' title='bbox 2032 5143 2085 5197; x_wconf 90' lang='lat' dir='ltr'><strong>S.</strong></span> <span class='ocrx_word' id='word_1_801' title='bbox 2116 5142 2343 5195; x_wconf 63' lang='lat' dir='ltr'><strong>Andreas</strong></span> <span class='ocrx_word' id='word_1_802' title='bbox 2375 5138 2685 5207; x_wconf 84' lang='lat' dir='ltr'><strong>martyrium</strong></span> <span class='ocrx_word' id='word_1_803' title='bbox 2718 5153 2824 5190; x_wconf 88' lang='lat' dir='ltr'><strong>non</strong></span> <span class='ocrx_word' id='word_1_804' title='bbox 2852 5138 3159 5207; x_wconf 78' lang='lat' dir='ltr'><strong>contigisse.</strong></span> 
     </span>
    </p>
   </div>
   <div class='ocr_carea' id='block_1_114' title="bbox 1965 5231 3456 5302">
    <p class='ocr_par' dir='ltr' id='par_1_114' title="bbox 1965 5231 3456 5302">
     <span class='ocr_line' id='line_1_114' title="bbox 1965 5231 3456 5302; baseline -0.001 -16"><span class='ocrx_word' id='word_1_805' title='bbox 1965 5236 2049 5289; x_wconf 82' lang='grc'>19.</span> <span class='ocrx_word' id='word_1_806' title='bbox 2091 5235 2242 5287; x_wconf 83' lang='lat' dir='ltr'><strong>Alter</strong></span> <span class='ocrx_word' id='word_1_807' title='bbox 2296 5233 2506 5296; x_wconf 88' lang='lat' dir='ltr'><strong>modus,</strong></span> <span class='ocrx_word' id='word_1_808' title='bbox 2554 5248 2658 5299; x_wconf 87' lang='lat' dir='ltr'><strong>quo</strong></span> <span class='ocrx_word' id='word_1_809' title='bbox 2702 5231 2936 5299; x_wconf 83' lang='lat' dir='ltr'><strong>pressius</strong></span> <span class='ocrx_word' id='word_1_810' title='bbox 2971 5246 3171 5284; x_wconf 90' lang='lat' dir='ltr'><strong>annum</strong></span> <span class='ocrx_word' id='word_1_811' title='bbox 3217 5232 3456 5302; x_wconf 80' lang='lat' dir='ltr'><strong>martyrii</strong></span> 
     </span>
    </p>
   </div>
   <div class='ocr_carea' id='block_1_115' title="bbox 1963 5361 3450 5438">
    <p class='ocr_par' dir='ltr' id='par_1_115' title="bbox 1963 5361 3450 5438">
     <span class='ocr_line' id='line_1_115' title="bbox 1963 5361 3450 5438; baseline -0.001 -17"><span class='ocrx_word' id='word_1_812' title='bbox 1963 5368 2074 5438; x_wconf 73' lang='lat'><strong>(59.)</strong></span> <span class='ocrx_word' id='word_1_813' title='bbox 2106 5361 2915 5438; x_wconf 72' lang='lat' dir='ltr'><strong>TheOphanisChronographia</strong></span> <span class='ocrx_word' id='word_1_814' title='bbox 2934 5378 2993 5415; x_wconf 72' lang='lat' dir='ltr'><strong>es</strong></span> <span class='ocrx_word' id='word_1_815' title='bbox 3031 5362 3345 5419; x_wconf 85' lang='lat' dir='ltr'><strong>recensione</strong></span> <span class='ocrx_word' id='word_1_816' title='bbox 3367 5362 3450 5421; x_wconf 86' lang='lat' dir='ltr'><strong>Jo.</strong></span> 
     </span>
    </p>
   </div>
   <div class='ocr_carea' id='block_1_116' title="bbox 1892 5435 2569 5493">
    <p class='ocr_par' dir='ltr' id='par_1_116' title="bbox 1892 5435 2569 5493">
     <span class='ocr_line' id='line_1_116' title="bbox 1892 5435 2569 5493; baseline -0.007 0"><span class='ocrx_word' id='word_1_817' title='bbox 1892 5435 2153 5493; x_wconf 76' lang='lat' dir='ltr'><strong>Classem.</strong></span> <span class='ocrx_word' id='word_1_818' title='bbox 2190 5436 2385 5489; x_wconf 64' lang='lat' dir='ltr'><strong>Bonna:</strong></span> <span class='ocrx_word' id='word_1_819' title='bbox 2413 5435 2569 5488; x_wconf 73' lang='lat'><strong>1859.</strong></span> 
     </span>
    </p>
   </div>
   <div class='ocr_carea' id='block_1_117' title="bbox 1965 5502 3456 5575">
    <p class='ocr_par' dir='ltr' id='par_1_117' title="bbox 1965 5502 3456 5575">
     <span class='ocr_line' id='line_1_117' title="bbox 1965 5502 3456 5575; baseline -0.003 -14"><span class='ocrx_word' id='word_1_820' title='bbox 1965 5508 2077 5575; x_wconf 74' lang='lat'><strong>(53)</strong></span> <span class='ocrx_word' id='word_1_821' title='bbox 2113 5510 2208 5559; x_wconf 83' lang='lat' dir='ltr'><strong>Art</strong></span> <span class='ocrx_word' id='word_1_822' title='bbox 2236 5510 2300 5559; x_wconf 91' lang='lat' dir='ltr'><strong>de</strong></span> <span class='ocrx_word' id='word_1_823' title='bbox 2332 5504 2488 5559; x_wconf 81' lang='lat' dir='ltr'><strong>ve’ril‘.</strong></span> <span class='ocrx_word' id='word_1_824' title='bbox 2517 5508 2593 5575; x_wconf 88' lang='lat' dir='ltr'><strong>les</strong></span> <span class='ocrx_word' id='word_1_825' title='bbox 2614 5505 2785 5566; x_wconf 84' lang='lat' dir='ltr'><strong>dates,</strong></span> <span class='ocrx_word' id='word_1_826' title='bbox 2811 5504 2941 5557; x_wconf 77' lang='lat' dir='ltr'><strong>edit.</strong></span> <span class='ocrx_word' id='word_1_827' title='bbox 2968 5505 3121 5575; x_wconf 82' lang='lat' dir='ltr'><strong>l783,</strong></span> <span class='ocrx_word' id='word_1_828' title='bbox 3153 5514 3190 5557; x_wconf 92' lang='lat' dir='ltr'><strong>t.</strong></span> <span class='ocrx_word' id='word_1_829' title='bbox 3221 5504 3263 5565; x_wconf 92' lang='lat' dir='ltr'><strong>l,</strong></span> <span class='ocrx_word' id='word_1_830' title='bbox 3287 5518 3336 5571; x_wconf 92' lang='lat' dir='ltr'><strong>p.</strong></span> <span class='ocrx_word' id='word_1_831' title='bbox 3368 5502 3456 5557; x_wconf 71' lang='grc' dir='ltr'>ϐᾶ.</span> 
     </span>
    </p>
   </div>
   <div class='ocr_carea' id='block_1_118' title="bbox 1966 5574 3456 5646">
    <p class='ocr_par' dir='ltr' id='par_1_118' title="bbox 1966 5574 3456 5646">
     <span class='ocr_line' id='line_1_118' title="bbox 1966 5574 3456 5646; baseline -0.002 -16"><span class='ocrx_word' id='word_1_832' title='bbox 1966 5574 2075 5646; x_wconf 71' lang='lat'><strong>(54)</strong></span> <span class='ocrx_word' id='word_1_833' title='bbox 2114 5576 2171 5629; x_wconf 91' lang='lat' dir='ltr'><strong>S.</strong></span> <span class='ocrx_word' id='word_1_834' title='bbox 2224 5575 2509 5645; x_wconf 73' lang='lat' dir='ltr'><strong>Neephori</strong></span> <span class='ocrx_word' id='word_1_835' title='bbox 2572 5574 2716 5626; x_wconf 77' lang='lat' dir='ltr'><strong>l’atr.</strong></span> <span class='ocrx_word' id='word_1_836' title='bbox 2758 5575 2911 5641; x_wconf 73' lang='lat' dir='ltr'><strong>Cpol.</strong></span> <span class='ocrx_word' id='word_1_837' title='bbox 2964 5574 3298 5639; x_wconf 85' lang='lat' dir='ltr'><strong>Breviarum,</strong></span> <span class='ocrx_word' id='word_1_838' title='bbox 3348 5580 3456 5627; x_wconf 88' lang='lat' dir='ltr'><strong>etc.</strong></span> 
     </span>
    </p>
   </div>
   <div class='ocr_carea' id='block_1_119' title="bbox 1895 5646 2694 5714">
    <p class='ocr_par' dir='ltr' id='par_1_119' title="bbox 1895 5646 2694 5714">
     <span class='ocr_line' id='line_1_119' title="bbox 1895 5646 2694 5714; baseline -0.01 -9"><span class='ocrx_word' id='word_1_839' title='bbox 1895 5650 2039 5706; x_wconf 68' lang='lat' dir='ltr'><strong>fidit.</strong></span> <span class='ocrx_word' id='word_1_840' title='bbox 2070 5646 2267 5711; x_wconf 79' lang='lat' dir='ltr'><strong>Bonn.,</strong></span> <span class='ocrx_word' id='word_1_841' title='bbox 2290 5661 2342 5714; x_wconf 91' lang='lat' dir='ltr'><strong>p.</strong></span> <span class='ocrx_word' id='word_1_842' title='bbox 2368 5647 2430 5698; x_wconf 90' lang='lat'><strong>77</strong></span> <span class='ocrx_word' id='word_1_843' title='bbox 2465 5653 2519 5697; x_wconf 91' lang='lat' dir='ltr'><strong>et</strong></span> <span class='ocrx_word' id='word_1_844' title='bbox 2545 5660 2694 5713; x_wconf 88' lang='lat' dir='ltr'><strong>seqq.</strong></span> 
     </span>
    </p>
   </div>
   <div class='ocr_carea' id='block_1_120' title="bbox 1963 5714 2765 5786">
    <p class='ocr_par' dir='ltr' id='par_1_120' title="bbox 1963 5714 2765 5786">
     <span class='ocr_line' id='line_1_120' title="bbox 1963 5714 2765 5786; baseline -0.007 -15"><span class='ocrx_word' id='word_1_845' title='bbox 1963 5718 2075 5786; x_wconf 75' lang='lat'><strong>(55)</strong></span> <span class='ocrx_word' id='word_1_846' title='bbox 2108 5717 2235 5770; x_wconf 72' lang='lat' dir='ltr'><strong>hoc.</strong></span> <span class='ocrx_word' id='word_1_847' title='bbox 2273 5720 2389 5777; x_wconf 83' lang='lat' dir='ltr'><strong>cit.,</strong></span> <span class='ocrx_word' id='word_1_848' title='bbox 2424 5724 2461 5767; x_wconf 86' lang='grc' dir='ltr'><strong>ι.</strong></span> <span class='ocrx_word' id='word_1_849' title='bbox 2493 5714 2532 5775; x_wconf 90' lang='lat' dir='ltr'><strong>I,</strong></span> <span class='ocrx_word' id='word_1_850' title='bbox 2560 5729 2615 5786; x_wconf 88' lang='lat' dir='ltr'><strong>p.</strong></span> <span class='ocrx_word' id='word_1_851' title='bbox 2641 5714 2765 5786; x_wconf 79' lang='lat' dir='ltr'><strong>69l_.</strong></span> 
     </span>
    </p>
   </div>
   <div class='ocr_carea' id='block_1_121' title="bbox 1967 5784 3103 5859">
    <p class='ocr_par' dir='ltr' id='par_1_121' title="bbox 1967 5784 3103 5859">
     <span class='ocr_line' id='line_1_121' title="bbox 1967 5784 3103 5859; baseline -0.005 -19"><span class='ocrx_word' id='word_1_852' title='bbox 1967 5784 2077 5859; x_wconf 65' lang='grc' dir='ltr'><strong>(ὄσ)</strong></span> <span class='ocrx_word' id='word_1_853' title='bbox 2110 5788 2454 5855; x_wconf 78' lang='lat' dir='ltr'><strong>&#39;l‘heOphan.,</strong></span> <span class='ocrx_word' id='word_1_854' title='bbox 2494 5796 2530 5838; x_wconf 94' lang='lat' dir='ltr'><strong>t.</strong></span> <span class='ocrx_word' id='word_1_855' title='bbox 2558 5784 2595 5848; x_wconf 90' lang='lat' dir='ltr'><strong>l,</strong></span> <span class='ocrx_word' id='word_1_856' title='bbox 2635 5800 2687 5852; x_wconf 89' lang='lat' dir='ltr'><strong>p.</strong></span> <span class='ocrx_word' id='word_1_857' title='bbox 2723 5784 2823 5839; x_wconf 86' lang='lat'><strong>677</strong></span> <span class='ocrx_word' id='word_1_858' title='bbox 2860 5791 2913 5839; x_wconf 91' lang='lat' dir='ltr'><strong>et</strong></span> <span class='ocrx_word' id='word_1_859' title='bbox 2953 5797 3103 5851; x_wconf 87' lang='lat' dir='ltr'><strong>seqq.</strong></span> 
     </span>
    </p>
   </div>
  </div>
