  <div class='ocr_page' id='page_1' title='image "/cluster/home/n/w/nwhite01/storage/ocr_20150623/115/pst.000005714285/671.png"; bbox 0 0 4178 6316; ppageno 0'>
   <div class='ocr_carea' id='block_1_1' title="bbox 754 358 886 421">
    <p class='ocr_par' dir='ltr' id='par_1_1' title="bbox 754 358 886 421">
     <span class='ocr_line' id='line_1_1' title="bbox 754 358 886 421; baseline -0.015 0"><span class='ocrx_word' id='word_1_1' title='bbox 754 358 886 421; x_wconf 83' lang='lat'><strong>1095</strong></span> 
     </span>
    </p>
   </div>
   <div class='ocr_carea' id='block_1_2' title="bbox 2029 343 2711 408">
    <p class='ocr_par' dir='ltr' id='par_1_2' title="bbox 2029 343 2711 408">
     <span class='ocr_line' id='line_1_2' title="bbox 2029 343 2711 408; baseline -0.009 0"><span class='ocrx_word' id='word_1_2' title='bbox 2029 348 2307 408; x_wconf 83' lang='lat' dir='ltr'><strong>MENSIS</strong></span> <span class='ocrx_word' id='word_1_3' title='bbox 2347 343 2711 407; x_wconf 81' lang='lat' dir='ltr'><strong>OCTOBER.</strong></span> 
     </span>
    </p>
   </div>
   <div class='ocr_carea' id='block_1_3' title="bbox 3866 337 3995 402">
    <p class='ocr_par' dir='ltr' id='par_1_3' title="bbox 3866 337 3995 402">
     <span class='ocr_line' id='line_1_3' title="bbox 3866 337 3995 402; baseline 0.008 -4"><span class='ocrx_word' id='word_1_4' title='bbox 3866 337 3995 402; x_wconf 85' lang='lat' dir='ltr'><strong>l096</strong></span> 
     </span>
    </p>
   </div>
   <div class='ocr_carea' id='block_1_4' title="bbox 750 448 3997 529">
    <p class='ocr_par' dir='ltr' id='par_1_4' title="bbox 750 448 3997 529">
     <span class='ocr_line' id='line_1_4' title="bbox 750 448 3997 529; baseline -0.005 -7"><span class='ocrx_word' id='word_1_5' title='bbox 750 469 806 522; x_wconf 79' lang='lat' dir='ltr'><strong>S.</strong></span> <span class='ocrx_word' id='word_1_6' title='bbox 844 465 1073 521; x_wconf 69' lang='lat' dir='ltr'><strong>Andreae</strong></span> <span class='ocrx_word' id='word_1_7' title='bbox 1100 462 1531 519; x_wconf 87' lang='lat' dir='ltr'><strong>determinamus</strong></span> <span class='ocrx_word' id='word_1_8' title='bbox 1565 461 1653 517; x_wconf 90' lang='lat' dir='ltr'><strong>hic</strong></span> <span class='ocrx_word' id='word_1_9' title='bbox 1684 470 1767 516; x_wconf 86' lang='lat' dir='ltr'><strong>est</strong></span> <span class='ocrx_word' id='word_1_10' title='bbox 1807 457 2214 529; x_wconf 84' lang='lat' dir='ltr'><strong>:Theophanes</strong></span> <span class='ocrx_word' id='word_1_11' title='bbox 2256 454 2319 508; x_wconf 87' lang='lat' dir='ltr'><strong>ad</strong></span> <span class='ocrx_word' id='word_1_12' title='bbox 2349 462 2395 522; x_wconf 80' lang='grc' dir='ltr'><strong>Α</strong></span> <span class='ocrx_word' id='word_1_13' title='bbox 2425 450 2821 508; x_wconf 85' lang='lat' dir='ltr'><strong>Grammaticus</strong></span> <span class='ocrx_word' id='word_1_14' title='bbox 2871 448 3092 512; x_wconf 87' lang='lat' dir='ltr'><strong>Suidas,</strong></span> <span class='ocrx_word' id='word_1_15' title='bbox 3127 448 3344 503; x_wconf 88' lang='lat' dir='ltr'><strong>tradunt</strong></span> <span class='ocrx_word' id='word_1_16' title='bbox 3395 448 3458 504; x_wconf 88' lang='lat' dir='ltr'><strong>ad</strong></span> <span class='ocrx_word' id='word_1_17' title='bbox 3511 451 3700 506; x_wconf 80' lang='lat' dir='ltr'><strong>Divum</strong></span> <span class='ocrx_word' id='word_1_18' title='bbox 3758 450 3997 506; x_wconf 79' lang='lat' dir='ltr'><strong>Maman-</strong></span> 
     </span>
    </p>
   </div>
   <div class='ocr_carea' id='block_1_5' title="bbox 750 549 2321 615">
    <p class='ocr_par' dir='ltr' id='par_1_5' title="bbox 750 549 2321 615">
     <span class='ocr_line' id='line_1_5' title="bbox 750 549 2321 615; baseline -0.01 -1"><span class='ocrx_word' id='word_1_19' title='bbox 750 575 948 614; x_wconf 85' lang='lat' dir='ltr'><strong>annum</strong></span> <span class='ocrx_word' id='word_1_20' title='bbox 979 558 1117 613; x_wconf 80' lang='lat'><strong>6259</strong></span> <span class='ocrx_word' id='word_1_21' title='bbox 1144 572 1266 611; x_wconf 63' lang='lat' dir='ltr'><strong>cera:</strong></span> <span class='ocrx_word' id='word_1_22' title='bbox 1296 553 1603 615; x_wconf 72' lang='lat' dir='ltr'><strong>mundanae,</strong></span> <span class='ocrx_word' id='word_1_23' title='bbox 1636 563 1694 607; x_wconf 90' lang='lat' dir='ltr'><strong>ut</strong></span> <span class='ocrx_word' id='word_1_24' title='bbox 1723 553 1925 606; x_wconf 90' lang='lat' dir='ltr'><strong>dictum</strong></span> <span class='ocrx_word' id='word_1_25' title='bbox 1961 561 2044 606; x_wconf 71' lang='grc' dir='ltr'><strong>ρει</strong></span> <span class='ocrx_word' id='word_1_26' title='bbox 2074 561 2226 603; x_wconf 87' lang='lat' dir='ltr'><strong>num.</strong></span> <span class='ocrx_word' id='word_1_27' title='bbox 2260 549 2321 600; x_wconf 74' lang='grc'>14</span> 
     </span>
    </p>
   </div>
   <div class='ocr_carea' id='block_1_6' title="bbox 751 641 2320 720">
    <p class='ocr_par' dir='ltr' id='par_1_6' title="bbox 751 641 2320 720">
     <span class='ocr_line' id='line_1_6' title="bbox 751 641 2320 720; baseline -0.01 -13"><span class='ocrx_word' id='word_1_28' title='bbox 751 663 801 707; x_wconf 80' lang='lat' dir='ltr'><strong>et</strong></span> <span class='ocrx_word' id='word_1_29' title='bbox 838 652 924 714; x_wconf 92' lang='grc'><strong>17,</strong></span> <span class='ocrx_word' id='word_1_30' title='bbox 962 651 1280 720; x_wconf 80' lang='lat' dir='ltr'><strong>martyrium</strong></span> <span class='ocrx_word' id='word_1_31' title='bbox 1333 643 1389 701; x_wconf 86' lang='lat' dir='ltr'><strong>S.</strong></span> <span class='ocrx_word' id='word_1_32' title='bbox 1438 647 1581 700; x_wconf 88' lang='lat' dir='ltr'><strong>Petri</strong></span> <span class='ocrx_word' id='word_1_33' title='bbox 1624 646 1817 715; x_wconf 77' lang='lat' dir='ltr'><strong>stylitze</strong></span> <span class='ocrx_word' id='word_1_34' title='bbox 1846 660 1971 698; x_wconf 91' lang='lat' dir='ltr'><strong>cum</strong></span> <span class='ocrx_word' id='word_1_35' title='bbox 2017 641 2072 696; x_wconf 91' lang='lat' dir='ltr'><strong>S.</strong></span> <span class='ocrx_word' id='word_1_36' title='bbox 2105 641 2320 696; x_wconf 79' lang='lat' dir='ltr'><strong>Andrea</strong></span> 
     </span>
    </p>
   </div>
   <div class='ocr_carea' id='block_1_7' title="bbox 748 735 2319 804">
    <p class='ocr_par' dir='ltr' id='par_1_7' title="bbox 748 735 2319 804">
     <span class='ocr_line' id='line_1_7' title="bbox 748 735 2319 804; baseline -0.01 -6"><span class='ocrx_word' id='word_1_37' title='bbox 748 741 1091 804; x_wconf 87' lang='lat' dir='ltr'><strong>commutati,</strong></span> <span class='ocrx_word' id='word_1_38' title='bbox 1125 745 1552 802; x_wconf 86' lang='lat' dir='ltr'><strong>commemorat;</strong></span> <span class='ocrx_word' id='word_1_39' title='bbox 1587 737 1684 791; x_wconf 90' lang='lat' dir='ltr'><strong>sed</strong></span> <span class='ocrx_word' id='word_1_40' title='bbox 1735 735 1800 789; x_wconf 83' lang='lat' dir='ltr'><strong>ad</strong></span> <span class='ocrx_word' id='word_1_41' title='bbox 1828 735 2079 789; x_wconf 88' lang='lat' dir='ltr'><strong>eumdem</strong></span> <span class='ocrx_word' id='word_1_42' title='bbox 2119 747 2319 785; x_wconf 88' lang='lat' dir='ltr'><strong>annum</strong></span> 
     </span>
    </p>
   </div>
   <div class='ocr_carea' id='block_1_8' title="bbox 749 824 2322 899">
    <p class='ocr_par' dir='ltr' id='par_1_8' title="bbox 749 824 2322 899">
     <span class='ocr_line' id='line_1_8' title="bbox 749 824 2322 899; baseline -0.01 -11"><span class='ocrx_word' id='word_1_43' title='bbox 749 834 908 888; x_wconf 86' lang='lat' dir='ltr'><strong>etiam</strong></span> <span class='ocrx_word' id='word_1_44' title='bbox 945 830 1300 885; x_wconf 82' lang='lat' dir='ltr'><strong>indiCtionem</strong></span> <span class='ocrx_word' id='word_1_45' title='bbox 1335 828 1594 899; x_wconf 80' lang='lat' dir='ltr'><strong>signavit,</strong></span> <span class='ocrx_word' id='word_1_46' title='bbox 1635 825 1780 895; x_wconf 89' lang='lat' dir='ltr'><strong>quod</strong></span> <span class='ocrx_word' id='word_1_47' title='bbox 1837 826 1968 878; x_wconf 89' lang='lat' dir='ltr'><strong>satis</strong></span> <span class='ocrx_word' id='word_1_48' title='bbox 2008 824 2322 891; x_wconf 77' lang='lat' dir='ltr'><strong>frequenter</strong></span> 
     </span>
    </p>
   </div>
   <div class='ocr_carea' id='block_1_9' title="bbox 749 911 2323 993">
    <p class='ocr_par' dir='ltr' id='par_1_9' title="bbox 749 911 2323 993">
     <span class='ocr_line' id='line_1_9' title="bbox 749 911 2323 993; baseline -0.009 -14"><span class='ocrx_word' id='word_1_49' title='bbox 749 926 966 993; x_wconf 83' lang='lat' dir='ltr'><strong>quidem</strong></span> <span class='ocrx_word' id='word_1_50' title='bbox 992 924 1143 988; x_wconf 78' lang='lat' dir='ltr'><strong>facit,</strong></span> <span class='ocrx_word' id='word_1_51' title='bbox 1172 938 1278 976; x_wconf 92' lang='lat' dir='ltr'><strong>non</strong></span> <span class='ocrx_word' id='word_1_52' title='bbox 1319 932 1496 975; x_wconf 89' lang='lat' dir='ltr'><strong>tamen</strong></span> <span class='ocrx_word' id='word_1_53' title='bbox 1546 919 1770 987; x_wconf 87' lang='lat' dir='ltr'><strong>ubique.</strong></span> <span class='ocrx_word' id='word_1_54' title='bbox 1800 915 2029 982; x_wconf 83' lang='lat' dir='ltr'><strong>Quando</strong></span> <span class='ocrx_word' id='word_1_55' title='bbox 2059 927 2238 967; x_wconf 86' lang='lat' dir='ltr'><strong>autem</strong></span> <span class='ocrx_word' id='word_1_56' title='bbox 2272 911 2323 965; x_wconf 97' lang='lat' dir='ltr'><strong>id</strong></span> 
     </span>
    </p>
   </div>
   <div class='ocr_carea' id='block_1_10' title="bbox 751 1005 2323 1085">
    <p class='ocr_par' dir='ltr' id='par_1_10' title="bbox 751 1005 2323 1085">
     <span class='ocr_line' id='line_1_10' title="bbox 751 1005 2323 1085; baseline -0.01 -15"><span class='ocrx_word' id='word_1_57' title='bbox 751 1016 898 1071; x_wconf 82' lang='lat' dir='ltr'><strong>facit.</strong></span> <span class='ocrx_word' id='word_1_58' title='bbox 933 1016 1125 1085; x_wconf 86' lang='lat' dir='ltr'><strong>Pagius</strong></span> <span class='ocrx_word' id='word_1_59' title='bbox 1151 1016 1346 1083; x_wconf 80' lang='lat' dir='ltr'><strong>aliique</strong></span> <span class='ocrx_word' id='word_1_60' title='bbox 1380 1013 1682 1085; x_wconf 83' lang='lat' dir='ltr'><strong>gravissimi</strong></span> <span class='ocrx_word' id='word_1_61' title='bbox 1735 1012 2030 1082; x_wconf 86' lang='lat' dir='ltr'><strong>scriptores</strong></span> <span class='ocrx_word' id='word_1_62' title='bbox 2088 1020 2196 1058; x_wconf 89' lang='lat' dir='ltr'><strong>non</strong></span> <span class='ocrx_word' id='word_1_63' title='bbox 2223 1005 2323 1057; x_wconf 89' lang='lat' dir='ltr'><strong>du-</strong></span> 
     </span>
    </p>
   </div>
   <div class='ocr_carea' id='block_1_11' title="bbox 752 1095 2321 1173">
    <p class='ocr_par' dir='ltr' id='par_1_11' title="bbox 752 1095 2321 1173">
     <span class='ocr_line' id='line_1_11' title="bbox 752 1095 2321 1173; baseline -0.009 -12"><span class='ocrx_word' id='word_1_64' title='bbox 752 1108 928 1161; x_wconf 86' lang='lat' dir='ltr'><strong>bitant</strong></span> <span class='ocrx_word' id='word_1_65' title='bbox 963 1106 1318 1159; x_wconf 84' lang='lat' dir='ltr'><strong>indictionem</strong></span> <span class='ocrx_word' id='word_1_66' title='bbox 1354 1120 1462 1173; x_wconf 69' lang='lat' dir='ltr'><strong>prae</strong></span> <span class='ocrx_word' id='word_1_67' title='bbox 1502 1118 1607 1157; x_wconf 70' lang='lat' dir='ltr'><strong>aera</strong></span> <span class='ocrx_word' id='word_1_68' title='bbox 1636 1102 1977 1156; x_wconf 84' lang='lat' dir='ltr'><strong>Antiochena</strong></span> <span class='ocrx_word' id='word_1_69' title='bbox 2014 1095 2321 1159; x_wconf 76' lang='lat' dir='ltr'><strong>admittere,</strong></span> 
     </span>
    </p>
   </div>
   <div class='ocr_carea' id='block_1_12' title="bbox 752 1195 2322 1267">
    <p class='ocr_par' dir='ltr' id='par_1_12' title="bbox 752 1195 2322 1267">
     <span class='ocr_line' id='line_1_12' title="bbox 752 1195 2322 1267; baseline -0.009 -15"><span class='ocrx_word' id='word_1_70' title='bbox 752 1216 856 1267; x_wconf 89' lang='lat' dir='ltr'><strong>qua</strong></span> <span class='ocrx_word' id='word_1_71' title='bbox 892 1199 1261 1267; x_wconf 86' lang='lat' dir='ltr'><strong>Theophanes</strong></span> <span class='ocrx_word' id='word_1_72' title='bbox 1299 1199 1485 1260; x_wconf 90' lang='lat' dir='ltr'><strong>utitur,</strong></span> <span class='ocrx_word' id='word_1_73' title='bbox 1514 1198 1642 1250; x_wconf 87' lang='lat' dir='ltr'><strong>licet</strong></span> <span class='ocrx_word' id='word_1_74' title='bbox 1688 1195 2011 1266; x_wconf 78' lang='lat' dir='ltr'><strong>profiteatur</strong></span> <span class='ocrx_word' id='word_1_75' title='bbox 2052 1205 2109 1244; x_wconf 89' lang='lat' dir='ltr'><strong>se</strong></span> <span class='ocrx_word' id='word_1_76' title='bbox 2161 1202 2322 1242; x_wconf 64' lang='lat' dir='ltr'><strong>teram</strong></span> 
     </span>
    </p>
   </div>
   <div class='ocr_carea' id='block_1_13' title="bbox 750 1286 2323 1358">
    <p class='ocr_par' dir='ltr' id='par_1_13' title="bbox 750 1286 2323 1358">
     <span class='ocr_line' id='line_1_13' title="bbox 750 1286 2323 1358; baseline -0.007 -16"><span class='ocrx_word' id='word_1_77' title='bbox 750 1289 876 1342; x_wconf 84' lang='lat' dir='ltr'><strong>Julii</strong></span> <span class='ocrx_word' id='word_1_78' title='bbox 906 1286 1143 1343; x_wconf 80' lang='lat' dir='ltr'><strong>Africani</strong></span> <span class='ocrx_word' id='word_1_79' title='bbox 1176 1289 1435 1342; x_wconf 85' lang='lat' dir='ltr'><strong>adbibere</strong></span> <span class='ocrx_word' id='word_1_80' title='bbox 1452 1288 1589 1358; x_wconf 85' lang='grc'>(57).</span> <span class='ocrx_word' id='word_1_81' title='bbox 1624 1287 1747 1339; x_wconf 85' lang='lat' dir='ltr'><strong>Mihi</strong></span> <span class='ocrx_word' id='word_1_82' title='bbox 1778 1296 1954 1339; x_wconf 86' lang='lat' dir='ltr'><strong>tamen</strong></span> <span class='ocrx_word' id='word_1_83' title='bbox 1986 1292 2323 1351; x_wconf 86' lang='lat' dir='ltr'><strong>compertum</strong></span> 
     </span>
    </p>
   </div>
   <div class='ocr_carea' id='block_1_14' title="bbox 751 1370 2325 1449">
    <p class='ocr_par' dir='ltr' id='par_1_14' title="bbox 751 1370 2325 1449">
     <span class='ocr_line' id='line_1_14' title="bbox 751 1370 2325 1449; baseline -0.01 -12"><span class='ocrx_word' id='word_1_84' title='bbox 751 1392 835 1438; x_wconf 89' lang='lat' dir='ltr'><strong>est</strong></span> <span class='ocrx_word' id='word_1_85' title='bbox 865 1397 1024 1434; x_wconf 63' lang='lat' dir='ltr'><strong>aeram</strong></span> <span class='ocrx_word' id='word_1_86' title='bbox 1052 1382 1339 1449; x_wconf 79' lang='lat' dir='ltr'><strong>aliquoties</strong></span> <span class='ocrx_word' id='word_1_87' title='bbox 1370 1391 1513 1433; x_wconf 87' lang='lat' dir='ltr'><strong>recte</strong></span> <span class='ocrx_word' id='word_1_88' title='bbox 1540 1378 1789 1449; x_wconf 79' lang='lat' dir='ltr'><strong>proferri.</strong></span> <span class='ocrx_word' id='word_1_89' title='bbox 1828 1392 1946 1430; x_wconf 89' lang='lat' dir='ltr'><strong>eum</strong></span> <span class='ocrx_word' id='word_1_90' title='bbox 1993 1387 2219 1429; x_wconf 86' lang='lat' dir='ltr'><strong>erronea</strong></span> <span class='ocrx_word' id='word_1_91' title='bbox 2245 1370 2325 1423; x_wconf 89' lang='lat' dir='ltr'><strong>in-</strong></span> 
     </span>
    </p>
   </div>
   <div class='ocr_carea' id='block_1_15' title="bbox 751 1466 2325 1542">
    <p class='ocr_par' dir='ltr' id='par_1_15' title="bbox 751 1466 2325 1542">
     <span class='ocr_line' id='line_1_15' title="bbox 751 1466 2325 1542; baseline -0.005 -17"><span class='ocrx_word' id='word_1_92' title='bbox 751 1474 1014 1535; x_wconf 78' lang='lat' dir='ltr'><strong>dictione,</strong></span> <span class='ocrx_word' id='word_1_93' title='bbox 1053 1473 1286 1542; x_wconf 76' lang='lat' dir='ltr'><strong>cxempli</strong></span> <span class='ocrx_word' id='word_1_94' title='bbox 1321 1488 1484 1526; x_wconf 87' lang='lat' dir='ltr'><strong>causa</strong></span> <span class='ocrx_word' id='word_1_95' title='bbox 1517 1474 1581 1525; x_wconf 85' lang='lat' dir='ltr'><strong>ad</strong></span> <span class='ocrx_word' id='word_1_96' title='bbox 1609 1488 1701 1525; x_wconf 88' lang='lat' dir='ltr'><strong>an.</strong></span> <span class='ocrx_word' id='word_1_97' title='bbox 1749 1470 1908 1532; x_wconf 72' lang='lat'><strong>6235,</strong></span> <span class='ocrx_word' id='word_1_98' title='bbox 1938 1479 1995 1522; x_wconf 92' lang='lat' dir='ltr'><strong>ut</strong></span> <span class='ocrx_word' id='word_1_99' title='bbox 2021 1482 2083 1522; x_wconf 80' lang='lat' dir='ltr'><strong>ex</strong></span> <span class='ocrx_word' id='word_1_100' title='bbox 2115 1466 2325 1534; x_wconf 86' lang='lat' dir='ltr'><strong>adjecta</strong></span> 
     </span>
    </p>
   </div>
   <div class='ocr_carea' id='block_1_16' title="bbox 751 1558 2326 1636">
    <p class='ocr_par' dir='ltr' id='par_1_16' title="bbox 751 1558 2326 1636">
     <span class='ocr_line' id='line_1_16' title="bbox 751 1558 2326 1636; baseline -0.008 -14"><span class='ocrx_word' id='word_1_101' title='bbox 751 1567 974 1636; x_wconf 83' lang='lat' dir='ltr'><strong>eclipsis</strong></span> <span class='ocrx_word' id='word_1_102' title='bbox 1016 1567 1347 1621; x_wconf 88' lang='lat' dir='ltr'><strong>indicatione</strong></span> <span class='ocrx_word' id='word_1_103' title='bbox 1410 1567 1759 1620; x_wconf 77' lang='lat' dir='ltr'><strong>manifestum</strong></span> <span class='ocrx_word' id='word_1_104' title='bbox 1807 1574 1909 1618; x_wconf 91' lang='lat' dir='ltr'><strong>est.</strong></span> <span class='ocrx_word' id='word_1_105' title='bbox 1941 1563 2096 1616; x_wconf 79' lang='lat' dir='ltr'><strong>Patet</strong></span> <span class='ocrx_word' id='word_1_106' title='bbox 2124 1558 2326 1613; x_wconf 89' lang='lat' dir='ltr'><strong>nihilo-</strong></span> 
     </span>
    </p>
   </div>
   <div class='ocr_carea' id='block_1_17' title="bbox 753 1653 2326 1729">
    <p class='ocr_par' dir='ltr' id='par_1_17' title="bbox 753 1653 2326 1729">
     <span class='ocr_line' id='line_1_17' title="bbox 753 1653 2326 1729; baseline -0.004 -19"><span class='ocrx_word' id='word_1_107' title='bbox 753 1657 935 1710; x_wconf 86' lang='lat' dir='ltr'><strong>minus</strong></span> <span class='ocrx_word' id='word_1_108' title='bbox 965 1663 1112 1710; x_wconf 89' lang='lat' dir='ltr'><strong>recte</strong></span> <span class='ocrx_word' id='word_1_109' title='bbox 1147 1660 1345 1729; x_wconf 82' lang='lat' dir='ltr'><strong>egisse.</strong></span> <span class='ocrx_word' id='word_1_110' title='bbox 1376 1659 1465 1724; x_wconf 88' lang='lat' dir='ltr'><strong>qui</strong></span> <span class='ocrx_word' id='word_1_111' title='bbox 1501 1657 1826 1711; x_wconf 88' lang='lat' dir='ltr'><strong>indictiones</strong></span> <span class='ocrx_word' id='word_1_112' title='bbox 1870 1653 2163 1707; x_wconf 87' lang='lat' dir='ltr'><strong>universim</strong></span> <span class='ocrx_word' id='word_1_113' title='bbox 2191 1666 2326 1720; x_wconf 67' lang='lat' dir='ltr'><strong>prac-</strong></span> 
     </span>
    </p>
   </div>
   <div class='ocr_carea' id='block_1_18' title="bbox 755 1741 2325 1816">
    <p class='ocr_par' dir='ltr' id='par_1_18' title="bbox 755 1741 2325 1816">
     <span class='ocr_line' id='line_1_18' title="bbox 755 1741 2325 1816; baseline -0.006 -17"><span class='ocrx_word' id='word_1_114' title='bbox 755 1748 1017 1799; x_wconf 89' lang='lat' dir='ltr'><strong>tulerunt.</strong></span> <span class='ocrx_word' id='word_1_115' title='bbox 1050 1748 1131 1801; x_wconf 83' lang='lat' dir='ltr'><strong>Ad</strong></span> <span class='ocrx_word' id='word_1_116' title='bbox 1185 1748 1329 1801; x_wconf 88' lang='lat' dir='ltr'><strong>hunc</strong></span> <span class='ocrx_word' id='word_1_117' title='bbox 1361 1748 1525 1816; x_wconf 80' lang='lat' dir='ltr'><strong>igitur</strong></span> <span class='ocrx_word' id='word_1_118' title='bbox 1554 1763 1755 1799; x_wconf 89' lang='lat' dir='ltr'><strong>annum</strong></span> <span class='ocrx_word' id='word_1_119' title='bbox 1794 1743 1932 1798; x_wconf 70' lang='lat'><strong>6239</strong></span> <span class='ocrx_word' id='word_1_120' title='bbox 1963 1741 2325 1809; x_wconf 80' lang='lat' dir='ltr'><strong>Theophanes</strong></span> 
     </span>
    </p>
   </div>
   <div class='ocr_carea' id='block_1_19' title="bbox 752 1832 2328 1907">
    <p class='ocr_par' dir='ltr' id='par_1_19' title="bbox 752 1832 2328 1907">
     <span class='ocr_line' id='line_1_19' title="bbox 752 1832 2328 1907; baseline -0.005 -18"><span class='ocrx_word' id='word_1_121' title='bbox 752 1837 1108 1891; x_wconf 90' lang='lat' dir='ltr'><strong>indictionem</strong></span> <span class='ocrx_word' id='word_1_122' title='bbox 1177 1839 1353 1907; x_wconf 84' lang='lat' dir='ltr'><strong>signat</strong></span> <span class='ocrx_word' id='word_1_123' title='bbox 1408 1840 1493 1890; x_wconf 79' lang='lat' dir='ltr'><strong>his</strong></span> <span class='ocrx_word' id='word_1_124' title='bbox 1544 1836 1726 1890; x_wconf 77' lang='lat' dir='ltr'><strong>verbis</strong></span> <span class='ocrx_word' id='word_1_125' title='bbox 1788 1834 1901 1904; x_wconf 82' lang='grc'>(58)</span> <span class='ocrx_word' id='word_1_126' title='bbox 1940 1849 1952 1887; x_wconf 91' lang='lat'><strong>:</strong></span> <span class='ocrx_word' id='word_1_127' title='bbox 1995 1832 2106 1886; x_wconf 90' lang='lat' dir='ltr'><strong>Hoc</strong></span> <span class='ocrx_word' id='word_1_128' title='bbox 2162 1846 2328 1896; x_wconf 89' lang='lat' dir='ltr'><strong>anno,</strong></span> 
     </span>
    </p>
   </div>
   <div class='ocr_carea' id='block_1_20' title="bbox 753 1927 2323 1994">
    <p class='ocr_par' dir='ltr' id='par_1_20' title="bbox 753 1927 2323 1994">
     <span class='ocr_line' id='line_1_20' title="bbox 753 1927 2323 1994; baseline -0.003 -13"><span class='ocrx_word' id='word_1_129' title='bbox 753 1929 960 1983; x_wconf 83' lang='lat' dir='ltr'><strong>mensis</strong></span> <span class='ocrx_word' id='word_1_130' title='bbox 1014 1928 1266 1983; x_wconf 85' lang='lat' dir='ltr'><strong>Octobris</strong></span> <span class='ocrx_word' id='word_1_131' title='bbox 1314 1931 1400 1982; x_wconf 87' lang='lat' dir='ltr'><strong>die</strong></span> <span class='ocrx_word' id='word_1_132' title='bbox 1447 1937 1621 1994; x_wconf 77' lang='lat' dir='ltr'><strong>sexto,</strong></span> <span class='ocrx_word' id='word_1_133' title='bbox 1672 1927 1967 1982; x_wconf 85' lang='lat' dir='ltr'><strong>indictione</strong></span> <span class='ocrx_word' id='word_1_134' title='bbox 2025 1936 2172 1980; x_wconf 86' lang='lat' dir='ltr'><strong>sexta</strong></span> <span class='ocrx_word' id='word_1_135' title='bbox 2220 1934 2323 1977; x_wconf 92' lang='lat' dir='ltr'><strong>etc.</strong></span> 
     </span>
    </p>
   </div>
   <div class='ocr_carea' id='block_1_21' title="bbox 754 2015 2331 2076">
    <p class='ocr_par' dir='ltr' id='par_1_21' title="bbox 754 2015 2331 2076">
     <span class='ocr_line' id='line_1_21' title="bbox 754 2015 2331 2076; baseline -0.004 -1"><span class='ocrx_word' id='word_1_136' title='bbox 754 2019 953 2075; x_wconf 86' lang='lat' dir='ltr'><strong>Verum</strong></span> <span class='ocrx_word' id='word_1_137' title='bbox 988 2023 1101 2076; x_wconf 63' lang='lat' dir='ltr'><strong>hac</strong></span> <span class='ocrx_word' id='word_1_138' title='bbox 1136 2023 1357 2075; x_wconf 87' lang='lat' dir='ltr'><strong>indictio</strong></span> <span class='ocrx_word' id='word_1_139' title='bbox 1386 2036 1507 2076; x_wconf 91' lang='lat' dir='ltr'><strong>cum</strong></span> <span class='ocrx_word' id='word_1_140' title='bbox 1544 2036 1685 2073; x_wconf 88' lang='lat' dir='ltr'><strong>anno</strong></span> <span class='ocrx_word' id='word_1_141' title='bbox 1717 2020 1856 2074; x_wconf 61' lang='lat'><strong>6259</strong></span> <span class='ocrx_word' id='word_1_142' title='bbox 1890 2034 2011 2073; x_wconf 59' lang='lat' dir='ltr'><strong>arae</strong></span> <span class='ocrx_word' id='word_1_143' title='bbox 2043 2015 2331 2070; x_wconf 71' lang='lat' dir='ltr'><strong>mundana:</strong></span> 
     </span>
    </p>
   </div>
   <div class='ocr_carea' id='block_1_22' title="bbox 755 2109 2329 2183">
    <p class='ocr_par' dir='ltr' id='par_1_22' title="bbox 755 2109 2329 2183">
     <span class='ocr_line' id='line_1_22' title="bbox 755 2109 2329 2183; baseline -0.004 -17"><span class='ocrx_word' id='word_1_144' title='bbox 755 2129 864 2166; x_wconf 90' lang='lat' dir='ltr'><strong>non</strong></span> <span class='ocrx_word' id='word_1_145' title='bbox 899 2116 1213 2177; x_wconf 82' lang='lat' dir='ltr'><strong>concordat,</strong></span> <span class='ocrx_word' id='word_1_146' title='bbox 1248 2129 1370 2166; x_wconf 89' lang='lat' dir='ltr'><strong>cum</strong></span> <span class='ocrx_word' id='word_1_147' title='bbox 1402 2129 1466 2166; x_wconf 84' lang='lat' dir='ltr'><strong>ex</strong></span> <span class='ocrx_word' id='word_1_148' title='bbox 1503 2115 1685 2183; x_wconf 88' lang='lat' dir='ltr'><strong>regula</strong></span> <span class='ocrx_word' id='word_1_149' title='bbox 1722 2111 1779 2164; x_wconf 89' lang='lat' dir='ltr'><strong>S.</strong></span> <span class='ocrx_word' id='word_1_150' title='bbox 1811 2110 2026 2164; x_wconf 79' lang='lat' dir='ltr'><strong>Maximi</strong></span> <span class='ocrx_word' id='word_1_151' title='bbox 2056 2109 2329 2179; x_wconf 71' lang='lat' dir='ltr'><strong>(59),:era3</strong></span> 
     </span>
    </p>
   </div>
   <div class='ocr_carea' id='block_1_23' title="bbox 756 2200 2325 2271">
    <p class='ocr_par' dir='ltr' id='par_1_23' title="bbox 756 2200 2325 2271">
     <span class='ocr_line' id='line_1_23' title="bbox 756 2200 2325 2271; baseline -0.004 -12"><span class='ocrx_word' id='word_1_152' title='bbox 756 2206 1005 2260; x_wconf 90' lang='lat' dir='ltr'><strong>addenda</strong></span> <span class='ocrx_word' id='word_1_153' title='bbox 1048 2208 1118 2259; x_wconf 87' lang='lat' dir='ltr'><strong>sit</strong></span> <span class='ocrx_word' id='word_1_154' title='bbox 1155 2206 1355 2266; x_wconf 87' lang='lat' dir='ltr'><strong>unitas,</strong></span> <span class='ocrx_word' id='word_1_155' title='bbox 1389 2207 1514 2259; x_wconf 90' lang='lat' dir='ltr'><strong>dein</strong></span> <span class='ocrx_word' id='word_1_156' title='bbox 1546 2205 1813 2258; x_wconf 77' lang='lat' dir='ltr'><strong>divisione</strong></span> <span class='ocrx_word' id='word_1_157' title='bbox 1840 2204 2084 2257; x_wconf 87' lang='lat' dir='ltr'><strong>instituta</strong></span> <span class='ocrx_word' id='word_1_158' title='bbox 2118 2218 2214 2271; x_wconf 85' lang='lat' dir='ltr'><strong>per</strong></span> <span class='ocrx_word' id='word_1_159' title='bbox 2240 2200 2325 2267; x_wconf 85' lang='grc'>15,</span> 
     </span>
    </p>
   </div>
   <div class='ocr_carea' id='block_1_24' title="bbox 754 2292 2323 2367">
    <p class='ocr_par' dir='ltr' id='par_1_24' title="bbox 754 2292 2323 2367">
     <span class='ocr_line' id='line_1_24' title="bbox 754 2292 2323 2367; baseline -0.004 -16"><span class='ocrx_word' id='word_1_160' title='bbox 754 2304 900 2367; x_wconf 86' lang='lat' dir='ltr'><strong>quod</strong></span> <span class='ocrx_word' id='word_1_161' title='bbox 956 2297 1222 2366; x_wconf 82' lang='lat' dir='ltr'><strong>reliquum</strong></span> <span class='ocrx_word' id='word_1_162' title='bbox 1277 2308 1381 2361; x_wconf 90' lang='lat' dir='ltr'><strong>est,</strong></span> <span class='ocrx_word' id='word_1_163' title='bbox 1436 2297 1789 2351; x_wconf 88' lang='lat' dir='ltr'><strong>indictionem</strong></span> <span class='ocrx_word' id='word_1_164' title='bbox 1852 2293 2063 2348; x_wconf 82' lang='lat' dir='ltr'><strong>cﬂicere</strong></span> <span class='ocrx_word' id='word_1_165' title='bbox 2111 2292 2323 2346; x_wconf 82' lang='lat' dir='ltr'><strong>debeat.</strong></span> 
     </span>
    </p>
   </div>
   <div class='ocr_carea' id='block_1_25' title="bbox 752 2387 2327 2454">
    <p class='ocr_par' dir='ltr' id='par_1_25' title="bbox 752 2387 2327 2454">
     <span class='ocr_line' id='line_1_25' title="bbox 752 2387 2327 2454; baseline -0.004 -15"><span class='ocrx_word' id='word_1_166' title='bbox 752 2387 922 2441; x_wconf 90' lang='lat' dir='ltr'><strong>Porro</strong></span> <span class='ocrx_word' id='word_1_167' title='bbox 951 2389 1049 2442; x_wconf 92' lang='lat' dir='ltr'><strong>hac</strong></span> <span class='ocrx_word' id='word_1_168' title='bbox 1073 2388 1329 2442; x_wconf 87' lang='lat' dir='ltr'><strong>methodo</strong></span> <span class='ocrx_word' id='word_1_169' title='bbox 1361 2390 1446 2443; x_wconf 92' lang='lat' dir='ltr'><strong>hic</strong></span> <span class='ocrx_word' id='word_1_170' title='bbox 1469 2403 1575 2440; x_wconf 89' lang='lat' dir='ltr'><strong>non</strong></span> <span class='ocrx_word' id='word_1_171' title='bbox 1604 2403 1719 2450; x_wconf 77' lang='lat' dir='ltr'><strong>sex,</strong></span> <span class='ocrx_word' id='word_1_172' title='bbox 1745 2387 1838 2440; x_wconf 90' lang='lat' dir='ltr'><strong>sed</strong></span> <span class='ocrx_word' id='word_1_173' title='bbox 1857 2390 2093 2454; x_wconf 88' lang='lat' dir='ltr'><strong>quinque</strong></span> <span class='ocrx_word' id='word_1_174' title='bbox 2122 2392 2327 2436; x_wconf 89' lang='lat' dir='ltr'><strong>tantum</strong></span> 
     </span>
    </p>
   </div>
   <div class='ocr_carea' id='block_1_26' title="bbox 752 2477 2329 2535">
    <p class='ocr_par' dir='ltr' id='par_1_26' title="bbox 752 2477 2329 2535">
     <span class='ocr_line' id='line_1_26' title="bbox 752 2477 2329 2535; baseline -0.002 -2"><span class='ocrx_word' id='word_1_175' title='bbox 752 2481 1084 2534; x_wconf 78' lang='lat' dir='ltr'><strong>obtinemus.</strong></span> <span class='ocrx_word' id='word_1_176' title='bbox 1124 2482 1486 2535; x_wconf 85' lang='lat' dir='ltr'><strong>Nihilominus</strong></span> <span class='ocrx_word' id='word_1_177' title='bbox 1535 2481 1893 2535; x_wconf 87' lang='lat' dir='ltr'><strong>indictioncm</strong></span> <span class='ocrx_word' id='word_1_178' title='bbox 1940 2479 2029 2534; x_wconf 87' lang='lat' dir='ltr'><strong>hic</strong></span> <span class='ocrx_word' id='word_1_179' title='bbox 2061 2489 2206 2533; x_wconf 89' lang='lat' dir='ltr'><strong>recte</strong></span> <span class='ocrx_word' id='word_1_180' title='bbox 2236 2477 2329 2530; x_wconf 91' lang='lat' dir='ltr'><strong>ad-</strong></span> 
     </span>
    </p>
   </div>
   <div class='ocr_carea' id='block_1_27' title="bbox 753 2564 2329 2637">
    <p class='ocr_par' dir='ltr' id='par_1_27' title="bbox 753 2564 2329 2637">
     <span class='ocr_line' id='line_1_27' title="bbox 753 2564 2329 2637; baseline -0.003 -16"><span class='ocrx_word' id='word_1_181' title='bbox 753 2570 943 2633; x_wconf 79' lang='lat' dir='ltr'><strong>scribi,</strong></span> <span class='ocrx_word' id='word_1_182' title='bbox 975 2569 1179 2637; x_wconf 81' lang='lat' dir='ltr'><strong>duplici</strong></span> <span class='ocrx_word' id='word_1_183' title='bbox 1209 2570 1292 2623; x_wconf 69' lang='lat' dir='ltr'><strong>via</strong></span> <span class='ocrx_word' id='word_1_184' title='bbox 1329 2573 1595 2623; x_wconf 88' lang='lat' dir='ltr'><strong>lirmatur.</strong></span> <span class='ocrx_word' id='word_1_185' title='bbox 1630 2568 1834 2630; x_wconf 84' lang='lat' dir='ltr'><strong>Primo,</strong></span> <span class='ocrx_word' id='word_1_186' title='bbox 1863 2567 1989 2637; x_wconf 86' lang='lat' dir='ltr'><strong>quia</strong></span> <span class='ocrx_word' id='word_1_187' title='bbox 2040 2564 2329 2635; x_wconf 86' lang='lat' dir='ltr'><strong>Theopha-</strong></span> 
     </span>
    </p>
   </div>
   <div class='ocr_carea' id='block_1_28' title="bbox 752 2656 2323 2727">
    <p class='ocr_par' dir='ltr' id='par_1_28' title="bbox 752 2656 2323 2727">
     <span class='ocr_line' id='line_1_28' title="bbox 752 2656 2323 2727; baseline -0.002 -17"><span class='ocrx_word' id='word_1_188' title='bbox 752 2673 851 2711; x_wconf 86' lang='lat' dir='ltr'><strong>nes</strong></span> <span class='ocrx_word' id='word_1_189' title='bbox 907 2661 971 2711; x_wconf 91' lang='lat' dir='ltr'><strong>ad</strong></span> <span class='ocrx_word' id='word_1_190' title='bbox 1023 2675 1225 2711; x_wconf 90' lang='lat' dir='ltr'><strong>annum</strong></span> <span class='ocrx_word' id='word_1_191' title='bbox 1284 2669 1649 2727; x_wconf 87' lang='lat' dir='ltr'><strong>sequentem,</strong></span> <span class='ocrx_word' id='word_1_192' title='bbox 1710 2659 2011 2711; x_wconf 86' lang='lat' dir='ltr'><strong>indictione</strong></span> <span class='ocrx_word' id='word_1_193' title='bbox 2059 2656 2323 2723; x_wconf 86' lang='lat' dir='ltr'><strong>septima,</strong></span> 
     </span>
    </p>
   </div>
   <div class='ocr_carea' id='block_1_29' title="bbox 751 2745 2328 2820">
    <p class='ocr_par' dir='ltr' id='par_1_29' title="bbox 751 2745 2328 2820">
     <span class='ocr_line' id='line_1_29' title="bbox 751 2745 2328 2820; baseline -0.003 -17"><span class='ocrx_word' id='word_1_194' title='bbox 751 2750 944 2803; x_wconf 87' lang='lat' dir='ltr'><strong>scribit</strong></span> <span class='ocrx_word' id='word_1_195' title='bbox 978 2750 1115 2804; x_wconf 89' lang='lat' dir='ltr'><strong>diem</strong></span> <span class='ocrx_word' id='word_1_196' title='bbox 1150 2766 1163 2803; x_wconf 87' lang='grc' dir='ltr'><strong>ι</strong></span> <span class='ocrx_word' id='word_1_197' title='bbox 1200 2750 1402 2820; x_wconf 80' lang='lat' dir='ltr'><strong>Aprilis</strong></span> <span class='ocrx_word' id='word_1_198' title='bbox 1438 2750 1604 2803; x_wconf 82' lang='lat' dir='ltr'><strong>fuisse</strong></span> <span class='ocrx_word' id='word_1_199' title='bbox 1653 2750 1794 2802; x_wconf 88' lang='lat' dir='ltr'><strong>diem</strong></span> <span class='ocrx_word' id='word_1_200' title='bbox 1826 2746 2043 2801; x_wconf 86' lang='lat' dir='ltr'><strong>Sabbati</strong></span> <span class='ocrx_word' id='word_1_201' title='bbox 2084 2745 2229 2815; x_wconf 84' lang='lat'><strong>(60);</strong></span> <span class='ocrx_word' id='word_1_202' title='bbox 2262 2760 2328 2799; x_wconf 79' lang='lat' dir='ltr'><strong>ex</strong></span> 
     </span>
    </p>
   </div>
   <div class='ocr_carea' id='block_1_30' title="bbox 751 2841 2326 2910">
    <p class='ocr_par' dir='ltr' id='par_1_30' title="bbox 751 2841 2326 2910">
     <span class='ocr_line' id='line_1_30' title="bbox 751 2841 2326 2910; baseline -0.004 -13"><span class='ocrx_word' id='word_1_203' title='bbox 751 2856 860 2910; x_wconf 88' lang='lat' dir='ltr'><strong>quo</strong></span> <span class='ocrx_word' id='word_1_204' title='bbox 888 2843 1238 2897; x_wconf 77' lang='lat' dir='ltr'><strong>manifestum</strong></span> <span class='ocrx_word' id='word_1_205' title='bbox 1291 2852 1414 2903; x_wconf 85' lang='lat' dir='ltr'><strong>est,</strong></span> <span class='ocrx_word' id='word_1_206' title='bbox 1452 2841 1800 2897; x_wconf 84' lang='lat' dir='ltr'><strong>indictionem</strong></span> <span class='ocrx_word' id='word_1_207' title='bbox 1853 2842 1996 2896; x_wconf 87' lang='lat' dir='ltr'><strong>illam</strong></span> <span class='ocrx_word' id='word_1_208' title='bbox 2040 2842 2326 2908; x_wconf 82' lang='lat' dir='ltr'><strong>septimam</strong></span> 
     </span>
    </p>
   </div>
   <div class='ocr_carea' id='block_1_31' title="bbox 751 2934 2328 3003">
    <p class='ocr_par' dir='ltr' id='par_1_31' title="bbox 751 2934 2328 3003">
     <span class='ocr_line' id='line_1_31' title="bbox 751 2934 2328 3003; baseline -0.001 -19"><span class='ocrx_word' id='word_1_209' title='bbox 751 2942 899 2985; x_wconf 84' lang='lat' dir='ltr'><strong>recte</strong></span> <span class='ocrx_word' id='word_1_210' title='bbox 933 2934 1201 2997; x_wconf 76' lang='lat' dir='ltr'><strong>adscribi;</strong></span> <span class='ocrx_word' id='word_1_211' title='bbox 1236 2950 1364 3003; x_wconf 85' lang='lat' dir='ltr'><strong>ergo</strong></span> <span class='ocrx_word' id='word_1_212' title='bbox 1405 2945 1457 2987; x_wconf 88' lang='lat' dir='ltr'><strong>et</strong></span> <span class='ocrx_word' id='word_1_213' title='bbox 1480 2936 1544 2986; x_wconf 88' lang='lat' dir='ltr'><strong>ad</strong></span> <span class='ocrx_word' id='word_1_214' title='bbox 1576 2934 1969 3001; x_wconf 82' lang='lat' dir='ltr'><strong>praecedentem</strong></span> <span class='ocrx_word' id='word_1_215' title='bbox 2000 2942 2145 2986; x_wconf 92' lang='lat' dir='ltr'><strong>recte</strong></span> <span class='ocrx_word' id='word_1_216' title='bbox 2176 2938 2328 2984; x_wconf 79' lang='lat' dir='ltr'><strong>sexta</strong></span> 
     </span>
    </p>
   </div>
   <div class='ocr_carea' id='block_1_32' title="bbox 752 3022 2326 3091">
    <p class='ocr_par' dir='ltr' id='par_1_32' title="bbox 752 3022 2326 3091">
     <span class='ocr_line' id='line_1_32' title="bbox 752 3022 2326 3091; baseline -0.002 -16"><span class='ocrx_word' id='word_1_217' title='bbox 752 3023 1022 3091; x_wconf 82' lang='lat' dir='ltr'><strong>adscripta</strong></span> <span class='ocrx_word' id='word_1_218' title='bbox 1055 3031 1157 3076; x_wconf 86' lang='lat' dir='ltr'><strong>cst.</strong></span> <span class='ocrx_word' id='word_1_219' title='bbox 1189 3023 1453 3076; x_wconf 67' lang='lat' dir='ltr'><strong>Praeterea</strong></span> <span class='ocrx_word' id='word_1_220' title='bbox 1481 3024 1545 3076; x_wconf 89' lang='lat' dir='ltr'><strong>ad</strong></span> <span class='ocrx_word' id='word_1_221' title='bbox 1575 3024 1713 3075; x_wconf 86' lang='lat' dir='ltr'><strong>hanc</strong></span> <span class='ocrx_word' id='word_1_222' title='bbox 1737 3022 2091 3075; x_wconf 72' lang='lat' dir='ltr'><strong>indic-tionem</strong></span> <span class='ocrx_word' id='word_1_223' title='bbox 2121 3030 2326 3073; x_wconf 81' lang='lat' dir='ltr'><strong>sextam</strong></span> 
     </span>
    </p>
   </div>
   <div class='ocr_carea' id='block_1_33' title="bbox 753 3112 2322 3183">
    <p class='ocr_par' dir='ltr' id='par_1_33' title="bbox 753 3112 2322 3183">
     <span class='ocr_line' id='line_1_33' title="bbox 753 3112 2322 3183; baseline 0 -16"><span class='ocrx_word' id='word_1_224' title='bbox 753 3115 932 3182; x_wconf 79' lang='lat' dir='ltr'><strong>signat</strong></span> <span class='ocrx_word' id='word_1_225' title='bbox 967 3112 1332 3183; x_wconf 81' lang='lat' dir='ltr'><strong>Theophanes</strong></span> <span class='ocrx_word' id='word_1_226' title='bbox 1372 3128 1573 3167; x_wconf 86' lang='lat' dir='ltr'><strong>annum</strong></span> <span class='ocrx_word' id='word_1_227' title='bbox 1601 3114 1837 3182; x_wconf 89' lang='lat' dir='ltr'><strong>primum</strong></span> <span class='ocrx_word' id='word_1_228' title='bbox 1864 3112 2123 3182; x_wconf 86' lang='lat' dir='ltr'><strong>Stephani</strong></span> <span class='ocrx_word' id='word_1_229' title='bbox 2150 3128 2322 3183; x_wconf 69' lang='lat' dir='ltr'><strong>papze;</strong></span> 
     </span>
    </p>
   </div>
   <div class='ocr_carea' id='block_1_34' title="bbox 752 3206 2329 3275">
    <p class='ocr_par' dir='ltr' id='par_1_34' title="bbox 752 3206 2329 3275">
     <span class='ocr_line' id='line_1_34' title="bbox 752 3206 2329 3275; baseline 0.001 -16"><span class='ocrx_word' id='word_1_230' title='bbox 752 3206 900 3274; x_wconf 85' lang='lat' dir='ltr'><strong>atqui</strong></span> <span class='ocrx_word' id='word_1_231' title='bbox 941 3220 1131 3275; x_wconf 89' lang='lat' dir='ltr'><strong>reapse</strong></span> <span class='ocrx_word' id='word_1_232' title='bbox 1166 3206 1482 3275; x_wconf 80' lang='lat' dir='ltr'><strong>Stephanus</strong></span> <span class='ocrx_word' id='word_1_233' title='bbox 1514 3207 1600 3272; x_wconf 90' lang='lat' dir='ltr'><strong>lll,</strong></span> <span class='ocrx_word' id='word_1_234' title='bbox 1640 3208 1741 3262; x_wconf 85' lang='lat' dir='ltr'><strong>hac</strong></span> <span class='ocrx_word' id='word_1_235' title='bbox 1788 3207 2111 3270; x_wconf 77' lang='lat' dir='ltr'><strong>indictione,</strong></span> <span class='ocrx_word' id='word_1_236' title='bbox 2144 3220 2329 3261; x_wconf 83' lang='lat' dir='ltr'><strong>mense</strong></span> 
     </span>
    </p>
   </div>
   <div class='ocr_carea' id='block_1_35' title="bbox 748 3296 2332 3367">
    <p class='ocr_par' dir='ltr' id='par_1_35' title="bbox 748 3296 2332 3367">
     <span class='ocr_line' id='line_1_35' title="bbox 748 3296 2332 3367; baseline -0.002 -16"><span class='ocrx_word' id='word_1_237' title='bbox 748 3300 992 3367; x_wconf 82' lang='lat' dir='ltr'><strong>Augusto</strong></span> <span class='ocrx_word' id='word_1_238' title='bbox 1041 3301 1246 3351; x_wconf 88' lang='lat' dir='ltr'><strong>electus</strong></span> <span class='ocrx_word' id='word_1_239' title='bbox 1295 3308 1380 3350; x_wconf 89' lang='lat' dir='ltr'><strong>est.</strong></span> <span class='ocrx_word' id='word_1_240' title='bbox 1418 3298 1553 3365; x_wconf 91' lang='lat' dir='ltr'><strong>(6l).</strong></span> <span class='ocrx_word' id='word_1_241' title='bbox 1600 3300 1690 3349; x_wconf 83' lang='lat' dir='ltr'><strong>Sic</strong></span> <span class='ocrx_word' id='word_1_242' title='bbox 1739 3299 1971 3350; x_wconf 83' lang='lat' dir='ltr'><strong>stabilita</strong></span> <span class='ocrx_word' id='word_1_243' title='bbox 2032 3296 2332 3349; x_wconf 87' lang='lat' dir='ltr'><strong>indictione</strong></span> 
     </span>
    </p>
   </div>
   <div class='ocr_carea' id='block_1_36' title="bbox 751 3386 2330 3458">
    <p class='ocr_par' dir='ltr' id='par_1_36' title="bbox 751 3386 2330 3458">
     <span class='ocr_line' id='line_1_36' title="bbox 751 3386 2330 3458; baseline 0.001 -18"><span class='ocrx_word' id='word_1_244' title='bbox 751 3403 855 3458; x_wconf 91' lang='lat' dir='ltr'><strong>qua</strong></span> <span class='ocrx_word' id='word_1_245' title='bbox 884 3402 1073 3457; x_wconf 84' lang='lat' dir='ltr'><strong>passus</strong></span> <span class='ocrx_word' id='word_1_246' title='bbox 1106 3400 1189 3439; x_wconf 86' lang='lat' dir='ltr'><strong>est</strong></span> <span class='ocrx_word' id='word_1_247' title='bbox 1219 3388 1274 3439; x_wconf 90' lang='lat' dir='ltr'><strong>S.</strong></span> <span class='ocrx_word' id='word_1_248' title='bbox 1310 3388 1554 3440; x_wconf 78' lang='lat' dir='ltr'><strong>Andreas</strong></span> <span class='ocrx_word' id='word_1_249' title='bbox 1608 3387 1660 3439; x_wconf 93' lang='lat' dir='ltr'><strong>in</strong></span> <span class='ocrx_word' id='word_1_250' title='bbox 1701 3386 1837 3440; x_wconf 76' lang='lat' dir='ltr'><strong>Crisi</strong></span> <span class='ocrx_word' id='word_1_251' title='bbox 1888 3403 1986 3456; x_wconf 87' lang='lat' dir='ltr'><strong>pro</strong></span> <span class='ocrx_word' id='word_1_252' title='bbox 2013 3403 2119 3456; x_wconf 87' lang='lat' dir='ltr'><strong>qUo</strong></span> <span class='ocrx_word' id='word_1_253' title='bbox 2153 3387 2330 3442; x_wconf 84' lang='lat' dir='ltr'><strong>Theo-</strong></span> 
     </span>
    </p>
   </div>
   <div class='ocr_carea' id='block_1_37' title="bbox 753 3478 2331 3551">
    <p class='ocr_par' dir='ltr' id='par_1_37' title="bbox 753 3478 2331 3551">
     <span class='ocr_line' id='line_1_37' title="bbox 753 3478 2331 3551; baseline 0.001 -20"><span class='ocrx_word' id='word_1_254' title='bbox 753 3481 960 3548; x_wconf 83' lang='lat' dir='ltr'><strong>phanes</strong></span> <span class='ocrx_word' id='word_1_255' title='bbox 991 3478 1207 3531; x_wconf 80' lang='lat' dir='ltr'><strong>Petrum</strong></span> <span class='ocrx_word' id='word_1_256' title='bbox 1244 3480 1308 3533; x_wconf 85' lang='lat' dir='ltr'><strong>de</strong></span> <span class='ocrx_word' id='word_1_257' title='bbox 1354 3479 1666 3533; x_wconf 77' lang='lat' dir='ltr'><strong>Blachernis</strong></span> <span class='ocrx_word' id='word_1_258' title='bbox 1697 3480 1853 3543; x_wconf 79' lang='lat' dir='ltr'><strong>dixit,</strong></span> <span class='ocrx_word' id='word_1_259' title='bbox 1890 3480 2049 3534; x_wconf 78' lang='lat' dir='ltr'><strong>facile</strong></span> <span class='ocrx_word' id='word_1_260' title='bbox 2098 3481 2211 3551; x_wconf 87' lang='lat' dir='ltr'><strong>ipse.</strong></span> <span class='ocrx_word' id='word_1_261' title='bbox 2235 3496 2331 3535; x_wconf 90' lang='lat' dir='ltr'><strong>an-</strong></span> 
     </span>
    </p>
   </div>
   <div class='ocr_carea' id='block_1_38' title="bbox 751 3572 2327 3639">
    <p class='ocr_par' dir='ltr' id='par_1_38' title="bbox 751 3572 2327 3639">
     <span class='ocr_line' id='line_1_38' title="bbox 751 3572 2327 3639; baseline 0.002 -16"><span class='ocrx_word' id='word_1_262' title='bbox 751 3585 856 3623; x_wconf 87' lang='lat' dir='ltr'><strong>nus</strong></span> <span class='ocrx_word' id='word_1_263' title='bbox 909 3572 1141 3623; x_wconf 86' lang='lat' dir='ltr'><strong>eruitur.</strong></span> <span class='ocrx_word' id='word_1_264' title='bbox 1189 3572 1401 3624; x_wconf 76' lang='lat' dir='ltr'><strong>Etenim</strong></span> <span class='ocrx_word' id='word_1_265' title='bbox 1458 3572 1511 3623; x_wconf 90' lang='lat' dir='ltr'><strong>in</strong></span> <span class='ocrx_word' id='word_1_266' title='bbox 1568 3573 1713 3623; x_wconf 77' lang='lat' dir='ltr'><strong>Actis</strong></span> <span class='ocrx_word' id='word_1_267' title='bbox 1785 3572 1985 3622; x_wconf 80' lang='lat' dir='ltr'><strong>nostris</strong></span> <span class='ocrx_word' id='word_1_268' title='bbox 2036 3573 2327 3639; x_wconf 89' lang='lat' dir='ltr'><strong>prioribus,</strong></span> 
     </span>
    </p>
   </div>
   <div class='ocr_carea' id='block_1_39' title="bbox 754 3661 2325 3732">
    <p class='ocr_par' dir='ltr' id='par_1_39' title="bbox 754 3661 2325 3732">
     <span class='ocr_line' id='line_1_39' title="bbox 754 3661 2325 3732; baseline 0.003 -19"><span class='ocrx_word' id='word_1_269' title='bbox 754 3665 1071 3732; x_wconf 87' lang='lat' dir='ltr'><strong>martyrium</strong></span> <span class='ocrx_word' id='word_1_270' title='bbox 1121 3663 1412 3729; x_wconf 75' lang='lat' dir='ltr'><strong>contigisse</strong></span> <span class='ocrx_word' id='word_1_271' title='bbox 1455 3661 1650 3714; x_wconf 86' lang='lat' dir='ltr'><strong>dicitur</strong></span> <span class='ocrx_word' id='word_1_272' title='bbox 1694 3661 1779 3714; x_wconf 90' lang='lat' dir='ltr'><strong>die</strong></span> <span class='ocrx_word' id='word_1_273' title='bbox 1841 3678 1905 3714; x_wconf 74' lang='lat' dir='ltr'><strong>xx</strong></span> <span class='ocrx_word' id='word_1_274' title='bbox 1956 3661 2221 3727; x_wconf 82' lang='lat' dir='ltr'><strong>Octobris,</strong></span> <span class='ocrx_word' id='word_1_275' title='bbox 2263 3679 2325 3717; x_wconf 78' lang='lat' dir='ltr'><strong>ex</strong></span> 
     </span>
    </p>
   </div>
   <div class='ocr_carea' id='block_1_40' title="bbox 750 3750 2159 3821">
    <p class='ocr_par' dir='ltr' id='par_1_40' title="bbox 750 3750 2159 3821">
     <span class='ocr_line' id='line_1_40' title="bbox 750 3750 2159 3821; baseline -0.001 -17"><span class='ocrx_word' id='word_1_276' title='bbox 750 3766 867 3821; x_wconf 87' lang='lat' dir='ltr'><strong>quo</strong></span> <span class='ocrx_word' id='word_1_277' title='bbox 898 3754 1070 3820; x_wconf 81' lang='lat' dir='ltr'><strong>palam</strong></span> <span class='ocrx_word' id='word_1_278' title='bbox 1111 3750 1167 3804; x_wconf 81' lang='lat' dir='ltr'><strong>lit</strong></span> <span class='ocrx_word' id='word_1_279' title='bbox 1198 3751 1327 3805; x_wconf 87' lang='lat' dir='ltr'><strong>illud</strong></span> <span class='ocrx_word' id='word_1_280' title='bbox 1364 3766 1507 3805; x_wconf 86' lang='lat' dir='ltr'><strong>anno</strong></span> <span class='ocrx_word' id='word_1_281' title='bbox 1538 3753 1638 3804; x_wconf 84' lang='grc'><strong>767</strong></span> <span class='ocrx_word' id='word_1_282' title='bbox 1666 3751 1991 3820; x_wconf 87' lang='lat' dir='ltr'><strong>alligcndum</strong></span> <span class='ocrx_word' id='word_1_283' title='bbox 2021 3766 2159 3808; x_wconf 81' lang='lat' dir='ltr'><strong>esse.</strong></span> 
     </span>
    </p>
   </div>
   <div class='ocr_carea' id='block_1_41' title="bbox 820 3844 2329 3912">
    <p class='ocr_par' dir='ltr' id='par_1_41' title="bbox 820 3844 2329 3912">
     <span class='ocr_line' id='line_1_41' title="bbox 820 3844 2329 3912; baseline 0 -13"><span class='ocrx_word' id='word_1_284' title='bbox 820 3845 909 3900; x_wconf 81' lang='lat'><strong>‘20.</strong></span> <span class='ocrx_word' id='word_1_285' title='bbox 968 3848 1155 3897; x_wconf 82' lang='lat' dir='ltr'><strong>Annus</strong></span> <span class='ocrx_word' id='word_1_286' title='bbox 1187 3846 1426 3912; x_wconf 88' lang='lat' dir='ltr'><strong>martyrii</strong></span> <span class='ocrx_word' id='word_1_287' title='bbox 1467 3845 1523 3896; x_wconf 83' lang='lat' dir='ltr'><strong>S.</strong></span> <span class='ocrx_word' id='word_1_288' title='bbox 1564 3845 1789 3899; x_wconf 76' lang='lat' dir='ltr'><strong>Andreae</strong></span> <span class='ocrx_word' id='word_1_289' title='bbox 1836 3844 1889 3897; x_wconf 91' lang='lat' dir='ltr'><strong>in</strong></span> <span class='ocrx_word' id='word_1_290' title='bbox 1919 3844 2056 3901; x_wconf 72' lang='lat' dir='ltr'><strong>Crisi</strong></span> <span class='ocrx_word' id='word_1_291' title='bbox 2102 3861 2208 3899; x_wconf 91' lang='lat' dir='ltr'><strong>uno</strong></span> <span class='ocrx_word' id='word_1_292' title='bbox 2254 3855 2329 3899; x_wconf 83' lang='lat' dir='ltr'><strong>te-</strong></span> 
     </span>
    </p>
   </div>
   <div class='ocr_carea' id='block_1_42' title="bbox 754 3936 2325 4006">
    <p class='ocr_par' dir='ltr' id='par_1_42' title="bbox 754 3936 2325 4006">
     <span class='ocr_line' id='line_1_42' title="bbox 754 3936 2325 4006; baseline 0 -15"><span class='ocrx_word' id='word_1_293' title='bbox 754 3952 889 3991; x_wconf 89' lang='lat' dir='ltr'><strong>nore</strong></span> <span class='ocrx_word' id='word_1_294' title='bbox 919 3952 1042 3990; x_wconf 89' lang='lat' dir='ltr'><strong>cum</strong></span> <span class='ocrx_word' id='word_1_295' title='bbox 1077 3936 1168 3990; x_wconf 92' lang='lat' dir='ltr'><strong>illo</strong></span> <span class='ocrx_word' id='word_1_296' title='bbox 1218 3951 1326 4005; x_wconf 89' lang='lat' dir='ltr'><strong>quo</strong></span> <span class='ocrx_word' id='word_1_297' title='bbox 1356 3951 1548 4006; x_wconf 86' lang='lat' dir='ltr'><strong>passus</strong></span> <span class='ocrx_word' id='word_1_298' title='bbox 1600 3946 1684 3990; x_wconf 87' lang='lat' dir='ltr'><strong>est</strong></span> <span class='ocrx_word' id='word_1_299' title='bbox 1734 3937 1788 3990; x_wconf 83' lang='lat' dir='ltr'><strong>S.</strong></span> <span class='ocrx_word' id='word_1_300' title='bbox 1850 3939 2048 3992; x_wconf 89' lang='lat' dir='ltr'><strong>Petrus</strong></span> <span class='ocrx_word' id='word_1_301' title='bbox 2104 3940 2169 3991; x_wconf 91' lang='lat' dir='ltr'><strong>de</strong></span> <span class='ocrx_word' id='word_1_302' title='bbox 2204 3937 2325 3991; x_wconf 85' lang='lat' dir='ltr'><strong>Bla-</strong></span> 
     </span>
    </p>
   </div>
   <div class='ocr_carea' id='block_1_43' title="bbox 760 4015 2329 4097">
    <p class='ocr_par' dir='ltr' id='par_1_43' title="bbox 760 4015 2329 4097">
     <span class='ocr_line' id='line_1_43' title="bbox 760 4015 2329 4097; baseline 0 -15"><span class='ocrx_word' id='word_1_303' title='bbox 760 4028 1001 4094; x_wconf 89' lang='lat' dir='ltr'><strong>chernis,</strong></span> <span class='ocrx_word' id='word_1_304' title='bbox 1037 4030 1458 4083; x_wconf 84' lang='lat' dir='ltr'><strong>constituendus</strong></span> <span class='ocrx_word' id='word_1_305' title='bbox 1492 4029 1613 4091; x_wconf 82' lang='lat' dir='ltr'><strong>fuit,</strong></span> <span class='ocrx_word' id='word_1_306' title='bbox 1648 4029 1769 4082; x_wconf 90' lang='lat' dir='ltr'><strong>licet</strong></span> <span class='ocrx_word' id='word_1_307' title='bbox 1815 4029 2075 4082; x_wconf 90' lang='lat' dir='ltr'><strong>nonnulla</strong></span> <span class='ocrx_word' id='word_1_308' title='bbox 2108 4029 2174 4082; x_wconf 86' lang='lat' dir='ltr'><strong>de</strong></span> <span class='ocrx_word' id='word_1_309' title='bbox 2235 4015 2329 4097; x_wconf 51' lang='lat' dir='ltr'><strong>po;</strong></span> 
     </span>
    </p>
   </div>
   <div class='ocr_carea' id='block_1_44' title="bbox 756 4120 2323 4192">
    <p class='ocr_par' dir='ltr' id='par_1_44' title="bbox 756 4120 2323 4192">
     <span class='ocr_line' id='line_1_44' title="bbox 756 4120 2323 4192; baseline 0 -18"><span class='ocrx_word' id='word_1_310' title='bbox 756 4122 988 4175; x_wconf 84' lang='lat' dir='ltr'><strong>steriore</strong></span> <span class='ocrx_word' id='word_1_311' title='bbox 1044 4131 1236 4171; x_wconf 87' lang='lat' dir='ltr'><strong>sancto</strong></span> <span class='ocrx_word' id='word_1_312' title='bbox 1294 4120 1519 4173; x_wconf 82' lang='lat' dir='ltr'><strong>dicenda</strong></span> <span class='ocrx_word' id='word_1_313' title='bbox 1569 4120 1862 4191; x_wconf 80' lang='lat' dir='ltr'><strong>supersint.</strong></span> <span class='ocrx_word' id='word_1_314' title='bbox 1920 4122 2129 4192; x_wconf 78' lang='lat' dir='ltr'><strong>Corpus</strong></span> <span class='ocrx_word' id='word_1_315' title='bbox 2185 4123 2323 4189; x_wconf 77' lang='lat' dir='ltr'><strong>ejus,</strong></span> 
     </span>
    </p>
   </div>
   <div class='ocr_carea' id='block_1_45' title="bbox 757 4209 2329 4283">
    <p class='ocr_par' dir='ltr' id='par_1_45' title="bbox 757 4209 2329 4283">
     <span class='ocr_line' id='line_1_45' title="bbox 757 4209 2329 4283; baseline 0.001 -19"><span class='ocrx_word' id='word_1_316' title='bbox 757 4217 1043 4281; x_wconf 84' lang='lat' dir='ltr'><strong>postquam</strong></span> <span class='ocrx_word' id='word_1_317' title='bbox 1081 4210 1134 4262; x_wconf 91' lang='lat' dir='ltr'><strong>in</strong></span> <span class='ocrx_word' id='word_1_318' title='bbox 1169 4209 1317 4263; x_wconf 86' lang='lat' dir='ltr'><strong>ciieo</strong></span> <span class='ocrx_word' id='word_1_319' title='bbox 1376 4209 1498 4264; x_wconf 84' lang='lat' dir='ltr'><strong>Divi</strong></span> <span class='ocrx_word' id='word_1_320' title='bbox 1554 4210 1842 4266; x_wconf 82' lang='lat' dir='ltr'><strong>Mamantis</strong></span> <span class='ocrx_word' id='word_1_321' title='bbox 1883 4212 2061 4283; x_wconf 87' lang='lat' dir='ltr'><strong>ﬂagris</strong></span> <span class='ocrx_word' id='word_1_322' title='bbox 2106 4213 2329 4266; x_wconf 80' lang='lat' dir='ltr'><strong>interfe-</strong></span> 
     </span>
    </p>
   </div>
   <div class='ocr_carea' id='block_1_46' title="bbox 756 4303 2325 4376">
    <p class='ocr_par' dir='ltr' id='par_1_46' title="bbox 756 4303 2325 4376">
     <span class='ocr_line' id='line_1_46' title="bbox 756 4303 2325 4376; baseline 0.003 -20"><span class='ocrx_word' id='word_1_323' title='bbox 756 4313 877 4357; x_wconf 83' lang='lat' dir='ltr'><strong>ctus</strong></span> <span class='ocrx_word' id='word_1_324' title='bbox 936 4313 1038 4367; x_wconf 85' lang='lat' dir='ltr'><strong>est,</strong></span> <span class='ocrx_word' id='word_1_325' title='bbox 1091 4303 1484 4370; x_wconf 82' lang='lat' dir='ltr'><strong>projiciendum</strong></span> <span class='ocrx_word' id='word_1_326' title='bbox 1545 4313 1662 4356; x_wconf 83' lang='lat' dir='ltr'><strong>erat</strong></span> <span class='ocrx_word' id='word_1_327' title='bbox 1719 4308 1769 4357; x_wconf 90' lang='lat' dir='ltr'><strong>in</strong></span> <span class='ocrx_word' id='word_1_328' title='bbox 1813 4303 2071 4359; x_wconf 82' lang='lat' dir='ltr'><strong>ﬂuentum</strong></span> <span class='ocrx_word' id='word_1_329' title='bbox 2142 4311 2325 4376; x_wconf 84' lang='lat' dir='ltr'><strong>(supra</strong></span> 
     </span>
    </p>
   </div>
   <div class='ocr_carea' id='block_1_47' title="bbox 762 4394 2327 4466">
    <p class='ocr_par' dir='ltr' id='par_1_47' title="bbox 762 4394 2327 4466">
     <span class='ocr_line' id='line_1_47' title="bbox 762 4394 2327 4466; baseline 0.001 -19"><span class='ocrx_word' id='word_1_330' title='bbox 762 4411 914 4447; x_wconf 89' lang='lat' dir='ltr'><strong>num.</strong></span> <span class='ocrx_word' id='word_1_331' title='bbox 955 4394 1021 4448; x_wconf 75' lang='lat' dir='ltr'>H</span> <span class='ocrx_word' id='word_1_332' title='bbox 1051 4398 1229 4462; x_wconf 89' lang='lat' dir='ltr'><strong>seqq.)</strong></span> <span class='ocrx_word' id='word_1_333' title='bbox 1259 4395 1317 4447; x_wconf 81' lang='grc' dir='ltr'><strong>ἐν</strong></span> <span class='ocrx_word' id='word_1_334' title='bbox 1349 4394 1425 4465; x_wconf 79' lang='grc' dir='ltr'>τῷ</span> <span class='ocrx_word' id='word_1_335' title='bbox 1462 4396 1719 4464; x_wconf 67' lang='grc' dir='ltr'><strong>ῥεύματι,</strong></span> <span class='ocrx_word' id='word_1_336' title='bbox 1756 4406 1814 4449; x_wconf 84' lang='grc' dir='ltr'><strong>ιιι</strong></span> <span class='ocrx_word' id='word_1_337' title='bbox 1839 4398 1869 4450; x_wconf 87' lang='grc'>’1</span> <span class='ocrx_word' id='word_1_338' title='bbox 1888 4398 2201 4466; x_wconf 88' lang='lat' dir='ltr'><strong>heophanes</strong></span> <span class='ocrx_word' id='word_1_339' title='bbox 2251 4399 2327 4450; x_wconf 91' lang='lat' dir='ltr'><strong>lo-</strong></span> 
     </span>
    </p>
   </div>
   <div class='ocr_carea' id='block_1_48' title="bbox 2425 540 3999 611">
    <p class='ocr_par' dir='ltr' id='par_1_48' title="bbox 2425 540 3999 611">
     <span class='ocr_line' id='line_1_48' title="bbox 2425 540 3999 611; baseline 0 -14"><span class='ocrx_word' id='word_1_340' title='bbox 2425 552 2530 597; x_wconf 88' lang='lat' dir='ltr'><strong>tem</strong></span> <span class='ocrx_word' id='word_1_341' title='bbox 2570 552 2787 611; x_wconf 90' lang='lat' dir='ltr'><strong>pontem</strong></span> <span class='ocrx_word' id='word_1_342' title='bbox 2842 542 3009 596; x_wconf 84' lang='lat' dir='ltr'><strong>inisse</strong></span> <span class='ocrx_word' id='word_1_343' title='bbox 3062 540 3346 595; x_wconf 87' lang='lat' dir='ltr'><strong>duodecim</strong></span> <span class='ocrx_word' id='word_1_344' title='bbox 3400 542 3696 595; x_wconf 79' lang='lat' dir='ltr'><strong>fornicibus</strong></span> <span class='ocrx_word' id='word_1_345' title='bbox 3744 555 3999 598; x_wconf 81' lang='lat' dir='ltr'><strong>constan-</strong></span> 
     </span>
    </p>
   </div>
   <div class='ocr_carea' id='block_1_49' title="bbox 2427 632 3998 706">
    <p class='ocr_par' dir='ltr' id='par_1_49' title="bbox 2427 632 3998 706">
     <span class='ocr_line' id='line_1_49' title="bbox 2427 632 3998 706; baseline 0.002 -19"><span class='ocrx_word' id='word_1_346' title='bbox 2427 643 2565 696; x_wconf 91' lang='lat' dir='ltr'><strong>tem;</strong></span> <span class='ocrx_word' id='word_1_347' title='bbox 2605 635 2786 687; x_wconf 74' lang='lat' dir='ltr'><strong>multze</strong></span> <span class='ocrx_word' id='word_1_348' title='bbox 2820 634 2963 688; x_wconf 88' lang='lat' dir='ltr'><strong>enim</strong></span> <span class='ocrx_word' id='word_1_349' title='bbox 3017 649 3169 701; x_wconf 69' lang='lat' dir='ltr'><strong>aquae</strong></span> <span class='ocrx_word' id='word_1_350' title='bbox 3210 648 3275 686; x_wconf 87' lang='lat' dir='ltr'><strong>eo</strong></span> <span class='ocrx_word' id='word_1_351' title='bbox 3323 632 3649 689; x_wconf 67' lang='lat' dir='ltr'><strong>deﬂuebant.</strong></span> <span class='ocrx_word' id='word_1_352' title='bbox 3706 634 3998 706; x_wconf 81' lang='lat' dir='ltr'><strong>Theopha-</strong></span> 
     </span>
    </p>
   </div>
   <div class='ocr_carea' id='block_1_50' title="bbox 2425 725 3997 797">
    <p class='ocr_par' dir='ltr' id='par_1_50' title="bbox 2425 725 3997 797">
     <span class='ocr_line' id='line_1_50' title="bbox 2425 725 3997 797; baseline 0.003 -20"><span class='ocrx_word' id='word_1_353' title='bbox 2425 741 2523 779; x_wconf 87' lang='lat' dir='ltr'><strong>nes</strong></span> <span class='ocrx_word' id='word_1_354' title='bbox 2553 727 2738 794; x_wconf 79' lang='lat' dir='ltr'><strong>igitur,</strong></span> <span class='ocrx_word' id='word_1_355' title='bbox 2774 743 2895 779; x_wconf 86' lang='lat' dir='ltr'><strong>cum</strong></span> <span class='ocrx_word' id='word_1_356' title='bbox 2937 726 3005 780; x_wconf 86' lang='lat' dir='ltr'><strong>de</strong></span> <span class='ocrx_word' id='word_1_357' title='bbox 3049 725 3253 780; x_wconf 88' lang='lat' dir='ltr'><strong>ﬂuento</strong></span> <span class='ocrx_word' id='word_1_358' title='bbox 3301 727 3660 781; x_wconf 82' lang='lat' dir='ltr'><strong>determinato</strong></span> <span class='ocrx_word' id='word_1_359' title='bbox 3721 731 3997 797; x_wconf 81' lang='lat' dir='ltr'><strong>loquatur,</strong></span> 
     </span>
    </p>
   </div>
   <div class='ocr_carea' id='block_1_51' title="bbox 2427 819 4002 888">
    <p class='ocr_par' dir='ltr' id='par_1_51' title="bbox 2427 819 4002 888">
     <span class='ocr_line' id='line_1_51' title="bbox 2427 819 4002 888; baseline 0.003 -17"><span class='ocrx_word' id='word_1_360' title='bbox 2427 827 2485 871; x_wconf 94' lang='lat' dir='ltr'><strong>ut</strong></span> <span class='ocrx_word' id='word_1_361' title='bbox 2513 827 2659 886; x_wconf 88' lang='lat' dir='ltr'><strong>patet</strong></span> <span class='ocrx_word' id='word_1_362' title='bbox 2686 833 2748 871; x_wconf 79' lang='lat' dir='ltr'><strong>ex</strong></span> <span class='ocrx_word' id='word_1_363' title='bbox 2778 819 2990 887; x_wconf 80' lang='lat' dir='ltr'><strong>adjecto</strong></span> <span class='ocrx_word' id='word_1_364' title='bbox 3024 820 3253 872; x_wconf 90' lang='lat' dir='ltr'><strong>articulo</strong></span> <span class='ocrx_word' id='word_1_365' title='bbox 3299 819 3396 888; x_wconf 84' lang='grc' dir='ltr'><strong>τῷ,</strong></span> <span class='ocrx_word' id='word_1_366' title='bbox 3432 819 3529 874; x_wconf 87' lang='lat' dir='ltr'><strong>has</strong></span> <span class='ocrx_word' id='word_1_367' title='bbox 3571 835 3742 888; x_wconf 85' lang='lat' dir='ltr'><strong>aquas</strong></span> <span class='ocrx_word' id='word_1_368' title='bbox 3793 826 3860 874; x_wconf 86' lang='lat' dir='ltr'><strong>ad</strong></span> <span class='ocrx_word' id='word_1_369' title='bbox 3917 822 4002 875; x_wconf 89' lang='lat' dir='ltr'><strong>Di-</strong></span> 
     </span>
    </p>
   </div>
   <div class='ocr_carea' id='block_1_52' title="bbox 2426 910 4003 983">
    <p class='ocr_par' dir='ltr' id='par_1_52' title="bbox 2426 910 4003 983">
     <span class='ocr_line' id='line_1_52' title="bbox 2426 910 4003 983; baseline 0.004 -21"><span class='ocrx_word' id='word_1_370' title='bbox 2426 927 2554 964; x_wconf 89' lang='lat' dir='ltr'><strong>vum</strong></span> <span class='ocrx_word' id='word_1_371' title='bbox 2584 910 2908 964; x_wconf 85' lang='lat' dir='ltr'><strong>Mamantem</strong></span> <span class='ocrx_word' id='word_1_372' title='bbox 2943 911 3227 983; x_wconf 87' lang='lat' dir='ltr'><strong>designat;</strong></span> <span class='ocrx_word' id='word_1_373' title='bbox 3266 912 3367 966; x_wconf 87' lang='lat' dir='ltr'><strong>nisi</strong></span> <span class='ocrx_word' id='word_1_374' title='bbox 3424 913 3565 968; x_wconf 84' lang='lat' dir='ltr'><strong>forte</strong></span> <span class='ocrx_word' id='word_1_375' title='bbox 3602 914 3789 968; x_wconf 88' lang='lat' dir='ltr'><strong>sinum</strong></span> <span class='ocrx_word' id='word_1_376' title='bbox 3839 914 4003 968; x_wconf 87' lang='lat' dir='ltr'><strong>Cera-</strong></span> 
     </span>
    </p>
   </div>
   <div class='ocr_carea' id='block_1_53' title="bbox 2431 1001 4006 1075">
    <p class='ocr_par' dir='ltr' id='par_1_53' title="bbox 2431 1001 4006 1075">
     <span class='ocr_line' id='line_1_53' title="bbox 2431 1001 4006 1075; baseline 0.003 -20"><span class='ocrx_word' id='word_1_377' title='bbox 2431 1001 2629 1068; x_wconf 91' lang='lat' dir='ltr'><strong>tinum,</strong></span> <span class='ocrx_word' id='word_1_378' title='bbox 2665 1004 2755 1071; x_wconf 89' lang='lat' dir='ltr'><strong>qui</strong></span> <span class='ocrx_word' id='word_1_379' title='bbox 2784 1018 2849 1057; x_wconf 80' lang='lat' dir='ltr'><strong>ex</strong></span> <span class='ocrx_word' id='word_1_380' title='bbox 2884 1004 3126 1073; x_wconf 88' lang='lat' dir='ltr'><strong>Bosporo</strong></span> <span class='ocrx_word' id='word_1_381' title='bbox 3155 1021 3344 1060; x_wconf 88' lang='lat' dir='ltr'><strong>versus</strong></span> <span class='ocrx_word' id='word_1_382' title='bbox 3389 1004 3743 1060; x_wconf 82' lang='lat' dir='ltr'><strong>Occidentem</strong></span> <span class='ocrx_word' id='word_1_383' title='bbox 3790 1023 3850 1060; x_wconf 88' lang='lat' dir='ltr'><strong>se</strong></span> <span class='ocrx_word' id='word_1_384' title='bbox 3886 1024 4006 1075; x_wconf 85' lang='lat' dir='ltr'><strong>por-</strong></span> 
     </span>
    </p>
   </div>
   <div class='ocr_carea' id='block_1_54' title="bbox 2430 1093 4004 1166">
    <p class='ocr_par' dir='ltr' id='par_1_54' title="bbox 2430 1093 4004 1166">
     <span class='ocr_line' id='line_1_54' title="bbox 2430 1093 4004 1166; baseline 0.005 -19"><span class='ocrx_word' id='word_1_385' title='bbox 2430 1093 2573 1164; x_wconf 78' lang='lat' dir='ltr'><strong>rigit,</strong></span> <span class='ocrx_word' id='word_1_386' title='bbox 2609 1096 2843 1149; x_wconf 84' lang='lat' dir='ltr'><strong>voluerit</strong></span> <span class='ocrx_word' id='word_1_387' title='bbox 2889 1096 3216 1166; x_wconf 73' lang='lat' dir='ltr'><strong>significare.</strong></span> <span class='ocrx_word' id='word_1_388' title='bbox 3276 1097 3352 1150; x_wconf 90' lang='lat' dir='ltr'><strong>Ita</strong></span> <span class='ocrx_word' id='word_1_389' title='bbox 3387 1097 3720 1153; x_wconf 75' lang='lat' dir='ltr'><strong>intellexisse</strong></span> <span class='ocrx_word' id='word_1_390' title='bbox 3775 1098 4004 1155; x_wconf 87' lang='lat' dir='ltr'><strong>Goarius</strong></span> 
     </span>
    </p>
   </div>
   <div class='ocr_carea' id='block_1_55' title="bbox 2427 1186 4002 1259">
    <p class='ocr_par' dir='ltr' id='par_1_55' title="bbox 2427 1186 4002 1259">
     <span class='ocr_line' id='line_1_55' title="bbox 2427 1186 4002 1259; baseline 0.003 -20"><span class='ocrx_word' id='word_1_391' title='bbox 2427 1187 2659 1252; x_wconf 87' lang='lat' dir='ltr'><strong>videtur,</strong></span> <span class='ocrx_word' id='word_1_392' title='bbox 2712 1186 2804 1256; x_wconf 91' lang='lat' dir='ltr'><strong>qui</strong></span> <span class='ocrx_word' id='word_1_393' title='bbox 2858 1188 3017 1241; x_wconf 82' lang='lat' dir='ltr'><strong>vertit</strong></span> <span class='ocrx_word' id='word_1_394' title='bbox 3058 1186 3321 1240; x_wconf 88' lang='lat' dir='ltr'><strong>ﬂuentum</strong></span> <span class='ocrx_word' id='word_1_395' title='bbox 3379 1190 3546 1242; x_wconf 88' lang='lat' dir='ltr'><strong>maris</strong></span> <span class='ocrx_word' id='word_1_396' title='bbox 3606 1190 3761 1259; x_wconf 78' lang='lat'><strong>(63):</strong></span> <span class='ocrx_word' id='word_1_397' title='bbox 3820 1208 4002 1244; x_wconf 84' lang='lat' dir='ltr'><strong>verum</strong></span> 
     </span>
    </p>
   </div>
   <div class='ocr_carea' id='block_1_56' title="bbox 2430 1276 4006 1348">
    <p class='ocr_par' dir='ltr' id='par_1_56' title="bbox 2430 1276 4006 1348">
     <span class='ocr_line' id='line_1_56' title="bbox 2430 1276 4006 1348; baseline 0.005 -20"><span class='ocrx_word' id='word_1_398' title='bbox 2430 1277 2609 1348; x_wconf 72' lang='grc' dir='ltr'>ῥεῦμα</span> <span class='ocrx_word' id='word_1_399' title='bbox 2655 1277 2721 1330; x_wconf 90' lang='lat' dir='ltr'><strong>de</strong></span> <span class='ocrx_word' id='word_1_400' title='bbox 2769 1276 2947 1331; x_wconf 87' lang='lat' dir='ltr'><strong>ﬂuviis</strong></span> <span class='ocrx_word' id='word_1_401' title='bbox 2978 1293 3276 1347; x_wconf 88' lang='lat' dir='ltr'><strong>eorumque</strong></span> <span class='ocrx_word' id='word_1_402' title='bbox 3302 1278 3501 1345; x_wconf 77' lang='lat' dir='ltr'><strong>impetu</strong></span> <span class='ocrx_word' id='word_1_403' title='bbox 3547 1280 3768 1342; x_wconf 89' lang='lat' dir='ltr'><strong>dicitur,</strong></span> <span class='ocrx_word' id='word_1_404' title='bbox 3800 1298 3909 1335; x_wconf 91' lang='lat' dir='ltr'><strong>non</strong></span> <span class='ocrx_word' id='word_1_405' title='bbox 3944 1283 4006 1336; x_wconf 90' lang='lat' dir='ltr'><strong>de</strong></span> 
     </span>
    </p>
   </div>
   <div class='ocr_carea' id='block_1_57' title="bbox 2429 1371 4008 1440">
    <p class='ocr_par' dir='ltr' id='par_1_57' title="bbox 2429 1371 4008 1440">
     <span class='ocr_line' id='line_1_57' title="bbox 2429 1371 4008 1440; baseline 0.003 -16"><span class='ocrx_word' id='word_1_406' title='bbox 2429 1373 2553 1424; x_wconf 90' lang='lat' dir='ltr'><strong>sinu</strong></span> <span class='ocrx_word' id='word_1_407' title='bbox 2584 1371 2782 1435; x_wconf 89' lang='lat' dir='ltr'><strong>maris;</strong></span> <span class='ocrx_word' id='word_1_408' title='bbox 2840 1386 3018 1440; x_wconf 90' lang='lat' dir='ltr'><strong>neque</strong></span> <span class='ocrx_word' id='word_1_409' title='bbox 3071 1372 3258 1435; x_wconf 87' lang='lat' dir='ltr'><strong>etiam,</strong></span> <span class='ocrx_word' id='word_1_410' title='bbox 3298 1373 3341 1428; x_wconf 86' lang='lat' dir='ltr'><strong>si</strong></span> <span class='ocrx_word' id='word_1_411' title='bbox 3393 1373 3534 1427; x_wconf 89' lang='lat' dir='ltr'><strong>sinui</strong></span> <span class='ocrx_word' id='word_1_412' title='bbox 3592 1374 3856 1428; x_wconf 85' lang='lat' dir='ltr'><strong>Ceratino</strong></span> <span class='ocrx_word' id='word_1_413' title='bbox 3909 1376 4008 1429; x_wconf 80' lang='lat' dir='ltr'><strong>hoc</strong></span> 
     </span>
    </p>
   </div>
   <div class='ocr_carea' id='block_1_58' title="bbox 2430 1463 4007 1537">
    <p class='ocr_par' dir='ltr' id='par_1_58' title="bbox 2430 1463 4007 1537">
     <span class='ocr_line' id='line_1_58' title="bbox 2430 1463 4007 1537; baseline 0.004 -22"><span class='ocrx_word' id='word_1_414' title='bbox 2430 1476 2629 1515; x_wconf 91' lang='lat' dir='ltr'><strong>nomen</strong></span> <span class='ocrx_word' id='word_1_415' title='bbox 2669 1463 2810 1531; x_wconf 85' lang='lat' dir='ltr'><strong>apud</strong></span> <span class='ocrx_word' id='word_1_416' title='bbox 2849 1463 3176 1533; x_wconf 83' lang='lat' dir='ltr'><strong>Byzantinos</strong></span> <span class='ocrx_word' id='word_1_417' title='bbox 3233 1468 3528 1535; x_wconf 87' lang='lat' dir='ltr'><strong>scriptorcs</strong></span> <span class='ocrx_word' id='word_1_418' title='bbox 3580 1468 3890 1537; x_wconf 80' lang='lat' dir='ltr'><strong>obtigisset.</strong></span> <span class='ocrx_word' id='word_1_419' title='bbox 3960 1469 4007 1522; x_wconf 90' lang='lat' dir='ltr'><strong>id</strong></span> 
     </span>
    </p>
   </div>
   <div class='ocr_carea' id='block_1_59' title="bbox 2428 1555 4007 1631">
    <p class='ocr_par' dir='ltr' id='par_1_59' title="bbox 2428 1555 4007 1631">
     <span class='ocr_line' id='line_1_59' title="bbox 2428 1555 4007 1631; baseline 0.001 -22"><span class='ocrx_word' id='word_1_420' title='bbox 2428 1555 2686 1626; x_wconf 85' lang='lat' dir='ltr'><strong>Gyllium,</strong></span> <span class='ocrx_word' id='word_1_421' title='bbox 2727 1556 2991 1631; x_wconf 81' lang='lat' dir='ltr'><strong>Cangium</strong></span> <span class='ocrx_word' id='word_1_422' title='bbox 3040 1556 3174 1625; x_wconf 69' lang='grc'>(61),</span> <span class='ocrx_word' id='word_1_423' title='bbox 3231 1557 3475 1626; x_wconf 89' lang='lat' dir='ltr'><strong>aliosque</strong></span> <span class='ocrx_word' id='word_1_424' title='bbox 3526 1558 3777 1630; x_wconf 82' lang='lat' dir='ltr'><strong>fugisset.</strong></span> <span class='ocrx_word' id='word_1_425' title='bbox 3835 1558 4007 1613; x_wconf 83' lang='lat' dir='ltr'><strong>Porro</strong></span> 
     </span>
    </p>
   </div>
   <div class='ocr_carea' id='block_1_60' title="bbox 2428 1645 4003 1716">
    <p class='ocr_par' dir='ltr' id='par_1_60' title="bbox 2428 1645 4003 1716">
     <span class='ocr_line' id='line_1_60' title="bbox 2428 1645 4003 1716; baseline 0.001 -17"><span class='ocrx_word' id='word_1_426' title='bbox 2428 1647 2587 1701; x_wconf 81' lang='lat' dir='ltr'><strong>docet</strong></span> <span class='ocrx_word' id='word_1_427' title='bbox 2624 1645 2855 1716; x_wconf 80' lang='lat' dir='ltr'><strong>Gyllins,</strong></span> <span class='ocrx_word' id='word_1_428' title='bbox 2888 1647 3151 1715; x_wconf 76' lang='lat' dir='ltr'><strong>templum</strong></span> <span class='ocrx_word' id='word_1_429' title='bbox 3180 1657 3234 1700; x_wconf 92' lang='lat' dir='ltr'><strong>et</strong></span> <span class='ocrx_word' id='word_1_430' title='bbox 3264 1647 3471 1700; x_wconf 86' lang='lat' dir='ltr'><strong>circum</strong></span> <span class='ocrx_word' id='word_1_431' title='bbox 3525 1647 3638 1700; x_wconf 87' lang='lat' dir='ltr'><strong>Divi</strong></span> <span class='ocrx_word' id='word_1_432' title='bbox 3689 1649 4003 1713; x_wconf 76' lang='lat' dir='ltr'><strong>Mamantis,</strong></span> 
     </span>
    </p>
   </div>
   <div class='ocr_carea' id='block_1_61' title="bbox 2433 1742 4007 1810">
    <p class='ocr_par' dir='ltr' id='par_1_61' title="bbox 2433 1742 4007 1810">
     <span class='ocr_line' id='line_1_61' title="bbox 2433 1742 4007 1810; baseline 0 -15"><span class='ocrx_word' id='word_1_433' title='bbox 2433 1742 2508 1794; x_wconf 92' lang='lat' dir='ltr'><strong>uti</strong></span> <span class='ocrx_word' id='word_1_434' title='bbox 2543 1751 2593 1795; x_wconf 90' lang='lat' dir='ltr'><strong>et</strong></span> <span class='ocrx_word' id='word_1_435' title='bbox 2632 1743 2890 1810; x_wconf 87' lang='lat' dir='ltr'><strong>palatium</strong></span> <span class='ocrx_word' id='word_1_436' title='bbox 2926 1742 2992 1795; x_wconf 85' lang='lat' dir='ltr'><strong>ab</strong></span> <span class='ocrx_word' id='word_1_437' title='bbox 3024 1757 3089 1796; x_wconf 92' lang='lat' dir='ltr'><strong>eo</strong></span> <span class='ocrx_word' id='word_1_438' title='bbox 3124 1742 3355 1804; x_wconf 85' lang='lat' dir='ltr'><strong>dictum,</strong></span> <span class='ocrx_word' id='word_1_439' title='bbox 3408 1744 3509 1796; x_wconf 91' lang='lat' dir='ltr'><strong>sita</strong></span> <span class='ocrx_word' id='word_1_440' title='bbox 3568 1742 3736 1795; x_wconf 77' lang='lat' dir='ltr'><strong>fuisse</strong></span> <span class='ocrx_word' id='word_1_441' title='bbox 3778 1743 3833 1794; x_wconf 91' lang='lat' dir='ltr'><strong>in</strong></span> <span class='ocrx_word' id='word_1_442' title='bbox 3886 1743 4007 1795; x_wconf 87' lang='lat' dir='ltr'><strong>Bla-</strong></span> 
     </span>
    </p>
   </div>
   <div class='ocr_carea' id='block_1_62' title="bbox 2434 1833 4010 1905">
    <p class='ocr_par' dir='ltr' id='par_1_62' title="bbox 2434 1833 4010 1905">
     <span class='ocr_line' id='line_1_62' title="bbox 2434 1833 4010 1905; baseline 0.001 -19"><span class='ocrx_word' id='word_1_443' title='bbox 2434 1833 2681 1900; x_wconf 85' lang='lat' dir='ltr'><strong>chernis,</strong></span> <span class='ocrx_word' id='word_1_444' title='bbox 2734 1844 2885 1887; x_wconf 84' lang='lat' dir='ltr'><strong>extra</strong></span> <span class='ocrx_word' id='word_1_445' title='bbox 2951 1849 3137 1888; x_wconf 91' lang='lat' dir='ltr'><strong>muros</strong></span> <span class='ocrx_word' id='word_1_446' title='bbox 3194 1833 3428 1888; x_wconf 87' lang='lat' dir='ltr'><strong>civitatis</strong></span> <span class='ocrx_word' id='word_1_447' title='bbox 3492 1834 3626 1905; x_wconf 84' lang='lat'><strong>(65).</strong></span> <span class='ocrx_word' id='word_1_448' title='bbox 3693 1835 4010 1888; x_wconf 70' lang='lat' dir='ltr'><strong>Blacbernae</strong></span> 
     </span>
    </p>
   </div>
   <div class='ocr_carea' id='block_1_63' title="bbox 2433 1923 4010 1994">
    <p class='ocr_par' dir='ltr' id='par_1_63' title="bbox 2433 1923 4010 1994">
     <span class='ocr_line' id='line_1_63' title="bbox 2433 1923 4010 1994; baseline 0 -16"><span class='ocrx_word' id='word_1_449' title='bbox 2433 1927 2578 1978; x_wconf 87' lang='lat' dir='ltr'><strong>enim</strong></span> <span class='ocrx_word' id='word_1_450' title='bbox 2612 1925 2819 1977; x_wconf 84' lang='lat' dir='ltr'><strong>audivit</strong></span> <span class='ocrx_word' id='word_1_451' title='bbox 2846 1925 3029 1978; x_wconf 85' lang='lat' dir='ltr'><strong>omnis</strong></span> <span class='ocrx_word' id='word_1_452' title='bbox 3059 1926 3225 1994; x_wconf 84' lang='lat' dir='ltr'><strong>regio,</strong></span> <span class='ocrx_word' id='word_1_453' title='bbox 3259 1941 3379 1993; x_wconf 84' lang='lat' dir='ltr'><strong>qua:</strong></span> <span class='ocrx_word' id='word_1_454' title='bbox 3406 1924 3548 1978; x_wconf 84' lang='lat' dir='ltr'><strong>inter</strong></span> <span class='ocrx_word' id='word_1_455' title='bbox 3578 1924 3837 1994; x_wconf 82' lang='lat' dir='ltr'><strong>angulum</strong></span> <span class='ocrx_word' id='word_1_456' title='bbox 3866 1923 4010 1993; x_wconf 86' lang='lat' dir='ltr'><strong>Cpo-</strong></span> 
     </span>
    </p>
   </div>
   <div class='ocr_carea' id='block_1_64' title="bbox 2434 2014 4010 2086">
    <p class='ocr_par' dir='ltr' id='par_1_64' title="bbox 2434 2014 4010 2086">
     <span class='ocr_line' id='line_1_64' title="bbox 2434 2014 4010 2086; baseline 0.001 -18"><span class='ocrx_word' id='word_1_457' title='bbox 2434 2016 2499 2069; x_wconf 87' lang='lat' dir='ltr'><strong>lis</strong></span> <span class='ocrx_word' id='word_1_458' title='bbox 2535 2016 2931 2070; x_wconf 72' lang='lat' dir='ltr'><strong>octidentalem</strong></span> <span class='ocrx_word' id='word_1_459' title='bbox 2967 2024 3020 2068; x_wconf 88' lang='lat' dir='ltr'><strong>et</strong></span> <span class='ocrx_word' id='word_1_460' title='bbox 3082 2016 3260 2068; x_wconf 91' lang='lat' dir='ltr'><strong>sinum</strong></span> <span class='ocrx_word' id='word_1_461' title='bbox 3318 2014 3631 2069; x_wconf 87' lang='lat' dir='ltr'><strong>Ccratinum</strong></span> <span class='ocrx_word' id='word_1_462' title='bbox 3685 2016 3855 2086; x_wconf 85' lang='lat' dir='ltr'><strong>jacet,</strong></span> <span class='ocrx_word' id='word_1_463' title='bbox 3900 2031 4010 2084; x_wconf 90' lang='lat' dir='ltr'><strong>quo</strong></span> 
     </span>
    </p>
   </div>
   <div class='ocr_carea' id='block_1_65' title="bbox 2432 2106 4008 2176">
    <p class='ocr_par' dir='ltr' id='par_1_65' title="bbox 2432 2106 4008 2176">
     <span class='ocr_line' id='line_1_65' title="bbox 2432 2106 4008 2176; baseline -0.001 -14"><span class='ocrx_word' id='word_1_464' title='bbox 2432 2109 2554 2162; x_wconf 91' lang='lat' dir='ltr'><strong>sinu</strong></span> <span class='ocrx_word' id='word_1_465' title='bbox 2584 2108 2774 2161; x_wconf 78' lang='lat' dir='ltr'><strong>civitas</strong></span> <span class='ocrx_word' id='word_1_466' title='bbox 2808 2122 2836 2160; x_wconf 91' lang='lat' dir='ltr'><strong>a</strong></span> <span class='ocrx_word' id='word_1_467' title='bbox 2884 2107 3274 2176; x_wconf 81' lang='lat' dir='ltr'><strong>Septentrione</strong></span> <span class='ocrx_word' id='word_1_468' title='bbox 3329 2106 3632 2172; x_wconf 89' lang='lat' dir='ltr'><strong>clauditur;</strong></span> <span class='ocrx_word' id='word_1_469' title='bbox 3697 2108 3788 2161; x_wconf 89' lang='lat' dir='ltr'><strong>hic</strong></span> <span class='ocrx_word' id='word_1_470' title='bbox 3841 2109 4008 2160; x_wconf 85' lang='lat' dir='ltr'><strong>etiam</strong></span> 
     </span>
    </p>
   </div>
   <div class='ocr_carea' id='block_1_66' title="bbox 2431 2198 4010 2269">
    <p class='ocr_par' dir='ltr' id='par_1_66' title="bbox 2431 2198 4010 2269">
     <span class='ocr_line' id='line_1_66' title="bbox 2431 2198 4010 2269; baseline -0.003 -14"><span class='ocrx_word' id='word_1_471' title='bbox 2431 2201 2701 2255; x_wconf 89' lang='lat' dir='ltr'><strong>decimam</strong></span> <span class='ocrx_word' id='word_1_472' title='bbox 2753 2212 3001 2268; x_wconf 86' lang='lat' dir='ltr'><strong>quartam</strong></span> <span class='ocrx_word' id='word_1_473' title='bbox 3056 2198 3237 2269; x_wconf 81' lang='lat' dir='ltr'><strong>Cpolis</strong></span> <span class='ocrx_word' id='word_1_474' title='bbox 3305 2200 3578 2268; x_wconf 87' lang='lat' dir='ltr'><strong>regionem</strong></span> <span class='ocrx_word' id='word_1_475' title='bbox 3643 2199 3811 2253; x_wconf 79' lang='lat' dir='ltr'><strong>fuisse</strong></span> <span class='ocrx_word' id='word_1_476' title='bbox 3858 2200 4010 2253; x_wconf 75' lang='lat' dir='ltr'><strong>idem</strong></span> 
     </span>
    </p>
   </div>
   <div class='ocr_carea' id='block_1_67' title="bbox 2431 2292 4012 2362">
    <p class='ocr_par' dir='ltr' id='par_1_67' title="bbox 2431 2292 4012 2362">
     <span class='ocr_line' id='line_1_67' title="bbox 2431 2292 4012 2362; baseline -0.001 -15"><span class='ocrx_word' id='word_1_477' title='bbox 2431 2293 2635 2362; x_wconf 84' lang='lat' dir='ltr'><strong>Gyllins</strong></span> <span class='ocrx_word' id='word_1_478' title='bbox 2663 2293 2967 2349; x_wconf 83' lang='lat' dir='ltr'><strong>constituit.</strong></span> <span class='ocrx_word' id='word_1_479' title='bbox 3009 2293 3083 2347; x_wconf 90' lang='lat' dir='ltr'><strong>De</strong></span> <span class='ocrx_word' id='word_1_480' title='bbox 3109 2292 3241 2347; x_wconf 87' lang='lat' dir='ltr'><strong>locis</strong></span> <span class='ocrx_word' id='word_1_481' title='bbox 3278 2292 3383 2345; x_wconf 91' lang='lat' dir='ltr'><strong>illis</strong></span> <span class='ocrx_word' id='word_1_482' title='bbox 3414 2292 3566 2360; x_wconf 89' lang='lat' dir='ltr'><strong>plura</strong></span> <span class='ocrx_word' id='word_1_483' title='bbox 3614 2292 3815 2345; x_wconf 85' lang='lat' dir='ltr'><strong>videsis</strong></span> <span class='ocrx_word' id='word_1_484' title='bbox 3862 2293 4012 2360; x_wconf 88' lang='lat' dir='ltr'><strong>apud</strong></span> 
     </span>
    </p>
   </div>
   <div class='ocr_carea' id='block_1_68' title="bbox 2431 2381 4013 2452">
    <p class='ocr_par' dir='ltr' id='par_1_68' title="bbox 2431 2381 4013 2452">
     <span class='ocr_line' id='line_1_68' title="bbox 2431 2381 4013 2452; baseline -0.001 -17"><span class='ocrx_word' id='word_1_485' title='bbox 2431 2383 2868 2452; x_wconf 82' lang='lat' dir='ltr'><strong>Papebrochium</strong></span> <span class='ocrx_word' id='word_1_486' title='bbox 2905 2382 2971 2435; x_wconf 87' lang='lat' dir='ltr'><strong>ad</strong></span> <span class='ocrx_word' id='word_1_487' title='bbox 3001 2383 3141 2435; x_wconf 89' lang='lat' dir='ltr'><strong>diem</strong></span> <span class='ocrx_word' id='word_1_488' title='bbox 3170 2399 3258 2436; x_wconf 83' lang='lat' dir='ltr'><strong>xvt</strong></span> <span class='ocrx_word' id='word_1_489' title='bbox 3290 2381 3409 2435; x_wconf 69' lang='lat' dir='ltr'><strong>Maii</strong></span> <span class='ocrx_word' id='word_1_490' title='bbox 3461 2381 3572 2450; x_wconf 88' lang='lat'><strong>(66)</strong></span> <span class='ocrx_word' id='word_1_491' title='bbox 3634 2388 3690 2435; x_wconf 80' lang='lat' dir='ltr'><strong>et</strong></span> <span class='ocrx_word' id='word_1_492' title='bbox 3748 2382 3803 2434; x_wconf 92' lang='lat' dir='ltr'><strong>in</strong></span> <span class='ocrx_word' id='word_1_493' title='bbox 3868 2396 4013 2450; x_wconf 68' lang='lat' dir='ltr'><strong>prae-</strong></span> 
     </span>
    </p>
   </div>
   <div class='ocr_carea' id='block_1_69' title="bbox 2433 2473 4014 2545">
    <p class='ocr_par' dir='ltr' id='par_1_69' title="bbox 2433 2473 4014 2545">
     <span class='ocr_line' id='line_1_69' title="bbox 2433 2473 4014 2545; baseline -0.003 -16"><span class='ocrx_word' id='word_1_494' title='bbox 2433 2476 2582 2529; x_wconf 88' lang='lat' dir='ltr'><strong>claro</strong></span> <span class='ocrx_word' id='word_1_495' title='bbox 2607 2489 2772 2543; x_wconf 90' lang='lat' dir='ltr'><strong>opere</strong></span> <span class='ocrx_word' id='word_1_496' title='bbox 2807 2473 2994 2545; x_wconf 84' lang='lat' dir='ltr'><strong>Cangii</strong></span> <span class='ocrx_word' id='word_1_497' title='bbox 3046 2476 3189 2543; x_wconf 89' lang='lat' dir='ltr'><strong>quod</strong></span> <span class='ocrx_word' id='word_1_498' title='bbox 3229 2474 3413 2544; x_wconf 89' lang='lat' dir='ltr'><strong>Cpolis</strong></span> <span class='ocrx_word' id='word_1_499' title='bbox 3455 2475 3763 2529; x_wconf 87' lang='lat' dir='ltr'><strong>Christiana</strong></span> <span class='ocrx_word' id='word_1_500' title='bbox 3813 2473 4014 2527; x_wconf 88' lang='lat' dir='ltr'><strong>inscri-</strong></span> 
     </span>
    </p>
   </div>
   <div class='ocr_carea' id='block_1_70' title="bbox 2434 2568 2745 2637">
    <p class='ocr_par' dir='ltr' id='par_1_70' title="bbox 2434 2568 2745 2637">
     <span class='ocr_line' id='line_1_70' title="bbox 2434 2568 2745 2637; baseline -0.006 -14"><span class='ocrx_word' id='word_1_501' title='bbox 2434 2568 2578 2623; x_wconf 88' lang='lat' dir='ltr'><strong>bitnr</strong></span> <span class='ocrx_word' id='word_1_502' title='bbox 2607 2568 2745 2637; x_wconf 87' lang='lat'><strong>(67).</strong></span> 
     </span>
    </p>
   </div>
   <div class='ocr_carea' id='block_1_71' title="bbox 2497 2649 4011 2725">
    <p class='ocr_par' dir='ltr' id='par_1_71' title="bbox 2497 2649 4011 2725">
     <span class='ocr_line' id='line_1_71' title="bbox 2497 2649 4011 2725; baseline -0.005 -14"><span class='ocrx_word' id='word_1_503' title='bbox 2497 2658 2585 2711; x_wconf 71' lang='lat' dir='ltr'><strong>2t.</strong></span> <span class='ocrx_word' id='word_1_504' title='bbox 2624 2658 2937 2725; x_wconf 86' lang='lat' dir='ltr'><strong>Emporium</strong></span> <span class='ocrx_word' id='word_1_505' title='bbox 2992 2654 3264 2715; x_wconf 87' lang='lat' dir='ltr'><strong>Leucadii,</strong></span> <span class='ocrx_word' id='word_1_506' title='bbox 3298 2653 3351 2705; x_wconf 92' lang='lat' dir='ltr'><strong>in</strong></span> <span class='ocrx_word' id='word_1_507' title='bbox 3381 2667 3491 2722; x_wconf 91' lang='lat' dir='ltr'><strong>quo</strong></span> <span class='ocrx_word' id='word_1_508' title='bbox 3544 2666 3765 2705; x_wconf 87' lang='lat' dir='ltr'><strong>sorores</strong></span> <span class='ocrx_word' id='word_1_509' title='bbox 3814 2650 3873 2703; x_wconf 85' lang='lat' dir='ltr'><strong>S.</strong></span> <span class='ocrx_word' id='word_1_510' title='bbox 3907 2649 4011 2704; x_wconf 86' lang='lat' dir='ltr'><strong>Pe-</strong></span> 
     </span>
    </p>
   </div>
   <div class='ocr_carea' id='block_1_72' title="bbox 2436 2741 4014 2811">
    <p class='ocr_par' dir='ltr' id='par_1_72' title="bbox 2436 2741 4014 2811">
     <span class='ocr_line' id='line_1_72' title="bbox 2436 2741 4014 2811; baseline -0.002 -13"><span class='ocrx_word' id='word_1_511' title='bbox 2436 2748 2501 2799; x_wconf 87' lang='lat' dir='ltr'><strong>tri</strong></span> <span class='ocrx_word' id='word_1_512' title='bbox 2536 2747 2602 2798; x_wconf 87' lang='lat' dir='ltr'><strong>de</strong></span> <span class='ocrx_word' id='word_1_513' title='bbox 2634 2741 2954 2797; x_wconf 87' lang='lat' dir='ltr'><strong>Blachernis</strong></span> <span class='ocrx_word' id='word_1_514' title='bbox 3006 2743 3127 2810; x_wconf 81' lang='lat' dir='ltr'><strong>ejus</strong></span> <span class='ocrx_word' id='word_1_515' title='bbox 3173 2757 3370 2811; x_wconf 88' lang='lat' dir='ltr'><strong>corpus</strong></span> <span class='ocrx_word' id='word_1_516' title='bbox 3428 2741 3782 2810; x_wconf 84' lang='lat' dir='ltr'><strong>sepelierunt,</strong></span> <span class='ocrx_word' id='word_1_517' title='bbox 3825 2741 4014 2796; x_wconf 69' lang='lat' dir='ltr'><strong>divero</strong></span> 
     </span>
    </p>
   </div>
   <div class='ocr_carea' id='block_1_73' title="bbox 2435 2836 4009 2907">
    <p class='ocr_par' dir='ltr' id='par_1_73' title="bbox 2435 2836 4009 2907">
     <span class='ocr_line' id='line_1_73' title="bbox 2435 2836 4009 2907; baseline -0.003 -15"><span class='ocrx_word' id='word_1_518' title='bbox 2435 2854 2555 2892; x_wconf 87' lang='lat' dir='ltr'><strong>sum</strong></span> <span class='ocrx_word' id='word_1_519' title='bbox 2588 2849 2695 2889; x_wconf 89' lang='lat' dir='ltr'><strong>non</strong></span> <span class='ocrx_word' id='word_1_520' title='bbox 2719 2846 2805 2890; x_wconf 91' lang='lat' dir='ltr'><strong>est</strong></span> <span class='ocrx_word' id='word_1_521' title='bbox 2836 2851 2863 2887; x_wconf 90' lang='lat' dir='ltr'><strong>a</strong></span> <span class='ocrx_word' id='word_1_522' title='bbox 2898 2836 3017 2890; x_wconf 91' lang='lat' dir='ltr'><strong>loco</strong></span> <span class='ocrx_word' id='word_1_523' title='bbox 3056 2851 3216 2905; x_wconf 88' lang='lat' dir='ltr'><strong>quem</strong></span> <span class='ocrx_word' id='word_1_524' title='bbox 3253 2836 3538 2906; x_wconf 80' lang='lat' dir='ltr'><strong>Dionysius</strong></span> <span class='ocrx_word' id='word_1_525' title='bbox 3576 2836 3912 2907; x_wconf 75' lang='lat' dir='ltr'><strong>Byzantinus</strong></span> <span class='ocrx_word' id='word_1_526' title='bbox 3956 2837 4009 2888; x_wconf 92' lang='lat' dir='ltr'><strong>in</strong></span> 
     </span>
    </p>
   </div>
   <div class='ocr_carea' id='block_1_74' title="bbox 2430 2927 4009 2999">
    <p class='ocr_par' dir='ltr' id='par_1_74' title="bbox 2430 2927 4009 2999">
     <span class='ocr_line' id='line_1_74' title="bbox 2430 2927 4009 2999; baseline -0.001 -17"><span class='ocrx_word' id='word_1_527' title='bbox 2430 2929 2642 2998; x_wconf 87' lang='lat' dir='ltr'><strong>Anaplo</strong></span> <span class='ocrx_word' id='word_1_528' title='bbox 2671 2927 2893 2997; x_wconf 84' lang='lat' dir='ltr'><strong>Bospori</strong></span> <span class='ocrx_word' id='word_1_529' title='bbox 2933 2928 3052 2999; x_wconf 83' lang='lat'><strong>(68)</strong></span> <span class='ocrx_word' id='word_1_530' title='bbox 3089 2928 3378 2999; x_wconf 81' lang='lat' dir='ltr'><strong>Lycadium</strong></span> <span class='ocrx_word' id='word_1_531' title='bbox 3436 2931 3875 2997; x_wconf 72' lang='lat' dir='ltr'><strong>promuntorium</strong></span> <span class='ocrx_word' id='word_1_532' title='bbox 3928 2930 4009 2981; x_wconf 80' lang='lat' dir='ltr'><strong>di-</strong></span> 
     </span>
    </p>
   </div>
   <div class='ocr_carea' id='block_1_75' title="bbox 2431 3020 4012 3092">
    <p class='ocr_par' dir='ltr' id='par_1_75' title="bbox 2431 3020 4012 3092">
     <span class='ocr_line' id='line_1_75' title="bbox 2431 3020 4012 3092; baseline -0.003 -17"><span class='ocrx_word' id='word_1_533' title='bbox 2431 3022 2523 3086; x_wconf 85' lang='lat' dir='ltr'><strong>cit,</strong></span> <span class='ocrx_word' id='word_1_534' title='bbox 2551 3032 2777 3092; x_wconf 87' lang='lat' dir='ltr'><strong>eratque</strong></span> <span class='ocrx_word' id='word_1_535' title='bbox 2811 3024 2864 3076; x_wconf 94' lang='lat' dir='ltr'><strong>in</strong></span> <span class='ocrx_word' id='word_1_536' title='bbox 2895 3022 3077 3077; x_wconf 84' lang='lat' dir='ltr'><strong>littore</strong></span> <span class='ocrx_word' id='word_1_537' title='bbox 3123 3021 3371 3076; x_wconf 83' lang='lat' dir='ltr'><strong>orientali</strong></span> <span class='ocrx_word' id='word_1_538' title='bbox 3424 3020 3673 3089; x_wconf 87' lang='lat' dir='ltr'><strong>Bospori,</strong></span> <span class='ocrx_word' id='word_1_539' title='bbox 3729 3035 3837 3072; x_wconf 90' lang='lat' dir='ltr'><strong>non</strong></span> <span class='ocrx_word' id='word_1_540' title='bbox 3885 3037 4012 3089; x_wconf 70' lang='lat' dir='ltr'><strong>pro-</strong></span> 
     </span>
    </p>
   </div>
   <div class='ocr_carea' id='block_1_76' title="bbox 2431 3110 4011 3189">
    <p class='ocr_par' dir='ltr' id='par_1_76' title="bbox 2431 3110 4011 3189">
     <span class='ocr_line' id='line_1_76' title="bbox 2431 3110 4011 3189; baseline -0.003 -20"><span class='ocrx_word' id='word_1_541' title='bbox 2431 3115 2518 3169; x_wconf 91' lang='lat' dir='ltr'><strong>cul</strong></span> <span class='ocrx_word' id='word_1_542' title='bbox 2553 3133 2582 3169; x_wconf 89' lang='lat' dir='ltr'><strong>a</strong></span> <span class='ocrx_word' id='word_1_543' title='bbox 2612 3115 2933 3189; x_wconf 81' lang='lat' dir='ltr'><strong>Cltrysopoli</strong></span> <span class='ocrx_word' id='word_1_544' title='bbox 2964 3116 3151 3169; x_wconf 87' lang='lat' dir='ltr'><strong>situm.</strong></span> <span class='ocrx_word' id='word_1_545' title='bbox 3181 3113 3407 3165; x_wconf 80' lang='lat' dir='ltr'><strong>Constat</strong></span> <span class='ocrx_word' id='word_1_546' title='bbox 3438 3113 3490 3164; x_wconf 90' lang='lat' dir='ltr'><strong>id</strong></span> <span class='ocrx_word' id='word_1_547' title='bbox 3522 3112 3717 3167; x_wconf 82' lang='lat' dir='ltr'><strong>iterum</strong></span> <span class='ocrx_word' id='word_1_548' title='bbox 3743 3127 3809 3164; x_wconf 78' lang='lat' dir='ltr'><strong>ex</strong></span> <span class='ocrx_word' id='word_1_549' title='bbox 3834 3110 4011 3165; x_wconf 85' lang='lat' dir='ltr'><strong>Chro-</strong></span> 
     </span>
    </p>
   </div>
   <div class='ocr_carea' id='block_1_77' title="bbox 2435 3202 4005 3278">
    <p class='ocr_par' dir='ltr' id='par_1_77' title="bbox 2435 3202 4005 3278">
     <span class='ocr_line' id='line_1_77' title="bbox 2435 3202 4005 3278; baseline 0.002 -16"><span class='ocrx_word' id='word_1_550' title='bbox 2435 3211 2576 3262; x_wconf 87' lang='lat' dir='ltr'><strong>nicis</strong></span> <span class='ocrx_word' id='word_1_551' title='bbox 2617 3211 2901 3278; x_wconf 85' lang='lat' dir='ltr'><strong>Symeonis</strong></span> <span class='ocrx_word' id='word_1_552' title='bbox 2942 3207 3177 3276; x_wconf 73' lang='lat' dir='ltr'><strong>Magistri</strong></span> <span class='ocrx_word' id='word_1_553' title='bbox 3208 3204 3340 3274; x_wconf 83' lang='lat'><strong>(69),</strong></span> <span class='ocrx_word' id='word_1_554' title='bbox 3367 3202 3578 3275; x_wconf 81' lang='lat' dir='ltr'><strong>Georgii</strong></span> <span class='ocrx_word' id='word_1_555' title='bbox 3606 3206 3859 3259; x_wconf 87' lang='lat' dir='ltr'><strong>monachi</strong></span> <span class='ocrx_word' id='word_1_556' title='bbox 3888 3208 4005 3275; x_wconf 75' lang='grc'>(70)</span> 
     </span>
    </p>
   </div>
   <div class='ocr_carea' id='block_1_78' title="bbox 2437 3297 4010 3370">
    <p class='ocr_par' dir='ltr' id='par_1_78' title="bbox 2437 3297 4010 3370">
     <span class='ocr_line' id='line_1_78' title="bbox 2437 3297 4010 3370; baseline -0.001 -15"><span class='ocrx_word' id='word_1_557' title='bbox 2437 3309 2492 3355; x_wconf 84' lang='lat' dir='ltr'><strong>et</strong></span> <span class='ocrx_word' id='word_1_558' title='bbox 2525 3300 2919 3355; x_wconf 88' lang='lat' dir='ltr'><strong>continuatoris</strong></span> <span class='ocrx_word' id='word_1_559' title='bbox 2951 3299 3202 3370; x_wconf 84' lang='lat' dir='ltr'><strong>anouytni</strong></span> <span class='ocrx_word' id='word_1_560' title='bbox 3232 3297 3580 3367; x_wconf 82' lang='lat' dir='ltr'><strong>Theophanis</strong></span> <span class='ocrx_word' id='word_1_561' title='bbox 3615 3298 3749 3367; x_wconf 85' lang='grc'>(71).</span> <span class='ocrx_word' id='word_1_562' title='bbox 3805 3301 4010 3368; x_wconf 85' lang='lat' dir='ltr'><strong>Empo-</strong></span> 
     </span>
    </p>
   </div>
   <div class='ocr_carea' id='block_1_79' title="bbox 2436 3389 4010 3460">
    <p class='ocr_par' dir='ltr' id='par_1_79' title="bbox 2436 3389 4010 3460">
     <span class='ocr_line' id='line_1_79' title="bbox 2436 3389 4010 3460; baseline -0.003 -14"><span class='ocrx_word' id='word_1_563' title='bbox 2436 3393 2500 3447; x_wconf 90' lang='lat' dir='ltr'><strong>rii</strong></span> <span class='ocrx_word' id='word_1_564' title='bbox 2536 3403 2715 3446; x_wconf 89' lang='lat' dir='ltr'><strong>autem</strong></span> <span class='ocrx_word' id='word_1_565' title='bbox 2750 3392 2995 3456; x_wconf 89' lang='lat' dir='ltr'><strong>nomine,</strong></span> <span class='ocrx_word' id='word_1_566' title='bbox 3028 3392 3168 3460; x_wconf 89' lang='lat' dir='ltr'><strong>quod</strong></span> <span class='ocrx_word' id='word_1_567' title='bbox 3195 3391 3328 3444; x_wconf 90' lang='lat' dir='ltr'><strong>locis</strong></span> <span class='ocrx_word' id='word_1_568' title='bbox 3352 3390 3415 3443; x_wconf 90' lang='lat' dir='ltr'><strong>ad</strong></span> <span class='ocrx_word' id='word_1_569' title='bbox 3450 3404 3597 3443; x_wconf 89' lang='lat' dir='ltr'><strong>mare</strong></span> <span class='ocrx_word' id='word_1_570' title='bbox 3629 3389 3747 3443; x_wconf 90' lang='lat' dir='ltr'><strong>sitis</strong></span> <span class='ocrx_word' id='word_1_571' title='bbox 3784 3392 4010 3458; x_wconf 76' lang='lat' dir='ltr'><strong>potissi-</strong></span> 
     </span>
    </p>
   </div>
   <div class='ocr_carea' id='block_1_80' title="bbox 2434 3480 4011 3551">
    <p class='ocr_par' dir='ltr' id='par_1_80' title="bbox 2434 3480 4011 3551">
     <span class='ocr_line' id='line_1_80' title="bbox 2434 3480 4011 3551; baseline -0.003 -14"><span class='ocrx_word' id='word_1_572' title='bbox 2434 3500 2580 3538; x_wconf 90' lang='lat' dir='ltr'><strong>mum</strong></span> <span class='ocrx_word' id='word_1_573' title='bbox 2614 3484 2777 3535; x_wconf 87' lang='lat' dir='ltr'><strong>tribui</strong></span> <span class='ocrx_word' id='word_1_574' title='bbox 2818 3492 3003 3535; x_wconf 88' lang='lat' dir='ltr'><strong>notum</strong></span> <span class='ocrx_word' id='word_1_575' title='bbox 3033 3492 3133 3545; x_wconf 88' lang='lat' dir='ltr'><strong>est,</strong></span> <span class='ocrx_word' id='word_1_576' title='bbox 3166 3498 3273 3535; x_wconf 90' lang='lat' dir='ltr'><strong>non</strong></span> <span class='ocrx_word' id='word_1_577' title='bbox 3303 3480 3596 3549; x_wconf 76' lang='lat' dir='ltr'><strong>improprie</strong></span> <span class='ocrx_word' id='word_1_578' title='bbox 3652 3482 3739 3533; x_wconf 90' lang='lat' dir='ltr'><strong>hic</strong></span> <span class='ocrx_word' id='word_1_579' title='bbox 3780 3481 4011 3551; x_wconf 70' lang='lat' dir='ltr'><strong>insigni-</strong></span> 
     </span>
    </p>
   </div>
   <div class='ocr_carea' id='block_1_81' title="bbox 2441 3574 4012 3640">
    <p class='ocr_par' dir='ltr' id='par_1_81' title="bbox 2441 3574 4012 3640">
     <span class='ocr_line' id='line_1_81' title="bbox 2441 3574 4012 3640; baseline 0 -13"><span class='ocrx_word' id='word_1_580' title='bbox 2441 3584 2551 3628; x_wconf 85' lang='lat' dir='ltr'><strong>tur.</strong></span> <span class='ocrx_word' id='word_1_581' title='bbox 2595 3574 2765 3628; x_wconf 86' lang='lat' dir='ltr'><strong>Porro</strong></span> <span class='ocrx_word' id='word_1_582' title='bbox 2794 3575 2942 3627; x_wconf 90' lang='lat' dir='ltr'><strong>locus</strong></span> <span class='ocrx_word' id='word_1_583' title='bbox 2986 3574 3128 3627; x_wconf 88' lang='lat' dir='ltr'><strong>idem</strong></span> <span class='ocrx_word' id='word_1_584' title='bbox 3162 3574 3402 3636; x_wconf 83' lang='lat' dir='ltr'><strong>omnino,</strong></span> <span class='ocrx_word' id='word_1_585' title='bbox 3438 3574 3709 3640; x_wconf 89' lang='lat' dir='ltr'><strong>siquidem</strong></span> <span class='ocrx_word' id='word_1_586' title='bbox 3744 3576 3813 3626; x_wconf 86' lang='lat' dir='ltr'><strong>ad</strong></span> <span class='ocrx_word' id='word_1_587' title='bbox 3854 3591 4012 3627; x_wconf 82' lang='lat' dir='ltr'><strong>cum-</strong></span> 
     </span>
    </p>
   </div>
   <div class='ocr_carea' id='block_1_82' title="bbox 2435 3663 4012 3732">
    <p class='ocr_par' dir='ltr' id='par_1_82' title="bbox 2435 3663 4012 3732">
     <span class='ocr_line' id='line_1_82' title="bbox 2435 3663 4012 3732; baseline 0.001 -15"><span class='ocrx_word' id='word_1_588' title='bbox 2435 3666 2557 3718; x_wconf 81' lang='lat' dir='ltr'><strong>dem</strong></span> <span class='ocrx_word' id='word_1_589' title='bbox 2593 3681 2793 3718; x_wconf 87' lang='lat' dir='ltr'><strong>annum</strong></span> <span class='ocrx_word' id='word_1_590' title='bbox 2844 3663 3036 3717; x_wconf 87' lang='lat' dir='ltr'><strong>similia</strong></span> <span class='ocrx_word' id='word_1_591' title='bbox 3074 3663 3274 3732; x_wconf 88' lang='lat' dir='ltr'><strong>ubique</strong></span> <span class='ocrx_word' id='word_1_592' title='bbox 3314 3664 3380 3717; x_wconf 88' lang='lat' dir='ltr'><strong>de</strong></span> <span class='ocrx_word' id='word_1_593' title='bbox 3428 3677 3493 3715; x_wconf 89' lang='lat' dir='ltr'><strong>eo</strong></span> <span class='ocrx_word' id='word_1_594' title='bbox 3539 3668 3940 3725; x_wconf 81' lang='lat' dir='ltr'><strong>memorantur.</strong></span> <span class='ocrx_word' id='word_1_595' title='bbox 3984 3682 4012 3719; x_wconf 85' lang='lat' dir='ltr'><strong>a</strong></span> 
     </span>
    </p>
   </div>
   <div class='ocr_carea' id='block_1_83' title="bbox 2441 3752 4012 3827">
    <p class='ocr_par' dir='ltr' id='par_1_83' title="bbox 2441 3752 4012 3827">
     <span class='ocr_line' id='line_1_83' title="bbox 2441 3752 4012 3827; baseline 0 -18"><span class='ocrx_word' id='word_1_596' title='bbox 2441 3756 2712 3826; x_wconf 85' lang='lat' dir='ltr'><strong>Symcone</strong></span> <span class='ocrx_word' id='word_1_597' title='bbox 2740 3766 2793 3807; x_wconf 85' lang='lat' dir='ltr'><strong>et</strong></span> <span class='ocrx_word' id='word_1_598' title='bbox 2822 3752 3035 3808; x_wconf 80' lang='lat' dir='ltr'><strong>Joanne</strong></span> <span class='ocrx_word' id='word_1_599' title='bbox 3063 3752 3293 3823; x_wconf 70' lang='lat' dir='ltr'><strong>Scylitza</strong></span> <span class='ocrx_word' id='word_1_600' title='bbox 3342 3752 3653 3809; x_wconf 87' lang='lat' dir='ltr'><strong>Leucatium</strong></span> <span class='ocrx_word' id='word_1_601' title='bbox 3687 3757 3841 3810; x_wconf 87' lang='lat' dir='ltr'><strong>audit</strong></span> <span class='ocrx_word' id='word_1_602' title='bbox 3876 3758 4012 3827; x_wconf 74' lang='lat'><strong>(72).</strong></span> 
     </span>
    </p>
   </div>
   <div class='ocr_carea' id='block_1_84' title="bbox 2431 3830 4012 3915">
    <p class='ocr_par' dir='ltr' id='par_1_84' title="bbox 2431 3830 4012 3915">
     <span class='ocr_line' id='line_1_84' title="bbox 2431 3830 4012 3915; baseline 0.001 -13"><span class='ocrx_word' id='word_1_603' title='bbox 2431 3863 2460 3902; x_wconf 89' lang='lat' dir='ltr'><strong>a</strong></span> <span class='ocrx_word' id='word_1_604' title='bbox 2495 3849 2707 3902; x_wconf 67' lang='lat' dir='ltr'><strong>caeteris</strong></span> <span class='ocrx_word' id='word_1_605' title='bbox 2732 3864 2865 3901; x_wconf 82' lang='lat' dir='ltr'><strong>vero</strong></span> <span class='ocrx_word' id='word_1_606' title='bbox 2893 3846 3188 3910; x_wconf 89' lang='lat' dir='ltr'><strong>Leucates;</strong></span> <span class='ocrx_word' id='word_1_607' title='bbox 3224 3830 3574 3915; x_wconf 79' lang='lat' dir='ltr'><strong>quamobrem</strong></span> <span class='ocrx_word' id='word_1_608' title='bbox 3619 3848 3913 3903; x_wconf 83' lang='lat' dir='ltr'><strong>manifeste</strong></span> <span class='ocrx_word' id='word_1_609' title='bbox 3945 3851 4012 3904; x_wconf 87' lang='lat' dir='ltr'><strong>de</strong></span> 
     </span>
    </p>
   </div>
   <div class='ocr_carea' id='block_1_85' title="bbox 2434 3934 4013 4009">
    <p class='ocr_par' dir='ltr' id='par_1_85' title="bbox 2434 3934 4013 4009">
     <span class='ocr_line' id='line_1_85' title="bbox 2434 3934 4013 4009; baseline 0.001 -14"><span class='ocrx_word' id='word_1_610' title='bbox 2434 3955 2501 3995; x_wconf 88' lang='lat' dir='ltr'><strong>eo</strong></span> <span class='ocrx_word' id='word_1_611' title='bbox 2537 3942 2617 4009; x_wconf 86' lang='lat' dir='ltr'><strong>agi</strong></span> <span class='ocrx_word' id='word_1_612' title='bbox 2652 3940 2890 4005; x_wconf 86' lang='lat' dir='ltr'><strong>videtur,</strong></span> <span class='ocrx_word' id='word_1_613' title='bbox 2920 3940 2987 3993; x_wconf 88' lang='lat' dir='ltr'><strong>ad</strong></span> <span class='ocrx_word' id='word_1_614' title='bbox 3028 3934 3168 3993; x_wconf 85' lang='lat' dir='ltr'><strong>diem</strong></span> <span class='ocrx_word' id='word_1_615' title='bbox 3202 3955 3330 3991; x_wconf 69' lang='lat' dir='ltr'><strong>xxiii</strong></span> <span class='ocrx_word' id='word_1_616' title='bbox 3360 3938 3509 4005; x_wconf 84' lang='lat' dir='ltr'><strong>Julii,</strong></span> <span class='ocrx_word' id='word_1_617' title='bbox 3543 3941 3633 3995; x_wconf 87' lang='lat' dir='ltr'><strong>ubi</strong></span> <span class='ocrx_word' id='word_1_618' title='bbox 3666 3943 3734 3995; x_wconf 88' lang='lat' dir='ltr'><strong>de</strong></span> <span class='ocrx_word' id='word_1_619' title='bbox 3768 3943 3827 3997; x_wconf 90' lang='lat' dir='ltr'><strong>S.</strong></span> <span class='ocrx_word' id='word_1_620' title='bbox 3856 3944 4013 3997; x_wconf 77' lang='lat' dir='ltr'><strong>Anna</strong></span> 
     </span>
    </p>
   </div>
   <div class='ocr_carea' id='block_1_86' title="bbox 2431 4031 4016 4106">
    <p class='ocr_par' dir='ltr' id='par_1_86' title="bbox 2431 4031 4016 4106">
     <span class='ocr_line' id='line_1_86' title="bbox 2431 4031 4016 4106; baseline 0.006 -22"><span class='ocrx_word' id='word_1_621' title='bbox 2431 4034 2490 4085; x_wconf 81' lang='grc' dir='ltr'><strong>ὲν</strong></span> <span class='ocrx_word' id='word_1_622' title='bbox 2528 4033 2606 4100; x_wconf 84' lang='grc' dir='ltr'>τῷ</span> <span class='ocrx_word' id='word_1_623' title='bbox 2640 4033 2896 4103; x_wconf 75' lang='grc' dir='ltr'><strong>Λεύκατῃ</strong></span> <span class='ocrx_word' id='word_1_624' title='bbox 2926 4031 3115 4084; x_wconf 87' lang='lat' dir='ltr'><strong>Pinius</strong></span> <span class='ocrx_word' id='word_1_625' title='bbox 3164 4042 3350 4084; x_wconf 82' lang='lat' dir='ltr'><strong>noster</strong></span> <span class='ocrx_word' id='word_1_626' title='bbox 3412 4034 3630 4087; x_wconf 82' lang='lat' dir='ltr'><strong>disserit</strong></span> <span class='ocrx_word' id='word_1_627' title='bbox 3688 4036 3827 4106; x_wconf 77' lang='grc'>(75).</span> <span class='ocrx_word' id='word_1_628' title='bbox 3882 4038 4016 4093; x_wconf 77' lang='lat' dir='ltr'><strong>Pro-</strong></span> 
     </span>
    </p>
   </div>
   <div class='ocr_carea' id='block_1_87' title="bbox 2440 4123 4013 4197">
    <p class='ocr_par' dir='ltr' id='par_1_87' title="bbox 2440 4123 4013 4197">
     <span class='ocr_line' id='line_1_87' title="bbox 2440 4123 4013 4197; baseline 0.001 -18"><span class='ocrx_word' id='word_1_629' title='bbox 2440 4124 2771 4179; x_wconf 85' lang='lat' dir='ltr'><strong>montorium</strong></span> <span class='ocrx_word' id='word_1_630' title='bbox 2814 4125 2958 4178; x_wconf 87' lang='lat' dir='ltr'><strong>enim</strong></span> <span class='ocrx_word' id='word_1_631' title='bbox 3018 4123 3280 4177; x_wconf 86' lang='lat' dir='ltr'><strong>Leucatas</strong></span> <span class='ocrx_word' id='word_1_632' title='bbox 3331 4124 3415 4175; x_wconf 90' lang='lat' dir='ltr'><strong>vel</strong></span> <span class='ocrx_word' id='word_1_633' title='bbox 3475 4124 3778 4180; x_wconf 83' lang='lat' dir='ltr'><strong>Leucactas</strong></span> <span class='ocrx_word' id='word_1_634' title='bbox 3841 4144 4013 4197; x_wconf 73' lang='lat' dir='ltr'><strong>prope</strong></span> 
     </span>
    </p>
   </div>
   <div class='ocr_carea' id='block_1_88' title="bbox 2435 4216 4015 4293">
    <p class='ocr_par' dir='ltr' id='par_1_88' title="bbox 2435 4216 4015 4293">
     <span class='ocr_line' id='line_1_88' title="bbox 2435 4216 4015 4293; baseline 0.001 -19"><span class='ocrx_word' id='word_1_635' title='bbox 2435 4219 2807 4274; x_wconf 64' lang='lat' dir='ltr'><strong>Nicomediam</strong></span> <span class='ocrx_word' id='word_1_636' title='bbox 2840 4219 2895 4272; x_wconf 91' lang='lat' dir='ltr'><strong>in</strong></span> <span class='ocrx_word' id='word_1_637' title='bbox 2927 4216 3199 4288; x_wconf 84' lang='lat' dir='ltr'><strong>Bithynia,</strong></span> <span class='ocrx_word' id='word_1_638' title='bbox 3228 4224 3282 4270; x_wconf 92' lang='lat' dir='ltr'><strong>ut</strong></span> <span class='ocrx_word' id='word_1_639' title='bbox 3307 4226 3499 4271; x_wconf 55' lang='lat' dir='ltr'><strong>extera</strong></span> <span class='ocrx_word' id='word_1_640' title='bbox 3526 4219 3763 4282; x_wconf 85' lang='lat' dir='ltr'><strong>mittam,</strong></span> <span class='ocrx_word' id='word_1_641' title='bbox 3793 4224 4015 4293; x_wconf 79' lang='lat' dir='ltr'><strong>longius</strong></span> 
     </span>
    </p>
   </div>
   <div class='ocr_carea' id='block_1_89' title="bbox 2441 4302 4013 4379">
    <p class='ocr_par' dir='ltr' id='par_1_89' title="bbox 2441 4302 4013 4379">
     <span class='ocr_line' id='line_1_89' title="bbox 2441 4302 4013 4379; baseline 0.003 -15"><span class='ocrx_word' id='word_1_642' title='bbox 2441 4328 2469 4365; x_wconf 91' lang='lat' dir='ltr'><strong>a</strong></span> <span class='ocrx_word' id='word_1_643' title='bbox 2500 4311 2649 4379; x_wconf 82' lang='lat' dir='ltr'><strong>Cpoli</strong></span> <span class='ocrx_word' id='word_1_644' title='bbox 2680 4311 2930 4364; x_wconf 91' lang='lat' dir='ltr'><strong>dissitum</strong></span> <span class='ocrx_word' id='word_1_645' title='bbox 2960 4302 3082 4373; x_wconf 77' lang='lat' dir='ltr'><strong>fuit,</strong></span> <span class='ocrx_word' id='word_1_646' title='bbox 3111 4322 3272 4378; x_wconf 90' lang='lat' dir='ltr'><strong>quam</strong></span> <span class='ocrx_word' id='word_1_647' title='bbox 3320 4316 3376 4362; x_wconf 88' lang='lat' dir='ltr'><strong>ut</strong></span> <span class='ocrx_word' id='word_1_648' title='bbox 3417 4308 3543 4363; x_wconf 91' lang='lat' dir='ltr'><strong>illuc</strong></span> <span class='ocrx_word' id='word_1_649' title='bbox 3599 4302 3659 4363; x_wconf 80' lang='lat'><strong>8.</strong></span> <span class='ocrx_word' id='word_1_650' title='bbox 3726 4312 3886 4367; x_wconf 83' lang='lat' dir='ltr'><strong>Anna</strong></span> <span class='ocrx_word' id='word_1_651' title='bbox 3944 4319 4013 4369; x_wconf 82' lang='lat' dir='ltr'><strong>ad</strong></span> 
     </span>
    </p>
   </div>
   <div class='ocr_carea' id='block_1_90' title="bbox 2436 4400 4013 4473">
    <p class='ocr_par' dir='ltr' id='par_1_90' title="bbox 2436 4400 4013 4473">
     <span class='ocr_line' id='line_1_90' title="bbox 2436 4400 4013 4473; baseline 0.004 -18"><span class='ocrx_word' id='word_1_652' title='bbox 2436 4404 2820 4471; x_wconf 88' lang='lat' dir='ltr'><strong>imperatorem</strong></span> <span class='ocrx_word' id='word_1_653' title='bbox 2856 4401 3115 4454; x_wconf 87' lang='lat' dir='ltr'><strong>Basilium</strong></span> <span class='ocrx_word' id='word_1_654' title='bbox 3160 4400 3530 4464; x_wconf 81' lang='lat' dir='ltr'><strong>Macedonem,</strong></span> <span class='ocrx_word' id='word_1_655' title='bbox 3576 4418 3607 4456; x_wconf 87' lang='lat' dir='ltr'><strong>a</strong></span> <span class='ocrx_word' id='word_1_656' title='bbox 3648 4420 3760 4473; x_wconf 91' lang='lat' dir='ltr'><strong>quo</strong></span> <span class='ocrx_word' id='word_1_657' title='bbox 3809 4408 4013 4462; x_wconf 89' lang='lat' dir='ltr'><strong>dicitur</strong></span> 
     </span>
    </p>
   </div>
   <div class='ocr_carea' id='block_1_91' title="bbox 762 4487 4010 4561">
    <p class='ocr_par' dir='ltr' id='par_1_91' title="bbox 762 4487 4010 4561">
     <span class='ocr_line' id='line_1_91' title="bbox 762 4487 4010 4561; baseline 0.005 -24"><span class='ocrx_word' id='word_1_658' title='bbox 762 4487 969 4554; x_wconf 90' lang='lat' dir='ltr'><strong>quitur,</strong></span> <span class='ocrx_word' id='word_1_659' title='bbox 999 4487 1092 4538; x_wconf 87' lang='lat' dir='ltr'><strong>sed</strong></span> <span class='ocrx_word' id='word_1_660' title='bbox 1125 4487 1244 4553; x_wconf 80' lang='lat' dir='ltr'><strong>ejus</strong></span> <span class='ocrx_word' id='word_1_661' title='bbox 1271 4501 1484 4539; x_wconf 85' lang='lat' dir='ltr'><strong>sorores</strong></span> <span class='ocrx_word' id='word_1_662' title='bbox 1514 4488 1688 4555; x_wconf 88' lang='lat' dir='ltr'><strong>ipsum</strong></span> <span class='ocrx_word' id='word_1_663' title='bbox 1737 4489 2047 4553; x_wconf 68' lang='lat' dir='ltr'><strong>elierentes,</strong></span> <span class='ocrx_word' id='word_1_664' title='bbox 2094 4489 2147 4543; x_wconf 90' lang='lat' dir='ltr'><strong>in</strong></span> <span class='ocrx_word' id='word_1_665' title='bbox 2184 4489 2325 4542; x_wconf 83' lang='lat' dir='ltr'><strong>Len-</strong></span> <span class='ocrx_word' id='word_1_666' title='bbox 2358 4500 2401 4555; x_wconf 80' lang='grc' dir='ltr'>ι)</span> <span class='ocrx_word' id='word_1_667' title='bbox 2436 4493 2488 4545; x_wconf 92' lang='lat' dir='ltr'><strong>in</strong></span> <span class='ocrx_word' id='word_1_668' title='bbox 2527 4507 2781 4560; x_wconf 81' lang='lat' dir='ltr'><strong>sponsam</strong></span> <span class='ocrx_word' id='word_1_669' title='bbox 2818 4492 3178 4561; x_wconf 78' lang='lat' dir='ltr'><strong>expostulata,</strong></span> <span class='ocrx_word' id='word_1_670' title='bbox 3207 4507 3265 4545; x_wconf 90' lang='lat' dir='ltr'><strong>se</strong></span> <span class='ocrx_word' id='word_1_671' title='bbox 3291 4492 3588 4549; x_wconf 81' lang='lat' dir='ltr'><strong>conferret.</strong></span> <span class='ocrx_word' id='word_1_672' title='bbox 3617 4493 3792 4550; x_wconf 84' lang='lat' dir='ltr'><strong>Nobis</strong></span> <span class='ocrx_word' id='word_1_673' title='bbox 3827 4509 4010 4554; x_wconf 87' lang='lat' dir='ltr'><strong>autem</strong></span> 
     </span>
    </p>
   </div>
   <div class='ocr_carea' id='block_1_92' title="bbox 757 4580 2323 4649">
    <p class='ocr_par' dir='ltr' id='par_1_92' title="bbox 757 4580 2323 4649">
     <span class='ocr_line' id='line_1_92' title="bbox 757 4580 2323 4649; baseline 0.003 -16"><span class='ocrx_word' id='word_1_674' title='bbox 757 4580 927 4634; x_wconf 71' lang='lat' dir='ltr'><strong>cadia:</strong></span> <span class='ocrx_word' id='word_1_675' title='bbox 962 4584 1207 4649; x_wconf 89' lang='lat' dir='ltr'><strong>emporio</strong></span> <span class='ocrx_word' id='word_1_676' title='bbox 1236 4580 1526 4649; x_wconf 81' lang='lat' dir='ltr'><strong>sepulturae</strong></span> <span class='ocrx_word' id='word_1_677' title='bbox 1564 4582 1916 4638; x_wconf 85' lang='lat' dir='ltr'><strong>mandarunt.</strong></span> <span class='ocrx_word' id='word_1_678' title='bbox 1949 4581 2116 4646; x_wconf 84' lang='lat' dir='ltr'><strong>Quale</strong></span> <span class='ocrx_word' id='word_1_679' title='bbox 2160 4584 2323 4638; x_wconf 80' lang='lat' dir='ltr'><strong>fuerit</strong></span> 
     </span>
    </p>
   </div>
   <div class='ocr_carea' id='block_1_93' title="bbox 758 4672 2321 4744">
    <p class='ocr_par' dir='ltr' id='par_1_93' title="bbox 758 4672 2321 4744">
     <span class='ocr_line' id='line_1_93' title="bbox 758 4672 2321 4744; baseline 0.001 -17"><span class='ocrx_word' id='word_1_680' title='bbox 758 4674 908 4728; x_wconf 82' lang='lat' dir='ltr'><strong>istud</strong></span> <span class='ocrx_word' id='word_1_681' title='bbox 962 4672 1253 4736; x_wconf 82' lang='lat' dir='ltr'><strong>ﬂuentum,</strong></span> <span class='ocrx_word' id='word_1_682' title='bbox 1312 4674 1470 4727; x_wconf 76' lang='lat' dir='ltr'><strong>facile</strong></span> <span class='ocrx_word' id='word_1_683' title='bbox 1518 4675 1787 4743; x_wconf 85' lang='lat' dir='ltr'><strong>colligitur</strong></span> <span class='ocrx_word' id='word_1_684' title='bbox 1841 4691 1905 4727; x_wconf 77' lang='lat' dir='ltr'><strong>ex</strong></span> <span class='ocrx_word' id='word_1_685' title='bbox 1950 4675 2321 4744; x_wconf 75' lang='lat' dir='ltr'><strong>&#39;l&#39;opographia</strong></span> 
     </span>
    </p>
   </div>
   <div class='ocr_carea' id='block_1_94' title="bbox 754 4764 2317 4837">
    <p class='ocr_par' dir='ltr' id='par_1_94' title="bbox 754 4764 2317 4837">
     <span class='ocr_line' id='line_1_94' title="bbox 754 4764 2317 4837; baseline -0.001 -16"><span class='ocrx_word' id='word_1_686' title='bbox 754 4766 1039 4835; x_wconf 86' lang='lat' dir='ltr'><strong>Cpolitana</strong></span> <span class='ocrx_word' id='word_1_687' title='bbox 1093 4766 1237 4819; x_wconf 81' lang='lat' dir='ltr'><strong>Petri</strong></span> <span class='ocrx_word' id='word_1_688' title='bbox 1273 4764 1456 4837; x_wconf 88' lang='lat' dir='ltr'><strong>Gyllii,</strong></span> <span class='ocrx_word' id='word_1_689' title='bbox 1488 4770 1627 4836; x_wconf 78' lang='lat' dir='ltr'><strong>apud</strong></span> <span class='ocrx_word' id='word_1_690' title='bbox 1659 4782 1816 4836; x_wconf 81' lang='lat' dir='ltr'><strong>quem</strong></span> <span class='ocrx_word' id='word_1_691' title='bbox 1874 4768 1967 4821; x_wconf 88' lang='lat' dir='ltr'><strong>lib.</strong></span> <span class='ocrx_word' id='word_1_692' title='bbox 2018 4784 2064 4820; x_wconf 66' lang='grc' dir='ltr'>ιι·</span> <span class='ocrx_word' id='word_1_693' title='bbox 2116 4784 2233 4837; x_wconf 86' lang='lat' dir='ltr'><strong>cap.</strong></span> <span class='ocrx_word' id='word_1_694' title='bbox 2268 4784 2317 4819; x_wconf 86' lang='lat' dir='ltr'><strong>vi</strong></span> 
     </span>
    </p>
   </div>
   <div class='ocr_carea' id='block_1_95' title="bbox 762 4857 2316 4928">
    <p class='ocr_par' dir='ltr' id='par_1_95' title="bbox 762 4857 2316 4928">
     <span class='ocr_line' id='line_1_95' title="bbox 762 4857 2316 4928; baseline -0.001 -16"><span class='ocrx_word' id='word_1_695' title='bbox 762 4862 873 4912; x_wconf 68' lang='lat' dir='ltr'><strong>han:</strong></span> <span class='ocrx_word' id='word_1_696' title='bbox 898 4860 1149 4928; x_wconf 87' lang='lat' dir='ltr'><strong>leguntur</strong></span> <span class='ocrx_word' id='word_1_697' title='bbox 1182 4859 1290 4928; x_wconf 76' lang='lat'><strong>(62)</strong></span> <span class='ocrx_word' id='word_1_698' title='bbox 1330 4876 1343 4910; x_wconf 93' lang='lat'>:</span> <span class='ocrx_word' id='word_1_699' title='bbox 1381 4857 1497 4912; x_wconf 80' lang='lat' dir='ltr'><strong>Non</strong></span> <span class='ocrx_word' id='word_1_700' title='bbox 1535 4860 1773 4912; x_wconf 86' lang='lat' dir='ltr'><strong>historici</strong></span> <span class='ocrx_word' id='word_1_701' title='bbox 1828 4859 2006 4921; x_wconf 90' lang='lat' dir='ltr'><strong>tnodo,</strong></span> <span class='ocrx_word' id='word_1_702' title='bbox 2042 4859 2134 4911; x_wconf 85' lang='lat' dir='ltr'><strong>scd</strong></span> <span class='ocrx_word' id='word_1_703' title='bbox 2158 4859 2316 4912; x_wconf 84' lang='lat' dir='ltr'><strong>etiam</strong></span> 
     </span>
    </p>
   </div>
   <div class='ocr_carea' id='block_1_96' title="bbox 827 4994 2321 5066">
    <p class='ocr_par' dir='ltr' id='par_1_96' title="bbox 827 4994 2321 5066">
     <span class='ocr_line' id='line_1_96' title="bbox 827 4994 2321 5066; baseline 0.001 -16"><span class='ocrx_word' id='word_1_704' title='bbox 827 4997 939 5064; x_wconf 82' lang='lat'><strong>(57)</strong></span> <span class='ocrx_word' id='word_1_705' title='bbox 977 4996 1251 5061; x_wconf 84' lang='lat' dir='ltr'><strong>Petavius,</strong></span> <span class='ocrx_word' id='word_1_706' title='bbox 1286 4998 1357 5050; x_wconf 90' lang='lat' dir='ltr'><strong>De</strong></span> <span class='ocrx_word' id='word_1_707' title='bbox 1390 4997 1635 5053; x_wconf 85' lang='lat' dir='ltr'><strong>doctrina</strong></span> <span class='ocrx_word' id='word_1_708' title='bbox 1675 5006 1999 5066; x_wconf 87' lang='lat' dir='ltr'><strong>temporum,</strong></span> <span class='ocrx_word' id='word_1_709' title='bbox 2030 4994 2106 5051; x_wconf 81' lang='lat' dir='ltr'><strong>Ad</strong></span> <span class='ocrx_word' id='word_1_710' title='bbox 2136 5003 2321 5051; x_wconf 89' lang='lat' dir='ltr'><strong>aucta-</strong></span> 
     </span>
    </p>
   </div>
   <div class='ocr_carea' id='block_1_97' title="bbox 754 5066 2322 5137">
    <p class='ocr_par' dir='ltr' id='par_1_97' title="bbox 754 5066 2322 5137">
     <span class='ocr_line' id='line_1_97' title="bbox 754 5066 2322 5137; baseline 0.001 -17"><span class='ocrx_word' id='word_1_711' title='bbox 754 5066 919 5125; x_wconf 84' lang='lat' dir='ltr'><strong>rium.</strong></span> <span class='ocrx_word' id='word_1_712' title='bbox 954 5078 1084 5137; x_wconf 86' lang='lat' dir='ltr'><strong>etc.,</strong></span> <span class='ocrx_word' id='word_1_713' title='bbox 1118 5068 1210 5119; x_wconf 88' lang='lat' dir='ltr'><strong>lib.</strong></span> <span class='ocrx_word' id='word_1_714' title='bbox 1256 5084 1372 5129; x_wconf 86' lang='lat' dir='ltr'><strong>\‘Ill,</strong></span> <span class='ocrx_word' id='word_1_715' title='bbox 1400 5086 1518 5137; x_wconf 87' lang='lat' dir='ltr'><strong>cap.</strong></span> <span class='ocrx_word' id='word_1_716' title='bbox 1556 5087 1567 5122; x_wconf 90' lang='grc' dir='ltr'><strong>ι</strong></span> <span class='ocrx_word' id='word_1_717' title='bbox 1613 5078 1665 5121; x_wconf 88' lang='lat' dir='ltr'><strong>et</strong></span> <span class='ocrx_word' id='word_1_718' title='bbox 1700 5085 1795 5130; x_wconf 86' lang='lat' dir='ltr'><strong>tv,,</strong></span> <span class='ocrx_word' id='word_1_719' title='bbox 1844 5077 1882 5119; x_wconf 86' lang='grc' dir='ltr'>ι.</span> <span class='ocrx_word' id='word_1_720' title='bbox 1929 5068 2010 5130; x_wconf 87' lang='grc' dir='ltr'><strong>ΙΙΙ,</strong></span> <span class='ocrx_word' id='word_1_721' title='bbox 2041 5084 2092 5134; x_wconf 82' lang='grc' dir='ltr'>ρ.</span> <span class='ocrx_word' id='word_1_722' title='bbox 2137 5068 2237 5122; x_wconf 82' lang='grc'><strong>153</strong></span> <span class='ocrx_word' id='word_1_723' title='bbox 2271 5079 2322 5122; x_wconf 89' lang='lat' dir='ltr'><strong>et</strong></span> 
     </span>
    </p>
   </div>
   <div class='ocr_carea' id='block_1_98' title="bbox 759 5136 1832 5205">
    <p class='ocr_par' dir='ltr' id='par_1_98' title="bbox 759 5136 1832 5205">
     <span class='ocr_line' id='line_1_98' title="bbox 759 5136 1832 5205; baseline 0 -15"><span class='ocrx_word' id='word_1_724' title='bbox 759 5137 842 5191; x_wconf 79' lang='grc'>15.</span> <span class='ocrx_word' id='word_1_725' title='bbox 877 5138 1017 5190; x_wconf 82' lang='lat' dir='ltr'><strong>Edit.</strong></span> <span class='ocrx_word' id='word_1_726' title='bbox 1050 5136 1344 5205; x_wconf 87' lang='lat' dir='ltr'><strong>Andwerp.</strong></span> <span class='ocrx_word' id='word_1_727' title='bbox 1375 5136 1832 5205; x_wconf 60' lang='lat' dir='ltr'><strong>(AthSleIodann).</strong></span> 
     </span>
    </p>
   </div>
   <div class='ocr_carea' id='block_1_99' title="bbox 826 5207 1754 5277">
    <p class='ocr_par' dir='ltr' id='par_1_99' title="bbox 826 5207 1754 5277">
     <span class='ocr_line' id='line_1_99' title="bbox 826 5207 1754 5277; baseline 0 -19"><span class='ocrx_word' id='word_1_728' title='bbox 826 5207 938 5277; x_wconf 62' lang='lat'><strong>(58)</strong></span> <span class='ocrx_word' id='word_1_729' title='bbox 971 5207 1246 5275; x_wconf 86' lang='lat' dir='ltr'><strong>Theopb.,</strong></span> <span class='ocrx_word' id='word_1_730' title='bbox 1272 5210 1375 5261; x_wconf 87' lang='lat' dir='ltr'><strong>loc.</strong></span> <span class='ocrx_word' id='word_1_731' title='bbox 1406 5210 1523 5271; x_wconf 88' lang='lat' dir='ltr'><strong>cit.,</strong></span> <span class='ocrx_word' id='word_1_732' title='bbox 1554 5224 1602 5277; x_wconf 92' lang='lat' dir='ltr'><strong>p.</strong></span> <span class='ocrx_word' id='word_1_733' title='bbox 1633 5210 1754 5263; x_wconf 77' lang='lat' dir='ltr'><strong>68L</strong></span> 
     </span>
    </p>
   </div>
   <div class='ocr_carea' id='block_1_100' title="bbox 824 5273 2023 5349">
    <p class='ocr_par' dir='ltr' id='par_1_100' title="bbox 824 5273 2023 5349">
     <span class='ocr_line' id='line_1_100' title="bbox 824 5273 2023 5349; baseline 0.003 -20"><span class='ocrx_word' id='word_1_734' title='bbox 966 5273 1236 5349; x_wconf 55' lang='lat' dir='ltr'><strong>Petavius,</strong></span> <span class='ocrx_word' id='word_1_735' title='bbox 1274 5277 1376 5349; x_wconf 89' lang='lat' dir='ltr'><strong>loc.</strong></span> <span class='ocrx_word' id='word_1_736' title='bbox 1411 5280 1528 5344; x_wconf 87' lang='lat' dir='ltr'><strong>cit.,</strong></span> <span class='ocrx_word' id='word_1_737' title='bbox 1555 5273 1678 5346; x_wconf 74' lang='lat' dir='ltr'><strong>cap.</strong></span> <span class='ocrx_word' id='word_1_738' title='bbox 1717 5297 1763 5339; x_wconf 74' lang='grc' dir='ltr'>ν,</span> <span class='ocrx_word' id='word_1_739' title='bbox 1803 5297 1855 5349; x_wconf 88' lang='lat' dir='ltr'><strong>p.</strong></span> <span class='ocrx_word' id='word_1_740' title='bbox 1902 5280 2023 5334; x_wconf 79' lang='grc'>161.</span> 
     </span>
    </p>
   </div>
   <div class='ocr_carea' id='block_1_101' title="bbox 826 5343 1783 5418">
    <p class='ocr_par' dir='ltr' id='par_1_101' title="bbox 826 5343 1783 5418">
     <span class='ocr_line' id='line_1_101' title="bbox 826 5343 1783 5418; baseline 0.006 -22"><span class='ocrx_word' id='word_1_741' title='bbox 826 5343 938 5418; x_wconf 74' lang='grc'>(60)</span> <span class='ocrx_word' id='word_1_742' title='bbox 971 5346 1248 5418; x_wconf 59' lang='grc' dir='ltr'><strong>ξΠιεοιιΙι..</strong></span> <span class='ocrx_word' id='word_1_743' title='bbox 1282 5348 1384 5402; x_wconf 88' lang='lat' dir='ltr'><strong>Ioc.</strong></span> <span class='ocrx_word' id='word_1_744' title='bbox 1419 5343 1539 5412; x_wconf 87' lang='lat' dir='ltr'><strong>cit.,</strong></span> <span class='ocrx_word' id='word_1_745' title='bbox 1571 5343 1635 5418; x_wconf 59' lang='grc' dir='ltr'><strong>βξ</strong></span> <span class='ocrx_word' id='word_1_746' title='bbox 1661 5348 1783 5402; x_wconf 81' lang='lat'><strong>686.</strong></span> 
     </span>
    </p>
   </div>
   <div class='ocr_carea' id='block_1_102' title="bbox 826 5414 2184 5487">
    <p class='ocr_par' dir='ltr' id='par_1_102' title="bbox 826 5414 2184 5487">
     <span class='ocr_line' id='line_1_102' title="bbox 826 5414 2184 5487; baseline 0.006 -19"><span class='ocrx_word' id='word_1_747' title='bbox 826 5415 938 5487; x_wconf 78' lang='grc'>(61)</span> <span class='ocrx_word' id='word_1_748' title='bbox 968 5414 1233 5469; x_wconf 85' lang='lat' dir='ltr'><strong>Baronius</strong></span> <span class='ocrx_word' id='word_1_749' title='bbox 1253 5430 1305 5471; x_wconf 90' lang='lat' dir='ltr'><strong>et</strong></span> <span class='ocrx_word' id='word_1_750' title='bbox 1336 5418 1549 5486; x_wconf 75' lang='lat' dir='ltr'><strong>Pagius,</strong></span> <span class='ocrx_word' id='word_1_751' title='bbox 1573 5414 1641 5471; x_wconf 73' lang='lat' dir='ltr'><strong>ad</strong></span> <span class='ocrx_word' id='word_1_752' title='bbox 1674 5436 1761 5473; x_wconf 87' lang='lat' dir='ltr'><strong>an.</strong></span> <span class='ocrx_word' id='word_1_753' title='bbox 1790 5422 1915 5487; x_wconf 84' lang='lat'><strong>7.68,</strong></span> <span class='ocrx_word' id='word_1_754' title='bbox 1956 5435 2104 5476; x_wconf 91' lang='lat' dir='ltr'><strong>num.</strong></span> <span class='ocrx_word' id='word_1_755' title='bbox 2140 5425 2184 5476; x_wconf 89' lang='grc' dir='ltr'>Ι.</span> 
     </span>
    </p>
   </div>
   <div class='ocr_carea' id='block_1_103' title="bbox 829 5484 2344 5557">
    <p class='ocr_par' dir='ltr' id='par_1_103' title="bbox 829 5484 2344 5557">
     <span class='ocr_line' id='line_1_103' title="bbox 829 5484 2344 5557; baseline 0.006 -20"><span class='ocrx_word' id='word_1_756' title='bbox 829 5484 944 5553; x_wconf 72' lang='grc'>(62)</span> <span class='ocrx_word' id='word_1_757' title='bbox 974 5487 1210 5541; x_wconf 77' lang='lat' dir='ltr'><strong>Gronovi</strong></span> <span class='ocrx_word' id='word_1_758' title='bbox 1244 5484 1513 5557; x_wconf 85' lang='lat' dir='ltr'><strong>Antiquit.</strong></span> <span class='ocrx_word' id='word_1_759' title='bbox 1540 5488 1735 5552; x_wconf 64' lang='lat' dir='ltr'><strong>Graue,</strong></span> <span class='ocrx_word' id='word_1_760' title='bbox 1779 5504 1817 5546; x_wconf 94' lang='lat' dir='ltr'><strong>t.</strong></span> <span class='ocrx_word' id='word_1_761' title='bbox 1846 5484 1930 5557; x_wconf 76' lang='lat' dir='ltr'><strong>Vl,</strong></span> <span class='ocrx_word' id='word_1_762' title='bbox 1969 5495 2073 5548; x_wconf 90' lang='lat' dir='ltr'><strong>col.</strong></span> <span class='ocrx_word' id='word_1_763' title='bbox 2108 5495 2245 5548; x_wconf 64' lang='lat'><strong>5523</strong></span> <span class='ocrx_word' id='word_1_764' title='bbox 2276 5492 2344 5546; x_wconf 79' lang='lat' dir='ltr'><strong>ct&#39;</strong></span> 
     </span>
    </p>
   </div>
   <div class='ocr_carea' id='block_1_104' title="bbox 754 5555 1785 5699">
    <p class='ocr_par' dir='ltr' id='par_1_104' title="bbox 754 5555 1785 5699">
     <span class='ocr_line' id='line_1_104' title="bbox 754 5555 1785 5699; baseline 0.007 -19"><span class='ocrx_word' id='word_1_765' title='bbox 754 5555 947 5699; x_wconf 58' lang='lat'><strong>“$85)</strong></span> <span class='ocrx_word' id='word_1_766' title='bbox 976 5624 1208 5699; x_wconf 76' lang='lat' dir='ltr'><strong>Theoph</strong></span> <span class='ocrx_word' id='word_1_767' title='bbox 1241 5668 1254 5693; x_wconf 95' lang='lat'><strong>,</strong></span> <span class='ocrx_word' id='word_1_768' title='bbox 1290 5629 1396 5684; x_wconf 90' lang='lat' dir='ltr'><strong>loc.</strong></span> <span class='ocrx_word' id='word_1_769' title='bbox 1427 5631 1545 5696; x_wconf 89' lang='lat' dir='ltr'><strong>cit.,</strong></span> <span class='ocrx_word' id='word_1_770' title='bbox 1570 5647 1625 5699; x_wconf 91' lang='lat' dir='ltr'><strong>p.</strong></span> <span class='ocrx_word' id='word_1_771' title='bbox 1660 5630 1785 5687; x_wconf 86' lang='lat'><strong>667.</strong></span> 
     </span>
    </p>
   </div>
   <div class='ocr_carea' id='block_1_105' title="bbox 827 5697 2255 5776">
    <p class='ocr_par' dir='ltr' id='par_1_105' title="bbox 827 5697 2255 5776">
     <span class='ocr_line' id='line_1_105' title="bbox 827 5697 2255 5776; baseline 0.009 -28"><span class='ocrx_word' id='word_1_772' title='bbox 827 5697 936 5776; x_wconf 56' lang='grc' dir='ltr'>(ῥίς)</span> <span class='ocrx_word' id='word_1_773' title='bbox 971 5697 1082 5776; x_wconf 75' lang='lat' dir='ltr'><strong>(_1lr.</strong></span> <span class='ocrx_word' id='word_1_774' title='bbox 1124 5697 1668 5776; x_wconf 37' lang='lat' dir='ltr'><strong>tantenﬁlossari—um</strong></span> <span class='ocrx_word' id='word_1_775' title='bbox 1696 5703 1937 5759; x_wconf 69' lang='lat' dir='ltr'><strong>Graecum</strong></span> <span class='ocrx_word' id='word_1_776' title='bbox 1966 5706 2027 5761; x_wconf 67' lang='grc' dir='ltr'><strong>γε»</strong></span> <span class='ocrx_word' id='word_1_777' title='bbox 2060 5704 2255 5776; x_wconf 75' lang='grc' dir='ltr'><strong>ῥεῦμα.</strong></span> 
     </span>
    </p>
   </div>
   <div class='ocr_carea' id='block_1_106' title="bbox 830 5768 1707 5841">
    <p class='ocr_par' dir='ltr' id='par_1_106' title="bbox 830 5768 1707 5841">
     <span class='ocr_line' id='line_1_106' title="bbox 830 5768 1707 5841; baseline 0.002 -18"><span class='ocrx_word' id='word_1_778' title='bbox 830 5769 939 5834; x_wconf 73' lang='grc'>(65)</span> <span class='ocrx_word' id='word_1_779' title='bbox 980 5768 1037 5822; x_wconf 88' lang='lat' dir='ltr'><strong>L.</strong></span> <span class='ocrx_word' id='word_1_780' title='bbox 1070 5788 1145 5835; x_wconf 93' lang='lat' dir='ltr'><strong>c.,</strong></span> <span class='ocrx_word' id='word_1_781' title='bbox 1176 5774 1278 5826; x_wconf 86' lang='lat' dir='ltr'><strong>col.</strong></span> <span class='ocrx_word' id='word_1_782' title='bbox 1308 5773 1445 5826; x_wconf 66' lang='lat'><strong>5322</strong></span> <span class='ocrx_word' id='word_1_783' title='bbox 1474 5783 1527 5825; x_wconf 82' lang='lat' dir='ltr'><strong>et</strong></span> <span class='ocrx_word' id='word_1_784' title='bbox 1559 5788 1707 5841; x_wconf 79' lang='lat' dir='ltr'><strong>seqq.</strong></span> 
     </span>
    </p>
   </div>
   <div class='ocr_carea' id='block_1_107' title="bbox 2433 4584 4014 4663">
    <p class='ocr_par' dir='ltr' id='par_1_107' title="bbox 2433 4584 4014 4663">
     <span class='ocr_line' id='line_1_107' title="bbox 2433 4584 4014 4663; baseline 0.004 -23"><span class='ocrx_word' id='word_1_785' title='bbox 2433 4601 2539 4640; x_wconf 92' lang='lat' dir='ltr'><strong>non</strong></span> <span class='ocrx_word' id='word_1_786' title='bbox 2576 4586 2766 4639; x_wconf 85' lang='lat' dir='ltr'><strong>inutile</strong></span> <span class='ocrx_word' id='word_1_787' title='bbox 2810 4585 2979 4638; x_wconf 91' lang='lat' dir='ltr'><strong>visum</strong></span> <span class='ocrx_word' id='word_1_788' title='bbox 3007 4593 3109 4648; x_wconf 83' lang='lat' dir='ltr'><strong>est,</strong></span> <span class='ocrx_word' id='word_1_789' title='bbox 3137 4584 3298 4639; x_wconf 89' lang='lat' dir='ltr'><strong>situm</strong></span> <span class='ocrx_word' id='word_1_790' title='bbox 3330 4585 3569 4654; x_wconf 78' lang='lat' dir='ltr'><strong>Eniporii</strong></span> <span class='ocrx_word' id='word_1_791' title='bbox 3625 4588 3795 4649; x_wconf 87' lang='lat' dir='ltr'><strong>illius.</strong></span> <span class='ocrx_word' id='word_1_792' title='bbox 3856 4595 4014 4663; x_wconf 85' lang='lat' dir='ltr'><strong>cujus</strong></span> 
     </span>
    </p>
   </div>
   <div class='ocr_carea' id='block_1_108' title="bbox 2439 4676 4011 4747">
    <p class='ocr_par' dir='ltr' id='par_1_108' title="bbox 2439 4676 4011 4747">
     <span class='ocr_line' id='line_1_108' title="bbox 2439 4676 4011 4747; baseline 0.004 -15"><span class='ocrx_word' id='word_1_793' title='bbox 2439 4680 2759 4747; x_wconf 76' lang='lat' dir='ltr'><strong>frequenter</strong></span> <span class='ocrx_word' id='word_1_794' title='bbox 2789 4676 3063 4747; x_wconf 80' lang='lat' dir='ltr'><strong>Byzantini</strong></span> <span class='ocrx_word' id='word_1_795' title='bbox 3089 4677 3383 4746; x_wconf 89' lang='lat' dir='ltr'><strong>scriptores</strong></span> <span class='ocrx_word' id='word_1_796' title='bbox 3414 4678 3738 4745; x_wconf 88' lang='lat' dir='ltr'><strong>meminere,</strong></span> <span class='ocrx_word' id='word_1_797' title='bbox 3787 4681 3878 4737; x_wconf 83' lang='lat' dir='ltr'><strong>hic</strong></span> <span class='ocrx_word' id='word_1_798' title='bbox 3914 4700 4011 4738; x_wconf 82' lang='lat' dir='ltr'><strong>ac-</strong></span> 
     </span>
    </p>
   </div>
   <div class='ocr_carea' id='block_1_109' title="bbox 2435 4766 4011 4840">
    <p class='ocr_par' dir='ltr' id='par_1_109' title="bbox 2435 4766 4011 4840">
     <span class='ocr_line' id='line_1_109' title="bbox 2435 4766 4011 4840; baseline 0.004 -19"><span class='ocrx_word' id='word_1_799' title='bbox 2435 4778 2623 4822; x_wconf 86' lang='lat' dir='ltr'><strong>curate</strong></span> <span class='ocrx_word' id='word_1_800' title='bbox 2659 4768 2955 4836; x_wconf 75' lang='lat' dir='ltr'><strong>assignare.</strong></span> <span class='ocrx_word' id='word_1_801' title='bbox 2989 4766 3251 4821; x_wconf 82' lang='lat' dir='ltr'><strong>Addimus</strong></span> <span class='ocrx_word' id='word_1_802' title='bbox 3292 4767 3486 4832; x_wconf 88' lang='lat' dir='ltr'><strong>solum,</strong></span> <span class='ocrx_word' id='word_1_803' title='bbox 3521 4768 3576 4822; x_wconf 90' lang='lat' dir='ltr'><strong>in</strong></span> <span class='ocrx_word' id='word_1_804' title='bbox 3625 4782 3897 4840; x_wconf 88' lang='lat' dir='ltr'><strong>quantum</strong></span> <span class='ocrx_word' id='word_1_805' title='bbox 3946 4791 4011 4827; x_wconf 76' lang='lat' dir='ltr'><strong>ex</strong></span> 
     </span>
    </p>
   </div>
   <div class='ocr_carea' id='block_1_110' title="bbox 2428 4860 4007 4937">
    <p class='ocr_par' dir='ltr' id='par_1_110' title="bbox 2428 4860 4007 4937">
     <span class='ocr_line' id='line_1_110' title="bbox 2428 4860 4007 4937; baseline 0.004 -22"><span class='ocrx_word' id='word_1_806' title='bbox 2428 4860 2625 4932; x_wconf 72' lang='lat' dir='ltr'><strong>Gyllio,</strong></span> <span class='ocrx_word' id='word_1_807' title='bbox 2658 4860 2863 4929; x_wconf 84' lang='lat' dir='ltr'><strong>Cangio</strong></span> <span class='ocrx_word' id='word_1_808' title='bbox 2889 4869 2943 4911; x_wconf 89' lang='lat' dir='ltr'><strong>et</strong></span> <span class='ocrx_word' id='word_1_809' title='bbox 2971 4860 3187 4913; x_wconf 88' lang='lat' dir='ltr'><strong>erudito</strong></span> <span class='ocrx_word' id='word_1_810' title='bbox 3214 4861 3521 4929; x_wconf 74' lang='lat' dir='ltr'><strong>geographo</strong></span> <span class='ocrx_word' id='word_1_811' title='bbox 3554 4861 3848 4919; x_wconf 87' lang='lat' dir='ltr'><strong>Hammers</strong></span> <span class='ocrx_word' id='word_1_812' title='bbox 3872 4868 4007 4937; x_wconf 62' lang='grc'>(73),</span> 
     </span>
    </p>
   </div>
   <div class='ocr_carea' id='block_1_111' title="bbox 2499 4994 3226 5068">
    <p class='ocr_par' dir='ltr' id='par_1_111' title="bbox 2499 4994 3226 5068">
     <span class='ocr_line' id='line_1_111' title="bbox 2499 4994 3226 5068; baseline -0.004 -17"><span class='ocrx_word' id='word_1_813' title='bbox 2499 4998 2608 5068; x_wconf 86' lang='grc'>(66)</span> <span class='ocrx_word' id='word_1_814' title='bbox 2640 4996 2703 5068; x_wconf 67' lang='grc' dir='ltr'><strong>Τ.</strong></span> <span class='ocrx_word' id='word_1_815' title='bbox 2739 4994 2801 5049; x_wconf 89' lang='grc' dir='ltr'><strong>ιιι</strong></span> <span class='ocrx_word' id='word_1_816' title='bbox 2833 4994 2977 5055; x_wconf 84' lang='lat' dir='ltr'><strong>Maii,</strong></span> <span class='ocrx_word' id='word_1_817' title='bbox 3007 5010 3060 5068; x_wconf 54' lang='grc' dir='ltr'>ρ.</span> <span class='ocrx_word' id='word_1_818' title='bbox 3102 4994 3226 5068; x_wconf 72' lang='lat'><strong>69.5.</strong></span> 
     </span>
    </p>
   </div>
   <div class='ocr_carea' id='block_1_112' title="bbox 2496 5065 4011 5139">
    <p class='ocr_par' dir='ltr' id='par_1_112' title="bbox 2496 5065 4011 5139">
     <span class='ocr_line' id='line_1_112' title="bbox 2496 5065 4011 5139; baseline 0.009 -21"><span class='ocrx_word' id='word_1_819' title='bbox 2496 5065 2611 5137; x_wconf 86' lang='grc'>(67)</span> <span class='ocrx_word' id='word_1_820' title='bbox 2646 5066 2877 5139; x_wconf 75' lang='lat' dir='ltr'><strong>Lib._tv,</strong></span> <span class='ocrx_word' id='word_1_821' title='bbox 2913 5081 2965 5134; x_wconf 89' lang='lat' dir='ltr'><strong>p.</strong></span> <span class='ocrx_word' id='word_1_822' title='bbox 2996 5065 3083 5129; x_wconf 80' lang='lat'><strong>8&#39;5,</strong></span> <span class='ocrx_word' id='word_1_823' title='bbox 3122 5082 3178 5119; x_wconf 93' lang='lat' dir='ltr'><strong>n.</strong></span> <span class='ocrx_word' id='word_1_824' title='bbox 3205 5066 3258 5128; x_wconf 87' lang='lat'><strong>6,</strong></span> <span class='ocrx_word' id='word_1_825' title='bbox 3287 5073 3342 5118; x_wconf 86' lang='lat' dir='ltr'><strong>et</strong></span> <span class='ocrx_word' id='word_1_826' title='bbox 3388 5081 3441 5136; x_wconf 92' lang='lat' dir='ltr'><strong>p.</strong></span> <span class='ocrx_word' id='word_1_827' title='bbox 3480 5067 3602 5135; x_wconf 70' lang='grc'>174,</span> <span class='ocrx_word' id='word_1_828' title='bbox 3636 5085 3693 5123; x_wconf 89' lang='lat' dir='ltr'><strong>n.</strong></span> <span class='ocrx_word' id='word_1_829' title='bbox 3732 5071 3805 5138; x_wconf 79' lang='lat'><strong>3;</strong></span> <span class='ocrx_word' id='word_1_830' title='bbox 3834 5072 3929 5129; x_wconf 89' lang='lat' dir='ltr'><strong>lib.</strong></span> <span class='ocrx_word' id='word_1_831' title='bbox 3970 5093 4011 5139; x_wconf 84' lang='grc' dir='ltr'>ι,</span> 
     </span>
    </p>
   </div>
   <div class='ocr_carea' id='block_1_113' title="bbox 2430 5137 4011 5313">
    <p class='ocr_par' dir='ltr' id='par_1_113' title="bbox 2430 5137 4011 5313">
     <span class='ocr_line' id='line_1_113' title="bbox 2430 5137 4011 5313; baseline 0.057 -132"><span class='ocrx_word' id='word_1_832' title='bbox 2892 5201 3153 5271; x_wconf 47' lang='lat' dir='ltr'><strong>Gronov&quot;</strong></span> <span class='ocrx_word' id='word_1_833' title='bbox 3201 5205 3307 5260; x_wconf 92' lang='lat' dir='ltr'><strong>loc.</strong></span> <span class='ocrx_word' id='word_1_834' title='bbox 3356 5207 3477 5272; x_wconf 88' lang='lat' dir='ltr'><strong>cit.,</strong></span> <span class='ocrx_word' id='word_1_835' title='bbox 3524 5207 3630 5262; x_wconf 85' lang='lat' dir='ltr'><strong>col.</strong></span> <span class='ocrx_word' id='word_1_836' title='bbox 3685 5210 3825 5269; x_wconf 64' lang='grc' dir='ltr'><strong>δῖοι</strong></span> <span class='ocrx_word' id='word_1_837' title='bbox 3878 5216 3910 5271; x_wconf 91' lang='lat' dir='ltr'><strong>d</strong></span> <span class='ocrx_word' id='word_1_838' title='bbox 3958 5231 4011 5271; x_wconf 85' lang='lat' dir='ltr'><strong>et</strong></span> 
     </span>
    </p>
   </div>
   <div class='ocr_carea' id='block_1_114' title="bbox 2431 5281 3209 5418">
    <p class='ocr_par' dir='ltr' id='par_1_114' title="bbox 2431 5281 3209 5418">
     <span class='ocr_line' id='line_1_114' title="bbox 2431 5281 2655 5339; baseline -0.031 0"><span class='ocrx_word' id='word_1_839' title='bbox 2431 5281 2568 5339; x_wconf 69' lang='lat'><strong>5203</strong></span> <span class='ocrx_word' id='word_1_840' title='bbox 2600 5282 2655 5333; x_wconf 88' lang='lat' dir='ltr'><strong>d.</strong></span> 
     </span>
     <span class='ocr_line' id='line_1_115' title="bbox 2505 5346 3209 5418; baseline -0.009 -13"><span class='ocrx_word' id='word_1_841' title='bbox 2505 5354 2616 5418; x_wconf 84' lang='lat'><strong>(69)</strong></span> <span class='ocrx_word' id='word_1_842' title='bbox 2648 5348 2750 5404; x_wconf 84' lang='lat' dir='ltr'><strong>Ed.</strong></span> <span class='ocrx_word' id='word_1_843' title='bbox 2782 5348 2981 5411; x_wconf 89' lang='lat' dir='ltr'><strong>Bonn.,</strong></span> <span class='ocrx_word' id='word_1_844' title='bbox 3006 5363 3061 5418; x_wconf 87' lang='lat' dir='ltr'><strong>p.</strong></span> <span class='ocrx_word' id='word_1_845' title='bbox 3086 5346 3209 5400; x_wconf 70' lang='lat'><strong>721.</strong></span> 
     </span>
    </p>
   </div>
   <div class='ocr_carea' id='block_1_115' title="bbox 2502 5418 3209 5489">
    <p class='ocr_par' dir='ltr' id='par_1_115' title="bbox 2502 5418 3209 5489">
     <span class='ocr_line' id='line_1_116' title="bbox 2502 5418 3209 5489; baseline -0.007 -15"><span class='ocrx_word' id='word_1_846' title='bbox 2502 5423 2611 5489; x_wconf 85' lang='grc'>(70)</span> <span class='ocrx_word' id='word_1_847' title='bbox 2648 5419 2745 5473; x_wconf 81' lang='lat' dir='ltr'><strong>Ed.</strong></span> <span class='ocrx_word' id='word_1_848' title='bbox 2770 5421 2961 5482; x_wconf 86' lang='lat' dir='ltr'><strong>Bonn.,</strong></span> <span class='ocrx_word' id='word_1_849' title='bbox 2994 5435 3047 5489; x_wconf 91' lang='lat' dir='ltr'><strong>p.</strong></span> <span class='ocrx_word' id='word_1_850' title='bbox 3086 5418 3209 5489; x_wconf 78' lang='lat'><strong>877.</strong></span> 
     </span>
    </p>
   </div>
   <div class='ocr_carea' id='block_1_116' title="bbox 2500 5488 3225 5561">
    <p class='ocr_par' dir='ltr' id='par_1_116' title="bbox 2500 5488 3225 5561">
     <span class='ocr_line' id='line_1_117' title="bbox 2500 5488 3225 5561; baseline -0.007 -16"><span class='ocrx_word' id='word_1_851' title='bbox 2500 5488 2611 5561; x_wconf 87' lang='grc'>(71)</span> <span class='ocrx_word' id='word_1_852' title='bbox 2781 5488 3062 5558; x_wconf 83' lang='lat' dir='ltr'><strong>Bonn.,p.</strong></span> <span class='ocrx_word' id='word_1_853' title='bbox 3096 5488 3225 5541; x_wconf 70' lang='grc'><strong>584.</strong></span> 
     </span>
    </p>
   </div>
   <div class='ocr_carea' id='block_1_117' title="bbox 2506 5560 4010 5636">
    <p class='ocr_par' dir='ltr' id='par_1_117' title="bbox 2506 5560 4010 5636">
     <span class='ocr_line' id='line_1_118' title="bbox 2506 5560 4010 5636; baseline 0.006 -22"><span class='ocrx_word' id='word_1_854' title='bbox 2506 5560 2616 5636; x_wconf 62' lang='grc'>(72⁷)</span> <span class='ocrx_word' id='word_1_855' title='bbox 2648 5560 2886 5630; x_wconf 77' lang='lat' dir='ltr'><strong>Cangius</strong></span> <span class='ocrx_word' id='word_1_856' title='bbox 2915 5562 2965 5611; x_wconf 92' lang='lat' dir='ltr'><strong>in</strong></span> <span class='ocrx_word' id='word_1_857' title='bbox 3001 5560 3143 5612; x_wconf 90' lang='lat' dir='ltr'><strong>notis</strong></span> <span class='ocrx_word' id='word_1_858' title='bbox 3172 5560 3237 5612; x_wconf 87' lang='lat' dir='ltr'><strong>ad</strong></span> <span class='ocrx_word' id='word_1_859' title='bbox 3272 5560 3469 5620; x_wconf 82' lang='lat' dir='ltr'><strong>Zonar.</strong></span> <span class='ocrx_word' id='word_1_860' title='bbox 3517 5566 3625 5622; x_wconf 88' lang='lat' dir='ltr'><strong>Ed.</strong></span> <span class='ocrx_word' id='word_1_861' title='bbox 3650 5568 3831 5625; x_wconf 79' lang='lat' dir='ltr'><strong>Paris.</strong></span> <span class='ocrx_word' id='word_1_862' title='bbox 3864 5582 3900 5625; x_wconf 89' lang='lat' dir='ltr'><strong>t.</strong></span> <span class='ocrx_word' id='word_1_863' title='bbox 3942 5574 4010 5636; x_wconf 87' lang='lat' dir='ltr'><strong>lt,</strong></span> 
     </span>
    </p>
   </div>
   <div class='ocr_carea' id='block_1_118' title="bbox 2433 5634 3183 5775">
    <p class='ocr_par' dir='ltr' id='par_1_118' title="bbox 2433 5634 3183 5775">
     <span class='ocr_line' id='line_1_119' title="bbox 2433 5634 2603 5708; baseline -0.035 -18"><span class='ocrx_word' id='word_1_864' title='bbox 2433 5654 2485 5708; x_wconf 91' lang='lat' dir='ltr'><strong>p.</strong></span> <span class='ocrx_word' id='word_1_865' title='bbox 2517 5634 2603 5689; x_wconf 78' lang='lat'><strong>98.</strong></span> 
     </span>
     <span class='ocr_line' id='line_1_120' title="bbox 2505 5700 3183 5775; baseline -0.004 -16"><span class='ocrx_word' id='word_1_866' title='bbox 2505 5706 2619 5775; x_wconf 81' lang='grc'>(75)</span> <span class='ocrx_word' id='word_1_867' title='bbox 2640 5702 2703 5775; x_wconf 83' lang='grc' dir='ltr'>Τ.</span> <span class='ocrx_word' id='word_1_868' title='bbox 2740 5702 2779 5757; x_wconf 77' lang='grc' dir='ltr'><strong>ν</strong></span> <span class='ocrx_word' id='word_1_869' title='bbox 2805 5700 2954 5763; x_wconf 83' lang='lat' dir='ltr'><strong>Julii,</strong></span> <span class='ocrx_word' id='word_1_870' title='bbox 2982 5716 3033 5775; x_wconf 64' lang='grc' dir='ltr'>(ι.</span> <span class='ocrx_word' id='word_1_871' title='bbox 3062 5700 3183 5775; x_wconf 70' lang='lat'><strong>486.</strong></span> 
     </span>
    </p>
   </div>
   <div class='ocr_carea' id='block_1_119' title="bbox 2502 5772 3848 5851">
    <p class='ocr_par' dir='ltr' id='par_1_119' title="bbox 2502 5772 3848 5851">
     <span class='ocr_line' id='line_1_121' title="bbox 2502 5772 3848 5851; baseline 0.007 -21"><span class='ocrx_word' id='word_1_872' title='bbox 2502 5772 2613 5845; x_wconf 74' lang='grc'>(71)</span> <span class='ocrx_word' id='word_1_873' title='bbox 2656 5774 2957 5838; x_wconf 83' lang='lat' dir='ltr'><strong>Hammcrs,</strong></span> <span class='ocrx_word' id='word_1_874' title='bbox 2980 5772 3183 5841; x_wconf 71' lang='lat' dir='ltr'><strong>Cpolis.</strong></span> <span class='ocrx_word' id='word_1_875' title='bbox 3215 5774 3395 5831; x_wconf 76' lang='lat' dir='ltr'><strong>Pesth.</strong></span> <span class='ocrx_word' id='word_1_876' title='bbox 3439 5779 3599 5843; x_wconf 74' lang='lat' dir='ltr'><strong>l82&#39;2,</strong></span> <span class='ocrx_word' id='word_1_877' title='bbox 3635 5797 3688 5851; x_wconf 86' lang='lat' dir='ltr'><strong>p.</strong></span> <span class='ocrx_word' id='word_1_878' title='bbox 3721 5786 3848 5845; x_wconf 65' lang='lat'><strong>298.</strong></span> 
     </span>
    </p>
   </div>
   <div class='ocr_carea' id='block_1_120' title="bbox 4130 116 4145 245">
    <p class='ocr_par' dir='ltr' id='par_1_120' title="bbox 4130 116 4145 245">
     <span class='ocr_line' id='line_1_122' title="bbox 4130 116 4145 245; baseline 0 -6"><span class='ocrx_word' id='word_1_879' title='bbox 4130 116 4145 235; x_wconf 76' lang='lat' dir='ltr'><strong>l</strong></span> 
     </span>
    </p>
   </div>
   <div class='ocr_carea' id='block_1_121' title="bbox 4140 270 4145 425">
    <p class='ocr_par' dir='ltr' id='par_1_121' title="bbox 4140 270 4145 425">
     <span class='ocr_line' id='line_1_123' title="bbox 4140 270 4145 425; baseline 0 0"><span class='ocrx_word' id='word_1_880' title='bbox 4140 270 4145 425; x_wconf 77' lang='lat' dir='ltr'><strong>l</strong></span> 
     </span>
    </p>
   </div>
  </div>
