4178 6316
754 319 891 385 1099

2021 310 2300 372 MENSIS
2338 310 2696 370 OCTOBER.

3861 314 3997 381 1100

744 440 892 499 vim,
926 448 1027 501 qua
1062 432 1261 501 sepius
1294 431 1348 485 in
1398 430 1501 485 hoc
1526 430 1929 484 Commentario
1972 428 2079 482 nixi
2108 442 2319 501 sumus,
2350 441 2398 494 Α
2430 424 2677 478 undecim
2708 439 2923 478 carcere
2961 429 3195 496 prxiorii
3250 431 3465 493 mansit,
3500 430 3624 485 inde
3674 430 3999 486 conﬁcimus

747 525 982 581 breviter
1043 522 1307 577 stabilire.
1361 522 1533 576 Natus
1578 532 1664 575 est
1712 520 1769 575 S.
1808 520 2117 593 Stephanus
2165 521 2319 589 Cpoli

754 633 898 674 anno
936 616 1059 678 715,
1092 625 1209 685 post
1240 615 1644 669 ordinationem
1695 613 1751 668 S.
1790 614 2041 669 Germani
2085 616 2316 684 patriar-

748 711 865 766 cha:
914 708 1045 777 (90),
1085 724 1204 777 quae
1263 708 1488 778 conligit
1548 709 1633 762 die
1676 726 1729 762 χι
1794 710 2020 779 Augusti
2076 707 2319 777 ejusdem

751 801 876 854 anni
906 800 1038 869 (91).
1075 799 1347 853 Deductus
1372 807 1452 851 est
1486 814 1514 851 a
1545 799 1880 867 parentibus,
1905 800 2057 853 valde
2081 800 2316 868 juvenis,

751 894 816 948 ad
843 893 1106 945 Joannem
1133 881 1514 944 anachoretam
1548 890 1749 943 montis
1784 888 1839 943 S.
1877 892 2155 953 Auxentii,
2184 907 2213 943 ε
2238 906 2321 943 re-

752 986 909 1053 gione
938 982 1142 1051 Cpolis,
1173 982 1239 1035 ad
1263 983 1439 1035 sinum
1478 981 1806 1036 Nicomediae
1842 982 1949 1041 siti.
1980 984 2031 1035 in
2060 996 2169 1051 quo
2195 998 2316 1035 cum

752 1076 846 1130 diu
881 1074 1123 1137 vixisset,
1154 1086 1299 1125 anno
1326 1071 1583 1125 attatisﬂ
1616 1072 1751 1139 (99.),
1780 1072 1985 1125 Christi
2033 1073 2186 1140 proin
2220 1071 2319 1124 756

746 1177 843 1222 aut
871 1167 995 1230 757,
1026 1166 1283 1235 adipsum
1320 1180 1581 1219 cacumen
1610 1169 1806 1218 montis
1829 1167 1880 1218 in
1912 1166 2317 1235 anguiissimam

745 1259 993 1314 cellulam
1045 1273 1103 1312 se
1167 1258 1419 1311 contulit.
1470 1257 1683 1310 interea
1744 1256 2118 1327 (Inpronytnus
2174 1272 2318 1309 anno

750 1350 853 1405 756
896 1350 1007 1419 (95)
1057 1348 1324 1420 synodum
1367 1348 1804 1402 iconoclasticam
1846 1358 2119 1417 coegerat,
2164 1350 2319 1415 cujus

752 1442 966 1497 decreta
1004 1442 1115 1511 ipse
1140 1442 1397 1508 deinceps
1426 1442 1806 1510 propugnavit,
1832 1455 2101 1508 quamque
2132 1455 2159 1491 a
2178 1438 2319 1493 Con-

751 1534 990 1586 stantino
1056 1532 1592 1601 pseudopatriarcha,
1655 1540 1944 1599 antequam
1989 1547 2111 1585 cum
2158 1530 2317 1585 morti

753 1623 1011 1686 traderet,
1054 1637 1197 1675 anno
1235 1622 1336 1675 768
1384 1621 1580 1673 iterum
1630 1622 1913 1690 approbari
1962 1622 2131 1674 voluit
2183 1621 2313 1689 (94).

749 1712 921 1782 Hujus
955 1711 1301 1765 conciliabuli
1336 1710 1553 1764 decreta
1580 1725 1723 1763 anno
1748 1712 1849 1763 765
1879 1712 1943 1763 ad
1979 1710 2035 1763 S.
2062 1710 2315 1764 Ausentii

754 1812 989 1856 montem
1017 1802 1157 1855 idem
1190 1801 1485 1872 imperator
1514 1803 1675 1871 jussit
1703 1801 1926 1862 deferri,
1954 1813 2005 1855 ut
2042 1819 2067 1853 a
2103 1804 2161 1854 S.
2195 1802 2319 1855 Ste-
2354 1788 2392 1844 Β

747 1894 932 1965 pbano
961 1893 1436 1947 subscriberentur
1464 1893 1601 1963 (95).
1633 1892 1682 1947 ls
1716 1908 1863 1955 vero,
1899 1909 2021 1946 cum
2057 1893 2107 1946 id
2142 1894 2322 1945 facere

749 1993 1039 2051 tenuisset,
1068 1987 1134 2040 ad
1164 1985 1223 2039 S.
1250 1985 1505 2039 Auxentii
1554 1987 1925 2039 ctemeteriunt
1958 1995 2104 2038 arcte
2137 1993 2323 2038 custo-

749 2080 918 2141 ditus,
961 2079 1046 2132 die
1092 2078 1344 2146 septimo,
1398 2077 1525 2131 dum
1580 2076 1827 2147 Bulgaris
1872 2077 2073 2131 bellum
2121 2077 2321 2130 inl'erre

749 2172 1044 2239 imperator
1068 2168 1279 2230 debuit,
1308 2168 1565 2222 liberatus
1597 2177 1681 2221 est
1713 2166 1846 2237 (96).
1886 2166 2051 2218 Porro
2101 2167 2153 2218 in
2194 2165 2316 2219 Bul-

751 2272 906 2326 garos
961 2257 1233 2325 profectus
1265 2266 1348 2309 est
1380 2255 1761 2324 COpronymus
1805 2257 1891 2307 die
1932 2270 2035 2307 xvii
2064 2253 2233 2315 Junii,
2269 2264 2323 2307 et

746 2349 836 2403 die
862 2364 963 2401 xxx
999 2346 1243 2417 ejusdem
1293 2346 1518 2407 mensis,
1546 2344 1678 2401 feria
1711 2362 1761 2410 ν,
1805 2346 2107 2399 indictione
2154 2362 2191 2409 ι,
2227 2359 2322 2399 eos

750 2442 937 2512 pratlio
971 2441 1169 2494 devicit
1206 2439 1345 2509 (97);
1371 2455 1436 2491 ex
1472 2454 1575 2507 qua
1610 2440 1923 2492 indiCtionis
1971 2447 2023 2491 et
2049 2438 2195 2492 feria:
2242 2440 2322 2493 in-

751 2535 1022 2589 dicatione
1052 2533 1416 2585 certissimum
1460 2541 1542 2583 est
1570 2544 1631 2585 ea
1668 2530 1959 2599 contigisse
1980 2546 2319 2601 anno,quem

753 2642 915 2696 supra
943 2624 1210 2688 dicebam,
1241 2622 1364 2676 765.

821 2718 912 2771 25,
972 2716 1101 2769 Dein
1136 2733 1164 2769 a
1206 2716 1379 2768 reditu
1442 2714 1778 2785 imperatoris
1836 2714 2070 2785 Cpolim,
2137 2712 2321 2784 paucis

756 2809 1044 2864 eventibus
1071 2805 1391 2875 interjectis,
1422 2805 1646 2858 incenso
1674 2804 1730 2859 S.
1768 2806 2022 2857 Auxentii
2050 2815 2320 2859 monaste-

756 2899 837 2951 rio
873 2897 982 2966 (98)
1020 2895 1077 2949 S.
1102 2894 1461 2963 Stephanuse
1490 2896 1704 2959 tugurio
1738 2910 1838 2948 suo
1874 2909 2044 2963 usque
2077 2897 2140 2950 ad
2174 2913 2322 2952 mare

753 2998 1059 3059 pertractus
1091 2996 1192 3046 cst.
1229 2984 1410 3055 ibique
1444 2986 1708 3038 naviculas
1738 2985 2024 3054 impositus
2055 2996 2109 3041 et
2152 2987 2322 3059 Chry-

745 3081 979 3145 sopolim
1031 3079 1098 3133 ad
1155 3077 1437 3148 Philippici
1481 3077 1872 3131 monasterium
1934 3078 2144 3132 delatus
2186 3077 2320 3145 (99),

754 3181 1035 3244 postquam
1092 3170 1209 3224 dies
1252 3184 1361 3222 xm
1404 3168 1512 3222 illic
1559 3170 1917 3236 transegerat,
1966 3169 2030 3220 ad
2090 3167 2321 3220 insulam

752 3264 1158 3318 Proconnesum
1184 3262 1237 3313 in
1265 3261 1513 3313 exsilium
1536 3262 1733 3311 missus
1765 3265 1845 3311 est
1875 3259 2323 3329 (lOO).Quoniam

754 3368 886 3411 vero
924 3353 1121 3407 dicitur
1142 3350 1238 3412 ibi,
1265 3348 1420 3403 initio
1443 3362 1590 3416 paene
1611 3350 1785 3403 exsilii
1819 3350 1923 3413 sui,
1948 3366 2089 3405 anno
2115 3353 2180 3405 49
2199 3362 2327 3405 teta~

755 3450 825 3504 tis
855 3445 1235 3503 domunculam
1268 3446 1320 3496 in
1371 3442 1636 3497 columna:
1677 3444 1906 3497 formam
1944 3459 1971 3495 a
2017 3459 2074 3495 se
2113 3454 2326 3495 exstru-

753 3550 916 3600 ctam,
966 3540 1268 3605 ingressum
1304 3548 1424 3586 esse
1452 3535 1632 3602 (101),
1692 3534 1736 3586 si
1766 3534 2175 3587 meminerimus
2202 3549 2324 3586 eum

756 3644 903 3685 anno
929 3628 1030 3683 715
1062 3635 1182 3697 post
1218 3642 1270 3680 χι
1296 3624 1520 3696 Augusti
1564 3640 1682 3679 esse
1728 3636 1938 3690 natum,
1979 3628 2247 3680 constabit
2275 3627 2326 3679 id

756 3722 1017 3776 accidisse
1049 3734 1194 3772 anno
1240 3719 1343 3770 765
1390 3725 1643 3777 exeunte,
1676 3727 1769 3770 aut
1804 3727 2056 3770 currente
2091 3717 2210 3771 76-1.
2250 3717 2325 3771 Ex

757 3813 955 3878 quibus
984 3824 1102 3877 quae
1142 3823 1292 3860 num.
1336 3806 1403 3859 21
1430 3807 1711 3859 attulimus
1745 3807 1810 3860 de
1833 3824 1977 3860 anno
2004 3808 2105 3862 765
2132 3810 2323 3862 iterum

759 3901 1167 3956 conﬁrmantur.
1191 3898 1422 3952 Rursum
1459 3899 1687 3951 traditur
1711 3900 1762 3950 in
1792 3904 1911 3967 ejus
1939 3900 2063 3962 vita,
2086 3903 2328 3953 secundo

761 3992 936 4047 exsilii
999 4004 1163 4049 anno.
1214 3990 1263 4040 id
1321 3997 1404 4039 est
1444 3988 1545 4040 765
1596 3996 1687 4039 aut
1734 3986 1852 4052 766,
1908 4000 2132 4044 matrem
2186 3991 2329 4044 illius

764 4084 961 4137 abiisse
1003 4083 1170 4151 (102),
1205 4078 1436 4149 denique
1478 4080 1749 4135 nonnullis
1807 4080 1965 4135 rebus
2010 4085 2326 4151 interjectis,

762 4175 971 4245 Cpolim
1006 4188 1125 4229 cum
1157 4183 1463 4227 revocatum
1497 4174 1681 4225 fuisse.
1725 4173 1779 4223 lu
1811 4189 1914 4240 qua
1940 4174 2177 4238 civitate,
2210 4177 2326 4228 die-

766 4272 863 4323 bus
888 4268 1088 4339 aliquot
1111 4280 1330 4321 carcerc
1365 4264 1559 4318 Phiala:
1586 4265 1836 4318 detentus
1868 4264 2035 4335 (l03),
2064 4282 2185 4319 cum
2225 4268 2325 4320 im-

761 4371 1065 4429 peratorem
1113 4358 1325 4428 publice
1369 4357 1653 4427 arguisset,
1686 4373 1780 4427 per
1829 4357 2076 4412 undecim
2114 4375 2327 4415 menses

2423 539 2542 576 eum
2576 526 2674 575 sub
2720 522 2882 575 linem
2933 523 3060 575 anni
3111 522 3211 576 766
3241 524 3445 591 Cpolim
3484 536 3765 579 revectum
3809 524 3997 585 fuisse.

2422 618 2479 669 et
2504 625 2907 683 consequenter
2934 626 3044 669 tres
3078 614 3191 668 fere
3223 632 3397 669 annos
3431 618 3630 697 vixisse
3660 617 3911 672 cxsuiern
3946 624 3995 671 in

2423 706 2786 761 Procunneso.
2826 705 3108 770 Quocirca.
3140 708 3227 761 ubi
3268 710 3334 762 ile
3376 708 3535 763 Petro
3567 712 3632 763 de
3682 710 4000 764 Blachernis

2422 795 2635 867 egimus
2662 801 2846 866 (supra
2881 815 3028 851 num.
3067 800 3168 867 15),
3201 801 3290 868 qui
3341 816 3483 853 anno
3527 803 3618 854 761
3665 818 3865 870 passus
3896 814 3996 863 est,

2423 889 2621 943 merito
2651 890 2889 943 diximus
2927 893 3045 959 ejus
3080 896 3395 961 martyrium
3437 892 3493 945 S.
3527 892 3815 961 Stephano
3845 897 4001 946 inno-

2422 990 2626 1034 tescere
2658 981 2897 1048 potuisse
2932 992 2985 1035 et
3016 982 3083 1034 ab
3110 998 3192 1051 eo,
3232 1000 3319 1037 sex
3355 986 3516 1037 annis
3547 984 3772 1051 elapsis,
3804 988 3857 1037 in
3880 1000 4002 1037 car—-

2420 1087 2543 1125 cere
2570 1072 2802 1141 pra'torti
2828 1075 3072 1137 narrari;
3096 1085 3148 1127 at
3180 1090 3283 1127 non
3316 1076 3440 1128 item
3463 1077 3785 1145 martyrium
3811 1075 3870 1128 S.
3898 1080 4001 1127 An-

2420 1164 2560 1216 dreae
2591 1164 2642 1215 in
2681 1163 2842 1228 Crisi,
2882 1165 3025 1233 quod
3056 1181 3122 1218 xx
3158 1166 3405 1219 Octobris
3437 1169 3562 1220 anni
3604 1168 3707 1219 767
3740 1168 4001 1234 contigit:

2422 1264 2532 1309 tum
2557 1256 2711 1313 ,enim
2738 1256 3057 1323 jamdudum
3089 1256 3146 1309 Β.
3182 1256 3494 1326 Stephanus
3525 1263 3574 1310 in
3602 1258 3755 1312 dicto
3781 1273 4003 1311 carcere

2420 1348 2783 1410 detinebatur,
2832 1364 2954 1401 mox
3010 1350 3124 1417 ipse
3169 1351 3232 1403 ad
3283 1351 3528 1403 eamdem
3583 1354 3821 1420 palmam
3865 1352 4003 1403 arri-

2423 1439 2696 1508 piendam,
2744 1441 2868 1493 inde
2917 1442 3179 1493 exiturus.
3236 1440 3490 1501 Rursum,
3541 1457 3605 1493 ex
3636 1442 3832 1494 iisdem
3888 1454 4005 1508 qua

2421 1532 2767 1595 deduximus,
2818 1532 3105 1584 coniicitur
3157 1530 3213 1584 S.
3271 1531 3607 1600 Stephanum
3664 1543 3747 1586 ter
3786 1533 4002 1601 pttbiito

2422 1623 2708 1693 prodiisse,
2756 1630 2809 1675 et
2856 1610 3146 1675 crudeliter
3194 1622 3357 1675 fuisse
3404 1622 3623 1690 ligatum
3677 1637 3738 1674 ac
3790 1632 4002 1689 pertra-

2421 1725 2587 1775 cltnn,
2624 1713 2826 1768 ultimis
2866 1715 3076 1768 scilicet
3122 1716 3400 1768 mensibus
3438 1730 3704 1766 annorum
3736 1715 3868 1773 765,
3904 1714 4007 1766 766

2422 1818 2476 1861 et
2500 1808 2598 1860 767
2631 1808 2802 1874 (107).
2852 1808 3029 1875 Atque
3061 1808 3257 1860 exinde
3287 1807 3486 1859 factum
3526 1818 3629 1869 est,
3658 1820 3716 1860 ut
3752 1817 3870 1858 tum
3917 1806 4006 1859 Ni-

2424 1896 2693 1963 cephorus
2722 1896 2771 1947 in
2804 1893 3080 1947 Breviario
3116 1893 3285 1962 (l08),
3320 1904 3431 1947 tttm
3465 1894 3834 1963 Theophanes
3859 1893 4004 1961 (109)

2424 1986 2717 2055 anticipate
2750 1997 2803 2039 et
2831 1986 3054 2040 confuse
3087 1987 3268 2039 omnia
3321 1989 3696 2053 narraverint,
3725 2001 3830 2040 nec
3868 2000 4008 2056 opus

2424 2087 2508 2132 est
2551 2093 2672 2130 cum
2714 2076 2876 2145 Pagio
2908 2078 3054 2145 (110)
3108 2077 3161 2130 in
3208 2076 3365 2129 aliam
3427 2092 3644 2130 causam
3697 2079 4001 2146 inquirere.

2425 2170 2589 2224 Porro
2618 2171 2730 2223 haec.
2759 2169 3111 2238 Thc0pbanis
3158 2170 3395 2222 narratio
3430 2167 3719 2222 Baronium
3756 2172 4009 2239 aliosque

2425 2259 2715 2326 aliquando
2744 2258 2795 2310 in
2827 2273 3089 2323 errorem,
3115 2261 3182 2313 de
3232 2273 3375 2313 anno
3426 2262 3614 2313 mortis
3648 2259 3706 2315 S.
3739 2259 4008 2330 Stephani

2427 2349 2811 2403 constituendo
2835 2350 3069 2404 induxit.

2486 2462 2573 2516 26.
2608 2461 2757 2517 Nunc
2813 2473 2990 2518 autem
3039 2465 3290 2533 quoniam
3350 2466 3623 2534 inquisitio
3682 2465 3784 2518 ista
3828 2466 3881 2516 in
3924 2465 4007 2516 hi-

2424 2558 2644 2609 storiam
2670 2568 2722 2608 et
2747 2557 3150 2624 chronologiam
3190 2556 3583 2622 persecutionis
3608 2556 4010 2610 iconoclastica

2427 2645 2703 2704 secundae,
2739 2644 2998 2710 prolixior
3033 2642 3173 2694 facta
3192 2652 3292 2702 est,
3329 2656 3490 2709 quam
3518 2642 3567 2694 id
3612 2642 3851 2709 primum
3891 2643 4011 2692 exi-

2426 2734 2802 2796 stimabamus,
2837 2734 2966 2785 utile
3010 2732 3261 2785 duximus
3307 2746 3449 2792 eam.
3481 2734 3627 2801 juxta
3672 2734 3873 2784 seriem
3906 2747 4009 2782 an-

2427 2841 2643 2887 norum,
2672 2826 2757 2880 hic
2804 2825 3125 2894 compendio
3176 2824 3456 2884 exhibere,
3508 2824 3708 2877 additis
3758 2822 4009 2874 nutnetis

2426 2915 2836 2981 COmmcntarii,
2866 2920 2933 2971 ad
2964 2932 3101 2986 quos
3132 2917 3198 2970 de
3230 2915 3459 2985 singulis
3494 2925 3674 2971 aetum
3701 2923 3785 2966 est
3819 2928 3833 2963 :

2496 3032 2653 3082 Anno
2676 3029 2804 3088 761,
2840 3043 2925 3081 xvt
2978 3027 3123 3092 Maii,
3154 3027 3334 3096 passio
3360 3024 3417 3078 S.
3466 3024 3609 3076 Petri
3640 3023 3709 3076 de
3746 3021 4010 3077 Blacher-

2350 3121 2394 3184 C
2427 3121 2533 3174 nis.
2564 3118 2735 3189 Supra
2772 3136 2922 3171 num.
2964 3118 3053 3172 17.

2497 3212 2696 3267 Eodem
2747 3227 2909 3276 anno,
2962 3228 3014 3266 IV
3052 3210 3220 3274 Junii,
3256 3211 3434 3281 passio
3476 3208 3531 3263 S.
3566 3206 3800 3262 Joannis
3831 3206 4010 3277 Regu-

2427 3306 2572 3359 meni
2607 3305 2918 3359 monasterii
2954 3304 3259 3373 Monagriae,
3294 3318 3443 3355 num.
3478 3302 3569 3355 22.

2501 3417 2655 3468 Anno
2693 3415 2793 3467 763
2829 3416 2893 3467 ad
2943 3414 3102 3466 finem
3153 3424 3428 3481 vergente,
3459 3414 3515 3464 S.
3560 3413 3878 3479 Stephanus
3908 3412 4008 3464 Ju—

2429 3506 2549 3559 nior
2599 3520 2662 3557 ex
2714 3504 2980 3569 tuguriolo
3038 3502 3238 3555 montis
3291 3501 3545 3556 Auxentii
3595 3503 3910 3554 abstractus
3960 3512 4009 3553 et

2431 3597 2561 3649 mari
2605 3595 2978 3664 ChrySOpolim
3007 3598 3281 3658 devectus,
3314 3610 3434 3649 mox
3484 3594 3537 3645 in
3595 3591 4007 3647 l’roconnesam

2429 3688 2580 3743 exsul
2615 3688 2869 3750 mittitur,
2905 3703 3055 3741 num.
3092 3686 3160 3741 21
3186 3703 3302 3756 seq.

2496 3782 2652 3836 Anno
2682 3778 2802 3839 766,
2840 3782 2939 3833 sub
2974 3782 3153 3839 linem,
3188 3778 3243 3833 S.
3280 3780 3589 3848 Stephanus
3631 3776 3828 3833 Junior
3861 3777 4009 3847 Cpo-

2430 3875 2521 3927 lim
2557 3874 2746 3935 redux,
2783 3873 2986 3925 carceri
3018 3872 3266 3926 traditur.
3295 3872 3526 3938 primum
3562 3868 3768 3923 Phiala:
3802 3872 4008 3939 aliquot

2430 3965 2568 4027 dies,
2608 3963 2806 4015 deinde
2841 3961 3100 4027 pra-.tovii,
3137 3974 3285 4010 num.
3314 3959 3402 4009 ‘25.

2490 4055 2691 4109 Eodem
2748 4068 2894 4106 anno
2924 4052 3298 4120 Copronytnus
3334 4064 3524 4104 oinnes
3566 4050 3818 4103 subditos
3858 4049 4008 4116 jura-

2432 4159 2672 4203 mcntutn
2708 4156 2960 4216 pt'testarc
2992 4138 3165 4214 jubet,
3200 4160 3256 4197 se
3282 4144 3610 4214 imaginibus
3642 4146 3812 4197 sacris
3846 4156 4010 4197 γεοε-

2434 4240 2695 4293 rationem
2724 4254 2829 4292 non
2865 4239 3226 4300 cxhibituros,
3252 4253 3403 4290 num.
3440 4237 3524 4291 12.

2499 4349 2655 4401 Anno
2678 4347 2780 4399 767
2810 4344 3179 4417 Copronymus
3210 4346 3490 4416 prefectos
3514 4346 3929 4400 crudelissimos
3947 4348 4010 4402 ad

764 4454 1012 4520 praetorio
1056 4452 1427 4504 ineat-teratur
1475 4450 1619 4517 (101)
1662 4460 1717 4502 et
1748 4450 1963 4503 demum
2004 4467 2146 4504 anno
2202 4464 2324 4507 aetn-

2437 4439 2742 4509 provincias
2774 4437 2958 4500 mittit,
2992 4453 3143 4491 num.
3185 4438 3268 4491 12.

765 4545 833 4597 tis
869 4542 954 4604 55,
981 4542 1066 4595 die
1091 4554 1267 4593 sxvut.
1304 4539 1625 4592 Novembris
1654 4539 1823 4605 (105),
1855 4541 1982 4592 anni
2019 4544 2171 4609 proin
2202 4543 2326 4604 767,

767 4637 1003 4707 martyrii
1053 4648 1310 4689 coronam
1363 4633 1571 4701 acizepit
1608 4629 1779 4699 (106).
1829 4633 1961 4685 Cum
2008 4635 2154 4686 enim
2188 4650 2331 4687 anno

767 4729 867 4782 715
896 4728 965 4780 sit
996 4726 1049 4779 in
1080 4726 1253 4779 lucem
1285 4723 1485 4789 editus,
1521 4730 1664 4792 patet
1694 4737 1817 4776 eunt
1850 4722 1993 4778 dicto
2032 4738 2176 4777 anno
2207 4724 2328 4788 767,

770 4835 972 4875 annum
1006 4818 1181 4873 atatis
1232 4818 1300 4869 55
1322 4831 1438 4869 esse
1467 4818 1792 4885 ingressum.
1826 4814 2012 4877 Porro,
2047 4818 2087 4868 si
2118 4833 2328 4875 menses

836 4979 946 5045 (90)
973 4978 1227 5029 Analecta
1263 4989 1451 5045 graca,
1486 4989 1537 5041 ρ.
1575 4975 1677 5026 405
1708 4986 1761 5027 et
1795 4973 1912 5027 101.

835 5050 947 5117 (91)
980 5050 1171 5114 Ρςιειιιδ
1194 5048 1261 5117 ad
1292 5064 1383 5097 an.
1424 5046 1544 5117 714.
1579 5060 1633 5097 n.
1659 5045 1777 5117 2‘et
1810 5048 1871 5099 ad
1901 5062 1989 5099 an.
2034 5047 2151 5099 766.
2195 5063 2246 5100 n.
2274 5054 2325 5105 ‘2,

767 5112 859 5174 0ῐὲ
893 5112 1151 5170 Analecta
1178 5114 1296 5176 GL,
1328 5131 1379 5182 ι».
1420 5116 1523 5168 405
1552 5126 1607 5168 ci.
1645 5112 1769 5166 406.

838 5187 950 5257 (92)
984 5187 1245 5241 Analecta
1278 5185 1396 5247 ὕπ’..
1439 5202 1488 5251 p.
1528 5186 1633 5239 ωδ
1666 5198 1717 5257 et
1740 5198 1865 5257 seq.

838 5254 949 5327 (95)
973 5257 1217 5324 'l'he0ph.
1247 5256 1348 5308 loc.
1373 5259 1487 5318 cit,
1516 5272 1562 5323 p.
1592 5256 1928 5319 659.1’agtus
1955 5254 2019 5306 ad
2052 5268 2172 5306 ann.
2207 5256 2326 5316 754,

768 5347 820 5384 n.
856 5330 944 5383 10.

840 5400 949 5469 (94)
975 5397 1319 5469 Theophan,
1353 5414 1406 5463 p.
1447 5396 1568 5469 685.

839 5466 950 5533 1⁷95⁷)
984 5466 1239 5521 Analecta
1260 5467 1379 5527 Gn,
1408 5485 1458 5537 p.
1491 5466 1588 5521 457
1624 5476 1677 5521 cl
1710 5466 1831 5520 477.

839 5540 950 5606 (915)
978 5537 1131 5599 lbid.,
1170 5556 1225 5605 p.
1260 5539 1382 5591 M50.

842 5612 953 5678 (97)
986 5608 1231 5675 'l'ltCOph.
1266 5608 1367 5678 loc.
1402 5613 1517 5673 cil.,
1555 5626 1605 5677 (ι.
1647 5608 1749 5660 607
1781 5617 1833 5658 et
1868 5623 1979 5670 Seq.

843 5676 951 5748 (98)
982 5678 1240 5749 Analecta
1272 5676 1386 5749 ρι’..
1419 5697 1470 5749 ιι,
1503 5684 1625 5733 4‘15,

842 5749 953 5819 (υυ)
981 5747 1133 5810 una,
1171 5764 1222 5816 μ.
1258 5747 1380 5802 476.

2498 4554 2697 4608 Eodem
2723 4568 2883 4617 anno,
2916 4567 3025 4605 xvtt
3058 4547 3236 4603 Martii
3267 4545 3449 4615 passio
3489 4542 3548 4599 S.
3587 4543 3740 4598 Pauli
3765 4547 4007 4597 monachi

2439 4648 2491 4700 in
2511 4645 2809 4709 Creta,sub
2833 4643 3164 4710 Theophane
3192 4639 3488 4706 Lardotyro
3519 4637 3718 4693 insula:
3748 4638 4007 4707 praiccm

2437 4751 2584 4787 num.
2624 4734 2703 4785 l2.

2507 4826 2701 4881 Eodem
2756 4838 2920 4888 anno,
2987 4838 3073 4875 κη
3134 4821 3353 4890 Aprilis,
3407 4817 3690 4875 invaditur
3746 4832 4005 4875 montism-

2510 4978 2652 5044 (100)
2686 4976 2843 5042 lbid.,
2877 4997 2929 5047 μ.
2970 4978 3093 5030 483.

2508 5051 2652 5115 (tot)
2686 5049 2846 5111 lbid.,
2883 5065 2935 5116 ρ.
2975 5050 3098 5100 tas.

2508 5122 2654 5185 ([02)
2688 5115 2844 5179 Jbtti.,
2968 5118 3092 5171 495.

2508 5191 2651 5257 (105)
2682 5190 2840 5251 lbid.,
2867 5205 2919 5256 p.
2956 5188 3077 5242 495.

2513 5260 2657 5327 (101)
2693 5259 2846 5320 lbid.,
2883 5274 2935 5328 p.
2973 5259 3073 5311 199
3104 5259 3316 5317 81505.

2509 5328 2845 5398 (105)11)1ε1.,
2880 5346 2931 5395 (ι.
2965 5329 3086 5381 521.

2505 5402 2649 5463 11017)
2675 5399 2764 5450 Cir
2792 5398 2983 5467 Pagius
3008 5401 3071 5452 ad
3100 5416 3187 5453 an.
3224 5398 3345 5460 766,
3378 5414 3432 5452 n.
3460 5406 3519 5461 2,

2511 5468 2659 5538 (107)
2692 5471 2949 5539 [malet-ta
2986 5468 3102 5534 (ita,
3138 5488 3186 5539 p.
3225 5470 3349 5533 475,
3375 5472 3482 5528 499
3516 5487 3571 5528 et
3609 5476 3743 5533 5l8.

2507 5534 2653 5609 (106)
2687 5534 2829 5593 Edit.
2863 5540 3055 5597 Botin..
3092 5534 3150 5609 p:
3186 5545 3271 5594 8|.

2505 5608 2797 5675 (109)1.υ(·.
2832 5619 2947 5668 (’ti.,
2979 5608 3160 5663 67⁸1111
3192 5614 3313 5669 1186.

2510 5683 2657 5748 (HO)
2695 5679 2883 5748 Pagius
2910 5686 3084 5734 πάδη.
3126 5682 3245 5744 765,
3282 5700 3431 5742 num.
3477 5690 3523 5743 1.
