4178 6316
770 381 912 448 1103

2057 364 2333 427 MENSIS
2363 361 2725 422 OCTOBER.

3910 346 4029 410 ΗΜ

786 514 946 553 meon
1000 496 1307 570 stylitarum
1363 493 1759 562 antesignanus
1818 488 2012 542 colitur
2070 484 2239 555 (19.1),
2310 489 2361 535 et
2391 501 2433 549 Α
2465 480 2622 533 situm
2654 478 2840 543 fuisse,
2873 486 3083 544 constat
3121 491 3187 530 ex
3217 474 3385 546 Gyllio
3409 484 3464 529 et
3491 470 3700 542 Cangio
3733 482 3877 537 quos
3893 482 3948 519 n.
3974 467 4029 522 20

783 591 904 645 aliis
934 590 1067 645 locis
1096 587 1365 658 plurimis.
1397 585 1481 639 Cl.
1511 584 1567 638 Β.
1612 582 1772 645 Hase,
1804 582 1884 635 vir
1919 578 2116 633 Graecae
2164 574 2344 629 erudi-

772 683 941 739 tionis
966 681 1232 742 maximm,
1256 679 1309 732 in
1332 680 1476 733 notis
1498 679 1562 731 ad
1595 675 1833 730 Leonem
1859 669 2149 724 Diaconum
2172 668 2343 736 (1-29.),

772 777 1032 830 observat
1071 773 1284 843 stylitas
1310 784 1482 838 usque
1521 768 1586 822 ad
1624 765 1874 819 saeculum
1917 779 1988 817 xu
2026 764 2077 815 in
2128 761 2349 815 Oriente

774 866 1120 937 perdurasse,
1158 860 1568 930 Papehrochius
1645 870 1774 909 vero
1828 853 2192 922 deprehendit
2257 866 2352 904 eo.

775 958 1019 1012 rumdem
1082 956 1392 1008 institutum
1453 951 1593 1019 apud
1644 949 1929 1003 Ruthenos
1985 945 2221 1015 viguisse
2286 941 2352 994 ad

777 1065 872 1104 sua
909 1062 1079 1116 usque
1107 1056 1350 1114 tempora
1382 1042 1557 1114 (l25).

848 1139 939 1193 29.
996 1138 1184 1197 Porro,
1232 1137 1276 1189 si
1357 1134 1641 1202 styliticam
1714 1131 1875 1182 vitam
1948 1127 2004 1180 S.
2084 1126 2355 1181 Andream

778 1232 1084 1301 amplexum
1111 1243 1232 1282 esse
1264 1227 1444 1280 minus
1478 1224 1703 1279 evidens
1751 1232 1854 1287 est,
1902 1232 2048 1276 certe
2079 1235 2203 1274 eum
2239 1234 2353 1272 mo-

780 1324 1013 1377 nachum
1047 1320 1126 1373 vel
1169 1319 1562 1378 ,anachoretam
1619 1316 1805 1375 fuisse,
1852 1330 2015 1368 nemo
2061 1310 2355 1365 dubitabit.

780 1411 1071 1466 Perinultis
1110 1406 1163 1462 id
1207 1405 1536 1460 testimoniis
1560 1404 1862 1463 adstruere.
1918 1402 2096 1465 facile,
2146 1402 2238 1454 sed
2271 1416 2360 1453 su-

783 1516 1175 1575 pervacaneum
1221 1499 1395 1554 foret:
1423 1513 1524 1552 nec
1569 1497 1717 1551 aliud
1764 1497 1852 1549 hic
1884 1495 2163 1549 all‘erimus
2199 1508 2358 1563 quam

782 1610 1044 1651 canonem
1076 1593 1184 1662 jam
1232 1591 1531 1652 laudatum,
1578 1598 1706 1642 ante
1745 1588 1980 1641 medium
2015 1586 2275 1640 saeculum
2310 1601 2360 1638 ix

782 1705 812 1742 a
868 1686 927 1741 S.
977 1685 1215 1754 .losepho
1254 1682 1619 1751 conscriptum
1659 1680 1829 1748 (12i).
1882 1678 1954 1732 lbi
2023 1678 2207 1748 igitur,
2263 1678 2365 1728 ode

783 1780 978 1851 prima,
1001 1777 1236 1845 tropario
1269 1774 1446 1838 tertio,
1511 1772 1769 1824 Sanctum
1801 1789 1826 1821 a
1852 1771 2134 1838 iuventute
2150 1776 2363 1835 captum

2447 574 2793 633 adduximus.
2827 582 2881 625 et
2913 586 3038 625 cum
3075 571 3283 638 (lpolim
3317 585 3382 622 ex
3423 578 3579 636 portu
3615 561 4032 619 advenientibus

2449 667 2585 721 ultra
2610 666 2795 719 urbem
2827 673 2993 725 esset,
3022 663 3143 717 ideo
3174 664 3227 717 in
3256 662 3402 716 Actis
3430 659 3706 728 prioribus
3741 656 3794 708 in
3820 668 4033 724 synan-

2452 762 2535 813 rio
2569 756 2980 817 Mcdiolauensi,
3026 758 3166 824 quod
3210 755 3236 826 ᾗ
3270 772 3282 807 ι
3314 769 3575 808 exeusum
3609 761 3719 810 est,
3755 762 3813 802 et
3848 750 3899 799 in
3929 746 4034 798 Sir-

2457 850 2750 902 inondiano
2774 863 2901 911 ms.,
2929 848 3187 915 palatium
3215 848 3322 901 divi
3351 845 3635 899 Mamaatis
3663 843 3848 909 πέραν
3883 840 4034 893 situm

2454 938 2752 996 dicitur.‘id
2777 948 2879 997 est.
2902 937 3039 989 ultra
3075 938 3280 989 urbem.
3312 936 3451 988 Idem
3486 936 3749 1003 palatium
3785 929 4034 998 Symeoni

2456 1029 2832 1097 Metaphrastte
2859 1030 2946 1096 qui
2970 1026 3116 1095 Cpoli
3143 1027 3394 1095 degebat,
3414 1030 3464 1078 in
3496 1027 3644 1077 Actis
3679 1037 3837 1074 num.
3860 1020 3912 1073 6.
3940 1034 4035 1071 non

2456 1125 2619 1183 ultra,
2654 1123 2744 1175 sed
2774 1130 2899 1173 ante
2944 1121 3132 1173 urbem
3188 1119 3417 1181 dicitur;
3455 1120 3677 1169 demum
3719 1113 3958 1180 Cangius
3992 1112 4035 1161 in

2457 1214 2731 1266 Chronico
2768 1210 2964 1263 l’ascali
2995 1210 3145 1285 (ιῖθ)
3176 1211 3345 1275 πέραν
3367 1208 3522 1260 vertit
3549 1223 3563 1259 :
3601 1219 3791 1257 versus
3826 1203 4037 1261 fretum,

2459 1306 2723 1374 siquidem
2754 1304 2896 1356 aedes
2922 1304 2979 1355 S.
3012 1302 3301 1355 Mamantis
3325 1302 3389 1355 de
3418 1316 3526 1368 quo
3562 1300 3663 1352 hoc
3690 1299 3815 1349 loco
3845 1308 4038 1353 sermo.

2463 1400 2601 1453 freto
2630 1396 2857 1466 Syczno
2889 1411 2982 1448 seu
3017 1394 3276 1448 Ceratino
3306 1398 3546 1461 proxima
3584 1401 3723 1444 erat.

2534 1488 2621 1544 51.
2679 1489 2735 1543 S.
2769 1489 3032 1550 Andreas,
3062 1502 3183 1539 cum
3215 1484 3555 1551 Cepronymo
3582 1483 3827 1538 furorem
3890 1490 4038 1530 suum

2466 1577 2518 1631 in
2589 1575 2851 1646 imagines
2932 1586 3113 1627 sacras
3189 1586 3484 1637 earumque
3549 1571 3793 1620 cultores
3854 1581 4044 1630 expro-

2465 1669 2694 1731 brasset,
2736 1666 2879 1719 varia
2928 1677 3243 1734 perpessus,
3278 1672 3333 1714 ut
3371 1664 3423 1714 in
3469 1660 3619 1713 Actis
3674 1657 3936 1717 refertur,
3962 1656 4047 1707 de.

2471 1775 2614 1811 mum
2652 1760 2705 1811 in
2731 1771 2937 1811 arctum
2976 1756 3290 1823 foedumque
3325 1766 3599 1807 carcerem
3632 1751 3920 1818 conjectus
3950 1757 4045 1800 est.

784 1870 1059 1924 desiderio
1090 1867 1315 1931 Christi,
1349 1863 1596 1917 laetanter
1634 1876 1850 1916 erucem
1886 1860 2078 1928 suique
2128 1859 2364 1928 abnegao
2398 1835 2438 1889 Β
2470 1853 2624 1903 Hunc
2679 1864 2785 1902 non
2843 1857 3047 1900 temere
3104 1860 3376 1899 carcerem
3428 1839 3629 1895 Phiala:
3693 1856 3792 1894 seu
3867 1838 4049 1891 Fontis

786 1962 989 2016 tionem
1015 1958 1321 2027 amplexum
1354 1968 1473 2010 esse
1506 1954 1636 2007 dicit
1666 1970 1679 2019 ;
1711 1954 1810 2006 ode
1834 1968 1959 2007 vero
1986 1966 2149 2014 nona,
2181 1961 2361 2018 tropa-

788 2056 869 2109 rio
892 2053 1155 2113 secundo,
1192 2064 1313 2103 cum
1342 2048 1756 2103 monachorum.
1793 2047 1875 2099 vel
1914 2047 2364 2098 anachoretarum

779 2147 957 2200 decus
981 2142 1216 2212 appellat
1245 2158 1255 2192 :
1280 2136 1642 2202 Μονςιξὸντων
1674 2136 2127 2206 ἐγκαλλώπισμα.
2153 2135 2208 2188 ln
2232 2150 2370 2205 quo-

788 2237 912 2289 dam
938 2231 1237 2301 Mcnologio
1272 2229 1489 2284 Moscho
1518 2244 1642 2291 ms.,
1674 2229 1785 2291 cui,
1818 2230 1894 2281 uti
1932 2237 1986 2283 et
2017 2228 2212 2280 tabulis
2240 2226 2374 2294 ligu-

794 2327 926 2379 ratis
962 2324 1030 2379 de
1073 2323 1269 2390 quibus
1295 2335 1445 2372 num.
1481 2318 1536 2381 '2,
1592 2318 1758 2371 fidere
1794 2332 2008 2387 semper
2038 2334 2143 2370 non
2182 2332 2371 2386 possu-

794 2431 936 2479 mus,
972 2422 1317 2482 nuncupatur
1349 2410 1404 2463 S.
1442 2410 1689 2463 Andreas
1712 2405 2101 2476 Hieromartyr,
2133 2405 2275 2475 quod
2306 2406 2373 2459 de

793 2507 1123 2576 martyribus
1160 2502 1487 2573 presbyteris
1520 2501 1693 2553 solum
1722 2498 1848 2563 dici,
1880 2500 1932 2551 in
1965 2506 2243 2567 comperto
2267 2504 2371 2560 est;

803 2611 989 2650 verum
1023 2595 1077 2647 in
1109 2593 1363 2647 omnibus
1407 2589 1527 2643 aliis
1576 2599 1633 2642 tit
1669 2589 2056 2658 Hosmmnrtyr.
2087 2588 2138 2641 id
2178 2595 2284 2648 est,
2319 2595 2378 2639 ut

796 2686 1095 2739 monachus
1132 2696 1182 2736 et
1208 2692 1428 2751 martyr,
1468 2680 1787 2749 proponitur
1822 2678 1993 2747 (1‘25).
2019 2678 2071 2729 In
2104 2675 2376 2730 Sirmondi

798 2775 1147 2847 Synaxarista
1192 2786 1317 2833 ms.,
1374 2783 1535 2837 quem
1593 2765 1815 2819 Parisiis
1862 2768 2177 2818 decessores
2207 2764 2376 2817 nostri

798 2869 927 2923 olim
972 2873 1325 2933 acceperunt,
1352 2863 1549 2914 dicitur
1587 2862 1639 2937 in
1687 2856 1846 2909 Creta
1890 2857 1987 2926 τὴν
2021 2859 2231 2926 μῦνήρη
2268 2855 2380 2922 βίον

807 2957 1233 3028 μετεσχόμενος,
1267 2968 1330 3005 ex
1355 2952 1551 3019 quibus
1585 2949 1813 3016 aliisque
1846 2949 2114 3000 similibus
2147 2946 2381 3016 appella-

802 3049 1062 3110 tiOnibus,
1097 3042 1153 3097 S.
1195 3044 1437 3097 Andreas
1473 3039 1655 3110 potius
1704 3044 2051 3091 anachoreta
2079 3041 2157 3091 vel
2194 3038 2383 3092 solita-

803 3141 937 3195 rius.
964 3153 1121 3206 quam
1157 3138 1455 3186 monachus
1494 3146 1588 3183 seu
1636 3130 1907 3183 CLBnOblta
1945 3128 2112 3181 fuisse
2149 3127 2379 3179 videtur.

803 3226 1123 3299 Huiusmodi
1174 3233 1352 3278 autem
1395 3223 1753 3275 anaclioretas
1797 3233 1903 3271 non
1936 3221 2096 3269 rudes
2132 3218 2379 3269 homines

803 3320 989 3381 fuisse,
1022 3318 1115 3371 sed
1152 3315 1471 3384 plerumque
1508 3309 1810 3385 doctrinam
1840 3323 2049 3360 sacram
2085 3307 2215 3360 satis
2241 3309 2378 3361 bene

804 3416 1047 3472 edoctus,
1092 3423 1158 3461 ex
1220 3404 1366 3458 Actis
1418 3401 1477 3456 S.
1533 3401 1795 3471 Stephani
1837 3399 2097 3467 Junioris,
2147 3386 2378 3469 aliisque

807 3500 1175 3560 monumentis
1203 3498 1358 3552 facile
1385 3507 1570 3566 posset
1595 3494 1795 3547 evinci.

879 3600 968 3653 50.
1000 3598 1116 3651 iam
1163 3592 1473 3648 accedimus
1520 3590 1585 3643 ad
1640 3605 1700 3642 ea
1735 3604 1852 3657 qua
1886 3586 1941 3642 S.
1966 3588 2209 3644 Andreas
2230 3587 2383 3659 Cpoli

808 3691 993 3763 gessit.
1025 3690 1160 3739 Acta
1206 3685 1408 3752 priora,
1463 3696 1617 3735 num.
1655 3680 1708 3742 6,
1745 3686 1869 3732 dum
1920 3683 2039 3749 ejus
2089 3682 2378 3734 adventum

810 3784 963 3855 Cpoli
999 3787 1273 3843 enarrant,
1316 3790 1438 3829 eum
1478 3774 1665 3828 dicunt
1701 3774 1891 3843 Hylam
1945 3774 2239 3844 appulisse,
2272 3788 2381 3826 non

813 3874 1149 3945 Byzantium,
1175 3878 1270 3922 aut
1311 3861 1518 3935 Cpolitn
1552 3884 1564 3918 :
1602 3865 1714 3935 Τὴν
1752 3865 1929 3927 Dii-{1v
1973 3866 2384 3931 κατελάμϐανε.

815 3967 1022 4020 Nomen
1054 3962 1193 4016 istud
1229 3972 1329 4012 nec
1363 3958 1505 4009 inter
1529 3954 1676 4007 urbis
1711 3965 1919 4023 portus,
1948 3955 2001 4006 in
2027 3955 2211 4023 Cangii
2235 3954 2388 4023 Cpoli

814 4056 1123 4111 Christiana
1152 4048 1472 4120 reperimus,
1501 4058 1603 4099 nec
1642 4043 1709 4097 ab
1742 4044 1848 4097 ullo
1879 4044 2219 4112 scriptorede
2236 4043 2388 4113 Cpoli

818 4147 1025 4202 dictum
1073 4144 1240 4198 fuisse
1293 4139 1546 4193 vidimus.
1579 4133 1788 4206 Gyllius
1836 4138 2021 4189 scribit
2055 4137 2120 4189 de
2156 4134 2390 4205 Barbysa

820 4241 981 4297 ‘luvio
1031 4250 1197 4307 prope
1241 4228 1448 4303 Cpolim
1481 4228 1647 4300 (126),
1679 4226 1915 4281 Ortelius
1949 4227 2095 4295 (127)
2134 4228 2200 4282 de
2244 4225 2389 4291 Bisa,

826 4336 1004 4402 Bizya,
1048 4328 1176 4381 Dim
1210 4325 1455 4379 Thracia:
1497 4333 1552 4374 et
1583 4317 1785 4374 Mmsia!
1815 4317 2061 4379 urbibus,
2101 4319 2193 4371 sed
2220 4319 2284 4372 de
2314 4318 2397 4373 his

822 4427 1075 4484 omnibus
1106 4424 1191 4475 hic
1222 4420 1303 4489 agi
1331 4433 1437 4471 non
1476 4422 1675 4484 potest.
1711 4410 1788 4465 Ex
1823 4412 1909 4464 his
1930 4420 2109 4464 autem
2134 4410 2247 4481 jam
2269 4424 2397 4480 pro-

2469 1942 2635 1995 fuisse
2677 1939 2901 2001 dixeris,
2942 1939 3102 2005 cujus
3161 1936 3415 2003 frequens
3468 1933 3671 1985 mentio
3727 1933 3780 1982 in
3822 1930 3971 1982 Actis
3996 1927 4047 1980 S.

2471 2034 2752 2103 Stephani,
2777 2047 3046 2101 quemque
3076 2046 3141 2083 ex
3178 2030 3372 2082 iisdem
3398 2044 3502 2079 non
3539 2026 3729 2093 prociil
3758 2027 3829 2076 ab
3860 2025 4050 2091 Hippo-

2470 2128 2703 2188 dromio,
2739 2124 3144 2195 martyriorum,
3177 2123 3227 2173 in
3256 2120 3357 2174 hac
3387 2118 3795 2187 persecutione.
3832 2120 4049 2165 ordina-

2472 2222 2553 2273 rio
2594 2220 2826 2279 theatro,
2861 2225 3048 2269 situm.
3081 2229 3145 2265 ac
3173 2212 3327 2265 valde
3377 2211 3625 2264 tetricum
3680 2207 3855 2281 fuisse
3891 2219 4051 2273 appa-

2475 2322 2556 2365 ret
2594 2309 2765 2377 (150).
2807 2304 3200 2374 Metaphrastes
3240 2302 3327 2355 hic
3381 2302 3620 2353 insinuat
3670 2300 3728 2351 S.
3786 2299 4054 2350 Andream

2474 2402 2654 2472 plures
2688 2400 2805 2453 dies
2833 2400 2885 2450 in
2919 2409 3137 2449 carcere
3168 2391 3493 2461 transegisse
3518 2400 3571 2442 et
3594 2392 3779 2442 socios
3817 2388 4060 2453 captivos

2474 2494 2864 2553 confirmasse;
2902 2488 2987 2541 cui
3016 2488 3149 2539 Acta
3172 2486 3350 2553 priora
3374 2482 3754 2536 contradicere
3785 2479 4061 2537 \identur,

2476 2595 2530 2640 ct
2558 2584 2845 2638 manifeste
2880 2578 3207 2634 contradicit
3241 2578 3581 2644 synaxarium
3629 2587 3696 2623 ex
3734 2572 3801 2622 iis
3853 2575 4065 2621 contra.

2478 2687 2646 2737 ctum,
2678 2686 2729 2729 et
2778 2688 2930 2726 num.
2962 2670 2996 2722 5
3031 2670 3317 2722 recitatum
3348 2682 3360 2727 ς
3396 2679 3521 2716 nam
3573 2663 3646 2715 ibi
3682 2673 3909 2728 postera
3965 2660 4062 2729 jam

2479 2769 2590 2828 die,
2627 2780 2810 2820 coram
2865 2763 3211 2831 Copronytno
3264 2758 3461 2810 iterum
3518 2770 3847 2823 apparuisse
3880 2754 4063 2805 fertur.

2481 2858 2622 2929 quod
2656 2858 2780 2910 item
2815 2853 3174 2925 synaxaristes
3204 2849 3527 2903 Nemeorum
3554 2846 3778 2902 asserit,
3826 2843 3881 2894 in
3919 2845 4065 2895 caete-

2482 2953 2556 3004 ris
2595 2946 2851 3002 omnibus
2905 2943 3039 3013 ipsis
3086 2940 3465 3006 Metaphrastae
3504 2936 3689 2987 verbis
3744 2934 3985 2985 loeutus.
4020 2932 4065 2982 ln

2486 3039 2676 3095 iisdem
2712 3036 2928 3090 Menaeis
2963 3032 3202 3087 excusis.
3231 3032 3295 3082 ad
3330 3044 3494 3081 xxviii
3531 3027 3873 3078 Novembris
3911 3024 4065 3089 tlBl),

2490 3133 2579 3185 ubi
2606 3131 2672 3184 de
2707 3129 2763 3181 S.
2796 3126 3073 3193 Stephano
3092 3121 3293 3174 dicitur
3313 3134 3436 3172 eum
3480 3120 3529 3169 in
3570 3131 3801 3170 carcere
3841 3116 4066 3182 pratori

2486 3223 2651 3277 fuisse
2668 3220 2968 3277 detentum,
2991 3214 3209 3268 additur
3231 3226 3354 3266 eum
3378 3210 3447 3263 ibi
3475 3208 3698 3261 Petrum
3727 3218 3782 3259 et
3805 3208 4068 3259 Andream

2489 3315 2781 3384 repetisse,
2816 3324 3002 3363 verum
3058 3307 3185 3359 illud
3230 3306 3510 3358 evidenter
3555 3316 3859 3354 erroneum
3897 3311 3997 3362 est,
4025 3309 4071 3352 et

2490 3422 2551 3462 ex
2588 3406 2726 3459 male
2755 3401 3029 3455 intellecto
3060 3395 3364 3464 Menelogio
3391 3388 3667 3445 Basiliano
3704 3391 3987 3458 profluxit.
4020 3388 4069 3439 ln

2493 3498 2655 3566 hujus
2682 3492 2984 3564 synaxario,
3016 3491 3081 3542 ad
3131 3489 3381 3541 eumdem
3429 3484 3592 3546 diem,
3640 3483 3842 3535 titulus
3874 3485 4025 3534 habet
4057 3496 4069 3532 :

2492 3586 2779 3648 Certamen
2821 3582 2877 3638 S.
2912 3578 3173 3650 Stephani
3212 3574 3457 3630 Junioris
3502 3575 3762 3628 tnonaclti
3796 3586 3856 3627 et
3890 3584 4073 3640 martyo

2492 3680 2592 3741 ris,
2635 3688 2688 3733 et
2731 3678 2822 3747 qui
2869 3692 2989 3729 cum
3035 3689 3099 3727 eo
3148 3672 3289 3742 passi
3337 3680 3486 3733 sunt,
3538 3668 3684 3723 Petri
3740 3678 3800 3722 et
3836 3670 4071 3721 Andreat.

2494 3771 2628 3825 Dein
2665 3769 2720 3822 S.
2765 3767 3010 3820 Andreas
3040 3763 3256 3834 quidem
3286 3761 3485 3815 dicitur
3518 3759 3837 3812 monachus
3875 3758 4030 3812 fuisse
4061 3776 4071 3808 :

2493 3867 2520 3917 ὁ
2552 3865 2714 3925 ὅσιος,
2753 3861 2845 3914 sed
2874 3859 2930 3912 S.
2962 3859 3153 3913 Petrus
3184 3859 3411 3907 vocatur
3445 3852 3777 3920 simpliciter
3806 3870 3819 3903 :
3855 3852 3883 3902 ὁ
3916 3852 4073 3915 ἅγιος,

2499 3967 2552 4009 et
2582 3956 2848 4007 enarratis
2870 3950 3107 4003 breviter
3138 3947 3420 4000 amborum
3462 3945 3765 4011 martyriis,
3803 3946 3966 3997 sicuti
3994 3957 4077 3994 suo

2501 4059 2592 4114 pra
2619 4053 2674 4096 et
2718 4042 2770 4094 in
2823 4039 2985 4094 Actis
3015 4035 3419 4096 describuntur,
3454 4032 3521 4084 de
3549 4030 3608 4083 S.
3650 4031 3822 4084 Petro
3848 4032 4074 4089 additur.

2502 4146 2625 4187 eum
2651 4131 2801 4199 prius
2840 4142 3059 4199 carcere
3108 4125 3387 4179 detentum
3442 4120 3611 4174 fuisse
3669 4121 3807 4186 (εῖτ.
3842 4137 3993 4175 num.
4024 4122 4079 4173 15

2502 4224 2647 4276 circa
2678 4223 2880 4290 linem).

2580 4329 2908 4391 52.0uibus
2981 4343 3086 4380 non
3148 4332 3403 4378 accurate
3474 4321 3741 4377 discussis
3802 4333 3901 4375 aut
3940 4323 4079 4389 jum

2507 4423 2638 4474 Acta
2667 4419 2977 4473 authentica
3003 4414 3325 4478 emendatis,
3354 4415 3728 4484 synaxaristes
3762 4411 4080 4464 Mena:on

824 4536 953 4575 num
982 4526 1061 4572 est
1091 4514 1333 4585 judicare
1365 4510 1478 4563 haec
1509 4508 1645 4561 Acta
1680 4504 1857 4573 priora
1890 4503 2042 4573 Cpoli
2086 4520 2193 4558 non
2229 4504 2397 4560 fuisse
2425 4520 2477 4581 ι)
2504 4513 2765 4568 discernit
2803 4506 3160 4572 a,monaebis
3212 4506 3269 4561 S.
3320 4504 3539 4559 Petrum
3582 4512 3637 4556 et
3683 4502 3748 4555 S.
3799 4504 4081 4561 Andream.

825 4618 1051 4683 scripta,
1080 4608 1224 4678 quod
1263 4609 1455 4657 iterum
1493 4615 1557 4653 ex
1608 4598 1747 4651 infra
1778 4597 2023 4651 dicendis
2052 4613 2190 4667 pene
2222 4599 2399 4653 mani-

828 4708 1025 4760 festum
1062 4703 1172 4755 fiet.
1201 4698 1369 4753 Porro
1394 4708 1517 4749 cum
1547 4691 1604 4747 S.
1637 4690 1884 4745 Andreas
1915 4690 2121 4758 Cpolint
2152 4690 2403 4743 advenis-

828 4807 935 4862 set,
969 4795 1109 4847 illico
1143 4790 1207 4847 ad
1249 4785 1510 4857 palatium
1542 4782 1687 4852 quod
1717 4798 1745 4835 a
1790 4779 1848 4835 S.
1885 4778 2153 4833 Mamante
2192 4794 2405 4831 truncu-

835 4902 1014 4959 patur,
1062 4900 1119 4939 se
1168 4878 1420 4940 contulit,
1452 4874 1600 4946 quod
1634 4875 1703 4927 ibi
1752 4876 2044 4941 imperator
2084 4871 2321 4940 degeret,
2352 4881 2406 4925 ct

830 4981 1091 5035 continua
1122 4973 1503 5043 martyriorum
1535 4964 1845 5037 spectacula
1872 4963 1923 5017 in
1956 4964 2240 5033 adjacente
2271 4962 2403 5032 Hip-

839 5068 1120 5143 podromio
1153 5065 1298 5136 (1⁸38)
1327 5064 1638 5117 ederentur.
1677 5058 1940 5113 Palatium
1966 5059 2097 5112 illud
2131 5067 2280 5111 extra
2315 5073 2406 5109 ur-

838 5170 983 5225 bem.
1017 5162 1357 5219 occidentem
1399 5170 1609 5221 versus,
1638 5154 1692 5207 in
1724 5152 1932 5208 decima
1967 5160 2157 5220 quarta
2189 5151 2406 5218 regione

915 5318 1144 5396 (121)1'.
1183 5320 1202 5374 ι
1235 5323 1483 5381 Januar.,
1517 5329 1572 5385 p.
1603 5313 1742 5380 262;
1772 5311 1853 5369 cfr
1875 5322 1912 5368 ι.
1950 5309 1990 5365 ll
2019 5308 2203 5371 Febr.,
2239 5325 2290 5379 p.
2316 5311 2405 5373 9|,

844 5394 1063 5543 η’(ῗίὲίὶ)
1086 5461 1224 5515 fidit.
1259 5457 1428 5524 Paris,
1465 5472 1517 5528 p.
1548 5456 1687 5521 263;
1724 5453 1798 5509 cfr
1824 5463 1860 5508 t.
1894 5452 1937 5505 ll
1969 5450 2120 5515 Feb.,
2156 5450 2255 5505 loc.
2289 5450 2407 5512 cit.,

839 5547 1065 5672 potiit?»
1098 5599 1201 5657 T.l
1241 5598 1389 5672 Maii,
1421 5614 1470 5667 p.
1508 5614 1692 5672 xxviii.

915 5668 1061 5745 (121)
1091 5672 1154 5728 '1‘.
1186 5674 1199 5726 l
1229 5670 1433 5745 A_pril._,_
1456 5686 1508 5737 p.
1538 5669 1664 5732 269,
1701 5684 1757 5723 n.
1794 5668 1878 5721 l5.

916 5737 1171 5813 (ηελβιγ
1199 5752 1236 5813 t.
1266 5742 1283 5794 1
1314 5738 1544 5813 Maii,_p.
1565 5757 1665 5813 vui;
1696 5754 1750 5796 et
1782 5754 1967 5813 supra,
1994 5738 2019 5808 ξ
2050 5754 2084 5801 ι,
2112 5737 2336 5813 passim.

913 5808 1064 5885 (126)
1102 5814 1172 5869 De
1202 5812 1438 5882 805poro
1458 5808 1710 5871 Thracio,
1737 5817 1874 5877 apud
1907 5809 2160 5862 Gronovn
2190 5808 2407 5875 Antiqq.

2505 4607 2751 4678 quamvis
2783 4613 2968 4674 aperte
2991 4617 3096 4655 non
3132 4601 3275 4655 dicat
3300 4615 3395 4654 eos
3431 4600 3735 4653 monachos
3766 4614 3879 4652 non
3908 4597 4081 4659 fuisse;

2506 4708 2562 4751 et
2608 4696 2798 4750 itidem
2853 4700 3129 4747 trecentos
3159 4697 3213 4742 et
3248 4690 3599 4761 quadraginta
3647 4692 3793 4744 duos
3827 4698 4082 4759 captivos,

2508 4787 2707 4857 quibus
2737 4784 2794 4837 S.
2834 4781 3146 4849 Stephanus
3185 4778 3236 4832 iu
3267 4781 3522 4850 praetorio
3564 4778 3872 4848 adjunctus
3903 4788 4006 4837 est,
4039 4776 4082 4823 in

2510 4876 2808 4935 monachos
2871 4883 2925 4929 et
2981 4874 3115 4929 alios
3171 4873 3507 4941 distinguere
3564 4873 3811 4925 videtur.
3873 4867 4082 4926 Verum,

2512 4983 2616 5030 tam
2652 4969 2928 5027 distinctio
2976 4969 3098 5033 ista,
3125 4984 3285 5037 quam
3336 4964 3626 5037 prasentia
3669 4963 3732 5016 S.
3774 4963 4013 5018 Andreae
4042 4964 4083 5007 in

2511 5079 2735 5120 carcere
2765 5064 3004 5133 praetorii
3037 5078 3161 5115 cum
3191 5061 3246 5114 S.
3277 5058 3578 5128 Stephano,
3616 5072 3679 5111 ex
3717 5056 3994 5125 scriptore
4018 5052 4085 5101 dé'

2513 5157 2868 5227 ligentissimo
2908 5167 2963 5209 et
3018 5168 3200 5207 coaevo
3243 5151 3520 5221 Stephano
3568 5148 3836 5211 Diaeono,
3872 5145 3969 5217 qui
3996 5140 4085 5196 ὅδὲ

2512 5317 2703 5377 Gneo,
2730 5325 2768 5369 t.
2801 5312 2913 5373 Vll,
2946 5314 3049 5367 eol.
3076 5312 3234 5367 5128.

2552 5387 2730 5504 ﬁ$69.7)
2762 5383 2947 5438 Ortelti
2999 5384 3313 5437 Thesaurus
3366 5378 3787 5452 geograpltieus.
3832 5376 4083 5438 Antverp.

2792 5512 3121 5647 Thteophjn‘.
3166 5522 3271 5642 locr.
3331 5520 3451 5584 cit.,
3505 5535 3560 5589 p.
3609 5515 3738 5576 667,
3797 5512 3929 5573 676.
3976 5510 4083 5567 ὅττι

2586 5609 2859 5647 ‘.ec..e
2916 5611 2968 5646 in
3051 5607 3347 5645 eismra.

2513 5591 2637 5655 68‘2,
2670 5607 2799 5657 etc.,
2833 5605 2885 5647 et
2916 5591 2968 5646 in
3003 5591 3154 5645 Actis
3186 5591 3347 5643 infra.

2584 5666 2730 5735 (129)
2764 5664 2908 5717 Edit.
2935 5662 3220 5729 Btinn.,.p.

2589 5724 2733 5801 (150';
2774 5735 2929 5786 Anal.
2959 5724 3142 5801 grite;
3169 5724 3229 5799 'p.
3257 5731 3381 5787 466.
3414 5730 3516 5786 467
3544 5741 3598 5784 et
3630 5745 3785 5800 seqq.
3815 5739 3874 5782 et
3909 5724 4027 5778 £99—

2582 5808 2725 5875 (l7il)
2761 5805 2998 5858 Venetus
3036 5802 3186 5868 1845,
3213 5818 3264 5869 p.
3290 5801 3411 5853 210.
