4178 6316
164 348 297 412 1105

1257 353 1435 413 νιΤΑ
1474 354 1534 412 S.
1581 350 1915 411 ANDRErE
1961 352 2036 409 IN
2079 353 2309 413 CRISI.

3265 353 3410 420 1106

158 462 275 515 lllos
301 461 547 531 captivos
588 476 782 517 omnes
814 460 1109 517 monachos
1142 461 1310 517 fuisse
1342 461 1542 516 diserte
1572 475 1722 515 asse-
1750 457 1801 517 Α
1828 462 2183 517 illustrantur.
2219 460 2327 515 Bos
2385 461 2598 516 scilicet
2636 476 2731 517 seu
2782 461 2954 516 forant
3000 463 3176 529 Bovis,
3207 480 3405 521 nomen

158 555 248 615 rit.
278 552 378 607 nec
422 554 589 608 ullum
638 553 858 609 Petrum
911 564 1003 608 aut
1032 553 1305 608 Andream
1350 564 1463 608 tum
1512 566 1732 606 carcere

156 641 457 708 detentum,
493 643 579 696 vel
644 644 848 699 socium
904 644 1150 713 quemvis
1184 659 1306 697 cum
1359 643 1417 696 S.
1458 632 1732 710 Stephano

157 736 686 803 suppliciotraditum
705 746 1111 800 commemorat,
1126 737 1324 806 corrigi
1346 734 1728 802 debent(l52l.

157 826 215 883 Id
242 829 437 881 iterum
469 838 693 898 apparet
731 846 795 884 ex
845 845 1057 884 canone
1099 829 1155 884 S.
1193 829 1475 898 Stephani.
1530 829 1583 882 in
1621 828 1731 882 Mc-

156 921 288 976 nazis
332 921 397 975 ad
447 938 614 975 xxviii
660 920 999 985 Novembris,
1036 923 1124 991 qui
1173 939 1347 977 canon
1411 923 1729 991 scriptorem

155 1012 374 1081 praefert
402 995 653 1069 eumdem
690 1016 747 1068 S.
799 1014 1123 1083 Jowphum,
1158 1018 1245 1085 qui
1281 1016 1337 1069 S.
1378 1016 1606 1069 Andreae
1639 1031 1729 1069 ca-

153 1119 353 1158 nonem
391 1107 739 1160 concinnavit
767 1123 826 1159 ac
859 1122 1055 1161 nomen
1091 1109 1142 1161 in
1188 1109 1389 1160 ultimae
1420 1109 1536 1161 oden
1573 1124 1729 1161 acro-

153 1199 387 1253 sticliide
421 1201 634 1269 signare
679 1202 987 1266 consuevit,
1034 1216 1304 1271 quemque
1339 1219 1499 1256 nosse
1534 1203 1732 1271 poterit

151 1283 353 1340 Lector
386 1304 447 1341 ex
490 1289 637 1342 Actis
670 1306 696 1342 a
741 1288 1109 1358 Papehrochio
1135 1292 1294 1346 editis
1340 1294 1404 1347 ad
1455 1295 1597 1347 diem
1627 1303 1731 1347 ter-

154 1375 289 1427 tium
322 1376 515 1442 Aprilis
550 1378 716 1445 (1⁸55).
745 1379 798 1431 1η
830 1381 931 1433 hoc
959 1397 1189 1442 canone,
1238 1382 1340 1438 ode
1363 1382 1415 1447 6,
1447 1384 1607 1437 etiam
1639 1398 1731 1437 ce-

152 1466 434 1519 lebrantur
490 1468 547 1522 S.
599 1468 799 1526 Paulus
859 1489 1017 1541 quem
1075 1474 1396 1529 Cretensem
1459 1476 1728 1541 diximus,

155 1556 257 1609 SS.
309 1570 572 1631 martyres
624 1562 873 1630 Ephesini
921 1567 988 1621 38
1035 1567 1173 1637 (cfr.
1208 1584 1367 1638 supra
1415 1586 1566 1623 num.
1618 1570 1728 1639 15),

152 1644 214 1699 S.
263 1646 453 1701 Petrus
505 1652 573 1704 de
627 1652 966 1716 Blachernis,
1011 1659 1200 1710 eodem
1242 1659 1433 1712 ordine
1483 1661 1727 1723 omnino,

147 1747 328 1804 eoque
366 1738 467 1792 illis
507 1741 746 1811 martyrii
790 1760 986 1811 genere
1021 1746 1242 1813 tributo,
1278 1763 1384 1813 quo
1430 1737 1570 1819 apud
1609 1751 1731 1806 Ste-

145 1828 396 1897 phanum
452 1831 746 1888 Diaconum
813 1836 1209 1907 insigniuntur.
1276 1839 1733 1912 Hymnographus

108 1990 111 1993 ν
146 1919 321 1991 igitur
351 1925 407 1977 S.
441 1923 701 1995 Stephani
739 1930 872 1983 Acta
904 1932 1138 2001 genuina
1174 1936 1604 2004 perlustravcrit.
1638 1939 1731 1993 sed

145 2029 264 2068 non
312 2019 441 2071 item
491 2022 856 2088 synaxaristes
910 2024 1283 2092 ali-natorum;
1333 2028 1493 2097 idque
1544 2030 1627 2083 vel
1667 2047 1733 2086 eo

145 2108 409 2165 evincere
434 2128 736 2179 possemus.
769 2120 910 2182 quod
952 2117 1069 2185 ejus
1103 2134 1301 2187 corpus
1332 2120 1381 2174 iu
1432 2137 1580 2176 mare
1609 2139 1735 2193 pro-

139 2200 361 2271 jectum
414 2202 579 2259 fuisse
624 2206 843 2266 referat.
880 2208 939 2259 ἐν
977 2209 1053 2278 τῷ
1085 2211 1333 2278 πελάγει,
1369 2230 1492 2268 cum
1536 2215 1587 2268 in
1634 2215 1734 2271 Pe-

144 2290 291 2359 lagia
313 2293 599 2348 dicendum
639 2296 850 2352 fuisset.
876 2299 1049 2368 Atque
1079 2303 1166 2355 hic
1187 2304 1351 2357 etiam
1374 2306 1730 2369 advertimus,

143 2383 296 2448 quod
327 2384 526 2436 dudum
554 2386 665 2453 jam
692 2385 1093 2456 Papebrochius
1124 2394 1335 2446 monuit
1356 2395 1525 2462 (154),
1545 2395 1735 2451 Ofﬁcia

145 2480 207 2525 et
248 2487 487 2528 canones
537 2475 859 2532 Menaeornm
921 2481 1239 2550 plerumque
1286 2487 1585 2554 synaxariis
1615 2503 1735 2542 esse

149 2565 333 2620 multo
367 2568 671 2637 antiquiora
723 2580 776 2625 et
812 2575 1141 2642 probatiora.
1191 2576 1361 2631 Porro
1408 2570 1585 2646 prodit
1618 2582 1737 2649 qui-

145 2654 308 2714 dem.
353 2656 405 2708 in
464 2664 653 2714 eodem
694 2662 908 2729 .loseplii
961 2680 1168 2721 canone
1216 2668 1281 2722 de
1325 2667 1382 2722 S.
1436 2668 1735 2738 Stephano,

145 2742 324 2796 etiam
384 2748 627 2802 Andreas
690 2765 929 2822 martyr,
981 2758 1075 2811 sed
1126 2767 1279 2813 extra
1351 2762 1546 2814 seriem
1594 2762 1733 2816 illam

146 2850 322 2904 quam
364 2851 428 2889 ex
478 2838 534 2908 S.
591 2841 849 2911 Stephani
913 2846 1062 2901 Actis
1112 2861 1425 2918 excerptam
1480 2854 1734 2919 diximus,

146 2927 277 2982 Ode
330 2943 522 2996 nempe
563 2940 773 2995 octava,
806 2936 1043 3001 tr0pario
1085 2937 1266 3002 tertio;
1318 2954 1492 3006 neque
1522 2941 1738 2994 additur

145 3039 285 3078 cum
320 3040 441 3077 cum
464 3026 519 3077 S.
548 3026 822 3095 Stephano
855 3028 906 3081 in
944 3045 1161 3085 carcere
1197 3033 1428 3097 praetorii
1464 3042 1735 3087 versatum

1834 554 2187 608 mutuabatur
2214 571 2243 608 a
2272 555 2488 629 camino
2522 570 2674 609 teneo
2713 555 2766 610 in
2814 555 3039 611 formam
3070 558 3224 613 bovis
3269 576 3406 615 con-

1831 647 1978 711 ﬂato,
2013 646 2064 699 in
2098 662 2205 716 quo
2245 655 2400 701 ustus
2449 646 2621 701 fertur
2654 646 2714 701 S.
2747 650 2977 716 Antipas
3000 659 3220 720 martyr,
3252 654 3408 706 ante-

1830 754 1989 809 quam
2035 738 2296 809 Pergamo
2340 738 2550 808 Cpolim
2599 756 2628 793 a
2672 739 2983 797 Theodosio
3019 758 3214 811 magno
3261 752 3408 797 esset

1831 833 2108 890 advectus.
2138 831 2411 905 quiquein
2434 830 2537 886 hoc
2566 830 2681 885 foro
2709 833 3004 887 eminebat.
3034 835 3106 888 De
3137 837 3237 889 hoc
3260 850 3406 888 mar-

1834 925 1953 995 tyrii
1987 924 2352 977 instrumento
2388 923 2600 991 egregie
2630 924 2870 994 disputat
2900 925 3185 979 Morcellus
3218 936 3405 982 noster

1835 1017 1886 1071 in
1936 1015 2269 1071 doetissimis
2319 1014 2743 1070 Commentariis
2782 1016 2980 1082 quibus
3023 1017 3404 1073 Kalendarium

1835 1124 1992 1162 suum
2042 1108 2380 1176 (Ipolilanum
2410 1109 2690 1163 exornavit
2726 1109 2896 1178 (1'55).
2928 1110 3187 1178 Capiebat
3224 1121 3405 1166 autem

1836 1198 2011 1253 forum
2056 1197 2215 1252 Bovis
2260 1199 2546 1254 undecima
2596 1201 2763 1270 regio.
2821 1216 2927 1254 non
2980 1204 3167 1270 procul
3204 1218 3233 1257 a
3270 1201 3411 1257 freto

1832 1289 2088 1343 Ceratino
2137 1286 2348 1348 dissita.
2396 1306 2498 1343 nec
2549 1305 2577 1343 a
2631 1299 2782 1358 porta
2835 1291 3285 1355 Blachernarutn,
3319 1292 3407 1346 ubi

1834 1376 1987 1433 multi
2039 1378 2352 1433 habitabant
2401 1379 2700 1448 piscatores
2738 1378 2908 1447 (156).
2958 1379 3028 1433 De
3065 1379 3209 1434 Bove
3255 1381 3408 1451 plura

1832 1472 1995 1524 etiam
2023 1470 2294 1539 congessit
2333 1470 2461 1524 olim
2481 1469 2883 1539 Papelirocliius
2912 1469 3081 1539 (157).
3122 1470 3197 1524 Ex
3222 1486 3289 1524 eo
3314 1486 3412 1525 au-

1835 1571 1941 1616 tem
1967 1562 2109 1631 quod
2144 1562 2211 1614 ibi
2249 1561 2425 1616 forum
2451 1560 2618 1615 fuisse
2641 1561 2875 1621 dicatur,
2906 1561 3061 1617 facile
3097 1562 3410 1634 intelligitur

1832 1653 1974 1721 quod
2021 1654 2074 1706 in
2119 1651 2267 1705 Actis
2310 1652 2512 1705 nostris
2555 1650 2818 1720 scriptum
2867 1661 2951 1704 est
2984 1667 3135 1705 num.
3170 1651 3259 1715 15,
3294 1662 3411 1705 tru—

1839 1746 2116 1801 culen‘tum
2171 1744 2320 1798 illum
2374 1744 2696 1813 piscatorem
2756 1743 3005 1807 hastam,
3059 1759 3126 1797 ex
3186 1742 3413 1799 macello

1837 1842 2071 1911 quodam
2146 1841 2218 1895 ibi
2254 1846 2590 1913 (arreptam,
2640 1838 2981 1892 adhibuisse.
3039 1837 3415 1892 Conferendus

1836 1934 1996 1988 etiam
2019 1933 2336 2001 Anonymus
2361 1927 2793 1985 Comlieftsiauus
2832 1928 3003 1998 (1³58).
3038 1928 3128 1997 qui
3163 1943 3228 1983 ex
3273 1928 3414 1985 Bove

1822 2039 1987 2090 (aeneo
2028 2036 2278 2075 nummos
2312 2035 2475 2075 cusos
2516 2018 2592 2072 ‘ab
2638 2018 2886 2074 Heraclio
2920 2019 3101 2083 refert,
3138 2029 3196 2073 ut
3239 2020 3311 2074 ita
3344 2021 3411 2074 ad

1837 2113 2163 2185 C0pronymi
2202 2128 2371 2181 usque
2400 2121 2642 2179 tempora
2677 2111 2779 2164 Bos
2806 2126 2913 2165 non
2944 2113 3309 2180 permansisse
3337 2114 3414 2165 vi-

1838 2209 2050 2270 deatur,
2084 2206 2177 2260 sed
2209 2206 2382 2260 solum
2436 2220 2632 2259 nomen
2667 2204 2783 2259 foro
2827 2204 3075 2260 inditum.
3104 2205 3280 2259 Locus
3325 2207 3415 2263 ille

1840 2298 2195 2364 foedissimus,
2232 2298 2283 2351 in
2317 2312 2476 2365 quem
2504 2296 2562 2351 S.
2598 2296 2844 2351 Andreas
2870 2298 3145 2367 proiectus
3176 2298 3293 2362 fuit,
3318 2296 3419 2351 Pe-

1839 2391 1963 2462 lagii
2019 2390 2382 2459 sepulcretum
2431 2399 2534 2448 est.
2570 2389 2714 2458 quod
2766 2388 2929 2442 etiam
2981 2387 3039 2442 S.
3073 2387 3411 2456 Stephanum

1838 2483 2116 2537 Juniorem
2157 2480 2435 2547 excepisse
2459 2488 2690 2533 testatur
2736 2478 3079 2548 Nic-ephorus
3112 2480 3164 2532 in
3194 2478 3421 2533 Brevia-4

1842 2578 1945 2637 rio,
1970 2583 2025 2628 et
2052 2590 2113 2627 ex
2147 2574 2265 2643 ejus
2292 2572 2441 2626 Actis
2470 2573 2533 2625 ad
2562 2572 2704 2625 diem
2742 2587 2904 2625 xxviii
2954 2570 3219 2625 Novemb.
3255 2571 3421 2640 pluri-

1841 2667 1943 2721 bus
1974 2664 2359 2718 declarabitur.
2409 2663 2489 2716 En
2535 2659 2823 2729 Nicephori
2877 2660 3039 2714 verba
3085 2659 3305 2714 Petavio
3340 2661 3422 2714 in-

1846 2767 2126 2827 terprete:
2169 2756 2210 2806 A
2265 2753 2464 2822 palatio
2514 2754 2577 2806 ad
2606 2752 2767 2806 Bovis
2810 2766 2981 2821 usque
3028 2752 3205 2805 forum
3250 2761 3420 2806 attra-

1845 2862 2014 2911 ctum,
2069 2848 2378 2901 miserrime
2434 2845 2866 2914 discerpserunt.
2919 2843 3087 2911 Cujus
3134 2858 3329 2912 corpus
3364 2844 3418 2897 in

1844 2959 1967 2995 cum
2003 2944 2177 2995 locum
2223 2957 2382 3009 quem
2418 2937 2616 3009 Pelagii
2664 2935 2912 3004 sepulcra
2962 2939 3265 2992 nominant.
3300 2946 3421 2988 tan-

1843 3046 2003 3096 quam
2057 3031 2281 3081 maleiici
2336 3030 2617 3095 cujusdam
2662 3028 2955 3093 abjiciunt;
2992 3027 3117 3080 illuc
3175 3029 3317 3079 enim
3367 3036 3423 3080 et

146 3128 305 3172 esse.
340 3117 430 3168 sed
463 3118 645 3181 paucis
674 3119 875 3184 verbis,
903 3124 1065 3175 unico
1094 3122 1360 3192 Tropario
1382 3124 1506 3188 isto,
1539 3136 1737 3196 marty—
1768 3139 1810 3196 ο
1844 3120 2197 3192 profanorum
2233 3119 2514 3187 gentilium
2550 3127 2604 3172 et
2630 3133 2816 3172 eorum
2846 3118 2935 3186 qui
2967 3118 3184 3185 capitali
3211 3118 3422 3185 suppli-

146 3205 304 3257 riutn
337 3209 388 3258 in
426 3207 567 3259 hunc
590 3211 808 3262 modum
842 3214 1133 3277 exponitur
1168 3232 1179 3266 :
1221 3215 1453 3267 Fortiter
1483 3232 1740 3281 persecu-

145 3299 266 3351 tori
322 3302 602 3361 resistcns,
631 3301 810 3353 divina
866 3301 1132 3369 sapientia
1167 3306 1429 3372 praeditus
1471 3306 1736 3368 Andreas,

143 3390 390 3459 ﬂagellis
424 3393 743 3459 percutitur,
775 3393 1136 3448 etimtnanem
1171 3408 1399 3450 mortem
1429 3396 1610 3462 justus
1645 3414 1741 3466 pa-

149 3483 319 3543 titur,
355 3484 463 3547 jam
494 3485 750 3541 aceinens
775 3485 1002 3541 Domino
1033 3489 1251 3543 Christo
1288 3491 1340 3543 in
1377 3491 1590 3544 saecula.
1622 3491 1738 3545 Non

147 3577 349 3645 potuit
390 3577 567 3644 itaque
614 3576 885 3647 Josephus
921 3580 1392 3651 Hymnographus,
1445 3582 1536 3649 qui
1586 3582 1739 3650 Cpoli

148 3670 421 3737 degebat,
454 3671 772 3735 patriarcha!
809 3672 995 3741 lgnatii
1028 3672 1420 3744 Sceuophylax,
1450 3674 1538 3729 ubi
1584 3674 1651 3728 de
1682 3673 1738 3727 S.

153 3763 474 3828 Stephano.
510 3763 769 3830 primario
814 3766 975 3819 totius
1015 3768 1408 3831 persecutionis
1467 3750 1747 3837 (IOprony-

152 3855 371 3907 miante
412 3865 646 3924 martyre
676 3856 883 3923 agebat,
923 3857 1082 3911 etiam
1140 3857 1197 3912 S.
1243 3861 1469 3913 Andreae
1520 3861 1570 3913 in
1604 3860 1744 3915 Crisi

148 3960 280 3998 non
313 3946 648 4009 meminisse,
694 3947 819 4001 licet
859 3947 909 4001 in
948 3949 1096 4003 Actis
1144 3948 1201 4002 S.
1239 3949 1503 4015 Stephani
1538 3970 1656 4022 quae
1689 3955 1743 4008 in

150 4053 388 4092 canone
414 4053 513 4092 suo
539 4050 759 4095 secutus
794 4042 1026 4104 videtur,
1060 4044 1125 4095 de
1144 4057 1209 4095 eo
1245 4044 1448 4099 mentio
1486 4062 1593 4099 non
1632 4046 1743 4100 fiat.

154 4132 224 4186 Id
259 4133 457 4189 iterum
501 4132 703 4201 patebit
751 4147 816 4185 ex
849 4134 1098 4187 laudibus
1129 4136 1327 4202 quibus
1377 4134 1434 4189 S.
1470 4139 1743 4191 Andream

151 4224 420 4280 cumulat
454 4225 505 4273 in
528 4237 737 4275 canone
766 4241 925 4292 quem
958 4226 1024 4280 de
1059 4226 1176 4295 ipso
1204 4228 1569 4292 concinnavit,
1600 4238 1653 4283 et
1684 4247 1745 4284 ex

146 4330 281 4383 quo
309 4311 537 4366 inferius
570 4314 794 4378 plurima
827 4318 1176 4385 proferimus.

244 4406 339 4461 33.
407 4406 645 4459 Eductus
716 4416 798 4461 cst
859 4405 916 4462 S.
965 4412 1205 4464 Andreas
1260 4428 1290 4463 e
1343 4428 1560 4467 carcere
1626 4430 1744 4477 suo,

1846 3215 1929 3266 cio
1953 3212 2192 3265 damnati
2228 3218 2433 3271 essent,
2478 3208 2736 3262 cadavera
2787 3208 3217 3275 deportabantur
3244 3208 3417 3275 (139).

1846 3302 2238 3368 Metaphrastes
2279 3313 2429 3353 num.
2464 3298 2560 3361 15,
2593 3307 2646 3350 ct
2689 3298 3052 3367 synaxaristes
3093 3298 3420 3352 Menmorum

1846 3394 1902 3449 S.
1930 3393 2197 3447 Andream
2226 3393 2275 3444 in
2305 3391 2479 3444 locum
2505 3385 2871 3444 malefteorum
2893 3389 3191 3461 projectum
3211 3388 3420 3447 dicunt.

1846 3496 1902 3541 et
1954 3486 2095 3538 inter
2146 3497 2433 3551 corporum
2493 3481 2800 3550 congeriem
2877 3490 3179 3547 repertum;
3234 3496 3420 3534 verum

1847 3578 2212 3644 Theophanes
2235 3584 2419 3643 aperte
2450 3571 2660 3641 Pelagia
2685 3571 2883 3624 indicat
2914 3572 3098 3638 (supra
3129 3586 3282 3624 num.
3309 3571 3421 3640 11).

1847 3669 1956 3725 Cur
1999 3677 2181 3721 autem
2221 3667 2406 3719 eadem
2454 3664 2699 3733 sepulcra
2746 3679 2852 3716 non
2883 3661 3101 3733 Pelagii.
3136 3663 3229 3717 sed
3267 3664 3423 3742 [fala-

1849 3764 1967 3832 εἶξε,
2014 3760 2112 3825 τῆς
2161 3759 2322 3823 ἁγίαις
2362 3756 2645 3820 Πελαγίας.
2680 3753 2747 3809 ab
2794 3754 3064 3823 aliquibus
3105 3754 3243 3808 dicta
3290 3754 3423 3812 sint.

1848 3852 2135 3919 diligenter
2184 3847 2404 3916 inquirit
2454 3846 2759 3917 Janniugns
2805 3846 2858 3898 in
2906 3846 3059 3901 Actis
3105 3844 3158 3899 S.
3198 3845 3425 3915 Pelagia

1850 3939 2204 3994 Antiocheua:
2258 3937 2435 4008 (I40),
2479 3953 2578 3992 nec
2637 3935 3052 4005 explicationem
3102 3934 3310 4004 Cangii,
3357 3936 3425 3990 ad

1852 4043 2055 4093 calcem
2086 4037 2377 4091 Annalium
2421 4035 2646 4088 Zonarae
2687 4034 2958 4096 traditam,
3003 4031 3211 4086 admitti
3243 4045 3420 4100 posse,

1856 4140 2001 4184 recte
2034 4129 2234 4183 ibidem
2261 4127 2491 4183 evicisse
2513 4127 2744 4180 videtur.

1994 4241 2019 4311 ἓ
2052 4238 2139 4295 ιγ.
2169 4239 2225 4293 S.
2263 4241 2484 4291 Andrei:
2528 4238 2783 4311 reliquicc,
2830 4236 3111 4297 miracula,
3143 4236 3285 4290 locus

2486 4308 2791 4377 sepultum.

1927 4428 2017 4482 δι.
2044 4405 2253 4493 Corpus
2285 4421 2343 4475 ὃ.
2384 4419 2611 4474 Andreae
2638 4418 2692 4470 in
2722 4415 2947 4487 Pelagiis
2977 4431 3073 4485 per
3102 4414 3426 4469 miraculum

144 4513 339 4565 quem
372 4498 567 4552 Phiala:
604 4497 767 4552 fuisse
794 4500 1162 4554 verosimilius
1184 4503 1443 4566 diximus,
1472 4506 1536 4558 ad
1569 4505 1736 4574 impe-

1854 4529 2121 4588 repertum
2157 4531 2216 4566 ac
2247 4531 2275 4566 a
2314 4512 2522 4565 cateris
2550 4511 2864 4569 discretum,
2886 4524 2912 4558 a
2942 4509 3044 4575 piis
3075 4508 3202 4559 viris
3236 4507 3286 4559 in
3309 4507 3426 4561 loco

149 4605 441 4653 ratorem,
480 4604 532 4644 et
556 4607 735 4645 coram
774 4607 838 4645 eo
876 4592 1167 4659 imaginum
1204 4596 1602 4650 venerationem
1642 4597 1741 4651 itc-

148 4702 299 4739 rum
339 4684 599 4736 audacter
630 4684 819 4744 tuitus,
855 4700 883 4736 a
924 4684 1121 4752 palatio
1154 4684 1210 4737 S.
1246 4685 1528 4743 Mamantis
1566 4688 1617 4740 in
1652 4704 1743 4740 ur-

144 4779 303 4835 bem
364 4774 604 4842 pertrahi
656 4776 876 4844 jubetur
908 4779 985 4843 (in
1038 4781 1208 4840 Actis,
1242 4797 1391 4833 num.
1440 4782 1503 4833 H
1537 4790 1589 4834 et
1634 4780 1742 4848 15),

143 4883 418 4937 cumque
450 4869 515 4922 ad
542 4868 714 4923 forum
742 4867 900 4922 Bovis
931 4873 1285 4938 pervenisset,
1317 4885 1513 4926 terram
1551 4874 1749 4941 ubique

146 4963 419 5029 irrigans
436 4975 650 5023 cruore,
680 4960 751 5014 ibi
775 4976 802 5013 a
823 4960 1088 5029 piscatore
1104 4964 1333 5030 quodam
1360 4965 1492 5031 pede
1528 4965 1747 5018 dextero

142 5057 450 5116 abscisso,
499 5055 733 5107 animam
782 5053 889 5108 Deo
937 5053 1173 5113 tradidit.
1223 5055 1375 5119 Quod
1427 5071 1549 5111 curn
1589 5058 1755 5111 vidis-

142 5156 330 5206 sent,
378 5146 468 5215 qui
523 5160 645 5199 eum
698 5146 1005 5207 trahebant,
1067 5148 1119 5198 in
1172 5147 1346 5201 locum
1394 5146 1748 5204 fwdissimum

145 5240 439 5300 exanime
502 5255 702 5308 corpus
758 5241 1055 5309 projeccre.
1120 5242 1243 5296 Haec
1279 5260 1340 5295 ex
1400 5246 1754 5311 sequentibus

257 5425 410 5493 (132i
441 5423 589 5476 Anal.
616 5422 812 5483 Graec,
928 5421 1027 5474 501)
1060 5435 1107 5474 ct
1137 5425 1259 5476 517.

257 5495 414 5526 ,ιπηει
448 5493 488 5526 'l‘
558 5495 689 5526 Ἆπιν-Ι
768 5509 797 5526 π.
875 5489 939 5526 ἐν

256 5489 414 5552 (155)
448 5493 509 5545 r.
546 5495 737 5558 spur.
768 5489 960 5558 με’-68.

262 5566 415 5631 (I54)
452 5562 514 5615 'r.
563 5562 624 5616 Ill
670 5562 847 5623 .\lart.,
902 5583 952 5633 μ.
1003 5566 1099 5617 165
1142 5574 1203 5617 er
1238 5575 1274 5619 ι.
1314 5566 1328 5617 l
1374 5568 1540 5625 Junii.
1579 5586 1626 5638 p.
1672 5570 1749 5633 ιτ,

145 5656 232 5691 n.
276 5638 329 5685 6.

263 5704 413 5766 (155)
445 5702 507 5754 Τ.
544 5701 603 5761 Il,
632 5722 681 5770 ι).
718 5704 804 5755 85.

261 5772 413 5838 (136)
447 5768 649 5836 Gyllius
682 5771 913 5839 Topogr.
954 5768 1130 5837 Cpol..
1170 5774 1259 5826 lib.
1298 5793 1351 5839 ll,
1389 5794 1506 5847 cap.
1537 5798 1592 5832 ιι.

1855 4618 2043 4662 sancto
2072 4604 2243 4659 Crisis
2270 4601 2578 4671 depositum
2612 4606 2728 4657 est;
2765 4605 2925 4665 atque
2964 4598 3065 4649 hoc
3110 4590 3327 4663 quidem
3359 4610 3423 4650 ex

1856 4697 2025 4759 Actis,
2058 4707 2116 4750 ut
2155 4696 2327 4759 aiunt,
2376 4688 2755 4761 antepigraphis
2800 4702 2951 4740 num.
3009 4685 3091 4749 16,
3119 4686 3425 4753 insequenti

1858 4802 2018 4847 nocte
2052 4791 2251 4844 factum
2301 4796 2423 4839 esse
2457 4784 2689 4837 videtur.
2727 4780 3045 4832 Miraculum
3081 4787 3261 4832 tamen
3292 4794 3428 4847 prae-

1859 4886 2101 4942 citatum.
2130 4882 2271 4951 quod
2306 4876 2699 4947 Metaphrastes
2721 4883 2776 4927 et
2804 4872 3000 4924 Meniea
3043 4886 3239 4923 excusa
3288 4869 3430 4922 refe-

1861 4990 2005 5038 runt,
2037 4979 2089 5029 in
2122 4975 2311 5028 iisdem
2361 4971 2509 5025 Actis
2552 4985 2658 5022 non
2692 4973 2995 5031 comparet,
3030 4964 3121 5016 sed
3168 4967 3425 5015 omittunt

1844 5080 2092 5131 tantum,
2121 5083 2183 5120 ac
2215 5066 2345 5117 nihil
2376 5063 2656 5115 dissonum
2685 5057 2892 5111 addunt
2923 5056 3065 5124 quod
3103 5068 3222 5107 cum
3257 5052 3429 5105 Meta-

1861 5162 2078 5232 phraste
2113 5156 2362 5225 componi
2393 5169 2498 5206 non
2536 5150 2728 5221 possit.
2751 5148 2815 5201 Et
2848 5148 2963 5201 haec
2989 5157 3071 5199 est
3102 5144 3267 5213 altera
3290 5142 3428 5196 ratio

1861 5270 1959 5307 cur
2002 5252 2132 5305 Acta
2174 5251 2259 5302 illa
2306 5246 2455 5316 Cpoli
2501 5244 2696 5316 scripta
2746 5257 2852 5294 non
2908 5238 3074 5291 fuisse
3118 5235 3427 5293 videantur,

1931 5433 2075 5497 (I37)
2106 5430 2168 5482 τ.
2208 5427 2291 5482 γη
2337 5427 2480 5495 Maji.
2518 5445 2566 5494 μ.
2616 5426 2702 5486 es,
2753 5440 2782 5474 n
2866 5424 2926 5473 ιε
2977 5430 3097 5473 ett.
3139 5418 3178 5471 ll
3228 5418 3421 5487 April.,

1866 5522 1916 5573 ν.
1945 5504 1996 5562 τί,
2032 5519 2086 5555 n.
2119 5502 2169 5555 5.
2544 5569 2549 5574 ,

1938 5573 2082 5639 (158)
2114 5570 2375 5638 Manipul.
2404 5567 2623 5639 (19011ιᾷ,
2660 5581 2712 5639 p.
2745 5563 2859 5639 ἑο.Δ
2945 5636 2952 5639 _
3051 5633 3060 5639 _
3218 5630 3249 5639 η

1938 5630 2084 5707 H39)
2113 5642 2170 5693 Ρ.
2203 5630 2279 5693 ω·
2318 5639 2371 5696 d.
2405 5630 2535 5693 edit.
2581 5630 2764 5693 Paris;
2805 5635 2884 5687 εἴτ
2932 5633 3191 5686 Analecta
3213 5630 3421 5695 Graeca,

1865 5730 1916 5784 p.
1947 5715 2045 5768 fit?)
2070 5712 2301 5785 913320.-
2390 5780 2417 5785 ..
2569 5775 2659 5785 ,η
2806 5778 2811 5783 ,

1943 5786 2083 5851 (14οὶ
2120 5781 2183 5832 Τ.
2210 5781 2247 5833 11
2277 5779 2437 5840 Junii,
2475 5794 2521 5847 ρ.
2562 5775 2683 5841 159,
2719 5791 2772 5828 n.
2803 5774 2869 5829 ‘25
2898 5783 2948 5826 et
2976 5787 3126 5841 seqq.
