4178 6316
772 352 899 415 1107

776 557 1225 631 Hymnographus
1257 571 1399 609 anno
1423 555 1525 611 8H
1550 555 1663 624 jam
1698 555 1849 623 Cpoli
1876 552 2176 607 sacerdotio
2210 552 2334 604 fun-

774 666 905 723 gens
939 650 1108 721 (HI),
1127 666 1189 704 ac
1218 649 1414 702 sacculo
1436 647 1679 715 sequenti
1715 644 2106 714 Metaphrastes
2132 644 2337 714 magni-

775 747 875 799 lice
924 743 1207 803 extollunt,
1262 741 1466 795 nullum
1512 756 1573 793 ea
1628 747 2073 798 commemorent,
2125 747 2217 791 aut
2270 736 2339 790 de

778 834 882 887 illis
921 849 988 886 ne
1035 833 1256 885 verbum
1298 831 1513 898 quidem
1561 829 1851 896 proferant.
1912 826 1964 879 Si
2014 843 2155 879 enim
2189 825 2337 894 Cpoli

778 924 1307 992 scriptor-Actorum
1359 922 1617 991 degisset,
1649 936 1751 971 non
1803 936 1866 972 eo
1911 919 2069 972 modo
2112 918 2341 985 patroci-

780 1020 929 1072 nium
965 1016 1019 1070 S.
1070 1016 1297 1070 Andreae
1357 1014 1458 1067 sibi
1503 1022 1826 1081 apprecatns
1877 1011 2038 1067 foret.
2071 1010 2173 1063 tale
2213 1010 2341 1063 illud

779 1125 979 1180 rogans
1031 1108 1258 1169 scilicet,
1311 1107 1466 1175 quale
1512 1106 1561 1158 id
1617 1105 1973 1172 experiuntur
2024 1104 2111 1169 qui
2162 1104 2346 1155 colunt

779 1205 926 1255 tuam
988 1214 1196 1253 sacram
1251 1194 1567 1251 memoriam
1625 1204 1678 1248 et
1728 1190 1961 1247 loculum
1997 1191 2344 1259 reliquiarum

780 1299 994 1347 tuarum
1032 1288 1381 1344 venerantur.
1417 1286 1569 1340 Nunc
1595 1301 1658 1339 ex
1686 1284 1906 1339 Canone
1939 1283 1992 1337 S.
2026 1283 2249 1350 Josephi
2287 1297 2347 1334 ea

781 1383 1103 1435 exhibemus
1140 1393 1259 1446 quae
1288 1376 1344 1430 S.
1382 1376 1609 1428 Andreae
1640 1370 1899 1426 miracula
1931 1367 2347 1430 commendant;

782 1473 877 1527 sed
900 1472 1136 1526 ultimam
1156 1468 1323 1523 Odam
1354 1466 1439 1519 cui
1466 1464 1929 1535 hymnographus,
1956 1461 2007 1514 in
2037 1468 2350 1528 perpetuam

784 1565 1154 1620 venerationis
1200 1577 1307 1615 sua:
1360 1558 1697 1621 memoriam,
1745 1572 1942 1610 nomen
1995 1572 2089 1623 per
2129 1554 2354 1606 acrosti-

786 1658 1003 1712 chidem
1052 1659 1294 1709 intexere
1327 1651 1522 1714 suevit,
1552 1652 1816 1715 integrann
1848 1648 2130 1712 vertimus,
2166 1645 2352 1698 eadem

789 1745 1153 1802 acrostichide
1184 1753 1418 1798 servata.
1451 1741 1767 1795 Advertisse
1818 1738 1979 1791 etiam
2026 1737 2243 1806 juverit,
2281 1735 2356 1788 uti

790 1849 1081 1908 postrema:
1112 1836 1236 1890 huic
1271 1836 1416 1898 Odze,
1446 1834 1519 1886 ita
1553 1832 1764 1885 caeteris
1789 1828 2041 1882 omnibus
2087 1842 2353 1879 annexum
2390 1807 2433 1865 Β

791 1947 914 1986 esse
951 1929 1306 1983 Theotocium
1347 1944 1442 1980 seu
1478 1923 1802 1978 versiculum
1845 1921 1899 1974 in
1941 1922 2200 1972 honorem
2236 1918 2362 1971 Dei-

794 2039 959 2092 parze,
992 2021 1134 2089 quod
1178 2021 1283 2088 jam
1338 2027 1463 2072 ante
1510 2015 1808 2085 Josephnm
1867 2011 2144 2065 factitabat
2190 2008 2363 2064 Theo-

795 2115 1026 2183 phanes,
1058 2113 1253 2180 aliique
1282 2108 1673 2180 hymnographi
1705 2106 1878 2159 Graeci
1906 2124 1918 2169 ;
1951 2115 2005 2157 ut
2037 2104 2105 2157 ita
2146 2103 2362 2168 planum

801 2207 892 2259 fiat
915 2213 1115 2273 quanta
1149 2201 1343 2266 (irasci,
1381 2218 1407 2251 a
1446 2201 1684 2252 Romana
1730 2202 1856 2251 sede
1890 2197 2119 2249 necdum
2150 2194 2364 2255 divulsi,

800 2304 1019 2364 quanta.
1049 2294 1290 2361 inquam,
1334 2293 1384 2343 in
1418 2291 1473 2345 Β.
1513 2289 1784 2358 Virginem
1841 2287 2125 2340 devotione
2168 2285 2371 2351 pollue-

804 2389 935 2449 rint.
998 2385 1071 2438 Ex
1124 2384 1208 2438 his
1252 2382 1491 2437 Canticis
1542 2390 1855 2447 excerptum
1917 2388 1997 2433 est
2050 2376 2369 2447 opusculum

804 2474 1218 2545 Wangnerecltii
1276 2474 1443 2526 nostri
1493 2473 1576 2526 cui
1634 2472 1872 2525 titulus:
1910 2470 2086 2524 Pietas
2136 2468 2371 2522 Mariana

806 2571 1141 2630 Graecorum,
1174 2577 1228 2621 et
1250 2566 1547 2619 Maraccius
1571 2580 1726 2617 suum
1751 2564 1961 2617 lllariale
1988 2578 2047 2615 ex
2084 2563 2242 2615 unius
2264 2561 2373 2614 fere

812 2659 868 2710 S.
901 2656 1123 2725 Josephi
1173 2656 1405 2725 hymnis,
1436 2655 1539 2709 etsi
1590 2654 1838 2722 permulti
1869 2654 2043 2706 adhuc
2092 2652 2372 2705 in'biblio-

812 2751 984 2802 thecis
1034 2749 1385 2815 manuscripti
1432 2746 1775 2807 delitescunt,
1820 2746 2148 2799 concinnare
2179 2743 2372 2811 potuit.

810 2842 900 2895 35.
952 2840 1168 2891 Sanitas
1197 2856 1261 2892 ex
1306 2850 1356 2892 te
1400 2840 1511 2893 sive
1547 2840 1665 2890 vivo
1696 2838 1894 2899 adhuc,
1928 2837 2040 2889 sive
2084 2836 2193 2902 jam
2236 2849 2378 2885 mor-

889 2918 1004 3000 tuo,
1031 2945 1284 3003 tanquam
1326 2949 1387 2986 ex
1423 2934 1569 2985 fonte
1623 2933 1673 2983 in
1709 2940 1935 2997 aegrotos
1980 2928 2181 2990 defluit,
2217 2926 2376 2980 verbo

886 3024 1070 3077 divino
1100 3033 1313 3092 potens,
1348 3032 1530 3073 sancte
1564 3020 1799 3085 Andrea,
1831 3018 1919 3087 qui
1958 3017 2177 3085 spiritus
2201 3016 2377 3083 impu—

883 3131 972 3169 ros
1001 3116 1238 3184 depellis,
1279 3124 1332 3166 et
1374 3113 1615 3166 Creatori
1649 3122 1739 3164 tuo
1769 3111 2028 3161 inclamas
2064 3126 2076 3161 :
2110 3106 2187 3159 Tu
2235 3106 2382 3158 solus
2408 3131 2453 3192 Ο

886 3221 1129 3272 sanctus,
1161 3208 1407 3261 Domine.
1437 3207 1543 3261 Ode
1576 3206 1629 3268 3,
1659 3206 1892 3275 tropario
1920 3205 1971 3258 '2.

822 3300 999 3356 Suave
1045 3302 1277 3369 spirans.
1313 3301 1477 3354 odore
1523 3300 1805 3362 virtutum,
1837 3298 1925 3351 ubi
1966 3311 2119 3349 nunc
2151 3293 2300 3365 jaces
2330 3294 2381 3347 in

894 3396 1163 3463 sepulcro.
1215 3395 1370 3447 Pater
1414 3402 1617 3455 sancte,
1656 3392 1859 3443 vultum
1908 3389 2147 3441 laetificas
2198 3370 2384 3440 eorum

896 3486 985 3553 qui
1019 3485 1309 3540 conﬁdenti
1342 3484 1503 3540 corde
1527 3484 1601 3537 Te
1631 3480 1977 3537 adeunt.0de
1997 3481 2029 3530 4
2059 3488 2192 3543 trop.
2227 3476 2279 3527 εὶ.

825 3575 1042 3629 Peccati
1097 3576 1348 3629 tenebras
1396 3570 1753 3629 abhorruisti,
1804 3568 1984 3628 Pater,
2042 3575 2094 3617 et
2148 3563 2390 3619 libidinis

899 3681 1093 3733 expers
1121 3676 1177 3718 ut
1214 3667 1432 3717 lucerna
1491 3662 1836 3727 Splenduisti,
1883 3660 1971 3727 qui
2032 3658 2096 3711 ad
2141 3668 2413 3713 sanctum.

903 3754 1169 3807 tumulum
1224 3763 1372 3806 tuum
1421 3749 1745 3804 accedentes
1806 3748 2095 3816 Splendore
2158 3746 2392 3799 curatio-

905 3864 1055 3905 num,
1090 3845 1196 3899 Deo
1223 3846 1404 3905 dante,
1448 3844 1734 3896 illuminas.
1773 3842 1902 3893 Ode.
1933 3841 1986 3903 5,
2023 3849 2089 3891 Ir.
2131 3839 2175 3890 l.

836 3942 927 3994 Dei
963 3934 1334 3994 habitaculum
1364 3939 1537 3990 factus
1566 3951 1644 3995 es,
1678 3934 1854 3992 Pater,
1885 3932 1975 4000 qui
2004 3944 2187 3985 sancte
2215 3930 2391 3985 vixisti

904 4042 955 4086 et
1004 4030 1253 4101 pugnasti
1296 4029 1545 4091 fortiter;
1588 4041 1735 4079 nunc
1776 4040 1903 4078 vero
1946 4027 1995 4077 in
2043 4034 2395 4076 monumento

901 4124 1071 4189 jaces,
1124 4122 1305 4172 salvus
1354 4127 1408 4170 et
1468 4111 1879 4177 indissolubilis,
1938 4122 2259 4167 cunctorum
2299 4112 2405 4166 sol-

913 4230 1043 4269 vens
1080 4214 1295 4268 morbos
1334 4210 1589 4265 fidelium.
1622 4208 1729 4263 Ode
1764 4208 1816 4272 5,
1850 4217 1914 4260 tr.
1946 4206 1996 4259 2.

838 4308 902 4360 lit
938 4306 1114 4376 magni
1151 4305 1312 4374 pretii
1367 4304 1656 4356 thesaurus
1694 4300 2067 4363 absconditus,
2120 4297 2290 4352 oculis
2337 4297 2397 4351 fi-

914 4399 1139 4458 delium,
1181 4396 1360 4455 Pater,
1406 4392 1730 4444 manifestus
1760 4390 1934 4442 factus
1962 4404 2041 4451 es,
2072 4398 2125 4440 et
2163 4389 2394 4440 miracu-

910 4490 973 4541 lis
1014 4489 1153 4541 ditas
1179 4500 1367 4539 omnes
1395 4484 1484 4553 qui
1522 4482 1708 4537 colunt
1742 4490 1812 4535 te.
1844 4480 1950 4535 Ode
1977 4478 2027 4543 6,
2059 4488 2126 4531 tr.
2158 4479 2209 4531 5.

840 4580 1077 4649 Spiritus
1109 4589 1233 4632 tuus
1268 4577 1449 4630 divina
1493 4572 1984 4629 communicatione
2033 4568 2399 4637 'praefulgidus,

915 4669 1181 4723 mirabilis
1241 4667 1478 4725 Andrea,
1535 4663 1743 4717 stellam
1798 4659 2025 4711 lucidam
2092 4657 2299 4709 cunctis
2355 4667 2404 4710 te

913 4759 1180 4816 exhibuit.
1224 4767 1277 4811 et
1324 4756 1523 4824 ubique
1591 4737 1867 4806 miraculis
1922 4749 2161 4805 iilustras
2224 4746 2407 4801 ﬁdeles

915 4852 1286 4908 collaudantes
1322 4860 1391 4903 te.
1426 4848 1531 4901 Ode
1567 4849 1616 4908 7,
1649 4856 1717 4899 tr.
1748 4847 1797 4897 5.

848 4946 1045 4999 Contra
1082 4943 1360 4996 Christum
1415 4938 1466 4991 in
1519 4938 1722 4989 rabiem
1781 4934 2011 5000 abrepti,
2048 4940 2102 4985 ut
2141 4933 2264 4985 ferae
2315 4932 2408 4985 be-

920 5037 1035 5089 sliae.
1079 5046 1129 5087 te
1164 5032 1415 5085 trucidari
1465 5033 1781 5099 jusserunt;
1821 5040 1984 5094 quare
2037 5035 2313 5093 raptantes
2356 5034 2411 5077 ct

923 5129 1195 5178 caedentes
1260 5134 1310 5176 te
1374 5124 1424 5173 in
1500 5121 1814 5173 barathrum
1877 5117 2243 5185 projecerunt,
2318 5117 2409 5184 qui

928 5219 1001 5268 ita
1034 5215 1269 5266 veritatis
1306 5214 1621 5265 manifestus
1651 5222 1851 5279 martyr
1906 5209 2077 5264 fartus
2107 5225 2184 5262 es.
2222 5209 2332 5262 Ode
2359 5212 2411 5272 8,

932 5318 999 5357 tr.
1030 5306 1085 5355 εὶ.

870 5396 1132 5461 Prodigiis
1154 5394 1354 5453 fideles,
1391 5402 1642 5457 tanquam
1677 5392 1898 5461 fluento,
1927 5391 2135 5455 irrigas,
2162 5401 2211 5441 et
2241 5392 2413 5457 fugas,

948 5487 1026 5537 vir
1070 5488 1242 5544 beate,
1281 5484 1531 5549 nequitize
1577 5482 1819 5549 spiritus,
1851 5490 1903 5531 et
1946 5483 2229 5546 languores
2258 5481 2417 5541 tollis,

972 5683 1111 5741 ill-li
1138 5679 1197 5734 τ-
1234 5678 1252 5733 l
1290 5679 1475 5746 April..
1502 5676 1697 5746 p.4269,
1731 5690 1800 5746 ηπ
1826 5672 1905 5746 l'_5.

987 5752 1123 5821 καὶ)
1155 5740 1463 5822 Ρόιΐῒκγίήετ,
1493 5756 1531 5798 t.
1565 5744 1628 5805 ll,
1662 5760 1713 5813 p.
1745 5744 1807 5793 53
1843 5744 1886 5791 d.
1908 5752 1955 5789 et
1980 5740 2099 5789 606.

2055 339 2335 400 MENSlS
2375 338 2711 400 OC'l'OBER

770 469 917 536 quod
975 467 1181 520 scilicet
1230 480 1296 518 ex
1348 472 1424 516 tot
1470 460 1764 522 miraculis,
1815 476 1932 529 quae
1970 459 2027 513 S.
2065 458 2336 527 Josephus
2367 458 2411 513 Α

3876 331 4002 394 1108

2512 461 2603 528 qui
2648 476 2675 511 a
2731 458 2948 511 Christo
2983 457 3090 509 Deo
3147 464 3332 507 nostro
3383 450 3732 505 curationum
3775 447 4001 517 gratiam

2507 554 2717 607 cmlitus
2745 549 3015 619 accepisti.
3044 546 3150 603 Ode
3188 546 3241 610 8,
3268 552 3336 601 tr.
3369 545 3422 599 5.

3128 660 3234 714 Ode
3271 660 3323 712 9.

2441 760 2589 818 Ideo.
2645 758 2805 812 Pater
2862 765 3066 815 sancte,
3120 768 3282 807 cursu
3334 760 3426 803 tuo
3490 756 3901 806 consummato,
3957 751 4009 795 et

2512 850 2814 903 orthodoxa
2849 846 2950 899 fide
2982 845 3301 898 intemerate
3330 849 3561 900 servata,
3616 836 3747 904 quia
3796 832 4009 886 certastl

2515 942 2773 1012 legitime,
2812 952 3069 993 coronam
3110 935 3379 994 duplicent
3436 930 3675 995 desuper
3726 922 4009 988 accepisti,

2518 1042 2573 1086 ut
2617 1041 2817 1099 martyr
2849 1028 3102 1089 invictus,
3138 1036 3194 1078 ut
3226 1033 3401 1077 asceta
3430 1020 3700 1090 egregius.

2447 1123 2790 1180 OdOriferum
2828 1130 2885 1173 ut
2938 1116 3135 1179 lilium,
3195 1126 3251 1168 ut
3308 1130 3451 1177 rosa,
3504 1112 3691 1172 Pater,
3761 1108 3818 1159 in
3863 1112 4014 1173 prato

2518 1215 2716 1269 divina:
2754 1226 2999 1265 asccseos
3033 1205 3285 1269 floruisti,
3318 1214 3373 1257 ut
3402 1203 3606 1257 cedrus
3654 1210 3828 1250 suave
3861 1194 4016 1247 redo-

2523 1308 2626 1364 les.
2662 1314 2955 1372 martyrum
3000 1299 3339 1367 splendorem
3389 1295 3645 1362 adeptus,
3694 1290 3863 1343 beate
3917 1288 4021 1338 An-

2523 1401 2674 1461 drea,
2705 1395 3090 1451 monachorum
3127 1392 3317 1444 decus.

2454 1493 2635 1561 Signis
2666 1499 2715 1543 et
2761 1485 3025 1555 portentis
3080 1483 3276 1536 merito
3321 1477 3571 1537 celebris,
3625 1475 3875 1527 omnium
3929 1470 4023 1522 sub

2529 1583 2702 1640 oculis
2736 1576 3131 1633 indissolubilis
3179 1587 3388 1632 manes,
3432 1570 3589 1622 beate
3638 1567 3885 1627 Andrea,
3940 1562 4023 1629 qui

2532 1685 2769 1730 mentem
2799 1672 3074 1724 illuminas
3134 1668 3235 1719 fide
3282 1661 3493 1716 ardenti
3537 1656 3862 1714 adeuntium
3900 1666 3948 1707 te
3978 1663 4026 1705 ct

2531 1766 2918 1838 gratulantium
2952 1761 3071 1815 tibi.

2466 1863 2603 1916 Ecce
2655 1860 2798 1913 diem
2849 1855 3100 1908 festivum
3143 1859 3195 1903 et
3228 1858 3469 1903 sanctam
3540 1840 4031 1903 suavissimaqu

2532 1953 2846 2009 memoriam
2882 1957 3027 1999 tuam
3065 1943 3404 1996 celebrantes
3455 1938 3641 1999 hodie,
3697 1934 3819 1993 tibi,
3854 1934 4031 1993 Pater,

2531 2060 2653 2100 cum
2690 2040 2885 2095 fiducia
2918 2038 3213 2090 clamamus
3252 2031 3469 2086 :Sacris
3518 2030 3583 2083 ad
3620 2028 3793 2081 Deum
3850 2038 4034 2092 preca-

2536 2135 2775 2191 tionibus
2804 2130 2932 2191 tuis,
2968 2128 3033 2181 ab
3065 2125 3209 2179 omni
3234 2122 3611 2178 vicissitudine
3643 2120 3771 2173 vita:
3803 2117 4035 2169 liberare

2538 2240 2638 2277 nos
2676 2220 2933 2292 digneris.

3076 2330 3424 2383 Thcotucium.

2472 2450 2772 2523 Phosphori
2832 2448 2969 2509 veri,
3035 2444 3127 2514 qui
3181 2444 3363 2497 lumen
3439 2439 3560 2492 tulit
3636 2437 3692 2487 in
3780 2431 4043 2484 mundum

2540 2522 2829 2616 splendore
2862 2538 3112 2598 Deitatis,
3139 2547 3194 2588 et
3228 2531 3546 2602 ignorantia:
3584 2525 3847 2579 tenebras
3901 2522 4047 2587 fuga-

2549 2613 2621 2688 vit
2647 2635 2700 2686 in
2730 2645 2929 2691 :evum,
2976 2628 3178 2678 viscera
3211 2633 3321 2681 tua,
3382 2616 3693 2672 castissima
3733 2614 3925 2683 Virgo,
3959 2613 4047 2665 ha-

2552 2721 2849 2777 bitaculum
2884 2719 3024 2771 facta
3064 2724 3219 2776 sunt;
3255 2713 3373 2765 ideo
3404 2710 3774 2777 gloriﬁcamus
3809 2718 3884 2761 te.

2553 2812 2642 2866 36.
2707 2810 2801 2862 Hic
2853 2805 3201 2861 exscribenda
3251 2803 3429 2856 forent
3500 2799 3890 2867 Metaphrastae
3942 2812 4050 2847 ver-

2481 2909 2570 2969 ba,
2626 2904 2819 2974 quibus
2890 2910 3138 2962 testatur,
3173 2913 3273 2950 suo
3330 2895 3493 2947 etiam
3554 2903 3837 2958 tempore,
3891 2888 4051 2939 nemi-

2483 3014 2609 3053 nem
2671 2997 2863 3050 morbo
2924 3003 3018 3047 aut
3081 2990 3221 3043 malo
3281 2986 3646 3054 qualicunque
3716 2992 4050 3047 correptum,

2489 3089 2673 3142 Sancti
2709 3088 2976 3139 tumulum
3008 3083 3203 3135 adiisse
3234 3079 3361 3148 quin
3398 3075 3697 3127 remedium
3757 3073 3891 3124 inde
3920 3084 4052 3124 retu-

2490 3181 2649 3245 lerit;
2683 3179 2775 3248 qui
2833 3175 2985 3246 (ὶροιί
3032 3175 3234 3243 degens
3290 3171 3361 3224 ita
3418 3169 3647 3222 lidenter
3696 3181 3812 3218 non
3877 3163 4055 3217 fuisset

2490 3274 2746 3330 concives
2815 3270 3104 3328 allocutus,
3165 3262 3268 3318 nisi
3344 3258 3729 3327 frequentibus
3784 3254 4056 3307 miraculis

2492 3368 2549 3420 S.
2600 3367 2847 3418 Andreas
2901 3361 3138 3413 fidelium
3195 3357 3448 3424 pietatem
3499 3358 3934 3402 remunerasset.
3971 3346 4059 3396 Ve-

2492 3474 2635 3516 rum,
2674 3456 2757 3509 his
2800 3452 2999 3513 missis,
3029 3462 3151 3501 cum
3189 3445 3239 3497 in
3276 3442 3421 3494 Actis
3448 3441 3565 3507 ejus
3594 3454 3649 3489 n.
3701 3437 3766 3487 l7
3809 3436 3917 3503 legi
3954 3450 4058 3501 pas-

2494 3552 2623 3616 sint,
2653 3549 2720 3602 de
2759 3544 2928 3598 Crisis
2985 3542 3103 3595 loco
3135 3537 3221 3592 cui
3278 3548 3492 3590 sacrum
3549 3532 3745 3600 pignus
3795 3527 4057 3580 creditum

2493 3651 2594 3704 est,
2632 3638 2875 3710 quaedam
2915 3631 3240 3705 proferenda
3294 3638 3440 3682 sunt.
3478 3626 3533 3680 In
3588 3624 3740 3676 Actis
3796 3622 4056 3687 utrisque.

2493 3738 2585 3792 scd
2622 3737 2672 3788 in
2711 3729 3137 3800 Metaphrastaeis
3183 3724 3462 3782 disertius,
3501 3720 3654 3772 locus
3706 3717 3801 3769 ille
3845 3724 4059 3767 sanctus

2496 3829 2716 3881 dicitur.
2766 3823 2890 3876 Fuit
2952 3820 3022 3873 ibi
3069 3817 3273 3872 scilicet
3321 3809 3739 3868 monasterium,
3789 3807 3879 3857 cui
3933 3821 4062 3858 anno

2495 3919 2710 3973 circiter
2772 3914 2928 3975 1284,
2984 3926 3050 3963 ex
3108 3905 3316 3962 Possiui
3378 3901 3547 3954 nostri
3608 3895 3825 3949 calculo
3898 3895 4063 3970 {HS}.

2498 4010 2739 4064 Itaulena
2791 4001 3268 4059 Protovestiarissa
3304 3991 3649 4065 .pcramplam
3701 3998 3758 4040 et
3814 3982 4061 4053 esquisiti

2500 4101 2714 4157 artificii
2750 4098 2921 4151 aedem
2978 4092 3197 4159 adjecit.
3232 4087 3375 4143 Alibi
3418 4099 3547 4138 vero
3587 4080 3977 4150 Pachymeres,
4008 4091 4062 4126 ex

2500 4194 2750 4263 ejusdem
2781 4186 2994 4241 Possiui
3025 4181 3498 4249 interpretatione,
3531 4177 3602 4228 ita
3636 4174 3751 4228 fere
3780 4171 4061 4239 loquitur:

2502 4286 2708 4342 abdidit
2744 4263 3122 4346 scCregorius
3163 4270 3469 4341 patriarcha
3514 4266 3567 4318 in
3620 4263 4064 4316 tnonasteriolmn

2504 4377 2751 4433 Aristime
2781 4373 3006 4430 dictum,
3036 4364 3347 4432 contiguum
3382 4355 3713 4411 monasterio
3753 4354 3813 4405 S.
3846 4354 4065 4405 Andre:

2510 4473 2561 4523 iu
2618 4467 2782 4527 Crisi,
2818 4463 3071 4517 viciniam
3129 4457 3180 4511 in
3241 4453 3362 4511 talis
3411 4450 3623 4505 delectu
3682 4445 3786 4499 loci
3841 4458 4066 4507 sequens

2507 4557 3005 4615 Protovestiarissae
3031 4549 3304 4605 Raulaenze
3342 4547 3393 4598 in
3429 4558 3492 4597 co
3519 4540 3578 4595 S.
3624 4540 3857 4592 Andreae
3890 4551 4067 4588 mona-

2509 4653 2677 4707 sterio
2739 4646 2985 4716 degenlis
3026 4659 3052 4697 a
3108 4657 3211 4707 qua
3260 4638 3491 4705 benigne
3546 4631 3835 4686 fovebatur
3904 4626 4066 4693 (lim.

2509 4746 2647 4801 Num
2688 4744 2849 4811 igitur
2894 4739 2963 4792 ob
3008 4736 3259 4789 viciniam
3319 4728 3576 4782 utriusvis
3618 4728 3847 4779 istorum
3894 4738 4070 4775 mona-

2511 4837 2806 4892 steriorum
2840 4831 3005 4883 Crisis
3028 4829 3178 4881 locus
3201 4817 3723 4888 sanctus,jam-inde
3757 4826 3954 4873 octavo
3983 4829 4066 4865 s2-

2511 4930 2633 4983 culo
2661 4929 2802 4979 dicta
2832 4922 2920 4987 sit,
2956 4917 3168 4973 deliniri
3206 4929 3311 4967 non
3346 4918 3559 4980 potest;
3620 4922 3722 4961 nos
3787 4906 3953 4957 aliam
3998 4922 4076 4969 ap-

2516 5016 2831 5088 pellationis
2895 5024 3111 5064 causam
3188 5020 3296 5059 non
3367 5000 3693 5054 deterrimus.
3774 4996 3948 5049 Porro
4016 5008 4067 5046 ev

2517 5113 2695 5182 priore
2724 5102 3075 5177 Pachymeris
3106 5098 3337 5166 allegato
3366 5095 3486 5146 loco
3523 5091 3813 5149 discimus,
3871 5086 4072 5137 Ranlzz-

2518 5217 2661 5263 nam,
2701 5175 2954 5252 feminam
2987 5190 3168 5244 multis
3203 5186 3345 5240 tertii
3385 5181 3582 5235 decimi
3616 5180 3804 5233 Sic-culi
3854 5175 4073 5242 Scripta-

2520 5295 2666 5348 ribus
2696 5288 3047 5345 celebratam,
3081 5282 3137 5334 S.
3170 5280 3395 5332 Andreae
3436 5270 3795 5342 magniﬁcum
3826 5264 4071 5332 templum

2520 5382 2841 5440 snScitasse;
2878 5377 2962 5428 cui
3012 5372 3275 5425 Maximus
3328 5364 3602 5434 Planudes
3642 5359 3969 5421 monachus,
3995 5356 4072 5424 qui

2525 5483 2635 5521 tum
2667 5467 2921 5533 temporis
2953 5463 3163 5514 vivebat
3194 5459 3340 5525 (ιιι)
3376 5464 3428 5506 et
3457 5470 3520 5507 ex
3573 5451 3897 5519 biograpbis
3932 5451 4074 5501 inno-

2606 5659 2744 5729 υ-ἰῦ)
2783 5661 2902 5729 Loc.
2942 5663 3035 5713 cit.
3072 5675 3121 5729 ρ-
3164 5663 3229 5717 89
3254 5668 3302 5705 θ’

2605 5716 2754 5797 (Μή
2788 5716 3124 5796 ΡεεὶπγτιιηἹ.
3159 5737 3204 5773 c.
3235 5736 3286 5788 p.
3328 5716 3425 5770 166
3454 5732 3501 5772 C-
