  <div class='ocr_page' id='page_1' title='image "/cluster/home/n/w/nwhite01/storage/ocr_20150623/115/pst.000005714285/688.png"; bbox 0 0 4178 6316; ppageno 0'>
   <div class='ocr_carea' id='block_1_1' title="bbox 170 358 312 427">
    <p class='ocr_par' dir='ltr' id='par_1_1' title="bbox 170 358 312 427">
     <span class='ocr_line' id='line_1_1' title="bbox 170 358 312 427; baseline -0.014 0"><span class='ocrx_word' id='word_1_1' title='bbox 170 358 312 427; x_wconf 69' lang='grc' dir='ltr'><strong>11Ἱ9</strong></span> 
     </span>
    </p>
   </div>
   <div class='ocr_carea' id='block_1_2' title="bbox 179 525 1618 539">
    <p class='ocr_par' dir='ltr' id='par_1_2' title="bbox 179 525 1618 539">
     <span class='ocr_line' id='line_1_2' title="bbox 179 525 1618 539; baseline -0.002 0"><span class='ocrx_word' id='word_1_2' title='bbox 179 525 1618 539; x_wconf 60' lang='lat'><strong>-.—-————_—————-———</strong></span> 
     </span>
    </p>
   </div>
   <div class='ocr_carea' id='block_1_3' title="bbox 173 526 2134 562">
    <p class='ocr_par' dir='ltr' id='par_1_3' title="bbox 173 526 2134 562">
     <span class='ocr_line' id='line_1_3' title="bbox 173 526 2134 562; baseline -0.001 -6"><span class='ocrx_word' id='word_1_3' title='bbox 173 526 2134 562; x_wconf 61' lang='lat' dir='ltr'>ww</span> 
     </span>
    </p>
   </div>
   <div class='ocr_carea' id='block_1_4' title="bbox 1508 361 2064 423">
    <p class='ocr_par' dir='ltr' id='par_1_4' title="bbox 1508 361 2064 423">
     <span class='ocr_line' id='line_1_4' title="bbox 1508 361 2064 423; baseline -0.002 -1"><span class='ocrx_word' id='word_1_4' title='bbox 1508 362 1685 422; x_wconf 77' lang='lat' dir='ltr'><strong>VITA</strong></span> <span class='ocrx_word' id='word_1_5' title='bbox 1726 364 1785 423; x_wconf 91' lang='lat' dir='ltr'><strong>S.</strong></span> <span class='ocrx_word' id='word_1_6' title='bbox 1831 361 2064 421; x_wconf 70' lang='grc' dir='ltr'>ιυειε.</span> 
     </span>
    </p>
   </div>
   <div class='ocr_carea' id='block_1_5' title="bbox 3266 362 3408 430">
    <p class='ocr_par' dir='ltr' id='par_1_5' title="bbox 3266 362 3408 430">
     <span class='ocr_line' id='line_1_5' title="bbox 3266 362 3408 430; baseline -0.007 -1"><span class='ocrx_word' id='word_1_7' title='bbox 3266 362 3408 430; x_wconf 76' lang='grc'><strong>1130</strong></span> 
     </span>
    </p>
   </div>
   <div class='ocr_carea' id='block_1_6' title="bbox 2146 526 3380 568">
    <p class='ocr_par' dir='ltr' id='par_1_6' title="bbox 2146 526 3380 568">
     <span class='ocr_line' id='line_1_6' title="bbox 2146 526 3380 568; baseline 0.006 -14"><span class='ocrx_word' id='word_1_8' title='bbox 2146 526 3380 568; x_wconf 65' lang='lat' dir='ltr'>W</span> 
     </span>
    </p>
   </div>
   <div class='ocr_carea' id='block_1_7' title="bbox 1335 694 2241 816">
    <p class='ocr_par' dir='ltr' id='par_1_7' title="bbox 1335 694 2241 816">
     <span class='ocr_line' id='line_1_7' title="bbox 1335 694 2241 816; baseline 0.002 -9"><span class='ocrx_word' id='word_1_9' title='bbox 1335 694 2241 816; x_wconf 86' lang='grc' dir='ltr'><strong>ΥΠΟΜΝΗΜΑ</strong></span> 
     </span>
    </p>
   </div>
   <div class='ocr_carea' id='block_1_8' title="bbox 1739 906 1848 960">
    <p class='ocr_par' dir='ltr' id='par_1_8' title="bbox 1739 906 1848 960">
     <span class='ocr_line' id='line_1_8' title="bbox 1739 906 1848 960; baseline -0.018 0"><span class='ocrx_word' id='word_1_10' title='bbox 1739 906 1848 960; x_wconf 83' lang='grc' dir='ltr'><strong>ΕΙΣ</strong></span> 
     </span>
    </p>
   </div>
   <div class='ocr_carea' id='block_1_9' title="bbox 1406 1075 2107 1207">
    <p class='ocr_par' dir='ltr' id='par_1_9' title="bbox 1406 1075 2107 1207">
     <span class='ocr_line' id='line_1_9' title="bbox 1406 1075 2107 1207; baseline -0.001 0"><span class='ocrx_word' id='word_1_11' title='bbox 1406 1075 2107 1207; x_wconf 84' lang='grc' dir='ltr'><strong>ΛΟΥΚΑΝ</strong></span> 
     </span>
    </p>
   </div>
   <div class='ocr_carea' id='block_1_10' title="bbox 502 1343 1734 1438">
    <p class='ocr_par' dir='ltr' id='par_1_10' title="bbox 502 1343 1734 1438">
     <span class='ocr_line' id='line_1_10' title="bbox 502 1343 1734 1438; baseline -0.001 -6"><span class='ocrx_word' id='word_1_12' title='bbox 502 1351 727 1438; x_wconf 90' lang='lat' dir='ltr'><strong>TON</strong></span> <span class='ocrx_word' id='word_1_13' title='bbox 803 1343 1138 1437; x_wconf 85' lang='grc' dir='ltr'><strong>ΑΓΙΟΝ</strong></span> <span class='ocrx_word' id='word_1_14' title='bbox 1213 1345 1734 1434; x_wconf 83' lang='grc' dir='ltr'><strong>ΑΠΟΣΤΟΛ</strong></span> 
     </span>
    </p>
   </div>
   <div class='ocr_carea' id='block_1_11' title="bbox 1835 1343 3110 1438">
    <p class='ocr_par' dir='ltr' id='par_1_11' title="bbox 1835 1345 3110 1435">
     <span class='ocr_line' id='line_1_11' title="bbox 1835 1345 3110 1435; baseline -0.002 -4"><span class='ocrx_word' id='word_1_15' title='bbox 1835 1347 1895 1431; x_wconf 85' lang='grc' dir='ltr'><strong>Ν</strong></span> <span class='ocrx_word' id='word_1_16' title='bbox 1970 1345 2163 1429; x_wconf 87' lang='grc' dir='ltr'><strong>ΚΑΙ</strong></span> <span class='ocrx_word' id='word_1_17' title='bbox 2238 1346 3110 1435; x_wconf 87' lang='grc' dir='ltr'><strong>ΕΥΑΓΓΕΛΙΣΤΗΝ.</strong></span> 
     </span>
    </p>
   </div>
   <div class='ocr_carea' id='block_1_12' title="bbox 1277 1722 2305 1828">
    <p class='ocr_par' dir='ltr' id='par_1_12' title="bbox 1277 1722 2305 1828">
     <span class='ocr_line' id='line_1_12' title="bbox 1277 1722 2305 1828; baseline -0.001 -1"><span class='ocrx_word' id='word_1_18' title='bbox 1277 1722 2305 1828; x_wconf 81' lang='lat' dir='ltr'><strong>COMMENTARIUS</strong></span> 
     </span>
    </p>
   </div>
   <div class='ocr_carea' id='block_1_13' title="bbox 904 1966 1102 2121">
    <p class='ocr_par' dir='ltr' id='par_1_13' title="bbox 904 1966 1102 2121">
     <span class='ocr_line' id='line_1_13' title="bbox 904 1966 1102 2121; baseline 0.04 -8"><span class='ocrx_word' id='word_1_19' title='bbox 904 1966 1102 2121; x_wconf 81' lang='grc' dir='ltr'><strong>ΙΝ</strong></span> 
     </span>
    </p>
   </div>
   <div class='ocr_carea' id='block_1_14' title="bbox 1264 1965 1877 2119">
    <p class='ocr_par' dir='ltr' id='par_1_14' title="bbox 1264 1965 1877 2119">
     <span class='ocr_line' id='line_1_14' title="bbox 1264 1965 1877 2119; baseline 0.008 -4"><span class='ocrx_word' id='word_1_20' title='bbox 1264 1965 1877 2119; x_wconf 89' lang='lat' dir='ltr'><strong>DIVUM</strong></span> 
     </span>
    </p>
   </div>
   <div class='ocr_carea' id='block_1_15' title="bbox 2038 1962 2672 2122">
    <p class='ocr_par' dir='ltr' id='par_1_15' title="bbox 2038 1962 2672 2122">
     <span class='ocr_line' id='line_1_15' title="bbox 2038 1962 2672 2122; baseline 0.006 -6"><span class='ocrx_word' id='word_1_21' title='bbox 2038 1962 2672 2122; x_wconf 83' lang='lat' dir='ltr'><strong>LUCAM</strong></span> 
     </span>
    </p>
   </div>
   <div class='ocr_carea' id='block_1_16' title="bbox 1214 2231 2368 2290">
    <p class='ocr_par' dir='ltr' id='par_1_16' title="bbox 1214 2231 2368 2290">
     <span class='ocr_line' id='line_1_16' title="bbox 1214 2231 2368 2290; baseline 0 -3"><span class='ocrx_word' id='word_1_22' title='bbox 1214 2231 1626 2289; x_wconf 80' lang='lat' dir='ltr'><strong>APOSTOLUM</strong></span> <span class='ocrx_word' id='word_1_23' title='bbox 1669 2234 1755 2289; x_wconf 84' lang='lat' dir='ltr'><strong>ET</strong></span> <span class='ocrx_word' id='word_1_24' title='bbox 1813 2233 2368 2290; x_wconf 74' lang='lat' dir='ltr'><strong>EVANGELISTAM.</strong></span> 
     </span>
    </p>
   </div>
   <div class='ocr_carea' id='block_1_17' title="bbox 900 2391 2663 2458">
    <p class='ocr_par' dir='ltr' id='par_1_17' title="bbox 900 2391 2663 2458">
     <span class='ocr_line' id='line_1_17' title="bbox 900 2391 2663 2458; baseline 0.001 -16"><span class='ocrx_word' id='word_1_25' title='bbox 900 2391 1097 2455; x_wconf 63' lang='lat' dir='ltr'><strong>&#39;(Grcce</strong></span> <span class='ocrx_word' id='word_1_26' title='bbox 1124 2401 1178 2444; x_wconf 75' lang='lat' dir='ltr'><strong>et</strong></span> <span class='ocrx_word' id='word_1_27' title='bbox 1204 2394 1374 2443; x_wconf 76' lang='lat' dir='ltr'><strong>Latine</strong></span> <span class='ocrx_word' id='word_1_28' title='bbox 1398 2394 1454 2445; x_wconf 86' lang='lat' dir='ltr'><strong>ad</strong></span> <span class='ocrx_word' id='word_1_29' title='bbox 1483 2395 1664 2443; x_wconf 80' lang='lat' dir='ltr'><strong>calcem</strong></span> <span class='ocrx_word' id='word_1_30' title='bbox 1685 2391 1904 2455; x_wconf 84' lang='lat' dir='ltr'><strong>Operum</strong></span> <span class='ocrx_word' id='word_1_31' title='bbox 1932 2395 2213 2447; x_wconf 72' lang='lat' dir='ltr'><strong>meumenii.</strong></span> <span class='ocrx_word' id='word_1_32' title='bbox 2236 2396 2392 2446; x_wconf 83' lang='lat' dir='ltr'><strong>Paris.</strong></span> <span class='ocrx_word' id='word_1_33' title='bbox 2418 2395 2524 2444; x_wconf 76' lang='grc'><strong>1631</strong></span> <span class='ocrx_word' id='word_1_34' title='bbox 2556 2396 2663 2458; x_wconf 73' lang='lat' dir='ltr'><strong>fol.)</strong></span> 
     </span>
    </p>
   </div>
   <div class='ocr_carea' id='block_1_18' title="bbox 1740 2572 1809 2585">
    <p class='ocr_par' dir='ltr' id='par_1_18' title="bbox 1740 2572 1809 2585">
     <span class='ocr_line' id='line_1_18' title="bbox 1740 2572 1809 2585; baseline 0.029 -2"><span class='ocrx_word' id='word_1_35' title='bbox 1740 2572 1809 2585; x_wconf 75' lang='lat'>_</span> 
     </span>
    </p>
   </div>
   <div class='ocr_carea' id='block_1_19' title="bbox 228 2719 1734 2797">
    <p class='ocr_par' dir='ltr' id='par_1_19' title="bbox 228 2719 1726 2797">
     <span class='ocr_line' id='line_1_19' title="bbox 228 2719 1726 2797; baseline 0.002 -24"><span class='ocrx_word' id='word_1_36' title='bbox 228 2719 309 2776; x_wconf 65' lang='grc' dir='ltr'><strong>Χ.</strong></span> <span class='ocrx_word' id='word_1_37' title='bbox 336 2722 397 2775; x_wconf 78' lang='lat' dir='ltr'><strong>Ei</strong></span> <span class='ocrx_word' id='word_1_38' title='bbox 444 2723 535 2776; x_wconf 78' lang='grc' dir='ltr'>καὶ</span> <span class='ocrx_word' id='word_1_39' title='bbox 583 2723 792 2778; x_wconf 80' lang='grc' dir='ltr'>δικαίου</span> <span class='ocrx_word' id='word_1_40' title='bbox 829 2725 1051 2797; x_wconf 74' lang='grc' dir='ltr'>μνήμην</span> <span class='ocrx_word' id='word_1_41' title='bbox 1088 2726 1205 2795; x_wconf 80' lang='grc' dir='ltr'>μετ’</span> <span class='ocrx_word' id='word_1_42' title='bbox 1231 2725 1521 2796; x_wconf 76' lang='grc' dir='ltr'><strong>ἐγκωμίων</strong></span> <span class='ocrx_word' id='word_1_43' title='bbox 1555 2724 1726 2778; x_wconf 80' lang='grc' dir='ltr'>τελεῖ-</span> 
     </span>
    </p>
   </div>
   <div class='ocr_carea' id='block_1_20' title="bbox 1835 2719 3410 2797">
    <p class='ocr_par' dir='ltr' id='par_1_20' title="bbox 1900 2724 3410 2794">
     <span class='ocr_line' id='line_1_20' title="bbox 1900 2724 3410 2794; baseline 0.003 -13"><span class='ocrx_word' id='word_1_44' title='bbox 1900 2728 1941 2781; x_wconf 85' lang='lat' dir='ltr'><strong>l.</strong></span> <span class='ocrx_word' id='word_1_45' title='bbox 1966 2726 2022 2780; x_wconf 87' lang='lat' dir='ltr'><strong>Si</strong></span> <span class='ocrx_word' id='word_1_46' title='bbox 2050 2727 2183 2794; x_wconf 74' lang='lat' dir='ltr'><strong>justi</strong></span> <span class='ocrx_word' id='word_1_47' title='bbox 2202 2724 2519 2781; x_wconf 84' lang='lat' dir='ltr'><strong>memoriam</strong></span> <span class='ocrx_word' id='word_1_48' title='bbox 2535 2740 2659 2780; x_wconf 90' lang='lat' dir='ltr'><strong>cum</strong></span> <span class='ocrx_word' id='word_1_49' title='bbox 2678 2724 2939 2781; x_wconf 83' lang='lat' dir='ltr'><strong>cncomiis</strong></span> <span class='ocrx_word' id='word_1_50' title='bbox 2966 2724 3241 2783; x_wconf 87' lang='lat' dir='ltr'><strong>celebrare</strong></span> <span class='ocrx_word' id='word_1_51' title='bbox 3269 2728 3410 2787; x_wconf 80' lang='lat' dir='ltr'><strong>divi-</strong></span> 
     </span>
    </p>
   </div>
   <div class='ocr_carea' id='block_1_21' title="bbox 155 2812 1734 2886">
    <p class='ocr_par' dir='ltr' id='par_1_21' title="bbox 155 2812 1734 2886">
     <span class='ocr_line' id='line_1_21' title="bbox 155 2812 1734 2886; baseline 0.004 -22"><span class='ocrx_word' id='word_1_52' title='bbox 155 2812 287 2865; x_wconf 86' lang='grc' dir='ltr'>σθαι</span> <span class='ocrx_word' id='word_1_53' title='bbox 346 2812 486 2873; x_wconf 78' lang='grc' dir='ltr'>θεῖός</span> <span class='ocrx_word' id='word_1_54' title='bbox 537 2830 621 2878; x_wconf 86' lang='grc' dir='ltr'><strong>τις</strong></span> <span class='ocrx_word' id='word_1_55' title='bbox 676 2816 816 2885; x_wconf 75' lang='grc' dir='ltr'>ἀνὴρ</span> <span class='ocrx_word' id='word_1_56' title='bbox 845 2818 939 2870; x_wconf 78' lang='grc' dir='ltr'>καὶ</span> <span class='ocrx_word' id='word_1_57' title='bbox 989 2816 1147 2885; x_wconf 73' lang='grc' dir='ltr'>σοφὸς</span> <span class='ocrx_word' id='word_1_58' title='bbox 1177 2818 1243 2869; x_wconf 80' lang='grc' dir='ltr'>τὰ</span> <span class='ocrx_word' id='word_1_59' title='bbox 1280 2816 1399 2869; x_wconf 87' lang='grc' dir='ltr'>θεῖα</span> <span class='ocrx_word' id='word_1_60' title='bbox 1436 2817 1734 2886; x_wconf 83' lang='grc' dir='ltr'>νομοθετεῖ,</span> 
     </span>
    </p>
   </div>
   <div class='ocr_carea' id='block_1_22' title="bbox 153 2903 1737 2976">
    <p class='ocr_par' dir='ltr' id='par_1_22' title="bbox 153 2903 1737 2976">
     <span class='ocr_line' id='line_1_22' title="bbox 153 2903 1737 2976; baseline 0.001 -18"><span class='ocrx_word' id='word_1_61' title='bbox 153 2905 338 2974; x_wconf 67' lang='grc' dir='ltr'>πόσην</span> <span class='ocrx_word' id='word_1_62' title='bbox 392 2903 500 2975; x_wconf 75' lang='grc' dir='ltr'>ἄρα</span> <span class='ocrx_word' id='word_1_63' title='bbox 557 2903 635 2972; x_wconf 82' lang='grc' dir='ltr'><strong>τῷ</strong></span> <span class='ocrx_word' id='word_1_64' title='bbox 678 2904 963 2975; x_wconf 83' lang='grc' dir='ltr'>ἁποστὸλῳ</span> <span class='ocrx_word' id='word_1_65' title='bbox 1017 2906 1255 2974; x_wconf 82' lang='grc' dir='ltr'><strong>Χριστοῦ</strong></span> <span class='ocrx_word' id='word_1_66' title='bbox 1307 2909 1737 2976; x_wconf 74' lang='grc' dir='ltr'><strong>συνεισενεγκεῖν</strong></span> 
     </span>
    </p>
   </div>
   <div class='ocr_carea' id='block_1_23' title="bbox 151 2994 1733 3067">
    <p class='ocr_par' dir='ltr' id='par_1_23' title="bbox 151 2994 1733 3067">
     <span class='ocr_line' id='line_1_23' title="bbox 151 2994 1733 3067; baseline 0.003 -22"><span class='ocrx_word' id='word_1_67' title='bbox 151 2995 424 3065; x_wconf 79' lang='grc' dir='ltr'>προσήκει</span> <span class='ocrx_word' id='word_1_68' title='bbox 474 2994 588 3066; x_wconf 85' lang='grc' dir='ltr'>τὴν·</span> <span class='ocrx_word' id='word_1_69' title='bbox 629 2995 940 3066; x_wconf 73' lang='grc' dir='ltr'>εὐφημίανς</span> <span class='ocrx_word' id='word_1_70' title='bbox 974 2996 1177 3049; x_wconf 82' lang='grc' dir='ltr'>Τοῦτον</span> <span class='ocrx_word' id='word_1_71' title='bbox 1212 2996 1319 3067; x_wconf 77' lang='grc' dir='ltr'><strong>γὰρ</strong></span> <span class='ocrx_word' id='word_1_72' title='bbox 1353 2998 1385 3067; x_wconf 75' lang='grc' dir='ltr'>ἡ</span> <span class='ocrx_word' id='word_1_73' title='bbox 1417 2996 1733 3067; x_wconf 80' lang='grc' dir='ltr'><strong>δικαιοσύνη</strong></span> 
     </span>
    </p>
   </div>
   <div class='ocr_carea' id='block_1_24' title="bbox 158 3084 1736 3158">
    <p class='ocr_par' dir='ltr' id='par_1_24' title="bbox 158 3084 1736 3158">
     <span class='ocr_line' id='line_1_24' title="bbox 158 3084 1736 3158; baseline 0.003 -23"><span class='ocrx_word' id='word_1_74' title='bbox 158 3087 260 3136; x_wconf 74' lang='grc' dir='ltr'><strong>καὶ</strong></span> <span class='ocrx_word' id='word_1_75' title='bbox 287 3086 385 3156; x_wconf 81' lang='grc' dir='ltr'><strong>τῆς</strong></span> <span class='ocrx_word' id='word_1_76' title='bbox 416 3086 721 3157; x_wconf 80' lang='grc' dir='ltr'>ἀποστολῆς</span> <span class='ocrx_word' id='word_1_77' title='bbox 755 3084 922 3154; x_wconf 80' lang='grc' dir='ltr'>ἄξιον,</span> <span class='ocrx_word' id='word_1_78' title='bbox 951 3088 1043 3141; x_wconf 77' lang='grc' dir='ltr'><strong>καὶ</strong></span> <span class='ocrx_word' id='word_1_79' title='bbox 1080 3089 1174 3141; x_wconf 77' lang='grc' dir='ltr'>τοῦ</span> <span class='ocrx_word' id='word_1_80' title='bbox 1201 3088 1483 3158; x_wconf 81' lang='grc' dir='ltr'>ἀγαπητὸν</span> <span class='ocrx_word' id='word_1_81' title='bbox 1507 3087 1736 3157; x_wconf 86' lang='grc' dir='ltr'>ὀφθῆναι</span> 
     </span>
    </p>
   </div>
   <div class='ocr_carea' id='block_1_25' title="bbox 151 3177 1732 3252">
    <p class='ocr_par' dir='ltr' id='par_1_25' title="bbox 151 3177 1732 3252">
     <span class='ocr_line' id='line_1_25' title="bbox 151 3177 1732 3252; baseline 0.003 -24"><span class='ocrx_word' id='word_1_82' title='bbox 151 3177 234 3245; x_wconf 71' lang='grc' dir='ltr'>τῷ</span> <span class='ocrx_word' id='word_1_83' title='bbox 269 3178 466 3248; x_wconf 83' lang='grc' dir='ltr'>Παύλῳ</span> <span class='ocrx_word' id='word_1_84' title='bbox 509 3178 903 3249; x_wconf 71' lang='grc' dir='ltr'><strong>διαφερόντως,</strong></span> <span class='ocrx_word' id='word_1_85' title='bbox 954 3182 1277 3251; x_wconf 83' lang='grc' dir='ltr'>πεποίηκεν.</span> <span class='ocrx_word' id='word_1_86' title='bbox 1322 3182 1397 3235; x_wconf 79' lang='grc' dir='ltr'>Ού</span> <span class='ocrx_word' id='word_1_87' title='bbox 1435 3180 1542 3252; x_wconf 75' lang='grc' dir='ltr'>μὴν</span> <span class='ocrx_word' id='word_1_88' title='bbox 1613 3179 1732 3233; x_wconf 79' lang='grc' dir='ltr'>ἀλλ’</span> 
     </span>
    </p>
   </div>
   <div class='ocr_carea' id='block_1_26' title="bbox 162 3261 1736 3342">
    <p class='ocr_par' dir='ltr' id='par_1_26' title="bbox 162 3261 1736 3342">
     <span class='ocr_line' id='line_1_26' title="bbox 162 3261 1736 3342; baseline 0.006 -25"><span class='ocrx_word' id='word_1_89' title='bbox 162 3266 360 3335; x_wconf 72' lang='grc' dir='ltr'>ἐπειδὴ</span> <span class='ocrx_word' id='word_1_90' title='bbox 396 3261 550 3330; x_wconf 73' lang='grc' dir='ltr'>οὗτος</span> <span class='ocrx_word' id='word_1_91' title='bbox 598 3270 655 3320; x_wconf 82' lang='grc' dir='ltr'>ὲν</span> <span class='ocrx_word' id='word_1_92' title='bbox 682 3269 759 3338; x_wconf 80' lang='grc' dir='ltr'><strong>τῷ</strong></span> <span class='ocrx_word' id='word_1_93' title='bbox 816 3268 1131 3340; x_wconf 79' lang='grc' dir='ltr'>Εὐαγγελίῳ</span> <span class='ocrx_word' id='word_1_94' title='bbox 1182 3266 1311 3342; x_wconf 73' lang='grc' dir='ltr'>εὗρε</span> <span class='ocrx_word' id='word_1_95' title='bbox 1359 3274 1449 3326; x_wconf 67' lang='grc' dir='ltr'>τὸν</span> <span class='ocrx_word' id='word_1_96' title='bbox 1493 3274 1736 3339; x_wconf 70' lang='grc' dir='ltr'>ἔπαινον,</span> 
     </span>
    </p>
   </div>
   <div class='ocr_carea' id='block_1_27' title="bbox 156 3358 1734 3435">
    <p class='ocr_par' dir='ltr' id='par_1_27' title="bbox 156 3358 1734 3435">
     <span class='ocr_line' id='line_1_27' title="bbox 156 3358 1734 3435; baseline 0.005 -26"><span class='ocrx_word' id='word_1_97' title='bbox 156 3358 380 3429; x_wconf 81' lang='grc' dir='ltr'>μακρὰν</span> <span class='ocrx_word' id='word_1_98' title='bbox 403 3359 612 3428; x_wconf 86' lang='grc' dir='ltr'>χαίρειν</span> <span class='ocrx_word' id='word_1_99' title='bbox 632 3363 743 3423; x_wconf 86' lang='grc' dir='ltr'>τοῖς</span> <span class='ocrx_word' id='word_1_100' title='bbox 761 3361 869 3413; x_wconf 84' lang='grc' dir='ltr'>τῶν</span> <span class='ocrx_word' id='word_1_101' title='bbox 888 3363 1176 3434; x_wconf 73' lang='grc' dir='ltr'><strong>ἐγκωμίων</strong></span> <span class='ocrx_word' id='word_1_102' title='bbox 1196 3366 1500 3435; x_wconf 71' lang='grc' dir='ltr'>φράσαντες</span> <span class='ocrx_word' id='word_1_103' title='bbox 1522 3366 1734 3433; x_wconf 84' lang='grc' dir='ltr'>νόμοις,</span> 
     </span>
    </p>
   </div>
   <div class='ocr_carea' id='block_1_28' title="bbox 151 3451 1739 3530">
    <p class='ocr_par' dir='ltr' id='par_1_28' title="bbox 151 3451 1739 3530">
     <span class='ocr_line' id='line_1_28' title="bbox 151 3451 1739 3530; baseline 0.004 -25"><span class='ocrx_word' id='word_1_104' title='bbox 151 3454 261 3505; x_wconf 78' lang='grc' dir='ltr'>ὅσα</span> <span class='ocrx_word' id='word_1_105' title='bbox 291 3451 400 3504; x_wconf 81' lang='grc' dir='ltr'><strong>τῶν</strong></span> <span class='ocrx_word' id='word_1_106' title='bbox 451 3453 662 3505; x_wconf 73' lang='grc' dir='ltr'>ἐκείνου</span> <span class='ocrx_word' id='word_1_107' title='bbox 706 3452 1000 3519; x_wconf 77' lang='grc' dir='ltr'>διεξελθεῖν</span> <span class='ocrx_word' id='word_1_108' title='bbox 1057 3457 1378 3525; x_wconf 86' lang='grc' dir='ltr'>ἀναγκαῖον,</span> <span class='ocrx_word' id='word_1_109' title='bbox 1421 3458 1739 3530; x_wconf 77' lang='grc' dir='ltr'>ὲνίστορίας</span> 
     </span>
    </p>
   </div>
   <div class='ocr_carea' id='block_1_29' title="bbox 152 3544 704 3616">
    <p class='ocr_par' dir='ltr' id='par_1_29' title="bbox 152 3544 704 3616">
     <span class='ocr_line' id='line_1_29' title="bbox 152 3544 704 3616; baseline 0.007 -20"><span class='ocrx_word' id='word_1_110' title='bbox 152 3545 300 3616; x_wconf 70' lang='grc' dir='ltr'>λόγῳ</span> <span class='ocrx_word' id='word_1_111' title='bbox 328 3544 704 3615; x_wconf 74' lang='grc' dir='ltr'>διαλεξόμεθα.</span> 
     </span>
    </p>
   </div>
   <div class='ocr_carea' id='block_1_30' title="bbox 229 3634 1737 3710">
    <p class='ocr_par' dir='ltr' id='par_1_30' title="bbox 229 3634 1737 3710">
     <span class='ocr_line' id='line_1_30' title="bbox 229 3634 1737 3710; baseline 0.003 -20"><span class='ocrx_word' id='word_1_112' title='bbox 229 3638 305 3693; x_wconf 85' lang='lat' dir='ltr'><strong>B’.</strong></span> <span class='ocrx_word' id='word_1_113' title='bbox 334 3638 429 3701; x_wconf 87' lang='grc' dir='ltr'>Τίς</span> <span class='ocrx_word' id='word_1_114' title='bbox 468 3640 569 3692; x_wconf 78' lang='grc' dir='ltr'><strong>οὐκ</strong></span> <span class='ocrx_word' id='word_1_115' title='bbox 604 3634 712 3690; x_wconf 74' lang='grc' dir='ltr'>οἶδε</span> <span class='ocrx_word' id='word_1_116' title='bbox 756 3638 852 3709; x_wconf 82' lang='grc' dir='ltr'>τὴν</span> <span class='ocrx_word' id='word_1_117' title='bbox 904 3639 1199 3710; x_wconf 80' lang='grc' dir='ltr'>Ἀντιόχου,</span> <span class='ocrx_word' id='word_1_118' title='bbox 1227 3641 1374 3703; x_wconf 77' lang='grc' dir='ltr'>ὅπως</span> <span class='ocrx_word' id='word_1_119' title='bbox 1408 3641 1504 3710; x_wconf 83' lang='grc' dir='ltr'>μὲν</span> <span class='ocrx_word' id='word_1_120' title='bbox 1536 3642 1737 3707; x_wconf 84' lang='grc' dir='ltr'>Οέσεώς</span> 
     </span>
    </p>
   </div>
   <div class='ocr_carea' id='block_1_31' title="bbox 151 3732 1731 3805">
    <p class='ocr_par' dir='ltr' id='par_1_31' title="bbox 151 3732 1731 3805">
     <span class='ocr_line' id='line_1_31' title="bbox 151 3732 1731 3805; baseline 0.003 -20"><span class='ocrx_word' id='word_1_121' title='bbox 151 3750 222 3786; x_wconf 82' lang='grc' dir='ltr'><strong>τε</strong></span> <span class='ocrx_word' id='word_1_122' title='bbox 265 3736 358 3787; x_wconf 74' lang='grc' dir='ltr'>καὶ</span> <span class='ocrx_word' id='word_1_123' title='bbox 392 3734 677 3803; x_wconf 79' lang='grc' dir='ltr'>μεγέθους,</span> <span class='ocrx_word' id='word_1_124' title='bbox 719 3733 869 3795; x_wconf 83' lang='grc' dir='ltr'>ὅπως</span> <span class='ocrx_word' id='word_1_125' title='bbox 898 3732 955 3785; x_wconf 86' lang='grc' dir='ltr'>δὲ</span> <span class='ocrx_word' id='word_1_126' title='bbox 989 3734 1130 3805; x_wconf 82' lang='grc' dir='ltr'>ὅρων</span> <span class='ocrx_word' id='word_1_127' title='bbox 1164 3734 1307 3805; x_wconf 68' lang='grc' dir='ltr'>ἔχεις</span> <span class='ocrx_word' id='word_1_128' title='bbox 1355 3736 1449 3788; x_wconf 76' lang='grc' dir='ltr'><strong>καὶ</strong></span> <span class='ocrx_word' id='word_1_129' title='bbox 1503 3736 1590 3792; x_wconf 80' lang='grc' dir='ltr'>οἶα</span> <span class='ocrx_word' id='word_1_130' title='bbox 1649 3755 1731 3801; x_wconf 87' lang='grc' dir='ltr'><strong>τις</strong></span> 
     </span>
    </p>
   </div>
   <div class='ocr_carea' id='block_1_32' title="bbox 152 3822 1738 3895">
    <p class='ocr_par' dir='ltr' id='par_1_32' title="bbox 152 3822 1738 3895">
     <span class='ocr_line' id='line_1_32' title="bbox 152 3822 1738 3895; baseline 0 -18"><span class='ocrx_word' id='word_1_131' title='bbox 152 3824 321 3893; x_wconf 76' lang='grc' dir='ltr'>αὕτη,</span> <span class='ocrx_word' id='word_1_132' title='bbox 368 3823 464 3876; x_wconf 74' lang='grc' dir='ltr'><strong>καὶ</strong></span> <span class='ocrx_word' id='word_1_133' title='bbox 493 3822 699 3892; x_wconf 82' lang='grc' dir='ltr'>ὁπόσην</span> <span class='ocrx_word' id='word_1_134' title='bbox 731 3822 956 3893; x_wconf 81' lang='grc' dir='ltr'>νέμεται</span> <span class='ocrx_word' id='word_1_135' title='bbox 1010 3827 1137 3893; x_wconf 84' lang='grc' dir='ltr'>γῆν,</span> <span class='ocrx_word' id='word_1_136' title='bbox 1160 3826 1257 3895; x_wconf 80' lang='grc' dir='ltr'>οἵῳ</span> <span class='ocrx_word' id='word_1_137' title='bbox 1290 3824 1344 3877; x_wconf 81' lang='grc' dir='ltr'>δὲ</span> <span class='ocrx_word' id='word_1_138' title='bbox 1372 3824 1592 3891; x_wconf 81' lang='grc' dir='ltr'>ἄρδεται</span> <span class='ocrx_word' id='word_1_139' title='bbox 1641 3842 1738 3877; x_wconf 81' lang='grc' dir='ltr'>πο-</span> 
     </span>
    </p>
   </div>
   <div class='ocr_carea' id='block_1_33' title="bbox 154 3911 1742 3987">
    <p class='ocr_par' dir='ltr' id='par_1_33' title="bbox 154 3911 1742 3987">
     <span class='ocr_line' id='line_1_33' title="bbox 154 3911 1742 3987; baseline 0.001 -19"><span class='ocrx_word' id='word_1_140' title='bbox 154 3916 352 3986; x_wconf 74' lang='grc' dir='ltr'>ταμῷς</span> <span class='ocrx_word' id='word_1_141' title='bbox 399 3913 655 3987; x_wconf 77' lang='grc' dir='ltr'>Ὀρόντης</span> <span class='ocrx_word' id='word_1_142' title='bbox 684 3911 835 3981; x_wconf 78' lang='grc' dir='ltr'>οὗτός</span> <span class='ocrx_word' id='word_1_143' title='bbox 889 3920 1068 3971; x_wconf 65' lang='grc' dir='ltr'>ἔστιν·</span> <span class='ocrx_word' id='word_1_144' title='bbox 1102 3917 1230 3971; x_wconf 75' lang='grc' dir='ltr'>ἔνθα</span> <span class='ocrx_word' id='word_1_145' title='bbox 1260 3919 1353 3970; x_wconf 78' lang='grc' dir='ltr'><strong>καὶ</strong></span> <span class='ocrx_word' id='word_1_146' title='bbox 1387 3917 1599 3986; x_wconf 86' lang='grc' dir='ltr'>πρῶτον</span> <span class='ocrx_word' id='word_1_147' title='bbox 1650 3917 1742 3970; x_wconf 78' lang='grc' dir='ltr'><strong>ἆν-</strong></span> 
     </span>
    </p>
   </div>
   <div class='ocr_carea' id='block_1_34' title="bbox 158 4009 1734 4083">
    <p class='ocr_par' dir='ltr' id='par_1_34' title="bbox 158 4009 1734 4083">
     <span class='ocr_line' id='line_1_34' title="bbox 158 4009 1734 4083; baseline 0.004 -23"><span class='ocrx_word' id='word_1_148' title='bbox 158 4009 378 4078; x_wconf 79' lang='grc' dir='ltr'>θρωπος</span> <span class='ocrx_word' id='word_1_149' title='bbox 427 4013 529 4081; x_wconf 80' lang='grc' dir='ltr'>τὴν</span> <span class='ocrx_word' id='word_1_150' title='bbox 578 4012 673 4065; x_wconf 80' lang='grc' dir='ltr'>τοῦ</span> <span class='ocrx_word' id='word_1_151' title='bbox 711 4013 1039 4080; x_wconf 85' lang='grc' dir='ltr'>Χριστιανοῦ</span> <span class='ocrx_word' id='word_1_152' title='bbox 1093 4012 1282 4081; x_wconf 83' lang='grc' dir='ltr'>κλῆσιν</span> <span class='ocrx_word' id='word_1_153' title='bbox 1340 4011 1734 4083; x_wconf 66' lang='grc' dir='ltr'>πεπλούτηκιψ</span> 
     </span>
    </p>
   </div>
   <div class='ocr_carea' id='block_1_35' title="bbox 156 4095 1738 4174">
    <p class='ocr_par' dir='ltr' id='par_1_35' title="bbox 156 4095 1738 4174">
     <span class='ocr_line' id='line_1_35' title="bbox 156 4095 1738 4174; baseline 0.003 -22"><span class='ocrx_word' id='word_1_154' title='bbox 156 4099 219 4164; x_wconf 66' lang='grc' dir='ltr'><strong>ἐξ</strong></span> <span class='ocrx_word' id='word_1_155' title='bbox 266 4095 332 4173; x_wconf 78' lang='grc' dir='ltr'>ἦς</span> <span class='ocrx_word' id='word_1_156' title='bbox 377 4103 405 4153; x_wconf 81' lang='grc' dir='ltr'>ὁ</span> <span class='ocrx_word' id='word_1_157' title='bbox 459 4102 599 4164; x_wconf 86' lang='grc' dir='ltr'>Θείος</span> <span class='ocrx_word' id='word_1_158' title='bbox 648 4104 863 4163; x_wconf 74' lang='grc' dir='ltr'>Λουκᾶς</span> <span class='ocrx_word' id='word_1_159' title='bbox 913 4100 1215 4173; x_wconf 76' lang='grc' dir='ltr'>προελθὼν,</span> <span class='ocrx_word' id='word_1_160' title='bbox 1275 4104 1367 4155; x_wconf 73' lang='grc' dir='ltr'>καὶ</span> <span class='ocrx_word' id='word_1_161' title='bbox 1421 4106 1582 4173; x_wconf 85' lang='grc' dir='ltr'>φύσιν</span> <span class='ocrx_word' id='word_1_162' title='bbox 1638 4105 1738 4174; x_wconf 77' lang='grc' dir='ltr'>μὲν</span> 
     </span>
    </p>
   </div>
   <div class='ocr_carea' id='block_1_36' title="bbox 157 4189 1735 4264">
    <p class='ocr_par' dir='ltr' id='par_1_36' title="bbox 157 4189 1735 4264">
     <span class='ocr_line' id='line_1_36' title="bbox 157 4189 1735 4264; baseline 0.006 -24"><span class='ocrx_word' id='word_1_163' title='bbox 157 4189 460 4258; x_wconf 75' lang='grc' dir='ltr'>ἔχων,οἱάν</span> <span class='ocrx_word' id='word_1_164' title='bbox 488 4193 685 4264; x_wconf 80' lang='grc' dir='ltr'>εὐγενῆ</span> <span class='ocrx_word' id='word_1_165' title='bbox 715 4196 809 4246; x_wconf 75' lang='grc' dir='ltr'><strong>καὶ</strong></span> <span class='ocrx_word' id='word_1_166' title='bbox 844 4193 1127 4264; x_wconf 83' lang='grc' dir='ltr'>φιλότιμον</span> <span class='ocrx_word' id='word_1_167' title='bbox 1161 4194 1259 4264; x_wconf 83' lang='grc' dir='ltr'><strong>(ὡς</strong></span> <span class='ocrx_word' id='word_1_168' title='bbox 1306 4192 1423 4246; x_wconf 72' lang='grc' dir='ltr'>ἔστι</span> <span class='ocrx_word' id='word_1_169' title='bbox 1467 4193 1624 4264; x_wconf 80' lang='grc' dir='ltr'>δῆλον</span> <span class='ocrx_word' id='word_1_170' title='bbox 1677 4196 1735 4262; x_wconf 78' lang='grc' dir='ltr'><strong>ἐξ</strong></span> 
     </span>
    </p>
   </div>
   <div class='ocr_carea' id='block_1_37' title="bbox 157 4276 1735 4360">
    <p class='ocr_par' dir='ltr' id='par_1_37' title="bbox 157 4276 1735 4360">
     <span class='ocr_line' id='line_1_37' title="bbox 157 4276 1735 4360; baseline 0.003 -24"><span class='ocrx_word' id='word_1_171' title='bbox 157 4276 235 4336; x_wconf 85' lang='grc' dir='ltr'>ὦν</span> <span class='ocrx_word' id='word_1_172' title='bbox 275 4286 369 4338; x_wconf 80' lang='grc' dir='ltr'>καὶ</span> <span class='ocrx_word' id='word_1_173' title='bbox 401 4286 515 4354; x_wconf 88' lang='grc' dir='ltr'>βίον</span> <span class='ocrx_word' id='word_1_174' title='bbox 542 4287 715 4357; x_wconf 75' lang='grc' dir='ltr'>ἐφάνη</span> <span class='ocrx_word' id='word_1_175' title='bbox 748 4287 1169 4350; x_wconf 82' lang='grc' dir='ltr'>σπουδαιότατος</span> <span class='ocrx_word' id='word_1_176' title='bbox 1224 4286 1319 4353; x_wconf 83' lang='grc' dir='ltr'>ὢν,</span> <span class='ocrx_word' id='word_1_177' title='bbox 1357 4289 1450 4341; x_wconf 74' lang='grc' dir='ltr'>καὶ</span> <span class='ocrx_word' id='word_1_178' title='bbox 1478 4286 1634 4355; x_wconf 86' lang='grc' dir='ltr'>λόγον</span> <span class='ocrx_word' id='word_1_179' title='bbox 1657 4290 1735 4360; x_wconf 85' lang='grc' dir='ltr'>τῷ</span> 
     </span>
    </p>
   </div>
   <div class='ocr_carea' id='block_1_38' title="bbox 158 4375 1735 4446">
    <p class='ocr_par' dir='ltr' id='par_1_38' title="bbox 158 4375 1735 4446">
     <span class='ocr_line' id='line_1_38' title="bbox 158 4375 1735 4446; baseline 0.004 -24"><span class='ocrx_word' id='word_1_180' title='bbox 158 4378 263 4446; x_wconf 77' lang='grc' dir='ltr'><strong>βίῳ</strong></span> <span class='ocrx_word' id='word_1_181' title='bbox 322 4375 623 4446; x_wconf 82' lang='grc' dir='ltr'>παρασχὼν</span> <span class='ocrx_word' id='word_1_182' title='bbox 679 4377 1059 4445; x_wconf 78' lang='grc' dir='ltr'>οἰκειότατον),</span> <span class='ocrx_word' id='word_1_183' title='bbox 1089 4378 1256 4429; x_wconf 78' lang='grc' dir='ltr'>παντὶ</span> <span class='ocrx_word' id='word_1_184' title='bbox 1287 4377 1342 4429; x_wconf 80' lang='grc' dir='ltr'>δὲ</span> <span class='ocrx_word' id='word_1_185' title='bbox 1370 4376 1639 4446; x_wconf 78' lang='grc' dir='ltr'>σχολάσας</span> <span class='ocrx_word' id='word_1_186' title='bbox 1670 4378 1735 4429; x_wconf 70' lang='grc' dir='ltr'>ὲκ</span> 
     </span>
    </p>
   </div>
   <div class='ocr_carea' id='block_1_39' title="bbox 155 4467 1733 4537">
    <p class='ocr_par' dir='ltr' id='par_1_39' title="bbox 155 4467 1733 4537">
     <span class='ocr_line' id='line_1_39' title="bbox 155 4467 1733 4537; baseline -0.002 -17"><span class='ocrx_word' id='word_1_187' title='bbox 155 4468 345 4531; x_wconf 83' lang='grc' dir='ltr'>παιδὸς</span> <span class='ocrx_word' id='word_1_188' title='bbox 379 4469 485 4523; x_wconf 82' lang='grc' dir='ltr'>εδει</span> <span class='ocrx_word' id='word_1_189' title='bbox 519 4468 788 4534; x_wconf 78' lang='grc' dir='ltr'>παιδείας,</span> <span class='ocrx_word' id='word_1_190' title='bbox 813 4469 915 4537; x_wconf 81' lang='grc' dir='ltr'>τήν</span> <span class='ocrx_word' id='word_1_191' title='bbox 950 4484 1008 4520; x_wconf 88' lang='grc' dir='ltr'><strong>τε</strong></span> <span class='ocrx_word' id='word_1_192' title='bbox 1037 4467 1215 4536; x_wconf 81' lang='grc' dir='ltr'>Σύραν</span> <span class='ocrx_word' id='word_1_193' title='bbox 1236 4468 1329 4521; x_wconf 76' lang='grc' dir='ltr'><strong>καὶ</strong></span> <span class='ocrx_word' id='word_1_194' title='bbox 1364 4468 1627 4521; x_wconf 83' lang='grc' dir='ltr'>Ἰουδαίαν</span> <span class='ocrx_word' id='word_1_195' title='bbox 1654 4469 1733 4530; x_wconf 69' lang='grc' dir='ltr'><strong>εἰς</strong></span> 
     </span>
    </p>
   </div>
   <div class='ocr_carea' id='block_1_40' title="bbox 156 4550 1734 4627">
    <p class='ocr_par' dir='ltr' id='par_1_40' title="bbox 156 4550 1734 4627">
     <span class='ocr_line' id='line_1_40' title="bbox 156 4550 1734 4627; baseline -0.004 -15"><span class='ocrx_word' id='word_1_196' title='bbox 156 4560 329 4627; x_wconf 76' lang='grc' dir='ltr'>ἄκρον</span> <span class='ocrx_word' id='word_1_197' title='bbox 362 4559 545 4627; x_wconf 82' lang='grc' dir='ltr'>φωνὴν</span> <span class='ocrx_word' id='word_1_198' title='bbox 585 4558 921 4625; x_wconf 75' lang='grc' dir='ltr'>παιδευθεὶς,</span> <span class='ocrx_word' id='word_1_199' title='bbox 949 4558 1043 4611; x_wconf 74' lang='grc' dir='ltr'><strong>καὶ</strong></span> <span class='ocrx_word' id='word_1_200' title='bbox 1075 4550 1162 4609; x_wconf 78' lang='grc' dir='ltr'>οἷα</span> <span class='ocrx_word' id='word_1_201' title='bbox 1193 4556 1406 4627; x_wconf 78' lang='grc' dir='ltr'>δένδρον</span> <span class='ocrx_word' id='word_1_202' title='bbox 1450 4556 1586 4624; x_wconf 88' lang='grc' dir='ltr'>πρὸς</span> <span class='ocrx_word' id='word_1_203' title='bbox 1617 4558 1734 4618; x_wconf 82' lang='grc' dir='ltr'>ταῖς</span> 
     </span>
    </p>
   </div>
   <div class='ocr_carea' id='block_1_41' title="bbox 155 4645 1735 4719">
    <p class='ocr_par' dir='ltr' id='par_1_41' title="bbox 155 4645 1735 4719">
     <span class='ocr_line' id='line_1_41' title="bbox 155 4645 1735 4719; baseline -0.003 -19"><span class='ocrx_word' id='word_1_204' title='bbox 155 4652 362 4719; x_wconf 71' lang='grc' dir='ltr'>πηγαῖς</span> <span class='ocrx_word' id='word_1_205' title='bbox 413 4648 654 4719; x_wconf 79' lang='grc' dir='ltr'>ἀνθήσας</span> <span class='ocrx_word' id='word_1_206' title='bbox 711 4649 812 4718; x_wconf 72' lang='grc' dir='ltr'><strong>ήδη</strong></span> <span class='ocrx_word' id='word_1_207' title='bbox 871 4652 965 4701; x_wconf 69' lang='grc' dir='ltr'><strong>καὶ</strong></span> <span class='ocrx_word' id='word_1_208' title='bbox 1015 4646 1269 4715; x_wconf 74' lang='grc' dir='ltr'>αὐξηθεὶς</span> <span class='ocrx_word' id='word_1_209' title='bbox 1299 4648 1365 4716; x_wconf 78' lang='grc' dir='ltr'><strong>τῇ</strong></span> <span class='ocrx_word' id='word_1_210' title='bbox 1419 4645 1540 4698; x_wconf 84' lang='grc' dir='ltr'>κατ’</span> <span class='ocrx_word' id='word_1_211' title='bbox 1569 4645 1735 4709; x_wconf 70' lang='grc' dir='ltr'>αὑτὰς</span> 
     </span>
    </p>
   </div>
   <div class='ocr_carea' id='block_1_42' title="bbox 159 4736 1731 4812">
    <p class='ocr_par' dir='ltr' id='par_1_42' title="bbox 159 4736 1731 4812">
     <span class='ocr_line' id='line_1_42' title="bbox 159 4736 1731 4812; baseline -0.001 -21"><span class='ocrx_word' id='word_1_212' title='bbox 159 4741 363 4812; x_wconf 78' lang='grc' dir='ltr'>μελέτῃ</span> <span class='ocrx_word' id='word_1_213' title='bbox 421 4740 529 4793; x_wconf 81' lang='grc' dir='ltr'>τῶν</span> <span class='ocrx_word' id='word_1_214' title='bbox 608 4739 769 4791; x_wconf 86' lang='grc' dir='ltr'>θείων</span> <span class='ocrx_word' id='word_1_215' title='bbox 828 4739 867 4791; x_wconf 89' lang='grc' dir='ltr'><strong>Γ</strong></span> <span class='ocrx_word' id='word_1_216' title='bbox 873 4744 1060 4809; x_wconf 68' lang='grc' dir='ltr'>ραφῶν</span> <span class='ocrx_word' id='word_1_217' title='bbox 1134 4738 1424 4808; x_wconf 76' lang='grc' dir='ltr'>ὑπερφυῶς</span> <span class='ocrx_word' id='word_1_218' title='bbox 1503 4736 1731 4807; x_wconf 71' lang='grc' dir='ltr'>ῆσκητο.</span> 
     </span>
    </p>
   </div>
   <div class='ocr_carea' id='block_1_43' title="bbox 167 4822 1733 4897">
    <p class='ocr_par' dir='ltr' id='par_1_43' title="bbox 167 4822 1733 4897">
     <span class='ocr_line' id='line_1_43' title="bbox 167 4822 1733 4897; baseline -0.007 -14"><span class='ocrx_word' id='word_1_219' title='bbox 167 4830 403 4897; x_wconf 69' lang='grc' dir='ltr'>Ἐφῂὁου</span> <span class='ocrx_word' id='word_1_220' title='bbox 437 4830 534 4897; x_wconf 81' lang='grc' dir='ltr'>μὲν</span> <span class='ocrx_word' id='word_1_221' title='bbox 554 4826 645 4880; x_wconf 80' lang='grc' dir='ltr'><strong>οὖν</strong></span> <span class='ocrx_word' id='word_1_222' title='bbox 681 4828 1005 4896; x_wconf 77' lang='grc' dir='ltr'>ἁπτόμενος,</span> <span class='ocrx_word' id='word_1_223' title='bbox 1024 4828 1135 4885; x_wconf 87' lang='grc' dir='ltr'>τοῖς</span> <span class='ocrx_word' id='word_1_224' title='bbox 1155 4840 1213 4875; x_wconf 85' lang='grc' dir='ltr'><strong>τε</strong></span> <span class='ocrx_word' id='word_1_225' title='bbox 1238 4825 1360 4876; x_wconf 82' lang='grc' dir='ltr'>καθ’</span> <span class='ocrx_word' id='word_1_226' title='bbox 1394 4822 1616 4876; x_wconf 83' lang='grc' dir='ltr'>Ἐλλάδα</span> <span class='ocrx_word' id='word_1_227' title='bbox 1641 4822 1733 4874; x_wconf 72' lang='grc' dir='ltr'><strong>καὶ</strong></span> 
     </span>
    </p>
   </div>
   <div class='ocr_carea' id='block_1_44' title="bbox 149 4911 1735 4990">
    <p class='ocr_par' dir='ltr' id='par_1_44' title="bbox 149 4911 1735 4990">
     <span class='ocr_line' id='line_1_44' title="bbox 149 4911 1735 4990; baseline -0.007 -18"><span class='ocrx_word' id='word_1_228' title='bbox 149 4921 251 4990; x_wconf 81' lang='grc' dir='ltr'><strong>τὴν</strong></span> <span class='ocrx_word' id='word_1_229' title='bbox 282 4921 557 4987; x_wconf 72' lang='grc' dir='ltr'>Αιγυπτον</span> <span class='ocrx_word' id='word_1_230' title='bbox 597 4919 787 4985; x_wconf 73' lang='grc' dir='ltr'>ἐφοίτα</span> <span class='ocrx_word' id='word_1_231' title='bbox 836 4915 1226 4977; x_wconf 78' lang='grc' dir='ltr'>διδασκαλείοις</span> <span class='ocrx_word' id='word_1_232' title='bbox 1248 4929 1263 4945; x_wconf 74' lang='grc' dir='ltr'><strong>ο</strong></span> <span class='ocrx_word' id='word_1_233' title='bbox 1295 4913 1390 4965; x_wconf 71' lang='grc' dir='ltr'><strong>καὶ</strong></span> <span class='ocrx_word' id='word_1_234' title='bbox 1419 4911 1516 4980; x_wconf 76' lang='grc' dir='ltr'><strong>τὴν</strong></span> <span class='ocrx_word' id='word_1_235' title='bbox 1551 4912 1735 4964; x_wconf 84' lang='grc' dir='ltr'>καλλί-</span> 
     </span>
    </p>
   </div>
   <div class='ocr_carea' id='block_1_45' title="bbox 153 5003 1733 5080">
    <p class='ocr_par' dir='ltr' id='par_1_45' title="bbox 153 5003 1733 5080">
     <span class='ocr_line' id='line_1_45' title="bbox 153 5003 1733 5080; baseline -0.004 -17"><span class='ocrx_word' id='word_1_236' title='bbox 153 5028 291 5080; x_wconf 74' lang='grc' dir='ltr'>στην</span> <span class='ocrx_word' id='word_1_237' title='bbox 327 5010 458 5080; x_wconf 80' lang='grc' dir='ltr'>παρ’</span> <span class='ocrx_word' id='word_1_238' title='bbox 491 5008 715 5078; x_wconf 73' lang='grc' dir='ltr'>Ἕλλησι</span> <span class='ocrx_word' id='word_1_239' title='bbox 746 5008 999 5059; x_wconf 82' lang='grc' dir='ltr'>παιδείαν</span> <span class='ocrx_word' id='word_1_240' title='bbox 1026 5006 1296 5071; x_wconf 77' lang='grc' dir='ltr'>συνέλεξε,</span> <span class='ocrx_word' id='word_1_241' title='bbox 1339 5003 1733 5074; x_wconf 78' lang='grc' dir='ltr'>γραμματικὴν</span> 
     </span>
    </p>
   </div>
   <div class='ocr_carea' id='block_1_46' title="bbox 156 5094 1734 5171">
    <p class='ocr_par' dir='ltr' id='par_1_46' title="bbox 156 5094 1734 5171">
     <span class='ocr_line' id='line_1_46' title="bbox 156 5094 1734 5171; baseline -0.006 -17"><span class='ocrx_word' id='word_1_242' title='bbox 156 5104 255 5171; x_wconf 81' lang='grc' dir='ltr'>μὲν</span> <span class='ocrx_word' id='word_1_243' title='bbox 286 5105 378 5154; x_wconf 77' lang='grc' dir='ltr'><strong>καὶ</strong></span> <span class='ocrx_word' id='word_1_244' title='bbox 416 5101 704 5170; x_wconf 76' lang='grc' dir='ltr'>ποιητικὴν</span> <span class='ocrx_word' id='word_1_245' title='bbox 734 5100 812 5161; x_wconf 85' lang='grc' dir='ltr'><strong>είς</strong></span> <span class='ocrx_word' id='word_1_246' title='bbox 850 5098 996 5149; x_wconf 82' lang='grc' dir='ltr'>ἆπαν</span> <span class='ocrx_word' id='word_1_247' title='bbox 1051 5094 1470 5166; x_wconf 78' lang='grc' dir='ltr'>κατωρθωκώςο</span> <span class='ocrx_word' id='word_1_248' title='bbox 1506 5096 1734 5166; x_wconf 66' lang='grc' dir='ltr'>ῥητοριο</span> 
     </span>
    </p>
   </div>
   <div class='ocr_carea' id='block_1_47' title="bbox 1842 2818 3409 2890">
    <p class='ocr_par' dir='ltr' id='par_1_47' title="bbox 1842 2818 3409 2890">
     <span class='ocr_line' id='line_1_47' title="bbox 1842 2818 3409 2890; baseline 0.003 -17"><span class='ocrx_word' id='word_1_249' title='bbox 1842 2834 1943 2873; x_wconf 93' lang='lat' dir='ltr'><strong>nus</strong></span> <span class='ocrx_word' id='word_1_250' title='bbox 2004 2818 2220 2889; x_wconf 89' lang='lat' dir='ltr'><strong>quidam</strong></span> <span class='ocrx_word' id='word_1_251' title='bbox 2270 2819 2353 2872; x_wconf 82' lang='lat' dir='ltr'><strong>vir</strong></span> <span class='ocrx_word' id='word_1_252' title='bbox 2402 2833 2466 2871; x_wconf 90' lang='lat' dir='ltr'><strong>ac</strong></span> <span class='ocrx_word' id='word_1_253' title='bbox 2522 2818 2740 2887; x_wconf 85' lang='lat' dir='ltr'><strong>sapiens</strong></span> <span class='ocrx_word' id='word_1_254' title='bbox 2787 2818 2968 2873; x_wconf 87' lang='lat' dir='ltr'><strong>divina</strong></span> <span class='ocrx_word' id='word_1_255' title='bbox 3018 2819 3135 2890; x_wconf 80' lang='lat' dir='ltr'><strong>lege</strong></span> <span class='ocrx_word' id='word_1_256' title='bbox 3199 2823 3409 2888; x_wconf 85' lang='lat' dir='ltr'><strong>statuit,</strong></span> 
     </span>
    </p>
   </div>
   <div class='ocr_carea' id='block_1_48' title="bbox 1840 2910 3412 2981">
    <p class='ocr_par' dir='ltr' id='par_1_48' title="bbox 1840 2910 3412 2981">
     <span class='ocr_line' id='line_1_48' title="bbox 1840 2910 3412 2981; baseline 0.003 -16"><span class='ocrx_word' id='word_1_257' title='bbox 1840 2920 2094 2981; x_wconf 79' lang='lat' dir='ltr'><strong>quantam</strong></span> <span class='ocrx_word' id='word_1_258' title='bbox 2138 2926 2268 2965; x_wconf 85' lang='lat' dir='ltr'><strong>sane</strong></span> <span class='ocrx_word' id='word_1_259' title='bbox 2293 2910 2547 2965; x_wconf 78' lang='lat' dir='ltr'><strong>convenit</strong></span> <span class='ocrx_word' id='word_1_260' title='bbox 2590 2911 2832 2980; x_wconf 78' lang='lat' dir='ltr'><strong>apostolo</strong></span> <span class='ocrx_word' id='word_1_261' title='bbox 2856 2910 3054 2967; x_wconf 86' lang='lat' dir='ltr'><strong>Christi</strong></span> <span class='ocrx_word' id='word_1_262' title='bbox 3099 2928 3201 2969; x_wconf 89' lang='lat' dir='ltr'><strong>nos</strong></span> <span class='ocrx_word' id='word_1_263' title='bbox 3248 2912 3412 2969; x_wconf 83' lang='lat' dir='ltr'><strong>simul</strong></span> 
     </span>
    </p>
   </div>
   <div class='ocr_carea' id='block_1_49' title="bbox 1838 3001 3407 3072">
    <p class='ocr_par' dir='ltr' id='par_1_49' title="bbox 1838 3001 3407 3072">
     <span class='ocr_line' id='line_1_49' title="bbox 1838 3001 3407 3072; baseline 0.001 -14"><span class='ocrx_word' id='word_1_264' title='bbox 1838 3003 2033 3058; x_wconf 69' lang='lat' dir='ltr'><strong>all‘erre</strong></span> <span class='ocrx_word' id='word_1_265' title='bbox 2061 3002 2315 3056; x_wconf 87' lang='lat' dir='ltr'><strong>laudem?</strong></span> <span class='ocrx_word' id='word_1_266' title='bbox 2349 3001 2629 3071; x_wconf 84' lang='lat' dir='ltr'><strong>Siquidem</strong></span> <span class='ocrx_word' id='word_1_267' title='bbox 2672 3002 3043 3072; x_wconf 85' lang='lat' dir='ltr'><strong>huncjnstitia</strong></span> <span class='ocrx_word' id='word_1_268' title='bbox 3102 3004 3300 3060; x_wconf 88' lang='lat' dir='ltr'><strong>mirum</strong></span> <span class='ocrx_word' id='word_1_269' title='bbox 3350 3006 3407 3061; x_wconf 92' lang='lat' dir='ltr'><strong>in</strong></span> 
     </span>
    </p>
   </div>
   <div class='ocr_carea' id='block_1_50' title="bbox 1840 3092 3411 3164">
    <p class='ocr_par' dir='ltr' id='par_1_50' title="bbox 1840 3092 3411 3164">
     <span class='ocr_line' id='line_1_50' title="bbox 1840 3092 3411 3164; baseline 0.003 -17"><span class='ocrx_word' id='word_1_270' title='bbox 1840 3095 2059 3149; x_wconf 91' lang='lat' dir='ltr'><strong>modum</strong></span> <span class='ocrx_word' id='word_1_271' title='bbox 2090 3094 2218 3149; x_wconf 91' lang='lat' dir='ltr'><strong>fecit</strong></span> <span class='ocrx_word' id='word_1_272' title='bbox 2258 3102 2310 3148; x_wconf 88' lang='lat' dir='ltr'><strong>et</strong></span> <span class='ocrx_word' id='word_1_273' title='bbox 2359 3092 2657 3161; x_wconf 85' lang='lat' dir='ltr'><strong>apostolatu</strong></span> <span class='ocrx_word' id='word_1_274' title='bbox 2714 3094 2961 3164; x_wconf 79' lang='lat' dir='ltr'><strong>dignum,</strong></span> <span class='ocrx_word' id='word_1_275' title='bbox 3016 3105 3071 3151; x_wconf 89' lang='lat' dir='ltr'><strong>et</strong></span> <span class='ocrx_word' id='word_1_276' title='bbox 3124 3106 3181 3151; x_wconf 90' lang='lat' dir='ltr'><strong>ut</strong></span> <span class='ocrx_word' id='word_1_277' title='bbox 3241 3097 3411 3153; x_wconf 86' lang='lat' dir='ltr'><strong>Paulo</strong></span> 
     </span>
    </p>
   </div>
   <div class='ocr_carea' id='block_1_51' title="bbox 1837 3181 3413 3256">
    <p class='ocr_par' dir='ltr' id='par_1_51' title="bbox 1837 3181 3413 3256">
     <span class='ocr_line' id='line_1_51' title="bbox 1837 3181 3413 3256; baseline 0.004 -19"><span class='ocrx_word' id='word_1_278' title='bbox 1837 3184 2068 3238; x_wconf 89' lang='lat' dir='ltr'><strong>dilectus</strong></span> <span class='ocrx_word' id='word_1_279' title='bbox 2121 3185 2416 3239; x_wconf 80' lang='lat' dir='ltr'><strong>videretur.</strong></span> <span class='ocrx_word' id='word_1_280' title='bbox 2469 3181 2954 3239; x_wconf 78' lang='lat' dir='ltr'><strong>Verumenimvero</strong></span> <span class='ocrx_word' id='word_1_281' title='bbox 3005 3187 3261 3256; x_wconf 87' lang='lat' dir='ltr'><strong>quoniam</strong></span> <span class='ocrx_word' id='word_1_282' title='bbox 3322 3190 3413 3244; x_wconf 79' lang='lat' dir='ltr'><strong>hic.</strong></span> 
     </span>
    </p>
   </div>
   <div class='ocr_carea' id='block_1_52' title="bbox 1841 3273 3410 3345">
    <p class='ocr_par' dir='ltr' id='par_1_52' title="bbox 1841 3273 3410 3345">
     <span class='ocr_line' id='line_1_52' title="bbox 1841 3273 3410 3345; baseline 0.002 -16"><span class='ocrx_word' id='word_1_283' title='bbox 1841 3274 1894 3329; x_wconf 89' lang='lat' dir='ltr'><strong>in</strong></span> <span class='ocrx_word' id='word_1_284' title='bbox 1929 3273 2215 3345; x_wconf 82' lang='lat' dir='ltr'><strong>Evangelio</strong></span> <span class='ocrx_word' id='word_1_285' title='bbox 2250 3274 2465 3327; x_wconf 86' lang='lat' dir='ltr'><strong>laudem</strong></span> <span class='ocrx_word' id='word_1_286' title='bbox 2509 3275 2739 3344; x_wconf 85' lang='lat' dir='ltr'><strong>adeptus</strong></span> <span class='ocrx_word' id='word_1_287' title='bbox 2762 3284 2875 3339; x_wconf 91' lang='lat' dir='ltr'><strong>est,</strong></span> <span class='ocrx_word' id='word_1_288' title='bbox 2926 3275 3132 3330; x_wconf 89' lang='lat' dir='ltr'><strong>relictis</strong></span> <span class='ocrx_word' id='word_1_289' title='bbox 3181 3278 3410 3332; x_wconf 86' lang='lat' dir='ltr'><strong>omnino</strong></span> 
     </span>
    </p>
   </div>
   <div class='ocr_carea' id='block_1_53' title="bbox 1839 3366 3410 3437">
    <p class='ocr_par' dir='ltr' id='par_1_53' title="bbox 1839 3366 3410 3437">
     <span class='ocr_line' id='line_1_53' title="bbox 1839 3366 3410 3437; baseline 0.003 -18"><span class='ocrx_word' id='word_1_290' title='bbox 1839 3367 2210 3420; x_wconf 88' lang='lat' dir='ltr'><strong>eneomiornm</strong></span> <span class='ocrx_word' id='word_1_291' title='bbox 2254 3366 2502 3437; x_wconf 82' lang='lat' dir='ltr'><strong>legibus,</strong></span> <span class='ocrx_word' id='word_1_292' title='bbox 2558 3381 2898 3437; x_wconf 53' lang='lat' dir='ltr'><strong>quacunque</strong></span> <span class='ocrx_word' id='word_1_293' title='bbox 2946 3366 3013 3422; x_wconf 89' lang='lat' dir='ltr'><strong>de</strong></span> <span class='ocrx_word' id='word_1_294' title='bbox 3077 3382 3144 3423; x_wconf 91' lang='lat' dir='ltr'><strong>eo</strong></span> <span class='ocrx_word' id='word_1_295' title='bbox 3187 3385 3410 3426; x_wconf 84' lang='lat' dir='ltr'><strong>narrare</strong></span> 
     </span>
    </p>
   </div>
   <div class='ocr_carea' id='block_1_54' title="bbox 1839 3459 3231 3527">
    <p class='ocr_par' dir='ltr' id='par_1_54' title="bbox 1839 3459 3231 3527">
     <span class='ocr_line' id='line_1_54' title="bbox 1839 3459 3231 3527; baseline 0.003 -16"><span class='ocrx_word' id='word_1_296' title='bbox 1839 3470 2064 3511; x_wconf 89' lang='lat' dir='ltr'><strong>necesse</strong></span> <span class='ocrx_word' id='word_1_297' title='bbox 2098 3467 2203 3523; x_wconf 91' lang='lat' dir='ltr'><strong>est,</strong></span> <span class='ocrx_word' id='word_1_298' title='bbox 2234 3472 2332 3527; x_wconf 90' lang='lat' dir='ltr'><strong>per</strong></span> <span class='ocrx_word' id='word_1_299' title='bbox 2371 3459 2592 3513; x_wconf 88' lang='lat' dir='ltr'><strong>modum</strong></span> <span class='ocrx_word' id='word_1_300' title='bbox 2645 3461 2882 3516; x_wconf 71' lang='lat' dir='ltr'><strong>historia:</strong></span> <span class='ocrx_word' id='word_1_301' title='bbox 2915 3461 3231 3518; x_wconf 77' lang='lat' dir='ltr'><strong>referemus.</strong></span> 
     </span>
    </p>
   </div>
   <div class='ocr_carea' id='block_1_55' title="bbox 1911 3614 3405 3689">
    <p class='ocr_par' dir='ltr' id='par_1_55' title="bbox 1911 3614 3405 3689">
     <span class='ocr_line' id='line_1_55' title="bbox 1911 3614 3405 3689; baseline 0.004 -20"><span class='ocrx_word' id='word_1_302' title='bbox 1911 3615 1982 3669; x_wconf 85' lang='lat' dir='ltr'><strong>ll.</strong></span> <span class='ocrx_word' id='word_1_303' title='bbox 2020 3614 2156 3681; x_wconf 83' lang='lat' dir='ltr'><strong>Quis</strong></span> <span class='ocrx_word' id='word_1_304' title='bbox 2199 3616 2596 3671; x_wconf 82' lang='lat' dir='ltr'><strong>Antiochenam</strong></span> <span class='ocrx_word' id='word_1_305' title='bbox 2637 3616 2847 3689; x_wconf 76' lang='lat' dir='ltr'><strong>ignorat</strong></span> <span class='ocrx_word' id='word_1_306' title='bbox 2896 3618 3196 3687; x_wconf 85' lang='lat' dir='ltr'><strong>civitatem,</strong></span> <span class='ocrx_word' id='word_1_307' title='bbox 3244 3630 3405 3689; x_wconf 85' lang='lat' dir='ltr'><strong>quem</strong></span> 
     </span>
    </p>
   </div>
   <div class='ocr_carea' id='block_1_56' title="bbox 1839 3705 3412 3776">
    <p class='ocr_par' dir='ltr' id='par_1_56' title="bbox 1839 3705 3412 3776">
     <span class='ocr_line' id='line_1_56' title="bbox 1839 3705 3412 3776; baseline 0 -15"><span class='ocrx_word' id='word_1_308' title='bbox 1839 3706 2003 3761; x_wconf 83' lang='lat' dir='ltr'><strong>situm</strong></span> <span class='ocrx_word' id='word_1_309' title='bbox 2043 3719 2109 3759; x_wconf 91' lang='lat' dir='ltr'><strong>ac</strong></span> <span class='ocrx_word' id='word_1_310' title='bbox 2136 3705 2591 3776; x_wconf 81' lang='lat' dir='ltr'><strong>magnitudinem,</strong></span> <span class='ocrx_word' id='word_1_311' title='bbox 2628 3720 2836 3775; x_wconf 78' lang='lat' dir='ltr'><strong>quosve</strong></span> <span class='ocrx_word' id='word_1_312' title='bbox 2886 3706 3125 3762; x_wconf 89' lang='lat' dir='ltr'><strong>erminos</strong></span> <span class='ocrx_word' id='word_1_313' title='bbox 3178 3708 3412 3763; x_wconf 82' lang='lat' dir='ltr'><strong>habeat?</strong></span> 
     </span>
    </p>
   </div>
   <div class='ocr_carea' id='block_1_57' title="bbox 1839 3797 3407 3868">
    <p class='ocr_par' dir='ltr' id='par_1_57' title="bbox 1839 3797 3407 3868">
     <span class='ocr_line' id='line_1_57' title="bbox 1839 3797 3407 3868; baseline 0.003 -17"><span class='ocrx_word' id='word_1_314' title='bbox 1839 3809 2167 3865; x_wconf 68' lang='lat' dir='ltr'><strong>etqumnam</strong></span> <span class='ocrx_word' id='word_1_315' title='bbox 2202 3798 2317 3851; x_wconf 75' lang='lat' dir='ltr'><strong>haec</strong></span> <span class='ocrx_word' id='word_1_316' title='bbox 2355 3797 2446 3856; x_wconf 89' lang='lat' dir='ltr'><strong>sit.</strong></span> <span class='ocrx_word' id='word_1_317' title='bbox 2477 3807 2532 3850; x_wconf 90' lang='lat' dir='ltr'><strong>et</strong></span> <span class='ocrx_word' id='word_1_318' title='bbox 2589 3806 2845 3867; x_wconf 86' lang='lat' dir='ltr'><strong>quantam</strong></span> <span class='ocrx_word' id='word_1_319' title='bbox 2888 3809 3116 3868; x_wconf 86' lang='lat' dir='ltr'><strong>occupet</strong></span> <span class='ocrx_word' id='word_1_320' title='bbox 3178 3807 3407 3868; x_wconf 85' lang='lat' dir='ltr'><strong>terram,</strong></span> 
     </span>
    </p>
   </div>
   <div class='ocr_carea' id='block_1_58' title="bbox 1841 3888 3408 3962">
    <p class='ocr_par' dir='ltr' id='par_1_58' title="bbox 1841 3888 3408 3962">
     <span class='ocr_line' id='line_1_58' title="bbox 1841 3888 3408 3962; baseline 0.003 -17"><span class='ocrx_word' id='word_1_321' title='bbox 1841 3906 2014 3961; x_wconf 84' lang='lat' dir='ltr'><strong>quove</strong></span> <span class='ocrx_word' id='word_1_322' title='bbox 2060 3890 2318 3962; x_wconf 75' lang='lat' dir='ltr'><strong>irrigetur</strong></span> <span class='ocrx_word' id='word_1_323' title='bbox 2379 3888 2622 3944; x_wconf 84' lang='lat' dir='ltr'><strong>ﬂumine.</strong></span> <span class='ocrx_word' id='word_1_324' title='bbox 2713 3892 2945 3945; x_wconf 85' lang='lat' dir='ltr'><strong>Orontes</strong></span> <span class='ocrx_word' id='word_1_325' title='bbox 3008 3888 3097 3946; x_wconf 84' lang='lat' dir='ltr'><strong>hic</strong></span> <span class='ocrx_word' id='word_1_326' title='bbox 3154 3902 3259 3960; x_wconf 90' lang='lat' dir='ltr'><strong>est,</strong></span> <span class='ocrx_word' id='word_1_327' title='bbox 3316 3894 3408 3948; x_wconf 91' lang='lat' dir='ltr'><strong>ubi</strong></span> 
     </span>
    </p>
   </div>
   <div class='ocr_carea' id='block_1_59' title="bbox 1838 3981 3407 4053">
    <p class='ocr_par' dir='ltr' id='par_1_59' title="bbox 1838 3981 3407 4053">
     <span class='ocr_line' id='line_1_59' title="bbox 1838 3981 3407 4053; baseline 0.003 -18"><span class='ocrx_word' id='word_1_328' title='bbox 1838 3983 2077 4053; x_wconf 88' lang='lat' dir='ltr'><strong>primum</strong></span> <span class='ocrx_word' id='word_1_329' title='bbox 2148 3982 2316 4037; x_wconf 88' lang='lat' dir='ltr'><strong>homo</strong></span> <span class='ocrx_word' id='word_1_330' title='bbox 2391 3981 2684 4037; x_wconf 89' lang='lat' dir='ltr'><strong>Christiani</strong></span> <span class='ocrx_word' id='word_1_331' title='bbox 2772 3981 3140 4051; x_wconf 82' lang='lat' dir='ltr'><strong>appellatione</strong></span> <span class='ocrx_word' id='word_1_332' title='bbox 3205 3986 3407 4041; x_wconf 80' lang='lat' dir='ltr'><strong>ditatus</strong></span> 
     </span>
    </p>
   </div>
   <div class='ocr_carea' id='block_1_60' title="bbox 1771 4070 3406 4143">
    <p class='ocr_par' dir='ltr' id='par_1_60' title="bbox 1771 4070 3406 4143">
     <span class='ocr_line' id='line_1_60' title="bbox 1771 4070 3406 4143; baseline -0.001 -10"><span class='ocrx_word' id='word_1_333' title='bbox 1771 4078 1964 4133; x_wconf 79' lang='lat' dir='ltr'><strong>Best:</strong></span> <span class='ocrx_word' id='word_1_334' title='bbox 2009 4090 2075 4129; x_wconf 78' lang='lat' dir='ltr'><strong>ex</strong></span> <span class='ocrx_word' id='word_1_335' title='bbox 2118 4089 2225 4143; x_wconf 90' lang='lat' dir='ltr'><strong>qua</strong></span> <span class='ocrx_word' id='word_1_336' title='bbox 2266 4070 2425 4129; x_wconf 85' lang='lat' dir='ltr'><strong>divus</strong></span> <span class='ocrx_word' id='word_1_337' title='bbox 2482 4072 2659 4127; x_wconf 79' lang='lat' dir='ltr'><strong>Lucas</strong></span> <span class='ocrx_word' id='word_1_338' title='bbox 2721 4083 2875 4128; x_wconf 90' lang='lat' dir='ltr'><strong>ortus</strong></span> <span class='ocrx_word' id='word_1_339' title='bbox 2951 4085 3033 4129; x_wconf 88' lang='lat' dir='ltr'><strong>est</strong></span> <span class='ocrx_word' id='word_1_340' title='bbox 3071 4092 3085 4129; x_wconf 89' lang='lat'><strong>:</strong></span> <span class='ocrx_word' id='word_1_341' title='bbox 3132 4086 3187 4133; x_wconf 84' lang='lat' dir='ltr'><strong>et</strong></span> <span class='ocrx_word' id='word_1_342' title='bbox 3244 4088 3406 4133; x_wconf 84' lang='lat' dir='ltr'><strong>natu-</strong></span> 
     </span>
    </p>
   </div>
   <div class='ocr_carea' id='block_1_61' title="bbox 1840 4162 3409 4239">
    <p class='ocr_par' dir='ltr' id='par_1_61' title="bbox 1840 4162 3409 4239">
     <span class='ocr_line' id='line_1_61' title="bbox 1840 4162 3409 4239; baseline 0.003 -19"><span class='ocrx_word' id='word_1_343' title='bbox 1840 4182 1953 4221; x_wconf 89' lang='lat' dir='ltr'><strong>ram</strong></span> <span class='ocrx_word' id='word_1_344' title='bbox 2013 4165 2231 4235; x_wconf 81' lang='lat' dir='ltr'><strong>quidem</strong></span> <span class='ocrx_word' id='word_1_345' title='bbox 2286 4180 2352 4220; x_wconf 90' lang='lat' dir='ltr'><strong>ac</strong></span> <span class='ocrx_word' id='word_1_346' title='bbox 2404 4164 2639 4219; x_wconf 82' lang='lat' dir='ltr'><strong>indolem</strong></span> <span class='ocrx_word' id='word_1_347' title='bbox 2697 4162 2921 4229; x_wconf 84' lang='lat' dir='ltr'><strong>habens,</strong></span> <span class='ocrx_word' id='word_1_348' title='bbox 2983 4176 3040 4220; x_wconf 91' lang='lat' dir='ltr'><strong>ut</strong></span> <span class='ocrx_word' id='word_1_349' title='bbox 3075 4182 3195 4236; x_wconf 70' lang='lat' dir='ltr'><strong>quae</strong></span> <span class='ocrx_word' id='word_1_350' title='bbox 3246 4184 3409 4239; x_wconf 79' lang='lat' dir='ltr'><strong>gene-</strong></span> 
     </span>
    </p>
   </div>
   <div class='ocr_carea' id='block_1_62' title="bbox 1840 4256 3408 4328">
    <p class='ocr_par' dir='ltr' id='par_1_62' title="bbox 1840 4256 3408 4328">
     <span class='ocr_line' id='line_1_62' title="bbox 1840 4256 3408 4328; baseline 0.003 -15"><span class='ocrx_word' id='word_1_351' title='bbox 1840 4274 1960 4314; x_wconf 91' lang='lat' dir='ltr'><strong>rosa</strong></span> <span class='ocrx_word' id='word_1_352' title='bbox 1992 4268 2138 4313; x_wconf 89' lang='lat' dir='ltr'><strong>esset</strong></span> <span class='ocrx_word' id='word_1_353' title='bbox 2164 4273 2227 4313; x_wconf 86' lang='lat' dir='ltr'><strong>ac</strong></span> <span class='ocrx_word' id='word_1_354' title='bbox 2245 4256 2478 4328; x_wconf 87' lang='lat' dir='ltr'><strong>pretiosa</strong></span> <span class='ocrx_word' id='word_1_355' title='bbox 2509 4274 2523 4311; x_wconf 88' lang='lat'><strong>:</strong></span> <span class='ocrx_word' id='word_1_356' title='bbox 2550 4256 2711 4310; x_wconf 80' lang='lat' dir='ltr'><strong>veluti</strong></span> <span class='ocrx_word' id='word_1_357' title='bbox 2732 4270 2795 4311; x_wconf 81' lang='lat' dir='ltr'><strong>ex</strong></span> <span class='ocrx_word' id='word_1_358' title='bbox 2826 4256 2930 4311; x_wconf 85' lang='lat' dir='ltr'><strong>hoc</strong></span> <span class='ocrx_word' id='word_1_359' title='bbox 2946 4256 3293 4315; x_wconf 85' lang='lat' dir='ltr'><strong>manifestum</strong></span> <span class='ocrx_word' id='word_1_360' title='bbox 3321 4271 3408 4317; x_wconf 80' lang='lat' dir='ltr'><strong>est</strong></span> 
     </span>
    </p>
   </div>
   <div class='ocr_carea' id='block_1_63' title="bbox 1838 4348 3402 4420">
    <p class='ocr_par' dir='ltr' id='par_1_63' title="bbox 1838 4348 3402 4420">
     <span class='ocr_line' id='line_1_63' title="bbox 1838 4348 3402 4420; baseline 0.002 -17"><span class='ocrx_word' id='word_1_361' title='bbox 1838 4349 1981 4420; x_wconf 90' lang='lat' dir='ltr'><strong>quod</strong></span> <span class='ocrx_word' id='word_1_362' title='bbox 2013 4360 2067 4403; x_wconf 89' lang='lat' dir='ltr'><strong>et</strong></span> <span class='ocrx_word' id='word_1_363' title='bbox 2092 4351 2202 4403; x_wconf 84' lang='lat' dir='ltr'><strong>vita</strong></span> <span class='ocrx_word' id='word_1_364' title='bbox 2242 4348 2500 4419; x_wconf 84' lang='lat' dir='ltr'><strong>apparuit</strong></span> <span class='ocrx_word' id='word_1_365' title='bbox 2529 4349 2988 4411; x_wconf 85' lang='lat' dir='ltr'><strong>studiosissimus,</strong></span> <span class='ocrx_word' id='word_1_366' title='bbox 3010 4357 3067 4403; x_wconf 86' lang='lat' dir='ltr'><strong>et</strong></span> <span class='ocrx_word' id='word_1_367' title='bbox 3091 4364 3402 4407; x_wconf 88' lang='lat' dir='ltr'><strong>sermonem</strong></span> 
     </span>
    </p>
   </div>
   <div class='ocr_carea' id='block_1_64' title="bbox 1840 4437 3403 4499">
    <p class='ocr_par' dir='ltr' id='par_1_64' title="bbox 1840 4437 3403 4499">
     <span class='ocr_line' id='line_1_64' title="bbox 1840 4437 3403 4499; baseline 0.001 -4"><span class='ocrx_word' id='word_1_368' title='bbox 1840 4440 2062 4496; x_wconf 88' lang='lat' dir='ltr'><strong>tradidit</strong></span> <span class='ocrx_word' id='word_1_369' title='bbox 2107 4442 2231 4494; x_wconf 62' lang='lat' dir='ltr'><strong>vita:</strong></span> <span class='ocrx_word' id='word_1_370' title='bbox 2286 4440 2521 4493; x_wconf 78' lang='lat' dir='ltr'><strong>maxime</strong></span> <span class='ocrx_word' id='word_1_371' title='bbox 2574 4437 2931 4494; x_wconf 85' lang='lat' dir='ltr'><strong>confurmem.</strong></span> <span class='ocrx_word' id='word_1_372' title='bbox 3015 4438 3154 4496; x_wconf 86' lang='lat' dir='ltr'><strong>Cum</strong></span> <span class='ocrx_word' id='word_1_373' title='bbox 3218 4450 3403 4499; x_wconf 84' lang='lat' dir='ltr'><strong>autem</strong></span> 
     </span>
    </p>
   </div>
   <div class='ocr_carea' id='block_1_65' title="bbox 1838 4534 3405 4604">
    <p class='ocr_par' dir='ltr' id='par_1_65' title="bbox 1838 4534 3405 4604">
     <span class='ocr_line' id='line_1_65' title="bbox 1838 4534 3405 4604; baseline 0.003 -18"><span class='ocrx_word' id='word_1_374' title='bbox 1838 4535 1985 4587; x_wconf 82' lang='lat' dir='ltr'><strong>omni</strong></span> <span class='ocrx_word' id='word_1_375' title='bbox 2055 4534 2352 4603; x_wconf 61' lang='lat' dir='ltr'><strong>disciplinae</strong></span> <span class='ocrx_word' id='word_1_376' title='bbox 2400 4548 2598 4603; x_wconf 73' lang='lat' dir='ltr'><strong>genere</strong></span> <span class='ocrx_word' id='word_1_377' title='bbox 2664 4542 2907 4587; x_wconf 77' lang='lat' dir='ltr'><strong>vacasset</strong></span> <span class='ocrx_word' id='word_1_378' title='bbox 2974 4548 3003 4587; x_wconf 88' lang='lat' dir='ltr'><strong>a</strong></span> <span class='ocrx_word' id='word_1_379' title='bbox 3079 4549 3288 4604; x_wconf 88' lang='lat' dir='ltr'><strong>puero,</strong></span> <span class='ocrx_word' id='word_1_380' title='bbox 3347 4547 3405 4595; x_wconf 81' lang='lat' dir='ltr'><strong>et</strong></span> 
     </span>
    </p>
   </div>
   <div class='ocr_carea' id='block_1_66' title="bbox 1840 4621 3407 4694">
    <p class='ocr_par' dir='ltr' id='par_1_66' title="bbox 1840 4621 3407 4694">
     <span class='ocr_line' id='line_1_66' title="bbox 1840 4621 3407 4694; baseline 0.003 -18"><span class='ocrx_word' id='word_1_381' title='bbox 1840 4621 2116 4694; x_wconf 80' lang='lat' dir='ltr'><strong>Syriacam</strong></span> <span class='ocrx_word' id='word_1_382' title='bbox 2158 4639 2223 4678; x_wconf 89' lang='lat' dir='ltr'><strong>ac</strong></span> <span class='ocrx_word' id='word_1_383' title='bbox 2249 4624 2567 4677; x_wconf 83' lang='lat' dir='ltr'><strong>liebraicam</strong></span> <span class='ocrx_word' id='word_1_384' title='bbox 2615 4623 2851 4694; x_wconf 72' lang='lat' dir='ltr'><strong>linguam</strong></span> <span class='ocrx_word' id='word_1_385' title='bbox 2880 4626 3226 4680; x_wconf 76' lang='lat' dir='ltr'><strong>exactissime</strong></span> <span class='ocrx_word' id='word_1_386' title='bbox 3277 4627 3407 4681; x_wconf 77' lang='lat' dir='ltr'><strong>edo-</strong></span> 
     </span>
    </p>
   </div>
   <div class='ocr_carea' id='block_1_67' title="bbox 1839 4716 3405 4785">
    <p class='ocr_par' dir='ltr' id='par_1_67' title="bbox 1839 4716 3405 4785">
     <span class='ocr_line' id='line_1_67' title="bbox 1839 4716 3405 4785; baseline 0.001 -14"><span class='ocrx_word' id='word_1_387' title='bbox 1839 4726 1959 4771; x_wconf 84' lang='lat' dir='ltr'><strong>ctus</strong></span> <span class='ocrx_word' id='word_1_388' title='bbox 2023 4726 2144 4781; x_wconf 88' lang='lat' dir='ltr'><strong>est,</strong></span> <span class='ocrx_word' id='word_1_389' title='bbox 2202 4725 2256 4771; x_wconf 88' lang='lat' dir='ltr'><strong>et</strong></span> <span class='ocrx_word' id='word_1_390' title='bbox 2316 4716 2461 4771; x_wconf 74' lang='lat' dir='ltr'><strong>velut</strong></span> <span class='ocrx_word' id='word_1_391' title='bbox 2518 4716 2680 4769; x_wconf 84' lang='lat' dir='ltr'><strong>arbor</strong></span> <span class='ocrx_word' id='word_1_392' title='bbox 2728 4716 2883 4785; x_wconf 74' lang='lat' dir='ltr'><strong>juxta</strong></span> <span class='ocrx_word' id='word_1_393' title='bbox 2927 4716 3142 4780; x_wconf 85' lang='lat' dir='ltr'><strong>fontes,</strong></span> <span class='ocrx_word' id='word_1_394' title='bbox 3183 4716 3405 4772; x_wconf 86' lang='lat' dir='ltr'><strong>floridus</strong></span> 
     </span>
    </p>
   </div>
   <div class='ocr_carea' id='block_1_68' title="bbox 1833 4808 3404 4879">
    <p class='ocr_par' dir='ltr' id='par_1_68' title="bbox 1833 4808 3404 4879">
     <span class='ocr_line' id='line_1_68' title="bbox 1833 4808 3404 4879; baseline 0.003 -17"><span class='ocrx_word' id='word_1_395' title='bbox 1833 4810 1943 4879; x_wconf 77' lang='lat' dir='ltr'><strong>jam</strong></span> <span class='ocrx_word' id='word_1_396' title='bbox 1987 4816 2041 4862; x_wconf 92' lang='lat' dir='ltr'><strong>et</strong></span> <span class='ocrx_word' id='word_1_397' title='bbox 2070 4818 2472 4878; x_wconf 79' lang='lat' dir='ltr'><strong>augmentatus,</strong></span> <span class='ocrx_word' id='word_1_398' title='bbox 2511 4809 2813 4861; x_wconf 87' lang='lat' dir='ltr'><strong>divinarum</strong></span> <span class='ocrx_word' id='word_1_399' title='bbox 2851 4808 3255 4879; x_wconf 85' lang='lat' dir='ltr'><strong>Seripturarum</strong></span> <span class='ocrx_word' id='word_1_400' title='bbox 3290 4820 3404 4867; x_wconf 84' lang='lat' dir='ltr'><strong>stu-</strong></span> 
     </span>
    </p>
   </div>
   <div class='ocr_carea' id='block_1_69' title="bbox 1836 4900 3403 4970">
    <p class='ocr_par' dir='ltr' id='par_1_69' title="bbox 1836 4900 3403 4970">
     <span class='ocr_line' id='line_1_69' title="bbox 1836 4900 3403 4970; baseline 0.003 -16"><span class='ocrx_word' id='word_1_401' title='bbox 1836 4900 1928 4955; x_wconf 90' lang='lat' dir='ltr'><strong>dio</strong></span> <span class='ocrx_word' id='word_1_402' title='bbox 1994 4900 2192 4954; x_wconf 90' lang='lat' dir='ltr'><strong>mirum</strong></span> <span class='ocrx_word' id='word_1_403' title='bbox 2250 4901 2307 4955; x_wconf 89' lang='lat' dir='ltr'><strong>in</strong></span> <span class='ocrx_word' id='word_1_404' title='bbox 2370 4900 2590 4955; x_wconf 89' lang='lat' dir='ltr'><strong>modunt</strong></span> <span class='ocrx_word' id='word_1_405' title='bbox 2642 4901 2893 4970; x_wconf 82' lang='lat' dir='ltr'><strong>profecit.</strong></span> <span class='ocrx_word' id='word_1_406' title='bbox 2964 4902 3403 4959; x_wconf 80' lang='lat' dir='ltr'><strong>Adolescentiam</strong></span> 
     </span>
    </p>
   </div>
   <div class='ocr_carea' id='block_1_70' title="bbox 1838 4992 3404 5066">
    <p class='ocr_par' dir='ltr' id='par_1_70' title="bbox 1838 4992 3404 5066">
     <span class='ocr_line' id='line_1_70' title="bbox 1838 4992 3404 5066; baseline 0.003 -17"><span class='ocrx_word' id='word_1_407' title='bbox 1838 4994 2022 5064; x_wconf 89' lang='lat' dir='ltr'><strong>itaque</strong></span> <span class='ocrx_word' id='word_1_408' title='bbox 2065 4994 2352 5063; x_wconf 79' lang='lat' dir='ltr'><strong>attingens,</strong></span> <span class='ocrx_word' id='word_1_409' title='bbox 2398 4995 2670 5063; x_wconf 78' lang='lat' dir='ltr'><strong>gymnasia</strong></span> <span class='ocrx_word' id='word_1_410' title='bbox 2713 4992 3089 5063; x_wconf 81' lang='lat' dir='ltr'><strong>frequentabat</strong></span> <span class='ocrx_word' id='word_1_411' title='bbox 3125 5012 3245 5066; x_wconf 77' lang='lat' dir='ltr'><strong>qua:</strong></span> <span class='ocrx_word' id='word_1_412' title='bbox 3290 5007 3404 5053; x_wconf 86' lang='lat' dir='ltr'><strong>tum</strong></span> 
     </span>
    </p>
   </div>
   <div class='ocr_carea' id='block_1_71' title="bbox 1838 5084 3400 5157">
    <p class='ocr_par' dir='ltr' id='par_1_71' title="bbox 1838 5084 3400 5157">
     <span class='ocr_line' id='line_1_71' title="bbox 1838 5084 3400 5157; baseline 0.003 -16"><span class='ocrx_word' id='word_1_413' title='bbox 1838 5088 1891 5141; x_wconf 91' lang='lat' dir='ltr'><strong>in</strong></span> <span class='ocrx_word' id='word_1_414' title='bbox 1918 5086 2125 5141; x_wconf 72' lang='lat' dir='ltr'><strong>Graacia</strong></span> <span class='ocrx_word' id='word_1_415' title='bbox 2159 5094 2336 5148; x_wconf 88' lang='lat' dir='ltr'><strong>erant,</strong></span> <span class='ocrx_word' id='word_1_416' title='bbox 2361 5095 2474 5139; x_wconf 88' lang='lat' dir='ltr'><strong>tum</strong></span> <span class='ocrx_word' id='word_1_417' title='bbox 2501 5086 2553 5138; x_wconf 91' lang='lat' dir='ltr'><strong>in</strong></span> <span class='ocrx_word' id='word_1_418' title='bbox 2584 5084 2837 5157; x_wconf 66' lang='lat' dir='ltr'><strong>Algypto,</strong></span> <span class='ocrx_word' id='word_1_419' title='bbox 2867 5102 2930 5140; x_wconf 86' lang='lat' dir='ltr'><strong>ac</strong></span> <span class='ocrx_word' id='word_1_420' title='bbox 2976 5088 3400 5156; x_wconf 82' lang='lat' dir='ltr'><strong>pulcherrimam</strong></span> 
     </span>
    </p>
   </div>
   <div class='ocr_carea' id='block_1_72' title="bbox 156 5180 1734 5265">
    <p class='ocr_par' dir='ltr' id='par_1_72' title="bbox 156 5185 1729 5265">
     <span class='ocr_line' id='line_1_72' title="bbox 156 5185 1729 5265; baseline -0.006 -18"><span class='ocrx_word' id='word_1_421' title='bbox 156 5198 261 5265; x_wconf 87' lang='grc' dir='ltr'><strong>κῆς</strong></span> <span class='ocrx_word' id='word_1_422' title='bbox 290 5195 368 5256; x_wconf 81' lang='grc' dir='ltr'><strong>δε,</strong></span> <span class='ocrx_word' id='word_1_423' title='bbox 421 5196 513 5245; x_wconf 77' lang='grc' dir='ltr'>καὶ</span> <span class='ocrx_word' id='word_1_424' title='bbox 556 5193 647 5245; x_wconf 79' lang='grc' dir='ltr'>τοῦ</span> <span class='ocrx_word' id='word_1_425' title='bbox 693 5190 758 5244; x_wconf 73' lang='grc' dir='ltr'>εὖ</span> <span class='ocrx_word' id='word_1_426' title='bbox 815 5188 1076 5243; x_wconf 80' lang='grc' dir='ltr'>δύνασθαι</span> <span class='ocrx_word' id='word_1_427' title='bbox 1143 5188 1343 5256; x_wconf 77' lang='grc' dir='ltr'>λέγειν,</span> <span class='ocrx_word' id='word_1_428' title='bbox 1372 5186 1524 5256; x_wconf 72' lang='grc' dir='ltr'>ἥκων</span> <span class='ocrx_word' id='word_1_429' title='bbox 1552 5188 1633 5248; x_wconf 82' lang='grc' dir='ltr'><strong>είς</strong></span> <span class='ocrx_word' id='word_1_430' title='bbox 1666 5185 1729 5238; x_wconf 81' lang='grc' dir='ltr'>τὸ</span> 
     </span>
    </p>
   </div>
   <div class='ocr_carea' id='block_1_73' title="bbox 1835 5180 3400 5265">
    <p class='ocr_par' dir='ltr' id='par_1_73' title="bbox 1835 5180 3400 5253">
     <span class='ocr_line' id='line_1_73' title="bbox 1835 5180 3400 5253; baseline 0.002 -18"><span class='ocrx_word' id='word_1_431' title='bbox 1835 5183 1979 5252; x_wconf 84' lang='lat' dir='ltr'><strong>apud</strong></span> <span class='ocrx_word' id='word_1_432' title='bbox 2027 5180 2246 5237; x_wconf 66' lang='lat' dir='ltr'><strong>Graecos</strong></span> <span class='ocrx_word' id='word_1_433' title='bbox 2297 5180 2661 5236; x_wconf 87' lang='lat' dir='ltr'><strong>eruditionem</strong></span> <span class='ocrx_word' id='word_1_434' title='bbox 2704 5182 2962 5252; x_wconf 78' lang='lat' dir='ltr'><strong>collegit:</strong></span> <span class='ocrx_word' id='word_1_435' title='bbox 3011 5185 3400 5253; x_wconf 78' lang='lat' dir='ltr'><strong>grammaticen</strong></span> 
     </span>
    </p>
   </div>
   <div class='ocr_carea' id='block_1_74' title="bbox 150 5274 1734 5357">
    <p class='ocr_par' dir='ltr' id='par_1_74' title="bbox 150 5279 1730 5357">
     <span class='ocr_line' id='line_1_74' title="bbox 150 5279 1730 5357; baseline -0.006 -18"><span class='ocrx_word' id='word_1_436' title='bbox 150 5289 475 5357; x_wconf 68' lang='grc' dir='ltr'>ἀκρότατον,</span> <span class='ocrx_word' id='word_1_437' title='bbox 506 5285 637 5355; x_wconf 73' lang='grc' dir='ltr'>μηδὲ</span> <span class='ocrx_word' id='word_1_438' title='bbox 672 5283 779 5335; x_wconf 84' lang='grc' dir='ltr'><strong>τῶν</strong></span> <span class='ocrx_word' id='word_1_439' title='bbox 840 5282 1154 5352; x_wconf 74' lang='grc' dir='ltr'>φιλοσοφίας</span> <span class='ocrx_word' id='word_1_440' title='bbox 1182 5279 1509 5352; x_wconf 78' lang='grc' dir='ltr'>πρεσόείων,</span> <span class='ocrx_word' id='word_1_441' title='bbox 1556 5279 1730 5351; x_wconf 74' lang='grc' dir='ltr'>ἑτέρῳ</span> 
     </span>
    </p>
   </div>
   <div class='ocr_carea' id='block_1_75' title="bbox 1835 5274 3404 5357">
    <p class='ocr_par' dir='ltr' id='par_1_75' title="bbox 1835 5274 3404 5347">
     <span class='ocr_line' id='line_1_75' title="bbox 1835 5274 3404 5347; baseline 0 -17"><span class='ocrx_word' id='word_1_442' title='bbox 1835 5275 2051 5347; x_wconf 88' lang='lat' dir='ltr'><strong>quidem</strong></span> <span class='ocrx_word' id='word_1_443' title='bbox 2078 5291 2139 5330; x_wconf 90' lang='lat' dir='ltr'><strong>ac</strong></span> <span class='ocrx_word' id='word_1_444' title='bbox 2154 5276 2403 5346; x_wconf 89' lang='lat' dir='ltr'><strong>poeticen</strong></span> <span class='ocrx_word' id='word_1_445' title='bbox 2431 5274 2668 5344; x_wconf 80' lang='lat' dir='ltr'><strong>perfecte</strong></span> <span class='ocrx_word' id='word_1_446' title='bbox 2692 5283 2996 5336; x_wconf 90' lang='lat' dir='ltr'><strong>assecutus,</strong></span> <span class='ocrx_word' id='word_1_447' title='bbox 3016 5274 3082 5328; x_wconf 88' lang='lat' dir='ltr'><strong>ad</strong></span> <span class='ocrx_word' id='word_1_448' title='bbox 3104 5274 3404 5332; x_wconf 83' lang='lat' dir='ltr'><strong>rhetorices</strong></span> 
     </span>
    </p>
   </div>
   <div class='ocr_carea' id='block_1_76' title="bbox 152 5365 1734 5447">
    <p class='ocr_par' dir='ltr' id='par_1_76' title="bbox 152 5372 1726 5447">
     <span class='ocr_line' id='line_1_76' title="bbox 152 5372 1726 5447; baseline -0.004 -17"><span class='ocrx_word' id='word_1_449' title='bbox 152 5375 523 5447; x_wconf 80' lang='grc' dir='ltr'>παραχωρῶν,</span> <span class='ocrx_word' id='word_1_450' title='bbox 557 5376 691 5429; x_wconf 73' lang='grc' dir='ltr'>ἀλλὰ</span> <span class='ocrx_word' id='word_1_451' title='bbox 721 5377 787 5446; x_wconf 75' lang='grc' dir='ltr'>τῇ</span> <span class='ocrx_word' id='word_1_452' title='bbox 827 5375 925 5445; x_wconf 81' lang='grc' dir='ltr'>μὲν</span> <span class='ocrx_word' id='word_1_453' title='bbox 971 5373 1162 5444; x_wconf 74' lang='grc' dir='ltr'>λογικῇ</span> <span class='ocrx_word' id='word_1_454' title='bbox 1215 5373 1351 5444; x_wconf 74' lang='grc' dir='ltr'>πρὸς</span> <span class='ocrx_word' id='word_1_455' title='bbox 1378 5373 1475 5443; x_wconf 72' lang='grc' dir='ltr'>τὴν</span> <span class='ocrx_word' id='word_1_456' title='bbox 1506 5372 1726 5442; x_wconf 69' lang='grc' dir='ltr'>ἠθικὴν,</span> 
     </span>
    </p>
   </div>
   <div class='ocr_carea' id='block_1_77' title="bbox 1835 5365 3403 5447">
    <p class='ocr_par' dir='ltr' id='par_1_77' title="bbox 1835 5365 3403 5439">
     <span class='ocr_line' id='line_1_77' title="bbox 1835 5365 3403 5439; baseline -0.001 -16"><span class='ocrx_word' id='word_1_457' title='bbox 1835 5384 1964 5423; x_wconf 84' lang='lat' dir='ltr'><strong>vero</strong></span> <span class='ocrx_word' id='word_1_458' title='bbox 2009 5369 2247 5436; x_wconf 90' lang='lat' dir='ltr'><strong>artisque</strong></span> <span class='ocrx_word' id='word_1_459' title='bbox 2296 5366 2435 5421; x_wconf 90' lang='lat' dir='ltr'><strong>bene</strong></span> <span class='ocrx_word' id='word_1_460' title='bbox 2480 5365 2698 5420; x_wconf 88' lang='lat' dir='ltr'><strong>dicendi</strong></span> <span class='ocrx_word' id='word_1_461' title='bbox 2755 5380 3015 5419; x_wconf 87' lang='lat' dir='ltr'><strong>cacumen</strong></span> <span class='ocrx_word' id='word_1_462' title='bbox 3064 5367 3403 5439; x_wconf 77' lang='lat' dir='ltr'><strong>pertingens,</strong></span> 
     </span>
    </p>
   </div>
   <div class='ocr_carea' id='block_1_78' title="bbox 148 5430 1734 5541">
    <p class='ocr_par' dir='ltr' id='par_1_78' title="bbox 148 5430 1725 5541">
     <span class='ocr_line' id='line_1_78' title="bbox 148 5430 1725 5541; baseline -0.006 -17"><span class='ocrx_word' id='word_1_463' title='bbox 148 5476 217 5541; x_wconf 71' lang='grc' dir='ltr'>τῇ</span> <span class='ocrx_word' id='word_1_464' title='bbox 238 5430 414 5539; x_wconf 57' lang='grc' dir='ltr'><strong>⁸ὴθῖκῆ</strong></span> <span class='ocrx_word' id='word_1_465' title='bbox 445 5430 927 5537; x_wconf 38' lang='grc' dir='ltr'>δίβαθμίδίιπιρὸς</span> <span class='ocrx_word' id='word_1_466' title='bbox 962 5430 1060 5536; x_wconf 71' lang='grc' dir='ltr'>τὴν</span> <span class='ocrx_word' id='word_1_467' title='bbox 1092 5430 1399 5536; x_wconf 63' lang='grc' dir='ltr'>πραιιτικῆν</span> <span class='ocrx_word' id='word_1_468' title='bbox 1422 5430 1725 5534; x_wconf 46' lang='grc' dir='ltr'>γράίμενοςξ</span> 
     </span>
    </p>
   </div>
   <div class='ocr_carea' id='block_1_79' title="bbox 1835 5430 3400 5541">
    <p class='ocr_par' dir='ltr' id='par_1_79' title="bbox 1836 5430 3400 5531">
     <span class='ocr_line' id='line_1_79' title="bbox 1836 5430 3400 5531; baseline -0.003 -14"><span class='ocrx_word' id='word_1_469' title='bbox 1836 5477 2012 5531; x_wconf 90' lang='lat' dir='ltr'><strong>neque</strong></span> <span class='ocrx_word' id='word_1_470' title='bbox 2043 5463 2094 5513; x_wconf 91' lang='lat' dir='ltr'><strong>in</strong></span> <span class='ocrx_word' id='word_1_471' title='bbox 2128 5430 2486 5529; x_wconf 74' lang='lat' dir='ltr'><strong>pliilOSdphize</strong></span> <span class='ocrx_word' id='word_1_472' title='bbox 2536 5456 2889 5527; x_wconf 77' lang='lat' dir='ltr'><strong>dignitatibus</strong></span> <span class='ocrx_word' id='word_1_473' title='bbox 2944 5430 3103 5512; x_wconf 79' lang='lat' dir='ltr'><strong>alicui</strong></span> <span class='ocrx_word' id='word_1_474' title='bbox 3155 5430 3400 5514; x_wconf 66' lang='lat' dir='ltr'><strong>cedens:</strong></span> 
     </span>
    </p>
   </div>
   <div class='ocr_carea' id='block_1_80' title="bbox 148 5550 1734 5629">
    <p class='ocr_par' dir='ltr' id='par_1_80' title="bbox 148 5558 1728 5629">
     <span class='ocr_line' id='line_1_80' title="bbox 148 5558 1728 5629; baseline -0.006 -12"><span class='ocrx_word' id='word_1_475' title='bbox 148 5564 311 5618; x_wconf 73' lang='grc' dir='ltr'><strong>Οὕτω</strong></span> <span class='ocrx_word' id='word_1_476' title='bbox 339 5574 398 5616; x_wconf 80' lang='grc' dir='ltr'><strong>τε</strong></span> <span class='ocrx_word' id='word_1_477' title='bbox 427 5562 561 5614; x_wconf 79' lang='grc' dir='ltr'>πᾶσι</span> <span class='ocrx_word' id='word_1_478' title='bbox 586 5564 699 5625; x_wconf 80' lang='grc' dir='ltr'>τοῖς</span> <span class='ocrx_word' id='word_1_479' title='bbox 733 5560 956 5629; x_wconf 79' lang='grc' dir='ltr'>ἀγαθοῖς</span> <span class='ocrx_word' id='word_1_480' title='bbox 1000 5559 1416 5629; x_wconf 82' lang='grc' dir='ltr'>προσκείμενος,</span> <span class='ocrx_word' id='word_1_481' title='bbox 1445 5558 1597 5619; x_wconf 71' lang='grc' dir='ltr'>τέλος</span> <span class='ocrx_word' id='word_1_482' title='bbox 1626 5560 1728 5626; x_wconf 68' lang='grc' dir='ltr'>τὴν</span> 
     </span>
    </p>
   </div>
   <div class='ocr_carea' id='block_1_81' title="bbox 1835 5550 3403 5629">
    <p class='ocr_par' dir='ltr' id='par_1_81' title="bbox 1835 5550 3403 5625">
     <span class='ocr_line' id='line_1_81' title="bbox 1835 5550 3403 5625; baseline -0.004 -14"><span class='ocrx_word' id='word_1_483' title='bbox 1835 5555 1925 5611; x_wconf 80' lang='lat' dir='ltr'><strong>sed</strong></span> <span class='ocrx_word' id='word_1_484' title='bbox 1957 5552 2124 5624; x_wconf 79' lang='lat' dir='ltr'><strong>logica</strong></span> <span class='ocrx_word' id='word_1_485' title='bbox 2146 5552 2366 5625; x_wconf 91' lang='lat' dir='ltr'><strong>quidem</strong></span> <span class='ocrx_word' id='word_1_486' title='bbox 2389 5556 2454 5606; x_wconf 90' lang='lat' dir='ltr'><strong>ad</strong></span> <span class='ocrx_word' id='word_1_487' title='bbox 2489 5552 2729 5615; x_wconf 89' lang='lat' dir='ltr'><strong>ethicen,</strong></span> <span class='ocrx_word' id='word_1_488' title='bbox 2757 5552 2935 5604; x_wconf 86' lang='lat' dir='ltr'><strong>ethice</strong></span> <span class='ocrx_word' id='word_1_489' title='bbox 2975 5565 3103 5605; x_wconf 83' lang='lat' dir='ltr'><strong>vero</strong></span> <span class='ocrx_word' id='word_1_490' title='bbox 3152 5550 3219 5605; x_wconf 88' lang='lat' dir='ltr'><strong>ad</strong></span> <span class='ocrx_word' id='word_1_491' title='bbox 3276 5566 3403 5620; x_wconf 82' lang='lat' dir='ltr'><strong>pra-</strong></span> 
     </span>
    </p>
   </div>
   <div class='ocr_carea' id='block_1_82' title="bbox 146 5642 1734 5725">
    <p class='ocr_par' dir='ltr' id='par_1_82' title="bbox 146 5651 1731 5725">
     <span class='ocr_line' id='line_1_82' title="bbox 146 5651 1731 5725; baseline -0.006 -15"><span class='ocrx_word' id='word_1_492' title='bbox 146 5656 447 5725; x_wconf 77' lang='grc' dir='ltr'>καλλίστην</span> <span class='ocrx_word' id='word_1_493' title='bbox 477 5653 591 5724; x_wconf 74' lang='grc' dir='ltr'>ἅμα</span> <span class='ocrx_word' id='word_1_494' title='bbox 620 5671 712 5707; x_wconf 88' lang='grc' dir='ltr'><strong>και</strong></span> <span class='ocrx_word' id='word_1_495' title='bbox 758 5652 1278 5723; x_wconf 77' lang='grc' dir='ltr'>φιλανθρωποτάτην</span> <span class='ocrx_word' id='word_1_496' title='bbox 1314 5651 1558 5720; x_wconf 75' lang='grc' dir='ltr'>ἰατρικὴν</span> <span class='ocrx_word' id='word_1_497' title='bbox 1592 5664 1731 5701; x_wconf 74' lang='grc' dir='ltr'>κατ-</span> 
     </span>
    </p>
   </div>
   <div class='ocr_carea' id='block_1_83' title="bbox 1835 5642 3401 5725">
    <p class='ocr_par' dir='ltr' id='par_1_83' title="bbox 1835 5642 3401 5714">
     <span class='ocr_line' id='line_1_83' title="bbox 1835 5642 3401 5714; baseline -0.004 -13"><span class='ocrx_word' id='word_1_498' title='bbox 1835 5649 2006 5701; x_wconf 88' lang='lat' dir='ltr'><strong>cticen</strong></span> <span class='ocrx_word' id='word_1_499' title='bbox 2055 5654 2308 5714; x_wconf 75' lang='lat' dir='ltr'><strong>tanquam</strong></span> <span class='ocrx_word' id='word_1_500' title='bbox 2359 5643 2527 5713; x_wconf 81' lang='lat' dir='ltr'><strong>gradu</strong></span> <span class='ocrx_word' id='word_1_501' title='bbox 2563 5652 2740 5709; x_wconf 87' lang='lat' dir='ltr'><strong>utens,</strong></span> <span class='ocrx_word' id='word_1_502' title='bbox 2795 5643 2865 5697; x_wconf 90' lang='lat' dir='ltr'><strong>ita</strong></span> <span class='ocrx_word' id='word_1_503' title='bbox 2921 5642 3175 5697; x_wconf 89' lang='lat' dir='ltr'><strong>omnibus</strong></span> <span class='ocrx_word' id='word_1_504' title='bbox 3242 5642 3401 5696; x_wconf 81' lang='lat' dir='ltr'><strong>bonis</strong></span> 
     </span>
    </p>
   </div>
   <div class='ocr_carea' id='block_1_84' title="bbox 145 5734 1734 5838">
    <p class='ocr_par' dir='ltr' id='par_1_84' title="bbox 145 5741 1729 5838">
     <span class='ocr_line' id='line_1_84' title="bbox 145 5741 1729 5838; baseline -0.007 -35"><span class='ocrx_word' id='word_1_505' title='bbox 145 5751 323 5838; x_wconf 70' lang='grc' dir='ltr'>ορΘΟἶ,</span> <span class='ocrx_word' id='word_1_506' title='bbox 368 5751 460 5801; x_wconf 72' lang='grc' dir='ltr'><strong>καὶ</strong></span> <span class='ocrx_word' id='word_1_507' title='bbox 496 5747 767 5812; x_wconf 71' lang='grc' dir='ltr'>τοσοῦτον,</span> <span class='ocrx_word' id='word_1_508' title='bbox 792 5748 915 5800; x_wconf 79' lang='grc' dir='ltr'>ὅσον</span> <span class='ocrx_word' id='word_1_509' title='bbox 946 5746 1012 5797; x_wconf 73' lang='grc' dir='ltr'><strong>τα</strong></span> <span class='ocrx_word' id='word_1_510' title='bbox 1061 5746 1238 5807; x_wconf 67' lang='grc' dir='ltr'>πολλὰ,</span> <span class='ocrx_word' id='word_1_511' title='bbox 1262 5745 1353 5797; x_wconf 76' lang='grc' dir='ltr'><strong>καὶ</strong></span> <span class='ocrx_word' id='word_1_512' title='bbox 1392 5744 1496 5795; x_wconf 76' lang='grc' dir='ltr'><strong>ἀπὸ</strong></span> <span class='ocrx_word' id='word_1_513' title='bbox 1522 5741 1729 5811; x_wconf 71' lang='grc' dir='ltr'>ταύτης</span> 
     </span>
    </p>
   </div>
   <div class='ocr_carea' id='block_1_85' title="bbox 1835 5734 3406 5838">
    <p class='ocr_par' dir='ltr' id='par_1_85' title="bbox 1835 5734 3406 5807">
     <span class='ocr_line' id='line_1_85' title="bbox 1835 5734 3406 5807; baseline 0 -16"><span class='ocrx_word' id='word_1_514' title='bbox 1835 5736 2157 5793; x_wconf 89' lang='lat' dir='ltr'><strong>incumbens</strong></span> <span class='ocrx_word' id='word_1_515' title='bbox 2202 5736 2417 5791; x_wconf 89' lang='lat' dir='ltr'><strong>tandem</strong></span> <span class='ocrx_word' id='word_1_516' title='bbox 2444 5735 2867 5807; x_wconf 82' lang='lat' dir='ltr'><strong>pulcherrimam</strong></span> <span class='ocrx_word' id='word_1_517' title='bbox 2900 5735 3064 5791; x_wconf 88' lang='lat' dir='ltr'><strong>simul</strong></span> <span class='ocrx_word' id='word_1_518' title='bbox 3094 5749 3159 5791; x_wconf 89' lang='lat' dir='ltr'><strong>ac</strong></span> <span class='ocrx_word' id='word_1_519' title='bbox 3210 5734 3406 5791; x_wconf 72' lang='lat' dir='ltr'><strong>huma-</strong></span> 
     </span>
    </p>
   </div>
   <div class='ocr_carea' id='block_1_86' title="bbox 475 5825 1734 5909">
    <p class='ocr_par' dir='ltr' id='par_1_86' title="bbox 475 5843 1110 5909">
     <span class='ocr_line' id='line_1_86' title="bbox 475 5843 1110 5909; baseline 0.003 -4"><span class='ocrx_word' id='word_1_520' title='bbox 475 5847 743 5907; x_wconf 74' lang='grc' dir='ltr'>ΡΛτιιοι..</span> <span class='ocrx_word' id='word_1_521' title='bbox 778 5850 892 5909; x_wconf 76' lang='lat' dir='ltr'><strong>Gn.</strong></span> <span class='ocrx_word' id='word_1_522' title='bbox 932 5843 1110 5907; x_wconf 72' lang='lat' dir='ltr'><strong>CXV.</strong></span> 
     </span>
    </p>
   </div>
   <div class='ocr_carea' id='block_1_87' title="bbox 1835 5825 3079 5909">
    <p class='ocr_par' dir='ltr' id='par_1_87' title="bbox 3008 5825 3079 5888">
     <span class='ocr_line' id='line_1_87' title="bbox 3008 5825 3079 5888; baseline 0.014 -1"><span class='ocrx_word' id='word_1_523' title='bbox 3008 5825 3079 5888; x_wconf 85' lang='lat'><strong>36</strong></span> 
     </span>
    </p>
   </div>
  </div>
