4178 6316
168 394 307 460 1133

1515 381 1690 441 νιΤΑ
1728 379 1789 440 S.
1830 380 2062 440 LUCAI.

3270 374 3406 440 1134

166 529 285 584 ριον
321 509 550 577 βεϐαιοῖ.
584 507 728 577 Πλὴν
758 504 895 558 ἀλλὰ
933 504 1027 571 τῆς
1067 502 1212 564 θείας
1259 500 1473 570 ὁμιλίας
1505 500 1732 569 ταύτης,

1850 509 2143 553 rumtamen
2202 512 2319 567 quae
2393 496 2489 550 fuit
2562 494 2727 565 hujus
2778 493 2975 549 divina
3028 493 3406 550 coilocutionis

162 605 218 658 τί
254 606 312 657 τὸ
353 602 652 671 γεώργιονς
687 598 803 668 Πῦρ
856 598 955 667 ἤδη
1007 596 1148 649 θεῖον
1191 596 1311 656 ταῖς
1360 592 1562 646 τούτων
1607 595 1738 644 ἀνα-

164 696 376 764 λάμπει
420 694 639 762 ψυχαῖς·
690 692 783 742 καὶ
843 689 940 752 τῆς
999 686 1212 756 ἡμέρας
1272 684 1396 755 ἄρτι
1456 682 1737 748 κλινάσης,

170 791 351 856 μεῖναι
397 788 493 838 σὺν
541 786 724 844 αὐτοῖς
760 782 850 833 τὸν
889 780 1169 848 Δεσπότην
1222 775 1642 844 παρεϐιάσαντο.
1682 773 1740 823 Ὀ

165 880 245 945 δὲ,
272 877 492 931 πλείονα
524 877 621 945 τὴν
660 872 987 941 θεογνωσέαν
1039 871 1226 932 αὐτοῖς
1280 868 1510 920 ἐνθεῖναι
1562 865 1743 936 βουλό-

172 989 353 1043 μενος,
384 971 444 1023 οὑ
489 970 719 1036 συνέστη
758 967 915 1036 μόνον
950 963 1160 1029 ἁπλῶς,
1188 960 1322 1014 ἀλλὰ
1362 962 1456 1013 καὶ
1502 964 1568 1029 τῇ
1605 976 1740 1028 τρα-

168 1062 311 1131 πέζῃ
346 1057 869 1127 συγκατακλίνεταιο
896 1058 960 1124 τῇ
1005 1071 1061 1106 τε
1094 1051 1187 1105 τοῦ
1222 1052 1387 1118 ἄρτου
1434 1050 1623 1101 κλάσει
1655 1043 1744 1102 οῦ-

167 1170 281 1215 τος,
313 1155 515 1213 ἐκεῖνος
548 1153 575 1202 ὁ
602 1150 897 1218 τριήμερος
946 1143 1086 1199 εἶναι
1125 1143 1318 1212 νεκρὸς
1350 1142 1742 1210 άκριόἐστερον

164 1244 517 1315 γνωρισθεὶς,
538 1243 689 1302 τέλος
716 1239 891 1310 ᾤχετο
912 1237 1090 1291 λαθὼν
1123 1237 1305 1289 αὐτῶν
1340 1237 1518 1287 πᾶσαν
1551 1232 1742 1297 αἴσθη-

171 1335 652 1406 σιν,βε6αιοτέραν
687 1330 858 1392 οὕτως
888 1331 1070 1391 αὐτοῖς
1121 1327 1219 1397 τὴν
1257 1328 1327 1378 ἐκ·
1371 1323 1478 1377 τῶν
1534 1322 1742 1390 νεκρῶν

168 1431 468 1481 ἀνάστασιν
500 1424 897 1493 ἐργασάμενος.

245 1517 319 1568 E'.
358 1513 635 1566 Ἐντεῦθεν
655 1514 746 1565 καὶ
775 1512 872 1580 τῆς
915 1509 1008 1562 τοῦ
1053 1510 1304 1577 Σωτῆρος
1346 1508 1482 1577 πρὸς
1516 1505 1745 1577 οὐρανὸν

170 1606 514 1677 ἀναλήψεως,
540 1607 630 1657 καὶ
659 1604 758 1673 τῆς
778 1603 870 1656 τοῦ
906 1602 1170 1669 παναγέου
1198 1600 1515 1666 Πνεύματος
1540 1599 1747 1653 ἐκεῖθεν

172 1695 591 1764 ὲπιςροιτήσεως,
636 1685 787 1753 οὗτος
828 1694 935 1752 τοῖς
963 1689 1166 1740 δώδεκα
1195 1684 1748 1756 κεκοινωνηκὼς,τῆς

170 1786 349 1852 αὐτῆς
383 1801 439 1836 τε
479 1782 791 1852 πληρωθεὶς
844 1782 1064 1850 χάριτος
1117 1781 1208 1832 καὶ
1265 1779 1589 1848 δυνάμεως,
1640 1778 1747 1829 τών

1843 591 2196 661 agricolatio?
2252 591 2391 661 Ignis
2422 588 2639 643 divinus
2699 589 2802 652 iam
2849 587 2908 640 in
2971 585 3165 641 borum
3211 588 3408 642 animis

1844 686 2070 750 relucet,
2131 684 2353 753 jamque
2414 683 2501 736 die
2563 680 2867 734 declinante
2928 694 3151 733 manere
3219 694 3407 733 secum

1845 778 2130 831 Dominum
2166 779 2563 846 quodammodo
2592 782 2908 845 coegerunt.
2931 772 3099 827 Porro
3120 773 3257 841 ipse,
3290 788 3402 826 ma-

1839 871 1945 939 j0ri
1988 870 2078 943 Dei
2107 869 2416 938 cognitione
2441 869 2563 921 illos
2598 867 2780 919 amare
2805 869 3011 925 volens,
3064 880 3172 917 non
3231 865 3403 939 solum

1845 962 2049 1031 vulgari
2079 961 2238 1014 modo
2266 974 2592 1029 congressus
2626 968 2732 1024 est,
2769 956 3128 1011 veruutetiam
3156 955 3220 1009 ad
3256 971 3411 1008 tuen-

1846 1066 1960 1104 sam
2019 1065 2123 1104 una
2174 1048 2463 1113 recumbit,
2525 1048 2793 1117 panisque
2848 1045 3113 1100 fractione
3168 1044 3414 1098 exactius

1846 1144 2062 1211 agnitus
2086 1151 2169 1196 est
2203 1142 2292 1196 hic
2349 1140 2491 1195 idem
2526 1139 2619 1208 qui
2679 1139 2859 1192 triduo
2911 1146 3158 1191 mortuus
3212 1137 3409 1198 fuerat,

1848 1236 2066 1288 tandem
2092 1233 2359 1303 disparuit
2377 1233 2527 1286 nullo
2552 1246 2741 1285 eorum
2772 1245 2933 1284 sensu
2964 1232 3014 1282 id
3038 1228 3370 1297 percipieute
3395 1245 3410 1292 ;

1845 1323 2038 1377 eiIeeta
2102 1323 2206 1376 hoc
2264 1322 2426 1377 modo
2479 1321 2534 1374 in
2595 1320 2675 1375 eis
2721 1318 2946 1374 lirmiori
3009 1319 3411 1374 resurrectione

1849 1419 2214 1469 mortuorum.

1924 1506 1982 1560 V.
2014 1505 2277 1560 Praterea
2317 1523 2344 1559 a
2374 1505 2671 1560 Salvatoris
2699 1506 2751 1558 in
2773 1505 2969 1560 caelum
3037 1505 3415 1572 assumptione

1850 1614 1912 1652 ac
1940 1597 2266 1652 sanctissimi
2289 1596 2666 1664 Spiritusinde
2693 1598 3068 1662 descensione,
3096 1598 3182 1652 bic
3208 1597 3418 1652 duode-

1848 1692 1954 1745 cim
1997 1689 2255 1759 apostolis
2294 1689 2593 1742 associatus
2639 1698 2694 1743 et
2732 1690 2922 1742 eadem
2964 1691 3132 1758 gratia
3193 1705 3255 1742 ac
3318 1705 3415 1757 po-

1853 1791 2046 1838 testate
2091 1784 2349 1851 repletus,
2413 1780 2669 1835 Gentium
2721 1793 3018 1850 pmceptor
3077 1773 3416 1850 designatur.

172 1872 347 1924 ἑθνων
375 1871 690 1932 διδάσκαλος
719 1871 1121 1931 ἀναδείκνυται,
1160 1868 1425 1935 θεολογῶν
1457 1869 1517 1920 τὸ
1548 1868 1645 1938 τῆς
1675 1870 1749 1919 οἱα

1850 1876 2035 1929 divino
2070 1875 2233 1928 modo
2276 1874 2478 1928 docens
2505 1874 2932 1941 dispensationis
2985 1871 3327 1943 my'sterium.
3366 1884 3421 1925 et

172 1965 437 2034 κονομίας
495 1965 817 2033 μυστήριον,
874 1965 967 2014 καὶ
1036 1962 1265 2024 πολλοὺς
1313 1963 1393 2024 είς
1450 1961 1747 2028 ἐπίγνωσιν

171 2058 272 2111 τοῦ
308 2058 669 2127 πεποιηκότος
703 2059 765 2107 ἐκ
815 2056 911 2123 τῆς
963 2055 1182 2124 ἀπάτης
1238 2054 1595 2124 χειραγωγῶν
1653 2054 1747 2105 καὶ

171 2149 395 2201 τελειῶν
430 2147 508 2216 τῷ
553 2146 915 2215 βαπτίσματι.
969 2144 1199 2213 ’Έτρεχε
1250 2145 1347 2212 μὲν
1410 2144 1519 2210 γὰρ
1550 2147 1575 2195 ό
1605 2141 1746 2203 θεῖος

174 2237 340 2304 οὗτος
379 2240 591 2299 Λουκᾶς
640 2236 921 2306 πανταχοῦ
961 2236 1297 2306 διασπείρων
1344 2236 1403 2289 τὸ
1457 2238 1745 2307 κήρυγμα,

174 2336 278 2386 καὶ
306 2336 370 2402 τῇ
405 2330 510 2383 τῶν
541 2330 714 2397 λόγων
748 2332 959 2400 σαγήνῃ
1007 2331 1133 2390 τοὺς
1165 2330 1381 2391 πλείους
1410 2332 1474 2382 ὲκ
1504 2332 1601 2399 τῆς
1652 2327 1745 2383 τοῦ

172 2422 345 2493 βυθοῦ
393 2422 667 2490 ἀγνωσίας
723 2425 1017 2491 προσάγων
1050 2421 1188 2491 Θεῷ,
1227 2420 1559 2475 κακοπαθῶν
1608 2421 1748 2491 ὑπὲρ

169 2516 270 2568 τοῦ
305 2501 662 2582 Εὐαγγελίου,
694 2519 805 2576 τοῖς
831 2515 1225 2583 πονηροτάτοις
1266 2514 1533 2582 Ἑλλήνων
1553 2515 1631 2575 είς
1665 2513 1751 2565 λό-

170 2626 309 2678 γους
345 2609 562 2677 χωρῶν,
594 2606 765 2659 πολλὰ
790 2606 858 2658 τὰ
908 2607 1141 2675 δυσχερῆ
1196 2606 1561 2675 ὑφιστάμενος
1610 2606 1749 2657 κατὰ

171 2704 306 2769 γῆν,
352 2702 492 2753 κατὰ
527 2698 821 2762 θάλατταν,
853 2697 995 2750 κατὰ
1033 2698 1238 2759 πόλεις.
1294 2696 1539 2767 Ἐρημος
1600 2692 1749 2762 αὐτῷ

173 2796 333 2861 φίλον
391 2795 586 2860 ἔδαφος
636 2792 971 2858 ὠνομάζετο,
1032 2790 1192 2859 μόνον
1219 2790 1271 2842 εἴ
1311 2806 1463 2852 τινας
1510 2792 1566 2841 ὲν
1611 2790 1748 2859 αὐτῇ

169 2885 299 2954 Θεῷ
352 2888 723 2954 προσαγαγεῖν
760 2884 932 2953 εὖροι,
984 2885 1075 2934 καὶ
1121 2882 1435 2953 μεταθεῖναι
1476 2883 1613 2950 πρὸς
1651 2882 1750 2951 τὴν

169 2977 478 3030 εὐσέϐειαν.

251 3071 344 3135 (ζ’.
371 3068 525 3122 Ἐπεὶ
547 3070 601 3122 δὲ
623 3070 714 3120 καὶ
736 3067 969 3133 Παῦλος,
991 3067 1098 3121 τῶν
1115 3066 1376 3137 οὐρανίων
1392 3066 1747 3136 ἐπιϐήσεσθαι

1852 1968 2053 2022 multos
2073 1968 2137 2021 ad
2164 1966 2442 2021 Creatoris
2478 1966 2845 2034 cognitionem
2880 1980 2944 2019 ex
2981 1981 3167 2019 errore
3230 1982 3420 2020 manu-

1850 2061 2056 2113 ducens
2081 2075 2144 2112 ac
2175 2060 2496 2127 baptismate
2522 2073 2868 2111 consecratis.
2915 2057 3193 2126 Siquidem
3226 2075 3419 2113 curre-

1852 2151 1940 2203 bat
2015 2151 2235 2203 divinus
2315 2149 2404 2202 hic
2490 2147 2662 2201 Lucas
2722 2149 3163 2217 praedicationem
3220 2151 3419 2218 ubique

1849 2242 2265 2301 disseminans.
2341 2249 2398 2294 et
2457 2255 2766 2293 sermonum
2834 2255 3029 2310 sagrna
3112 2242 3293 2310 plures
3354 2258 3419 2294 ex

1851 2334 2122 2405 profunda
2156 2334 2465 2405 ignorantia
2493 2333 2557 2386 ad
2588 2333 2755 2386 Deum
2790 2333 3096 2387 adducebat
3131 2350 3144 2385 :
3188 2332 3417 2387 afﬂictus

1852 2444 1951 2499 pro
1975 2427 2286 2497 Evangelio,
2314 2442 2434 2479 cum
2460 2427 2529 2479 ad
2560 2426 2831 2495 pessimos
2862 2425 3081 2480 Grtccos
3115 2427 3180 2479 ad
3245 2427 3419 2480 disse-

1853 2518 2141 2571 minandos
2175 2530 2457 2569 sermones
2496 2517 2798 2577 accederet,
2830 2517 2995 2568 multa
3028 2532 3218 2584 aspera
3250 2518 3421 2570 susti-

1852 2608 2018 2660 nebat
2052 2607 2104 2659 in
2135 2616 2297 2670 terra,
2357 2605 2410 2658 in
2471 2606 2625 2668 mari,
2684 2606 2735 2657 in
2789 2605 3017 2676 singulis
3082 2606 3415 2660 civitatibus.

1853 2698 2134 2752 Desertum
2161 2697 2438 2751 dicebatur
2500 2699 2548 2752 ei
2590 2700 2823 2752 amicum
2870 2699 3065 2761 solum,
3124 2699 3421 2755 dummodo

1852 2790 2060 2860 aliquos
2111 2790 2163 2842 in
2207 2805 2272 2843 eo
2329 2791 2603 2845 inveniret
2656 2807 2792 2859 quos
2844 2790 2953 2845 Deo
3019 2792 3314 2847 adduceret
3353 2809 3417 2847 ac

1854 2884 2173 2942 transferret
2205 2884 2271 2938 ad
2310 2883 2586 2952 pietatem.
3248 2882 3254 2887 ’

1930 3068 2015 3121 ιἰ.
2054 3069 2151 3121 Ubi
2183 3080 2362 3123 autem
2392 3080 2446 3122 et
2476 3069 2674 3124 Paulus
2703 3072 2941 3124 cmlestia
2994 3075 3422 3139 conscendisset,

176 3163 425 3233 μέλλων,
470 3162 840 3215 κατοπτεῦσαί
873 3177 929 3214 τε
963 3162 1057 3213 καὶ⁵
1113 3160 1348 3231 κηρύξαι
1408 3160 1621 3232 τρανῶς
1651 3163 1750 3231 τὴν

1857 3168 1916 3211 ut
1944 3159 2247 3213 intueretur
2284 3160 2564 3213 veritatem
2607 3170 2661 3213 et
2696 3172 2883 3230 aperte
2906 3177 3025 3215 eam
3085 3165 3422 3232 praedicaret,

176 3254 465 3322 ἀλήθειαν,
490 3257 548 3306 τὸ
584 3259 681 3325 τῆς
715 3253 928 3325 ἀπάτης
966 3254 1159 3315 σκότος
1189 3252 1480 3305 ἀποσαλὼν
1512 3256 1575 3323 τῇ
1607 3254 1753 3306 εὐσε-

172 3347 306 3399 6εία
349 3348 622 3413 συνέθετο,
652 3349 744 3401 καὶ
775 3349 852 3416 τῷ
896 3346 1039 3415 χορῷ
1077 3344 1464 3413 συνηριθμεῖτο
1487 3345 1599 3395 τῶν
1642 3362 1748 3411 μα-

174 3438 384 3507 θητῶν,
410 3438 786 3505 συνοδοιπόρος
815 3436 962 3503 αὐτῴ
1001 3434 1214 3495 Λουκᾶς
1260 3433 1585 3486 καθίσταται
1617 3452 1751 3487 παν-

175 3529 353 3599 ταχοῦ
382 3532 476 3583 καὶ
511 3530 872 3599 συνέκδημος,
895 3528 1121 3596 ἀγώνων
1152 3526 1258 3579 τῶν
1294 3527 1434 3597 ὑπὲρ
1468 3528 1526 3580 εὑ
1540 3528 1754 3591 σεὸείας

174 3626 346 3695 ἱρῶν,
396 3629 489 3677 καὶ
538 3624 627 3676 διὰ
685 3623 843 3675 τοῦτο
899 3620 1161 3691 τηλικῷδε
1215 3620 1479 3683 συντάξας

179 3718 515 3789 στρατιώτῃ,
549 3718 711 3786 μέχρι
739 3732 793 3768 τε
820 3714 1033 3782 δεσμῶν
1072 3713 1145 3774 ὼς
1181 3710 1490 3781 κακοῦργος
1548 3727 1753 3780 συγκα-

177 3809 442 3865 κοπαθῶν
475 3808 641 3874 αὐτῷ,
670 3808 885 3869 καὶτὰς
915 3806 1013 3876 τῆς
1042 3805 1375 3872 θεογνωσίας
1411 3808 1643 3868 ἀκτῖνας
1675 3807 1756 3868 είς

176 3906 250 3955 τὰ
294 3902 508 3969 πέρατα
572 3900 996 3967 συνεκπέμπων.
1044 3897 1187 3949 οὕτω
1228 3897 1624 3968 συναρμοσθεὶς
1662 3900 1754 3950 καὶ

175 3991 505 4056 οἰκειωθεὶς,
565 3992 661 4046 καὶ
713 3994 853 4044 κατὰ
908 3991 1086 4043 πάντα
1147 3990 1551 4058 κεχαρισμένος
1606 3987 1754 4058 αὐτῷ

179 4085 504 4156 γενόμενος,
529 4086 667 4139 ὥστε
692 4084 786 4136 τὸν
813 4080 1046 4143 Παῦλον,
1077 4079 1465 4132 ἐπιστέλλοντα
1516 4080 1628 4141 τοῖς
1664 4097 1755 4131 πι-

180 4179 353 4239 στοῖς,
398 4176 681 4245 ἀγαπητὸν
730 4170 995 4242 πολλαχοῦ
1038 4173 1129 4223 τὸν
1180 4172 1395 4224 Λουκᾶν
1442 4169 1753 4239 ὀνομάζειν.

182 4270 288 4333 Ὃς
319 4271 421 4322 ἀπό
451 4286 510 4321 τε
552 4265 907 4337 Ἰερουσαλὴμ
933 4267 1042 4327 καὶ
1089 4266 1274 4333 κύκλῳ
1323 4265 1485 4335 μέχρι
1515 4264 1609 4317 τοῦ
1660 4263 1757 4315 Ἱλ-

177 4361 413 4430 λυρικοῦ
445 4359 507 4410 τὸ
544 4357 876 4425 Εὑαγγὲλιον
929 4358 1027 4408 σὺν
1079 4356 1252 4421 τούτῳ
1292 4353 1667 4422 πληρῶν,ἁπό
1698 4368 1754 4403 τε

192 4453 458 4514 ἰουδαίας
498 4451 626 4522 ἄχρι
678 4450 896 4521 Ῥώμης
932 4449 1080 4516 αὐτῷ
1133 4448 1621 4517 συνδεσμούμενος,
1646 4447 1756 4498 τῶν

176 4545 366 4599 αὐτῶν
393 4545 595 4609 κόπων,
617 4546 725 4597 τῶν
746 4543 926 4596 αὐτῶν
956 4542 1208 4610 θλίψεων,
1234 4542 1343 4593 τῶν
1376 4543 1554 4593 αὐτῶν
1579 4557 1757 4593 κεκοι-

178 4639 392 4707 νώνηκε
431 4637 724 4705 ναυαγίων,
758 4637 1101 4703 συμμέτοχος
1147 4634 1488 4704 ἀναφανῆναι
1537 4634 1754 4695 πάντως

176 4733 280 4785 καὶ
310 4731 417 4784 τῶν
442 4733 534 4783 επὶ
569 4730 829 4789 τοιούτοις
871 4729 1049 4789 πόνοις
1098 4730 1377 4797 στεφάνων
1416 4726 1753 4796 βουλόμενος,

179 4822 345 4877 Οὕτω
373 4821 660 4890 τοιγαροῦν
684 4821 989 4884 πολυτελῶς
1035 4823 1130 4872 σὺν
1171 4820 1249 4889 τῷ
1307 4821 1501 4890 Παύλῳ
1547 4820 1609 4871 τὸ
1661 4818 1754 4870 τοῦ

1558 3622 1753 3673 ἑαυτὸν

180 4917 544 4987 κηρύγματος
580 4918 1067 4987 ἐμπορευσάμενος
1100 4914 1493 4973 τάλαντον,καὶ
1521 4912 1757 4964 τοσαῦτα

178 5008 521 5079 παραγαγὼν
541 5012 633 5059 καὶ
654 5008 993 5076 σαγηνεύσας
1012 5007 1135 5074 ἔθνη
1151 5008 1214 5076 τῇ
1235 5007 1502 5074 εὐσεὸεία,
1519 5007 1615 5072 τῆς
1630 5003 1755 5071 ὅλης

176 5104 278 5158 τοῦ
298 5102 623 5155 διδασκάλου
648 5101 960 5166 οἰκονομίας
984 5103 1011 5151 δ
1034 5102 1127 5151 καὶ
1143 5097 1313 5167 φιλῶν
1329 5099 1403 5166 τῷ
1424 5100 1534 5148 om
1564 5102 1757 5160 x1123:-

176 5197 443 5265 λούμενος
478 5196 745 5264 μαθητὴς,
797 5193 1118 5261 ίερογράφος
1152 5191 1287 5260 ὁμοῦ
1321 5193 1411 5241 καὶ
1463 5189 1753 5255 Εὑαγγελι-

180 5293 319 5361 στῆς
345 5288 640 5348 δείκνυται,
673 5286 766 5338 ἅτε
800 5286 893 5337 καὶ
922 5284 1183 5353 πρότερον
1235 5280 1753 5351 παρηκολουθηκὼς,

179 5387 280 5437 καὶ
312 5383 461 5454 παρα
496 5379 603 5431 τῶν
633 5380 885 5450 ἀπαρχῆς
910 5376 1193 5446 ὑπηρετῶν
1218 5376 1387 5429 ταῦτα
1410 5373 1753 5444 γνωρισθεὶς,

176 5478 217 5546 ἢ
253 5477 347 5527 καὶ
411 5475 866 5544 μυσταγωγηθεις
918 5472 1141 5522 ἄνωθεν.
1196 5469 1266 5519 Ἰὺ
1296 5471 1401 5538 γὰρ
1434 5468 1524 5520 τοῦ
1557 5482 1759 5533 νυμφο-

181 5567 377 5621 στόλου
430 5563 672 5632 Γαῆριὴλ
725 5565 857 5631 πρὸς
890 5564 987 5631 τὴν
1025 5559 1296 5631 Παρθένον
1353 5554 1504 5619 οὗτος
1550 5557 1758 5626 μυστή-

182 5678 306 5736 ριον
339 5658 636 5721 ἀνετάξατο
669 5659 696 5707 6
726 5652 1153 5722 Εὑαγγελιστὴς,
1181 5654 1273 5704 τοῦ
1312 5651 1501 5720 κοινὴν
1533 5651 1760 5717 εὐαγγε-

184 5751 482 5821 λισαμένου
537 5750 615 5819 τῷ
670 5748 857 5820 κόσμῳ
914 5748 1111 5817 χαράν.
1175 5742 1345 5809 Uine;
1389 5748 1478 5797 καὶ
1530 5745 1627 5811 τὴν
1663 5743 1758 5795 τοῦ

190 5840 426 5916 Χριστοῦ
458 5844 712 5911 γέννησιν
744 5841 986 5911 ἐναργῶς
1042 5838 1379 5908 διεχάραξεν,
1414 5835 1606 5907 ὥςπερ
1634 5834 1759 5904 ἄρτι

1857 3268 1919 3307 ac
1949 3252 2181 3323 abjectis
2202 3253 2409 3307 erroris
2438 3253 2677 3307 tenebris
2712 3255 2924 3308 veritati
2985 3256 3320 3322 adhtesisset,
3369 3269 3423 3311 et

1858 3349 2027 3401 choro
2062 3347 2450 3418 discipulorum
2482 3357 2881 3401 annumeratus
2912 3357 3080 3411 esset,
3118 3349 3291 3404 Lucas
3320 3352 3419 3419 ipsi

1857 3440 2038 3492 socius
2077 3438 2288 3491 itineris
2319 3438 2515 3505 ubique
2549 3438 2898 3492 constituitur
2937 3454 2999 3494 ac
3033 3442 3422 3513 peregrinatio-

1858 3528 1945 3582 nis
1976 3543 2179 3590 comes,
2222 3529 2517 3582 certamina
2544 3543 2640 3597 pro
2675 3530 2874 3596 pietate
2903 3543 3186 3601 exoptans,
3240 3544 3295 3589 et
3352 3539 3422 3589 ob

1860 3622 1911 3675 id
1955 3638 2013 3676 se
2043 3622 2346 3689 liujusmodi
2372 3621 2709 3690 conjungens
2762 3622 2939 3688 militi,
2965 3634 3020 3678 et
3044 3641 3149 3679 una
3177 3642 3301 3681 cum
3357 3645 3424 3682 eo

1859 3727 2028 3781 usque
2052 3714 2118 3765 ad
2148 3712 2359 3765 vincula
2392 3713 2620 3766 alilictus
2667 3717 2818 3781 quasi
2873 3716 3175 3783 maleficus,
3232 3720 3432 3773 simul-

1857 3821 1964 3875 que
1993 3805 2316 3874 cognitionis
2369 3804 2547 3860 radios
2600 3806 2668 3859 ad
2721 3806 2855 3861 ﬁnes
2908 3818 3067 3863 terra:
3123 3813 3422 3867 emittens:

1856 3898 1993 3950 adeo
2026 3897 2127 3963 ipsi
2164 3896 2461 3950 conformis
2486 3912 2548 3949 ac
2575 3898 2926 3961 domesticus,
2981 3911 3033 3954 et
3091 3918 3188 3971 per
3240 3906 3425 3960 omnia

1856 3998 2039 4059 gratus
2071 3988 2318 4048 en‘ectus.
2357 3999 2416 4042 ut
2462 3986 2659 4043 Paulus
2706 3991 2949 4045 scribens
3007 3993 3256 4049 fidelibus
3321 3996 3422 4051 Lu-

1859 4097 1979 4136 cam
2019 4082 2333 4151 frequeuter
2363 4084 2670 4136 nominaret
2690 4084 2948 4139 dilectum
2988 4104 3001 4141 :
3030 4090 3118 4157 qui
3141 4088 3209 4142 ab
3232 4089 3427 4145 Hiero-

1860 4174 2083 4244 solymis
2160 4183 2214 4227 et
2293 4173 2879 4244 circumadjacentibus
2954 4178 3087 4233 locis
3156 4181 3425 4252 Illyricum

1860 4279 2032 4334 usque
2068 4278 2173 4318 una
2205 4280 2327 4319 cum
2364 4266 2480 4334 ipso
2523 4266 2769 4335 implevit
2824 4269 3178 4338 Erangelium
3223 4289 3238 4325 :
3295 4283 3350 4327 et
3397 4291 3425 4328 a

1856 4359 2040 4413 Judzea
2081 4358 2305 4411 Romam
2338 4371 2508 4423 usque
2540 4372 2642 4411 uua
2675 4373 2796 4411 eum
2822 4375 2887 4414 eo
2937 4361 3178 4426 vinctus,
3217 4366 3423 4421 eisdem

1861 4447 2153 4508 laboribus,
2182 4446 2388 4501 eisdem
2432 4446 2833 4515 afﬂictionibus,
2911 4453 3114 4510 eisdem
3181 4472 3423 4513 commu-

1792 4560 1835 4615 ο
1864 4538 2069 4591 nicavit
2091 4536 2410 4607 naufragiis,
2445 4538 2633 4592 volens
2663 4541 2887 4593 omnino
2917 4545 3189 4612 particeps
3242 4548 3427 4601 decla-

1859 4633 1964 4687 rari
1998 4632 2160 4687 etiam
2186 4645 2510 4684 coronarum
2550 4640 2769 4699 propter
2794 4631 2890 4686 hos
2917 4632 3130 4689 labores
3153 4637 3424 4708 recipien-

1859 4729 2073 4781 darnm.
2107 4725 2181 4778 Ita
2211 4738 2340 4793 ergo
2363 4722 2453 4776 ubi
2478 4723 2641 4777 variis
2679 4724 2859 4779 modis
2893 4726 2945 4778 in
2978 4729 3181 4783 talento
3230 4733 3427 4798 praedi-

1858 4817 2415 4874 cationissimulcum
2474 4815 2639 4871 Paulo
2685 4818 2991 4887 negotiatus
3035 4829 3200 4882 esset.
3258 4832 3424 4894 atque

1861 4924 1941 4967 tot
1968 4921 2158 4981 gentes
2188 4909 2497 4962 adduxisset
2549 4925 2610 4962 ac
2683 4910 2970 4965 irretiisset
3015 4912 3078 4967 ad
3146 4915 3425 4983 pietatem.

1861 5005 2027 5057 totius
2064 5000 2484 5071 dispensationis
2519 5003 2873 5070 praeceptoris
2934 5013 2989 5057 et
3047 5019 3173 5060 vere
3215 5019 3426 5062 amator

1859 5106 1918 5150 et
1965 5103 2176 5148 amatus
2237 5092 2556 5159 discipulus,
2648 5105 2818 5147 sacra:
2884 5095 3117 5162 scriptor
3183 5096 3423 5153 historias

1859 5186 2021 5239 simul
2061 5193 2115 5238 et
2162 5179 2504 5251 Evangelista
2555 5185 2882 5249 ostenditur,
2935 5196 2994 5238 ut
3024 5186 3116 5255 qui
3162 5196 3219 5242 et
3272 5190 3424 5259 prius

1859 5286 2140 5334 assecutus
2167 5285 2337 5338 esset,
2378 5284 2432 5332 et
2479 5277 2547 5329 ab
2602 5277 2686 5330 his
2734 5277 2823 5345 qui
2872 5278 2939 5329 ab
2998 5279 3152 5332 initio
3192 5281 3425 5337 ministri

1860 5374 2076 5427 fuerant
2123 5370 2235 5423 “836
2291 5368 2651 5438 cognovisset,
2699 5380 2795 5422 aut
2855 5370 3017 5424 etiam
3070 5387 3306 5440 superne
3367 5374 3423 5430 in

1861 5466 2032 5521 sacris
2078 5463 2304 5517 edoctus
2365 5470 2532 5515 esset.
2593 5460 2873 5530 Siquidem
2940 5464 3027 5516 hic
3094 5465 3424 5535 evangelista

1863 5555 2175 5627 mysterium
2212 5553 2444 5607 retexuit
2471 5552 2736 5606 Gabrielis
2776 5555 3134 5624 paranympbi
3188 5557 3426 5611 delatum

1863 5649 1930 5703 ad
1961 5646 2235 5715 Virginem
2294 5643 2384 5714 qui
2416 5658 2761 5696 communem
2821 5645 3023 5700 mtmdn
3067 5648 3292 5716 gratiam
3335 5662 3432 5701 an.

1864 5743 2227 5799 nuntiaverat.
2266 5737 2360 5792 Hic
2389 5738 2551 5791 etiam
2587 5736 2785 5790 Christi
2845 5740 3185 5794 nativitatem
3243 5750 3432 5808 aperte

1864 5837 2107 5895 exaravit
2140 5876 2153 5900 ,
2211 5844 2464 5901 tanquam
2510 5843 2702 5884 recens
2756 5831 2805 5882 in
2872 5832 3100 5902 praess-pi
3156 5831 3427 5902 iacentem
