4178 6316
798 365 932 430 1135

2074 368 2355 429 MENSIS
2396 367 2758 429 OCTOBER.

3909 376 4037 442 1136

791 480 1170 540 manifestans,
1230 489 1281 534 el
1343 479 1536 535 laseias
1597 496 1657 534 ac
1726 490 1991 550 pastores,
2067 479 2355 551 gaudiique

2463 477 2714 550 κείμενον
2744 482 2810 551 τῆ
2849 481 3029 553 φάτνῃ
3072 483 3454 553 παραδεικνῦς,
3478 484 3569 537 καὶ
3599 488 3926 554 σπάργανα,
3953 492 4038 539 καὶ

790 586 1066 641 μτιοοοηες
1116 572 1338 643 angelos
1393 572 1729 628 describens.
1784 572 1882 628 Hic
1951 575 2248 628 sententias
2294 589 2357 628 ac

791 665 1064 719 doctrinas
1086 679 1304 717 omnem
1346 675 1579 719 mentem
1627 665 1978 727 excedentes,
2040 669 2155 720 veri
2196 667 2356 720 simul

788 770 850 809 ac
909 757 1123 810 honesti
1186 772 1370 811 amoro
1447 757 1839 822 manifestavit,
1892 774 2071 812 rerum
2138 759 2354 812 veritati

789 865 1099 903 sermonum
1136 850 1526 917 ingenuitatem
1566 851 1961 914 eommiscens,
2011 861 2069 905 ut
2113 860 2167 904 et
2201 866 2356 905 men-

791 941 860 995 tis
902 943 1058 995 simul
1100 958 1165 997 ac
1211 943 1405 1011 linguae
1455 943 1706 996 virtutem
1760 942 1829 997 ob
1862 945 2047 997 oculos
2103 954 2353 1012 poneret.

788 1032 843 1088 In
878 1034 1149 1103 parabolis
1179 1050 1395 1105 quoque
1438 1036 1717 1090 doctrinas
1775 1037 2041 1091 salutares
2101 1038 2354 1099 retexuit,

790 1122 844 1178 in
905 1126 1009 1180 hoc
1050 1126 1211 1181 etiam
1264 1130 1536 1196 copiosior
1583 1129 1816 1183 caeteris.
1884 1130 2059 1197 thue
2121 1128 2358 1182 breviter

789 1218 987 1279 dicam,
1024 1219 1479 1288 quemadmodum
1515 1219 1674 1273 Verbi
1706 1221 2027 1274 descensum
2058 1220 2109 1272 in
2157 1230 2354 1274 terram

786 1311 1020 1367 dilucide
1058 1312 1503 1382 cognoscendum
1537 1313 1708 1374 dedit.
1748 1315 1820 1366 ita
1858 1321 1912 1366 et
1948 1327 2234 1367 ascensum
2298 1313 2350 1365 in

786 1402 972 1465 caelos,
1031 1410 1087 1456 et
1130 1402 1365 1456 reditum
1425 1403 1488 1457 ad
1540 1404 1797 1458 thronum
1858 1414 2167 1473 paternum,
2214 1406 2356 1459 sicut

785 1492 1051 1563 quispiam
1080 1509 1110 1547 e
1137 1494 1274 1547 coelo
1307 1494 1552 1560 veniens,
1588 1494 1970 1548 manifestavit.
2011 1494 2123 1549 Hoc
2162 1506 2344 1549 autem

787 1586 929 1639 inter
957 1596 1150 1640 caetera
1180 1585 1538 1657 gratissimum
1567 1595 1650 1639 est
1692 1585 1834 1654 quod
1895 1586 2071 1654 ipsum
2137 1601 2352 1656 quoque

788 1688 970 1748 typum
1038 1688 1327 1746 assumpta
1398 1678 1751 1733 humanitatis
1833 1677 2037 1732 Christi
2100 1680 2228 1744 mei,
2292 1698 2355 1736 ac

786 1768 999 1839 signum
1031 1768 1148 1837 ejus
1215 1783 1334 1837 quae
1375 1768 1527 1822 illum
1581 1777 1867 1837 pepererat
1926 1776 1981 1820 et
2014 1779 2349 1839 assumptam

2461 573 2752 641 ποιμένας,
2785 575 2877 627 καὶ
2906 577 3034 638 τοὺς
3079 578 3177 646 τῆς
3229 578 3406 646 χαρᾶς
3460 578 3709 647 κήρυκας
3767 580 4036 642 ἀγγέλους

2460 668 2906 737 συνεπιγράφων.
2949 660 3118 731 Οῦτος
3157 669 3256 731 τὰς
3299 671 3481 722 πάντα
3535 671 3659 722 νοῦν
3695 671 4040 740 ὑπερϐαλλο-

2462 758 2631 827 μένας
2668 759 3120 827 παραδοξοποιίας
3150 760 3457 830 φιλαληθώς
3489 779 3547 814 τε
3584 762 3721 831 ὁμοῦ
3759 766 3858 815 καὶ
3888 764 4038 832 φιλο-

2460 850 2639 913 κάλως
2670 850 2923 921 ἐδήλωσε,
2968 854 3306 920 πραγμάτων
3368 852 3595 923 ἀληθεία
3653 854 3833 920 λόγων
3888 855 4042 922 εύγέ·

2458 956 2606 991 νειαν
2631 941 2993 1009 συγκεράσας,
3023 940 3111 993 ἵνα
3146 941 3239 993 καὶ
3269 942 3493 1011 γνώμης
3520 943 3634 1011 ἅμα
3665 946 3758 995 καὶ
3791 944 4039 1013 γλώττης

2458 1031 2659 1101 ἀρετὴν
2709 1033 3058 1103 παραστήσῃ.
3092 1032 3179 1084 Ἐν
3229 1033 3566 1100 παραϐολαῖς
3594 1052 3652 1086 τε
3684 1035 4039 1095 διδασκαλίας

2460 1122 2848 1190 σωτηριώδεις,
2910 1124 3011 1176 κάν
3071 1122 3247 1193 τούτῳ
3302 1124 3410 1176 τῶν
3439 1124 3613 1178 ἄλλων
3670 1128 4036 1192 πλεονεκτῶν,

2459 1211 2780 1281 ἐξυφήνατο.
2838 1214 2947 1266 Καὶ
3022 1214 3314 1267 συνελόντα
3381 1219 3583 1284 φάναι,
3644 1218 3905 1288 καθάπερ
3950 1221 4042 1289 τὴν

2458 1303 2548 1354 ἐπὶ
2599 1302 2702 1372 γῆς
2763 1303 2987 1356 κάθοδον
3030 1305 3124 1357 τοῦ
3182 1306 3357 1373 Λόγου
3417 1311 3631 1378 τρανῶς
3698 1310 4037 1380 ἐγνώρισεν,

2458 1393 2602 1446 οὕτω
2648 1396 2743 1447 κοιλ⁸
2792 1396 2891 1465 τὴν
2952 1399 3030 1460 εἰς
3077 1398 3335 1466 οὐρανὸν,
3376 1400 3565 1453 ἄνοδον
3624 1401 3721 1455 καὶ
3770 1403 3915 1472 πρὸς
3954 1403 4042 1455 τὸν

2459 1486 2713 1555 πατρῷον
2766 1486 2954 1554 θρόνον
3013 1489 3290 1554 ἐπάνοδον,
3344 1487 3432 1543 οἶά
3463 1510 3545 1555 τις
3586 1494 3738 1564 ἥκων
3774 1495 3838 1559 ἐξ
3872 1497 4041 1567 ούρα-

2458 1577 2550 1630 νοῦ
2625 1577 2978 1646 διεσάφησεν.
3038 1579 3102 1631 Ὃ
3150 1581 3204 1633 δὲ
3260 1581 3369 1633 τῶν
3430 1584 3605 1636 ἄλλων
3659 1588 3781 1639 ἐστὶ
3858 1588 4046 1659 χαριέ-

2458 1673 2775 1743 στατον,ὄτι
2812 1672 2903 1723 καὶ
2936 1672 3101 1725 αὐτὸν
3147 1673 3239 1725 τὸν
3296 1674 3391 1726 τοῦ
3442 1676 3887 1747 προσλήμματος
3946 1682 4038 1732 τοῦ

2459 1762 2594 1827 ἐμοῦ
2625 1762 2860 1832 Χριστοῦ
2894 1763 3087 1825 τύπον,
3124 1767 3216 1818 τόν
3270 1783 3331 1818 τε
3388 1766 3485 1836 τῆς
3541 1769 3709 1822 αὑτὸν
3765 1772 4041 1841 τεκούσης

787 1861 1180 1915 humanitatem
1213 1861 1460 1919 dederat.
1496 1862 1704 1929 primus
1755 1860 1843 1914 hic
1900 1876 2022 1915 cera
2070 1877 2135 1917 ac
2182 1862 2353 1916 linea-

2461 1852 2554 1904 καὶ
2586 1853 2778 1922 δούσης
2808 1854 2866 1905 τὸ
2896 1853 3237 1924 πρόσλημμα
3265 1859 3616 1927 χαρακτῆρα,
3669 1861 3896 1925 πρῶῖος
3949 1857 4043 1915 0".»-

785 1951 985 2006 meutis
1048 1952 1301 2020 tingens.
1360 1960 1416 2003 ut
1458 1950 1523 2004 ad
1583 1950 1695 2004 haec
1756 1966 1927 2019 usque
1976 1960 2257 2021 tempora,
2296 1952 2349 2005 in

786 2040 1019 2112 imagine
1058 2040 1472 2103 honorarentur,
1504 2040 1725 2094 tradidit
1751 2051 2008 2110 tanquam
2049 2058 2157 2097 non
2219 2044 2352 2098 satis

784 2145 901 2185 esse
930 2131 1273 2196 existimans,
1307 2131 1412 2184 nisi
1444 2131 1607 2185 etiam
1634 2148 1731 2200 per
1752 2124 2048 2203 imaginem
2071 2150 2134 2188 ac
2168 2143 2349 2205 typum

785 2230 1098 2276 versaretur
1124 2236 1248 2275 eum
1283 2222 1366 2276 his
1396 2236 1532 2291 quos
1558 2221 1915 2288 desiderabat,
1953 2226 2096 2295 quod
2132 2224 2351 2281 ferven-

785 2314 981 2369 tissimi
1013 2314 1214 2369 amoris
1240 2315 1455 2385 signum
1493 2324 1595 2369 est.
1642 2314 1829 2385 Neque
1859 2318 1910 2373 id
1947 2318 2144 2383 solum,
2176 2319 2267 2373 sed
2298 2329 2352 2373 et

785 2406 1039 2462 ﬁdelibus
1078 2406 1330 2460 omnibus
1360 2406 1671 2475 Christique
1694 2408 2029 2463 amatoribus
2063 2409 2177 2464 haec
2232 2426 2351 2479 qua:

785 2499 1018 2554 maxima
1049 2507 1205 2554 erant
1228 2500 1463 2571 gratiose
1496 2501 1739 2556 donavit.

860 2591 963 2647 ιἰι.
1015 2593 1085 2647 At
1114 2608 1222 2648 non
1255 2594 1308 2647 in
1351 2593 1435 2648 his
1473 2594 1603 2649 solis
1641 2593 1818 2649 Lucas
1857 2595 2082 2666 gratiam
2113 2595 2352 2667 Spiritus

782 2699 903 2754 quae
924 2685 977 2738 in
1000 2701 1058 2739 se
1070 2694 1186 2740 erat
1202 2686 1514 2751 coarctavit,
1536 2701 1711 2755 neque
1729 2688 1793 2741 ad
1812 2688 1983 2741 solum
2004 2688 2350 2759 Evangelium

786 2776 873 2829 hic
902 2775 1307 2831 tuinistrantem
1332 2773 1522 2828 habuit
1570 2773 1825 2846 linguam,
1881 2775 1978 2830 sed
2028 2785 2149 2845 post
2190 2776 2349 2831 linem

784 2867 1167 2921 miraculorum
1208 2865 1434 2930 Christi,
1486 2865 1648 2920 etiam
1711 2868 2083 2936 apostolorum
2127 2868 2352 2937 exponit

783 2958 1031 3013 actiones
1060 2976 1075 3025 ;
1103 2968 1155 3011 et
1190 2960 1422 3027 primum
1456 2958 1691 3011 divinam
1725 2956 2023 3012 Salvatoris
2068 2960 2120 3012 in
2153 2960 2349 3013 coelum

784 3053 1218 3119 assumptionem
1259 3066 1272 3102 :
1302 3050 1499 3104 deinde
1526 3065 1689 3119 super
1724 3050 1869 3119 ipsos
1897 3051 1948 3102 in
1985 3050 2124 3120 ignis
2152 3052 2350 3121 linguis

785 3144 1022 3213 Spiritus
1054 3143 1379 3198 descensum
1414 3143 1660 3198 :dehinc
1704 3144 1777 3198 ita
1823 3143 2080 3212 Stephani
2143 3145 2348 3214 lapida-

785 3239 1014 3303 tionem,
1040 3235 1191 3291 Pauli
1218 3236 1655 3299 conversionem,
1695 3252 1892 3304 nempe
1930 3252 2024 3305 per
2073 3236 2349 3291 Christum
2377 3206 2421 3268 Ο

784 3332 981 3384 factam
1013 3329 1080 3383 de
1112 3326 1266 3383 caelis
1296 3327 1655 3388 vocationem,
1691 3336 1747 3380 et
1784 3327 2068 3382 transitum
2102 3343 2128 3380 a
2176 3329 2350 3381 littera

781 3421 847 3475 ad
891 3419 1143 3489 spiritum
1180 3437 1193 3472 :
1223 3420 1383 3486 hujus
1415 3418 1469 3471 in
1502 3418 1727 3487 singulis
1760 3419 1893 3473 locis
1928 3420 2138 3472 vincula
2162 3458 2177 3484 ,
2236 3435 2353 3473 car-

781 3525 957 3576 ceres,
992 3512 1193 3579 plagas,
1228 3509 1639 3577 ﬂagellationes,
1686 3512 1865 3565 varias
1915 3510 2157 3581 gentium
2221 3511 2353 3563 insi-

781 3606 928 3671 dias;
956 3604 1230 3675 quomodo
1260 3603 1328 3661 ab
1361 3603 1743 3673 Hierosolymis
1778 3602 1999 3654 Romam
2027 3603 2350 3670 pervenerit,

782 3698 997 3752 labores
1028 3697 1083 3749 in
1119 3694 1276 3758 mari,
1306 3693 1646 3757 alllictiones,
1684 3693 1945 3764 pericula,
1991 3695 2349 3758 calamitates,

780 3785 1067 3855 naufragia
1094 3803 1109 3838 :
1138 3799 1371 3852 quorum
1412 3800 1521 3836 non
1562 3792 1839 3852 spectator
1880 3794 2110 3846 tantum,
2155 3786 2250 3838 sed
2299 3793 2351 3838 et

782 3876 1055 3946 particeps
1089 3873 1309 3929 fuerat:
1340 3882 1503 3944 atque
1549 3872 1619 3927 ob
1653 3872 1704 3928 id
1743 3873 1974 3943 diligens
2031 3885 2113 3929 cst
2158 3874 2349 3929 borum

778 3977 1091 4023 enarrator.
1125 3966 1230 4021 Sed
1255 3966 1422 4022 Paulo
1450 3964 1671 4035 quidem
1712 3956 1897 4020 Roma:
1952 3966 2162 4030 relicto,
2226 3982 2349 4021 rur-

779 4077 900 4117 sum
950 4063 1036 4115 bic
1064 4060 1132 4115 ad
1167 4058 1446 4114 Orientem
1492 4059 1745 4123 discedit,
1809 4067 2081 4127 totamque
2131 4059 2348 4129 Libyam

780 4166 1113 4222 percurrens
1144 4152 1197 4204 in
1225 4148 1517 4220 zEgyptum
1550 4148 1799 4217 pervenit
1831 4168 1843 4203 :
1871 4157 2068 4203 etcum
2101 4151 2349 4219 superio-

780 4259 896 4298 rem
927 4241 1202 4297 Thebaida
1227 4242 1367 4296 intra
1398 4256 1551 4295 suam
1580 4240 1887 4295 doctrinam
1930 4242 2245 4309 recepisset,
2289 4258 2351 4298 ae

781 4336 849 4390 ad
888 4332 1205 4406 Magistrum
1233 4348 1331 4403 per
1365 4332 1717 4403 Evangeliutn
1759 4332 2094 4399 adduxisset,
2133 4332 2326 4389 inferio

781 4443 895 4482 rem
921 4424 1197 4481 Thebaida
1224 4435 1433 4494 septem
1456 4434 1735 4493 portarum
1788 4425 2061 4480 civitatem
2118 4428 2346 4493 accedit,

2454 1948 2549 2006 ’τος
2579 1943 2735 2013 κηρῴ
2776 1944 2870 1996 καὶ
2910 1943 3166 2013 χρώμασι
3211 1947 3408 2016 βάψας,
3459 1950 3515 2001 ἐν
3548 1950 3719 2002 εικόνι
3772 1955 4043 2022 τιμᾶσθαι

2461 2037 2624 2107 μέχρι
2653 2039 2742 2089 καὶ
2765 2036 2858 2090 νῦν
2883 2037 3287 2107 παραδέδωκεν,
3306 2038 3493 2110 ὥσπερ
3526 2042 3626 2093 ούκ
3652 2043 3860 2111 ἀρκοῦν
3902 2041 4045 2099 εἶναι

2460 2129 2716 2198 νομίζων,
2747 2131 2792 2186 ει
2829 2128 2904 2198 μὴ
2948 2131 3042 2182 καὶ
3072 2129 3139 2185 διέ
3168 2130 3377 2194 εἰκόνος
3419 2134 3511 2186 καὶ
3544 2133 3723 2187 τύπου
3768 2137 4045 2205 ἐντυγχά-

2459 2237 2538 2273 νει
2576 2223 2689 2283 τοῖς
2718 2221 3100 2292 ποθουμένοις,
3127 2222 3265 2292 ὅπερ
3304 2223 3487 2290 φιλίας
3522 2225 3875 2298 θερμοτάτης
3929 2233 4046 2282 ἐστὶ

2458 2316 2758 2385 τεκμήριον
2794 2330 2807 2343 ⁸
2834 2315 2893 2368 ού
2924 2314 3083 2384 μόνον
3108 2314 3186 2377 δὲ,
3221 2314 3354 2369 ἀλλὰ
3400 2318 3491 2369 καὶ
3526 2323 3739 2383 πιστοῖς
3774 2322 3915 2375 πᾶσι
3948 2323 4048 2373 καὶ

2459 2404 2829 2474 φιλοχρίστοις
2859 2405 2930 2458 τὰ
2964 2405 3198 2476 μέγιστα
3230 2406 3611 2479 χαριζόμενος.

2528 2584 2604 2641 Z'.
2649 2585 2787 2640 Ἀλλ’
2823 2586 2923 2639 οὐκ
2978 2587 3035 2639 ἔν
3071 2585 3284 2649 τούτοις
3347 2587 3531 2657 μόνοις
3576 2591 3796 2655 Λουκᾶς
3848 2594 3953 2665 τὴν
3988 2596 4045 2649 ιν

2458 2679 2605 2751 αὐτῷ
2631 2681 2791 2750 χάριν
2824 2679 2916 2732 τοῦ
2955 2679 3271 2747 Πνεύματος
3312 2681 3712 2750 περιέγραψεν,
3744 2684 3868 2737 οὐδὲ
3900 2687 4045 2756 πρὸς

2462 2772 2623 2842 μόνον
2670 2772 2881 2834 ἐκεῖνος
2936 2770 2997 2823 τὸ
3048 2771 3385 2839 Εύαγγέλιον
3430 2772 3704 2843 ὑπουργὸν
3748 2774 3877 2846 ἔσχε
3943 2780 4045 2849 τὴν

2458 2863 2730 2932 γλῶτταν,
2783 2862 2921 2917 ἀλλὰ
2965 2862 3101 2932 πρὸς
3146 2862 3223 2934 τῷ
3278 2863 3422 2917 τέλει
3477 2866 3587 2918 τῶν
3649 2865 3745 2920 τοῦ
3793 2870 4042 2939 Χριστοῦ

2458 2954 2753 3023 θαυμάτων
2801 2955 3023 3018 καὶτὰς
3055 2954 3163 3006 τῶν
3211 2956 3523 3010 ἀποστόλων
3572 2958 3851 3012 ἐκτίθεται
3890 2963 4041 3032 πρά-

2458 3048 2570 3114 ξεις
2595 3065 2608 3077 '
2663 3050 2756 3100 καὶ
2818 3047 3012 3117 πρῶτά
3066 3064 3129 3114 γε
3176 3050 3275 3119 τὴν
3309 3048 3458 3103 θείαν
3493 3053 3629 3122 πρὸς
3667 3052 3908 3122 οὐρανὸν
3943 3055 4039 3108 τοῦ

2458 3139 2712 3209 Σωτῆρος
2778 3138 3069 3209 ἀνάληψιν,
3100 3133 3220 3192 εἶτα
3278 3141 3368 3193 ἐπ’
3419 3141 3618 3205 αὐτοὺς
3663 3146 3720 3195 ὲν
3775 3146 4041 3215 πυρί-λαις

2454 3231 2729 3298 γλώσσαις
2777 3232 2871 3283 τοῦ
2924 3231 3236 3297 Πνεύματος
3274 3234 3499 3286 κάθοδον
3527 3229 3669 3287 ἐἶθ’
3723 3235 3870 3289 οὕτω
3940 3240 4039 3309 τὴν

2453 3319 2547 3378 τοῦ
2594 3322 2865 3389 Στεφάνου
2902 3323 3253 3389 κατὰλευσιν,
3285 3325 3383 3395 τὴν
3416 3324 3511 3378 τοῦ
3549 3328 3765 3381 Παύλου
3803 3332 4041 3397 μεταϐο-

2453 3414 2572 3484 λὴν,
2603 3415 2701 3484 τὴν
2737 3415 2796 3479 ἐξ
2819 3416 3064 3485 οὐρανῶν
3096 3434 3236 3487 φημι
3265 3418 3353 3472 διά
3394 3419 3632 3489 Χριστοῦ
3687 3421 3915 3491 κλῆσιν,
3948 3427 4040 3478 καὶ

2453 3506 2550 3573 τὴν
2590 3507 2698 3558 ἀπὸ
2733 3507 2830 3558 τοῦ
2857 3509 3184 3576 γράμματος
3216 3510 3309 3560 ἐπὶ
3356 3512 3415 3563 τὸ
3441 3513 3658 3583 πνεῦμα
3713 3517 4035 3583 μετάθεσιν

2455 3597 2521 3650 τά
2569 3597 2711 3650 κατα
2743 3596 2910 3650 τόπον
2947 3597 3141 3650 τούτου
3200 3598 3396 3667 δεσμὰ,
3445 3603 3541 3662 τὰς
3609 3603 3886 3668 φυλακάς,
3941 3610 4037 3669 τάς

2455 3690 2690 3760 πληγάς,
2721 3690 2847 3754 τους
2915 3691 3265 3762 ραϐδισμοὶις,
3292 3692 3391 3756 τάς
3422 3692 3532 3746 τῶν
3560 3692 3731 3746 ὲθνῶν
3763 3694 4034 3766 πολυτρό-

2455 3797 2588 3843 πους
2615 3781 2928 3843 ἐπιεουλάς,
2954 3784 3050 3852 τὴν
3090 3784 3148 3847 ἐξ
3195 3783 3587 3855 Ἰεροσολύμων
3625 3786 3720 3838 ἐπὶ
3747 3785 3848 3858 τὴν
3893 3789 4031 3840 Ῥώ·

2456 3886 2564 3939 μην
2604 3870 2810 3939 ἄφιξιν,
2842 3871 2967 3933 τοὺς
3007 3872 3146 3925 κατά
3188 3870 3458 3924 θάλατταν
3518 3876 3737 3940 πόνους,
3762 3877 3864 3939 τὰς
3918 3876 4029 3930 9).!-

2451 3964 2594 4034 ψεις,
2636 3968 2761 4029 τοὺς
2819 3966 3122 4031 κινδύνους,
3153 3966 3252 4029 τάς
3316 3967 3625 4039 συμφορὰς.
3654 3970 3721 4021 τά
3770 3974 4032 4039 V195!”-

2455 4052 2553 4111 Ὧν
2591 4059 2652 4111 οὺ
2691 4058 2888 4128 θεατὴς
2945 4060 3125 4127 μόνον,
3175 4059 3311 4113 ἀλλὰ
3361 4063 3455 4113 καὶ
3505 4062 3763 4123 κοινωνὸς
3797 4057 3869 4133 ἦν
3895 4078 3911 4093 ο
3942 4066 4035 4117 καὶ

2451 4151 2540 4203 διὰ
2592 4150 2753 4203 τοῦτο
2790 4154 2881 4203 καὶ
2935 4153 3168 4221 ἀκριϐὴς
3230 4154 3447 4206 πάντων
3501 4153 3801 4223 ἐξηγητής.
3872 4156 4034 4211 Ἀλλὰ

2454 4239 2661 4293 Παῦλον
2695 4241 2793 4310 μὲν
2838 4244 2894 4294 ἐν
2956 4241 3140 4312 Ῥώμῃ
3171 4242 3505 4309 καταλιπὼν,
3540 4245 3674 4314 πρὸς
3707 4245 3827 4297 Ἕω
3863 4248 4027 4302 πάλιν

2450 4325 2601 4396 οὗτος
2639 4333 2887 4405 ἀπαίρει,
2908 4335 3035 4405 ὃλην
3073 4352 3130 4388 τε
3175 4335 3385 4406 Λιϐύην
3445 4336 3914 4406 διαδραμὼντοίς
3944 4342 4028 4392 ἐπ’

2450 4423 2728 4490 Αἰγύπτου
2752 4425 3006 4493 ἐπιδημεῖ
3028 4441 3042 4455 ’
3070 4428 3164 4479 καὶ
3193 4426 3291 4497 τὴν
3320 4427 3431 4480 ἄνω
3457 4427 3832 4499 Θηόαἲδα¹τῆς
3864 4432 4029 4483 αὐτοῦ

781 4522 836 4574 in
870 4534 974 4589 qua
1008 4521 1170 4572 etiam
1201 4515 1446 4585 pontifex
1472 4531 1535 4571 ac
1565 4526 1752 4586 pastor
1784 4531 1812 4569 a
1839 4515 2041 4585 Spiritu
2076 4520 2348 4586 praeponi-

2455 4514 2804 4578 διδασκαλίας
2844 4519 2978 4569 εῑσω
3029 4516 3230 4583 λαϐὼν,
3257 4518 3335 4590 τῷ
3374 4518 3681 4590 διδασκάλῳ
3712 4538 3773 4573 τε
3812 4522 3903 4574 διά
3932 4522 4026 4575 τοῦ

784 4613 895 4663 tur.
960 4608 1163 4663 Statuis
1212 4608 1549 4679 impurisque
1623 4610 1931 4663 daemonum
1988 4608 2229 4665 delubris
2295 4610 2350 4664 in

785 4709 985 4758 terrain
1015 4704 1243 4770 deiectis
1280 4704 1353 4772 (id
1385 4703 1530 4755 enim
1556 4702 1737 4754 studio
1770 4702 1871 4754 sibi
1903 4711 2041 4766 erat,
2075 4714 2134 4755 ut
2194 4719 2348 4759 erro-

785 4810 898 4849 rem
927 4796 1051 4850 totis
1082 4794 1224 4864 quod
1261 4794 1410 4847 aiunt
1444 4794 1669 4863 pedibus
1699 4793 1991 4863 fugientem
2015 4795 2352 4850 demonstra-

783 4889 908 4955 ret),
967 4902 1119 4941 sacra
1182 4886 1381 4955 templa
1434 4896 1624 4941 contra
1683 4885 1784 4939 soli
1831 4886 1938 4939 Deo
1993 4887 2192 4954 erigit,
2246 4889 2355 4941 eis-

781 4992 889 5046 que
931 4977 1020 5046 qui
1080 4977 1132 5029 in
1206 4974 1488 5043 profundis
1544 4975 1863 5041 ignorantiae
1915 4976 2153 5027 tenebris
2202 4985 2352 5029 tene-

782 5069 1000 5129 bantur,
1029 5080 1125 5135 per
1156 5064 1508 5135 Evangelium
1541 5063 1608 5117 ad
1648 5062 1739 5118 Dei
1774 5062 2137 5132 cognitionem
2196 5079 2350 5135 rege-

783 5162 1005 5222 neratis,
1038 5161 1176 5214 lucis
1209 5158 1347 5212 ﬁlios
1369 5157 1504 5210 elliei
1533 5166 1707 5213 curat.

2455 4610 2788 4677 Εὑαγγελίου
2816 4611 3204 4681 προσαγαγὼν,
3223 4615 3288 4682 τῇ
3323 4613 3475 4667 κάτω
3498 4614 3725 4684 Θηϐαΐδι
3758 4618 3827 4683 τῇ
3860 4617 4029 4668 ἑπτα-

2450 4700 2603 4770 πύλῳ
2667 4702 2971 4769 ὲφίσταται,
3045 4701 3132 4769 ἐφ’
3261 4706 3353 4756 καὶ
3408 4706 3698 4774 ἀρχιερεὺς
3751 4706 3860 4758 ὑπὸ
3937 4710 4029 4763 τοῦ

2451 4793 2765 4861 Πνεύματος
2804 4794 2900 4847 καὶ
2937 4797 3142 4866 ποιμὴν
3184 4796 3615 4866 προχειρίζετοι.
3646 4797 3950 4869 Ἰδρύματα
3972 4802 4029 4853 δὲ

2452 4886 2546 4939 καὶ
2578 4891 2780 4955 τεμένη
2813 4888 2986 4955 μιαρὰ
3010 4887 3279 4957 δαιμόνων
3325 4890 3403 4950 εἰς
3444 4888 3639 4957 ἔδαφος
3688 4895 4030 4955 κατασείσας

2450 4978 2629 5049 (τοῦτο
2683 4979 2792 5049 γὰρ
2825 4982 2856 5047 ἡ
2887 4979 3091 5048 σπουδὴ
3130 4978 3205 5049 τῷ
3233 4981 3409 5051 ἀνδρὶ,
3462 4984 3682 5053 ἀπάτην
3744 4984 3856 5054 ὅλῳ
3904 4986 4029 5038 ποδὶ

2448 5071 2756 5141 φεύγουσαν
2812 5071 3134 5141 ἀποδεῖξαι),
3190 5074 3367 5143 ἱερους
3393 5075 3467 5143 τῷ
3501 5077 3647 5146 μόνῳ
3702 5075 3827 5143 Θεῴ
3869 5078 4031 5135 ναοὺς

2446 5164 2825 5235 ἀντανίστησι.
2867 5167 2959 5218 καὶ
2989 5168 3112 5227 τοὺς
3144 5167 3247 5219 ὑπὸ
3277 5166 3431 5236 βαθεῖ
3460 5169 3640 5236 σκότῳ
3672 5169 3771 5238 τῆς
3803 5170 4033 5238 ἀγνοίας

783 5254 1199 5323 κατεχομένους,
1249 5250 1339 5302 διὰ
1402 5250 1493 5303 τοῦ
1555 5250 1889 5317 Εύαγγελίου
1954 5251 2092 5321 πρὸς
2178 5252 2508 5326 θεογνωσξαν
2570 5259 2963 5327 ἀναγεννήσας,
3024 5259 3172 5321 υἱοὺς
3251 5259 3461 5330 ἡμέρας
3538 5258 3797 5325 γενέσθαι
3856 5277 4033 5331 παρα.

780 5364 1053 5402 σκευαςει.

853 5365 946 5401 sua
984 5364 1053 5400 ει.

853 5348 992 5491 νιιῗ.
1026 5436 1341 5507 Hujusmodi
1362 5435 1523 5505 igitur
1550 5434 1818 5490 fructibus
1837 5436 2095 5506 magistro
2128 5439 2343 5500 oblatis,

780 5532 1056 5603 impietate
1084 5531 1150 5584 de
1186 5528 1363 5583 medio
1391 5530 1624 5591 sublata,
1660 5531 1859 5583 erectis
1920 5530 2158 5599 templis,
2212 5532 2344 5586 alta-

781 5629 930 5681 ribus
985 5622 1237 5679 stabilitis
1292 5639 1355 5677 ac
1395 5623 1749 5683 consecratis,
1780 5632 1833 5675 et
1886 5623 1937 5675 in
1998 5623 2081 5677 his
2121 5624 2343 5694 presby-

779 5720 909 5775 teris
936 5736 997 5773 ac
1025 5716 1268 5773 diaconis
1291 5718 1421 5785 apud
1471 5716 1757 5771 credentes
1811 5719 2027 5782 creatis,
2079 5728 2342 5789 rectaeque

780 5813 899 5868 ﬁdei
932 5808 1286 5881 praetiuitione
1322 5810 1449 5879 ipsis
1478 5809 1711 5866 tradita:
1762 5818 1816 5864 et
1851 5824 1991 5864 nunc
2039 5810 2254 5879 quidem
2314 5826 2341 5864 a

2517 5440 2601 5495 H'.
2624 5440 2910 5503 Τοιούτους
2921 5440 3207 5511 τοιγαροῦν
3224 5440 3299 5510 τῷ
3314 5440 3621 5511 διδασκάλῳ
3640 5445 4027 5512 προσενεγκὼν

2445 5536 2569 5594 τοὺς
2606 5533 2871 5600 καρποὺς,
2921 5535 2983 5583 ἐκ
3037 5534 3204 5601 μέσου
3238 5547 3295 5582 τε
3324 5530 3552 5598 θέμενος
3602 5533 3702 5601 τὴν
3742 5530 4027 5601 ἀσέϐειαν,

2446 5628 2604 5688 vadi);
2632 5627 2942 5694 ἀνεγείρας,
2973 5623 3337 5691 θυσιαστήρια
3371 5621 3707 5694 πηξάμενος,
3730 5625 3825 5676 καὶ
3849 5628 4027 5681 ταῦτα

2447 5716 2814 5786 καθιερώσας,
2847 5717 2940 5767 καὶ
2990 5715 3093 5766 ὑπὸ
3120 5714 3229 5765 τῶν
3263 5717 3679 5767 πιστευσάντων
3720 5719 4025 5782 πρεσϐυτέ-

2450 5824 2574 5877 ρους
2615 5810 2707 5861 καὶ
2737 5808 3012 5870 διακόνους
3044 5809 3100 5858 ἐν
3126 5805 3337 5871 τούτοις
3364 5805 3783 5876 χειροτονήσας,
3815 5811 3910 5862 καὶ
3938 5810 4025 5857 ’.ὲν
