4178 6316
782 384 915 448 1139

2056 376 2340 436 MENSIS
2380 378 2743 439 OCTOBER.

3869 373 4012 437 1140

772 497 1099 553 intermedto
1129 495 1292 549 etiam
1325 493 1672 547 Timotheum
1705 492 1796 562 qui
1851 492 1904 546 in
1947 492 2114 547 choro
2168 493 2335 547 disci—

2444 498 2652 565 μόθεον,
2676 501 2768 553 τὸν
2795 501 2871 569 τῷ
2902 500 3047 571 χορῷ
3076 502 3184 554 τῶν
3228 500 3324 553 τοῦ
3359 498 3592 568 Χριστοῦ
3632 484 3899 567 μαθητῶν
3929 493 4013 549 οἶά

772 591 1024 660 polorum
1091 587 1288 641 Christi
1349 587 1497 641 velut
1545 589 1827 655 perspicua
1885 586 2128 654 quedam
2179 587 2333 639 stella

775 680 1143 748 splenduerat,
1212 693 1280 732 ex
1342 676 1557 745 Epheso
1612 674 1777 730 refert
1834 677 2018 740 ioniaa,
2088 676 2336 730 ministro

773 787 989 841 quoque
1013 785 1227 824 rursum
1259 770 1325 821 ad
1358 769 1459 822 hoc
1488 783 1617 821 usus
1669 767 1931 820 Artemio.
1986 766 2090 821 Sed
2150 767 2338 820 habuit

772 874 822 917 et
868 866 1042 928 ipsum
1083 877 1251 916 sacra:
1285 876 1487 914 mensae
1514 860 1771 919 ambitus.
1804 858 1969 911 veluti
2019 858 2336 911 reddentem

772 956 1020 1009 debitum
1049 954 1320 1023 quoddam
1355 954 1575 1023 pietatis
1600 954 1717 1006 suis
1762 952 2197 1007 auxiliatorihus.
2234 950 2337 1006 Vc-

778 1063 895 1101 rum
931 1048 1249 1100 Timotheus
1278 1046 1494 1115 quidem
1521 1044 1828 1115 hujusmodi
1853 1044 2044 1098 babuit
2093 1044 2337 1113 corporis

774 1139 1171 1191 reductionem.

843 1232 932 1285 Xl.
964 1232 1132 1285 Porro
1167 1232 1217 1284 in
1258 1231 1367 1285 divi
1420 1232 1579 1285 Lucae
1632 1230 1951 1284 reductioue
2007 1229 2112 1283 tale
2158 1228 2337 1282 editur

774 1324 1095 1379 miraculum
1127 1338 1379 1378 sermone
1410 1338 1473 1377 ac
1516 1323 1779 1376 memoria
1814 1323 2062 1388 dignum.
2128 1322 2337 1373 Anato-

776 1418 880 1470 lius
941 1416 1161 1484 quidam
1222 1418 1506 1469 eunuchus
1562 1429 1703 1468 unus
1755 1429 1945 1467 eorum
1992 1414 2082 1481 qui
2142 1423 2273 1466 tunc
2309 1427 2339 1465 e

775 1510 921 1577 regio
951 1508 1401 1568 erantcubiculo,
1451 1508 1650 1561 misero
1711 1506 1957 1575 corporis
2016 1505 2207 1558 morbo
2248 1505 2342 1556 de-

776 1612 956 1656 tentus
978 1610 1116 1656 erat.
1145 1601 1250 1657 Ubi
1278 1615 1402 1670 ergo
1435 1600 1699 1665 maiorem
1731 1598 1885 1651 novit
1914 1612 2035 1650 esse
2092 1596 2338 1649 morbum

773 1712 935 1766 quam
978 1696 1068 1764 qui
1131 1695 1463 1748 medicorum
1508 1702 1688 1762 posset
1736 1701 1856 1745 arte
1904 1691 2129 1757 curari,
2173 1688 2339 1759 probe

776 1790 956 1843 sciens
987 1788 1075 1842 ille
1101 1788 1241 1857 quod
1267 1804 1385 1856 quae
1414 1785 1766 1856 impossibilia
1803 1793 1927 1839 sunt
1960 1785 2104 1852 apud
2160 1784 2337 1836 homi-

776 1895 897 1942 nes,
937 1880 1049 1932 Deo
1104 1879 1385 1947 possibilia
1444 1888 1592 1942 sunt,
1663 1877 1916 1929 omnibus
1951 1876 2073 1930 aliis
2114 1875 2337 1937 relictis,

776 1970 841 2024 ad
890 1970 1091 2023 Lucam
1126 1968 1329 2021 Christi
1376 1967 1701 2035 discipulum
1756 1963 2035 2033 confugit,
2118 1974 2176 2019 et
2234 1966 2337 2019 hoc

775 2064 1103 2122 auxiliatore
1150 2061 1321 2116 utitur
1383 2063 1645 2115 adversus
1701 2061 1974 2114 morbum.
2032 2059 2134 2118 Ubi
2193 2062 2338 2114 enim

781 2172 916 2210 urna
953 2173 1071 2224 quae
1119 2156 1416 2224 pretiosum
1458 2156 1969 2225 continebatipsius
2032 2172 2234 2228 corpus
2276 2156 2341 2209 ad

779 2262 993 2300 sacrum
1031 2248 1288 2313 templum
1312 2246 1424 2308 jam
1453 2257 1599 2300 esset
1629 2248 1826 2309 delata,
1862 2247 2007 2317 quod
2062 2264 2090 2301 a
2152 2247 2338 2302 funda-

779 2337 981 2390 mentis
1005 2335 1359 2389 Constantius
1383 2347 1672 2399 erexerat,
1707 2340 1974 2393 accedens
2023 2339 2112 2394 hic
2163 2339 2341 2394 dictus

779 2429 1081 2489 Anatolius,
1135 2429 1406 2496 simulque
1461 2430 1711 2495 bajulans
1770 2447 1890 2484 cum
1945 2432 2030 2484 his
2058 2432 2148 2499 qui
2198 2433 2341 2485 illam

774 2522 1083 2591 portabant,
1113 2522 1402 2576 confestim
1428 2523 1769 2591 deprimente
1797 2524 1985 2577 morbo
2005 2523 2337 2578 absolvitur:

777 2613 1039 2667 etvirens
1069 2628 1132 2666 ex
1167 2626 1383 2666 mortuo
1406 2614 1510 2666 tale
1559 2614 1787 2683 adeptus
1840 2615 2189 2679 beneficium,
2232 2626 2343 2670 tota

775 2722 871 2760 sua
909 2708 1015 2760 vita
1046 2723 1154 2760 non
1187 2706 1484 2761 intermisit
1516 2711 1718 2772 gratias
1760 2724 1919 2775 agere
1979 2709 2229 2776 apostolo
2282 2723 2345 2761 ac

780 2799 890 2852 Deo
916 2798 1006 2866 qui
1040 2814 1135 2866 per
1168 2799 1343 2865 ipsum
1376 2799 1691 2863 huiusmodi
1715 2800 1913 2853 edebat
1937 2800 2221 2855 miracula.

850 2889 967 2943 ΧΙΙ.
988 2890 1060 2944 Ita
1095 2891 1253 2960 igitur
1284 2891 1513 2959 primum
1540 2907 1602 2945 ex
1638 2891 1839 2945 Thebis
1867 2894 2094 2947 relatum
2124 2894 2344 2949 divinis-

778 2984 900 3038 simi
930 2981 1087 3035 Luca:
1109 2996 1326 3047 corpus,
1351 2984 1646 3038 honoriﬁce
1664 2986 1957 3038 admodum
1974 3000 2035 3039 ac
2060 2987 2343 3056 magniﬁce

781 3089 883 3128 una
918 3088 1041 3129 cum
1065 3073 1279 3126 Andrea
1307 3088 1369 3127 ac
1395 3073 1679 3129 Timotheo
1708 3075 1761 3128 in
1788 3077 1990 3144 templo
2034 3078 2340 3145 reponitur,

2438 610 2556 645 τινα
2586 595 2819 664 διαφανῆ
2866 595 3070 666 ἀστέρα
3104 595 3476 663 ἐκλάμψαντα,
3502 594 3560 656 ἐξ
3607 592 3837 660 Ἐφέσου
3884 591 4016 642 ἀνα-

2440 690 2593 753 φέρει
2626 689 2721 755 τῆς
2781 688 3007 750 Ἰωνίας,
3051 686 3313 757 ὑπουργῷ
3348 686 3442 739 καὶ
3472 685 3628 744 αὖθις
3664 687 3805 755 πρὸς
3853 681 4014 735 τοῦτο

2437 778 2516 846 τῷ
2561 780 2830 849 Ἀρτεμίῳ
2870 779 3237 849 χρησάμενος.
3297 777 3436 830 Ἀλλ’
3466 776 3591 844 ἔσχε
3644 776 3740 828 καὶ
3795 775 4013 827 αὐτδνό

2438 874 2536 942 τῆς
2590 874 2740 942 ἱερᾶς
2794 874 3073 943 τραπέζης
3124 872 3267 925 θεῖος
3319 870 3623 939 περίϐολος,
3670 867 3931 935 καθάπερ
3962 884 4013 917 τι

2437 968 2594 1037 χρέος
2622 969 2733 1029 τοῖς
2776 966 3135 1034 συνεργάταις
3173 963 3338 1016 αὑτοῦ
3364 964 3460 1031 τῆς
3495 960 3784 1019 εὐσεϐείας
3812 958 4013 1009 ἀποδοο

2439 1060 2617 1113 θέντα.
2659 1059 2819 1112 Ἀλλὰ
2856 1059 3119 1126 Τιμόθεος
3151 1057 3248 1126 μὲν
3288 1053 3545 1119 τοιαύτην
3573 1052 3697 1121 ἔσχε
3747 1050 3851 1116 τὴν
3878 1050 4014 1100 ἀναο

2438 1153 2670 1221 κομιδὴν
2695 1150 2787 1204 τοῦ
2825 1152 3099 1219 σώματος.

2509 1245 2575 1296 ΙΑ
2596 1283 2610 1299 ,
2644 1244 2764 1295 Ἐπὶ
2794 1243 2848 1296 δὲ
2871 1245 2934 1311 τῇ
2970 1242 3064 1294 τοῦ
3097 1241 3243 1293 θείου
3292 1240 3476 1291 Λουκᾶ
3505 1228 4011 1303 θαυματουργεῖταξ

2438 1355 2490 1388 τι
2524 1336 2761 1390 τοιοῦτον
2786 1336 2943 1401 λόγου
2979 1335 3074 1386 καὶ
3107 1334 3325 1402 μνήμης
3357 1332 3523 1396 ἄξιον·
3565 1327 3877 1385 Ἀνατόλιὸς
3906 1340 4013 1385 τις,

2440 1428 2694 1496 εὖνοῦχος
2723 1422 2801 1489 εἷς
2826 1426 2935 1477 τῶν
2961 1426 3025 1476 ἐκ
3076 1424 3170 1475 τοῦ
3229 1418 3511 1492 βασιλικοῦ
3565 1420 3830 1478 κοιτῶνος
3859 1434 4012 1479 113w-

2440 1518 2615 1570 κσῦτα
2659 1516 2756 1579 ὢν,
2794 1516 2958 1567 πσὶθει
3010 1513 3184 1567 δεινοῦ
3230 1514 3482 1581 σώματος
3532 1513 3871 1581 κατάσχετος
3926 1504 4010 1577 ἦν.

2452 1610 2538 1671 Ὠς
2566 1605 2657 1662 οὖν
2699 1608 2879 1677 μεῖζον
2903 1606 3018 1676 ⁴ᾔδει
3044 1607 3103 1657 τὸ
3124 1606 3293 1667 πάθος
3321 1607 3354 1675 ἢ
3383 1604 3525 1657 κατὰ
3550 1604 3643 1672 τὴν
3667 1604 3781 1654 τῶν
3810 1600 4011 1668 ἰατρῶν

2439 1704 2632 1771 τέχνην
2660 1701 2854 1761 ἐδόκει,
2890 1697 2947 1750 εὖ
2989 1697 3195 1760 ἐκεῖνος
3222 1696 3377 1759 εἰδὼς
3416 1697 3494 1748 ὅτι
3534 1694 3600 1746 τὰ
3625 1694 3775 1761 παρᾶ
3806 1691 4015 1759 ἀνθρὼ-

2443 1813 2563 1855 ποις
2587 1794 2849 1857 ἀδύνατα,
2879 1794 2955 1863 τῷ
2983 1793 3101 1861 Θεῷ
3120 1790 3339 1853 δυνατὰ,
3364 1788 3473 1841 τῶν
3514 1786 3691 1839 ἄλλων
3739 1786 4012 1850 ἀφέμενος

2446 1888 2683 1951 πάντων,
2705 1887 2797 1937 ἐπὶ
2827 1885 2915 1937 τὸν
2940 1884 3033 1935 τοῦ
3069 1881 3304 1953 Χριστοῦ
3352 1877 3602 1950 μαθητὴν
3656 1877 3877 1928 Λωκὶν
3911 1890 4008 1925 κα-

2442 1978 2722 2047 ταφεύγει,
2764 1979 2857 2031 καὶ
2887 1976 3059 2045 τούτῳ
3090 1973 3268 2043 βοηθῷ
3319 1975 3513 2043 χρῆται
3539 1969 3680 2024 κατά
3705 1969 3807 2036 τῆς
3832 1969 4015 2021 νῦεῦυο

2444 2072 2553 2139 Τῆς
2586 2075 2695 2137 γὰρ
2727 2067 2912 2137 σοροῦ,
2938 2069 2970 2136 ἢ
3002 2067 3092 2118 τὸν
3118 2066 3297 2133 τίμιον
3349 2063 3512 2117 αὐτοῦ
3553 2065 3767 2131 συνεῖχε
3796 2063 4015 2131 νεκρίν,

2446 2164 2537 2214 ἐπὶ
2566 2162 2655 2213 τὸν
2678 2160 2832 2227 ἆγιον
2862 2159 2962 2227 ἢδη
3014 2156 3385 2225 κομιζομένης
3443 2156 3667 2221 ναὸν,ὂν
3699 2157 3761 2206 ἐκ
3798 2153 4021 2222 βάθρων

2443 2255 2622 2308 αὐτῶν
2647 2252 3024 2311 Κωνστάντιος
3050 2249 3291 2319 ἤγειρεν,
3312 2242 3464 2309 οὗτος
3482 2248 3511 2298 ὁ
3534 2246 3750 2317 λεχθεὶς
3795 2245 4018 2297 Ἀνατδ-

2442 2348 2551 2410 λιος
2580 2346 2914 2416 προσελθὼν,
2974 2345 3067 2397 καὶ
3123 2341 3591 2401 συνδιαϐαστὰσας
3636 2341 3749 2392 τοῖς
3785 2339 4016 2405 φέρουσι

2442 2441 2668 2507 ταύτην,
2698 2440 3043 2509 παραχρῆμα
3080 2435 3173 2488 τοῦ
3227 2433 3508 2495 πιέζοντος
3558 2430 3863 2482 ἀπολύεται
3917 2424 4021 2477 πά-

2443 2531 2588 2593 θους.
2620 2532 2728 2583 Καὶ
2754 2533 2781 2582 ὁ
2816 2530 2925 2589 ζῶν
2950 2527 3054 2579 απὸ
3081 2527 3173 2578 τοῦ
3196 2523 3391 2593 νεκροῦ
3413 2520 3669 2589 τοιαύτης
3696 2518 4023 2605 ἀπολαύσας

2444 2622 2787 2690 εὐεργεσίας,
2820 2621 2879 2671 οὐ
2916 2620 3121 2670 διέλιπε
3176 2616 3305 2685 παρ’
3345 2616 3474 2681 ὅλην
3524 2610 3690 2663 αὖτοῦ
3728 2608 4021 2678 τὴν⁴“ζωὴν

2443 2716 2518 2785 τῷ
2549 2733 2605 2767 τε
2632 2712 2913 2781 ἁποστὸλῳ
2969 2712 3067 2776 τὴν
3114 2710 3273 2780 χάριν
3339 2705 3640 2775 ὁμολογῶν,
3697 2703 3793 2755 καὶ
3846 2702 3926 2770 τῷ
3954 2700 4021 2753 δι’

2444 2806 2608 2862 αὑτοῦ
2642 2805 2865 2859 τοιαῦτα
2895 2802 3405 2873 θαοδματουργοῦντι
3441 2801 3579 2868 Θεῷ.

2514 2898 2791 2953 ΙΒ¹.Οὒτω
2858 2896 2957 2966 μὲν
3003 2895 3095 2948 οὖν
3164 2897 3229 2945 ἐκ
3279 2892 3473 2959 Θηϐῶν
3528 2887 3904 2954 ἀνακομισθὲν
3962 2889 4019 2941 τὸ

2448 2994 2660 3061 πρῶτον
2712 2992 2770 3043 τὸ
2821 2990 2916 3042 τοῦ
2985 2987 3260 3039 θειοτάτου
3316 2984 3474 3052 σῶμα
3522 2983 3727 3043 Λουκᾶ,
3775 2982 4019 3049 ἐντίμως

2445 3084 2585 3148 ἄγαν
2619 3082 2715 3133 καὶ
2758 3078 3209 3149 μεγαλοπρεπῶς,
3240 3078 3380 3147 μετὰ
3428 3076 3701 3146 Ἀνδρέου,
3728 3074 3898 3142 φημὶ,
3925 3074 4019 3125 καὶ

774 3167 919 3235 quod
971 3182 999 3220 a
1057 3167 1377 3221 Constantio
1434 3168 1756 3220 aediﬁcatum
1808 3177 1969 3220 erat:
2028 3182 2150 3220 cum
2198 3169 2339 3223 circa

2444 3171 2728 3241 Τιμοθέου,
2762 3172 2837 3239 τῷ
2874 3171 3025 3240 παρὰ
3060 3170 3440 3223 Κωνσταντίου
3459 3165 3869 3233 οἰκοδομηθέντι
3908 3162 4020 3231 ναῷ

776 3272 1055 3312 sacrarum
1093 3257 1443 3325 reliquiarum
1488 3258 1875 3327 repositionem
1909 3259 2033 3314 fidei
2064 3277 2226 3330 opera
2273 3277 2341 3317 ac

777 3350 1042 3404 fervidum
1067 3349 1370 3406 Constantii
1402 3351 1734 3405 desiderium
1770 3352 2059 3419 plurimum
2113 3356 2339 3408 demon-

778 3449 943 3502 strata
966 3450 1111 3494 sunt.
1144 3440 1468 3505 Quanquam
1505 3440 1595 3493 hic
1624 3451 1811 3509 postea
1870 3442 2091 3510 maligni
2133 3443 2342 3512 laqueis

778 3531 1176 3600 aliquantulum
1205 3540 1394 3601 captus
1428 3533 1482 3603 (0
1516 3548 1699 3587 casum
1733 3535 2017 3589 miserum!
2064 3537 2168 3590 heu
2224 3550 2340 3591 tur-

777 3624 1053 3677 bulentam
1077 3624 1536 3691 subversionem!)
1567 3624 1891 3677 Arianorum
1928 3626 2121 3695 dogma
2153 3628 2339 3682 ebibit.

775 3714 959 3769 Multis
990 3723 1170 3768 autem
1198 3715 1543 3784 postmodum
1578 3718 1938 3786 temporibus,
1970 3718 2334 3784 Justinianus,

776 3809 1075 3875 assumptis
1100 3808 1316 3876 imperii
1351 3812 1605 3876 sceptris,
1666 3810 1837 3885 multo
1874 3812 2053 3865 adhuc
2109 3812 2343 3879 ampliﬁ-

776 3900 988 3953 centins
1016 3900 1159 3951 circa
1194 3900 1310 3953 haec
1339 3914 1490 3953 sacra
1523 3900 1893 3970 apostolorum
1925 3918 2155 3973 corpora
2172 3903 2340 3957 afﬁci-

778 3998 886 4053 tur,
920 4000 975 4043 et
996 3990 1150 4045 theca
1178 4004 1433 4060 argentea
1466 3993 1577 4047 haec
1603 3995 1957 4059 concludens,
1988 3997 2132 4050 circa
2165 3999 2340 4066 ipsum

779 4081 949 4135 altare
979 4080 1287 4136 vehementi
1329 4083 1420 4136 Dei
1446 4098 1631 4137 amore
1683 4087 1918 4151 reponit,
1977 4102 2175 4154 nempe
2225 4104 2344 4156 pre-

780 4176 914 4228 tiosa
949 4175 1002 4227 in
1030 4174 1270 4243 pretioso
1297 4174 1622 4229 conditorio.
1657 4174 1955 4244 thuidem
1986 4176 2125 4231 sacri
2159 4179 2343 4234 altaris

782 4280 1027 4318 mensam
1060 4266 1218 4319 theca
1242 4268 1574 4321 constituit:
1605 4283 1769 4336 porro
1794 4271 2074 4324 communi
2121 4281 2344 4341 aposto-

780 4358 955 4411 lorum
992 4355 1214 4412 nomine
1258 4358 1514 4427 templum
1548 4359 1847 4428 appellatur
1872 4378 1896 4415 ι
1945 4360 2013 4413 ad
2045 4359 2189 4426 quod
2214 4374 2345 4414 sane

780 4463 971 4502 omnes
999 4449 1090 4517 qui
1129 4451 1467 4504 conveniunt
1518 4451 1707 4504 ﬁdeles
1754 4452 1975 4505 laudant
2024 4451 2170 4506 hunc
2226 4461 2344 4505 tan-

2444 3264 2817 3325 κατατίθεται,
2849 3264 3017 3314 πολλὰ
3064 3262 3190 3328 περὶ
3232 3262 3330 3328 τὴν
3377 3259 3486 3311 τῶν
3535 3257 3697 3326 ἱερῶν
3740 3256 4019 3325 λειψάνων

2444 3354 2738 3406 κατάθεσιν
2804 3352 3038 3413 πίστεως
3093 3351 3231 3418 ἔργα
3287 3352 3384 3401 καὶ
3443 3348 3607 3400 πόθου
3646 3347 3864 3411 ζέοντος
3923 3344 4021 3396 τοῦ

2444 3445 2827 3500 Κωνσταντίου
2862 3443 3263 3510 ὲνδειξαμὲνου,
3306 3441 3353 3491 εἰ
3379 3439 3474 3491 καὶ
3495 3439 3614 3499 ταῖς
3640 3435 3734 3487 τοῦ
3772 3433 4019 3503 πονηροῦ

2444 3540 2651 3603 πάγαις
2701 3532 2855 3597 οὗτος
2910 3535 3101 3603 μικρὸν
3142 3533 3371 3602 ὕστερον
3426 3528 3591 3591 ἁλοὺς
3621 3527 3689 3597 (ὦ
3719 3526 4018 3594 πτώματος

2445 3628 2716 3700 ὀλεθρίουι
2757 3627 2856 3699 τὴν
2906 3626 3149 3698 θολερὰν,
3202 3628 3341 3696 φεῦῖ
3374 3621 3731 3693 ἀνατροπὴν)’
3770 3618 3869 3672 τοῦ
3906 3619 4019 3671 τῶν

2458 3722 2752 3792 Ἀρειανῶν
2812 3720 2995 3786 ἐξέπιε
3058 3720 3347 3787 δόγματος.
3395 3718 3621 3787 Χρόνοις
3681 3718 3737 3769 δὲ
3808 3716 4025 3775 ἱκανοῖς

2448 3814 2674 3884 ὕστερον
2736 3812 3114 3870 Ἰουστινιανδς
3159 3811 3227 3861 τὰ
3278 3811 3529 3877 σκῆπτρα.
3578 3808 3680 3877 τῆς
3732 3808 4023 3876 βασιλείας

2446 3904 2800 3974 παραλαϐὼν,
2833 3904 3244 3973 φιλοτιμότερον
3288 3902 3412 3953 ὅσον
3440 3900 3565 3969 περὶ
3596 3900 3664 3951 τὰ
3701 3901 3826 3966 ἱερὰ
3860 3901 4018 3950 ταυτὶ

2446 3997 2555 4049 τῶν
2582 3997 2895 4048 ἀποστόλων
2954 3994 3254 4047 διατίθεται
3314 3992 3581 4062 σώματα,
3630 3993 3725 4043 καὶ
3764 3992 4019 4060 ἀργυρέῃ

2448 4090 2590 4158 θήκῃ
2622 4085 2791 4140 ταῦτα
2823 4086 3134 4152 περιλαϐὼν
3168 4087 3295 4155 παρ’
3344 4084 3489 4155 αὑτῷ
3522 4084 3601 4153 τῷ
3648 4083 3781 4153 θείῳ
3825 4083 4016 4136 θυσια-

2448 4179 2674 4251 στηρίῳ,
2701 4179 2843 4248 μάλα
2861 4176 3124 4246 θεοφιλῶς
3148 4176 3519 4240 κατατίθεται,
3547 4179 3612 4230 τὰ
3634 4177 3822 4246 τίμια,
3850 4178 4023 4247 φημὶ,

2446 4272 2502 4323 ὲν
2533 4270 2713 4338 τιμίῳ.
2750 4270 2859 4321 Καὶ
2896 4266 3144 4339 τράπεζα
3181 4265 3280 4335 μὲν
3312 4264 3415 4315 τοῦ
3442 4265 3586 4332 ἱεροῦ
3621 4266 4018 4337 θυσιαστηρίου

2447 4362 2480 4427 ἡ
2524 4360 2663 4426 θήκη
2698 4359 2862 4425 τελεῖ,
2904 4359 3064 4430 κοινῷ
3090 4359 3146 4411 δὲ
3186 4357 3294 4410 τῶν
3344 4354 3659 4411 ἀποστόλων
3713 4356 3953 4424 ὀνόματι
3992 4360 4017 4409 ὁ

2449 4450 2582 4513 νεὼς
2612 4444 2764 4512 οὗτος
2796 4451 3288 4520 προσαγορεύεται.
3316 4450 3389 4503 Οὐ
3417 4448 3481 4519 δὴ
3512 4448 3714 4505 πάντες
3749 4447 3800 4498 οἱ
3836 4448 4017 4499 πιστοὶ

780 4553 941 4608 quam
978 4539 1329 4610 discipulum,
1360 4542 1639 4597 celebrant
1687 4552 1746 4597 ut
1774 4543 2185 4614 evangelistam,
2210 4545 2340 4598 bea-

2447 4542 3046 4606 συνιόντες,ἐπαινοῦσι
3101 4541 3288 4596 τοῦτον
3321 4544 3397 4605 ὡς
3456 4541 3730 4611 μαθητὴν,
3778 4540 4018 4609 ἀνευφη-

782 4632 985 4685 tiﬁeant
1046 4643 1301 4702 tanquam
1331 4651 1454 4691 eum
1481 4638 1573 4705 qui
1612 4638 1666 4690 in
1706 4638 1878 4691 sacris
1920 4637 2213 4692 sudoribus
2276 4652 2340 4691 ac

784 4724 1059 4779 laboribus
1090 4726 1276 4782 divino
1308 4728 1473 4782 Paulo
1498 4745 1713 4797 semper
1750 4729 1853 4784 fuit
1882 4730 2064 4785 socius
2099 4749 2112 4783 :
2138 4738 2192 4784 et
2215 4729 2343 4784 inde

783 4815 1267 4871 sanetillcationem
1298 4820 1708 4889 participantes,
1737 4820 2003 4888 Spirituali
2044 4819 2343 4887 implentur

785 4906 1015 4973 gaudio:
1046 4908 1208 4978 idque
1245 4910 1419 4981 gratia
1454 4926 1516 4965 ac
1546 4908 1876 4980 benignitate
1916 4910 2127 4965 Domini
2171 4911 2341 4964 nostri

780 4998 909 5053 .lesu
936 4998 1158 5065 Christi,
1189 5012 1390 5058 cmest
1439 5001 1604 5073 gloria
1667 5002 1721 5054 in
1750 5002 1947 5056 sucula
1991 5002 2333 5056 saeculorum.

782 5088 974 5145 Amen.

2442 4635 2636 4705 μοῦσιν
2686 4636 2761 4698 ὡς
2795 4634 3215 4703 εὐαγγελιστὴν,
3258 4635 3333 4697 ὡς
3397 4634 3557 4703 ιερῶν
3618 4634 3867 4704 ἱδρώτων
3928 4636 4017 4688 καὶ

2441 4728 2620 4779 πόνων
2650 4726 2728 4797 τῷ
2767 4727 3042 4791 θεσπεσίῳ
3069 4726 3463 4794 κοινωνήσαντι
3496 4724 3697 4794 Παύλῳ
3719 4726 4017 4787 διαπαντὸς

2444 4821 2828 4890 μακαρίζουσι·
2880 4822 2974 4872 καὶ
3047 4821 3140 4873 τοῦ
3221 4820 3433 4873 ἐκεῖθεν
3496 4820 4015 4891 μεταλαμϐάνοντες

2442 4912 2738 4983 ἁγιασμοῦ,
2800 4914 2973 4983 χαρᾶς
3027 4913 3365 4983 πληροῦνται
3406 4915 3796 4983 πνευματικῆς
3841 4915 4014 4985 χάριτι

2444 5008 2536 5059 καὶ
2571 5004 2952 5077 φιλανθρωπίᾳ
2973 5004 3067 5058 τοῦ
3094 5006 3297 5073 Κυρίου
3328 5006 3487 5075 ἡμῶν
3534 5007 3719 5076 Ἰησοῦ
3759 5006 4012 5079 Χριστοῦ,

2448 5090 2492 5163 ᾧ
2523 5098 2555 5164 ἡ
2584 5094 2707 5159 δόξα
2737 5096 2814 5158 εις
2846 5095 2973 5157 τοὺς
3000 5095 3201 5159 αἰῶνας
3228 5096 3335 5149 τῶν
3365 5097 3603 5151 αἰώνων.
3644 5098 3845 5168 Ἀμήν.
