4178 6316
744 330 881 391 1143

740 464 861 502 rum
899 466 911 502 Ξ

741 540 946 595 scvitia
995 557 1083 597 me
1134 544 1400 599 volentem
1458 547 1675 615 prodire
1749 548 1800 601 in
1852 549 2087 602 medium
2151 548 2320 603 abdu-

740 642 893 697 cunt,
925 641 980 687 et
1027 635 1274 690 timorem
1334 639 1621 693 incutiunt.
1679 640 1839 696 Orate
1887 657 2013 712 ergo
2067 656 2163 710 pro
2196 658 2314 708 me,

741 726 915 783 sancti
953 737 1241 798 martyres,
1270 740 1447 784 orate.
1486 731 1593 786 Vos
1634 733 1778 787 enim
1830 749 1951 789 cras
2004 735 2055 787 in
2089 733 2316 788 Domino

742 818 1276 872 consummabimini.
1315 820 1395 874 Ad
1444 820 1557 874 haec
1588 825 1759 877 sancti
1799 841 1811 876 :
1858 822 2045 889 Nemo,
2075 825 2245 885 aiunt.
2285 841 2317 877 ο

743 908 911 962 frater
963 908 1123 973 Vare,
1167 919 1348 976 potest
1399 922 1602 967 metere
1660 915 1711 967 in
1772 916 2152 977 exsultatione,
2212 915 2313 970 nisi

741 1001 893 1069 prius
924 1000 979 1054 in
1013 1001 1263 1072 lacrymis
1308 1005 1518 1057 semina
1573 1005 1853 1075 dejeeerit,
1896 1017 1950 1061 et
2014 1009 2103 1077 qui
2136 1010 2189 1062 in
2238 1009 2315 1063 eis

745 1091 1069 1161 spargendis
1094 1094 1498 1163 suscipiuntur,
1532 1096 1749 1151 labores
1778 1099 2121 1154 sustinuerit.
2149 1100 2314 1154 Simi-

740 1180 867 1235 liter
921 1193 1107 1237 autem
1161 1184 1366 1239 athleta
1424 1201 1642 1255 quoque
1696 1202 1803 1241 non
1854 1198 2164 1254 coronatur,
2208 1190 2309 1243 nisi

742 1272 901 1341 prius
934 1272 1175 1345 legitime
1210 1279 1524 1333 certaverit.
1582 1281 1826 1349 Agedum
1871 1297 2017 1351 ergo,
2052 1298 2083 1336 ο
2123 1282 2307 1348 frater,

739 1364 817 1419 sis
860 1365 1018 1420 nobis
1053 1382 1240 1421 eomes
1266 1368 1495 1435 itineris,
1525 1380 1579 1424 et
1608 1371 1883 1441 perfectus
1910 1372 2062 1425 miles
2087 1372 2308 1427 Chrisri.

738 1454 1021 1513 Habemus
1048 1459 1194 1513 enim
1224 1460 1371 1515 illum
1419 1461 1623 1532 ipsum,
1672 1480 1771 1532 pro
1804 1479 1911 1533 quo
1960 1464 2305 1534 suscipimus,

739 1562 843 1602 nos
896 1548 1134 1619 benigne
1173 1567 1203 1606 e
1262 1554 1478 1624 superis
1512 1554 1916 1622 defendentem,
1977 1566 2031 1610 et
2078 1557 2310 1611 latenter

738 1639 901 1695 nobis
932 1657 1191 1713 magnum
1238 1646 1572 1713 praebentem
1617 1646 1903 1701 auxilium.
1952 1647 2167 1703 Sanctis
2196 1647 2310 1702 haec

737 1731 1072 1799 dicentibus,
1113 1737 1339 1790 veniunt
1370 1738 1590 1807 quidam
1624 1740 1846 1803 milites,
1873 1739 2071 1807 quibus
2096 1738 2306 1808 jussutn

2028 340 2183 399 ΜΕΝ
2194 340 2307 399 SlS
2350 338 2717 400 OCTOBER.

962 451 1059 508 sed
1088 452 1235 505 varia
1291 461 1345 506 et
1393 455 1586 510 acerba
1658 454 1927 527 supplicia
1984 466 2038 511 et
2081 456 2317 523 iudicum

2430 458 2589 521 αὐτὸς
2640 456 2877 529 Χριστοῦ
2932 456 3025 509 καὶ
3068 456 3174 507 τιῖν
3210 454 3370 508 αὐτοῦ
3426 454 3616 522 ἀγίωνο
3644 454 3776 509 ἁλλά
3832 472 3899 519 με
3942 455 3997 506 τὸ

3866 334 3994 401 li“

2428 549 2673 601 ποικίλον
2715 550 2811 601 καὶ
2868 548 3139 617 αὐστηρὸν
3194 548 3302 599 τῶν
3362 546 3657 607 κολάσεων.
3686 550 3778 600 καὶ
3810 547 3869 599 τὸ
3895 545 3997 599 τῶν

2425 642 2701 696 δικαστῶν
2732 641 2959 710 ἀπηνὲς,
2984 642 3059 703 εἰς
3105 641 3267 709 μέσον
3300 640 3525 706 ἀγαγεῖν
3558 638 3793 707 ἐμαυτὸν
3822 636 3999 704 βουλέ-

2428 752 2611 804 μενον,
2667 735 2868 801 ἀπάγει
2914 734 3006 785 καὶ
3035 731 3237 784 δειλίαν
3289 730 3582 798 ἐντίθησιν,
3612 728 3842 793 εὖξασθε
3892 742 3994 780 tm;

2425 826 2627 897 γαροῦν
2652 826 2787 894 ὑπὲρ
2811 824 2963 891 ἐμοῦ,
2987 823 3127 891 ἅγιοι
3154 825 3447 894 μάρτυρες,
3488 821 3738 888 εὔξασθε.
3760 821 3873 889 Τὴν
3908 820 3995 871 a5-

2428 935 2537 987 ριον
2595 918 2701 985 γὰρ
2753 918 2907 986 ὑμεῖς
2934 918 2989 969 ἐν
3022 916 3210 984 Κυρίῳ
3256 912 3586 967 τελειοῦσθε.
3633 912 3775 981 Πρὸς
3828 909 3996 966 ταῦτα

2421 1016 2469 1067 οἱ
2524 1013 2690 1079 ἅγιοι,
2737 1010 2948 1074 Οὐδεὶς,
2983 1008 3199 1075 ἀδελφὲ,
3230 1009 3417 1076 φασιν,
3444 1004 3647 1076 Οὔαρε,
3685 1005 3921 1074 θερίζειν
3947 1009 3998 1057 ἐν

2422 1101 2739 1170 ἀγαλλιάσει
2810 1099 3121 1163 δύναται,εί
3162 1097 3237 1168 μὴ
3286 1097 3555 1166 χειμῶνος
3616 1094 3883 1166 πρότερον
3934 1099 3997 1147 τὰ

2423 1194 2718 1263 σπέρματα
2745 1191 3026 1260 καταϐάλῃ
3058 1192 3151 1243 καὶ
3195 1191 3301 1240 τῶν
3351 1188 3440 1241 ἐπ’
3475 1188 3654 1249 αὐτοῖς
3701 1187 4003 1253 ἀνασχηται

2417 1282 3046 1353 πόνων.Παραπλησίως
3080 1281 3138 1333 δὲ
3183 1281 3277 1332 καὶ
3327 1279 3566 1349 ἀθλητὴς
3599 1280 3657 1331 ού
3699 1274 3998 1344 στεφανοῦ-

2418 1393 2531 1439 ται,
2562 1376 2609 1427 εί
2647 1375 2719 1444 μὴ
2750 1377 3010 1442 πρότερον
3032 1372 3281 1441 νομίμως
3328 1371 3579 1441 ἀθλήσει.
3606 1371 3773 1439 Δεῦρο
3802 1372 3867 1440 δὴ
3895 1365 4007 1430 οὖν,

2417 1461 2635 1530 ἀδελφὲ,
2670 1462 2883 1524 σύνοδος
2925 1461 3056 1530 ἡμῖν
3088 1458 3270 1528 γενοῦ,
3298 1463 3393 1512 καὶ
3426 1458 3629 1520 τέλειος
3670 1460 4005 1525 στρατιώτης

2417 1553 2676 1622 Χριστοῦ.
2704 1554 2941 1622 Ἐχομεν
2959 1552 3066 1623 γὰρ
3092 1552 3255 1605 αὑτὸν
3282 1553 3512 1613 ἐκεῖνον,
3542 1550 3682 1619 ὑπὲρ
3713 1543 3774 1600 οἷο
3795 1550 3890 1611 τὰς
3920 1567 4004 1599 κο-

2423 1645 2610 1708 λάσεις
2672 1645 3065 1715 ἀναδεχόμεθα,
3130 1642 3527 1712 φιλανθρώπως
3586 1641 3743 1710 ἡμῶν
3803 1639 4006 1692 ἀνωθεν

2426 1734 2989 1804 ἀντιλαμϐανόμενον,
3035 1739 3129 1787 καὶ
3191 1734 3389 1804 πολλὴν
3425 1733 3646 1802 ἀφανῶς
3694 1732 4006 1802 παρέχοντα

744 1825 944 1886 fuerat,
980 1836 1036 1880 ut
1072 1841 1167 1882 eos
1199 1827 1538 1884 deducerent
1592 1831 1656 1884 ad
1705 1832 2012 1900 praesidem.
2061 1832 2162 1899 Qui
2196 1850 2317 1889 cum

2426 1826 2523 1895 τὴν
2560 1825 2833 1895 βοήθειαν.
2858 1824 3043 1877 Ταῦτα
3073 1825 3182 1877 τῶν
3208 1826 3376 1891 ἁγίων
3401 1825 3729 1887 διεςιόντων,
3757 1822 4009 1890 ὲιρίςταν-

741 1915 1097 1984 aspexissent
1152 1920 1372 1974 beatum
1429 1920 1632 1975 Varum
1695 1923 1967 1993 jacentem
2018 1925 2083 1978 ad
2158 1925 2320 1994 pedes

741 2023 1064 2084 martyrum,
1096 2024 1150 2067 et
1178 2030 1321 2070 novo
1350 2019 1665 2086 spectaculo
1710 2030 1898 2075 essant
1928 2020 2094 2075 veluti
2131 2020 2321 2075 obstu-

740 2106 964 2176 pefacti,
1006 2107 1129 2162 ideo
1174 2108 1439 2181 benignis,
1490 2119 1548 2165 ut
1592 2112 1693 2166 sibi
1740 2113 2085 2177 videbantur,
2138 2115 2319 2169 verbis

739 2211 864 2253 cum
893 2213 959 2252 eo
991 2210 1212 2268 agentes
1242 2216 1256 2253 :
1291 2200 1526 2266 Insanis,
1556 2203 1604 2255 ei
1644 2203 1856 2269 dicunt,
1892 2204 2162 2260 ohomo?
2201 2205 2317 2259 Non

741 2289 903 2343 times
942 2289 1169 2343 omnino
1197 2305 1284 2355 ne,
1323 2292 1365 2345 si
1400 2290 1515 2348 haec
1569 2308 1657 2347 res
1685 2304 1810 2347 nota
1864 2293 2029 2348 fuerit
2078 2296 2319 2364 prtesidi,

740 2395 864 2435 cum
898 2382 1119 2437 militari
1144 2383 1409 2454 dignitate
1442 2386 1602 2441 vitam
1630 2403 1845 2457 quoque
1875 2388 2035 2443 simul
2060 2390 2319 2445 amittas?

741 2474 824 2527 Ad
861 2490 1000 2542 quos
1031 2475 1225 2529 beatus
1254 2476 1431 2531 Varus
1470 2496 1482 2532 :
1534 2478 1777 2543 Utinam,
1828 2481 2020 2549 inquit,
2073 2482 2318 2537 inveniar

742 2566 1020 2634 perfectus
1046 2566 1410 2633 Christianus,
1456 2580 1506 2624 et
1563 2571 1723 2627 liceat
1760 2573 1888 2626 mihi
1942 2588 2061 2628 esse
2121 2576 2316 2629 horum

742 2668 1060 2712 sanctorum
1102 2660 1312 2716 socium
1343 2663 1683 2722 certaminis.
1723 2674 1778 2717 et
1825 2664 1878 2717 in
1913 2664 2116 2719 eisdem
2164 2667 2318 2721 habi-

745 2757 861 2803 tare
913 2748 1304 2803 tabernaculis.
1352 2751 1654 2808 Persuadet
1714 2764 1892 2808 autem
1948 2759 2207 2822 amicitia,
2259 2769 2317 2814 ut

741 2854 845 2910 ego
876 2841 1032 2896 vobis
1058 2843 1239 2908 fidam,
1267 2852 1323 2898 et
1366 2858 1580 2906 eorum,
1637 2845 1725 2913 qui
1767 2846 1855 2901 hic
1908 2848 2163 2903 dicuntur
2223 2861 2317 2905 aut

741 2930 899 2997 fiunt,
933 2932 1072 2987 nihil
1105 2934 1331 2988 habeam
1362 2929 1698 3006 Suspectum.

824 3111 920 3167 ιιι.
957 3111 1054 3168 His
1110 3113 1192 3169 sic
1248 3114 1427 3181 dictis,
1471 3117 1671 3172 milites
1730 3128 1970 3181 sanctos,
2002 3121 2093 3190 qui
2160 3129 2317 3175 erant

2423 1922 2513 1974 ταί
2544 1937 2690 1985 τινες
2720 1921 2828 1974 τῶν
2858 1921 2957 1991 τῆς
2988 1920 3215 1985 τάξεως,
3258 1922 3484 1987 ἀγαγεῖν
3529 1921 3728 1983 αὐτοὺς
3764 1920 4007 1990 προστα-

2423 2014 2609 2081 γέντες
2637 2015 2787 2084 παρὰ
2804 2015 2893 2066 τον
2918 2013 3174 2083 ἄρχοντα.
3198 2012 3262 2068 Οἳ
3284 2013 3397 2075 καὶ,
3433 2012 3527 2065 τὸν
3561 2014 3834 2082 μακάριον
3867 2011 4009 2064 Οὔα-

2429 2122 2518 2177 ρον
2552 2104 2879 2176 θεασάμενοι
2905 2107 3041 2177 πρὸς
3070 2109 3183 2170 τοῖς
3214 2106 3343 2158 ποσὶ
3378 2104 3630 2176 κείμενον
3657 2106 3767 2156 τῶν
3798 2106 4009 2174 μαρτῦ-

2427 2216 2555 2269 ρων,
2578 2200 2672 2252 καὶ
2719 2199 2882 2253 οἱονεὶ
2938 2198 3380 2267 καταπλαγέντες
3414 2199 3507 2250 ἐπὶ
3562 2197 3639 2265 τῷ
3690 2196 3867 2265 καινῷ
3913 2194 4009 2248 τοῦ

2423 2291 2718 2361 θεάματος,
2752 2293 2846 2345 καὶ
2871 2291 2960 2345 διά
2982 2292 3139 2345 τοῦτο
3162 2292 3569 2363 φιλανθρωπίας
3591 2292 3787 2360 λόγους
3818 2288 3899 2359 τῷ
3929 2289 4012 2340 δο-

2421 2388 2536 2437 κεῖν
2572 2386 2995 2455 προσφέροντες,
3033 2385 3236 2455 Μαίνη,
3276 2384 3493 2453 λέγουσι
3518 2384 3652 2455 πρὸς
3686 2384 3872 2448 αὐτὸν,
3914 2383 4007 2435 ἇν-

2422 2472 2640 2544 θρωπες
2671 2477 2745 2529 Οὐ
2765 2476 3007 2537 δέδοικας
3031 2476 3163 2539 ὅλως
3192 2476 3287 2546 μὴ,
3309 2474 3649 2543 γνωσθέντος
3677 2475 3754 2544 τῷ
3771 2473 4009 2543 ’ἡγεμόνι

2420 2568 2514 2620 τοῦ
2546 2570 2900 2638 πράγματος,
2929 2569 3007 2630 τῷ
3041 2564 3422 2636 στρατιωτικῷ
3453 2564 3725 2634 ἀξιώματι
3767 2582 4007 2618 συναπο-

2422 2659 2584 2731 λέσῃς
2620 2663 2715 2713 καὶ
2754 2662 2853 2729 τὴν
2886 2661 3060 2730 (conv;
3107 2659 3246 2728 Πρὸς
3274 2658 3367 2721 οὒς
3395 2660 3424 2711 ὁ
3458 2659 3751 2727 μακάριος,
3787 2658 4005 2710 Γὲνοιτό

2425 2771 2514 2823 μοι
2578 2753 2921 2823 Χριστιανὸν,
2965 2754 3091 2822 ἔφη,
3132 2753 3333 2806 τέλειον
3394 2753 3701 2823 εὑρεθῆναι,
3750 2751 3845 2801 καὶ
3898 2752 4011 2811 τοῖς

2427 2845 2603 2913 ἁγίοις
2634 2847 2842 2908 τούτοις
2874 2846 3130 2898 σύναθλόν
3157 2863 3216 2897 τε
3237 2847 3329 2897 καὶ
3354 2844 3646 2911 σύσκηνον.
3672 2840 3859 2894 Πείθει
3890 2841 4004 2910 γάρ

2425 2956 2489 3008 με
2517 2937 2741 3007 θαρρεῖν
2768 2940 2905 3008 πρὸς
2937 2940 3079 3007 ὑμᾶς
3105 2937 3330 3005 ἡφιλία,
3354 2936 3448 2988 καὶ
3475 2935 3627 2987 οὐδὲν
3648 2934 3757 2988 τῶν
3776 2933 4011 2986 ἐνταῦθα

2420 3031 2783 3101 λεγομένωνῆ
2827 3033 3217 3101 πραττομένων
3257 3029 3607 3082 ὑποπτεύειν.

2492 3119 2565 3172 Γ¹.
2593 3121 2811 3172 Τούτων
2856 3119 3005 3174 οὕτω
3039 3118 3343 3189 λεχθέντων
3391 3119 3440 3169 οἱ
3490 3116 3830 3186 στρατιῶται
3884 3116 4013 3177 τοὺς

743 3218 840 3258 sex
883 3218 1117 3259 numero
1169 3210 1349 3273 (erant
1384 3209 1528 3262 enim
1562 3198 1777 3265 omnes‘
1805 3212 2023 3280 quidem
2086 3225 2314 3283 septem,

2423 3213 2610 3283 ἀγίους
2652 3213 2712 3277 ἓξ
2743 3213 2899 3276 ὄντας
2932 3216 3024 3265 τὸν
3053 3184 3288 3281 ἀριθμὸν
3330 3212 3375 3280 (ὲ
3391 3210 3491 3261 uti
3534 3184 3630 3277 μὲν
3656 3208 3766 3275 γὰρ
3797 3210 3848 3260 oi
3879 3210 4013 3261 παν-

742 3297 840 3352 sed
872 3312 1016 3353 unus
1050 3298 1162 3368 jam
1212 3308 1458 3354 mortuus
1512 3300 1690 3356 fuerat
1740 3302 1794 3356 in
1836 3304 2167 3374 solitudine).
2228 3323 2317 3361 ca-

743 3390 867 3444 tena
923 3390 1137 3445 vinctos
1189 3392 1535 3448 adduxerunt
1592 3394 1659 3447 ad
1708 3397 2019 3464 praesidem.
2065 3399 2176 3451 ‘llle
2224 3414 2322 3451 au-

746 3494 856 3536 tem
897 3483 1124 3538 sedebat
1155 3482 1211 3537 ln
1236 3485 1452 3540 excelso
1497 3485 1776 3549 tribunali,
1826 3496 1879 3541 et
1909 3503 2033 3542 eum
2088 3489 2293 3544 circum

745 3574 971 3629 sistebat
1005 3576 1297 3629 multitudo
1336 3578 1590 3639 militum,
1618 3579 1709 3646 qui
1756 3582 1979 3635 omnino
2010 3583 2321 3649 pendebant

741 3683 774 3719 a
832 3665 1016 3721 verbis
1070 3666 1214 3722 illius
1249 3676 1303 3722 et
1350 3677 1509 3723 nutu.
1566 3669 1701 3722 Cum
1755 3685 1883 3742 ergo
1925 3672 2179 3741 jussisset
2225 3690 2319 3729 eos

745 3766 947 3813 exutos
989 3760 1288 3823 introduci.
1323 3762 1506 3816 statim
1557 3762 1776 3831 quidem
1826 3765 2033 3832 rogavit
2087 3765 2321 3831 :Quod—

749 3866 875 3906 nam
912 3861 998 3906 est
1029 3852 1185 3906 vobis
1208 3867 1378 3922 genus
1412 3862 1466 3907 et
1507 3869 1753 3922 quaenam
1788 3856 2049 3921 conditio,
2072 3875 2317 3927 quaenam

745 3951 927 3999 autem
966 3954 1147 3999 vestra
1180 3943 1444 3999 nomina?
1477 3942 1542 3999 Et
1597 3961 1917 4016 responsum
1970 3964 2093 4002 mox
2145 3951 2212 4003 ab
2242 3952 2321 4007 eis

745 4036 1015 4107 exigebat.
1074 4035 1470 4106 Prazpotentem
1520 4037 1665 4092 enim
1716 4039 1869 4094 vobis
1918 4041 2066 4107 juro,
2118 4042 2316 4105 aiebat,

749 4130 978 4184 deorum
1041 4130 1299 4184 virtutem
1350 4145 1412 4184 ac
1464 4129 1751 4199 justitiam,
1780 4134 1922 4201 quod
1984 4149 2080 4189 vos
2143 4136 2320 4190 adhuc

750 4220 1076 4291 superstites
1130 4237 1398 4292 apponam
1450 4221 1580 4275 feris
1629 4224 1871 4278 edendos
1952 4235 2008 4279 ct
2076 4227 2316 4281 canibus.

747 4313 931 4371 Sancti
965 4325 1143 4368 autem
1174 4329 1351 4381 neque
1368 4312 1563 4368 fastum
1583 4322 1746 4369 tanta:
1764 4315 2125 4379 auctoritatis,
2146 4331 2321 4385 neque

751 4406 1044 4459 verborum
1107 4406 1371 4459 savitiam
1444 4407 1885 4471 extimescentes,
1933 4402 2120 4471 Nobis,
2173 4408 2319 4461 dice-

2421 3325 2512 3370 τες
2540 3302 2702 3376 ἦσαν,
2747 3306 2949 3375 ἔφθασε
2983 3306 3036 3359 δὲ
3068 3307 3095 3357 ό
3143 3300 3224 3367 εἷς
3258 3305 3400 3357 κατὰ
3439 3305 3538 3371 τὴν
3585 3301 3794 3371 ἔρημον
3828 3301 4014 3353 τελευ-

2420 3398 2631 3466 τῆσαι),
2653 3397 2966 3461 δεδεμένους
2993 3394 3203 3455 ἀλύσει,
3236 3394 3313 3458 τῷ
3354 3393 3582 3461 ἡγεμόνι
3613 3392 3917 3460 προσῆγον.
3956 3392 4013 3444 Ὀ

2421 3490 2478 3543 δὲ
2506 3490 2592 3557 ἐφ’
2614 3488 2816 3558 ὑψηλοῦ
2848 3488 2946 3557 μὲν
2987 3486 3230 3556 καθῆστο
3258 3484 3351 3538 τοῦ
3383 3484 3647 3554 βήματος,
3687 3485 4009 3553 περιειστή-

2425 3600 2508 3634 κει
2527 3582 2587 3634 ὂὲ
2612 3583 2774 3634 αὐτὸν
2802 3581 3003 3651 πλῆθος
3028 3578 3397 3649 στρατιωτῶν,
3436 3577 3544 3630 τῶν
3579 3577 3799 3631 ἐκείνου
3835 3577 4013 3643 λόγων

2423 3676 2516 3727 καὶ
2549 3674 2642 3727 τοῦ
2680 3674 2946 3743 νεύματος
2981 3672 3118 3735 ὅλως
3172 3670 3557 3742 ἐξηρτημένοι.
3596 3671 3885 3731 Κελεύσας
3919 3668 4012 3721 οὖν

2423 3768 2785 3827 ἁποδυθέντας
2811 3765 3126 3833 εἰσάγεσθαι
3151 3766 3274 3825 τοὺς
3307 3763 3514 3829 ἁγίους,
3550 3762 3735 3823 εὐθὺς,
3766 3756 3887 3814 Oiei.
3915 3764 4014 3829 μὲν

2424 3860 2638 3927 γένους,
2667 3857 2872 3927 ἠρώτα,
2895 3856 3008 3917 οἵας
3041 3855 3097 3906 δὲ
3128 3854 3293 3924 τύχης
3322 3854 3441 3906 ἐστέ
3465 3871 3482 3920 ;
3503 3853 3623 3906 τίνα
3654 3853 3713 3905 δὲ
3737 3851 3898 3919 ὑμῶν
3945 3854 4012 3905 τὰ

2423 3953 2697 4017 (iv/lustra;
2727 3953 2834 4004 Καὶ
2864 3950 2962 4018 τὴν
3001 3949 3292 4019 ἀπόκρισιν
3333 3948 3407 4010 ὡς
3430 3948 3592 4016 τάχος
3622 3946 3851 4015 ἀπῄτει.
3898 3944 4012 4012 Τὴν

2426 4046 2617 4114 ἔφορον
2650 4043 2758 4112 γὰρ
2794 4042 2922 4111 ὑμῖν
2944 4041 3172 4110 ὄμνυμι,
3200 4040 3356 4109 φησι,
3389 4038 3543 4105 δίκην
3569 4039 3663 4088 καὶ
3682 4036 3782 4106 τὴν
3828 4038 4009 4104 μεγα-

2422 4134 2519 4203 λην
2542 4134 2651 4186 τῶν
2682 4132 2821 4185 θεῶν
2873 4132 3124 4201 δύναμιν,
3157 4130 3229 4195 ὡς
3261 4130 3341 4181 ἐτι
3375 4128 3667 4199 περιόντας
3707 4128 3858 4194 ὑμᾶς
3912 4125 4009 4198 θή-

2426 4225 2562 4294 ρίοις
2614 4226 2707 4276 καὶ
2746 4224 2872 4277 κυσὶ
2919 4221 3084 4291 βορὰν
3148 4220 3560 4288 παραθήσομαι.
3604 4222 3668 4273 Ol
3703 4222 3761 4273 δὲ
3820 4221 3997 4288 ἅγιοι,

2428 4313 2589 4383 μηδὲν
2632 4315 2764 4382 μήτε
2817 4313 2952 4381 πρὸς
2989 4312 3049 4364 τὸ
3089 4311 3321 4382 σοϐαρξν
3376 4310 3472 4363 τοῦ
3525 4312 4008 4381 σχή;.ιατος.μήτε

2427 4407 2560 4477 πρὸς
2580 4406 2674 4475 τὴν
2691 4406 2954 4475 ἀπήνειαν
2966 4402 3072 4455 τῶν
3092 4404 3263 4469 λόγων
3291 4400 3709 4462 ύποσταλέντες.
3743 4400 3942 4471 ῚΙμῖ-ι,
3966 4404 4010 4454 ὡ

750 4500 902 4560 bant,
953 4513 985 4552 ο
1019 4498 1204 4565 iudex,
1246 4499 1394 4551 nulla
1444 4498 1616 4568 patria
1664 4508 1748 4553 est
1792 4499 1846 4554 in
1902 4510 2066 4554 terra.
2118 4499 2317 4555 Sumus

2424 4498 2670 4562 δικαστά,
2710 4502 2885 4560 εἶπον,
2919 4499 3113 4563 πατρὶς
3138 4496 3226 4547 ἐπὶ
3267 4498 3369 4563 γῆς
3414 4492 3531 4545 ούδε
3564 4491 3680 4562 μία·
3716 4491 3868 4557 ξένοι
3907 4495 4013 4563 γὰρ

750 4591 895 4644 enim
929 4604 1120 4645 revera
1153 4589 1396 4658 hospites
1436 4598 1492 4642 et
1541 4589 1784 4643 advenas.
1832 4589 1966 4643 Nam
1998 4590 2321 4645 Christianis

754 4698 878 4737 vera
916 4682 1089 4751 patria
1113 4689 1169 4735 et
1197 4680 1390 4735 civitas
1414 4678 1466 4732 in
1501 4678 1653 4734 caelis
1698 4689 1780 4734 est
1824 4679 2109 4735 aedificata.
2149 4678 2322 4732 Crede

752 4772 911 4827 nobis
948 4773 1063 4825 haec
1125 4770 1197 4823 ita
1242 4786 1301 4823 se
1352 4770 1599 4824 habere:
1632 4770 1809 4825 minas
1860 4779 2041 4826 autem
2080 4782 2197 4826 tuas
2231 4787 2322 4840 pa—

751 4881 868 4920 rum
900 4878 1207 4919 curamus:
1256 4863 1366 4917 imo
1396 4878 1525 4917 vero
1577 4873 1831 4930 optamus
1890 4875 1947 4916 ut
2003 4863 2163 4917 ruina:
2219 4875 2321 4919 tua:

751 4974 861 5014 non
892 4973 950 5013 se
986 4971 1158 5027 usque
1199 4960 1266 5013 ad
1302 4959 1465 5012 verba
1502 4958 1676 5012 solum
1730 4956 1951 5021 sistant,
1984 4959 2077 5013 sed
2128 4956 2193 5011 ad
2244 4958 2321 5011 cf-

752 5052 953 5107 fectum
987 5051 1150 5105 etiam
1187 5049 1548 5104 deducantur.
1614 5048 1705 5103 Sic
1755 5050 1898 5103 enim
1945 5048 2050 5103 erit
2096 5050 2322 5103 manife-

751 5152 898 5199 stum
950 5157 1197 5197 nostrum
1224 5141 1278 5195 in
1335 5138 1618 5195 Christum
1660 5140 1992 5195 desiderium
2042 5157 2056 5193 :
2107 5150 2161 5193 ct
2202 5140 2320 5208 ipse

753 5236 894 5291 scies
933 5233 1177 5293 omnino,
1212 5234 1371 5301 quale
1402 5232 1659 5287 auxilium
1693 5235 1761 5286 ab
1798 5232 1914 5301 ipso
1944 5248 2316 5301 assequamur.

752 5329 889 5383 Cum
924 5327 1098 5381 sancti
1134 5328 1247 5379 haec
1276 5326 1567 5389 dixissent,
1616 5333 1876 5393 tyrannus
1928 5339 2225 5379 conversus
2253 5326 2316 5380 ad

752 5435 1074 5479 assessores.
1120 5419 1309 5483 Video,
1360 5420 1552 5487 inquit,
1587 5419 1683 5472 hos
1741 5418 1984 5473 infelices
2030 5436 2196 5473 unum
2261 5429 2317 5473 et

756 5516 899 5568 idem
952 5524 1209 5594 tanquam
1270 5528 1335 5567 ex
1386 5525 1657 5567 consensu
1725 5510 1995 5565 meditari.
2056 5511 2319 5565 Parentur

754 5624 886 5678 ergo
940 5605 1173 5677 ﬂagella,
1235 5614 1292 5657 et
1352 5622 1448 5661 eos
1513 5605 1680 5676 plagae
1746 5607 1963 5661 abunde
2022 5607 2313 5673 excipiant.

754 5701 891 5753 Cum
921 5709 1100 5752 autem
1133 5697 1289 5752 valde
1315 5697 1532 5766 quidem
1570 5701 2009 5764 verberarentur,
2048 5699 2181 5751 nihil
2218 5714 2317 5751 au-

758 5804 867 5850 tem
903 5791 1314 5860 responderent,
1366 5790 1530 5861 judex
1582 5792 1763 5847 intulit
1813 5790 2313 5857 interrogationem,

2424 4592 2583 4664 ἡμεῖς
2608 4591 2759 4653 ὄντες
2790 4591 2886 4643 καὶ
2916 4587 3308 4657 παρεπίδημοι.
3340 4588 3541 4657 lla-cpi;
3577 4585 3693 4656 γὰρ
3737 4588 4016 4653 Χριστιαο

2425 4686 2532 4743 ’.οἷς
2588 4680 2795 4748 ἀληθὴς
2846 4680 2944 4733 καὶ
2999 4680 3152 4738 πόλις
3199 4681 3256 4729 ὲν
3306 4677 3552 4747 οὐρανοῖς
3626 4676 4012 4745 ᾠκοδόμηται.

2426 4771 2607 4826 Ταῦτα
2642 4772 2863 4824 πίστευε
2890 4772 3022 4841 ἡμῖν
3053 4770 3226 4832 οὕτως
3261 4768 3425 4840 ἔχειν.
3448 4766 3567 4821 Τῶν
3593 4767 3653 4821 δὲ
3690 4769 3805 4821 σῶν
3846 4772 4011 4821 ἀπει-

2424 4867 2531 4921 λῶν
2560 4865 2712 4935 ὀλίγη
2758 4864 2996 4934 φροντίς·
3028 4861 3231 4930 μᾶλλον
3269 4861 3325 4914 δὲ
3358 4862 3453 4915 καὶ
3481 4860 3547 4913 δι’
3571 4860 3740 4929 εὐχῆς
3780 4864 3846 4914 τὸ
3872 4863 4015 4929 πρᾶ-

2424 4976 2541 5027 γμα
2580 4957 2878 5025 ποιούμεθα
2936 4955 3010 5024 μὴ
3067 4960 3229 5024 μέχρι
3283 4952 3458 5017 λόγων
3520 4951 3712 5019 ττῆναί
3762 4970 3849 5005 σοι
3908 4954 4011 5019 τὴν

2424 5050 2674 5117 ἀπειλὴν,
2703 5048 2835 5101 ἀλλὰ
2858 5049 2954 5099 καὶ
2986 5049 3064 5107 είς
3095 5046 3256 5113 ἔργον
3302 5044 3556 5111 ἐκϐῆναι.
3586 5042 3747 5095 Οὕτω
3771 5046 3885 5113 γὰρ
3916 5044 4016 5095 καὶ

2425 5145 2555 5210 ἡμῖν
2587 5144 2614 5195 ὁ
2645 5140 2806 5203 πόθος
2841 5142 2869 5193 ό
2899 5137 3031 5207 πρὸς
3060 5137 3297 5208 Χριστὸν
3322 5136 3477 5205 δῆλος
3505 5134 3663 5186 ἔσται
3715 5138 3813 5185 καὶ
3844 5135 4013 5194 αὐτὸς

2424 5238 2544 5304 εἴσῃ
2594 5235 2833 5293 πάντως,
2884 5231 3076 5293 ὁποίας
3124 5229 3257 5299 παρ’
3314 5227 3478 5281 αὐτοῦ
3532 5226 3887 5297 τυγχάνομεν
3912 5226 4015 5291 τῆς

2424 5326 2765 5394 ἐπικουρίας.
2792 5322 3029 5374 Τοιαῦτα
3070 5322 3178 5374 τῶν
3217 5320 3391 5386 ἁγίων
3423 5315 3835 5379 διεξελθόντων,
3862 5320 3890 5370 ὁ
3918 5316 4015 5366 τί·-

2425 5432 2615 5487 ραννος
2638 5415 2772 5483 πρὸς
2788 5415 2915 5475 τοὺς
2943 5412 3228 5481 συνέδρους
3252 5411 3637 5479 ἐπιστραφεὶς,
3663 5410 3837 5470 Μῗαν,
3872 5407 4008 5473 εφη,

2422 5511 2517 5563 καὶ
2556 5508 2651 5577 τὴν
2684 5508 2854 5576 αὐτὴν
2886 5508 3104 5576 ἔχοντας
3141 5504 3373 5577 μελέτην
3424 5504 3552 5565 τοὺς
3598 5500 4012 5570 κακοδαίμονας

2422 5602 2611 5669 ὥσπερ
2638 5603 2701 5651 ὲκ
2727 5598 3047 5668 συμιξωνίας
3078 5596 3211 5667 ὁρῶ.
3251 5597 3532 5661 Μάστιγες
3563 5589 3660 5645 οὖν
3682 5593 3878 5656 αὐτοὺς
3912 5594 4008 5644 καὶ

2424 5692 2632 5763 πληγαὶ
2657 5692 2889 5759 δαψιλῶς
2923 5689 3344 5758 ἑκδεχέσοωσαν.
3374 5686 3461 5745 Ὠς
3492 5684 3550 5735 δὲ
3578 5684 3875 5737 ἐτύπτοντο
3908 5686 4008 5749 μὲν

2424 5784 2865 5855 σφοδρ‹”ῗ›ς,ο·ὶόἐν
2906 5782 2960 5836 δὲ
3005 5782 3378 5851 ἀπεκρίνοντο,
3413 5778 3438 5829 ό
3474 5777 3738 5845 δικαστὴς
3796 5775 4003 5840 ἰπῆγιν
