4178 6316
196 363 337 422 1145

199 470 494 542 δρώτησιν,
521 476 690 537 οὕτως
722 479 891 534 εἰπών
912 499 925 513 ·

197 562 429 633 ιϐδομος
471 566 625 636 ὑμῶν
666 569 769 623 ποῦ
814 573 961 639 tam;
1011 575 1213 629 Τούτου
1269 580 1549 649 ῥηθέντος,
1576 581 1773 634 αὐτίκα

202 654 480 724 δρομαίως
512 658 605 711 τοῦ
639 660 796 730 ὄχλου
833 666 1155 736 ὲξορμηϐεὶς
1181 670 1208 722 6
1238 674 1616 737 γενναιότατος
1634 672 1774 727 00a-

206 762 323 813 ρος,
349 747 474 812 στὰς
517 752 570 803 ἐν
598 753 744 825 μέσῳ
771 755 917 822 λέγει
954 758 1030 827 τῷ
1050 760 1294 829 ἡγεμόνι·
1339 764 1567 826 Ἐκεῖνος
1592 766 1689 834 μὲν
1710 768 1772 820 ἐκ

202 840 401 896 πολλοῦ
432 845 521 897 τὸν
556 848 669 917 βίον
710 852 1066 924 μετήλλαξεν,
1086 858 1184 925 ἐμὲ
1214 858 1269 910 δὲ
1306 858 1638 931 κληρονόμον
1666 862 1772 915 τῶν

201 933 366 986 αὑτοῦ
390 938 736 1010 ἐνεστήσατο,
759 945 822 997 Ei
848 962 900 998 τι
928 942 1233 1020 οὗνὲκείνῳ
1256 951 1454 1019 χρέως,
1478 954 1772 1007 ἀποδώσων

203 1025 362 1089 αὐτὸς
414 1030 661 1100 πάρειμι.

279 1122 351 1176 Δ⁹.
377 1124 645 1179 Ἤκουσεν
670 1130 697 1179 6
726 1131 967 1200 ἡγεμὼν,
988 1136 1079 1187 καὶ
1100 1135 1219 1201 ὅλος
1232 1140 1323 1192 τοῦ
1349 1139 1520 1208 θυμοῦ
1546 1142 1733 1209 γέγονε
1752 1159 1766 1173 ο

204 1210 321 1274 καὶ,
361 1212 455 1275 Τίς
485 1210 762 1282 οὖτος,καὶ
786 1223 927 1285 τίνος
954 1224 1269 1296 τὰγματος;
1303 1230 1334 1295 ἠ
1366 1230 1517 1296 τάξις
1541 1233 1765 1301 λεγέτω,

202 1302 361 1393 φησί.
391 1302 449 1355 '0
474 1304 550 1368 δὲ,
583 1308 873 1378 Τὰγματος
898 1313 996 1381 μὲν
1016 1317 1107 1368 τοῦ
1137 1321 1198 1371 ἐκ
1223 1318 1468 1386 Τυὰνων,
1504 1325 1769 1393 στρατιώ-

197 1408 300 1459 της
328 1392 385 1445 δὲ
413 1397 505 1448 καὶ
556 1399 662 1453 τῶν
704 1403 1006 1471 ἐπιφανῶν,
1040 1410 1398 1478 ἁπεκρίνατο.
1442 1415 1552 1467 Καὶ
1578 1392 1613 1467 6
1645 1418 1772 1488 ἠγε-

197 1483 343 1578 μῲν,
385 1488 615 1578 πληγεὶς
660 1494 750 1548 ἐπὶ
781 1500 975 1570 τούτῳ,
1009 1502 1104 1565 Τίς
1131 1522 1188 1556 σε
1213 1506 1441 1575 πονηρὸς
1462 1483 1771 1578 δαίμωνεεὶς

194 1574 466 1640 κίνδυνον,
503 1576 674 1646 είπεν,
698 1582 839 1637 οὕτω
865 1589 1034 1656 σαφῆ,
1062 1594 1286 1645 σεαυτὸν
1316 1595 1524 1663 ὠθῆσαι
1546 1600 1770 1666 πεποίη-

192 1679 313 1726 κεν,
338 1664 412 1728 ὡς
444 1668 535 1721 καὶ
573 1668 632 1721 τὸ
658 1671 753 1740 τῆς
809 1676 1116 1744 προσούσης
1153 1695 1235 1731 σοι
1283 1683 1564 1751 περιδόξου
1602 1701 1768 1745 στραο

191 1755 349 1819 τείας
400 1758 635 1829 ἀξίωμα,
686 1763 755 1815 τὰ
790 1765 1000 1819 ἐκεῖθέν
1030 1786 1089 1820 τε
1120 1771 1427 1840 σιτηρέσια,
1455 1774 1587 1845 παρ’
1611 1776 1764 1829 οὐδὲν

199 1844 527 1911 θέσθαι,καὶ
572 1856 843 1920 τοσούτοις
893 1859 989 1928 τὴν
1042 1860 1175 1914 ίδίαν
1221 1864 1397 1937 ψυχὴν
1450 1868 1766 1937 περιϐαλεῖν

197 1937 493 2006 χαλεποῖς;
523 1941 631 1995 Καὶ
661 1945 689 1995 6
714 1948 1006 2017 μακάριος,
1028 1951 1131 2004 Τὸν
1159 1954 1341 2022 ἄρτον,
1372 1954 1511 2026 εἷπε,
1559 1961 1652 2014 τὸν
1709 1964 1767 2027 ἐξ

194 2029 429 2099 ούρανοῦ
470 2034 748 2099 καθιόντα,
773 2042 863 2093 καὶ
892 2044 952 2097 τὸ
980 2044 1119 2098 Θεῖον
1166 2052 1426 2119 ποτήριον
1458 2052 1551 2104 τοῦ
1582 2054 1765 2125 τιμίου

193 2123 430 2193 αἴματος
458 2127 692 2199 Χριστοῦ
726 2132 817 2184 τοῦ
848 2136 1052 2205 Κυρίου
1070 2157 1195 2206 μου,
1215 2143 1324 2195 τῶν
1344 2144 1451 2197 σῶν
1476 2148 1770 2218 προέκρινα

191 2216 376 2283 τιμῶν
425 2237 482 2271 τε
523 2222 614 2274 καὶ
658 2223 923 2291 ὀψωνίων,
982 2230 1138 2289 δόξαν
1194 2236 1279 2287 ἀεὶ
1345 2239 1614 2305 μένουσαν
1671 2241 1769 2310 τῆς

196 2306 448 2373 ῥεούσης,
480 2310 572 2362 καὶ
606 2311 752 2383 ζωὴν
777 2316 1012 2387 ἄληκτον
1060 2321 1309 2393 φθαρτῆς
1354 2331 1448 2381 καὶ
1508 2306 1771 2400 προσκαί-

195 2412 317 2463 ρου.
349 2395 483 2452 Εἶτα
509 2399 669 2471 δῆλος
692 2407 783 2459 ἐπὶ
812 2408 889 2478 τῷ
916 2410 1076 2465 πάθει
1133 2417 1422 2487 γενόμενος
1449 2421 1475 2472 6
1505 2420 1764 2488 δικάζων,

191 2488 514 2560 ἀποϐλέψας
561 2498 698 2567 πρὸς
740 2502 863 2564 τοὺς
910 2504 1097 2573 ἁγίους
1150 2511 1206 2560 ὲν
1258 2512 1436 2581 πολλῷ
1493 2515 1641 2586 σὰλῳ
1674 2521 1766 2571 καί

193 2585 396 2656 πικρίᾳ
428 2587 604 2659 ψυχῆς
639 2590 783 2646 εἷπε·
829 2598 1056 2668 Μάρτυς
1087 2603 1117 2673 ἡ
1148 2604 1257 2657 τῶν
1311 2609 1585 2677 μεγίστων
1629 2612 1766 2666 Θεῶν

192 2672 445 2744 δύναμις,
484 2681 630 2747 ὑμᾶς
685 2688 947 2757 πρότερον
991 2694 1048 2745 ἐν
1095 2699 1285 2759 κακοῖς
1313 2672 1616 2772 ἁιρέλωμαι
1669 2705 1767 2774 τὴν

193 2767 367 2837 ζωὴν,
392 2771 629 2826 τοιοῦτον
661 2776 757 2846 ἐμὲ
802 2780 1190 2849 ζημιώσαντας
1230 2795 1593 2865 στρατιώτην·
1629 2800 1764 2865 ύμέ-

187 2875 352 2927 τερον
383 2864 490 2934 γὰρ
521 2864 588 2919 ἂν
615 2870 701 2939 εἴη
740 2874 896 2926 τοῦτο
932 2879 1023 2931 καὶ
1049 2881 1147 2949 οὐχ
1197 2883 1409 2953 ἐτέρου.
1440 2887 1503 2938 Oi
1528 2864 1588 2940 δὲ
1621 2891 1765 2961 μάρ-

184 2969 354 3023 τυρες
387 2958 445 3009 ὲν
477 2962 667 3030 μηδενὶ
692 2965 817 3031 τοὺς
848 2968 1038 3036 λόγους
1071 2974 1237 3026 αὐτοῦ
1284 2978 1617 3048 ποιούμενοι,
1660 2986 1767 3037 Μι-

186 3048 345 3115 κρδν,
370 3044 544 3119 εἷπον,
569 3056 885 3127 ἁνὰμεινον,
904 3066 1154 3131 δικαστὰ,
1182 3069 1274 3121 καὶ
1292 3070 1357 3124 τὰ
1379 3071 1518 3125 ὅπλα
1541 3075 1638 3144 τῆς
1670 3077 1765 3130 νῦν

189 3146 504 3211 στρατείας,
538 3143 626 3201 οἷα
658 3157 1036 3224 κατανοήσεις.
1065 3161 1156 3229 Τῷ
1190 3165 1298 3234 γὰρ
1348 3167 1455 3220 τῶν
1511 3171 1761 3236 ἀγγέλων
1789 3170 1832 3226 C

183 3236 433 3304 τάγματι
470 3241 561 3292 τὸν
590 3242 757 3315 ἄνδρα
802 3254 1306 3324 προσενηνόχαμεν.
1335 3260 1536 3312 Τούτου
1564 3264 1760 3333 ρηθέν-

180 3345 303 3390 τος,
345 3333 371 3382 6
404 3332 502 3401 μὲν
534 3335 747 3392 πείθειν
778 3342 1052 3414 ἐπεχείρει
1089 3348 1212 3414 τοὺς
1257 3352 1445 3420 ἁγίους
1474 3332 1760 3413 συνθέσθαι

183 3426 254 3494 τῆ
290 3425 537 3499 ἀσεϐείᾳ,
562 3436 657 3485 καὶ
690 3435 879 3489 Θυσίαν
906 3443 1017 3504 τοῖς
1057 3446 1309 3512 ματαίοις
1367 3458 1761 3518 προσενεγκεῖν

183 3516 213 3565 6
269 3516 521 3584 μάταιοςο
553 3526 599 3575 οί
637 3525 694 3578 δὲ
755 3530 888 3597 μηδὲ
931 3534 992 3585 τὸ
1054 3533 1142 3596 οὖς
1195 3538 1330 3601 ὅλως
1386 3516 1625 3607 διδόντες
1652 3551 1763 3611 τοῖς

190 3608 363 3662 αὑτοῦ
383 3612 646 3680 ῥήμασιν,
674 3621 1044 3692 ἁνθυπέςρερον
1080 3641 1095 3655 ·
1129 3645 1146 3679 ι
1175 3628 1297 3684 Θεοὶ
1324 3632 1372 3686 οἳ
1412 3636 1501 3687 τὸν
1534 3639 1762 3707 οὐρανὸν

192 3698 291 3751 καὶ
322 3700 419 3768 τὴν
448 3706 550 3772 γῆν
575 3706 673 3759 ούκ
701 3711 983 3782 ἐποίησαν,
1017 3719 1423 3779 ἀπολέσθωσαν.
1453 3747 1470 3777 ι
1502 3730 1640 3781 Μεθ’
1668 3729 1762 3792 οὓς

181 3793 210 3842 ὁ
247 3793 518 3863 μακάριος
550 3798 782 3872 Οὔαρος,
811 3807 1030 3874 μείζονα
1059 3811 1155 3879 τὴν
1194 3813 1364 3882 ὀργὴν
1404 3818 1657 3881 ἐξάπτων
1683 3823 1759 3893 τῷ

185 3885 439 3956 δικαστῇ,
469 3887 532 3940 Τί
563 3894 863 3960 πράγματα
896 3901 1178 3969 παρέχεις,
1211 3903 1388 3974 ἔλεγε,
1423 3913 1534 3972 τοῖς
1561 3913 1758 3981 ἁγίοις,

190 3986 355 4050 μωρὰ
373 3983 544 4050 λέγων
566 3986 659 4037 καὶ
678 3988 757 4055 είς
783 3989 932 4043 οὐδὲν
956 3997 1236 4067 χρήσιμα;
1274 4017 1290 4050 ι
1331 4003 1389 4055 Ὀ
1420 4004 1527 4069 γὰρ
1552 4008 1756 4075 μωρὸς,

189 4077 354 4143 φησὶ,
373 4077 529 4147 μωρὰ
554 4079 799 4151 λαλήσει,
823 4103 841 4136 ι
869 4087 1126 4156 (Ἡσαΐας
1148 4093 1175 4143 6
1198 4093 1369 4162 μέγας
1388 4113 1466 4148 σοι
1483 4097 1639 4152 τοῦτο
1667 4102 1760 4155 καὶ

188 4170 295 4224 οὐκ
324 4171 454 4239 ἐγὼ)
490 4175 583 4227 καὶ
612 4176 783 4229 ταῦτα
814 4180 1379 4269 μηδὲ-ἁντοφθαλμεῖν
1406 4190 1614 4257 αὐτοῖς,
1650 4213 1759 4267 μη-

179 4262 239 4314 δὲ
278 4266 357 4326 εἰς
387 4264 576 4332 λόγους
602 4269 736 4333 ὅλως
774 4272 909 4324 ίέναι
934 4262 1252 4345 δυνάμενος.

257 4447 333 4500 Ε’.
361 4447 576 4503 Τούτων

182 4536 324 4592 ἀλλὰ
374 4537 547 4609 θυμοῦ
579 4542 821 4606 πλείονος
854 4546 1141 4614 πλησθεὶς,
1188 4552 1280 4604 ἐπὶ
1312 4552 1471 4615 ξύλου
1512 4559 1610 4627 μὲν
1662 4536 1754 4613 τὸν

180 4629 402 4700 Οὔαρον
459 4634 812 4711 μετεωρίζειν
863 4637 1106 4692 ἐκέλευε.
1133 4642 1273 4712 Πρὸς
1304 4645 1361 4698 δὲ
1389 4649 1512 4712 τοὺς
1543 4651 1752 4719 ἁγίους,

191 4724 323 4775 Ἐὰν
353 4723 450 4792 τῆς
491 4724 665 4793 ὑμῶν,
711 4722 882 4792 εἶπεν,
913 4730 1215 4797 ὲνστὰσεως
1270 4739 1508 4805 ἡττηθῶ,
1534 4743 1754 4811 ἔξαρνος

179 4815 403 4876 πάντως
444 4819 537 4869 καὶ
586 4822 684 4888 τῆς
718 4821 825 4873 τῶν
860 4823 997 4877 Θεῶν
1045 4826 1238 4895 ἔσομαι
1270 4829 1545 4901 λατρείας.
1571 4836 1753 4900 Οὕτως

182 4908 408 4976 ἰσχυρόν
435 4927 484 4961 τι
513 4910 611 4964 καλ⁵
660 4912 936 4982 αὐστηρὸν
974 4922 1003 4987 ἡ
1041 4919 1289 4989 ἀλήθεια,
1335 4929 1428 4980 καὶ
1465 4928 1753 4984 ἀσθένειαν

178 4999 441 5064 πολλάκις
495 5004 774 5077 διελέγχον
827 5008 1025 5079 ψυχῆς,
1055 5014 1239 5083 φέρειν
1284 5018 1453 5090 αὐτῆς
1485 5022 1581 5089 τὴν
1613 5026 1754 5075 ἐλευ-

179 5090 371 5162 θερίαν
407 5094 467 5144 ού
502 5094 907 5167 δυναμένης.οἰ
940 5102 993 5153 δὲ
1028 5105 1119 5156 τοῦ
1154 5106 1409 5174 Χριστοῦ.
1449 5112 1748 5182 μάρτυρες,

177 5184 488 5253 Δοκίμασὸν
519 5204 610 5239 σου
646 5190 781 5254 τέως
806 5192 915 5261 τὴν
950 5195 1288 5261 δυναστείαν,
1314 5204 1621 5274 εἰρήκασιν,
1658 5208 1751 5259 ἐπὶ

177 5277 278 5330 τοῦ
311 5279 578 5348 παρόντος
607 5282 762 5351 ήμῶν
792 5285 1022 5354 ἁδελιρού
1045 5306 1057 5318 ·
1086 5288 1178 5343 κάὶ
1204 5292 1317 5359 εἴγε
1350 5296 1538 5348 τούτου
1573 5300 1752 5370 κρείτ-

178 5384 290 5421 των
316 5371 509 5441 ὀφθῇς,
564 5374 685 5426 τότε
718 5378 855 5446 τάχα
891 5383 982 5431 καὶ
1032 5383 1117 5447 ἐφ’
1168 5386 1317 5452 ἡμᾶς
1374 5390 1626 5456 χρηστῶν
1652 5394 1751 5446 οὐκ

181 5460 511 5535 ἁμοιρήσεις
554 5464 802 5525 ἐλπίδων.
856 5472 995 5540 Πρὸς
1050 5475 1223 5529 ταῦτα
1259 5480 1286 5529 6
1332 5479 1593 5549 δικαστὴς
1640 5488 1750 5545 τοῖς

184 5551 285 5623 μὲν
316 5555 498 5621 ἁγίοις
547 5558 635 5638 τὰ.
662 5560 1023 5629 χαλεπώτατα
1075 5568 1401 5639 ἀπειλήσας.
1444 5574 1537 5625 τοῦ
1592 5576 1748 5639 ξύλου

1410 377 1746 438 ΜΑΗΤΥΒ]
1766 380 1867 441 UM
1914 385 1974 446 S.
2020 388 2220 451 VARI.

985 483 1044 537 Ὀ
1074 485 1306 550 μάλιστα
1341 503 1396 554 γε
1438 487 1764 557 ζητούμενος

1876 497 2067 554 dicens
2104 523 2116 556 :
2151 505 2252 570 Qui
2290 510 2525 565 maxime
2559 514 2820 582 quaeritur
2859 520 3120 587 septimus
3150 535 3214 574 ex
3265 527 3441 590 vobis,

3305 411 3440 474 1146

1881 592 1970 647 ubi
2010 598 2139 650 est?
2185 598 2295 653 Hoc
2343 603 2513 667 dicto,
2552 607 2754 662 cursim
2784 613 2966 664 statim
3008 629 3037 667 e
3072 614 3224 668 turba
3259 632 3442 687 egres-

1876 701 1970 740 sus
2010 691 2458 756 praeclarissimas
2497 698 2704 763 Varus,
2758 710 2919 757 stans
2970 705 3022 758 in
3066 708 3243 761 medio
3312 710 3442 763 dicit

1877 780 2091 848 praesidi
2129 801 2141 835 :
2182 783 2275 838 llle
2301 788 2524 855 quidem
2565 792 2675 861 jam
2705 794 2798 847 diu
2837 795 3033 851 abhinc
3082 811 3145 851 ex
3188 799 3289 853 hac
3333 801 3438 854 vita

1875 876 2133 936 excessit.
2173 894 2260 932 me
2288 888 2469 934 autem
2519 898 2675 937 suum
2736 886 3008 941 lmredem
3071 890 3327 946 instituit.
3383 892 3439 948 Si

1874 968 2001 1037 quid
2055 985 2185 1042 ergo
2244 972 2312 1027 ab
2365 974 2454 1029 illo
2518 977 2840 1043 debebatur,
2878 980 3066 1036 adsum
3120 982 3233 1051 ipse
3264 982 3442 1037 reddi-

1878 1069 2046 1119 IUI'US.

1946 1157 2035 1211 IV.
2071 1160 2291 1215 Audivit
2324 1178 2543 1231 praeses,
2586 1172 2641 1219 et
2699 1174 2844 1219 totus
2868 1167 2933 1220 ad
2982 1166 3115 1221 iram
3165 1177 3248 1223 est
3307 1184 3441 1223 con-

1874 1263 2069 1304 versus
2102 1270 2115 1305 :
2151 1252 2285 1317 Quis
2319 1255 2404 1310 hic
2430 1256 2521 1318 sit,
2553 1256 2750 1326 inquit,
2807 1258 2972 1325 dicat,
3032 1272 3085 1313 et
3120 1277 3149 1314 e
3205 1277 3440 1330 quanam

1872 1340 1942 1395 sit
1995 1343 2229 1414 legione.
2265 1346 2361 1400 Ille
2391 1358 2572 1402 autem
2606 1367 2619 1403 :
2652 1349 2728 1404 Ex
2783 1350 2996 1421 legione
3049 1354 3267 1423 quidem
3306 1354 3445 1424 Tya-

1872 1433 2047 1495 nensi,
2081 1435 2238 1491 miles
2266 1452 2394 1497 vero
2422 1439 2622 1503 clarus,
2661 1445 2962 1513 respondit.
2995 1446 3202 1502 Praeses
3224 1458 3436 1515 autem,

1872 1543 1934 1582 ea
1987 1529 2055 1583 de
2110 1545 2275 1585 causa
2325 1533 2751 1603 obstupefactus,
2803 1538 2938 1606 Quis
2989 1541 3162 1595 malus
3205 1543 3439 1607 daemon.

1874 1621 2068 1689 inquit,
2104 1622 2306 1686 effecit,
2339 1634 2396 1679 ut
2430 1636 2480 1680 te
2506 1628 2559 1681 in
2593 1630 2941 1685 manifestum
2991 1633 3299 1701 impelleres
3343 1650 3438 1702 pe.

1873 1714 2129 1779 riculum,
2172 1727 2308 1773 utet
2335 1719 2624 1788 gloriosam
2673 1733 2821 1778 tuam
2869 1724 3141 1788 militiam.
3171 1736 3226 1779 et
3278 1742 3439 1795 quam

1800 1833 1840 1886 Β
1869 1816 1929 1855 ex
1966 1818 2029 1856 ea
2057 1807 2225 1860 habes
2282 1818 2542 1865 tesseram
2576 1810 3009 1879 frumentariam,
3057 1815 3212 1869 nihili
3250 1816 3437 1875 facias.

1870 1905 1925 1950 et
1954 1908 2098 1951 tuam
2157 1900 2390 1955 animam
2430 1902 2483 1955 in
2534 1913 2680 1960 tanta
2721 1907 2857 1960 mala
2922 1907 3178 1976 injicias?
3242 1908 3440 1963 Beatus

1870 1994 2049 2043 autem
2089 1992 2263 2047 Varus
2297 2011 2310 2046 :
2343 1994 2569 2057 Panem,
2604 1997 2797 2067 inquit,
2833 2002 2923 2068 qui
2953 2001 3019 2054 de
3043 2002 3183 2055 cado
3213 2003 3442 2055 descen-

1871 2081 1970 2141 dit,
2008 2090 2061 2136 et
2097 2085 2343 2140 divinum
2376 2088 2599 2143 calicem
2645 2091 2863 2160 pretiosi
2907 2092 3186 2162 sanguinis
3234 2092 3438 2148 Christi

1872 2173 2081 2227 Domini
2115 2175 2217 2229 mei
2250 2181 2461 2244 praetuli
2503 2182 2609 2234 tuis
2656 2183 2955 2238 honoribus
2997 2197 3051 2238 et
3103 2186 3438 2255 stipendiis:

1873 2263 2094 2332 gloriam
2142 2284 2259 2336 quae
2287 2282 2502 2337 semper
2527 2280 2731 2333 manet,
2764 2276 2811 2327 ei
2842 2291 2961 2342 quae
3000 2275 3134 2339 fluit,
3172 2287 3225 2330 et
3276 2279 3438 2333 vitam

1869 2373 1989 2426 qua:
2043 2374 2316 2429 nunquam
2345 2362 2576 2424 desinit.
2610 2366 2657 2419 ei
2706 2365 2758 2420 in
2795 2383 2955 2435 quam
3005 2368 3144 2422 cadit
3187 2370 3438 2424 interitus

1872 2458 1927 2502 et
1956 2458 2037 2502 est
2060 2453 2124 2503 ad
2163 2454 2326 2508 breve
2361 2465 2592 2525 tempus.
2625 2456 2781 2512 Tunc
2820 2458 2986 2527 judex
3033 2472 3219 2530 aperte
3255 2470 3439 2515 osten-

1869 2538 2004 2593 dens
2059 2556 2116 2594 se
2166 2558 2287 2597 esse
2336 2547 2518 2600 animo
2584 2550 2976 2616 perturbatum,
3040 2554 3312 2620 aspiciens
3372 2555 3438 2608 ad

1871 2642 2117 2699 sanctos,
2155 2637 2421 2692 concitate
2448 2648 2503 2693 et
2534 2640 2727 2695 acerbe
2769 2641 2905 2695 dixit
2935 2659 2948 2696 :
2992 2641 3167 2696 Testis
3200 2646 3267 2698 sit
3307 2646 3436 2698 mihi

1871 2728 2044 2782 virtus
2100 2729 2461 2784 maximorum
2515 2732 2765 2795 deorum,
2802 2734 2954 2789 vobis
3008 2735 3157 2801 prius
3205 2736 3439 2790 adimam

1870 2822 1926 2875 in
1981 2824 2135 2878 malis
2184 2826 2374 2887 vitam,
2438 2827 2529 2896 qui
2573 2845 2657 2882 me
2718 2830 2809 2882 tali
2857 2827 3027 2883 milite
3077 2831 3435 2892 privaveritis.

1870 2916 1983 2967 Hoc
2014 2917 2159 2969 enim
2196 2917 2360 2971 fuerit
2389 2930 2650 2980 vestrum.
2680 2933 2733 2975 et
2761 2939 2868 2976 non
2902 2924 3148 2979 alterius.
3176 2923 3439 2993 Martyres

1868 3018 2049 3064 autem
2106 3009 2268 3064 verba
2329 3010 2449 3079 ejus
2512 3011 2958 3077 nihilifacientes,
3020 3017 3284 3085 Exspecta
3335 3035 3436 3087 pa-

1871 3118 2114 3171 rumper,
2146 3104 2426 3168 dixerunt,
2456 3120 2488 3159 ο
2517 3106 2706 3175 judex,
2753 3116 2808 3161 et
2856 3108 3065 3165 videbis
3105 3111 3283 3180 qualia
3329 3114 3438 3168 sint

1865 3209 2011 3246 arma
2042 3179 2205 3262 hinjus
2254 3196 2481 3249 militim.
2516 3198 2596 3250 Ad
2632 3200 2878 3253 ordinem
2922 3203 3065 3255 enim
3122 3206 3437 3273 angelorum

1865 3283 2141 3337 hominem
2174 3285 2518 3341 adduximus.
2547 3287 2661 3343 Hoc
2690 3289 2859 3356 dicto,
2889 3291 2976 3346 ille
3016 3293 3233 3362 quidem
3271 3294 3439 3351 cutia-

1867 3376 2025 3433 batur
2065 3376 2389 3445 persuadere
2420 3380 2648 3443 sanctis,
2686 3391 2744 3434 ut
2794 3385 3199 3440 assentirentur
3248 3388 3438 3456 impie-

1866 3467 1985 3530 tati,
2038 3477 2092 3521 et
2138 3467 2301 3521 rebus
2352 3470 2509 3522 vanis
2568 3468 2831 3524 offerrent
2912 3474 3263 3537 sacriﬁcium,
3322 3476 3438 3545 ipse

1863 3558 2023 3627 plane
2060 3572 2229 3610 vanus
2258 3568 2311 3611 et
2342 3560 2592 3613 stolidus.
2629 3562 2706 3615 llli
2748 3571 2928 3619 autem
2967 3579 3038 3618 ne
3069 3579 3257 3619 auerm
3310 3567 3433 3636 qui—

1864 3651 1986 3706 dem
2017 3651 2136 3719 ejus
2192 3649 2373 3705 verbis
2433 3652 2765 3722 praabentes,
2818 3664 3008 3708 contra
3068 3656 3435 3711 referebant:

1870 3763 1888 3794 ι
1949 3744 2048 3803 Dii.
2111 3743 2200 3809 qui
2230 3745 2428 3797 cazlum
2483 3754 2537 3797 et
2589 3755 2788 3798 terram
2843 3762 2950 3799 non
3021 3746 3287 3813 fecerunt,
3343 3763 3438 3818 pe-

1864 3837 2055 3891 reaut‘
2090 3838 2136 3890 ί»
2167 3838 2296 3892 Post
2333 3850 2469 3904 quos
2522 3836 2716 3892 beatus
2752 3837 2924 3892 Varus
2972 3837 3106 3891 iram
3144 3841 3312 3907 magis
3342 3856 3435 3893 ac—

1864 3932 2124 3995 cendens,
2156 3930 2347 3997 iudici,
2380 3928 2548 3994 Quid,
2596 3930 2751 3993 dixit,
2809 3932 3012 3986 sanctis
3058 3933 3281 3987 exhibes
3317 3947 3434 3985 mo-

1863 4017 2092 4080 lestiam,
2142 4017 2304 4068 stulta
2337 4017 2546 4078 dicens,
2579 4026 2633 4069 et
2665 4018 2730 4070 ad
2776 4020 2913 4070 nihil
2952 4020 3146 4071 utilia?
3175 4039 3193 4069 ι
3228 4019 3438 4081 Stultus

1863 4118 2043 4163 autem
2076 4109 2239 4163 stulta
2268 4108 2583 4178 loquetur'.
2619 4127 2635 4161 ι
2700 4110 2946 4181 (Magnus
2999 4111 3162 4166 Isaias
3199 4110 3301 4165 hoc
3336 4112 3434 4165 tibi

1862 4202 2015 4264 dicit,
2047 4210 2101 4254 et
2133 4217 2240 4254 non
2273 4209 2393 4271 ego)
2424 4202 2584 4271 idque
2613 4217 2738 4257 cum
2773 4218 2872 4257 nec
2898 4219 2994 4258 eos
3037 4205 3254 4274 quidem
3306 4219 3436 4258 con.

1865 4306 1945 4348 tra
1979 4294 2205 4358 intueri,
2239 4309 2341 4347 nec
2374 4309 2497 4347 cum
2529 4296 2608 4347 eis
2655 4296 2880 4348 omnino
2920 4295 3172 4349 conferre
3220 4309 3431 4349 sermo-

1864 4402 1989 4442 nem
2022 4386 2175 4449 velis,
2207 4384 2287 4438 νει
2320 4386 2502 4453 potius
2529 4400 2637 4438 non
2672 4386 2864 4454 possis.

626 4454 865 4519 ἀκούσας
896 4460 1098 4521 ἐκεῖνος
1136 4462 1234 4513 οὐκ
1264 4461 1343 4513 ἔτι
1375 4463 1639 4527 καθεκτὸς
1665 4465 1752 4541 ἦν,

1932 4481 1993 4534 ν.
2037 4479 2159 4534 Haec
2186 4495 2307 4534 cum
2344 4480 2434 4535 ille
2466 4478 2746 4543 audiisset,
2793 4494 2902 4533 non
2949 4490 3162 4549 poterat
3201 4480 3432 4550 amplius

1852 4573 2119 4637 cohiberi,
2169 4573 2261 4627 sed
2311 4573 2515 4642 majore
2575 4573 2656 4625 ira
2718 4571 2952 4641 plenus,
2996 4572 3159 4639 jussit
3210 4572 3429 4639 quidem

1854 4667 2049 4723 Varum
2106 4665 2156 4716 in
2211 4664 2355 4734 ligno
2403 4664 2686 4718 sublimem
2738 4663 2942 4716 extolli.
2979 4663 3193 4715 Sanctis
3246 4671 3426 4715 autem

1851 4758 1986 4814 dixit
2020 4775 2031 4809 :
2061 4757 2114 4812 Si
2153 4758 2304 4811 fuero
2337 4774 2366 4810 a
2397 4765 2573 4810 vestra
2606 4765 2894 4827 superatus
2938 4756 3242 4810 constantia
3264 4799 3278 4821 ,
3313 4756 3428 4810 cul-

1854 4864 1963 4904 tum
1999 4864 2213 4919 quoque
2243 4848 2468 4903 deorum
2519 4850 2743 4902 omnino
2795 4848 3092 4917 abnegabo.
3140 4849 3290 4903 Adeo
3344 4864 3428 4903 res

1854 4942 2025 4995 valida
2078 4950 2132 4993 et
2173 4939 2313 4992 acris
2369 4948 2451 4995 est
2515 4938 2736 5002 veritas,
2794 4945 2849 4992 et
2880 4953 3001 5007 qua:
3051 4954 3193 5006 saepe
3251 4941 3430 5008 arguit

1853 5035 2019 5089 animi
2076 5031 2526 5094 imbecillitatem,
2583 5030 2675 5099 qui
2732 5046 2839 5084 non
2882 5037 3060 5099 potest
3108 5029 3228 5096 ejus
3286 5031 3426 5088 ferre

1852 5127 2176 5181 libertatem.
2208 5123 2409 5178 Christi
2444 5133 2622 5176 autem
2660 5133 2920 5190 martyres
2947 5158 2962 5182 ,
3004 5119 3267 5190 Experire
3290 5161 3304 5181 .
3343 5122 3427 5176 di-

1854 5225 2069 5279 xerunt,
2104 5217 2155 5268 in
2190 5217 2294 5270 hoc
2338 5225 2524 5269 nostro
2567 5213 2727 5268 fratre
2771 5212 2897 5281 quid
2937 5216 3148 5283 possis;
3185 5224 3240 5266 et
3282 5214 3325 5268 si
3358 5230 3425 5268 eo

1856 5310 2020 5365 fueris
2061 5309 2309 5379 superior
2358 5308 2628 5372 fortassis,
2670 5317 2729 5361 ut
2774 5322 2984 5375 speras,
3026 5306 3079 5358 in
3134 5306 3292 5362 nobis
3336 5322 3425 5362 res

1851 5416 2065 5471 quoque
2100 5411 2244 5456 recte
2289 5400 2565 5454 succedet.
2598 5401 2679 5454 Ad
2723 5400 2837 5453 hate
2876 5397 3042 5469 judex
3070 5414 3191 5452 cum
3220 5400 3423 5454 sanctis

1848 5490 2067 5561 quidem
2103 5498 2244 5563 esset
2269 5490 2502 5545 minatus
2534 5489 2873 5560 gravissima,
2904 5487 3061 5557 jubet
3102 5490 3157 5542 in
3201 5489 3429 5559 cippum

1850 5583 1970 5637 duci
2023 5594 2351 5653 martyrem:
2408 5593 2461 5637 et
2502 5582 2724 5652 perinde
2774 5596 2836 5634 ac
2876 5582 2920 5636 si
2945 5582 3280 5637 existimaret
3312 5598 3422 5637 nun

183 5649 578 5720 κατενεχθῆναι
635 5655 955 5724 προστάττει
982 5659 1070 5711 τὸν
1098 5661 1370 5732 μάρτυρα*
1406 5668 1499 5718 καὶ
1557 5667 1744 5742 ὥσπερ
1799 5694 1897 5744 ουχ
1949 5676 2138 5746 ἱκανὴν
2188 5676 2437 5743 νομίσας.
2491 5676 2624 5743 πρὸς
2648 5674 2883 5728 τοιῦῦτον
2905 5676 3120 5743 εὐγενὲς
3150 5679 3420 5747 φρόνημα.

254 5790 496 5849 'Jerem.
540 5810 591 5857 ι,
626 5798 710 5851 11.
793 5801 809 5829 ²
834 5799 936 5856 lsa.
971 5817 1138 5861 xxxii.
1175 5806 1225 5856 6.
