4178 6316
189 353 333 413 1149

187 472 469 536 μενουσῶν
499 477 524 526 ὸ
555 476 682 542 ἐμὸς
708 480 941 544 ὲξὲλοιτό
974 503 1038 551 με
1068 488 1319 555 Χριστὸς,
1339 494 1399 545 σὲ
1440 495 1495 547 δὲ
1536 499 1628 550 καὶ
1659 517 1687 552 τ

185 568 289 630 σὴν
321 566 577 635 ὠμότητα
606 574 881 636 τοιαύταις
915 577 1080 641 ἀξίως
1114 590 1453 654 κατακρινεῖ.

253 658 328 710 Z'.
357 658 554 711 Τοῦτον
608 663 968 735 ἀμειϐόμενος
1018 672 1167 742 ἔργῳ
1218 678 1500 747 τὸνλόγον
1551 685 1578 735 ὁ
1611 685 1762 739 δικα-

187 747 317 814 στὴς
352 748 476 811 τοὺς
510 750 781 821 ξυστῆρας
806 756 946 810 κατὰ
986 760 1090 811 τῶν
1112 762 1205 813 τοῦ
1232 764 1507 837 μάρτυρος
1524 774 1759 841 ἐπέφερε

188 840 532 911 σπλάγχνων,
555 846 778 914 Ὀράτω,
807 849 995 917 λέγων,
1023 854 1125 919 πρὸ
1145 856 1251 907 τῶν
1274 858 1564 929 ὀφθαλμῶν
1588 868 1614 917 ὀ
1634 884 1760 919 κατ-

188 933 392 1000 άρατος
427 936 676 1007 καθάπερ
741 940 884 1010 ὕδωρ
913 945 1077 998 αὐτοῦ
1131 954 1474 1018 προχεόμενα
1517 956 1584 1007 τὰ
1622 959 1762 1011 ἐνδό-

185 1024 335 1079 adiat.
382 1027 541 1080 Ἀλλὰ
592 1030 679 1082 τὸν
712 1033 803 1084 τοῦ
859 1036 1097 1104 Χριστοῦ
1132 1042 1384 1114 μάρτυρα
1434 1047 1553 1099 οὐδὲ
1598 1049 1759 1118 ἡτῆς

184 1118 422 1186 βασάνου
457 1123 657 1187 ταύτης
720 1133 1277 1200 πικρότηςένδοῦναί
1305 1156 1356 1191 τι
1395 1140 1486 1192 τοῦ
1529 1143 1759 1211 πάσχειν

181 1212 274 1264 διὰ
333 1216 565 1282 Χριστὸν
625 1224 1057 1287 παρεσκεύασεν,
1090 1228 1148 1277 οὐ
1214 1230 1365 1297 ῥῆμα
1422 1233 1758 1300 φθέγξασθαι

180 1306 547 1369 άγεννὲς,οὑκ
589 1313 715 1364 ἄλλο
757 1332 807 1365 τι
861 1318 1056 1386 μικρὸν
1109 1320 1140 1391 ἢ
1210 1325 1395 1390 μεῖζον
1441 1326 1759 1391 ὑποσταλεὶς

180 1396 343 1461 ἔργον
370 1398 728 1469 ἐνδείξασθαι,
752 1410 797 1458 εί
827 1410 899 1475 μὴ
935 1408 1028 1462 καὶ
1061 1414 1284 1479 μείζονα
1324 1418 1525 1483 μᾶλλον
1559 1421 1649 1473 τὸν
1680 1424 1758 1484 είς

178 1484 421 1552 Χριστὸν
451 1491 747 1559 ἀνεφλεγεν
782 1498 976 1565 ἔρωτα,
1010 1504 1101 1552 καὶ
1143 1505 1280 1571 πρὸς
1308 1510 1403 1569 τὰς
1427 1510 1761 1582 δριμυτέρας

176 1576 299 1625 τῶν
354 1582 625 1634 κολάσεων
686 1587 1037 1656 δριμυτέραις
1090 1594 1179 1644 τὸν
1235 1596 1497 1669 δικαστὴν
1547 1603 1760 1672 βάλλειν

177 1669 360 1722 ἐποίει
407 1678 525 1737 ταῖς
584 1678 929 1746 ἀποκρίσεσι.
973 1683 1042 1735 Σὺ
1100 1687 1196 1752 μὲν
1230 1692 1359 1759 γὰρ,
1387 1692 1513 1761 ἔφη,
1557 1699 1760 1765 πονηρὲ

180 1767 441 1834 πονηρῶν
497 1767 772 1836 δαιμόνων
824 1773 1065 1846 ὑπουργὲ
1123 1782 1215 1833 καὶ
1264 1786 1759 1855 μισάνθρωπε,κα“ι

173 1854 300 1905 λίαν
332 1862 439 1918 τοῖς
470 1858 693 1924 ἀγαθοῖς
726 1863 1093 1933 ἁντικείμενε,
1138 1870 1442 1940 ἐξενεγκεῖν
1497 1878 1625 1941 ἰσως
1672 1880 1758 1931 δυ-
1791 1863 1829 1915 Β

173 1948 318 2016 vigor;
371 1954 469 2015 μου
506 1952 570 2003 τὰ
594 1952 838 2008 ὲνδόσθια
879 1960 952 2027 ’ἡ
1002 1961 1056 2013 δὲ
1105 1963 1202 2031 τῆς
1252 1966 1387 2035 ἐμῆς
1421 1969 1645 2036 καρδίας
1677 1973 1757 2033 εἰς

176 2040 415 2107 Χριστὸν
470 2043 653 2109 πίστις
703 2047 900 2113 ἄσυλος
952 2052 1104 2105 ἔσται
1142 2057 1235 2107 καὶ
1288 2059 1756 2128 ἀναφαίρετος.οἱ

174 2130 433 2225 δὲ-ἆγιοι,
478 2136 543 2189 τὰ
590 2138 678 2189 τοῦ
715 2141 988 2211 μάρτυρος
1019 2147 1299 2217 σπλάγχνα
1352 2153 1664 2225 ῥηγνύμενά
1697 2174 1755 2209 τε

174 2222 275 2271 καὶ
306 2223 383 2283 εἰς
412 2226 512 2293 γῆν
538 2227 681 2281 οὕτω
710 2229 1140 2303 διασπειρόμενα
1189 2239 1549 2310 θεασάμενοι,
1569 2246 1651 2314 φιλ
1665 2247 1757 2299 άν-

173 2309 398 2380 Θρωπὸν
445 2332 495 2366 τι
547 2317 640 2369 καὶ
700 2318 818 2372 λίαν
872 2325 1175 2391 περιπαθὲς
1225 2330 1601 2400 δακρύσαντες
1660 2339 1752 2390 τὸν

168 2403 430 2472 Χριστὸν,
468 2408 606 2475 ὑπὲρ
636 2406 693 2463 οὗ
716 2412 886 2465 ταῦτα
905 2414 1134 2487 ἔπασχε,
1169 2418 1360 2490 βοηθὸν
1379 2426 1625 2480 ἐκάλουν.
1659 2427 1751 2494 Οἷς

171 2496 447 2549 ὲπιὸαλὼν
472 2500 570 2563 τὰς
606 2501 759 2570 ὄψεις
798 2506 823 2556 ὁ
851 2505 1134 2577 δικαστὴς,
1182 2511 1278 2562 καὶ
1328 2514 1387 2565 τὸ
1418 2516 1519 2585 τῆς
1566 2520 1753 2585 φιλαν-

169 2587 424 2656 Θρωπίας
454 2592 484 2660 ἢ
519 2594 870 2664 φιλαδελφίας
912 2600 1112 2667 μᾶλλον
1162 2605 1285 2657 ἰδὼν
1342 2608 1630 2676 συμῦολον,
1684 2613 1750 2665 τὰ

168 2682 231 2732 ἐν
264 2681 556 2749 ὀρθαὶμοῖς
588 2686 821 2757 δάκρυα,
847 2694 937 2743 καὶ
970 2689 1054 2745 οἶά
1086 2713 1227 2760 τινος
1251 2700 1505 2767 πλησθεὶς
1530 2704 1745 2773 ἡδονῆς,

170 2771 445 2842 Ἠττησθε
474 2778 707 2840 πάντως,
737 2778 855 2832 εἶπε
879 2784 1016 2851 μετὰ
1036 2786 1185 2856 βοῆς,
1216 2792 1472 2859 ἥττησθε.
1502 2798 1608 2849 Καὶ
1629 2800 1749 2851 τού-

165 2880 269 2918 του
289 2867 485 2937 δεῖγμα
508 2871 537 2937 ἡ
564 2871 729 2938 πολλὴ
756 2872 891 2943 αὕτη
922 2882 1190 2945 κατήφεια
1219 2885 1308 2933 καὶ
1334 2885 1400 2937 τὰ
1427 2886 1655 2957 δάκρυα.
1685 2893 1747 2945 El

167 2963 283 3031 γὰρ
309 2963 557 3029 ἠδύνατο,
584 2970 770 3036 φησιν,
801 2973 827 3022 ὁ
858 2971 1123 3042 ὑμέτερος
1155 2976 1287 3039 Θεὸς
1312 2978 1407 3049 τὴν
1445 2981 1748 3049 μυθευομέ-

170 3071 275 3119 νην
308 3057 511 3125 ταύτην
549 3061 677 3126 ὑμῖν
724 3063 989 3117 ἀθάνατον
1034 3069 1180 3139 ζωὴν
1214 3074 1543 3142 παρασχεῖν,
1600 3078 1744 3141 τίνος

165 3147 332 3213 χάριν
364 3147 504 3198 οὕτω

163 3237 449 3292 ἑπενθεῖεε
474 3260 488 3307 ;
514 3244 575 3295 οε
602 3244 659 3295 δὲ
685 3245 819 3313 πρὸς
854 3248 1016 3300 αὐτόν
1050 3252 1147 3303 -'n
1174 3253 1282 3305 τῶν
1334 3256 1583 3325 δακρύων
1605 3237 1742 3333 an,

164 3330 386 3397 σταγὼν
406 3334 501 3403 τὴν
534 3336 766 3406 φυσικὴν
801 3340 994 3407 μηνύει
1037 3344 1407 3413 συμπάθειαν.
1447 3349 1604 3405 Ἐπεὶ
1648 3356 1746 3407 οὐκ

160 3425 232 3477 ἄν
277 3442 402 3478 ποτε
429 3430 583 3497 ἡμεῖς
604 3430 795 3501 γνώμῃ
818 3434 905 3485 τὸν
927 3435 1153 3503 ἀδελφὺν
1176 3439 1502 3510 κλαύσωμεν
1521 3447 1745 3514 τοιούτῳ

160 3519 509 3573 τελευτῶντα
533 3523 767 3593 θανάτῳο
803 3528 1002 3592 μᾶλλον
1034 3530 1143 3597 γάρ
1166 3531 1255 3582 καὶ
1284 3535 1552 3607 μακάριον
1583 3540 1745 3593 αὑτὸν

159 3610 263 3662 τοῦ
298 3613 481 3675 τέλους
515 3614 797 3681 ἡγούμεθα
852 3618 947 3669 καὶ
1009 3618 1299 3689 ζηλοῦμεν,
1364 3626 1445 3677 ὄτι
1475 3631 1538 3693 τῇ
1583 3646 1745 3696 προσ-

162 3702 347 3771 καίρῳ
400 3707 572 3773 ταύτῃ
631 3704 849 3775 βασάνῳ
907 3708 1005 3775 τὴν
1040 3711 1119 3772 εἰς
1153 3712 1239 3762 ἀεὶ
1291 3712 1561 3781 μένουσαν
1594 3717 1743 3783 βασι-

160 3792 320 3845 λείαν
359 3796 872 3867 ἐπραγματεύσατο.
906 3801 980 3852 Οὔ
1009 3802 1197 3855 τοῦτον
1226 3802 1338 3867 οὖν,
1389 3807 1578 3879 ὥσπερ
1603 3811 1738 3882 ἔφη-

162 3905 297 3953 μεν,
329 3890 466 3942 ἀλλὰ
508 3891 568 3943 σὲ
608 3892 810 3960 μᾶλλον
854 3892 1159 3965 θρηνοῦμεν
1193 3897 1294 3967 τῆς
1325 3900 1617 3965 ἀπωλείας,
1649 3906 1739 3955 καὶ

156 3976 241 4035 ὧν
278 3983 491 4050 μέλλεις
529 3986 895 4052 κληρονομεῖν
926 3987 1179 4056 χαλεπῶν
1216 3992 1561 4044 ἀντιδόσεων.
1608 3995 1739 4064 Χρι-

157 4074 297 4130 στοῦ
328 4078 435 4146 γὰρ
465 4078 624 4144 νόμος
653 4080 745 4132 καὶ
767 4078 906 4147 ὑπὲρ
932 4078 1086 4147 ὑμῶν
1104 4080 1365 4148 δακρύειν
1389 4082 1496 4135 τῶν
1526 4086 1735 4155 ἐχθρῶν

156 4169 243 4236 τῷ
269 4170 367 4236 τῆς
407 4170 627 4238 ἀγάπης
677 4171 824 4241 μόνῳ
865 4173 958 4226 καὶ
993 4175 1089 4243 τῆς
1133 4177 1521 4249 χρηστότητος.

235 4261 319 4314 Η’.
376 4262 460 4313 Ἐν
495 4262 604 4330 ὅσῳ
639 4264 895 4317 δὲταῦτα
936 4267 1175 4335 ἐλέγετο,
1228 4270 1354 4331 τοὺς
1401 4271 1499 4339 μὲν
1547 4269 1735 4339 ἁγίους

155 4354 262 4407 καὶ
280 4348 435 4416 αὖθις
467 4355 524 4405 τὸ
552 4355 927 4424 δεσμωτήριον
956 4358 1269 4428 ὑπεδέχετο,
1293 4362 1395 4423 ἕως
1426 4364 1453 4413 ὁ
1476 4362 1733 4430 δικαστὴς

156 4444 431 4507 σκέψαιτο
501 4447 683 4506 ποίαις
728 4447 837 4497 τῶν
873 4446 1145 4501 κολάσεων
1186 4453 1381 4512 αὐτοὺς
1411 4455 1728 4521 παραδόσει.

1401 379 1501 437 MA
1516 380 1859 445 R'l‘YRlUM
1908 389 1965 452 S.
2004 393 2206 454 VARI.

3296 416 3437 481 1150

1691 500 1831 572 ὴνΛ
1860 520 2028 575 nent;
2069 528 2221 568 meus
2270 531 2353 570 me
2382 518 2628 577 Christus
2672 523 3005 595 liberaverit,
3058 540 3111 587 te
3154 544 3340 601 autem
3387 540 3442 593 εί

1862 613 2004 656 tuam
2042 607 2420 665 crudelitatem
2456 613 2652 670 talibus
2678 620 2871 675 merito
2905 624 3312 682 condemnabit.

1930 695 2037 750 νη.
2070 698 2403 772 Hancjudex
2445 706 2560 774 ipso
2594 709 2736 764 facto
2784 713 3054 770 ulciscens
3107 720 3436 783 oralionem,

1859 788 1912 841 in
1969 791 2173 846 viscera
2234 798 2488 867 martyris
2549 800 2733 857 intulit
2792 807 3158 865 novaculam:
3220 809 3432 875 Videat,

1858 883 2064 946 dicens,
2103 891 2465 945 exsecrandus
2513 904 2639 949 ante
2673 897 2880 961 oeulos,
2925 909 3179 966 tanquam
3218 918 3436 970 aquam,

1860 990 1954 1028 sua
1989 977 2187 1031 eil'undi
2229 980 2505 1038 intestina.
2569 984 2673 1040 Sed
2722 1005 2792 1041 ne
2840 990 3001 1054 hujus
3037 993 3253 1060 quidem
3313 1006 3428 1048 tor-

1861 1071 2026 1120 menti
2063 1072 2328 1127 acerbitas
2374 1076 2571 1135 elTecit.
2620 1089 2679 1132 ut
2726 1080 2923 1135 Christi
2974 1094 3177 1153 martyr
3217 1086 3419 1154 aliquid

1862 1164 2157 1215 remitteret
2194 1164 2260 1219 de
2298 1182 2391 1219 sua
2432 1168 2484 1220 in
2519 1171 2774 1237 patiendo
2798 1189 2893 1241 pro
2941 1174 3154 1230 Christo
3180 1193 3311 1233 cons
3339 1194 3435 1231 an-

1861 1249 1956 1313 tia,
2006 1268 2106 1305 nec
2165 1264 2221 1307 ut
2269 1258 2427 1311 molle
2477 1273 2567 1311 aut
2620 1260 2871 1329 ignavum
2931 1266 3142 1334 aliquod
3210 1269 3430 1325 verbum

1860 1342 2190 1410 loqueretur,
2223 1348 2306 1399 vel
2336 1350 2550 1418 aliquod
2581 1368 2799 1420 parvum
2848 1366 2940 1410 aut
2970 1374 3221 1427 magnum
3253 1371 3433 1414 osten-

1860 1434 2031 1498 deret,
2079 1454 2187 1506 qno
2240 1441 2571 1509 significaret
2616 1461 2673 1498 se
2722 1447 2958 1503 cedere:
3012 1449 3120 1504 imo
3174 1453 3431 1517 majorem

1860 1542 2097 1581 amorem
2158 1531 2206 1583 ei
2270 1533 2322 1584 in
2376 1534 2654 1589 Christum
2713 1540 2993 1603 accendit,
3067 1551 3120 1594 et
3168 1544 3432 1597 adversus

1861 1635 2052 1689 graves
2081 1624 2357 1677 cruciatus
2389 1626 2516 1679 fecit
2546 1643 2668 1681 eum
2700 1616 2860 1683 ferire
2883 1631 3117 1698 judieem
3157 1636 3435 1701 responsis

1860 1713 2214 1781 gravioribus.
2269 1715 2422 1781 Nam,
2478 1716 2555 1772 Tu
2587 1721 2824 1787 quidem,
2881 1723 3074 1790 inquit,
3135 1740 3167 1776 ο
3207 1725 3436 1794 maligne

1860 1805 2121 1857 malorum
2169 1804 2473 1859 dazmonum
2525 1809 2867 1874 administer,
2925 1820 2978 1864 et
3023 1810 3194 1866 hostis
3255 1813 3437 1868 homi-

1859 1910 2012 1957 num.
2044 1904 2098 1950 et
2132 1896 2223 1963 qui
2270 1898 2424 1952 bonis
2471 1900 2642 1953 valide
2683 1904 3007 1967 adversaris,
3057 1919 3175 1958 mea
3207 1908 3434 1962 fortasse

1861 1988 2115 2042 intestina
2173 1989 2405 2044 educere
2456 1993 2676 2059 poteris,
2732 1996 2835 2049 mei
2884 2008 3063 2050 autem
3137 1998 3317 2052 cordis
3376 1999 3432 2054 in

1857 2076 2130 2132 Christum
2190 2079 2321 2133 ﬁdes
2384 2082 2516 2135 mihi
2577 2084 2709 2153 eripi
2779 2101 2913 2156 non.
2967 2089 3185 2156 poterit.
3245 2091 3432 2147 Sancti

1856 2180 2034 2223 autem
2068 2185 2188 2223 cum
2236 2172 2499 2227 vidissent
2538 2174 2795 2230 intestina
2842 2152 3094 2250 m/artyris
3141 2180 3429 2252 disrumpi,

1858 2271 1911 2315 et
1955 2279 2051 2331 per
2103 2272 2298 2317 terram
2353 2267 2627 2336 dispergi,
2690 2278 2878 2324 tenere
2942 2282 2995 2326 et
3048 2273 3433 2331 miSerabiliter

1855 2353 2066 2419 ﬂentes,
2100 2355 2301 2411 Christi
2334 2358 2657 2412 invocabant
2705 2362 2988 2427 auxilium,
3027 2380 3126 2433 pro
3161 2383 3272 2435 quo
3314 2369 3430 2425 btet:

1855 2447 2267 2514 patiebattlr.'ltt
2301 2463 2436 2516 quos
2482 2464 2605 2503 cum
2654 2450 2819 2517 judex
2863 2455 3189 2523 conjecisset
3220 2460 3429 2519 oculos,

1852 2546 1905 2589 et
1960 2538 2332 2604 humanitatis,
2426 2550 2518 2593 aut
2569 2541 2748 2611 potius
2811 2547 3013 2600 amoris
3091 2547 3144 2601 in
3208 2548 3426 2604 fratrem

1853 2630 2064 2698 signum
2120 2628 2343 2683 vidisset
2400 2631 2695 2701 lacrymas,
2748 2647 2867 2701 qua:
2921 2647 3078 2691 erant
3131 2642 3185 2692 in
3230 2642 3427 2703 oculis,

1852 2722 2017 2776 veluti
2081 2723 2312 2791 quadam
2376 2723 2614 2791 repletus
2688 2725 2918 2781 laetitia:
2976 2727 3229 2797 Superati
3296 2726 3428 2787 estis

1850 2813 2071 2866 omnino
2098 2852 2111 2872 ,
2156 2815 2392 2881 superati
2433 2816 2601 2880 estis,
2657 2817 2833 2884 inquit
2872 2818 3201 2873 vociferans.
3256 2820 3428 2889 Hujus

1848 2915 2025 2959 autem
2057 2906 2315 2959 indicium
2343 2918 2423 2962 est
2453 2910 2569 2963 haec
2602 2925 2792 2980 magna
2823 2910 3039 2965 tristitia
3068 2924 3120 2966 et
3149 2914 3424 2984 lacrytnze.

1850 3000 1904 3054 Si
1946 2999 2090 3053 enim
2142 3008 2341 3067 posset.
2401 3002 2598 3067 inquit,
2653 3012 2832 3055 vester
2863 3002 3002 3058 Deus
3048 3006 3210 3068 hanc,
3261 3023 3424 3075 quam

1846 3104 1944 3143 vos
1998 3090 2230 3159 fingitis,
2293 3090 2657 3146 immortalem
2719 3092 2885 3145 vitam
2952 3092 3107 3146 vobis
3158 3096 3421 3162 praebere,

542 3153 631 3201 τὸν
683 3155 866 3217 κακῶς
918 3160 1290 3229 ἀπολούμενον
1341 3168 1558 3235 ἑταῖρον
1586 3171 1741 3239 ὑμῶν

1851 3198 2075 3253 quanam
2108 3185 2171 3234 de
2203 3198 2362 3235 causa
2394 3184 2646 3253 lugeretis
2668 3184 2922 3245 amicum,
2956 3186 3044 3252 qui
3082 3186 3235 3239 vobis
3282 3188 3426 3241 male

1851 3274 2031 3343 perit?
2059 3275 2134 3327 Illi
2167 3285 2344 3329 autem
2382 3276 2427 3329 ei
2465 3276 2759 3330 dixerunt:
2800 3275 2925 3329 llaec
2954 3286 3104 3346 gutta
3152 3279 3421 3349 lacryma-

1852 3381 1971 3420 rum
2008 3368 2308 3419 naturalem
2365 3368 2631 3435 signiﬁcat
2682 3370 3233 3425 commiserationem.
3286 3369 3420 3425 Nam

1848 3474 1951 3512 nos
1998 3469 2180 3514 nostra
2233 3458 2503 3513 sententia
2552 3474 2831 3528 nunquam
2876 3459 3259 3515 deﬂeverimus
3311 3463 3423 3516 fra-

1849 3559 2005 3616 trem,
2066 3551 2155 3618 qui
2197 3553 2288 3604 tali
2339 3560 2514 3605 morte
2566 3553 2781 3606 decedit
2820 3572 2833 3606 :
2873 3556 2981 3607 imo
3024 3568 3150 3608 vero
3199 3564 3421 3624 prepter

1849 3642 2007 3696 talem
2057 3641 2340 3696 decessum
2376 3656 2500 3696 eum
2544 3641 2761 3696 beatum
2802 3642 3073 3708 ducimus,
3109 3654 3163 3697 et
3205 3643 3417 3698 felicem

1844 3746 2120 3793 vocamus,
2149 3734 2294 3800 quod
2325 3733 2447 3797 hoc,
2488 3734 2631 3801 quod
2654 3745 2739 3787 est
2775 3732 2840 3788 ad
2871 3746 3085 3804 tempus
3118 3744 3415 3793 tormento.

1843 3822 1995 3885 illud.
2023 3822 2165 3890 quod
2193 3837 2407 3893 semper
2441 3832 2645 3887 manet,
2681 3838 2905 3892 regnum
2939 3826 3269 3878 conciliavit.
3296 3824 3413 3879 Non

1845 3914 1987 3966 hunc
2026 3926 2175 3982 ergo,
2217 3921 2274 3967 ut
2306 3912 2563 3977 diximus,
2590 3913 2683 3968 sed
2734 3924 2885 3966 tuum
2928 3913 3108 3981 potius
3154 3912 3419 3969 deﬂen‘nts

1840 4004 2139 4063 interitum,
2172 4014 2224 4055 et
2255 4002 2435 4071 gravia
2469 4004 2629 4067 mala,
2661 4019 2781 4072 quae
2825 4005 2918 4057 tibi
2965 4015 3092 4059 sunt
3119 4015 3412 4059 eventura.

1838 4093 2037 4148 Christi
2070 4092 2214 4147 enim
2245 4094 2324 4147 lex
2361 4088 2633 4164 nosjubet
2686 4094 2813 4147 ﬂere
2858 4095 3021 4148 etiam
3067 4110 3167 4166 pro
3213 4100 3417 4159 nostris

1837 4186 2095 4249 inimicis,
2126 4187 2405 4239 cbaritatis
2438 4186 2553 4256 lege
2585 4196 2637 4240 et
2668 4186 3034 4258 benignitatis.

1909 4270 2041 4328 Vlll.
2079 4277 2298 4329 interim
2330 4286 2510 4329 autem
2560 4278 2687 4331 dum
2748 4281 2859 4333 haec
2906 4280 3245 4348 dicebantur,
3289 4298 3415 4336 san-

1836 4378 1953 4424 ctos
1974 4369 2193 4438 quidem
2222 4382 2410 4424 rursus
2443 4370 2661 4439 excepit
2701 4386 2909 4433 carcer,
2944 4373 3122 4427 donec
3162 4376 3415 4431 conside-

1835 4472 1980 4517 raret
2035 4463 2222 4531 judex,
2279 4463 2607 4531 quibusnam
2664 4478 2761 4518 eos
2817 4463 3055 4519 traderet
3105 4466 3407 4534 suppliciis.

164 4539 235 4589 Ὀ
268 4538 323 4591 δὲ
357 4540 626 4604 μακάριος
660 4536 869 4606 Οὔαρος
900 4540 993 4591 ἐπὶ
1035 4542 1126 4593 τοῦ
1161 4538 1318 4606 ξύλου
1354 4540 1487 4614 ἦρτο
1530 4548 1622 4599 καὶ
1654 4548 1734 4601 ἔτι

1851 4554 2033 4607 Beatus
2066 4565 2247 4607 autem
2284 4553 2452 4607 Varus
2503 4554 2753 4607 sublimis
2802 4551 2980 4609 adhuc
3035 4559 3302 4626 pendebat
3356 4561 3410 4613 in

157 4628 461 4697 μετέωρος,
495 4628 636 4679 οὕτω
667 4629 1024 4699 προσταχθὲν,
1058 4631 1217 4699 ἄχρις
1248 4634 1356 4701 ἁφή
1396 4653 1476 4688 σοι
1512 4638 1602 4688 καὶ
1636 4637 1732 4708 τὴν

152 4719 365 4789 ψυχήν.
408 4719 495 4782 Ὠς
547 4714 605 4773 οὗ
644 4722 768 4782 τοὺς
807 4722 993 4790 ἁγίους
1036 4725 1140 4776 ὑπὸ
1177 4725 1393 4794 δεσμοῖς
1429 4731 1521 4781 καὶ
1571 4747 1734 4800 φρου-

160 4816 289 4882 ραῖς
326 4813 460 4879 πρὸς
497 4812 595 4882 τὴν
617 4814 839 4881 εἱρκτὴν
869 4816 1169 4883 ἀγομένους
1197 4817 1476 4882 ἐθεάσατο,
1520 4824 1728 4892 μεγάλῃ

152 4907 226 4977 τῇ
266 4908 438 4974 φωνῇ,
463 4903 902 4975 Θαρσεῖτε,εἷπε,
940 4903 1174 4977 πατέρες
1208 4912 1354 4979 ἐμοὶ,
1387 4914 1727 4984 θαρσεῖτε....

152 4997 313 5050 οὐδὲν
354 4996 463 5063 ἐγὼ
496 4998 783 5066 λογίζομαι
816 5000 913 5063 τὰς
942 5001 1284 5071 ἐπαγομένας
1320 5024 1409 5073 μοι
1439 5008 1729 5077 τιμωρίας,

152 5089 301 5142 ἀλλά
333 5106 399 5157 με
430 5089 507 5158 τῷ
548 5090 662 5159 ἐμῷ
718 5088 950 5161 Χριστῷ
983 5095 1290 5164 παράθεσθε
1343 5102 1437 5152 καὶ
1492 5101 1729 5169 Σωτῆρι,

152 5183 257 5233 καὶ
292 5182 569 5244 πεποιθὼς
613 5183 950 5253 πορεύσομαι
998 5187 1133 5255 πρὸς
1171 5188 1333 5241 αὑτὸν
1380 5194 1499 5253 ταῖς
1534 5193 1730 5261 ὑμετέ-

155 5291 286 5344 ραις
321 5274 506 5341 εὐχαῖς
539 5278 964 5347 φρουρούμενος,
999 5281 1090 5331 ἐπὶ
1124 5282 1282 5334 πέντε
1320 5283 1448 5350 γοῦν
1474 5284 1641 5355 ὥραις
1664 5290 1724 5358 τῇ

155 5369 380 5436 βασάνῳ
429 5370 862 5438 ἐγκαρτερήσας,
922 5372 978 5422 ἐν
1039 5374 1229 5443 εἰρήνῃ
1284 5375 1343 5426 τὸ
1389 5377 1607 5445 πνεῦμα
1654 5379 1729 5447 τῷ

153 5460 416 5512 δεδωκότι
458 5461 577 5530 Θεῴ
623 5463 907 5530 παρέθετο.
947 5465 1066 5516 Ἔτι
1099 5465 1154 5516 δὲ
1190 5466 1288 5535 ζῇν
1338 5468 1502 5519 αὑτὸν
1540 5470 1589 5521 οἱ
1636 5470 1728 5522 ἐπὶ

150 5553 265 5604 τῶν
321 5552 571 5623 βασάιων
628 5558 881 5624 οἰόμενοι,
935 5558 1054 5611 οὐδὲ
1108 5559 1168 5611 τὸ
1217 5560 1402 5612 λοιπὸν
1447 5562 1725 5629 μεθίεσαν,

155 5644 293 5698 ἀλλὰ
355 5647 607 5716 κοράκων
667 5649 866 5716 τρόπον
920 5650 1011 5702 καὶ
1067 5652 1202 5719 μετά
1242 5650 1469 5705 θάνατον
1514 5652 1724 5723 ἥκιζον,

156 5730 287 5790 ἔπει
322 5740 376 5792 δὲ
425 5742 516 5792 καὶ
562 5742 746 5806 αὐτοῖς
777 5742 870 5794 καὶ
901 5742 975 5809 τῷ
1014 5746 1258 5814 τυράννῳ
1302 5745 1598 5814 διεγνὼσθη
1644 5749 1725 5800 ὅτι

159 5829 368 5901 οὖσιρος
418 5831 664 5901 τέθνηκε,
712 5835 797 5886 τὸν
864 5834 1049 5903 νεκρὸν
1074 5836 1491 5904 καταγάγέντες,
1520 5838 1607 5891 καὶ
1641 5840 1724 5893 διὰ

1844 4645 1987 4715 ligno
2021 4663 2033 4699 :
2069 4644 2146 4699 sic
2171 4643 2318 4699 enim
2356 4644 2570 4713 jussum
2625 4646 2800 4699 fuerat
2847 4654 2904 4697 ut
2939 4656 3200 4711 maneret,
3235 4649 3411 4703 donec

1840 4740 2111 4792 emitteret
2155 4739 2410 4791 animam.
2458 4736 2749 4805 Postquam
2796 4746 2977 4791 autem
3023 4738 3160 4792 vidit
3191 4749 3411 4795 sanctos

1840 4829 2077 4895 vinctos‘,
2129 4838 2183 4883 et
2228 4843 2349 4884 cum
2413 4830 2735 4883 custodibus
2789 4830 2914 4884 duci
2972 4830 3026 4883 in
3089 4846 3406 4897 carcerem,

1840 4939 2031 4993 magna
2082 4939 2258 4979 voce:
2318 4924 2467 4979 Bono
2518 4927 2724 4989 animo.
2780 4925 2979 4995 inquit,
3039 4936 3223 4997 patres
3277 4928 3406 4992 mei,

1839 5016 1980 5069 bono
2005 5017 2187 5071 animo
2221 5025 2390 5070 estote
2420 5033 2435 5069 :
2466 5029 2565 5087 ego
2593 5017 2738 5070 enim
2767 5017 3070 5072 nihilifacio
3116 5033 3235 5088 quin
3268 5021 3405 5074 mihi

1839 5107 2142 5162 inferuntur
2198 5108 2482 5178 supplicia,
2531 5109 2626 5164 sed
2680 5124 2768 5163 me
2818 5123 2939 5164 meo
2991 5110 3211 5167 Christo
3254 5129 3405 5167 com-

1837 5202 2108 5268 mendate,
2162 5212 2217 5254 et
2268 5201 2554 5264 Salvatori,
2609 5204 2663 5255 et
2718 5202 3054 5257 conﬁdenter
3104 5204 3171 5257 ad
3221 5203 3399 5272 ipsum

1837 5295 2025 5347 vadam
2084 5305 2388 5349 vestrarum
2448 5294 2753 5348 orationum
2822 5295 3065 5349 munitus
3124 5296 3398 5363 praesidio.

1834 5386 1969 5439 Cum
2000 5402 2126 5450 ergo
2174 5388 2416 5455 quinque
2473 5387 2623 5442 boris
2653 5403 2710 5441 se
2768 5386 2982 5441 fortiter
3033 5387 3292 5456 gessisset
3347 5390 3396 5439 in

1838 5476 1937 5531 hoc
1989 5488 2281 5539 tormento.
2333 5470 2385 5530 in
2435 5492 2566 5547 pace
2612 5476 2860 5547 spiritum
2925 5472 3035 5531 Deo
3085 5477 3392 5530 committit.

1837 5568 1965 5622 Eum
1999 5580 2179 5625 autem
2228 5570 2404 5624 adhuc
2457 5571 2641 5624 vivere
2694 5578 2945 5637 putantes
2988 5568 3078 5638 qui
3130 5578 3398 5637 praeerant

1835 5661 2140 5727 tormentis,
2182 5676 2251 5714 ne
2309 5660 2376 5714 de
2433 5670 2625 5715 cretero
2672 5658 2891 5725 quidem
2954 5667 3254 5721 cessarunt,
3302 5660 3393 5712 sed

1835 5753 2005 5808 instar
2037 5769 2322 5809 corvorum
2371 5751 2691 5820 torquebant
2742 5751 2903 5803 etiam
2966 5758 3092 5819 post
3137 5758 3392 5803 mortem.

1831 5850 2118 5925 Vostquam
2148 5863 2271 5903 vero
2301 5846 2366 5899 ab
2396 5844 2527 5919 ipsis
2548 5843 2819 5910 cngnitum
2852 5840 2969 5905 fuit,
3010 5850 3060 5896 et
3082 5855 3112 5895 ει
3147 5850 3402 5909 tyranno.
