4178 6316
765 368 901 434 1151

2056 359 2340 423 MENSIS
2382 359 2746 423 OCTOBER.

3873 362 4007 425 1152

762 501 1032 547 mortuum
1059 505 1181 544 esse
1219 488 1435 553 Varum,
1468 502 1666 557 corpus
1694 485 2083 555 deposuerunt,
2117 489 2172 535 et
2211 494 2333 533 cum

2444 482 2609 549 μέσου
2658 485 2749 537 τοῦ
2810 486 3000 546 ἄστεος
3040 484 3439 550 amoma;
3484 526 3498 548 ,
3548 486 3706 537 κυσὶν
3748 486 3799 537 oi
3846 484 4008 543 κύνες

761 598 858 653 per
913 582 1145 637 mediam
1197 582 1487 635 traxissent
1532 578 1830 638 civitatem.
1889 574 2114 629 canibus
2166 586 2329 626 canes

760 674 1100 729 exedendum
1161 672 1520 727 tradiderunt.
1578 673 1752 739 Atque
1780 664 1953 719 Varus
1998 665 2213 735 quidem
2247 674 2331 716 ta-

764 767 867 820 lem
943 774 1000 821 et
1048 774 1156 819 tam
1214 764 1436 817 felicem
1506 760 1714 815 invenit
1774 758 2000 813 exitum.
2063 754 2331 809 Postridie

761 867 942 911 autem
988 872 1110 910 cum
1144 855 1415 910 sistemlos
1452 863 1712 924 martyres
1746 858 1992 908 curasset
2040 848 2329 919 parricida,

763 964 940 1018 neque
988 958 1170 1017 posset
1212 947 1535 1016 persuadere
1595 945 1833 1017 (volebat
1882 943 2051 1005 enim,
2097 951 2150 995 et
2185 940 2329 993 omni

762 1058 865 1111 ope
898 1041 1262 1095 contendebat
1289 1038 1527 1107 conspici
1561 1038 1731 1091 victor
1753 1036 1805 1089 in
1837 1033 2214 1104 persuadendo
2247 1033 2331 1091 iis.

762 1131 855 1199 qui
896 1141 1051 1183 erant
1082 1138 1187 1183 tam
1219 1135 1576 1193 constantes),
1608 1135 1731 1193 post
1760 1125 1924 1178 multa
1958 1133 2010 1177 et
2035 1121 2181 1175 varia
2205 1136 2331 1191 sup—

763 1223 922 1293 plicia
962 1236 1057 1276 eos
1086 1221 1436 1281 condemnat.
1480 1228 1540 1272 ut
1583 1216 1759 1289 gladio
1805 1226 2034 1270 mortem
2082 1214 2331 1268 subeant.

763 1311 1087 1382 Martyribus
1114 1314 1295 1364 autem
1328 1311 1450 1363 laeto
1492 1317 1547 1361 et
1576 1306 1737 1360 alacri
1775 1305 1955 1359 animo
1991 1320 2337 1359 consumma-

764 1406 854 1469 tis,
907 1420 1030 1458 cum
1083 1417 1264 1457 sacras
1318 1416 1508 1455 eorum
1560 1398 1818 1469 reliquias
1885 1408 2050 1452 noctu
2116 1398 2333 1466 quidam

764 1496 1058 1551 Christiani
1108 1494 1481 1557 sustulissent,
1524 1493 1577 1546 in
1620 1492 1815 1562 insigni
1860 1490 1977 1545 loco
2013 1498 2200 1544 sancte
2250 1489 2341 1552 dr_

766 1597 1085 1658 posuerunt.

838 1678 927 1732 IX.
966 1677 1222 1743 Quaedam
1252 1686 1431 1732 autem
1470 1674 1663 1728 mulier
1701 1689 1765 1728 ex
1827 1673 1893 1728 iis
1944 1689 2064 1742 qua
2110 1674 2161 1728 in
2223 1675 2338 1729 solo

767 1767 877 1824 Deo
916 1783 1065 1835 spem
1105 1776 1417 1835 posuerant,
1470 1774 1585 1819 orta
1638 1766 1691 1817 in
1752 1763 2058 1825 Palaestina,
2113 1765 2335 1820 nomine

764 1861 1071 1927 Cleopatra,
1095 1875 1215 1929 qua
1253 1875 1421 1927 prope
1455 1858 1664 1917 aderat.
1686 1873 1807 1911 cum
1863 1858 2165 1912 decertaret
2199 1874 2338 1912 mar-

767 1964 850 2023 tyr
884 1952 1072 2015 Varus,
1115 1964 1171 2006 et
1232 1951 1445 2005 videbat
1487 1950 1681 2003 acerba
1739 1949 1826 2002 illa
1878 1958 2169 2010 tormenta.
2219 1938 2340 2019 qua

767 2042 993 2097 suberat
1045 2050 1266 2110 propter
1323 2040 1621 2100 Christum,
1684 2047 1739 2092 et
1793 2038 1847 2091 in
1913 2039 2077 2093 corde
2121 2055 2337 2109 gravem

769 2134 979 2204 plagam
1022 2133 1347 2202 accipiebat,
1387 2140 1441 2186 et
1473 2148 1663 2201 magna
1696 2130 2028 2184 afﬁciebatur
2072 2131 2338 2191 molestia.

769 2226 1047 2293 Deumque
1090 2225 1426 2287 obsecrabat,
1456 2224 1665 2291 jejunio
1712 2239 1911 2277 vacans
1972 2233 2025 2278 et
2082 2223 2340 2287 orationi,

770 2325 831 2371 ut
865 2332 1016 2371 suam
1046 2318 1291 2369 visitaret
1317 2315 1689 2369 haereditatem
1719 2315 1783 2366 ad
1820 2314 2082 2368 malorum
2117 2330 2339 2369 revoca-

772 2410 1012 2462 tionem:
1048 2409 1190 2475 Ipsa,
1222 2406 1463 2474 inquam,
1493 2420 1616 2459 cum
1664 2421 1819 2459 suum
1866 2405 2057 2468 lilium,
2097 2408 2185 2473 qui
2229 2407 2340 2474 pri-

775 2509 915 2547 mam
951 2494 1141 2563 agebat
1166 2502 1400 2555 aetatem,
1433 2503 1597 2547 noctu
1627 2508 1749 2545 cum
1786 2493 1905 2546 aliis
1934 2494 2339 2561 assumpsisset,

775 2599 831 2643 et
860 2589 1097 2641 venisset
1158 2587 1209 2639 in
1247 2587 1421 2639 locum
1461 2585 1512 2637 in
1558 2599 1664 2653 quo
1699 2583 1909 2651 jacebat
1960 2590 2155 2653 corpus
2199 2600 2342 2637 mar-

776 2678 926 2748 tyris.
961 2676 1011 2729 id
1045 2676 1202 2738 tollit,
1257 2690 1319 2728 ac
1377 2674 1631 2744 pretiosis
1685 2674 1839 2727 unxit
1888 2676 2241 2738 aromatibus,
2291 2683 2345 2725 et

775 2766 1074 2835 splendidis
1104 2766 1279 2818 induit
1326 2765 1585 2818 vestibus.
1639 2764 1706 2817 Et
1748 2763 2002 2831 quoniam
2053 2764 2345 2817 vehemens

774 2870 891 2910 erat
948 2854 1143 2908 ﬂuctus
1202 2854 1491 2922 impietatis
1554 2854 1815 2907 adversus
1875 2852 2248 2917 Christianos,
2291 2865 2344 2909 et

774 2948 953 3017 gravia
996 2954 1124 2999 tunc
1174 2944 1339 3012 capiti
1383 2943 1765 3008 imminebant,
1810 2945 2006 2998 timens
2051 2944 2106 2998 in
2158 2958 2344 3014 aperto

775 3038 1065 3091 ostendere
1099 3037 1379 3106 pietatem,
1416 3054 1538 3090 cum
1574 3038 1673 3090 sub
1704 3054 1859 3091 suum
1893 3038 2093 3092 lectum
2134 3040 2341 3093 tulisset

2434 574 2604 646 βορὰν
2638 575 2965 646 παρέδοσαν.
3008 576 3066 628 '0
3105 577 3203 645 μὲν
3231 572 3323 630 οῦν
3351 576 3559 646 Οὔαρος
3584 574 3825 629 τοιοῦτον
3881 568 4005 642 εὗρε

2433 669 2495 721 το
2541 669 2714 733 τέλος,
2763 669 2855 722 καὶ
2892 668 3034 721 οὕτω
3086 668 3281 738 κομιδῆ
3341 670 3630 739 μακάριον,
3674 672 3737 738 τῇ
3789 669 3846 721 δὲ
3884 669 4007 736 ἑξῆς

2436 763 2561 821 τοὺς
2604 761 2890 830 μάρτυρας
2923 762 2949 813 ὁ
2984 762 3266 828 μιαιφόνος
3320 760 3813 830 παραστησόμενος
3839 799 3853 821 ,
3889 760 4011 811 ἐπεὶ

2440 854 2517 923 μὴ
2555 854 2761 906 πείθειν
2795 848 2904 914 οἷός
2931 870 2988 905 τε
3025 848 3127 923 ἦν’·
3164 852 3415 906 ὲὸούλετο
3439 853 3548 923 γὰρ
3577 853 3672 905 καὶ
3704 855 3813 905 πᾶν
3840 852 4009 902 ita?“

2437 946 2662 1014 νικητὴς
2695 945 3027 1016 ὀφθῆναι,τῷ
3058 946 3382 1014 μεταπεῖσαι
3406 947 3533 1007 τοὺς
3563 944 3705 997 οὕτω
3736 942 4013 1011 βεϐαίους,

2440 1040 2580 1108 μετὰ
2635 1039 2835 1114 πολλᾶς
2890 1040 2983 1091 καὶ
3040 1039 3295 1101 ποικίλας
3330 1040 3427 1100 τὰς
3458 1039 3750 1108 τιμωρίας,
3805 1038 3899 1087 τὸν
3929 1036 4015 1087 διὰ

2445 1129 2633 1196 ξίφους
2661 1128 2840 1182 αὐτῶν
2866 1130 3095 1182 θάνατον
3121 1130 3462 1196 κατακρίνει,
3500 1131 3592 1183 καὶ
3620 1129 3683 1198 δὴ
3718 1128 3831 1181 τῶν
3877 1144 4016 1197 μαρ·

2443 1218 2625 1289 τύρων
2681 1220 2768 1287 ὑφ’
2821 1220 2982 1290 ἡδονῇ
3034 1222 3129 1272 καὶ
3161 1218 3445 1289 προθυμία
3482 1219 3903 1284 τελειωθέντων,
3951 1221 4015 1269 τα

2440 1313 2563 1380 ἱερὰ
2610 1310 2815 1363 τούτων
2854 1310 3082 1380 λείψανα
3144 1312 3338 1374 νυκτὸς
3371 1313 3685 1382 Χριστιανοί
3728 1330 3878 1377 τινες
3922 1314 4019 1379 ὐφ-

2442 1402 2710 1471 ελόμενοι,
2738 1401 2902 1465 ὁσίως
2934 1404 2990 1454 ὲν
3025 1404 3282 1475 ἐπισήμῳ
3319 1403 3608 1457 κατέθεντο
3640 1405 3816 1473 τόπῳ.

2511 1676 2587 1730 Θ’.
2644 1677 2781 1745 Γυνὴ
2833 1675 2890 1728 δέ.
2939 1692 3020 1738 τις
3066 1675 3173 1728 τῶν
3222 1675 3312 1727 ἐπὶ
3362 1674 3507 1744 μόνῳ
3539 1672 3657 1737 Θεῷ
3687 1674 3787 1742 τὴν
3821 1674 4014 1726 ἐλπίδα

2441 1767 2680 1837 θεμένων
2700 1768 2797 1836 τῆς
2820 1763 3205 1833 Παλαιστηνῶν
3223 1765 3518 1833 ὁρμωμένη
3543 1762 3667 1831 γῆς,
3685 1763 4012 1833 Κλεοπάτρα

2440 1860 2612 1931 ταύτῃ
2655 1859 2716 1912 τὸ
2765 1859 2954 1927 ὄνομα,
2999 1856 3289 1918 ἀθλοῦντος
3335 1856 3429 1909 τοῦ
3461 1857 3736 1926 μάρτυρος
3771 1856 4012 1924 Οὐάρου,

2440 1951 2604 2017 ἐγγύς
2634 1968 2737 2003 που
2780 1949 3054 2020 παροῦσα,
3092 1948 3311 2011 καὶτὰς
3351 1949 3554 2019 πικρὰς
3595 1948 3813 2008 ὲκείνας
3846 1946 4016 2015 βασά-

2442 2058 2589 2105 νους,
2634 2039 2700 2102 ἃς
2742 2041 2946 2106 ὑπέστη
2978 2039 3065 2091 διὰ
3110 2039 3345 2105 Χριστὸν
3378 2038 3674 2107 βλέπουσα,
3712 2039 3927 2107 βαρέως
3956 2056 4013 2091 τι

2441 2132 2541 2201 τὴν
2576 2131 2805 2198 καρδίαν
2837 2130 3121 2191 ἐτύπτετο,
3145 2130 3239 2182 καὶ
3267 2130 3443 2198 δεινῆς
3475 2129 3783 2197 ἐπληροῦτο
3814 2130 4012 2195 λύπης,

2442 2223 2692 2291 ἐλιπάρει
2750 2238 2807 2274 τε
2863 2221 2925 2273 τὸ
2975 2220 3147 2283 Θείον,
3200 2220 3419 2291 νηστεία
3472 2220 3876 2289 προστετηκυῖα
3923 2224 4017 2272 καὶ

2441 2317 2741 2386 προσευχῇ,
2796 2314 2885 2367 τὸν
2946 2312 3111 2367 αὑτοῦ
3176 2312 3376 2382 κλῆρον
3421 2313 3509 2365 ἐπ’
3560 2314 3857 2382 ἀνακλήσει
3909 2312 4019 2365 τῶν

2443 2406 2626 2459 κακῶν
2668 2405 3089 2473 ἐπισκέψασθαι.
3128 2404 3273 2473 Αὕτη
3304 2405 3394 2456 τον
3422 2406 3621 2456 οἰκεῖον
3643 2404 3833 2467 παῖδα,
3866 2404 4020 2470 πρὼ-

2439 2516 2539 2565 την
2584 2498 2782 2564 ἄγοντα
2810 2497 2906 2564 τὴν
2934 2496 3175 2565 ἡλικίαν,
3217 2495 3335 2562 μεθ’
3365 2496 3563 2562 ἑτέρων
3592 2494 3810 2561 νύκτωρ
3839 2511 4021 2561 παρα-

2442 2590 2706 2651 λαϐοῦσα,
2763 2590 2885 2640 ὅποι
2923 2604 2981 2637 τε
3020 2590 3047 2638 ὁ
3082 2585 3276 2655 νεκρὸς
3323 2584 3417 2638 τοῦ
3466 2586 3743 2655 μάρτυρος
3789 2586 4022 2657 ἔρριπτο

2445 2678 2831 2733 καταλαϐοῦσα
2869 2695 2881 2741 ;
2916 2679 3107 2731 τοῦτον
3153 2680 3483 2748 ἀναιρεῖται,
3534 2678 3793 2747 ἀρώμασί
3828 2697 3887 2730 τε
3929 2697 4023 2731 πο·

2443 2771 2685 2823 λυτελέσι
2714 2771 2991 2838 μυρίσασα
3016 2770 3109 2823 καὶ
3136 2770 3415 2839 λαμπραῖς
3435 2769 3623 2839 ἐσθῆσι
3646 2770 4022 2837 περιϐαλοῦσα

2444 2863 2537 2915 καὶ
2591 2863 2821 2931 ἐπείπερ
2852 2865 2877 2915 ὁ
2908 2863 3006 2929 τῆς
3058 2863 3315 2922 ἀσεϐείας
3368 2861 3576 2913 κλύδων
3622 2862 3875 2927 ἐκράτει,
3929 2863 4021 2913 καί

2444 2955 2584 3024 ὑπὲρ
2620 2955 2865 3021 κεφαλῆς
2900 2955 3066 3023 ἤρετο
3114 2952 3184 3002 τὰ
3230 2951 3376 3003 δεινά
3412 2954 3467 3003 ὲν
3499 2954 3720 3021 φανερῷ
3750 2952 4022 3005 δεδοικυῖα

3867 3044 3879 3059 ο

3884 3065 3893 3077 1

2445 3047 2781 3114 προαγαγεῖν
2808 3043 2902 3110 τὴν
2934 3041 3215 3111 εύσέϐειαν
3242 3080 3256 3105 ,
3308 3042 3409 3094 ὑπὸ
3438 3043 3533 3113 τὴν
3571 3044 3737 3110 αὐτῆς
3792 3044 3983 3111 κλίνην
4007 3084 4022 3104 ,

775 3140 1033 3198 qnantum
1064 3138 1220 3183 terra:
1247 3128 1565 3191 sullieiebat,
1603 3144 1726 3182 eum
1758 3130 1982 3199 deponit
2025 3140 2338 3185 reverenter

2451 3135 2557 3203 γῆν
2590 3136 2712 3186 ὅσον
2743 3132 2946 3204 ἀρκοῦν
2986 3128 3052 3203 ἦν
3105 3134 3477 3204 ὲκςεορήσασα,
3517 3136 3834 3203 σεϐασμίως
3863 3136 4024 3187 αύτὲν

777 3221 1082 3275 accendens
1112 3220 1307 3282 lucem,
1346 3228 1400 3274 et
1425 3220 1712 3286 sumtibus,
1749 3230 1803 3273 ut
1848 3220 2045 3288 potuit,
2080 3221 2128 3275 ei
2170 3221 2345 3277 bono-

778 3328 893 3366 rem
949 3311 1212 3364 tribuens.
1272 3309 1606 3365 Procedente
1673 3320 1853 3366 autem
1924 3323 2167 3382 tempore
2222 3331 2343 3369 cum

782 3406 1048 3460 idolorum
1083 3414 1445 3458 marcesceret
1471 3404 1721 3470 impietas
1741 3443 1755 3463 .
1789 3404 1937 3455 venit
1960 3406 2008 3456 ei
2038 3406 2088 3456 in
2115 3416 2344 3459 mentem

780 3499 1007 3551 alienam
1044 3496 1317 3549 dimittere
1371 3492 1669 3563 regionem,
1720 3504 1775 3548 et
1806 3494 1981 3550 redire
2010 3496 2063 3549 in
2094 3496 2342 3566 patriam.

779 3588 915 3643 Cum
945 3597 1123 3641 autem
1156 3603 1262 3641 non
1295 3598 1480 3655 posset
1521 3604 1719 3654 corpus
1754 3590 2045 3643 transferre
2078 3592 2345 3661 martyris,

779 3680 883 3734 nisi
921 3680 973 3733 id
1019 3680 1171 3747 prius
1215 3676 1546 3747 signiﬁcaret
1587 3678 1832 3747 praesidi.
1887 3681 2048 3736 rebus
2095 3684 2346 3738 omnibus

781 3772 894 3825 suis
926 3771 1063 3825 bene
1108 3769 1448 3838 compositis,
1505 3784 1600 3837 per
1660 3770 1950 3837 quemdam
1991 3788 2053 3825 ex
2113 3774 2200 3838 iis,
2255 3775 2344 3844 qui

780 3860 1004 3929 ascripti
1066 3858 1301 3912 erantin
1352 3873 1635 3911 numerum
1678 3866 1975 3922 oratorum,
2027 3863 2235 3916 accedit
2282 3865 2347 3919 ad

783 3952 887 4005 loci
916 3948 1219 4017 praesidem,
1245 3954 1299 3999 et
1323 3960 1447 3999 eum
1472 3948 1714 4015 pecuniis
1745 3948 2065 4018 aggrediens
2092 3952 2343 4020 rogabat,

785 4053 844 4097 ut
874 4027 975 4095 sibi
1008 4055 1204 4109 corpus
1233 4049 1506 4092 mortuum
1548 4037 1743 4092 efferre
1787 4041 2129 4094 concederet.
2164 4042 2349 4107 Quod.

786 4148 906 4188 nam
960 4142 1141 4185 autem
1208 4140 1354 4183 esset
1411 4146 1653 4196 corpus,
1722 4140 1777 4184 ct
1842 4132 2095 4200 quisnam
2156 4134 2349 4190 modus

784 4224 977 4279 mortis
1042 4220 1352 4289 explicans,
1422 4219 1636 4273 dicebat
1702 4234 1859 4272 suum
1926 4223 2205 4289 maritum,
2257 4228 2347 4295 qui

785 4316 989 4386 primas
1035 4312 1346 4367 obtinuerat
1397 4320 1578 4377 partes
1634 4311 1689 4364 in
1738 4312 2003 4375 exercitu,
2060 4316 2337 4386 multaque

782 4410 1043 4481 praeclara
1130 4413 1183 4459 et
1264 4404 1493 4473 insignia
1558 4414 1756 4473 tropaea
1829 4406 2088 4461 adversus
2163 4407 2349 4465 hostes

2453 3225 2793 3294 κατατίθησι,
2830 3224 2945 3292 φῶς
2976 3242 3033 3277 τε
3070 3224 3334 3279 ἄσϐεστον
3372 3227 3517 3296 αὐτῷ
3549 3228 3893 3295 ὑφάπτουσα,
3930 3231 4023 3279 καὶ

2450 3317 2810 3383 θυμιάμασιν,
2837 3316 2908 3374 ὡς
2939 3310 3075 3381 εἶχε,
3102 3316 3347 3381 νέμουσα
3391 3318 3486 3383 τὴν
3522 3322 3710 3387 τιμήν,
3744 3320 3941 3388 Χρόνῳ
3970 3320 4022 3371 δὲ

2452 3408 2676 3476 ὕστερον
2720 3409 2816 3479 τῆς

2451 3500 2575 3554 νοῦν
2608 3500 2731 3568 ἔσχε
2787 3500 2883 3568 τὴν
2925 3499 3213 3566 ἀλλοτρίαν
3239 3500 3458 3565 ἀφεῖναι
3500 3499 3594 3552 καὶ
3628 3498 3726 3566 τῆς
3764 3500 4023 3569 πατρίδος

2450 3589 2603 3652 αὖθις
2632 3588 2920 3657 γενέσθαι·
2959 3590 3078 3641 ἐπεὶ
3114 3590 3167 3642 δὲ
3196 3590 3290 3658 οὐχ
3342 3592 3430 3643 οἵα
3466 3608 3525 3643 τε
3553 3588 3618 3661 ἦν
3648 3592 3745 3644 καὶ
3783 3591 3880 3643 τὸν
3934 3607 4023 3643 νς-

2452 3682 2580 3751 κρὸν
2635 3680 3001 3749 μετακομίσαι
3061 3680 3153 3733 τοῦ
3209 3682 3509 3751 μάρτυρος,
3558 3684 3719 3751 εἰμὴ
3755 3684 4023 3752 πρότερον

2450 3772 2709 3837 γνωρίσοι
2754 3770 2832 3838 τῷ
2868 3770 3115 3837 ἡγεμόνι,
3148 3771 3212 3821 τὰ
3261 3771 3381 3823 κατ’
3423 3772 3583 3822 αὑτὸν
3626 3772 3684 3823 εὖ
3731 3775 3908 3824 πάντα
3942 3774 4024 3824 θε-

2453 3863 2612 3931 μένη,
2640 3861 2727 3913 δια
2765 3877 2907 3924 τινος
2932 3863 3037 3914 τῶν
3066 3862 3120 3913 ὲν
3151 3864 3257 3923 τοῖς
3291 3864 3514 3931 ῥήτορσι
3549 3866 3913 3932 γραμμὲνων,
3949 3866 4023 3934 τῷ

2445 3954 2539 4009 ἐπὶ
2589 3951 2683 4005 τοῦ
2756 3954 2924 4005 τόπου
2995 3950 3378 4020 ἡγεμονεύοντι
3418 3955 3746 4023 προσφοιτᾷ,
3790 3956 3887 4006 καὶ
3934 3959 4021 4009 τὸν

2449 4043 2616 4112 ἄνδρα
2648 4044 2927 4111 χρήμασιν
2961 4043 3286 4108 ὑπελθοῦσα,
3321 4044 3487 4097 ἐδεῖτο
3514 4045 3651 4113 αὐτῇ
3686 4046 4021 4113 χαρίσασθαι

2448 4136 2546 4204 τὴν
2577 4135 2670 4187 τοῦ
2700 4134 2890 4200 νεκροῦ
2922 4138 3185 4204 ὲκᾳοράν.
3216 4138 3310 4199 Τίς
3339 4138 3393 4189 δὲ
3428 4140 3455 4191 ὁ
3489 4136 3683 4207 νεκρὸς
3740 4141 3839 4191 καὶ
3876 4142 4018 4202 ὅστις

2447 4225 2475 4276 ὁ
2533 4224 2729 4294 τρόπος
2775 4223 2871 4291 τῆς
2918 4223 3172 4291 τελευτῆς
3214 4226 3627 4294 ὲρμηνεύουσα,
3668 4230 3763 4282 τὸν
3822 4234 4019 4284 οἰκεῖον

2449 4315 2687 4391 ἔφασκεν
2716 4315 2905 4384 ἄνδρα,
2938 4314 3028 4367 τὸν
3056 4316 3115 4367 ἐν
3139 4317 3202 4385 τῇ
3235 4317 3493 4385 στρατείᾳ
3527 4319 3591 4370 τὰ
3626 4321 3824 4388 πρῶτα
3858 4323 4021 4375 διενεο

2449 4407 2669 4470 γκόντα,
2696 4406 2922 4477 λαμπρά
2948 4425 3005 4460 τε
3040 4407 3135 4461 καὶ
3172 4406 3445 4477 περιφανῆ
3473 4408 3758 4474 πολλάκις,
3784 4414 3855 4463 τὰ
3882 4414 4018 4465 κατα

2856 3406 3140 3475 είδωλικῆς
3191 3404 3447 3469 ἀσεϐείας
3496 3409 4023 3476 ἀπομαραινομένης

784 4508 1049 4562 erexerat,
1106 4512 1229 4549 cum
1282 4496 1336 4549 in
1394 4510 1487 4551 cos
1541 4496 1705 4551 multa
1770 4510 1991 4553 strenue
2038 4510 2091 4554 et
2136 4502 2338 4558 fortiter

2454 4498 2559 4549 τιῖσν
2598 4497 2873 4563 πολεμίων
2906 4499 3179 4566 στήσαντα
3229 4499 3485 4568 τρόπαια,
3531 4501 3623 4552 καὶ
3657 4501 3880 4564 πολλοῖς
3910 4506 4019 4565 τοῖς

784 4592 1063 4665 gessisset,
1098 4604 1160 4643 ex
1208 4589 1311 4641 bac
1360 4597 1470 4640 vita
1527 4588 1847 4653 excessisse,
1887 4605 1954 4643 ne
2009 4592 2345 4659 sepulturam

782 4684 1001 4752 quidem
1036 4696 1195 4749 quam
1235 4694 1331 4748 par
1352 4689 1487 4745 crat,
1517 4690 1893 4735 consecutum.
1924 4680 2117 4751 Hujus,
2155 4684 2346 4754 inquit,

783 4789 884 4845 ego
913 4787 1113 4840 corpus
1148 4771 1301 4825 valde
1326 4771 1518 4824 studeo
1552 4771 1606 4823 in
1639 4787 1791 4825 suatn
1843 4774 2137 4829 transferre
2169 4778 2347 4845 regio-

783 4882 931 4921 nem.
975 4864 1133 4917 Cedit
1177 4864 1357 4931 itaque
1404 4863 1695 4931 provincia:
1738 4880 1937 4931 prasses
1985 4866 2257 4934 petitioni,
2295 4879 2349 4922 et

784 4954 1054 5027 permittit
1092 4955 1140 5007 ei
1186 4951 1363 5007 facere
1428 4954 1570 5021 quod
1630 4955 1956 5023 postulabat.
2019 4955 2111 5009 Illa
2162 4967 2342 5011 autem

784 5049 867 5101 sui
908 5046 1124 5115 quidem
1164 5044 1341 5098 mariti
1394 5059 1619 5112 corpus,
1668 5046 1767 5113 qui
1821 5045 1874 5097 in
1926 5047 2097 5100 aliena
2133 5048 2347 5117 regione

783 5138 874 5191 diu
909 5148 1033 5190 ante
1057 5151 1086 5189 e
1118 5135 1253 5188 vivis
1280 5146 1608 5202 excesserat,
1658 5145 2010 5191 monumento
2055 5140 2343 5195 mandave-

784 5236 888 5291 rat,
919 5229 972 5281 in
999 5227 1053 5281 id
1086 5227 1284 5296 injecto
1316 5226 1557 5295 pulvere.

855 5406 918 5458 Χ.
962 5404 1096 5457 Cum
1122 5405 1286 5473 igitur
1324 5404 1572 5475 martyris
1608 5419 1801 5473 corpus
1833 5406 2161 5467 sustulisset,
2210 5418 2257 5460 et
2293 5408 2339 5460 itl

784 5513 971 5551 rursus
1008 5497 1271 5560 unxisset,
1304 5507 1359 5552 et
1387 5498 1723 5567 splendidius
1749 5499 2165 5567 composuisset,
2188 5510 2240 5552 et
2276 5517 2341 5552 ne

784 5589 887 5642 boc
940 5589 1288 5642 Christianus
1335 5590 1602 5659 quispiam
1658 5589 1797 5644 scire
1855 5600 2061 5660 posset,
2116 5591 2167 5642 in
2219 5606 2338 5645 arca

785 5680 1028 5749 oleagina
1088 5680 1464 5748 imposuissel,
1515 5690 1566 5735 et
1612 5682 1981 5736 absconilissel
2038 5684 2180 5749 (nam
2229 5684 2340 5752 pri-

786 5784 931 5824 mum
972 5769 1185 5839 quidem
1236 5771 1454 5827 timebat
1503 5772 1736 5840 gentium
1787 5772 2083 5837 insaniam,
2142 5771 2334 5828 deinde

2452 4589 2571 4642 κατ’
2622 4587 2800 4639 αὑτῶν
2854 4589 3407 4655 ὲγκαλλωπισάμενον
3474 4594 3873 4662 ἀριστεύμασι,
3934 4596 4019 4647 τὸν

2452 4680 2563 4751 βίον
2605 4676 2705 4730 ὧδε
2739 4679 3077 4749 μεταλαχεῖν,
3131 4681 3266 4750 μηδὲ
3294 4682 3392 4748 τῆς
3430 4684 3603 4750 ταφῆς
3630 4689 4019 4754 προετικοςςης

2450 4771 2764 4835 ἀξιωθέντα.
2788 4772 3009 4834 Τούτου,
3040 4772 3194 4839 φησὶ,
3227 4771 3317 4825 τὸν
3352 4760 3541 4845 νεκρὸν
3576 4776 3691 4843 ἐγὼ
3719 4779 3811 4831 διὰ
3860 4797 4016 4832 σπον-

2447 4862 2542 4929 ὃῆς
2573 4862 2694 4931 ἄρτι
2722 4862 2936 4929 τίθεμαι
2955 4864 3087 4933 πρὶς
3105 4862 3201 4933 τὴν
3218 4864 3426 4918 οἰκείαν
3454 4873 3835 4934 μετενεγκεῖν.
3860 4854 4017 4928 Εἴκει

2447 4952 2735 5021 τοιγαροῦν
2762 4955 2788 5004 ὁ
2816 4954 2914 5020 τῆς
2940 4955 3207 5023 ἐπαρχίας
3231 4957 3449 5024 ἡγεμὼν
3480 4959 3618 5028 πρὸς
3647 4962 3753 5027 τὴν
3780 4965 4015 5032 αἴτησιν,

2450 5044 2542 5095 καὶ
2574 5046 2832 5114 πράττειν
2858 5046 2995 5116 αὐτῇ
3021 5046 3079 5097 τὸ
3111 5053 3514 5118 παριστάμενον
3554 5051 3872 5122 ἐπιτρέπει·
3905 5058 3933 5121 ἡ
3965 5056 4017 5105 δὲ

2447 5137 2536 5189 τὸν
2568 5138 2663 5203 μὲν
2692 5138 2785 5189 τοῦ
2816 5140 3011 5205 ἑαυτῆς
3042 5138 3231 5205 ἀνδρὸς
3262 5140 3454 5209 νεκρὸν
3501 5141 3589 5193 τὸν
3628 5143 3747 5210 βίον
3790 5147 4019 5198 ἐπάλλο-

2446 5229 2507 5280 ὃα
2522 5230 2615 5295 πῆς
2644 5228 2821 5294 πολλῷ
2846 5230 3105 5298 πρότερον
3128 5230 3526 5292 καταλύσαντος
3558 5238 3811 5303 μνήματι
3845 5255 4015 5305 παρα-

2446 5319 2667 5373 δεδώκει
2700 5321 2847 5371 κόνιν
2885 5320 3146 5372 ἐπιῦαλοῦ
3159 5339 3247 5373 σα.

2519 5408 2569 5462 Ι”.
2608 5411 2708 5462 Τὸν
2735 5411 2789 5463 δὲ
2816 5411 2905 5463 τοῦ
2940 5416 3217 5483 μάρτυρος
3252 5412 3373 5481 ἄρτι
3398 5412 3701 5487 ἀνελομένη
3739 5424 4015 5490 μυρίσασὰ

2445 5519 2501 5554 τε
2536 5501 2707 5569 αὖθις,
2757 5504 3112 5575 λαμπρότερα
3144 5522 3203 5557 τε
3242 5505 3631 5575 περιϐαλοῦσα,
3673 5513 3773 5563 καὶ
3820 5513 3893 5575 ὡς
3953 5516 4011 5567 ειν

2448 5594 2631 5660 μήτινι
2679 5590 2837 5643 τοῦτο
2886 5593 3073 5661 μαθεῖν
3108 5592 3337 5661 ύπάρξοι
3380 5594 3755 5663 Χριστιανῶν,
3782 5603 3843 5652 ἐν
3887 5603 4011 5667 τέλη

2445 5685 2603 5753 ἐρέας
2636 5685 2898 5751 ἐνθεμένη
2934 5686 3025 5737 καὶ
3059 5686 3419 5754 ὑποκρύψασα
3450 5729 3460 5747 ,
3496 5687 3689 5743 ἐδεδίει
3735 5695 3843 5763 γὰρ

2446 5795 2597 5848 τερον
2635 5778 2727 5847 μὲν
2764 5778 2867 5830 τῶν
2902 5778 3223 5849 [NHV-01‘5"
3260 5780 3352 5846 τὴν
3387 5782 3609 5847 ἕλίνίαν)
3656 5789 3803 5851 μετὰ
3846 5789 4003 5845 tua“
