4178 6316
204 354 346 417 1153

1438 365 1901 426 MARTYRIUM
1944 369 2001 430 S.
2044 372 2253 433 VARI.

3308 388 3449 457 1154

203 472 261 523 δὲ
311 473 488 543 πολλῴ
534 475 693 529 πλέον
724 478 833 531 τῶν
873 478 1112 532 εὐσεϐῶν
1141 481 1237 549 τὴν
1272 482 1602 555 θερμότητα,
1648 487 1744 540 πάκ.

1849 496 2090 550 ,autem,
2143 500 2194 544 et
2236 490 2405 546 multo
2455 496 2624 564 magis
2668 497 2877 565 plorum
2933 499 3225 572 fervorem,
3271 512 3451 565 omni-

202 582 314 617 τιον
337 565 413 629 ὡς
456 571 516 620 τὸ
548 570 694 632 είκδς
738 570 897 640 ἔργον
946 572 1102 626 τοῦτο
1134 577 1553 631 σπουδαιότατον
1584 598 1771 634 ποιου-

208 656 385 724 μένων
420 658 760 729 ἀναιρεῑσθαι
796 662 903 715 τῶν
932 666 1071 736 ὑπὲρ
1110 667 1348 736 Χριστοῦ
1380 672 1660 724 παθόντων
1704 674 1771 726 τὰ

201 746 454 817 λείψανα,
490 750 696 805 τούτων
740 752 833 806 οὖν
863 755 937 817 ὡς
975 756 1169 825 ἥδιστα
1198 760 1327 830 περὶ
1362 760 1537 815 ταῦτα
1583 763 1771 817 διαπο-

202 839 496 906 νουμένων,
550 844 730 913 ἐκείνη
780 846 878 913 τὴν
928 847 1291 922 Παλαιστίνην
1336 853 1768 923 καταλαμϐάνει.

200 927 376 979 Αὐτοῦ
410 929 463 980 δὲ
503 936 765 1002 γενομένη
809 935 944 986 κατά
994 953 1113 988 τινα
1156 938 1349 1006 κώμην
1379 940 1529 1007 παρὰ
1557 941 1634 1010 τῷ
1663 937 1771 993 Θα-

202 1015 386 1085 ϐωρίῳ
431 1023 711 1090 κειμένην,
749 1024 913 1091 Ἕδρα
948 1024 1004 1077 δὲ
1047 1029 1459 1096 κατωνόμαστο,
1509 1031 1573 1082 τὸ
1626 1030 1768 1083 θεῖον

201 1108 361 1178 σῶμα
424 1112 516 1164 τοῦ
569 1116 841 1185 μάρτυρος
898 1118 1291 1183 κατατίθεται,
1360 1120 1651 1188 λαμπάδας
1708 1139 1766 1178 τε

200 1202 543 1269 ὑφάπτουσα,
580 1209 674 1257 καὶ
708 1206 876 1258 πολλὰ
910 1209 1017 1259 τῶν
1066 1210 1314 1278 εὐόσμων
1360 1212 1617 1274 καίουσα,
1673 1217 1766 1268 καὶ

192 1293 281 1343 διὰ
320 1294 488 1361 τιμῆς
541 1298 719 1365 πάσης
774 1299 999 1365 ἄγουσα,
1061 1293 1136 1362 ὦς
1176 1298 1270 1354 οῦν
1302 1303 1435 1355 πολύ
1470 1322 1521 1355 τι
1562 1305 1765 1375 πλῆθος

190 1385 493 1454 ἀνθρώπων
540 1383 672 1456 ἧκον
722 1392 815 1443 ἐπὶ
853 1393 951 1463 τὴν
992 1394 1149 1463 σορὸν
1178 1395 1343 1464 ἑώρα,
1375 1402 1619 1470 πανταχῆ
1658 1401 1764 1469 γὰρ

191 1474 292 1542 ἤδη
337 1476 495 1528 τοῦτο
537 1477 877 1549 διαϐεϐὐητο,
916 1485 1008 1536 καὶ
1037 1485 1244 1548 πάντας
1276 1488 1307 1555 ἡ
1340 1488 1482 1558 ὀσμὴ
1528 1490 1635 1543 τῶν
1667 1493 1761 1544 αύ-

189 1563 285 1616 τοῦ
317 1569 555 1634 χαρίτων
596 1569 762 1634 ὀξέως
803 1574 1012 1641 ἐκάλει,
1047 1578 1141 1629 καὶ
1171 1577 1261 1644 οὓς
1296 1580 1506 1652 χαλεπή
1541 1599 1622 1644 τις
1644 1584 1763 1634 ἐπι-

190 1656 433 1710 πεσοῦσα
468 1661 623 1723 νόσος
665 1663 873 1728 ὲπίεζε,
916 1667 1009 1721 καὶ
1054 1668 1144 1731 οὓς
1180 1673 1417 1741 πονηροῦ
1454 1674 1762 1741 πνεύματος

189 1749 437 1816 συνεῖχεν
473 1752 743 1821 ἐνέργεια,
785 1758 985 1820 πάντες
1012 1760 1120 1830 γὰρ
1148 1763 1213 1832 τῇ
1244 1761 1342 1831 τῆς
1375 1763 1547 1832 σοροῦ
1588 1781 1761 1833 προσ-

185 1835 397 1891 ιλεύσει
424 1842 532 1894 τών
580 1845 942 1914 ἐνοχλούντων
978 1851 1137 1914 εὐθὺς
1184 1853 1612 1923 ἀπηλλάττοντο,
1646 1856 1762 1910 δέον

185 1927 341 2001 ᾠήθη
377 1935 469 1985 καὶ
494 1936 621 1987 ναὸν
654 1939 862 2009 ἐγεῖραι
910 1942 986 2012 τῷ
1033 1945 1268 2017 μάρτυρι
1300 1948 1495 2002 σεπτὸν
1532 1951 1564 2020 ή
1613 1950 1762 2020 φιλό-

187 2036 424 2089 μαρτυς,
465 2027 585 2078 ἐπεὶ
634 2028 689 2080 δὲ
732 2032 908 2100 εἴχετο
946 2035 1045 2104 τῆς
1100 2038 1408 2107 οἰκοδομῆς,
1455 2042 1761 2106 πολυτελῶς

188 2108 332 2176 ἄγαν
390 2117 481 2168 καὶ
516 2119 834 2188 φιλοτίμως,
884 2125 1051 2176 ποίων
1084 2127 1183 2195 μὲν
1214 2130 1472 2197 χαρίτων,
1518 2133 1674 2193 ποίοις
1703 2133 1759 2185 δὲ

185 2202 287 2255 σὺν
369 2206 526 2279 ἡδονῇ
598 2210 747 2281 ὥρας
808 2215 989 2286 ἐκείνῃ
1047 2219 1505 2290 προσμειδιώσης,
1581 2224 1757 2293 χαρᾶς

179 2291 436 2360 ἔμπλεως
468 2304 758 2373 γενομένη.
802 2305 981 2375 χαίρει
1035 2308 1143 2378 γὰρ
1201 2308 1344 2381 ψυχὴ
1397 2291 1755 2385 καλοῦντερὰ-

177 2400 390 2450 γματος
419 2392 844 2467 ἐπιμελουμένη,
867 2397 1025 2452 τοῦτο
1080 2401 1200 2470 μὲν,
1229 2403 1312 2456 ὄτι
1346 2404 1579 2473 φύσειτὸ
1615 2411 1754 2478 ἀγα-

177 2477 275 2529 θον
308 2484 484 2550 χαρᾶς
512 2485 771 2552 πρόξενον
803 2492 914 2551 τοῖς
951 2492 1342 2562 ἐργαζομένοις
1372 2500 1456 2552 διὰ
1503 2504 1602 2572 τὴν
1647 2477 1753 2558 ἀπὸ

176 2568 275 2622 τοῦ
308 2574 610 2638 συνειδότος
660 2577 1054 2652 πληροφορίαν,
1102 2586 1259 2639 τοῦτο
1301 2588 1357 2640 δὲ
1393 2592 1485 2643 καὶ
1521 2593 1608 2645 διὰ
1654 2595 1753 2665 τὴν

176 2660 544 2738 ἐλπιζομένην
579 2670 867 2737 ἀντίδοσιν,
906 2676 1086 2743 χαρᾶς
1115 2675 1208 2730 οὖν
1237 2678 1608 2750 πληρωθεῖσα,
1639 2690 1751 2749 τοῖς

176 2758 447 2822 κρατοῦσι
484 2762 740 2831 χρήματα
784 2766 1180 2839 πέμπειτιμῆς
1198 2771 1429 2837 ἀξιῶσαι
1462 2775 1552 2827 τὸν
1584 2779 1749 2831 παῖδα

173 2845 278 2913 τῆς
304 2852 437 2917 παρ’
462 2853 644 2915 αὐτοῖς
663 2857 1009 2928 αἰτουμένης,
1055 2864 1148 2915 καὶ
1180 2867 1516 2937 παραχρῆμα
1543 2868 1748 2938 βασιλι-

171 2937 277 2991 καὶ
328 2944 459 3013 παρ’
515 2945 648 3015 αὐτῇ
686 2947 969 3015 συλλαϐαὶ,
1022 2953 1337 3022 βεϐαιοῦσαι
1380 2960 1456 3028 τῷ
1503 2962 1651 3013 παιδὶ
1690 2965 1748 3016 τὸ

173 3031 417 3103 ἀξίωμα.

1881 577 2002 640 bus,
2043 591 2101 631 ut
2133 595 2229 649 par
2263 592 2403 644 erat,
2456 586 2691 642 maximo
2733 591 2914 647 studio
2966 597 3449 666 contendentibus,

1880 684 1947 722 ne
1981 672 2303 727 tollerentur
2334 676 2575 745 reliquiae
2610 696 2823 747 eorum,
2857 685 2947 754 qui
2979 689 3118 756 passi
3157 700 3322 745 erant
3350 708 3450 761 pro

1876 760 2139 833 Christo),
2178 767 2327 820 venit
2358 768 2409 821 iu
2451 769 2810 827 Palaestinam.
2835 776 2968 830 cum
3017 779 3124 834 illic
3158 760 3359 836 fuisset
3391 785 3448 838 in

1875 852 2106 918 quodam
2134 857 2254 909 vico
2293 860 2384 925 qui
2444 861 2584 917 situs
2625 874 2740 918 erat
2778 867 2929 935 juxta
2962 869 3318 932 Thaborium,
3356 873 3444 927 cui

1874 958 2071 1001 nomen
2105 956 2221 1000 erat
2246 948 2404 1011 Edra,
2440 951 2664 1021 deponit
2693 955 2933 1010 divinum
2983 974 3184 1027 corpus
3234 972 3446 1031 marty-

1872 1033 1983 1095 ris,
2049 1037 2432 1107 lampadesque
2495 1046 2835 1110 accendens,
2918 1060 2973 1101 et
3045 1065 3210 1104 urens
3272 1053 3444 1107 multa

1871 1127 2162 1194 odorifera,
2222 1132 2273 1185 id
2322 1134 2558 1189 habebat
2617 1136 2669 1189 in
2743 1137 2891 1192 omni
2955 1139 3183 1196 honore.
3251 1141 3441 1202 Poswa

1874 1218 2061 1272 videns
2091 1236 2338 1291 magnam
2376 1225 2657 1281 hominum
2686 1229 3092 1286 multitudinem
3127 1234 3439 1289 venientem

1868 1312 1933 1365 ad
1976 1313 2208 1368 loculum
2265 1316 2420 1385 (erat
2473 1320 2620 1374 enim
2671 1320 2717 1375 is
2755 1319 2865 1391 jam
2899 1323 3143 1377 omnium
3190 1340 3444 1380 sermone

1868 1403 2193 1467 celebratus,
2252 1418 2307 1461 et
2360 1410 2494 1461 odor
2551 1411 2668 1477 ejus
2727 1413 3018 1483 gratiarum
3082 1429 3275 1469 omnes
3330 1417 3440 1471 cito

1869 1496 2114 1563 vocabat,
2167 1506 2275 1552 tam
2320 1501 2409 1570 qui
2450 1503 2596 1572 gravi
2632 1503 2815 1573 aliquo
2850 1507 3040 1561 morbo
3091 1507 3438 1576 laborabant,

1866 1603 2026 1656 quam
2083 1606 2219 1660 quos
2278 1594 2498 1664 maligni
2561 1595 2781 1665 spiritus
2845 1600 3072 1654 vexabat
3135 1604 3435 1671 operatio:

1864 1694 2053 1734 omnes
2094 1682 2239 1735 enim
2275 1700 2372 1752 per
2402 1701 2684 1741 accessum
2719 1687 2786 1742 ad
2817 1689 3079 1757 loculum,
3120 1708 3242 1748 mox
3302 1695 3440 1751 libe-

1867 1769 2125 1825 rabantur
2183 1772 2250 1827 ab
2309 1774 2375 1828 iis
2423 1791 2543 1844 quas
2596 1778 2677 1833 eis
2734 1780 3039 1835 molestiam
3082 1783 3436 1858 allerebant),

1867 1861 2199 1917 existimavit
2257 1876 2511 1936 oportere
2575 1872 2801 1941 martyri
2867 1873 3128 1943 templum
3195 1877 3436 1935 excitare

1866 1957 2258 2021 venerandum,
2290 1960 2487 2014 mulier
2514 1976 2703 2017 amans
2735 1974 3050 2035 martyrum.
3083 1968 3219 2021 Cum
3247 1982 3432 2025 autem

1866 2058 2061 2113 magno
2126 2056 2377 2117 sumptu,
2437 2061 2491 2105 et
2547 2068 2742 2123 magna
2801 2060 3156 2113 contentione
3217 2072 3434 2130 urgeret

1862 2135 2278 2193 aediﬁcationem
2335 2140 2680 2211 (quibusnam
2714 2148 2932 2216 quidem
2957 2151 3167 2219 gratiis,
3197 2167 3430 2221 quanam

1858 2235 2039 2279 autem
2071 2244 2193 2281 cum
2228 2232 2523 2300 voluptate,
2560 2236 2829 2305 elegantia
2858 2252 2913 2295 et
2961 2242 3145 2312 specie
3183 2244 3291 2299 illic
3320 2260 3427 2299 non

1857 2317 2186 2389 arridente)
2252 2321 2365 2390 ipsa
2428 2323 2624 2379 referta
2708 2328 2915 2384 laetitiae
2979 2335 3233 2399 (laetatur
3281 2336 3426 2389 enim

1859 2411 2061 2479 animo,
2092 2413 2169 2469 rei
2199 2413 2439 2485 pulchrae
2465 2432 2651 2473 curam
2686 2436 2901 2492 gerens,
2935 2425 3130 2494 partim
3181 2427 3428 2495 quidem,

1856 2505 2000 2574 quod
2038 2507 2179 2560 bono
2226 2517 2417 2561 natura
2451 2511 2524 2563 sit
2567 2512 2819 2574 insitum,
2855 2526 2915 2567 ut
2948 2516 3035 2580 iis,
3069 2516 3160 2585 qui
3209 2518 3262 2572 id
3293 2534 3430 2586 ope-

1856 2604 2062 2658 rantur,
2122 2597 2383 2652 coneiliet
2446 2599 2726 2668 laetitiam;
2786 2605 2979 2672 partim
3030 2615 3209 2660 autem
3263 2615 3425 2663 etiam

1854 2693 2076 2754 propter
2134 2703 2295 2751 eain,
2353 2706 2475 2759 quae
2531 2703 2815 2763 speratur,
2856 2698 3424 2768 remunerationem),

1854 2779 2140 2845 pecuniam
2176 2780 2340 2834 mittit
2396 2785 2463 2837 ad
2521 2802 2639 2847 eos,
2686 2789 2777 2855 qui
2822 2804 3000 2842 rerum
3050 2791 3424 2858 potiebantur,

1850 2879 2042 2933 petens
2072 2879 2129 2923 ut
2171 2870 2376 2927 honore
2407 2889 2569 2927 suum
2601 2877 2959 2946 dignarentur
2986 2880 3179 2935 (ilium.
3224 2883 3419 2939 Statim

1849 2966 2031 3016 autem
2077 2964 2141 3016 ad
2200 2980 2319 3019 eam
2367 2976 2494 3019 sunt
2538 2966 2719 3023 missa:
2779 2969 2970 3024 litterae
3025 2971 3416 3043 imperatoriae,

1848 3054 2168 3121 dignitatem
2196 3057 2305 3112 illio
2330 3058 2652 3113 tribuentes.

244 3125 348 3183 lA'.
391 3131 527 3185 Ἡδὲ
554 3134 695 3198 τέως
732 3138 831 3207 μὲν
879 3141 1117 3214 ἀναϐολῇ
1160 3145 1218 3197 τὸ
1264 3147 1498 3218 πρᾶγμα
1534 3150 1738 3215 δίδωσι,

1912 3145 2003 3198 XI.
2042 3147 2135 3200 llla
2159 3163 2289 3201 vero
2317 3164 2430 3202 rem
2464 3153 2685 3219 quidem
2727 3152 2910 3207 diil‘ert
2933 3152 3172 3220 interim,
3211 3165 3271 3210 ut
3299 3173 3421 3227 quae

172 3221 456 3294 mplﬁ'rpr
523 3229 813 3301 οἰκοδομὴν
868 3235 1251 3304 ἐμμελέστατα
1303 3241 1740 3315 διαπονουμένη,

166 3314 297 3365 ἐπεὶ
324 3314 378 3368 δὲ
412 3318 479 3373 τὰ
510 3319 603 3371 τοῦ
640 3323 767 3375 ναοῦ
798 3326 972 3395 πέρας
1004 3325 1137 3396 εἶχε,
1172 3332 1363 3393 καὶείς
1392 3332 1558 3402 τιμὴν
1591 3331 1745 3398 οὗτος

167 3405 420 3477 εἱστήκει
459 3409 537 3476 τῷ
575 3411 835 3481 μάρτυρι,
858 3417 1120 3481 συγκαλεῖ
1153 3418 1253 3487 μὲν
1284 3421 1408 3483 τοὺς
1442 3423 1536 3491 τῆς
1570 3427 1743 3495 ἐπαρ-

168 3496 300 3566 χίας
332 3501 663 3566 ἐπισκόπους
698 3507 791 3557 καὶ
814 3506 1240 3578 πρεσϐυτέρους,
1274 3512 1368 3566 ἐπὶ
1397 3517 1461 3584 τῇ
1490 3514 1585 3571 τοῦ
1611 3517 1741 3570 ναοῦ

168 3586 533 3656 καθιερώσει.
566 3594 842 3664 Συγκαλεί
869 3598 926 3652 δὲ
960 3601 1052 3652 καὶ
1082 3602 1195 3655 ὅσοι
1221 3604 1331 3657 τῶν
1368 3608 1622 3677 μοναχῶν
1650 3609 1744 3662 ἐπὶ

166 3677 249 3746 τῷ
282 3681 404 3731 κατ’
434 3684 633 3755 ἀρετὴν
668 3686 768 3757 βίῳ
797 3690 1120 3758 διέλαμπον,
1175 3696 1268 3744 καὶ
1321 3695 1419 3764 τῆς
1471 3699 1630 3767 σοροῦ
1679 3700 1742 3751 τὸ

168 3770 321 3838 ἱερὸν
376 3773 533 3843 σῶμα
584 3778 676 3829 τοῦ
728 3780 1004 3850 μάρτυρος
1049 3783 1412 3853 ἑκκομίσασα,
1472 3786 1742 3859 λαμπρῶς

161 3863 263 3911 ἐπὶ
293 3862 615 3930 πολυτελοῦς
648 3870 909 3925 κατέθετο
942 3873 1151 3943 κλίνης,
1188 3876 1424 3944 ἐπέθηκέ
1456 3894 1512 3929 τε
1547 3879 1640 3931 καὶ
1673 3880 1740 3947 ἣν

166 3954 195 4002 ό
256 3956 386 4018 παῖς
416 3956 665 4030 χλαμύδα
708 3965 802 4016 καὶ
846 3964 1022 4035 ζώνην
1061 3966 1271 4019 ἐνδύναι
1301 3967 1393 4021 τοῦ
1430 3969 1739 4041 ἀξιώματος

157 4046 410 4121 ἔμελλεν,
458 4052 818 4122 εὐλογηθῆναί
879 4072 939 4107 τε
999 4055 1217 4125 πρῶτον
1264 4060 1417 4133 παρὰ
1466 4061 1576 4114 τῶν
1622 4064 1740 4116 ἐκεῖ

162 4140 556 4208 συνελθόντων,
594 4140 693 4198 εἷθ’
722 4144 891 4210 οὕτως
929 4148 1355 4218 περιϐαλλέσθαι
1387 4152 1581 4206 τοῦτον
1604 4155 1734 4206 ἑκά-

157 4248 300 4302 τερα
359 4237 811 4319 παρεσκεύασεν,
848 4239 1041 4294 ἔπειτα
1102 4242 1374 4311 πάννυχον
1425 4243 1737 4313 δοξολογίαν

156 4325 302 4395 ὁμοῦ
343 4328 419 4396 τῷ
455 4332 618 4381 παντὶ
655 4330 846 4401 πλήθει
878 4337 1251 4403 ποιησαμένη,
1289 4336 1428 4404 αύτῆ
1480 4353 1538 4390 τε
1575 4340 1668 4390 καὶ
1708 4341 1737 4392 ό

152 4418 293 4478 παῖς
346 4417 670 4484 ὑπελθόντες
707 4422 915 4497 πρῶτοι
962 4425 1023 4476 τὸ
1064 4424 1224 4494 σῶμα
1269 4426 1361 4479 τοῦ
1429 4426 1726 4499 μάρτυρος,

158 4509 263 4562 καὶ
305 4508 463 4565 τοῦτο
514 4513 1001 4582 διαϐαστάσαντες,
1050 4519 1110 4570 ὲν
1154 4518 1232 4589 τῷ
1275 4518 1370 4572 τοῦ
1420 4520 1548 4573 ναοῦ
1598 4520 1727 4591 ίερῷ

156 4600 537 4673 θυσιαστηρίῳ
567 4606 723 4673 ίερῶς
746 4611 1151 4672 κατατίθενται,
1180 4612 1247 4661 τὰ
1272 4611 1316 4662 δ’
1347 4610 1441 4663 ἐπὶ
1464 4611 1673 4675 τούτοις
1698 4613 1731 4683 ἡ

155 4692 500 4763 φιλόμαρτυς
555 4695 912 4769 Κλεοπάτρα,
964 4700 1333 4773 προσκειμὲνη
1375 4701 1595 4773 θερμῶς
1637 4706 1733 4757 καὶ

150 4787 493 4857 δακρύουσα,
517 4789 595 4860 τῷ
618 4791 769 4844 παιδί
793 4809 851 4845 τε
880 4796 975 4847 καὶ
1008 4796 1174 4865 ἑαυτῇ
1203 4794 1270 4847 τὰ
1301 4796 1481 4864 ἀγαθᾶ
1521 4796 1731 4860 πιστῶς

151 4874 282 4943 ῇτει
341 4876 489 4945 παρά
539 4879 633 4929 τοῦ
701 4883 1000 4954 μάρτυρος,
1052 4885 1111 4937 ἐν
1157 4884 1332 4955 τούτῳ
1385 4885 1442 4939 δὲ
1494 4886 1602 4956 ἄρα
1628 4886 1729 4956 τῆς

152 4964 311 5026 θείας
354 4964 696 5037 λειτουργίας
743 4974 901 5044 ίερῶς
943 4975 1308 5047 τελεσθείσης,
1364 4978 1585 5050 ποικίλῃ
1630 4978 1729 5050 μὲν

114 5104 117 5107 ,
151 5055 255 5107 καὶ
294 5052 525 5127 λαμπρᾷ
570 5063 638 5129 τῆ
681 5066 917 5136 αραπέζῃ
947 5066 1074 5130 τοῦς
1116 5071 1231 5121 ἐκεῖ
1263 5070 1612 5135 συνελθόντας
1646 5074 1728 5125 εί-

153 5144 308 5212 στία,
352 5148 421 5201 τὰ
472 5149 528 5201 δὲ
573 5154 702 5221 περὶ
746 5155 845 5224 τὴν
895 5156 1170 5211 διακονίαν
1199 5161 1403 5231 ταύτην
1432 5162 1507 5232 τῷ
1537 5178 1596 5215 τε
1625 5163 1727 5231 υἱῷ

154 5238 253 5291 καὶ
284 5241 452 5312 ἑαυτῇ
488 5242 741 5298 ἀνετίθει.
770 5241 875 5299 Ἦν
902 5248 957 5300 δὲ
986 5250 1438 5325 παρηγγελμένον
1469 5252 1548 5322 τῷ
1577 5254 1726 5307 παιδὶ

152 5331 310 5401 παρὰ
341 5333 437 5402 τῆς
465 5336 697 5405 μητέρος
729 5335 849 5407 μηδ’
879 5340 1106 5392 ὀποσοῦν
1142 5341 1352 5411 βρωτοῦ
1386 5359 1529 5405 τινος
1566 5343 1598 5414 ἢ
1628 5360 1722 5396 πο-

148 5423 250 5476 τοῦ
283 5426 550 5494 πρότερον
581 5428 931 5497 μεταλαϐεῖν,
967 5431 1096 5501 πρὶν
1140 5434 1197 5485 δὲ
1227 5433 1297 5485 τὰ
1344 5434 1441 5502 τῆς
1493 5434 1725 5503 εὐωχίας

148 5519 235 5579 είς
262 5517 437 5585 πέρας
468 5518 664 5573 ἐλθεῖν.
694 5521 851 5575 οῦτω
873 5522 979 5574 τῶν
1006 5527 1134 5593 περὶ
1160 5525 1257 5594 τὴν
1289 5526 1522 5594 εὐωχίαν
1550 5529 1725 5597 πέρας

149 5610 411 5679 ἑχόντων,
443 5611 541 5679 τῆς
587 5613 801 5683 ἡμέρας
829 5632 889 5668 τε
922 5616 1019 5686 ἤδη
1054 5615 1335 5687 κλινάσης,
1368 5618 1503 5670 ἀλλὰ
1537 5620 1599 5671 τὸ
1628 5619 1724 5674 νῦν

151 5702 493 5773 ῥηθήσεσθαι
561 5701 755 5773 μέλλον
807 5709 1157 5779 μικροῷύχων
1203 5711 1302 5778 μὲν
1348 5710 1572 5778 ταράξει
1629 5714 1723 5765 καὶ

145 5795 317 5855 ἀκοὰς
352 5797 447 5851 καὶ
475 5797 672 5865 ψυχὰς,
708 5799 815 5853 τῶν
842 5800 897 5852 δὲ
924 5802 1057 5856 Θεοῦ
1075 5804 1308 5870 τρόπους
1338 5804 1460 5858 ὅσον
1487 5807 1713 5869 ἐφικτὸν

1846 3239 1899 3293 in
1927 3238 2243 3294 aedificando
2274 3238 2542 3293 laboraret
2578 3243 3013 3309 diligentissime.
3054 3246 3187 3300 Cum
3235 3258 3416 3303 autem

1846 3332 2057 3388 ﬁnitum
2085 3342 2233 3387 esset
2267 3333 2550 3402 templum,
2582 3334 2741 3404 idque
2773 3345 2947 3391 staret
2975 3346 3317 3395 exstructum
3360 3342 3414 3396 in

1845 3424 2111 3477 honorem
2167 3428 2440 3494 martyris,
2511 3436 2777 3481 convocat
2833 3429 3052 3497 quidem
3124 3434 3420 3498 provincias

1843 3514 2130 3583 episcopos
2162 3523 2217 3567 et
2244 3514 2590 3581 presbyteros
2613 3518 2679 3567 ad
2712 3517 2892 3584 templi
2924 3520 3412 3576 consecrationem.

1843 3605 2119 3662 Convocat
2144 3615 2326 3660 autem
2359 3607 2662 3662 monachos
2704 3608 2890 3672 etiam,
2926 3609 3017 3679 qui
3061 3610 3267 3666 virtute
3329 3627 3419 3668 re-

1846 3698 2236 3766 splendebant.
2259 3698 2324 3752 Et
2352 3716 2477 3754 cum
2524 3715 2554 3754 e
2584 3699 2764 3755 loculo
2792 3716 3004 3755 sacrum
3046 3715 3240 3773 corpus
3275 3719 3419 3761 mar-

1842 3790 1976 3861 tyris
2028 3790 2349 3855 extulisset,
2407 3790 2462 3843 id
2512 3789 2569 3844 in
2628 3795 2921 3861 magniﬁco
2968 3793 3109 3849 lecto
3157 3796 3416 3864 praeclare

1841 3884 2115 3952 deposuit.
2168 3883 2434 3953 Imposuit
2496 3885 2661 3939 etiam
2714 3885 3057 3956 clamydem,
3111 3894 3167 3942 et
3222 3904 3415 3943 zonam

1840 3973 2136 4042 dignitatis,
2169 3987 2328 4042 quam
2355 3972 2499 4026 ﬁlius
2541 3989 2674 4027 suus
2711 3984 2829 4027 erat
2875 3976 3192 4043 iuduturus,
3227 3979 3417 4035 volens

1840 4076 1900 4122 ut
1932 4067 2167 4138 primum
2199 4066 2659 4123 benedicerentur
2679 4066 2755 4121 ab
2794 4067 2879 4133 iis,
2925 4070 3018 4139 qui
3050 4070 3177 4127 illuc
3220 4086 3416 4127 com-e-

1838 4168 2054 4221 nerant,
2085 4158 2282 4211 deinde
2306 4168 2597 4227 utrumque
2629 4158 2899 4213 indueret.
2941 4159 3131 4230 itaque
3164 4177 3285 4216 cum
3315 4179 3414 4233 per

1838 4249 2053 4306 noctem
2095 4250 2255 4303 simul
2289 4263 2414 4302 cum
2458 4258 2572 4303 toto
2615 4250 2815 4318 populo
2866 4251 3089 4305 fecisset
3138 4254 3411 4322 glorifica-

1838 4343 2061 4405 tionem.
2092 4341 2208 4412 ipsa
2232 4352 2287 4395 et
2319 4340 2461 4395 iilius
2494 4341 2657 4396 simul
2689 4341 2985 4397 subeuntes
3020 4343 3174 4411 primi
3206 4359 3411 4416 corpus

1838 4433 2113 4503 martyris,
2146 4440 2199 4485 et
2238 4433 2292 4485 id
2330 4431 2589 4495 terentes,
2640 4442 2985 4487 sacrosancte
3032 4434 3313 4503 deponunt
3346 4437 3404 4492 in

1835 4540 1987 4580 sacra
2017 4539 2107 4578 ara
2135 4522 2341 4591 templi.
2367 4520 2493 4576 Post
2518 4521 2634 4575 haec
2672 4534 2851 4577 autem
2883 4539 3072 4579 amans
3102 4538 3399 4597 martyrum

1832 4621 2144 4688 CleOpatra,
2177 4615 2433 4667 ardenter
2459 4614 2667 4666 instans
2691 4623 2747 4667 et
2790 4615 3120 4683 lacrymans,
3157 4617 3267 4670 tilio
3307 4634 3408 4674 suo

1832 4721 1887 4766 et
1917 4710 2024 4767 sibi
2059 4709 2197 4762 bona
2238 4704 2471 4760 tideliter
2516 4704 2737 4774 petebat
2785 4718 2818 4757 a
2873 4716 3129 4777 martyre.
3180 4706 3403 4765 Interim

1831 4814 2011 4857 autem
2036 4800 2224 4857 divino
2250 4799 2559 4852 ministerio
2603 4808 2952 4853 sacrosancte
2980 4812 3223 4868 peracto,
3253 4804 3403 4858 varia

1830 4897 2049 4968 quidem
2075 4903 2128 4948 et
2158 4887 2437 4962 splendida
2486 4904 2683 4945 mensa
2736 4890 2948 4959 accepit
2985 4904 3104 4954 eos,
3150 4892 3243 4961 qui
3279 4894 3407 4950 illuc

1831 4996 2223 5044 convenerant.
2256 4985 2388 5050 Quae
2413 4990 2596 5037 autem
2623 4982 2969 5049 pertinebant
3000 4983 3067 5037 ad
3112 4984 3215 5039 hoc
3244 4987 3405 5041 mini-

1830 5076 2077 5141 sterium,
2106 5074 2215 5128 lilio
2246 5082 2300 5127 et
2331 5071 2435 5127 sibi
2481 5071 2814 5139 imponebat.
2869 5070 3005 5124 Filio
3047 5087 3178 5126 vero
3220 5085 3398 5130 mater

1824 5166 2097 5237 jusserat,
2164 5171 2222 5215 ut
2272 5177 2374 5215 nec
2431 5161 2649 5224 cibum,
2713 5175 2817 5214 nec
2871 5171 3057 5228 potum
3121 5175 3397 5230 sumeret,

1827 5259 2140 5327 priusquam
2176 5251 2395 5306 ﬁnitum
2436 5258 2583 5306 esset
2620 5251 2951 5305 convivium.
3007 5250 3210 5307 Deinde
3246 5253 3398 5309 (inito

1827 5350 2101 5411 convivio,
2152 5355 2206 5401 et
2258 5346 2344 5400 die
2395 5344 2505 5414 jam
2553 5344 2850 5398 inclinante
2929 5343 3074 5412 (Sed
3123 5348 3199 5414 id,
3251 5346 3397 5415 quod

1827 5455 1971 5495 nunc
1999 5439 2287 5493 dicendum
2324 5445 2427 5499 est,
2463 5433 2705 5490 turbabit
2732 5436 2946 5503 quidem
2975 5450 3137 5490 aures
3187 5449 3242 5492 et
3275 5439 3395 5492 ani-

1827 5548 1944 5589 mos
1995 5546 2186 5586 eorum
2235 5532 2325 5598 qui
2390 5537 2516 5582 sunt
2587 5525 2766 5597 pusilli
2823 5537 2879 5580 et
2934 5527 3129 5596 abiecti
3185 5530 3393 5582 animi:

1824 5638 2013 5677 eorum
2059 5632 2262 5685 autem,
2312 5622 2425 5691 qui,
2474 5619 2651 5688 quoad
2709 5619 2827 5688 ejus
2879 5618 2992 5673 ﬁeri
3049 5624 3248 5689 potest,
3302 5621 3395 5675 Dei

1825 5714 2042 5769 modum
2070 5722 2289 5772 norunt.
2325 5722 2378 5766 et
2407 5726 2613 5782 magna:
2635 5711 2776 5764 illius
2798 5711 3074 5780 sapientia:
3098 5711 3393 5779 providen—

1821 5806 1946 5860 tiam
1978 5806 2372 5869 admirabilem,
2406 5809 2573 5869 maais
2599 5804 2835 5858 movebit
2866 5805 3099 5867 linguam
3127 5797 3192 5858 ad
3226 5806 3395 5862 bene,-
