4178 6316
795 359 929 424 1155

2073 351 2351 411 MENSIS
2389 347 2754 408 OCTOBER.

3912 345 4040 410 ll56

789 467 1101 526 dicendum,
1127 472 1179 517 et
1212 459 1409 515 factum
1435 458 1828 514 admittendum
1859 468 2072 527 propter
2092 475 2230 521 eam,
2251 472 2359 527 qua

2473 477 2710 542 εἰδότων,
2759 476 2977 545 καὶτῆς
3017 476 3255 545 μεγάλης
3299 475 3507 529 ἐκείνου
3560 477 3755 546 σοφίας
3813 477 4045 543 παραόὀ-

789 574 857 613 ex
887 572 953 610 eo
982 554 1183 616 evenit,
1216 553 1697 621 utilitatem),puer
1722 550 1967 604 defessus
2003 551 2053 602 in
2088 566 2186 603 suo
2227 550 2368 603 lecto

790 648 1338 704 recumbebatzmater
1360 654 1537 698 autem
1567 644 1659 697 lilii
1676 643 1912 697 osculata
1935 643 2151 697 oculos:
2173 641 2364 710 Surge,

789 742 884 805 lili,
931 741 1162 801 (licebat,
1193 748 1245 791 et
1294 753 1415 791 cum
1450 748 1622 791 matre
1660 737 1836 789 cibum
1877 750 2047 789 sume.
2082 735 2365 798 Quomodo

790 832 935 885 enim
964 830 1180 884 defesso
1208 837 1259 882 et
1280 830 1466 897 jejuno
1490 825 1653 879 fuerit
1676 840 1896 878 sunmus
1927 823 2203 892 jucundus
2228 822 2249 874 ?
2273 823 2361 876 llle

788 934 968 975 autem
996 936 1115 974 cum
1141 936 1170 973 a
1207 919 1514 972 vehementi
1539 927 1593 971 et
1623 925 1775 970 acuta
1810 916 1957 969 febre
1992 915 2350 978 detineretur,

790 1028 857 1066 ne
887 1013 1045 1066 matri
1086 1012 1307 1080 quidem
1340 1018 1550 1078 poterat
1580 1008 1927 1076 respondere.
1963 1005 2099 1060 Tum
2138 1015 2308 1057 mater
2338 1020 2352 1057 :

786 1107 973 1168 Certe,
1005 1103 1203 1172 inquit,
1252 1117 1353 1155 nec
1399 1116 1496 1169 ego
1528 1100 1742 1169 quidem
1786 1100 1989 1161 cibum,
2032 1108 2124 1150 aut
2156 1094 2356 1164 aliquid

785 1196 929 1251 aliud
964 1195 1210 1264 gustabo,
1246 1194 1343 1247 nisi
1375 1194 1526 1261 prius
1562 1191 1900 1253 intellexero,
1935 1189 2207 1257 quomodo
2243 1189 2357 1242 hac

786 1303 875 1340 res
919 1285 1164 1339 evenerit
1196 1284 1324 1340 filio.
1369 1284 1427 1337 Ei
1482 1283 1647 1351 igitur
1697 1280 1940 1333 assidens
1986 1279 2266 1341 insomnis,
2304 1289 2359 1333 et

787 1380 959 1433 morbi
999 1378 1273 1439 ardorem,
1312 1386 1372 1429 ut
1410 1385 1636 1443 poterat,
1665 1372 2007 1441 refrigeratis,
2056 1378 2150 1423 aut
2180 1372 2358 1438 potius

786 1472 889 1523 sibi
920 1472 1096 1540 ignem
1137 1467 1444 1522 accendens
1486 1482 1515 1520 e
1561 1467 1880 1525 visceribus.
1938 1465 2079 1519 circa
2126 1464 2358 1517 mediam

786 1572 999 1615 noctem
1067 1561 1286 1630 (qualia
1342 1568 1466 1611 sunt
1525 1558 1617 1611 Dei
1676 1557 1953 1624 judicia!)
2013 1554 2145 1607 vidit
2194 1554 2359 1606 tilium

784 1654 972 1706 morbo
1001 1652 1331 1709 confectum,
1361 1659 1414 1703 et
1435 1649 1708 1718 jaCentem
1752 1656 2047 1700 mortuum.

2470 569 2595 634 ξονς
2642 569 2975 638 οἰκονομίας,
3022 571 3233 637 κινήσει
3285 568 3484 637 μᾶλλον
3533 570 3634 639 τὴν
3674 569 3928 637 γλῶτταν
3970 572 4041 629 τίς

2466 660 2742 729 εὐφημίαν
2762 695 2779 722 ,
2819 662 2914 713 καὶ
2940 661 3000 713 τὸ
3028 661 3248 728 γεγονὸς
3288 660 3641 724 ἀποδέξονται
3688 660 3788 728 τῆς
3819 660 3956 729 πρὸς
3987 659 4041 711 τὸ

2466 752 2748 820 συμφέρον
2783 752 3084 814 ἐκϐάσεως,
3117 753 3255 821 ’Ἤδη
3307 751 3437 818 γοῦν
3488 751 3623 820 πρὸς
3672 748 3922 817 ἑσπέραν
3949 748 4038 811 ὢν,

2464 845 2773 905 κατάκοπος
2802 844 2829 894 δ
2881 848 3006 906 παῖς
3051 844 3290 911 γεγονὼς
3341 847 3408 912 τῇ
3451 841 3646 894 ἐαυτοῦ
3679 842 3840 910 κοίτῃ
3877 858 4038 907 προσ-

2459 935 2768 986 ανεκλίνετο
2805 950 2821 966 ο
2858 936 2887 1004 ἡ
2936 935 2992 987 δὲ
3026 940 3203 1004 μήτηρ
3254 935 3546 1004 προσφῦσα
3576 936 3688 995 τοῖς
3718 932 3815 984 τοῦ
3858 932 4039 993 ποδὸς

2454 1025 2772 1094 ὀφθαλμοῖς,
2791 1027 3091 1092 Ἀνίστασο,
3112 1028 3321 1092 τέκνον,
3338 1027 3511 1092 ἔλεγε,
3531 1027 3625 1078 καὶ
3643 1025 3741 1077 σὺν
3757 1029 3824 1094 τῇ
3850 1025 4039 1094 μητέρι

2456 1116 2699 1169 κοινώνει
2754 1119 2957 1187 τροφῆς
2986 1135 3002 1149 ο
3033 1120 3150 1181 πῶς
3203 1121 3315 1189 γὰρ
3353 1118 3418 1171 ἂν
3453 1119 3617 1179 ὕπνος
3650 1118 3779 1187 ἡδὺς
3834 1135 4041 1186 κεκμη-

2460 1209 2575 1261 κότι
2602 1211 2694 1262 καὶ
2718 1211 2887 1280 ἀσίτῳ
2909 1212 3133 1278 γένοιτο,
3166 1213 3192 1263 ὁ
3215 1211 3291 1277 δὲ,
3311 1211 3496 1279 λάϐρῳ
3526 1228 3580 1262 τε
3612 1212 3704 1261 καί
3725 1209 3841 1274 ὀξεῖ
3876 1224 4040 1276 πυρε-

2456 1301 2534 1370 τῷ
2570 1304 2802 1373 κάτοχος
2848 1303 2943 1367 ὢν,
2971 1306 3090 1357 οὐδὲ
3129 1304 3285 1371 λόγον
3316 1305 3441 1374 ἔσχε
3469 1306 3535 1373 τῇ
3576 1304 3777 1371 μητέρι
3808 1302 4042 1367 ἀποκρί-

2456 1395 2668 1459 νασθαι,
2692 1402 2781 1447 καὶ
2801 1397 2938 1466 αὐτὴ
2964 1412 2977 1426 ·
3008 1400 3073 1449 Ἢ
3111 1398 3239 1468 μὴν,
3269 1396 3396 1465 ἔφη,
3421 1396 3540 1447 οὐδέ
3567 1392 3677 1462 ἐγὼ
3704 1395 3919 1461 τροφῆς
3950 1392 4040 1441 οὐ-

2456 1484 2513 1536 δέ
2570 1502 2714 1546 τινος
2772 1487 3173 1555 ἀπογεύσομαι,
3237 1489 3284 1539 εί
3347 1486 3423 1555 μὴ
3473 1488 3743 1554 πρότερον
3782 1483 3915 1552 περὶ
3945 1482 4038 1532 τοῦ

2457 1578 2804 1645 πράγματος,
2832 1582 2978 1642 ὅπως
3010 1581 3074 1633 ἂν
3093 1580 3270 1649 ἀποϐῇ
3301 1579 3375 1648 τῷ
3407 1579 3507 1646 υἱῷ
3536 1579 3785 1646 μάθοιμι,
3828 1577 3921 1628 καὶ
3948 1574 4041 1641 6?;-

2458 1686 2524 1722 τα
2556 1672 2994 1743 παρακαθημένη
3025 1673 3102 1742 τῷ
3136 1672 3286 1724 παιδὶ
3320 1674 3544 1734 ἄϋπνος,
3587 1672 3682 1720 καὶ
3708 1670 3801 1733 τὸν
3838 1671 3905 1719 ἐκ
3942 1670 4039 1732 τῆς

783 1763 938 1815 νόσου
994 1758 1250 1829 φλογμὸν,
1306 1759 1494 1828 ὥσπερ
1552 1754 1617 1829 ἦν
1682 1755 1902 1808 δυνατὸν
1952 1753 2322 1823 ἀναψύχουσα,
2374 1758 2404 1827 ἢ
2468 1762 2670 1831 μᾶλλον
2723 1767 2889 1836 ἑαυτῇ
2926 1764 2987 1818 τὸ
3036 1765 3145 1835 πῦρ
3184 1764 3343 1819 πλέον
3405 1764 3511 1816 ἀπὸ
3557 1763 3663 1815 τῶν
3712 1763 4039 1829 σπλάγχνων

782 1856 1118 1917 ἀνάπτουσα,
1179 1855 1308 1923 περὶ
1357 1854 1527 1922 μέσας
1570 1850 1772 1908 νύκτας
1827 1843 1934 1917 (οἷα
1970 1846 2036 1899 τὰ
2081 1847 2173 1898 τοῦ
2213 1848 2347 1901 Θεοῦ
2389 1856 2721 1923 κρέμαται),
2754 1858 2859 1927 δρᾶ
2893 1858 2982 1909 τὸν
3033 1860 3196 1911 παῖδα
3248 1861 3311 1928 τῇ
3370 1858 3509 1927 νόσῳ
3567 1855 4037 1924 κατεργασθέντα,

782 1949 875 1998 καὶ
907 1944 1100 2010 νεκρὸν
1132 1942 1345 2011 ἄφωνον
1375 1958 1432 1993 τε
1458 1940 1555 1992 καὶ
1582 1942 1786 1992 ἄπνουν
1822 1936 2093 2007 κείμενον.

852 2040 970 2094 Χιι.
1010 2037 1144 2091 Cum
1178 2050 1313 2107 ergo
1338 2036 1592 2088 acerbum
1623 2033 1765 2086 lumc
1810 2033 2030 2086 vidisset
2070 2042 2346 2097 eventum,
2384 2056 2423 2109 Β

783 2133 1019 2202 primum
1078 2130 1299 2199 quidem
1352 2128 1592 2197 caligans
1654 2126 1804 2179 humi
1852 2125 2076 2188 decidit,
2125 2139 2353 2195 eamque

780 2229 960 2281 statim
1000 2242 1106 2279 vox
1136 2224 1352 2285 defecit,
1406 2237 1528 2275 cum
1579 2220 1903 2288 repentinus
1955 2219 2110 2273 dolor
2160 2222 2356 2273 fuisset

782 2321 980 2390 lingua:
1011 2319 1181 2373 instar
1212 2314 1429 2368 vinculi.
1459 2313 1563 2365 Sed
1592 2328 1712 2365 cum
1747 2326 1934 2380 parum
1967 2312 2033 2364 ad
2073 2327 2130 2365 se
2159 2312 2357 2365 rediis-

783 2421 892 2475 set,
925 2423 979 2463 et
1025 2407 1275 2463 nonnihil
1332 2406 1672 2474 resipuisset,
1717 2403 1957 2456 humeris
1984 2404 2175 2456 tollens
2211 2419 2355 2455 mor-

785 2512 939 2556 tuum
970 2514 1167 2568 corpus
1196 2498 1312 2559 lilii,
1345 2505 1399 2549 et
1437 2495 1503 2548 ad
1534 2509 1740 2548 sacram
1780 2494 1830 2546 id
1863 2508 2011 2545 aram
2055 2494 2252 2557 ferens,
2286 2494 2359 2547 ibi

785 2592 1029 2662 deponit,
1056 2601 1111 2645 et
1151 2589 1375 2659 capillos
1406 2588 1631 2651 vellens,
1666 2586 1811 2656 luget
1841 2585 2009 2639 lilium
2054 2603 2068 2642 :
2112 2585 2354 2649 Perdidi,

784 2684 995 2746 dicens,
1049 2700 1081 2736 ο
1126 2682 1236 2744 illi,
1268 2695 1465 2743 meam,
1529 2694 1648 2748 quae
1697 2678 1749 2731 in
1802 2687 1852 2732 te
1908 2677 2171 2730 collocata
2216 2686 2356 2739 erat,

785 2790 959 2843 spem.
994 2773 1092 2827 liei
1126 2773 1277 2826 mihi!
1315 2787 1347 2831 ο
1391 2771 1485 2833 fili,
1521 2771 1603 2824 hei
1646 2769 1798 2821 mihi!
1834 2784 1866 2821 ο
1903 2768 2066 2821 cliare
2115 2766 2232 2830 llos,
2267 2768 2355 2836 qui

785 2867 864 2920 sic
888 2877 1013 2919 ante
1047 2877 1266 2933 tempus
1300 2862 1577 2916 marcuisti
1611 2860 2025 2914 miserabiliterl
2075 2858 2170 2911 Hei
2202 2858 2356 2923 mihi,

787 2967 940 3010 tuum
978 2972 1078 3026 ego
1111 2956 1271 3009 linem
1309 2954 1488 3015 video,
1545 2968 1665 3020 qua:
1719 2953 2001 3019 sperabam
2050 2966 2169 3005 esse
2223 2966 2252 3003 a
2308 2962 2359 3003 te

786 3050 1031 3102 alendam
1074 3048 1129 3101 in
1178 3049 1489 3101 senectutel
1526 3044 1708 3097 Talem
1747 3058 1921 3105 nunc,
1955 3058 1987 3095 ο
2019 3043 2358 3105 charissime,

788 3141 1167 3193 alimentorum
1199 3138 1333 3191 mihi
1367 3140 1539 3191 vicem
1571 3136 1783 3189 reddis!
1821 3133 1976 3188 Tales
2024 3150 2123 3203 ego
2164 3135 2359 3188 misera

788 3231 901 3299 spei
931 3246 1063 3283 mea:
1087 3231 1279 3299 colligo
1309 3229 1545 3283 fructus!
1587 3229 1705 3293 Quo
1741 3242 1856 3291 ore,
1889 3242 2122 3296 quanam
2154 3226 2358 3296 lingua,

786 3322 985 3391 quibus
1012 3322 1223 3375 deﬂebo
1252 3322 1461 3375 oculis!
1500 3322 1715 3375 Utinam
1742 3336 1916 3371 meam
1954 3335 2050 3385 pro
2082 3328 2171 3371 tua
2205 3334 2353 3369 mor-

2528 2036 2627 2092 ω’.
2661 2038 2768 2090 Τοῦ
2788 2038 2918 2106 γοῦν
2950 2038 3149 2108 πικροῦ
3178 2039 3367 2092 τούτου
3390 2039 3667 2108 δράματος
3708 2041 4036 2112 αἰσθομένη,

2459 2132 2651 2201 πρῶτα
2692 2132 2790 2199 μέν
2823 2133 2926 2183 ὑπὸ
2958 2132 3160 2198 ἰλίγγου
3194 2132 3331 2199 πρὸς
3374 2132 3476 2198 γῆν
3508 2133 3873 2195 καταπίπτει,
3939 2139 4034 2187 καὶ

2457 2224 2626 2291 αὐτὴν
2658 2226 2761 2292 πρὸ
2785 2226 2879 2289 τῆς
2906 2224 3078 2292 ψυχῆς
3104 2224 3368 2276 ἀπέλιπεν
3396 2226 3428 2293 ἡ
3465 2226 3641 2294 φωνή.
3670 2226 3784 2295 Τῆς
3828 2227 4038 2299 ἀθρόας

2457 2315 2634 2385 λύττης
2671 2318 2793 2367 ἀντὶ
2836 2316 3052 2384 δεσμῶν
3087 2320 3152 2386 τῇ
3204 2314 3415 2386 γλώττῃ
3468 2320 3873 2387 γεγενημένης,
3921 2318 4038 2372 εἶτα

2460 2409 2651 2476 μικρὸν
2678 2407 3065 2474 ἀνενεγκοῦσα,
3104 2407 3198 2460 καὶ
3219 2409 3399 2474 ὀλίγου
3434 2425 3485 2460 τι
3543 2410 3901 2479 ἀνανήψασα,
3946 2416 4038 2465 τον

2458 2498 2552 2549 τοῦ
2592 2498 2779 2560 παιδὸς
2835 2498 3027 2566 νεκρὸν
3091 2500 3183 2551 ἐπὶ
3233 2497 3342 2549 τῶν
3394 2499 3562 2565 ὤμων
3622 2501 3926 2571 ἀνελομένη
3981 2503 4039 2555 ὃν

2459 2588 2707 2657 ἐδείματο
2739 2587 2817 2657 τῷ
2854 2590 3091 2658 μάρτυρι
3130 2588 3545 2657 καταλαμϐάνει
3593 2591 3741 2653 ναὸν,
3788 2592 3866 2661 τῷ
3910 2594 4038 2660 ἱερῷ

2459 2695 2518 2731 τε
2560 2679 2750 2731 τοῦτον
2818 2678 3191 2748 Θυσιαστηρίῳ
3238 2681 3482 2747 φέρουσα
3520 2682 3911 2749 παρατίθεται,
3946 2685 4038 2733 καὶ

2459 2773 2567 2823 τῶν
2599 2772 2802 2841 τριχῶν
2830 2773 3128 2841 λαϐομένη,
3186 2774 3327 2840 πρὸς
3370 2772 3463 2823 τὸν
3503 2773 3669 2825 παῖδα
3710 2773 4036 2840 ἀνῴμωξεν,

2473 2856 2748 2919 ’Λπώλεάς
2772 2878 2892 2928 μου,
2910 2861 3157 2927 λέγουσα,
3177 2859 3275 2921 τὰς
3301 2859 3395 2911 ἐπὶ
3414 2860 3515 2924 σοὶ,
3544 2860 3756 2926 τέκνον,
3791 2865 4033 2925 ἐλπίδαςο

2460 2953 2625 3019 οἴμοι,
2657 2945 2701 3005 ὦ
2731 2954 2852 3018 παῖ,
2874 2952 3017 3021 οἴμοι
3050 2951 3199 3021 φίλον
3224 2954 3401 3015 ἄνθος,
3429 2955 3534 3023 πρὸ
3554 2955 3651 3023 τῆς
3677 2953 3830 3024 ὧρας
3862 2956 4032 3016 οὕτως

2462 3042 2708 3105 ἐλεεινῶς
2734 3045 3142 3111 ἀπομαρανθείς
3172 3046 3183 3095 l
3226 3044 3332 3098 Φεῦ
3364 3047 3376 3099 l
3418 3047 3498 3098 ὅτι
3529 3047 3589 3097 τὸ
3614 3049 3704 3098 σὺν
3743 3046 3857 3113 ἐγὼ
3885 3049 4032 3110 τέλος

2461 3135 2593 3205 ὁρῶ,
2644 3135 2764 3204 ἥτις
2791 3135 2895 3187 ὑπὸ
2931 3135 3014 3187 σοὶ
3043 3136 3242 3204 μᾶλλον
3273 3139 3369 3190 καὶ
3394 3140 3514 3200 ταῖς
3559 3140 3678 3200 σαῖς
3705 3140 3892 3193 ἐλπίσι
3932 3158 4028 3209 γη-

2467 3226 2962 3297 ροτροφηθήσεσθαι
2989 3226 3234 3295 ἤλπιζον,
3267 3227 3488 3280 τοιαῦτά
3517 3246 3606 3296 μοι
3636 3228 3732 3280 νῦν
3770 3232 4021 3293 ἐκτίνεις,

2465 3320 2493 3369 ὁ
2510 3316 2783 3382 φίλτατος,
2808 3318 2874 3367 τὰ
2896 3320 3116 3386 τροφεῖα
3138 3334 3155 3385 ;
3186 3318 3473 3381 Τοιούτους
3504 3321 3535 3389 ἡ
3560 3319 3777 3373 δειλαία
3812 3322 3924 3372 τῶν
3952 3324 4034 3373 ἐλ-

784 3423 894 3468 tem
936 3414 1289 3481 aspexissem.
1320 3424 1375 3466 et
1409 3413 1501 3464 lilii
1531 3412 1660 3464 milii
1690 3410 1870 3463 charis
1913 3409 2163 3462 manibus
2205 3424 2359 3461 man-

2463 3408 2630 3460 πίδων
2661 3405 2773 3475 ἐγὼ
2796 3406 3069 3477 δρέπομαι
3120 3408 3244 3471 τοὺς
3272 3410 3517 3478 καρπούς
3546 3427 3560 3477 ;
3599 3411 3747 3481 Ποίῳ
3781 3414 4025 3479 στόματι,

785 3506 911 3558 data
950 3520 1124 3558 essem
1179 3504 1543 3558 monimento!
1578 3501 1792 3556 Utinam
1838 3502 1952 3570 ipsa
1988 3500 2082 3555 tibi
2112 3500 2347 3568 jacerem

785 3597 967 3665 potius
1006 3607 1238 3661 mortua,
1283 3605 1338 3649 et
1381 3598 1676 3649 lionorarer
1718 3605 1810 3647 tuo
1865 3610 2121 3661 processu
2158 3595 2221 3646 ad
2258 3609 2348 3645 sc-

787 3689 1072 3755 pulcruml
1112 3686 1202 3741 Sic
1255 3688 1397 3740 enim
1447 3701 1548 3755 ego
1599 3700 1776 3738 essem
1834 3685 1985 3737 felix.
2037 3682 2126 3737 Sic
2166 3684 2221 3736 in
2267 3698 2352 3737 me

788 3781 977 3847 utique
1011 3790 1331 3833 conservata
1364 3788 1509 3832 esset
1542 3778 1627 3830 lex
1662 3788 1897 3846 patrum.

2459 3499 2585 3569 πόία
2611 3498 2832 3570 γλώσσῃ
2878 3499 2945 3551 τὰ
2971 3500 3038 3551 σὰ
3068 3498 3400 3569 φθέγξομαι,
3432 3503 3604 3562 ποίοις
3630 3502 3881 3569 ὄμμασιν
3903 3505 4026 3554 ἀνα-

2461 3589 2768 3657 κλαύσομαι
2797 3605 2812 3653 ;
2856 3588 3087 3654 Ὄφελον
3111 3589 3202 3641 τὸν
3231 3590 3360 3658 ἐμὸν
3394 3590 3621 3643 θάνατον
3654 3592 3900 3656 ἐπεῖδονξ
3942 3593 4029 3645 καὶ

2459 3684 2579 3744 ταῖς
2614 3682 2709 3735 τοῦ
2738 3682 2927 3744 παιδὸς
2958 3681 3085 3752 ἐμοὶ
3114 3681 3293 3750 φίλαις
3322 3685 3478 3752 χερσὶ
3508 3681 3585 3751 τῷ
3614 3686 3867 3753 μνήματι
3892 3702 4027 3752 παρα

2463 3773 2672 3841 ἐδόθην.
2709 3774 2943 3840 Ὄφελον
3000 3775 3140 3844 αὐτή
3194 3792 3277 3829 σοι
3325 3776 3663 3847 προεκείμην
3696 3778 3906 3847 μᾶλλον
3952 3794 4028 3830 νι-

792 3870 899 3935 κρά
922 3868 1041 3930 ταῖς
1092 3868 1211 3928 σαῖς
1262 3868 1352 3918 ἐπὶ
1391 3866 1480 3915 τὸν
1526 3866 1698 3932 τάφον
1732 3865 2011 3933 τιμωμένη
2048 3864 2327 3934 προόδοι;’
2367 3862 2510 3917 οὕτω
2560 3868 2667 3933 γὰρ
2708 3861 2776 3935 ἦν
2818 3865 3092 3934 εὐδαίμων
3140 3867 3251 3935 ἐγώ
3280 3883 3294 3898 ο
3330 3867 3503 3931 οὕτως
3528 3870 3594 3923 ἂν
3620 3869 3710 3920 ἐπ’
3765 3872 3894 3939 ἐμοὶ
3936 3871 4025 3937 δέπα

792 3960 994 4013 πουθεν
1036 3959 1064 4008 δ
1100 3958 1207 4010 τῶν
1236 3956 1487 4024 πατέρων
1523 3958 1767 4025 ἐτηρεῖτο
1792 3956 1974 4024 νόμος.

856 4052 1001 4104 Xlll.
1042 4050 1133 4103 Sic
1163 4050 1407 4108 dicebat.
1442 4058 1495 4099 et
1528 4048 1817 4114 procidens
1876 4062 2063 4101 rursus
2112 4048 2351 4117 lugebat,

789 4153 843 4195 et
874 4126 1129 4211 tanquam
1166 4140 1346 4193 adhuc
1377 4140 1680 4194 animatum
1732 4139 2107 4206 alloquebatur
2152 4154 2353 4208 corpus

788 4233 1084 4303 martyris:
1150 4231 1431 4293 Quodnam
1488 4241 1729 4294 tantum,
1790 4230 1997 4291 dicens,
2057 4245 2091 4284 ο
2151 4230 2350 4284 Christi

789 4334 1013 4394 martyr,
1046 4323 1266 4376 sceleris
1297 4321 1638 4379 admisimus.
1678 4321 1823 4373 utin
1858 4321 1999 4373 hanc
2048 4328 2156 4371 tam
2197 4334 2349 4372 acer-

790 4417 911 4470 bam
974 4416 1337 4470 incideremus
1380 4412 1785 4467 calamitatem?
1836 4412 1993 4475 Non,
2044 4410 2241 4463 marito
2300 4412 2352 4463 in

786 4522 1007 4564 externa
1042 4509 1262 4578 regione
1298 4507 1505 4569 relicto,
1538 4505 1708 4573 pluris
1738 4519 1899 4573 quam
1938 4505 2141 4573 reliqua
2173 4502 2355 4557 omnia

787 4603 888 4655 feci
922 4611 1075 4654 tuum
1124 4609 1410 4667 exportare
1445 4596 1676 4667 corpus?
1723 4595 1839 4649 Non
1885 4597 1952 4649 ab
1990 4598 2120 4664 ipsis
2164 4596 2355 4648 funda-

2536 4049 2634 4102 ll".
2671 4048 2857 4112 Οὕτως
2892 4049 3065 4116 ἔλεγε,
3098 4049 3187 4103 καὶ
3210 4051 3590 4106 καταπεσοῦσα
3619 4054 3788 4107 πάλιν
3822 4055 4024 4113 ἔστενε.

2462 4143 2553 4193 καὶ
2576 4141 2651 4203 ὡς
2681 4142 2909 4213 ἐμψύχῳ
2954 4143 3036 4195 ἐτι
3060 4142 3136 4212 τῷ
3178 4144 3270 4195 τοῦ
3303 4144 3572 4212 μάρτυρος
3602 4146 3821 4213 σώματι
3863 4150 4027 4200 διελέ-

2458 4249 2606 4300 γετο·
2631 4235 2695 4286 Τί
2713 4233 3051 4302 τηλικοῦτον,
3071 4229 3115 4285 ὦ
3135 4232 3225 4285 τοῦ
3242 4233 3478 4301 Χριστοῦ
3508 4237 3743 4303 μάρτυς.
3768 4239 4031 4307 ἠδικήκει·

2460 4342 2561 4411 μεν
2583 4326 2837 4391 λέγουσα,
2867 4324 2941 4387 ὡς
2968 4326 3139 4395 πικρᾷ
3154 4326 3378 4395 τοιαύτῃ
3401 4333 3723 4397 περιπεσεῖν
3750 4336 4025 4402 συμφορᾷ,

2453 4418 2552 4467 οὐκ
2608 4420 2664 4468 ἐν
2692 4418 2947 4486 ἀλλοτρίᾳ
2996 4419 3087 4470 τὸν
3134 4421 3304 4488 ἄνδρα
3353 4421 3754 4485 καταλιποῦσα,
3784 4426 3888 4495 τὴν
3942 4427 4027 4477 τοῦ

2457 4504 2711 4573 σώματος
2753 4506 2995 4572 ἐκφορὰν
3053 4506 3182 4576 περὶ
3225 4508 3423 4569 παντὸς
3468 4509 3674 4579 ἐθέμην
3726 4512 3826 4564 τοῦ
3895 4516 4025 4575 uol;

2458 4598 2573 4655 οὐκ
2615 4596 2674 4661 ἐξ
2695 4596 2872 4650 αὐτῶν
2922 4597 3197 4667 κρηπίδων
3246 4599 3547 4669 ἐδειμάμην
3578 4618 3673 4654 σου
3715 4602 3815 4657 τὸν
3847 4607 3977 4659 ναόν
4014 4625 4027 4669 ;

789 4692 989 4745 mentis
1027 4692 1125 4743 tibi
1153 4691 1410 4757 templum
1443 4688 1729 4743 exstruxi?
1768 4687 1903 4749 Non,
1937 4686 1980 4739 si
2023 4686 2156 4737 nihil
2186 4685 2350 4742 aliud.

2458 4691 2599 4754 Οὐκ,
2626 4659 2673 4741 εί
2717 4694 2791 4759 μή
2823 4707 2874 4741 τι
2910 4659 3056 4755 ἄλλο,
3079 4692 3180 4760 τὴν
3211 4659 3477 4757 γοῦν
3502 4659 3699 4762 ’ψυχῆς
3733 4659 4029 4767 εἰσηνεγιά

787 4786 880 4837 ινδί
917 4783 1087 4837 obtuli
1134 4797 1313 4834 memn
1371 4780 1534 4832 animi
1580 4778 1952 4847 propositum?
1994 4776 2134 4841 Quid
2180 4786 2357 4834 autem

792 4875 906 4925 haec
959 4874 1059 4925 sibi
1120 4871 1347 4926 volunt?
1397 4871 1535 4937 Non,
1579 4872 1725 4942 quod
1784 4887 1881 4941 pro
1935 4872 1999 4925 iis
2052 4870 2354 4940 petebatur,

786 4963 984 5016 bonum
1035 4973 1175 5026 erat,
1223 4964 1367 5015 salus
1414 4964 1545 5016 filii?
1592 4963 1731 5026 Non,
1785 4974 1844 5015 ut
1891 4978 2061 5029 usque
2097 4962 2164 5016 ad
2198 4975 2352 5013 sene-

786 5064 986 5107 ctutem
1023 5053 1184 5108 simul
1238 5064 1481 5107 maneret
1524 5068 1647 5106 cum
1702 5050 1961 5119 parente?
1998 5051 2089 5103 llei
2136 5053 2290 5104 milii!
2324 5068 2350 5106 ιι

787 5154 984 5211 quanta
1016 5160 1110 5212 spe
1144 5144 1351 5199 decidi!
1390 5159 1487 5213 pro
1510 5144 1758 5213 qualibus
1788 5143 1965 5208 qualia
2001 5142 2138 5196 vidi!
2174 5142 2301 5205 Sed,
2323 5156 2356 5194 ο

788 5248 986 5305 martyr
1014 5237 1235 5299 Christi,
1270 5238 1351 5289 vel
1394 5238 1522 5291 milii
1576 5238 1745 5289 filium
1776 5236 1940 5289 redde
1986 5237 2354 5303 superstitem,

789 5331 932 5382 sicut
963 5328 1189 5384 Elisxus
1224 5328 1572 5391 Sunamitidi,
1609 5329 1695 5383 vel
1734 5343 1802 5381 ne
1839 5328 1971 5380 mihi
2006 5337 2232 5380 mortem
2270 5326 2355 5379 in-

790 5423 976 5475 videas
1016 5424 1233 5487 utilem,
1278 5423 1370 5475 sed
1434 5436 1553 5490 qua:
1600 5432 1706 5473 tam
1760 5420 2049 5474 infeliciter
2080 5426 2265 5489 peperi
2300 5428 2355 5473 et

786 5516 937 5581 alui,
986 5513 1068 5567 fac
1122 5530 1205 5569 me
1257 5516 1417 5569 etiam
1476 5515 1697 5567 interire
1747 5530 1869 5568 cum
1930 5514 2064 5567 tilio.
2128 5512 2347 5567 Interim

789 5616 966 5658 autem
1000 5603 1125 5657 dum
1160 5603 1442 5673 Cleopatra
1475 5602 1640 5654 filium
1667 5604 1859 5655 acerbe
1883 5602 2120 5663 defieret,
2150 5610 2203 5653 et
2233 5615 2346 5661 eos,

790 5697 878 5765 qui
912 5697 1427 5760 aderant,moveret,
1456 5704 1512 5748 ut
1540 5704 1591 5749 et
1615 5694 1732 5763 ejus
1753 5707 1907 5745 casus
1938 5693 2348 5751 misererentur,

790 5795 844 5837 ει
878 5785 1197 5854 profundam
1240 5784 1331 5839 Dei
1360 5786 1688 5854 iudiciorum
1723 5784 1969 5854 abyssum
2012 5785 2351 5839 admiraren-

2456 4784 2755 4851 πρόθεσιν;
2814 4783 2878 4835 Τί
2932 4781 2989 4833 δέ
3023 4798 3115 4852 μοι
3146 4781 3316 4836 ταῦτα
3376 4782 3647 4848 ἐϐούλετο,
3677 4785 3747 4837 Τί
3797 4790 3863 4839 τὸ
3924 4793 4029 4841 ἀντ⁸

2453 4873 2617 4929 αὑτοῦ
2651 4872 2970 4941 αἰτούμενον
3004 4873 3233 4941 ἀγαθὸν,
3272 4874 3370 4944 οὐχ
3414 4876 3446 4943 ὴ
3476 4875 3572 4927 τοῦ
3609 4879 3808 4943 παιδος
3862 4899 4032 4951 autq-

2452 4965 2574 5033 pia;
2605 4964 2679 5015 Οὐ
2715 4964 2775 5015 τὸ
2810 4964 2973 5033 μέχρι
3018 4965 3203 5032 γήρως
3233 4966 3326 5018 καὶ
3371 4970 3661 5036 πρεσϐείου
3691 4974 3765 5040 τῇ
3798 4976 4032 5044 τεκούσῃ

2452 5056 2943 5124 συμπαραμεῖναις
2984 5054 3089 5106 Φεῦ
3131 5055 3260 5111 οἴων
3295 5060 3535 5126 ἐσφάλην
3594 5060 3709 5111 τῶν
3770 5064 4028 5125 ἐλπίδων,

2450 5141 2537 5199 οἷα
2558 5146 2673 5199 ἀνθ’
2701 5146 2829 5199 οἵων
2861 5144 3000 5199 εἶδον
3028 5146 3158 5213 ἐγώ.
3207 5148 3373 5217 ’Δλλ“,
3410 5152 3439 5201 ὁ
3467 5150 3561 5203 τοῦ
3592 5152 3848 5221 Χριστοῦ
3894 5160 4031 5226 μάρ-

2449 5238 2631 5307 τυς,ἧ
2675 5254 2777 5306 ⁶μοι
2812 5238 2903 5289 τὸν
2958 5239 3121 5292 παῖδα
3154 5243 3296 5293 κατά
3336 5241 3429 5292 τὸν
3476 5241 3789 5295 Ἐλισσαῖον
3841 5248 4030 5305 ἀνάδος

2450 5330 2711 5398 περιόντα
2756 5332 2819 5397 τῇ
2855 5327 3227 5395 Σουνσμίτιδι,
3268 5332 3300 5401 ἦ
3340 5330 3570 5387 θανάτου
3633 5334 3713 5401 μὴ
3755 5335 4029 5407 φθονήσῃς

2450 5418 2782 5483 λυσιτελοῦς,
2834 5419 2969 5473 ἀλλά
3012 5422 3109 5491 τὴν
3147 5421 3291 5475 οὕτω
3330 5426 3422 5476 καὶ
3445 5424 3730 5493 δυστυχῶς
3761 5429 4027 5481 τεκοῦσαν

2457 5514 2549 5564 καί
2581 5511 2933 5581 θριψαμένην
2979 5514 3101 5582 ἐμὲ,
3138 5516 3482 5584 συνοίχεσθαι
3522 5516 3600 5576 τῷ
3643 5522 3803 5573 παιδὶ
3854 5536 4024 5588 mp:-

2459 5603 2743 5656 σκεύασον.
2790 5602 2878 5655 Ἐν
2910 5606 3081 5675 τούτῳ
3121 5607 3212 5659 τὸν
3254 5607 3414 5659 παῖδα
3460 5611 3676 5679 πικρῶς
3735 5612 4023 5666 ἀνακλαιο-

2464 5693 2629 5762 μένης
2687 5694 2787 5763 τῆς
2848 5693 3231 5765 Κλεοπάτρας,
3268 5700 3359 5753 καὶ
3415 5701 3539 5762 τοὺς
3577 5702 3859 5771 παρόντας
3914 5699 4016 5750 λίαν

2462 5787 2788 5853 περιπαθεῖς
2835 5790 3189 5859 ποιουμένης,
3247 5790 3322 5853 ὡς
3373 5795 3467 5846 καὶ
3520 5795 3695 5862 αὐτῆς
3754 5791 3924 5847 ἐλεεῖν
3968 5793 4018 5844 τὸ
