4178 6316
184 363 315 428 1157

1397 364 1859 453 MARTYRlUM
1893 348 1953 424 s.
1997 365 2203 426 vam.

3296 364 3432 434 1158

176 483 379 547 πάθος,
408 482 500 536 καὶ
533 482 629 551 τὴν
680 483 878 553 πο>.>.ᾕν
917 485 1154 539 ἄϐυσσον
1198 484 1305 537 τῶν
1337 485 1429 537 τοῦ
1473 483 1606 536 Θεοῦ
1642 501 1764 553 κρι-

1872 489 1978 541 tur,
2013 494 2238 534 somnus
2272 477 2348 531 illi
2384 492 2575 549 parum
2610 478 2902 548 obrepens,
2945 493 3062 532 eam
3112 478 3240 533 fecit
3281 482 3436 550 quie-

184 574 373 643 μάτων
431 574 756 642 θαυμάζε;ν,
814 576 1009 645 μικρδν
1056 576 1224 646 αὐτὴν
1278 575 1442 637 ὕπνος
1509 576 1754 629 ὑπελθὼν

180 667 469 725 ἀνέπαισε.
507 670 599 719 καὶ
632 669 807 720 πάντα
851 664 918 739 ἦν
947 670 973 721 ὁ
1000 671 1292 739 παῖς-αὐτῇ
1324 670 1513 736 φανεὶς
1539 671 1636 721 σὺν
1674 668 1753 737 τῷ

188 758 449 825 μάρτυρι.
488 761 875 828 [Ιαρεστηκότα
913 779 971 812 τε
1024 762 1131 828 γὰρ
1175 762 1349 812 ἐδόκει
1388 760 1633 828 βλέπτειν
1670 760 1759 811 τὸν

183 848 450 917 ἀθλητήν,
495 849 588 900 καὶ
627 849 700 911 ὡς
738 852 853 901 υἱίιν
886 851 1014 903 ἴδιον
1043 851 1131 902 τὸν
1165 853 1329 919 αὐτῆς
1364 852 1476 903 υἱὸν
1505 852 1753 919 ἐγκεκολα

186 944 528 1010 πωμὲνον,ή
584 942 819 1013 ἀναϐολὴ
850 944 902 993 δὲ
957 944 1287 1010 ἀμφοτέροις
1334 942 1394 1008 ἐξ
1444 943 1759 1012 ὑπερφυοῦς

186 1030 327 1096 ἄταν
352 1034 442 1087 καὶ
476 1033 893 1103 ὑπερλάμπρουο
935 1036 1190 1101 στέφανοί
1224 1053 1281 1087 τε
1315 1038 1411 1097 τάς
1439 1039 1618 1089 αὐτῶν
1640 1038 1759 1088 ἐκό-

189 1137 366 1187 σμουν
424 1124 617 1192 ἥδιστα
673 1123 934 1189 κεφαλάς.
1002 1125 1111 1177 Καὶ
1162 1127 1209 1177 οί
1280 1126 1557 1191 στέφανοι,
1620 1125 1759 1178 Θεῖον

188 1214 375 1266 αὐτῶν
431 1212 586 1276 εἶπες
623 1215 682 1267 τὸ
729 1214 945 1277 κάλλος,
1006 1218 1098 1268 καί
1137 1217 1337 1285 ἣκιστα
1393 1217 1611 1289 γλώσσῃ
1665 1222 1762 1289 ρη-

189 1304 303 1358 τόν.

269 1394 361 1448 ῙΔ’.
394 1395 504 1447 Καὶ
538 1397 675 1448 [vati
708 1397 782 1465 μὴ
814 1396 1039 1466 χαίρεις,
1070 1391 1115 1450 ὦ
1150 1396 1328 1462 γύναι.
1358 1397 1535 1463 λέγειν
1568 1400 1595 1451 ὁ
1623 1397 1760 1465 μάρ-

190 1504 291 1549 τυς
351 1486 536 1555 ἐῴκει,
584 1488 715 1546 ὰ),λά
747 1507 839 1541 σου
876 1491 1018 1558 λύπη
1068 1492 1212 1559 δεινὴ
1254 1492 1482 1544 διέσεισε
1510 1490 1607 1559 τὴν
1638 1508 1765 1559 κτρ-

188 1580 313 1630 δὶαν
359 1596 371 1606 ·
420 1584 492 1647 μή
536 1581 643 1648 γὰρ
699 1581 870 1643 οὕτως
903 1582 1173 1650 ἀγνώμων
1222 1582 1353 1648 ἐγὼ,
1410 1576 1502 1633 καὶ
1540 1582 1764 1651 μηδενὸς

191 1667 307 1717 τῶν
339 1668 441 1718 ὑπὸ
480 1671 571 1721 σοῦ
601 1673 905 1738 γενομένων
939 1674 1089 1742 ἥκων
1138 1674 1215 1740 είς
1250 1672 1521 1739 αἴσθησιν,
1575 1671 1605 1740 ἢ
1665 1673 1761 1732 τὰς

193 1756 339 1826 ὑπὲρ
392 1760 571 1810 αὐτων
616 1764 852 1828 ἀμοιϐὰς
907 1764 1198 1830 φιὶοτίμως
1235 1765 1334 1813 οὐκ
1402 1763 1760 1827 etcassum;

190 1848 306 1917 Οὐχ
351 1846 482 1921 ὁρᾷς
515 1853 627 1912 οἵας
662 1854 783 1914 (iob;
813 1858 938 1916 παῖς
968 1855 1191 1921 ἠξίωται
1224 1855 1418 1923 ὃόξηςς
1456 1856 1558 1907 Οἴα
1601 1857 1757 1924 χάρις
1798 1834 1836 1888 Β

189 1939 501 2007 ἀστράπτει
538 1946 666 2009 περὶ
696 1943 861 1995 αὐτόν
890 1960 905 2008 ;
948 1940 1015 1994 Τί
1044 1940 1135 1997 οὖν
1162 1946 1219 1997 οὐ
1256 1949 1314 1997 τὸ
1335 1948 1558 2014 στυγνὸν
1604 1947 1761 1999 τοῦτο

188 2030 451 2095 λιποῦσα,
485 2033 573 2082 καὶ
617 2033 753 2102 αὑτὴ
809 2039 1148 2104 ρ.εταχωρεῖς
1206 2037 1339 2105 πρὸς
1398 2036 1459 2088 τὸ
1504 2035 1763 2105 εὔθυμον.

202 2116 371 2185 ³Αλλ’,
401 2122 447 2172 εί
474 2123 640 2183 δοκεῖ,
676 2126 951 2191 ἐγγισάτω
977 2130 1066 2179 καὶ
1092 2128 1171 2179 ἐτι
1222 2127 1419 2195 μᾶλλον
1441 2131 1466 2179 ὁ
1489 2130 1635 2192 παῖς,
1672 2127 1763 2178 καί

194 2227 284 2263 σοι
314 2212 432 2263 κατ’
466 2214 779 2283 ὀφθαλμοὺς
808 2216 1053 2288 ἀκριόὦς
1103 2217 1364 2285 γενέσθω.
1392 2218 1479 2269 ἵνα
1503 2221 1595 2269 καὶ
1626 2220 1763 2287 αὑτὴ

190 2305 378 2367 καλῶς
406 2308 511 2375 ἄρα
557 2308 749 2376 μάθοις
778 2311 845 2361 τὰ
894 2309 1013 2362 κατ’
1042 2312 1221 2363 αὑτὸν.
1278 2308 1463 2371 Οὕτως
1507 2312 1633 2377 ἔφη,
1671 2311 1765 2361 καὶ

188 2398 358 2469 ἐῴκει
387 2403 477 2452 τὸν
510 2402 672 2453 παῖδα
708 2402 911 2465 καλεῖν,
948 2403 1129 2464 ὶ“ενού,
1166 2403 1357 2469 λέγων,
1396 2397 1440 2454 ὦ
1466 2407 1583 2467 παῖ,
1617 2404 1765 2470 παρὰ

192 2495 267 2562 τῇ
303 2496 520 2562 μητέρι,
551 2495 620 2545 τά
652 2511 706 2544 τε
740 2494 878 2547 ἄλλα
918 2499 1011 2545 καὶ
1044 2494 1108 2545 ἵν’
1136 2492 1324 2565 ὥσπερ
1356 2495 1497 2562 ἔχεις
1555 2496 1763 2564 ὀφοεὶς,

189 2588 598 2655 παρηγορήσης
634 2587 764 2654 αὐτῇ
818 2588 876 2637 το
924 2585 1257 2654 πολύδακρυν.
1327 2588 1385 2638 Ὀ
1410 2589 1464 2638 δὲ
1512 2592 1639 2650 ταῖς
1676 2589 1767 2639 ἐπὶ

200 2674 408 2743 μᾶλλον
444 2677 534 2728 τοῦ
594 2680 866 2745 μάρτυρος
919 2678 1117 2747 εἴχετο,
1160 2680 1234 2747 μὴ
1283 2678 1568 2730 ἀπολιπεῖν
1604 2679 1767 2730 αὑτὸν

194 2768 361 2831 ὅλως,
400 2768 531 2837 μηδὲ
562 2769 853 2837 ἀφικέσθαι
880 2771 1012 2840 πρὸς
1037 2769 1133 2839 τὴν
1168 2771 1377 2840 μητέρα
1411 2771 1471 2822 τὸ
1507 2772 1766 2841 παράπαν

198 2858 546 2928 βουλόμενον.
566 2861 723 2924 Ἀλλ’,
754 2863 963 2926 Ἄπιθι,
993 2863 1161 2945 μῆτερ
1183 2862 1309 2931 ἐμὴ,
1334 2862 1488 2915 ἄπιθι
1508 2864 1640 2932 πρὸς
1669 2863 1767 2915 αὐ-

189 2949 322 3019 τὴν,
361 2949 546 3015 ελεγεν
577 2954 908 3012 ἀντιτείνων,
934 2955 1016 3017 ἐφ’
1054 2954 1249 3021 ἑαυτῆς
1275 2955 1527 3021 μένουσα,
1548 2956 1764 3016 καιτοίς

192 3043 417 3112 θρήνοις
447 3043 654 3105 τούτοις
682 3044 833 3095 οὐδὲν
863 3044 1205 3118 προσέχουσα
1226 3061 1239 3074 ·
1261 3049 1316 3095 εν
1348 3047 1445 3117 ἴσῳ
1469 3048 1575 3115 γὰρ
1600 3048 1762 3117 ἡγοῦ-

1861 588 2016 627 scere
2048 589 2059 623 :
2094 582 2145 624 et
2179 570 2321 625 ﬁlius
2367 572 2415 625 ei
2460 570 2683 626 omnino
2716 571 2969 639 apparuit
3014 586 3136 625 cum
3182 582 3437 643 martyre.

1859 661 1992 715 Nam
2026 672 2080 716 et
2113 672 2379 716 astantem
2414 663 2698 719 videbatur
2731 662 2931 716 intueri
2973 662 3225 717 athletam
3253 704 3267 725 ,
3318 665 3440 734 ejus

1862 756 2029 809 ﬁlium
2074 771 2175 809 suo
2217 758 2362 815 sinu.
2400 765 2654 823 tanquam
2709 755 3011 823 proprium,
3062 756 3439 824 complecten-

1865 856 1992 901 tem.
2028 846 2275 899 Amictus
2310 855 2493 898 autem
2547 852 2663 899 erat
2709 844 2956 911 utrisque
3013 845 3435 914 pulcherrimus.

1861 948 1918 996 et
1958 940 2455 1009 splendidissimus,
2491 948 2547 991 et
2592 952 2805 991 coronae
2837 952 3023 991 eorum
3071 938 3247 1006 Capita
3280 954 3445 993 ornao

1862 1035 1992 1087 bant
2038 1032 2379 1087 suavissime.
2429 1030 2767 1085 Coronarum
2818 1038 2997 1083 autem
3042 1030 3275 1084 dixisses
3318 1045 3439 1085 esse

1863 1127 2098 1179 divinam
2134 1126 2445 1193 quamdam,
2487 1130 2542 1176 et
2580 1138 2697 1191 quae
2726 1122 2907 1192 lingua
2949 1137 3055 1177 non
3108 1133 3288 1192 potest
3339 1139 3439 1177 ex-

1862 1218 2045 1287 primi,
2090 1214 2576 1287 pulchritudrncm.

1934 1397 2073 1452 XIV.
2112 1397 2410 1459 Videbatur
2457 1407 2639 1451 autem
2694 1407 2896 1463 martyr
2923 1397 3103 1451 dicere
3137 1397 3286 1451 :Cur
3328 1412 3437 1450 non

1864 1492 2085 1550 laetaris.
2113 1492 2381 1555 omulier,
2412 1492 2504 1544 sed
2546 1500 2671 1543 tuus
2716 1490 2894 1558 gravis
2938 1489 3113 1542 luctus
3155 1505 3246 1543 cor
3288 1475 3440 1543 tuum

1865 1580 2094 1640 amixit?
2121 1583 2256 1638 Num
2291 1600 2411 1637 sum
2444 1584 2579 1638 adeo
2608 1582 2874 1654 ingratus,
2910 1592 2968 1635 ut
3002 1582 3093 1651 qui
3142 1576 3279 1634 nihil
3314 1597 3439 1635 sen-

1870 1679 2030 1732 serim
2079 1693 2293 1737 eorum,
2329 1693 2449 1744 quae
2504 1693 2532 1729 a
2575 1687 2625 1731 te
2677 1676 2814 1731 facta
2862 1675 3031 1729 sunt?
3074 1673 3211 1726 Num
3246 1690 3343 1743 pro
3376 1675 3440 1727 iis

1868 1786 1975 1823 non
2022 1785 2144 1824 sum
2208 1779 2257 1823 te
2318 1769 2573 1837 praeclare
2626 1765 3041 1821 remuneratus?
3110 1764 3224 1818 Non
3292 1767 3440 1821 vides

1867 1865 2077 1933 qualem
2125 1862 2346 1933 glariam
2404 1862 2473 1914 sit
2518 1871 2644 1914 tuus
2681 1862 2819 1913 ﬁlius
2868 1861 3231 1913 consecutus?
3265 1860 3441 1927 qualis

1865 1971 1986 2009 eum
2018 1952 2396 2022 circutnl‘ulget
2427 1952 2632 2019 gratia?
2662 1952 2771 2005 Cur
2802 1968 2909 2006 non
2942 1970 3089 2023 ergo,
3129 1956 3226 2008 hac
3253 1952 3439 2006 relicta

1867 2047 2100 2108 tristitia,
2136 2047 2332 2098 transis
2387 2045 2451 2097 ad
2503 2044 2665 2097 animi
2718 2049 3204 2114 tranquillitatem?
3248 2048 3349 2100 Sed
3392 2046 3435 2098 si

1866 2141 2109 2204 videtur,
2158 2139 2265 2192 tuis
2307 2140 2481 2191 oculis
2522 2139 2696 2207 magis
2748 2140 3145 2208 appropinquet
3194 2141 3355 2204 ﬁlius,
3385 2150 3439 2192 et

1866 2231 2303 2299 eumdiligenter
2355 2232 2748 2297 contemplare,
2794 2240 2851 2284 ut
2880 2232 2994 2300 ipsa
3025 2248 3240 2301 quoque
3294 2244 3441 2286 recte

1868 2318 2165 2388 intelligas.
2224 2319 2498 2387 quomodo
2551 2319 2595 2372 is
2647 2334 2705 2373 sc
2766 2321 2980 2374 habeat.
3046 2321 3134 2374 Sic
3177 2322 3332 2386 dixit,
3384 2332 3440 2375 et

1870 2413 2015 2465 visus
2040 2420 2123 2464 est
2152 2425 2344 2465 vocare
2370 2425 2597 2479 puerum
2634 2428 2646 2463 :
2680 2412 2915 2476 Accede,
2948 2427 2979 2465 ο
3014 2428 3168 2480 puer,
3210 2412 3276 2467 ad
3326 2428 3442 2466 ma-

1870 2516 2028 2569 trem,
2064 2514 2121 2558 ut
2155 2520 2276 2557 cum
2308 2519 2369 2555 ea
2421 2504 2635 2563 viderit,
2689 2506 2958 2571 quomodo
3005 2514 3054 2557 te
3105 2505 3330 2571 habeas,
3380 2514 3437 2558 tu

1868 2598 1986 2665 ejus
2020 2598 2217 2650 multas
2249 2595 2547 2650 consoleris
2574 2595 2854 2665 lacrymas.
2887 2596 3025 2649 Puer
3049 2606 3231 2651 autem
3270 2597 3441 2664 magis

1868 2689 2175 2743 adhmrebat
2202 2690 2444 2756 martyri,
2480 2688 2668 2741 nolens
2700 2704 2823 2741 eum
2853 2690 3077 2742 omnino
3107 2678 3437 2759 relinquere,

1868 2796 1970 2834 nec
2000 2780 2188 2834 volens
2222 2781 2446 2833 omnino
2486 2779 2673 2832 venire
2713 2781 2778 2833 ad
2827 2790 3055 2833 matrem
3094 2799 3104 2832 :
3142 2781 3260 2845 sed,
3314 2783 3438 2840 Abi.

1869 2880 2040 2924 mater
2070 2885 2211 2935 mea,
2243 2870 2352 2933 abi,
2399 2869 2612 2923 dicebat
2660 2869 2961 2923 resistens:
2989 2872 3128 2935 apud
3164 2879 3213 2925 te
3255 2886 3437 2937 mane,

1871 2969 1925 3013 et
1948 2959 2168 3013 minime
2199 2967 2249 3011 te
2274 2959 2439 3011 dedas
2465 2957 2550 3010 his
2586 2957 2847 3012 luctibus.
2884 2956 3040 3011 Malle
3086 2960 3228 3011 enim
3276 2960 3438 3013 vitam

1871 3060 2144 3111 vestram,
2196 3063 2358 3117 quam
2408 3049 2552 3102 banc
2604 3056 2870 3108 mortem,
2928 3063 3081 3116 atque
3135 3048 3438 3103 absurdum

197 3152 305 3203 μαι
354 3136 552 3188 ἄτοπον
601 3132 764 3199 εἶναι,
818 3134 960 3204 ζωῆς
1020 3134 1348 3199 ἀλλὰξχσθαι
1396 3138 1624 3189 οάνατον
1675 3140 1766 3191 καὶ

1872 3140 2146 3203 existimo,
2191 3150 2352 3207 atque
2402 3139 2642 3191 dolorem
2686 3140 2936 3205 praeferre
2983 3138 3269 3207 voluptati,
3318 3155 3441 3208 quas

194 3227 401 3294 λύπην,
446 3229 639 3296 ἡδονῆς
669 3229 930 3296 ἀλήκτου,
965 3228 1057 3279 καὶ
1087 3228 1287 3290 παντὸς
1346 3228 1567 3291 αἰῶνος,
1620 3229 1765 3298 ζωὴν

196 3321 545 3389 πρόσκαιρον
593 3322 949 3389 προτιμῆσαι.
996 3319 1213 3371 Τούτων
1266 3321 1418 3386 παρὰ
1446 3320 1539 3373 τοῦ
1579 3321 1766 3383 παιδὸς

190 3413 229 3481 ὴ
278 3415 459 3480 μήτηρ
494 3410 800 3472 ἀκούσασα,
849 3408 943 3460 καὶ
992 3409 1099 3460 τῶν
1130 3410 1342 3478 Opi;va
1389 3411 1577 3478 ὥσπερ
1608 3413 1768 3463 ἐκλα-

191 3504 429 3570 θομένη,
486 3501 899 3570 προσληψοῆναι
960 3504 1053 3553 καὶ
1112 3501 1279 3570 αὐτὴν
1319 3501 1395 3569 τῷ
1448 3501 1617 3565 παιδὶ,
1674 3503 1767 3554 καὶ

195 3592 626 3664 παρακληθῆναι
676 3596 812 3662 πρὸς
851 3596 918 3647 τά
983 3593 1258 3665 ὁρώμενα,
1318 3596 1553 3664 ἰσχυρῶς
1597 3596 1767 3647 ὲὸεῑτο

190 3687 296 3741 τοῦ
332 3690 633 3757 μάρτυρος,
691 3690 781 3741 καὶ
811 3690 868 3743 ὃς
906 3688 1005 3754 τῆς
1064 3688 1155 3737 ἐπὶ
1216 3690 1510 3756 σωτηρίαν,
1529 3687 1768 3755 ἀγούσης

191 3784 293 3833 ἐπὶ
318 3780 477 3833 πλέον
505 3784 641 3848 αὐτῇ
680 3781 898 3847 ἔχεσθαι
929 3781 1185 3849 πάρῃνει,
1218 3792 1315 3832 και
1358 3779 1505 3843 τέλος
1543 3783 1767 3850 εἰρήνην

190 3872 325 3931 δοὺς
350 3871 484 3940 πρὸς
515 3872 615 3934 τάς
641 3873 847 3934 οίκείας
880 3874 1017 3940 μετά
1046 3872 1138 3924 τοῦ
1172 3874 1359 3935 παιδὸς
1395 3873 1635 3944 ἐχώρουν
1654 3874 1774 3927 δια-

191 3963 415 4034 τριόος,
450 3966 544 4017 καὶ
589 3967 696 4019 τῶν
726 3965 1019 4034 ὀφθαλμῶν
1042 3968 1255 4034 ἐκείνης
1294 3966 1588 4019 διίσταντο.

275 4139 377 4193 IE'.
425 4138 489 4191 ἰι
523 4138 578 4191 δὲ
604 4140 805 4201 εὐθέως
836 4139 1214 4193 διυπνισθεῖσα
1274 4140 1370 4194 καὶ
1410 4142 1543 4212 πρὸς
1572 4142 1769 4211 ἑαυτὴν

192 4226 544 4301 ὶπανήξασαζ
585 4234 705 4295 οἵας
741 4234 834 4286 ἐπὶ
863 4235 928 4301 τῇ
983 4232 1077 4284 τοῦ
1114 4234 1390 4302 μάρτυρος
1436 4251 1494 4284 τε
1530 4237 1624 4287 καὶ
1676 4234 1767 4286 τοῦ

193 4326 391 4388 παιδὸς
457 4327 748 4394 παρουσία,
807 4325 902 4393 τῆς
976 4325 1237 4392 εὐθυμίας
1306 4326 1603 4387 ἀπέλαυσε,
1658 4329 1769 4389 τοῖς

194 4418 470 4487 παροῦσιν
500 4419 572 4479 ὼς
604 4419 791 4487 ἥδιστα
822 4414 1047 4487 διεξὴει,
1091 4418 1186 4469 καὶ
1231 4417 1416 4486 θαῦμα
1452 4420 1547 4481 τὰς
1594 4420 1766 4473 ἀπάν-

1868 3250 1975 3287 ιιοη
2008 3232 2228 3292 desinit,
2262 3242 2317 3285 et
2354 3231 2520 3285 vitam
2564 3230 2806 3292 brevem.
2840 3239 2893 3284 et
2922 3246 3039 3299 quae
3070 3240 3151 3284 est
3186 3232 3249 3284 ad
3298 3241 3439 3286 tem-

1867 3337 1988 3392 pus,
2018 3339 2135 3375 σενι)
2159 3323 2513 3391 sempiterno.
2557 3320 2681 3375 Hac
2707 3336 2829 3375 cum
2872 3333 3046 3373 mater
3070 3320 3366 3375 audivisset
3408 3338 3438 3376 a

1868 3413 1996 3476 ﬁlio,
2034 3420 2255 3466 etesset
2295 3414 2455 3465 veluti
2486 3414 2652 3465 oblita
2690 3412 3138 3465 lamentationem
3162 3453 3174 3475 ,
3219 3423 3277 3465 ut
3320 3413 3439 3481 ipsa

1866 3521 2080 3575 quoque
2114 3514 2491 3560 assumeretur
2519 3503 2587 3559 ad
2618 3503 2813 3562 ﬁlium.
2841 3513 2896 3558 et
2930 3519 2993 3558 ex
3036 3504 3123 3567 iis,
3160 3520 3280 3574 quae
3319 3522 3441 3561 cer-

1868 3600 2159 3654 nebantur.
2217 3596 2490 3663 acciperet
2549 3594 3018 3660 consolationem,
3082 3597 3442 3651 vehementer

1869 3689 2093 3757 rogabat
2123 3698 2436 3757 martyrem.
2484 3684 2575 3740 Ille
2612 3694 2792 3739 autem
2840 3687 3122 3752 suadebat,
3166 3698 3224 3741 ut
3271 3691 3441 3759 magis

1868 3794 1985 3833 eam
2011 3777 2148 3830 viam
2181 3786 2523 3843 sequeretur,
2564 3790 2683 3843 quae
2713 3777 2866 3830 ducit
2894 3777 2959 3831 ad
3003 3779 3252 3832 salutem.
3290 3775 3440 3832 Tan-

1869 3868 1991 3923 dem
2028 3878 2234 3928 autem,
2282 3866 2402 3920 data
2451 3879 2607 3935 pace,
2660 3865 2799 3919 abiit
2874 3865 2960 3917 ille
3004 3882 3125 3920 cum
3174 3883 3343 3937 puero
3371 3872 3438 3923 ad

1870 3977 2021 4014 suam
2054 3960 2441 4012 habitationem
2473 3974 2489 4011 :
2525 3966 2582 4010 et
2621 3966 2849 4026 uterque
2887 3937 3139 4012 discessit
3180 3960 3248 4012 ab
3295 3959 3441 4015 illius

1869 4051 2057 4105 oculis.

1940 4142 2055 4197 XV.
2100 4143 2188 4196 Illa
2229 4151 2408 4197 autem
2460 4142 2643 4196 statim
2686 4151 3024 4211 experrecta,
3055 4152 3112 4197 et
3152 4144 3219 4197 ad
3266 4160 3323 4199 se
3352 4161 3439 4199 rc-

1870 4253 2050 4296 versa,
2082 4247 2337 4304 quantam
2372 4236 2442 4289 ob
2476 4235 2723 4303 martyris
2748 4245 2802 4289 et
2832 4236 2922 4288 ﬁlii
2950 4237 3240 4289 adventum
3284 4253 3439 4291 asse-

1870 4340 1993 4384 cuta
2033 4340 2179 4382 esset
2219 4329 2384 4381 animi
2425 4330 2868 4396 tranquillitatem
2919 4346 2980 4385 ac
3022 4330 3285 4390 lzetitiam,
3316 4348 3441 4385 nar-

1873 4423 2010 4477 ravit
2042 4423 2103 4478 iis
2147 4424 2237 4491 qui
2266 4422 2510 4477 aderant.
2547 4420 2798 4474 Omnium
2829 4433 3008 4474 autem
3036 4425 3247 4475 animos
3286 4425 3437 4475 inva-

190 4529 313 4565 των
351 4496 463 4581 εἶχε
506 4514 703 4581 ψυχὰς,
728 4512 804 4581 τῷ
835 4512 1125 4581 παραδόξῳ
1151 4492 1245 4579 si);
1275 4510 1601 4580 διηγήσεως,
1638 4508 1766 4563 Εἶτα

1875 4517 1944 4570 sit
1985 4515 2269 4570 admiratio
2308 4516 2378 4568 ob
2418 4513 2815 4571 admirabilem.
2869 4523 2923 4565 et
2962 4529 3080 4581 quae
3123 4515 3435 4582 Opinionem

196 4610 297 4657 καὶ
335 4606 396 4657 τὸ
452 4602 547 4655 τοῦ
608 4604 866 4670 παιδὸςή
929 4603 1222 4671 μσκαρίτις
1288 4602 1536 4654 ποθεινὸν
1594 4605 1770 4653 ἐκεῖνο

196 4697 497 4765 σωμάτιον,
524 4694 782 4766 λαμπρὰς
811 4692 1146 4763 ἀλειψαμένη
1208 4694 1301 4744 καὶ
1374 4690 1766 4761 περιϐαλοῦσα,

195 4789 281 4860 τῷ
324 4791 561 4859 μάρτυρι
609 4787 994 4856 παρατίθεται,
1066 4787 1335 4856 πάννυχόν
1396 4803 1455 4838 τε
1506 4789 1602 4838 σὺν
1656 4788 1769 4848 τοῖς

196 4884 545 4950 προσήκουσι
574 4881 664 4931 καὶ
696 4880 869 4941 ἄλλως
903 4878 1229 4946 ἐπιτηδείοις
1269 4880 1391 4945 τὴν·
1418 4878 1767 4947 εὐχαριστίαν

200 4975 575 5048 ποιησαμένη,
609 4974 743 5041 πρὸς
776 4974 831 5026 δὲ
884 4973 977 5025 καὶ
1007 4973 1105 5039 τὴν
1134 4974 1400 5041 μυστικὴν
1437 4970 1763 5048 ἱερουργίαν,

200 5071 266 5123 ἑν
294 5060 339 5135 ᾧ
377 5065 697 5135 τελεσθῆναι
730 5065 837 5116 ἔδει
872 5065 1155 5128 τελέσασα,
1194 5063 1286 5116 ἐπὶ
1343 5063 1538 5132 δαψιλῆ
1587 5078 1768 5130 παρα-

198 5159 362 5214 καλεῖ
407 5158 473 5211 τά
501 5158 711 5219 δεῖπνα,
744 5156 869 5217 τοὺς
908 5156 1015 5208 τῶν
1058 5157 1220 5226 ιερῶν
1252 5155 1436 5225 ὕμνων
1476 5158 1614 5223 αὐτῇ
1653 5171 1765 5207 κοι-

197 5254 576 5323 νωνήσαντας,
639 5244 954 5311 Εἷϐὀῦτως
1023 5249 1209 5317 μακρά
1262 5248 1339 5317 τῷ
1393 5247 1492 5317 βίῳ
1558 5245 1768 5316 χαίρειν

196 5345 452 5406 εἰποῦσα,
479 5348 557 5407 εἰς
589 5343 818 5405 ἀσύλους
844 5359 900 5394 τε
925 5340 1254 5411 θησαυροὺς,
1272 5341 1370 5402 τὰς
1387 5341 1496 5391 τῶν
1518 5340 1768 5408 πενήτων

198 5443 349 5511 φημὶ
391 5442 669 5511 γαστέρας
712 5440 801 5491 τὸν
832 5435 1059 5488 πλοῦτον
1105 5434 1278 5502 αὐτῆς
1314 5435 1488 5485 πάντα
1533 5429 1767 5482 καταθε-

201 5538 367 5609 μένη,
401 5537 494 5589 καὶ
530 5533 676 5587 λιτὸν
717 5532 915 5585 ἐνδῦσα
975 5528 1199 5597 χιτῶνα)
1237 5527 1314 5597 τῷ
1346 5528 1501 5596 τάφῳ
1531 5523 1766 5595 διηκόνει

199 5632 295 5682 τοῦ
322 5629 623 5699 μάρτυρος,
661 5624 802 5677 οὕτω
842 5641 900 5677 τε
949 5623 1234 5692 νηστείαις
1288 5620 1621 5690 σχολάζον-σα
1675 5616 1767 5670 καὶ

200 5723 533 5794 προσευχαῖς
558 5716 646 5792 ἦν,
680 5719 775 5772 καὶ
828 5717 917 5769 τὸν
970 5715 1118 5778 ἐντὸς
1155 5713 1408 5767 τοσοῦτον
1461 5702 1767 5781 ἐκαθήρατο

206 5816 514 5887 ἄνθρωπον,
564 5815 675 5885 ὅσῳ
706 5814 801 5867 καὶ
837 5811 958 5865 καθ’
983 5811 1219 5880 ἑκάστην
1251 5810 1388 5879 αὐτῇ
1420 5806 1616 5878 κυρίαν
1660 5805 1767 5859 τῶν

1871 4605 2181 4671 superabat,
2210 4604 2598 4655 narrationem.
2639 4601 2844 4655 Deinde
2877 4618 2999 4655 cum
3038 4604 3130 4656 ﬁlii
3163 4606 3242 4657 sui
3286 4606 3436 4657 desi-

1871 4691 2109 4745 derabile
2158 4690 2288 4745 illud
2358 4691 2740 4759 corpusculum
2802 4693 2955 4748 beata
3013 4695 3107 4759 illa
3155 4695 3436 4763 splendide

1874 4785 2117 4839 uoxisset
2165 4794 2220 4839 et
2248 4784 2664 4852 composuisset,
2714 4783 2764 4841 id
2809 4786 3152 4839 commendat
3190 4793 3432 4856 martyri,

1871 4889 1981 4934 tota
2011 4890 2169 4932 nocte
2195 4894 2315 4931 cum
2345 4878 2780 4946 consanguineis,
2802 4882 2937 4931 etiis
2956 4881 3042 4947 qui
3076 4881 3140 4933 ad
3168 4897 3282 4934 eam
3311 4885 3438 4935 atti-

1870 4973 2093 5033 nebant,
2127 4969 2328 5025 faciens
2359 4971 2654 5040 gratiarum
2682 4971 2974 5024 actionem.
3021 4971 3225 5027 Deinde
3266 4977 3432 5031 etiam

1870 5075 1991 5115 curn
2026 5064 2309 5131 mystiCum
2356 5070 2600 5115 curasset
2642 5062 3007 5131 peragendum
3057 5065 3380 5115 sacriﬁcium
3413 5102 3431 5129 ,

1871 5156 1922 5207 in
1952 5169 2059 5223 quo
2088 5169 2205 5206 eam
2260 5144 2551 5220 oportebat
2591 5153 2815 5213 initiari,
2860 5153 2924 5204 ad
2979 5154 3175 5207 lautam
3237 5155 3432 5211 invitat.

1869 5259 2079 5301 caenam
2114 5260 2230 5307 eos,
2266 5246 2359 5315 qui
2392 5261 2670 5299 sacrorum
2714 5248 3033 5315 hymnorum
3063 5248 3276 5303 fuerant
3304 5266 3425 5304 cum

1868 5355 1931 5393 ea
1998 5340 2309 5408 participes.
2362 5340 2562 5393 Deinde
2615 5354 2738 5393 cum
2792 5344 2870 5394 sic
2929 5342 3187 5394 mundum
3250 5344 3431 5397 valere

1866 5434 2137 5503 iussisset,
2172 5443 2226 5485 et
2272 5432 2324 5484 in
2363 5430 2666 5490 thesauros,
2705 5431 2796 5499 qui
2845 5446 2953 5483 non
3006 5442 3240 5501 possunt
3271 5435 3433 5503 eripi,

1872 5528 1922 5579 in
1950 5540 2270 5594 pauperum,
2299 5526 2541 5592 inquam,
2581 5533 2818 5585 ventres,
2851 5539 3042 5578 omnes
3073 5540 3197 5578 suas
3238 5536 3438 5581 conlu-

1869 5617 2019 5670 lisset
2045 5617 2280 5679 divitias,
2315 5625 2368 5668 et
2401 5630 2458 5668 se
2490 5614 2636 5667 tenui
2659 5614 2923 5669 induisset
2956 5615 3158 5682 tunica,
3185 5616 3436 5684 sepulcro

1871 5710 2213 5763 ministrabat
2264 5707 2545 5777 martyris;
2612 5716 2668 5760 et
2717 5706 2794 5760 sic
2844 5707 3068 5775 jejunus
3132 5722 3329 5761 vacans
3382 5717 3435 5761 et

1870 5803 2233 5869 roaiionibus,
2273 5802 2542 5857 internum
2592 5809 2803 5854 tantum
2840 5800 3102 5871 purgabat
3135 5800 3435 5864 hominem,
