4178 6316
747 374 882 437 1159

2017 357 2293 419 MENSIS
2329 355 2694 414 OCTOBER.

3856 347 3986 415 1160

747 500 804 546 ut
829 483 1056 553 singulis
1083 478 1370 536 Dominicis
1410 477 1456 532 ei
1490 486 1690 546 martyr
1725 484 2012 543 appareret
2051 489 2173 526 cum
2203 472 2310 524 lilio

2455 467 2635 538 μερῶν
2667 466 2757 518 τὸν
2817 463 3072 533 μάρτυρα
3134 461 3225 513 τοῦ
3282 461 3465 523 παιδὸς
3506 460 3562 513 ὲν
3613 461 3780 531 ὁμοία
3829 455 3994 533 ἧκαὶ

745 581 800 633 in
841 552 1055 637 eodem,
1099 574 1152 628 in
1208 587 1314 640 quo
1366 570 1553 638 prius,
1605 567 1839 624 amictu.
1901 565 2017 634 ejus
2073 563 2313 616 dolorem

2442 561 2680 630 πρότερον
2735 553 3062 608 ἐπίστασθαι
3095 556 3159 622 τῇ
3193 553 3450 623 ἀναϐολῇ,
3501 552 3656 620 παρὰ
3691 553 3880 624 ψυχὴν
3926 557 3991 623 τῇ

749 672 1117 725 consolantes.
1162 664 1402 734 Septimo
1457 674 1637 716 autem
1687 676 1827 713 anno
1874 675 1986 712 suae
2029 657 2081 709 in
2127 657 2320 709 melius

749 766 869 816 vita:
916 758 1250 819 mutationis,
1295 772 1414 808 eum
1451 757 1608 824 plena
1646 761 1788 806 esset
1831 752 2022 806 diebus
2074 750 2318 816 spiritus,

748 854 799 906 in
833 869 962 923 pare
989 851 1134 919 pacis
1186 848 1400 914 quidem
1447 846 1538 898 Dei
1580 845 1858 914 spiritum,
1895 857 2096 910 corpus
2142 849 2320 892 autem

749 945 1092 1000 commendat
1125 942 1254 1002 lilio,
1302 950 1356 992 ut
1402 953 1539 1007 quos
1569 952 1673 990 una
1707 936 1939 990 habebat
1972 935 2187 995 domus,
2228 946 2322 985 eos

750 1035 908 1088 etiam
967 1048 1108 1087 unus
1159 1031 1416 1084 conderet
1461 1028 1692 1089 loculus,
1749 1036 1803 1080 et
1842 1041 1909 1079 ne
1952 1026 2066 1092 ipse
2104 1021 2320 1089 quidem

751 1125 1032 1176 amborum
1079 1121 1256 1189 pulvis
1316 1119 1738 1187 disjungeretur.
1785 1116 1915 1167 Cum
1976 1112 2174 1180 quibus
2235 1111 2324 1165 det

752 1229 965 1284 quoque
995 1213 1152 1266 nobis
1189 1210 1328 1263 Deus
1364 1224 1487 1263 esse
1521 1209 1692 1276 partis
1732 1222 1943 1264 eorum,
1983 1203 2071 1271 qui
2104 1217 2324 1255 servan-

754 1315 862 1370 tur,
889 1317 942 1358 et
968 1305 1144 1358 videre
1176 1303 1450 1372 regionem
1479 1301 1774 1353 viventium
1814 1315 1825 1348 :
1863 1295 2115 1365 quoniam
2144 1295 2314 1361 ipsum

753 1399 908 1452 decet
940 1397 1117 1449 omnis
1149 1395 1316 1465 gloria
1357 1405 1408 1447 et
1455 1392 1699 1447 adoratio
1755 1405 1897 1444 nunc
1945 1398 1997 1441 et
2030 1400 2240 1453 semper
2267 1395 2317 1438 et

755 1492 809 1543 in
852 1490 1045 1543 saecula
1093 1490 1432 1543 szeeulorum.
1464 1489 1654 1540 Amen.

772 1749 1944 1780 mm

2417 650 2564 720 λύπῃ
2601 649 2860 707 διδόντας,
2894 645 3013 704 ἔτος
3053 643 3284 712 ἕϐδομον
3321 643 3377 707 ἐξ
3413 645 3540 695 ὅτου
3573 644 3640 696 τα
3683 644 3786 713 τῆς
3826 659 3992 713 μετα·

2418 741 2576 808 ϐολῆς
2613 741 2744 808 προς
2766 737 2826 789 τὸ
2865 736 3101 805 βέλτιον,
3134 737 3226 787 καὶ
3261 737 3472 804 πλήρης
3504 736 3729 807 ἡμερῶν
3767 736 3880 789 τῶν
3898 734 3992 790 τοῦ

2424 833 2741 902 Πνεύματος
2765 829 3057 898 γενομένη,
3091 830 3146 880 ὲν
3165 829 3378 898 εἰρήνῃ,
3406 827 3481 896 τῷ
3501 828 3603 896 μὲν
3633 830 3733 896 τῆς
3762 829 3993 898 είρήνηῖ

2422 923 2539 992 Θεῷ
2573 924 2632 975 τὸ
2664 921 2900 990 πνεῦμα,
2931 919 2990 971 τὸ
3016 919 3172 986 σῶμα
3208 917 3265 971 δὲ
3300 917 3376 986 τῷ
3413 917 3567 969 παιδὶ
3609 917 3988 987 παρατίθεται,

2425 1018 2488 1068 ἶν’
2522 1015 2613 1077 οὒς
2688 1015 2780 1085 μία
2834 1007 2979 1081 εἶχεν
3043 1011 3209 1072 οίκία,
3272 1009 3492 1072 τούτους
3549 1010 3641 1062 καὶ
3700 1009 3801 1078 μία
3838 1010 3995 1080 σορὸς

2423 1105 2707 1172 πιστενθῆ,
2766 1103 2857 1156 καὶ
2893 1102 3028 1171 μηδὲ
3074 1102 3212 1155 αύτὰ
3273 1101 3458 1170 διαστῇ
3514 1101 3582 1153 τὰ
3633 1101 3734 1169 τῆς
3771 1100 3995 1162 κόνεως.

2421 1198 2553 1251 Μεθ’
2582 1191 2655 1248 ὦν
2696 1195 2814 1263 δώῃ
2855 1194 2948 1246 καὶ
2991 1194 3122 1262 ἡμῖν
3152 1191 3330 1252 ὁΘεὸς
3357 1191 3452 1257 τῆς
3507 1190 3615 1242 τῶν
3673 1189 3999 1257 σωζομένων

2423 1289 2678 1356 γενέσθαι
2723 1285 2960 1355 μερίδος,
2999 1286 3090 1336 καὶ
3119 1283 3218 1353 τὴν
3247 1282 3353 1334 τῶν
3376 1281 3591 1344 ζὼντως
3623 1279 3808 1350 χώραν
3846 1279 3997 1339 ἰδεῖν,

2425 1382 2505 1434 ὅτι
2543 1378 2690 1446 αύτῴ
2734 1376 2935 1446 πρέπει
2968 1377 3117 1428 πᾶσα
3141 1374 3288 1439 δόξα,
3312 1374 3442 1442 τιμὴ
3474 1373 3569 1426 καὶ
3598 1369 3996 1442 προσκύνησις,

2426 1474 2522 1525 νῦν
2573 1472 2667 1524 καὶ
2723 1470 2811 1523 ἀεὶ
2876 1470 2970 1522 καὶ
3030 1470 3108 1531 είς
3165 1467 3289 1530 τοὺς
3341 1464 3538 1528 αἰῶνας
3601 1463 3712 1516 τῶν
3763 1461 3999 1515 αἰώνων.

2438 1565 2627 1634 Ἀμήν.

1375 1732 3982 1772 WW3}:

1931 1905 2798 2029 ΜΑΡΤΥΡΙΟΝ

1505 2137 1729 2221 ΤΟΥ
1809 2131 2142 2216 ΑΓΙΟΥ
2214 2127 3255 2221 ΜΕΓΑΛΟΜΑΡΤΥΡΟΣ

1839 2343 2909 2479 ΑΡΤΕΜΙΟΥ.

2261 1759 2592 1771 __._—————

2028 2771 2750 2861 MABTYRIUM

1321 2992 1832 3108 SANCTI
1912 2997 2092 3104 ET
2183 2991 2634 3108 MAGNI
2713 2985 3453 3101 MARTYRIS

1955 3240 2817 3393 ARTEMI].

1299 3516 1491 3575 (Graece
1525 3525 1586 3561 ει
1624 3513 1734 3564 cod.
1762 3527 1850 3564 ms.
1891 3512 2046 3564 Paris.
2073 3526 2123 3562 n.
2151 3511 2299 3571 1480;
2325 3511 2496 3561 Latine
2529 3510 2655 3572 apud
2678 3509 2875 3558 Surtum
2903 3506 2962 3554 ad
2994 3508 3125 3555 diem
3147 3505 3207 3554 20
3232 3503 3498 3564 Octobris.)

850 3833 887 3890 Ι.
931 3833 1057 3888 Post
1113 3832 1326 3890 Domini
1377 3848 1429 3894 et
1487 3839 1813 3896 Salvatoris.
1843 3841 2018 3894 nostri
2072 3840 2129 3894 in
2180 3839 2317 3894 coelo

2523 3834 2604 3889 A'.
2651 3835 2806 3890 Μετά
2839 3833 2938 3902 τὴν
2971 3833 3064 3886 τοῦ
3102 3831 3307 3903 Κυρίου
3348 3830 3444 3883 καὶ
3470 3830 3727 3901 Σωτῆρος
3759 3831 3918 3901 ήμῶν
3949 3831 4029 3895 είς

778 3941 1086 3990 ascensum,
1115 3941 1237 3980 cum
1273 3929 1389 3996 ejus
1412 3929 1661 3998 discipuli
1697 3939 1751 3984 et
1771 3929 1999 4000 apostoli
2027 3930 2340 3984 universum

779 4021 962 4073 orbem
1014 4029 1172 4072 terra:
1221 4019 1510 4092 Evangelio
1563 4023 2130 4089 comprehendissent,
2187 4032 2242 4076 et
2287 4022 2343 4075 in

781 4128 968 4167 omnes
1015 4112 1232 4181 quidem
1285 4124 1467 4180 partes
1505 4114 1616 4180 jam
1652 4113 1939 4167 distributa
1969 4122 2113 4168 esset
2156 4113 2345 4182 praedi-

781 4205 922 4256 catio
947 4203 1187 4271 pietatis,
1216 4201 1260 4253 is
1299 4211 1502 4264 autem,
1537 4202 1624 4268 qui
1660 4206 1727 4256 ab
1757 4203 1913 4257 initio
1943 4203 2129 4272 generi
2171 4202 2347 4256 homi-

784 4310 909 4346 num
967 4295 1304 4356 adversatur,
1359 4293 1709 4350 intolerandis
1757 4297 2042 4349 tormentis
2088 4310 2185 4366 per
2229 4309 2344 4360 eos,

784 4385 870 4454 qui
923 4395 1051 4438 tunc
1116 4400 1291 4438 rerum
1348 4387 1713 4455 potiebantur,
1787 4388 2082 4456 subjiceret
2140 4387 2345 4453 ﬁdeles,

785 4479 1068 4546 oportebat
1107 4477 1398 4546 aliquando
1445 4475 1791 4533 Christianos
1835 4480 1967 4534 solvi
2014 4494 2045 4534 a
2091 4480 2251 4534 malis
2297 4489 2351 4533 et

788 4568 1070 4634 molestiis,
1123 4577 1177 4622 et
1245 4583 1365 4622 cum
1415 4569 1610 4623 acerba
1670 4571 1813 4625 nube
1871 4571 2162 4642 impietatis
2216 4570 2347 4624 solvi

789 4662 951 4713 etiam
1013 4669 1387 4728 tempestatem
1437 4670 1850 4725 tormentorum,
1903 4665 2100 4731 quibus
2154 4660 2352 4716 allicie-

791 4752 1009 4814 bantur,
1055 4759 1109 4801 et
1149 4748 1264 4802 sisti
1298 4749 1498 4818 virgam
1533 4761 1904 4818 peccatorum,
1942 4766 2061 4819 qua:
2094 4751 2350 4804 immitte-

792 4843 946 4896 batur
979 4842 1241 4896 adversus
1267 4841 1636 4896 litereditatem
1674 4843 1975 4912 iustorum.
2003 4841 2135 4897 Cum
2169 4852 2350 4896 autem

791 4937 852 4988 ad
885 4937 985 4988 hoc
1015 4943 1157 4988 esset
1182 4949 1317 5002 opus
1347 4935 1464 4988 viro
1516 4935 1606 5004 qui
1640 4935 1865 4989 haberet
1892 4937 2156 5006 insignem
2186 4936 2352 4990 animi

793 5027 1128 5080 nobilitatem
1162 5065 1176 5088 ,
1214 5028 1336 5080 talis
1370 5035 1550 5080 autem
1585 5037 1700 5080 erat
1721 5026 2021 5080 Constantii
2055 5037 2108 5081 et
2140 5027 2356 5081 Helena:

795 5119 957 5174 illius.
1005 5115 1399 5168 Constantinus
1451 5114 1686 5186 Magnus
1724 5119 2137 5186 cognominatus
2173 5135 2186 5171 :
2237 5118 2282 5170 is
2323 5132 2352 5169 a

2439 3929 2712 3997 ὀὐρανοὺς
2757 3927 3030 3998 ἀνάληψιν
3059 3966 3074 3994 ,
3117 3926 3225 3978 τῶν
3278 3922 3443 3978 αὑτοῦ
3509 3923 3774 3990 μαθητῶν
3826 3941 3884 3977 τε
3931 3925 4025 3978 καὶ

2431 4023 2761 4078 ’ἀποστόλων
2804 4023 2905 4092 τὴν
2956 4019 3284 4090 οίκουμένην
3330 4018 3510 4070 πᾶσαν
3561 4015 3643 4085 τῷ
3699 4016 4025 4086 Εὑαγγεὶίῳ

2447 4115 2890 4183 περιλαϐόντων,
2935 4115 3030 4164 καὶ
3077 4109 3353 4178 πανταχοῦ
3397 4108 3496 4178 μὶν
3527 4105 3873 4169 διαδοθέντος
3925 4109 4024 4176 ﬁt,

2445 4206 2543 4260 τοῦ
2572 4207 2671 4275 τῆς
2704 4203 2988 4266 εὐσεϐείας
3017 4202 3371 4272 κηρύγματος
3425 4199 3518 4251 τοῦ
3556 4197 3614 4251 δὲ
3651 4199 3899 4269 ἀρχῆθεν
3935 4204 4028 4254 ἀν-

2445 4299 2760 4369 τικειμένου
2800 4296 2878 4364 τῷ
2908 4297 3018 4350 τῶν
3047 4293 3357 4364 ἀνθρώπων
3389 4290 3557 4360 γένει,
3592 4289 3868 4360 βασανους
3898 4294 4028 4360 ἀφο-

2451 4393 2633 4461 ρήτοις
2657 4389 2748 4442 διὰ
2799 4389 2910 4442 τῶν
2939 4388 3057 4442 τότε
3095 4384 3442 4456 κρατούντων
3470 4384 3871 4446 ὑποϐάλλοντας
3901 4385 4024 4446 τοὺς

2450 4481 2816 4542 πιστεύοντας
2851 4480 2959 4531 ἔδει
3007 4478 3142 4529 ποτὲ
3174 4476 3329 4528 λύσιν
3368 4479 3627 4543 γενέσθαι
3673 4478 4025 4545 Χριστιανοῑς

2448 4571 2558 4626 τῶν
2617 4571 2887 4642 ἀνιαρῶν,
2953 4570 3046 4624 καὶ
3117 4568 3260 4638 μετά
3311 4565 3404 4619 τοῦ
3457 4565 3658 4636 πικροῦ
3691 4571 3894 4635 νέφους
3934 4569 4024 4634 τῆς

2449 4665 2706 4730 ἀσεϐείας
2746 4665 2976 4736 λυθῆναι
3009 4662 3217 4717 καὶτὸν
3271 4661 3516 4732 χειμῶνα
3553 4663 3653 4730 τῆς
3691 4662 3816 4712 κατ’
3849 4661 4028 4714 αὐτῶν

2451 4757 2742 4826 τιμωρίας,
2778 4758 2871 4808 καὶ
2896 4757 3090 4825 στῆναι
3122 4755 3318 4823 ῥάϐδον
3351 4753 3697 4823 ἁμαρτωλῶν
3727 4756 3874 4805 κατά
3904 4754 4029 4822 κλή-

2455 4866 2548 4920 ρου
2573 4851 2795 4902 δικαίων
2825 4850 3152 4918 ἀφιεμένην,
3190 4847 3344 4900 Ἐπεὶ
3375 4847 3428 4899 δὲ
3452 4846 3642 4914 ἀνδρὸς
3675 4848 3856 4898 ὲδείσο
3897 4847 4028 4913 πρὸς

2453 4943 2634 5007 τοῦτο,
2685 4941 2966 5012 περιφανῆ
3013 4941 3113 5010 τὴν
3155 4942 3256 5006 τῆς
3285 4939 3467 5008 ψυχῆς
3497 4938 3789 5005 εὐγένειαν
3831 4955 4030 5005 κεκτη-

2457 5038 2644 5108 μένου,
2684 5033 2925 5096 τοιοῦτος
2970 5033 3025 5083 δὲ
3056 5033 3084 5083 ὁ
3115 5031 3470 5094 Κώνσταντος
3518 5031 3610 5083 καὶ
3659 5029 3886 5098 Ἑλένης
3922 5030 4028 5090 υἱὸς

2458 5126 2864 5184 Κωνσταντῐνος
2912 5124 2940 5172 ὁ
2985 5121 3172 5187 Μέγας
3221 5119 3558 5187 ἐπικληθεὶς,
3589 5117 3898 5186 ἀφίσταται
3937 5118 4030 5185 μὶν

793 5211 965 5278 patrio
1005 5210 1224 5277 quidem
1265 5207 1470 5261 recedit
1514 5225 1720 5273 errore,
1771 5225 1971 5266 arcano
2019 5211 2252 5278 quodam
2299 5225 2321 5263 e

2457 5215 2553 5283 τῆς
2592 5215 2824 5283 πατρίου
2881 5211 3088 5280 πλάνης
3129 5212 3432 5281 ἀπορρήτῳ
3480 5211 3587 5262 τινὶ
3633 5211 3729 5261 καὶ
3779 5211 4029 5278 Θειοτέρᾳ

795 5304 975 5356 divino
1030 5301 1277 5364 consilio,
1331 5310 1385 5354 et
1434 5301 1641 5354 accedit
1696 5302 1761 5356 ad
1824 5304 2125 5355 veritatem.
2183 5301 2358 5355 Vincit

797 5395 961 5457 enim,
991 5403 1048 5446 ut
1073 5407 1262 5446 omnes
1289 5392 1488 5456 sciunt,
1519 5393 1766 5447 inimicos
1794 5408 1890 5462 per
1923 5395 2099 5448 crucis
2133 5395 2183 5446 in
2221 5395 2357 5448 coelo

799 5487 1189 5555 apparitionem
1234 5501 1248 5538 :
1307 5497 1358 5540 et
1420 5485 1645 5553 Magnus
1694 5488 1874 5539 statim
1925 5487 2250 5556 appellatur,
2305 5499 2359 5540 et

799 5589 1016 5648 propter
1046 5577 1262 5645 pietatis
1299 5576 1750 5646 magnitudinem,
1789 5585 1843 5630 et
1879 5577 1931 5629 in
1968 5579 2150 5631 hostes
2185 5578 2358 5630 victo-

798 5674 952 5724 riam.
987 5668 1190 5721 Deinde
1223 5669 1382 5722 etiam
1434 5683 1627 5737 magno
1657 5666 1812 5738 Regi,
1850 5676 1904 5719 et
1933 5671 2204 5722 communi
2242 5684 2358 5721 om-

802 5763 941 5814 nium
979 5759 1202 5813 Domino
1239 5760 1476 5816 victoriae
1513 5760 1744 5813 reddens
1786 5760 2006 5830 gratias,
2057 5761 2218 5816 mittit
2263 5776 2358 5830 per

2455 5304 2740 5373 οἰκονομίᾳ
2782 5303 2872 5354 καὶ
2900 5304 2963 5371 τῇ
2993 5302 3221 5369 ἀληθεία
3260 5298 3634 5370 προστίθεται,
3662 5299 3796 5367 νικᾷ
3842 5298 3928 5363 δὲ,
3962 5299 4028 5357 ὡς

2455 5399 2658 5458 πάντες
2698 5397 2868 5460 ῖσασι,
2901 5397 3028 5456 τοὺς
3061 5394 3289 5463 ἐχθροὺς
3321 5393 3409 5446 διά
3455 5392 3554 5461 τῆς
3590 5395 3648 5444 ἐν
3683 5391 3910 5461 οὐρανῷ
3944 5390 4030 5444 τοῦ

2460 5489 2694 5558 σταυροῦ
2739 5490 3060 5556 ἐμφανείας,
3103 5489 3198 5540 καὶ
3242 5489 3432 5554 Μέγας
3478 5487 3640 5550 εὐθὺς
3686 5490 3756 5557 τῇ
3797 5503 3860 5538 τε
3913 5486 4032 5554 περὶ

2456 5582 2555 5650 τὴν
2606 5581 2890 5632 εὐσέϐειαν
2951 5579 3336 5648 μεγαλειότητι
3395 5579 3489 5631 καὶ
3535 5580 3602 5646 τῇ
3665 5580 3793 5629 κατ’
3859 5578 4025 5630 αὐτῶν

2457 5672 2600 5742 νίκῃ,
2638 5669 3135 5740 προσαγορεύεται,
3172 5664 3292 5721 εἶτα
3327 5671 3416 5721 καὶ
3446 5668 3521 5737 τῷ
3564 5669 3794 5738 μεγάλῳ
3825 5667 4033 5721 Βασιλεῖ

2457 5766 2550 5818 καὶ
2583 5764 2738 5832 κοινᾷ
2773 5763 2989 5815 πάντων
3018 5762 3266 5834 Δεσπότῃ
3301 5764 3530 5832 χάριτας
3573 5762 3672 5831 τῆς
3715 5761 3879 5830 νίκης
3918 5763 4034 5813 ἀπο-
