4178 6316
171 342 309 419 1161

1335 350 1438 408 MA
1452 349 1739 409 RTYlUM
1774 349 1835 407 S.
1878 350 2225 410 ABTEMII.

3278 353 3415 421 1162

166 461 378 524 διδοὺς,
410 458 661 529 δόγματα
687 461 798 522 τοῖς
835 458 943 528 πρὸ
975 461 1065 513 τοῦ
1101 459 1411 531 βασιλεῦσιν
1442 460 1727 529 ἀντίρροπς

1853 474 2041 514 onmes
2072 468 2255 529 partes
2289 459 2437 514 orbis
2472 469 2628 516 terrae
2661 461 2903 528 decreta,
2936 477 3054 532 (piae
3097 477 3257 520 erant
3286 480 3415 521 con-

170 557 277 623 τῆς
326 553 653 623 οἰκουμένης
701 552 978 621 πανταχοῦ
1032 553 1425 620 διαπέμπεται,
1471 552 1598 615 τοὺς
1646 552 1745 621 μὲν

168 644 282 697 τῶν
341 643 575 696 εἰδώλων
626 642 1011 712 καθαιρεῖσθαι
1060 644 1219 706 ναοὺς
1266 645 1358 696 καὶ
1421 643 1503 707 είς
1551 644 1745 711 ἔδαφος

167 732 676 809 καταστρέφεσθαι,
708 735 1182 805 ἀνοικοδομεῖσθαι
1222 736 1277 789 δὲ
1313 735 1476 789 πάλιν
1501 734 1590 788 ἐπ’
1623 735 1746 789 ὀνό-

169 842 306 893 ματι
336 823 569 893 Χριστοῦ
605 826 698 878 καὶ
737 825 846 877 τῶν
876 824 1039 877 αὑτοῦ
1082 826 1343 896 μαθητῶν
1389 828 1480 880 καὶ
1532 825 1742 895 μαρτύ-

168 933 302 985 ρων,
342 917 526 980 οἰκους
560 918 882 986 περιφανεῖς
914 956 928 978 ,
964 918 1059 970 καὶ
1105 916 1169 980 ἀς
1211 916 1403 987 πρώην
1431 917 1742 987 ιἐκκλησίας

166 1010 219 1059 οἱ
240 1007 523 1071 δυσσεϐεῖς
552 1007 949 1078 κατέστρεψαν,
978 1008 1076 1078 τὴν
1113 1009 1389 1080 προτέραν
1418 1005 1573 1073 αὖθις
1606 1013 1743 1065 ἁπο-

163 1100 468 1165 λαμὸάνειν
496 1101 853 1169 εὐπρέπειαν.

238 1192 315 1247 Β’.
347 1196 410 1247 Τί
450 1190 542 1248 οὖν
592 1194 619 1244 6
676 1196 790 1256 τοῖς
832 1196 1060 1262 ἀγαθοῖς
1096 1194 1404 1265 βασκαίνων
1444 1196 1736 1263 διάϐολος;

160 1288 270 1339 οὐκ
304 1286 542 1354 ἐνεγκὼν
568 1286 668 1356 τὴν
698 1286 974 1358 τοσαύτην
1004 1288 1331 1358 μεταϐολὴν,
1394 1288 1568 1352 ἄλλως
1599 1306 1656 1341 τε
1683 1289 1739 1341 δὲ

161 1382 263 1433 καὶ
300 1380 392 1432 τὸν
426 1382 553 1432 τότε
610 1380 926 1449 κρατοῦντα
972 1379 1149 1444 εἰδὼς,
1201 1381 1300 1451 οὐχ
1343 1377 1454 1435 οἷόν
1489 1399 1549 1434 τε
1596 1378 1739 1435 εἶναι

162 1474 302 1541 πρὸς
334 1474 434 1539 τὴν
479 1474 722 1541 ματαίαν
763 1472 925 1525 πάλιν
979 1474 1086 1525 τῶν
1146 1474 1381 1526 εἰδώλων
1441 1476 1738 1545 θρησκείαν

157 1565 502 1628 ἐπανελθεῖν,
534 1565 757 1618 ἄλλοθεν
790 1568 922 1637 ἡμῖν
949 1567 1152 1636 ἐγείρει
1190 1568 1279 1619 τὸν
1322 1567 1560 1635 πόλεμον
1586 1608 1599 1630 ,
1643 1566 1739 1620 καὶ

155 1663 223 1727 τῇ
261 1661 379 1711 κατ’
397 1659 801 1729 Ἀλεξάνδρειαν
843 1659 1139 1728 Ἐκκλησία
1163 1659 1253 1710 τὸν
1276 1659 1333 1709 δυ
1346 1658 1737 1727 σσεϐἦἊρειον

154 1749 513 1819 παρενείρας,
590 1752 684 1802 καὶ
743 1748 932 1817 ὥσπερ
994 1750 1211 1817 ὀργάνῳ
1273 1750 1379 1801 τινί
1443 1751 1507 1819 τῇ
1569 1748 1732 1801 αὑτοῦ

155 1843 378 1914 γλώττῃ
421 1846 791 1914 χρησάμενος,
838 1844 1044 1911 κτίσμα
1091 1843 1178 1896 τὸν
1214 1843 1306 1913 τοῦ
1344 1842 1478 1895 Θεοῦ
1524 1844 1731 1912 ἀνακηο

156 1938 379 2007 ρυττειν
410 1939 542 2000 Υἱὸν
571 1936 768 2006 τολμᾷ,
803 1935 898 1988 καὶ
938 1936 1037 2005 τῆς
1070 1936 1162 1988 τοῦ
1198 1935 1332 1989 Θεοῦ
1369 1939 1462 1989 καὶ
1521 1939 1733 2006 Πατρὶς

152 2031 347 2092 οὐσίας
387 2028 737 2097 δογματίζειν
770 2027 1070 2099 ἀλλότριον.
1102 2030 1209 2099 Τῆς
1237 2032 1484 2100 πονηρᾶς
1515 2031 1569 2082 δὲ
1600 2033 1732 2087 ταύ-

159 2139 251 2189 της
289 2122 508 2188 Ἀρείου
551 2120 709 2191 δόξης
741 2118 1149 2191 διαδονηθείσης
1176 2124 1236 2173 τὸ
1266 2123 1427 2192 τάχος
1459 2123 1554 2175 καὶ
1593 2126 1730 2176 ἁπο-

152 2212 503 2282 σὸεσίιείσης,
532 2212 626 2265 an
660 2212 755 2266 τοῦ
790 2212 1047 2275 εὐσεϐοῦς
1083 2213 1351 2283 βασιλέως
1383 2216 1482 2285 τὴν
1524 2218 1582 2269 ἐν
1632 2215 1731 2270 Νι-

146 2304 287 2373 xui;
321 2304 431 2357 τῶν
473 2305 632 2358 θείων
672 2305 934 2375 Πατέρων
971 2308 1447 2376 συγκροτήσαντος
1490 2307 1725 2373 σύνοδον,

148 2399 248 2449 καὶ
275 2398 439 2449 αὑτὸν
468 2398 566 2466 μὲν
598 2400 817 2466 Ἀρειον
861 2397 953 2451 τοῦ
986 2398 1091 2450 τῶν
1118 2400 1305 2469 ἱερέων
1326 2401 1729 2468 ἀπεληλακότος

148 2491 535 2559 συστήματος,
583 2491 674 2542 τὸν
716 2490 791 2549 δὲ,¹
817 2491 991 2559 ἁληθῆ
1033 2490 1164 2542 Θεὸν
1201 2490 1294 2543 καὶ
1333 2493 1538 2562 Κύριον
1570 2494 1728 2562 ἡμῶν

160 2581 371 2650 Ἰησοῦν
405 2582 639 2653 Χριστὸν
671 2582 957 2653 δμοοῦσιον
1008 2583 1083 2654 τῷ
1118 2584 1292 2654 Πατρὶ
1325 2584 1419 2636 καὶ
1455 2586 1726 2640 συναῖδιον

144 2674 600 2742 ἁνακηρύξαντος
658 2676 732 2739 ῶς
790 2677 850 2729 τὸ
905 2676 1197 2746 πρότερον,
1257 2674 1411 2740 αὖθις
1467 2678 1495 2729 6
1534 2678 1725 2748 ἐχθρὸς

146 2763 392 2825 ελύσσα,
447 2764 542 2814 καὶ
588 2764 684 2832 τὴν
724 2766 996 2834 προτέραν
1036 2765 1200 2818 αὑτοῦ
1242 2765 1539 2837 θρησκείαν
1581 2773 1728 2821 errat-

144 2854 285 2923 ρᾶτσ
322 2852 483 2905 πάλιν
527 2852 889 2923 ἀνακινῆσαι,
950 2859 1043 2909 καὶ
1077 2858 1167 2908 τὸν
1197 2858 1364 2922 ἀξίως
1398 2860 1549 2929 αὐτῷ
1590 2861 1725 2930 πρὸς

142 2944 308 2996 τοῦτο
335 2945 753 3017 ὑπηρετήσοντα
819 2947 938 3001 λίαν
969 2949 1245 3017 ἐπιμελῶς
1275 2951 1576 3022 ἀνηρεύνα.
1616 2953 1723 3006 Τοῦ

141 3036 329 3088 τοίνυν
362 3037 600 3105 μεγάλου
640 3039 733 3091 καὶ
765 3037 983 3108 πρώτου
1024 3040 1369 3111 Χριστιανῶν
1430 3042 1721 3111 βασιλέως,

1850 552 2010 606 traria
2058 553 2293 607 decretis
2344 554 2583 623 priorum
2622 554 3051 624 imperatorum:
3096 573 3311 629 nempe.
3358 570 3417 617 ut

1848 642 2195 696 diruerentur
2231 644 2433 714 templa
2470 645 2756 706 idolorum,
2803 657 2857 701 et
2911 648 3155 703 funditus
3199 662 3417 707 everte-

1847 743 2077 789 rentur:
2115 735 2171 789 in
2208 735 2417 791 Christi
2449 746 2630 792 autem
2681 738 2905 794 nomine
2950 757 3138 797 rursus
3182 742 3416 799 aediﬁca-

1848 836 2055 891 rentur,
2094 836 2148 881 et
2178 828 2297 898 ejus
2327 828 2721 898 discipulorum
2752 840 2806 885 et
2837 843 3129 903 martyrum
3157 835 3302 889 azdes
3330 835 3416 889 in-

1845 917 2046 988 signes,
2083 931 2137 974 et
2167 936 2303 990 quas
2331 926 2484 991 prius
2513 924 2663 992 impii
2689 935 3001 979 everterant
3036 927 3317 994 ecclesias,
3338 943 3417 983 em

1844 1023 2034 1064 rursus
2073 1010 2311 1079 priorem
2345 1012 2597 1068 decorem
2628 1015 2955 1085 reciperent.

1914 1208 1982 1265 ll.
2008 1210 2147 1276 Quid
2178 1228 2329 1286 ergo,
2356 1216 2445 1285 qui
2468 1216 2624 1271 bonis
2654 1216 2878 1281 invidet,
2901 1219 3186 1276 diabolus?
3209 1223 3323 1278 Non
3340 1224 3416 1281 fe-

1841 1318 1969 1358 rens
2000 1314 2205 1360 tantam
2238 1310 2618 1374 mutationem,
2643 1322 2697 1364 et
2724 1312 2924 1381 alioqui
2951 1314 3128 1370 sciens
3164 1316 3276 1370 ﬁeri
3302 1334 3415 1373 non

1842 1410 2025 1464 posse,
2053 1406 2110 1452 ut
2138 1399 2229 1468 qui
2253 1408 2384 1454 tunc
2417 1402 2634 1457 tenebat
2660 1403 2974 1473 imperium,
3008 1405 3211 1462 rediret
3231 1410 3296 1463 ad
3323 1425 3415 1464 va-

1840 1502 1970 1540 num
2020 1491 2223 1545 cultum
2256 1492 2694 1559 simulacrorum,
2730 1497 2953 1551 aliunde
2988 1498 3041 1552 in
3077 1515 3176 1553 nos
3210 1498 3410 1555 bellum

1840 1578 2037 1631 excitat
2063 1595 2077 1632 :
2107 1591 2161 1633 et
2192 1596 2313 1635 cum
2337 1582 2391 1635 in
2424 1583 2718 1639 Ecclesiam
2744 1587 3163 1642 Alexandrinam
3189 1590 3410 1661 impium

1838 1666 2028 1722 Arium
2065 1671 2395 1740 induxisset,
2432 1686 2485 1730 et
2522 1687 2773 1747 tanquam
2826 1682 3189 1736 instrumento
3233 1684 3414 1753 aliquo

1839 1759 1957 1827 ejus
1981 1761 2159 1833 lingua
2185 1775 2330 1818 esset
2363 1782 2513 1832 usus,
2547 1770 2711 1823 audet
2751 1772 3041 1839 praedicare
3067 1772 3161 1828 Dei
3209 1773 3411 1831 Filium

1837 1867 1961 1907 esse
1993 1865 2256 1920 creatum,
2289 1871 2342 1910 et
2372 1857 2623 1927 dogmate
2655 1871 2914 1928 statuere,
2961 1880 3086 1919 eum
3122 1882 3246 1920 csse
3277 1868 3410 1923 alie-

1838 1958 1964 1996 num
1999 1960 2028 1998 a
2068 1944 2156 1999 Dei
2190 1956 2246 2001 et
2272 1947 2448 2002 Patris
2484 1952 2743 2005 essentia.
2779 1952 2891 2008 Hac
2914 1966 3094 2009 autern
3125 1958 3263 2012 mala
3296 1960 3410 2015 Arii

1835 2034 2095 2102 Opinione
2119 2036 2228 2090 cito
2259 2039 2551 2104 exstincta,
2585 2050 2770 2112 utpote
2798 2045 2942 2114 quod
2968 2047 3089 2116 pius
3115 2047 3411 2119 imperator

1834 2124 2026 2180 Nicaeae
2056 2127 2362 2182 divinorum
2384 2129 2605 2186 Patrum
2631 2148 3016 2205 congregasset
3044 2143 3330 2209 synodum,
3354 2153 3409 2197 et

1834 2215 2011 2286 ipsum
2039 2220 2256 2289 quidem
2287 2221 2479 2278 Arium
2514 2226 2777 2281 movisset
2802 2243 2832 2282 e
2869 2239 3013 2285 cmtu
3039 2233 3405 2302 sacerdotum,

1832 2324 2021 2363 verum
2067 2322 2249 2365 autem
2300 2313 2467 2369 Deum
2516 2326 2570 2370 et
2603 2317 2892 2375 Dominum
2938 2335 3186 2379 nostrum
3220 2327 3405 2383 Jesum

1832 2390 2110 2456 Christum
2158 2406 2402 2474 ejusdem
2455 2424 2575 2463 esse
2643 2426 2766 2464 cum
2824 2414 2983 2468 Patre
3024 2420 3302 2483 essentne,
3353 2436 3411 2476 et

1834 2503 2188 2559 coasternum,
2213 2498 2353 2552 sicut
2380 2501 2533 2568 prius
2558 2504 2908 2571 pradicasset
2930 2548 2944 2572 ,
2979 2507 3235 2565 inimicus
3280 2529 3404 2567 rur-

1830 2600 1923 2639 sus
1973 2586 2122 2642 rabie
2155 2589 2483 2658 agitabatur,
2517 2602 2572 2647 et
2604 2595 2842 2663 priorem
2888 2612 3039 2652 suam
3085 2602 3399 2672 religionem

1829 2691 2020 2731 rursus
2049 2682 2353 2736 conabatur
2384 2699 2624 2750 movere,
2675 2696 2729 2741 et
2780 2690 2870 2757 qui
2908 2706 3005 2759 pro
3054 2692 3318 2761 dignitate
3353 2700 3404 2750 ei

1830 2765 1908 2819 rei
1953 2766 2266 2837 inserviret,
2302 2772 2591 2842 diligenter
2644 2778 2974 2845 inquirebat.
3006 2780 3140 2835 Cum
3179 2800 3404 2853 magnus

1828 2873 1958 2929 ergo
1988 2870 2042 2913 et
2074 2862 2286 2929 primus
2310 2864 2744 2924 Christianorum
2771 2873 3088 2941 imperator,
3122 2877 3209 2945 pie
3239 2879 3405 2932 simul

1827 2959 1880 3004 et
1913 2951 2139 3019 pulchre
2183 2955 2460 3012 tricesimo
2494 2962 2735 3013 secundo
2767 2978 2911 3017 anno
2943 2964 3026 3019 sui
3070 2967 3307 3035 imperii,
3347 2970 3401 3023 in

1826 3042 2106 3107 provincia
2133 3044 2513 3116 Bithynorum,
2548 3051 2767 3117 quando
2809 3053 3212 3121 expeditionem
3248 3055 3402 3110 ince-

144 3128 393 3191 εὐσεϐῶς
428 3147 487 3181 τε
514 3131 630 3200 ἅμα
660 3135 754 3184 καὶ
789 3132 970 3195 καλῶς
1006 3135 1145 3187 κατά
1179 3134 1240 3187 τὸ
1276 3136 1601 3204 τριακοστὸν
1628 3137 1721 3189 καί⁵

1830 3133 1903 3199 pit
1930 3131 2111 3187 facere
2141 3148 2330 3190 contra
2360 3138 2574 3203 Persas,
2623 3142 2968 3211 deposuisset
2999 3146 3311 3216 imperium,
3344 3158 3401 3205 et

140 3218 398 3289 δεύτερον
452 3220 553 3290 τῆς
602 3224 778 3291 ἀρχῆς
832 3224 950 3284 ἔτος
1011 3225 1116 3276 ὑπὸ
1174 3226 1273 3295 τὴν
1322 3228 1430 3279 τῶν
1476 3228 1719 3284 Βιθυνῶν

142 3311 444 3379 ἐπαρχίαν,
496 3312 658 3381 ἡνίκα
708 3314 804 3381 τῆς
860 3313 999 3382 πρὸς
1082 3315 1298 3385 Πέρσας
1365 3320 1719 3389 ἐκστρατείας

142 3406 448 3472 απηρχετο,
479 3404 579 3473 τὴν
612 3403 889 3473 βασιλείαν
920 3405 1283 3476 ἀποθεμένου,
1305 3410 1720 3465 Κωνσταντίνου

143 3514 203 3548 τε
249 3498 365 3565 μετ’
394 3498 558 3550 αὑτὸν
586 3497 679 3550 τοῦ
714 3499 926 3565 παιδὸς,
982 3500 1080 3568 τὴν
1124 3501 1219 3554 τοῦ
1267 3508 1503 3575 πατέρος
1546 3507 1722 3575 ἀρχὴν

143 3591 561 3660 διαδεξαμένου,
594 3594 718 3645 ἐπεὶ
743 3593 799 3646 δὲ
823 3588 978 3658 οὗτος
1006 3596 1226 3649 ἀπέτισε
1254 3598 1312 3649 τὸ
1340 3598 1537 3668 χρεῶν,
1569 3600 1596 3649 6
1627 3601 1720 3652 τοῦ

145 3686 395 3754 μεγάλου
451 3686 865 3738 Κωνσταντίνου
925 3677 1243 3758 ἀδελφιδοῦς
1304 3691 1613 3758 Ἰουλιανὸς,
1664 3692 1722 3757 ὃς

146 3777 246 3826 καὶ
274 3774 623 3846 παραϐάτης,
660 3775 744 3828 διὰ
773 3776 871 3845 τὴν
914 3779 1008 3847 τῆς
1056 3781 1286 3850 ἀληθοῦς
1325 3783 1583 3853 ἀθέτησιν
1634 3786 1722 3837 πί-

146 3883 318 3927 στεως
375 3869 468 3919 καὶ
503 3870 637 3938 πρὸς
677 3868 738 3921 τὸ
782 3868 1099 3939 Ἑλληνικὸν
1155 3873 1318 3936 σέϐας
1391 3875 1717 3944 μετάθεσιν,

145 3959 380 4021 δικαίως
423 3959 662 4031 ἐκλήθη,
717 3963 1067 4032 τυραννικῶς,
1106 3966 1214 4018 τῶν
1265 3969 1566 4040 σκήπτρων
1597 3972 1720 4023 ἐπι-

148 4048 517 4119 λαμϐάνεται.
574 4053 917 4121 Ἀδελφιδοῦν
966 4055 1023 4107 δὲ
1097 4057 1259 4109 αὐτὸν
1309 4061 1720 4114 Κωνσταντίνου

144 4142 305 4196 εἷπεν
335 4147 361 4197 6
393 4142 570 4212 λογος,
597 4145 719 4199 καθ’
771 4146 798 4196 6
849 4146 907 4211 ἐξ
955 4148 1304 4217 ἐτερογενοῦς
1355 4150 1584 4219 ἀδελφοῦ
1624 4154 1719 4208 τοῦ

144 4238 531 4289 Κωνσταντίου
553 4237 813 4307 ἐτύγχανε
837 4239 1117 4308 γεννηθείς
1145 4255 1157 4269 ·
1180 4243 1270 4294 καί
1304 4243 1411 4315 γὰρ
1430 4246 1489 4311 ἐξ
1506 4246 1722 4318 Ἑλένης

147 4328 252 4394 μὲν
286 4331 382 4397 τῆ,
412 4327 625 4396 ἀληθῶς
654 4330 930 4400 μακαρίοις
962 4333 1121 4396 αὐτὸς
1158 4336 1315 4403 μόνος
1370 4340 1397 4389 ὁ
1437 4341 1725 4393 Κωνσταν-

148 4420 298 4481 τίνος
343 4422 639 4485 γεγέννητο
671 4421 746 4489 τῷ
775 4425 963 4490 πατρί,
998 4426 1060 4476 ἐκ
1095 4425 1378 4496 Θεοδώρας
1420 4428 1476 4482 δὲ
1503 4433 1598 4499 τῇς
1628 4429 1721 4482 θυ-

141 4511 352 4580 γατρὸς
413 4511 763 4582 Μαξιμιανοῦ
816 4514 912 4565 τοῦ
979 4518 1071 4567 καὶ
1141 4517 1500 4589 Ἐρκουλίου,
1568 4528 1715 4593 τρεῖς

141 4596 320 4667 οὗτοι,
353 4604 681 4672 Δαλμάτιοέ,
723 4606 1137 4671 ’Λναδαλλιανὺς
1170 4612 1264 4663 καὶ
1314 4612 1715 4679 Κωνστάντιος.

154 4694 253 4747 Ἐκ
304 4697 690 4749 Κωνσταντίου
739 4697 795 4749 δὲ
824 4698 1044 4763 Γάλλος,
1091 4708 1183 4752 και
1237 4708 1263 4757 6
1325 4703 1517 4773 παρὼν
1566 4705 1719 4772 οὗτος

1825 3222 2179 3282 Constantius
2211 3227 2354 3283 illius
2385 3233 2555 3300 patris
2587 3236 2943 3291 successisset
2975 3240 3223 3306 imperio,
3251 3253 3400 3309 post-

1824 3332 1985 3382 quam
2039 3319 2085 3372 is
2118 3337 2334 3390 quoque
2371 3324 2602 3378 exsolvit
2630 3326 2892 3401 debitum,
2918 3330 3092 3398 ipsius
3139 3334 3398 3400 patruelis

1820 3405 2092 3470 Julianus,
2142 3411 2235 3479 qui
2280 3414 2440 3465 etiam
2479 3426 2871 3486 transgressor,
2920 3433 3204 3490 propterea
3254 3429 3399 3494 quod

1796 3508 2007 3579 .veram
2060 3500 2221 3555 ﬁdem
2273 3512 2419 3557 esset
2452 3516 2795 3574 aspernatus,
2844 3517 2900 3562 et
2936 3525 2995 3562 se
3026 3512 3091 3562 ad
3143 3514 3397 3581 gentilem

1826 3591 2154 3646 traduxisset
2179 3594 2518 3664 religionem,
2546 3597 2672 3666 jure
2697 3600 2797 3652 fuit
2825 3602 3148 3669 appellatus,
3185 3614 3396 3672 sceptra

1827 3683 2111 3752 tyrannice
2144 3687 2526 3755 apprehendit.
2560 3689 2859 3745 Censtantii
2888 3705 3067 3748 autem
3101 3699 3397 3765 patruelem

1827 3788 1949 3825 eum
1985 3775 2241 3841 diximus,
2298 3780 2557 3844 quoniam
2599 3791 2758 3836 natus
2809 3785 2912 3838 fuit
2963 3801 3027 3838 ex
3075 3788 3397 3847 Constantio

1824 3864 2172 3920 Constantini
2201 3868 2388 3934 fratre,
2428 3871 2629 3926 diversi
2685 3884 2863 3930 tamen
2913 3880 3147 3947 gent-ris.
3182 3879 3395 3937 Etenim

1824 3976 1892 4014 ex
1928 3978 2057 4015 vere
2106 3963 2262 4017 beata
2300 3964 2500 4020 Helena
2534 3970 2651 4038 ipse
2691 3966 3086 4049 Constantinus
3117 3978 3265 4030 solus
3302 3995 3400 4032 na-

1825 4062 1913 4104 tus
1943 4061 2027 4105 est
2074 4054 2237 4121 patri.
2267 4056 2345 4109 Ex
2375 4056 2664 4114 Theodora
2708 4072 2890 4116 autem
2923 4050 3395 4137 lilia'llaximiani,

1824 4143 1913 4209 qui
1944 4143 2104 4198 etiam
2141 4146 2320 4199 dictus
2350 4157 2434 4201 est
2482 4149 2792 4217 Herculius,
2836 4154 2889 4205 hi
2940 4164 3051 4207 tres
3100 4160 3209 4212 nati
3247 4169 3395 4223 sunt.

1833 4230 2152 4300 Dalmatius,
2182 4239 2568 4297 Anaballianus
2616 4252 2667 4297 et
2717 4242 3086 4301 Constantius.
3128 4250 3293 4304 Porro
3330 4268 3396 4307 ex

1824 4326 2145 4382 Constantio
2174 4330 2377 4394 Gallus,
2407 4342 2461 4386 et
2508 4333 2576 4398 is,
2626 4335 2691 4388 de
2723 4352 2831 4404 quo
2872 4337 2923 4390 in
2960 4342 3245 4407 praesentia
3283 4345 3397 4414 agi-

1827 4430 1937 4483 tur,
1960 4419 2597 4485 turpissimusJulianns.
2626 4426 2726 4489 Qui
2754 4428 2973 4495 quidem
3002 4448 3147 4497 cum,
3179 4442 3235 4486 ut
3260 4435 3398 4488 dixi-

1822 4525 1965 4574 mus,
2004 4526 2072 4563 ex
2110 4514 2392 4580 tyrannide
2425 4518 2724 4586 accepisset
2778 4521 3087 4589 imperium,
3143 4528 3399 4594 gravissi-

1823 4615 1969 4655 mum
2002 4618 2190 4658 rursus
2217 4606 2415 4659 bellum
2443 4610 2733 4675 excitatur,
2758 4621 2816 4665 et
2840 4630 3156 4682 gravissima
3182 4631 3393 4684 earum,

1822 4709 2049 4763 quarum
2087 4712 2321 4766 unquam
2357 4702 2447 4752 liat
2482 4703 2709 4767 mentio,
2749 4707 2923 4758 oritur
2955 4709 3285 4775 persecutio.

144 4779 425 4860 αἴσχιστος
479 4790 793 4855 Ἰουλιανός.
857 4787 931 4846 UB
988 4810 1135 4853 τινος
1194 4796 1292 4864 τὴν
1347 4798 1640 4870 βασίλειον,
1692 4805 1766 4869 ὡς
1804 4807 2037 4878 ἔφημεν,
2071 4813 2133 4863 ὲκ
2187 4816 2504 4882 τυραννίδος
2556 4818 2843 4887 είληφότος
2909 4822 3106 4892 ἀρχὴν,
3161 4821 3316 4889 αὖθις
3367 4828 3396 4879 ὁ

142 4891 288 4942 κατά
347 4887 691 4959 Χριστιανῶν
747 4891 1172 4960 ἀναρριπίζεται
1222 4893 1495 4964 πόλεμος,
1553 4901 1646 4952 καὶ
1696 4903 2002 4975 βαρύτατος

138 4986 405 5052 διωγμός.

223 5078 299 5129 Γ.
342 5076 481 5129 Καθ’
510 5076 570 5129 ὃν
597 5077 697 5148 ἤδη
727 5077 919 5146 καιρὸν
960 5079 1054 5130 καὶ
1086 5081 1112 5131 6
1141 5081 1316 5151 μέγας
1353 5084 1448 5137 καὶ
1484 5102 1720 5157 περιφα..

141 5175 239 5240 γης
274 5172 372 5241 τὴν
397 5170 699 5238 εὐσέϐειαν,
736 5174 763 5223 6
789 5172 950 5237 θεῖος,
989 5176 1154 5243 φημὶ,
1195 5176 1476 5246 Ἀρτέμιος
1502 5182 1591 5233 τὸν
1627 5181 1722 5234 τοῦ

146 5265 459 5335 μαρτυρίου
497 5267 763 5333 στέφανον
791 5266 1113 5335 ἀνεδήσατο.
1156 5269 1365 5333 Διδάξει
1414 5272 1469 5324 δὲ
1520 5274 1724 5345 προῖὼν

140 5362 170 5412 6
201 5360 357 5426 λόγος
386 5360 737 5428 σαφέστερον.
783 5362 944 5428 Ἀρτι
975 5360 1068 5412 τοῦ
1105 5364 1340 5430 μεγάλου
1382 5366 1725 5419 Κωνσταντί·

144 5469 238 5505 νου
282 5451 375 5524 τὸν
414 5451 531 5521 βίον
558 5451 923 5516 ἀπολιπόντος
949 5495 964 5517 ,
1007 5454 1080 5517 ὡς
1111 5457 1136 5505 6
1168 5454 1325 5522 λόγος
1359 5457 1570 5525 φθάσας
1604 5461 1723 5529 ἐδή-

142 5542 335 5608 λωσεν,
380 5546 460 5605 είς
512 5546 659 5613 τρεῖς
700 5545 871 5614 ἀρχὰς
922 5547 954 5613 ὴ
1004 5547 1111 5599 τῶν
1167 5546 1459 5617 Ῥωμαίων
1504 5551 1722 5614 ἐξουσία

141 5634 490 5706 διεμερίσθη,
520 5636 629 5687 τῶν
669 5638 801 5688 υἱῶν
846 5636 1032 5702 αὑτοῦ,
1075 5640 1509 5708 Κωνσταντίνου,
1564 5646 1720 5695 Κων-

147 5729 400 5783 σταντίου
454 5747 512 5781 τε
567 5731 659 5783 καὶ
699 5730 1079 5792 Κώνσταντος,
1123 5732 1321 5795 ταύτας
1367 5734 1716 5804 διελομένων,

468 5826 737 5885 ΡΑτειυι..
780 5827 894 5884 Gn.
926 5824 1094 5885 CXV.

2049 4908 2158 4960 τῶν
2198 4907 2420 4964 πώποτε
2498 4916 2991 4984 μνημονευομένων
3052 4920 3393 4990 ἀνεγείρεται

1891 5093 1979 5146 Ill.
2020 5094 2139 5156 Quo
2170 5096 2389 5164 quidem
2421 5105 2666 5168 tempore
2697 5116 2922 5168 tnagnus
2946 5110 3001 5153 et
3026 5104 3227 5171 pietate
3259 5106 3394 5162 insi-

1822 5185 1962 5255 gnis,
2001 5187 2237 5248 divinus,
2267 5189 2513 5256 inquam,
2550 5192 2827 5245 Artemius
2875 5192 2978 5247 fuit
3021 5198 3267 5267 martyrii
3302 5216 3393 5254 co-

1824 5291 1957 5329 rona
1988 5276 2294 5333 redimitus.
2327 5278 2381 5333 ld
2411 5295 2538 5333 vero
2568 5282 2808 5349 apertius
2841 5285 3061 5339 docebit
3093 5289 3394 5355 procedens

1823 5370 2014 5422 oratio.
2046 5367 2180 5421 Cum
2209 5386 2436 5440 magnus
2461 5371 2859 5431 Constantinus
2882 5377 2990 5444 jam
3017 5392 3046 5431 e
3076 5380 3181 5430 vita
3208 5395 3397 5435 exces-

1825 5461 2007 5521 sisset,
2048 5468 2106 5512 ut
2136 5472 2223 5515 est
2249 5463 2615 5530 praemissum,
2653 5466 2706 5518 in
2756 5476 2862 5520 tres
2893 5478 3073 5535 partes
3127 5472 3227 5525 luit
3258 5473 3394 5527 divi-

1826 5568 1942 5605 sum
1992 5553 2295 5609 Romanum
2347 5558 2657 5625 imperium,
2686 5575 2811 5612 cum
2844 5562 2960 5629 ejus
2994 5562 3086 5616 lilii
3122 5564 3397 5620 Constan-

1828 5644 1997 5707 tinus,
2045 5642 2418 5709 Constantius,
2455 5656 2510 5699 et
2554 5646 2823 5700 Constans
2858 5649 2908 5701 id
2944 5649 3275 5705 divisissent.
3332 5658 3396 5710 Et

1828 5738 2001 5806 primo
2058 5739 2298 5805 qundem,
2372 5754 2567 5809 nempe
2632 5742 3013 5805 Constantino,

3003 5835 3070 5895 37

3085 5745 3397 5814 superiores
