4198 6312
770 340 907 401 ΗΠ

2042 350 2322 413 MENSIS
2362 351 2723 415 OCTOBER.

3879 364 4009 431 ms

765 454 1018 509 sullicere
1056 454 1157 509 hoc
1217 460 1540 528 supplicium
1574 464 1832 521 adversus
1870 477 1973 522 tam
2020 485 2337 537 generosum

2447 473 2539 523 καὶ
2575 472 2928 543 παρασκευὴν
2957 474 3133 545 ψυχῆς
3171 475 3271 547 τὴν
3301 476 3519 530 κόλασιν
3568 479 3796 548 ταύτην.
3827 482 4009 549 ἱμᾶσιν

761 557 815 600 et
850 556 958 600 tam
996 547 1134 601 bene
1166 549 1488 607 instructum
1517 556 1777 625 animum,
1803 560 1965 628 jussit
1998 572 2053 615 ut
2082 571 2337 616 extensus

762 639 918 699 loris,
976 640 1029 692 in
1083 650 1225 696 terra
1276 644 1579 700 caederetur
1634 652 1945 717 crudeliter,
1997 654 2193 715 deinde
2241 670 2338 724 per

764 744 997 800 quatuor
1047 732 1211 791 viros‘
1244 747 1514 803 tractum,
1565 744 1756 799 validis
1806 746 1970 802 clavis
2028 749 2235 802 conteri
2285 757 2339 801 et

764 828 1065 900 confringi.
1104 832 1250 885 Forti
1284 849 1411 905 ergo
1451 846 1505 891 et
1532 853 1794 907 generoso
1826 842 2008 893 animo
2043 842 2157 894 haec
2201 843 2337 895 mala

764 920 945 976 ferens
1007 925 1241 985 athleta,
1296 927 1362 979 ad
1412 939 1630 983 sanctos
1688 932 1941 986 omnibus
1994 934 2339 991 audientibus

765 1028 1064 1069 conversus
1098 1034 1111 1068 :
1141 1018 1450 1073 Benedicite
1476 1020 1677 1075 famulo
1702 1032 1900 1085 vestro,
1932 1026 2101 1079 sancti
2136 1036 2333 1093 patres,

765 1106 961 1174 inquit,
1008 1108 1332 1163 benedicite.
1389 1107 1612 1181 Rugate,
1656 1123 1713 1167 ut
1763 1115 1891 1168 mihi
1943 1116 2088 1171 vires
2140 1117 2339 1171 conﬁr-

765 1205 984 1249 mentur
1031 1213 1058 1250 a
1102 1196 1353 1257 Domino,
1409 1210 1464 1252 et
1512 1215 1596 1253 tne
1632 1201 1744 1269 ejus
1792 1203 2011 1257 dextera
2056 1207 2337 1275 suscipiat.

762 1284 926 1338 Novit
954 1286 1099 1340 enim
1133 1287 1424 1343 humanam
1464 1292 1909 1358 imbecillitatem,
1944 1297 2031 1364 qui
2078 1313 2194 1352 eam
2227 1299 2340 1366 ipse

763 1390 979 1443 quoque
1011 1387 1220 1446 gestare
1249 1381 1437 1445 voluit,
1466 1392 1519 1437 et
1558 1383 1694 1437 dixit
1732 1404 1743 1437 :
1784 1405 1801 1435 ‹
1838 1385 2073 1455 Spiritus
2118 1390 2336 1458 quidem

764 1477 1048 1534 promptus
1098 1480 1200 1535 est,
1249 1487 1376 1527 caro
1418 1484 1597 1527 autem
1638 1476 1849 1530 inﬁrma
1876 1480 1916 1531 ³.
1960 1498 1977 1529 ι
2008 1479 2189 1535 Sancti
2240 1481 2339 1550 igi-

767 1559 877 1616 tur,
929 1572 1054 1611 cum
1104 1561 1290 1615 oculos
1348 1563 1402 1616 in
1463 1566 1662 1618 caelum
1719 1568 2108 1632 sustulissent,
2174 1570 2335 1634 Deus,

765 1646 1039 1713 dixerunt,
1071 1650 1210 1705 Deus
1240 1653 1522 1717 virtutum,
1552 1658 1664 1725 ipse
1692 1660 1902 1713 emittet
1945 1660 2037 1714 tibi
2089 1662 2337 1717 virtutem

767 1754 833 1791 ex
863 1740 993 1801 alto,
1025 1751 1079 1795 et
1110 1744 1272 1812 capiti
1306 1755 1396 1799 tuo
1430 1747 1667 1816 imponet
1703 1751 1905 1819 galeam
1934 1753 2144 1816 salutis,
2191 1767 2244 1808 et
2285 1767 2335 1810 te

768 1826 957 1882 induet
988 1831 1324 1887 vestimentis
1371 1835 1612 1889 ultionis.
1656 1835 1846 1892 Manus
1893 1840 2036 1893 illius
2084 1839 2339 1897 defendet

766 1930 838 1981 te,
879 1928 932 1973 et
958 1921 1237 1977 brachium
1273 1933 1322 1979 te
1353 1928 1748 1992 corroborabit,
1791 1938 1846 1983 et
1885 1932 2167 1998 praeclaras
2201 1949 2337 2002 prae-

766 2011 914 2065 bebit
941 2014 1190 2071 victorias
1229 2029 1414 2072 contra
1455 2022 1840 2075 adversarium.
1870 2042 1887 2075 ι
1922 2024 2164 2096 Exsurge
2190 2042 2337 2097 ergo,

766 2117 1016 2174 exsurge,
1048 2107 1271 2161 induere
1329 2108 1646 2167 fortitudine
1688 2114 1899 2169 brachii
1952 2118 2026 2170 tui
2088 2116 2129 2181 ⁸,
2167 2136 2183 2168 ι
2240 2119 2340 2171 hoc

767 2194 986 2250 discens
1016 2213 1045 2250 a
1080 2199 1260 2253 divina
1295 2202 1597 2273 Scriptura,
1633 2217 1690 2259 et
1728 2208 1907 2261 sciens
1942 2210 2117 2275 qualis
2143 2209 2210 2262 ab
2235 2211 2341 2264 alto

766 2284 907 2336 adsit
948 2287 1106 2341 nobis
1141 2290 1372 2358 adjutor,
1403 2302 1457 2345 et
1486 2292 1719 2360 qualium
1758 2295 2025 2350 bonorum
2063 2301 2340 2369 perceptio

767 2389 863 2428 eos
914 2388 1118 2439 manet,
1170 2381 1260 2448 qui
1309 2394 1530 2450 propter
1575 2384 1722 2440 illum
1768 2389 1882 2442 hac
1932 2391 2038 2459 pati
2092 2392 2342 2448 lubenter

767 2462 1079 2519 voluerunt.
1122 2467 1318 2539 Martyr
1353 2481 1533 2526 autem
1585 2475 1785 2529 Christi
1821 2494 1943 2532 cum
1986 2480 2193 2534 interea
2221 2498 2344 2536 vcr-

765 2556 1073 2617 beraretur,
1115 2569 1168 2612 et
1203 2564 1604 2629 quodammodo
1654 2568 1880 2621 sentiret
1919 2585 2136 2624 manum
2184 2587 2340 2641 Opem

765 2663 796 2699 e
826 2651 965 2703 coelo
995 2650 1284 2717 ferentem,
1330 2654 1381 2707 in
1425 2657 1784 2715 exsultatione
1815 2662 2008 2717 anima:
2050 2665 2187 2719 dixit
2210 2682 2340 2719 san-

767 2740 871 2792 ctis
900 2759 913 2791 :
938 2741 1098 2795 Nulla
1122 2756 1341 2812 propter
1370 2764 1455 2800 me
1484 2750 1700 2803 tristitia
1734 2753 1930 2807 subeat
1950 2757 2110 2809 corda
2137 2769 2334 2811 vestra.

771 2829 907 2885 Ecce
947 2835 1093 2887 enim
1131 2847 1325 2890 vestrae
1364 2852 1574 2906 preces,
1620 2857 1740 2911 qua:
1786 2845 1893 2897 Deo
1931 2858 2340 2916 persuaserunt,

764 2938 955 2992 aspera
995 2934 1257 2981 tormenta
1293 2931 1452 2997 plana
1503 2932 1801 2989 ellecerunt
1848 2946 1902 2989 et
1948 2936 2108 3003 levia,
2143 2948 2195 2993 et
2228 2956 2345 2995 mo-

764 3017 975 3073 lestiam
1032 3034 1313 3077 mutarunt
1366 3026 1421 3076 in
1468 3028 1876 3094 recreationem,
1941 3035 2078 3085 adeo
2143 3043 2344 3087 utnec

767 3109 950 3180 plagas
981 3112 1198 3180 quidem
1229 3118 1479 3171 sentiam.

836 3221 928 3275 Vl.
960 3222 1091 3277 Post
1122 3225 1236 3279 haec
1273 3244 1459 3281 rursus
1490 3247 1771 3301 aggressus
1804 3246 1885 3290 est
1934 3248 2195 3307 tyrannus
2222 3259 2341 3311 per-

766 3313 1019 3374 suadere,
1055 3324 1109 3367 et
1136 3317 1391 3370 athletam
1423 3323 1696 3377 attrahere
1727 3326 1791 3377 ad
1841 3332 2168 3396 negandum,
2202 3334 2342 3387 bona

764 3404 812 3455 ei
853 3406 1135 3472 pollicens,
1169 3418 1223 3461 et
1258 3410 1449 3464 horum
1485 3412 1746 3481 ipsorum,
1777 3432 1895 3483 quae
1920 3422 2197 3487 sustinuit,
2231 3432 2343 3483 tor-

766 3508 1096 3560 mentorum,
1140 3516 1249 3553 non
1287 3503 1341 3555 in
1369 3504 1541 3568 illiilli,
1576 3507 1669 3560 sed
1696 3509 1748 3560 in
1780 3510 1913 3564 alios
1953 3511 2158 3566 Christi
2198 3533 2342 3569 mar-

766 3598 911 3656 tyres
938 3589 1149 3657 culpam
1181 3594 1486 3649 conferens.
1515 3598 1808 3666 Postquam
1840 3611 2019 3656 autem
2059 3606 2189 3660 vidit
2226 3622 2349 3663 san-

766 3688 911 3731 ctum
937 3681 1123 3735 callida
1158 3684 1300 3739 illius
1341 3687 1559 3742 inventa
1590 3690 1823 3759 amplius
1872 3694 2211 3760 irridentem,
2264 3700 2339 3755 ira

768 3774 936 3842 magis
983 3788 1263 3841 accensus,
1314 3778 1470 3848 jubet
1515 3779 1713 3834 Varum
1763 3798 1950 3838 rursus
1990 3791 2247 3854 suspendi
2288 3793 2341 3846 in

768 3866 915 3934 ligno
958 3879 1274 3937 comparato
1333 3873 1398 3923 ad
1454 3876 1833 3942 torquendum,
1888 3887 1943 3931 et
1995 3893 2116 3934 eum
2152 3881 2344 3940 terreis

766 3960 1000 4029 discerpi
1037 3962 1270 4031 ungulis.
1300 3964 1435 4018 Cum
1478 3975 1655 4019 autem
1700 3972 1942 4039 martyri,
1992 3973 2120 4027 dum
2173 3976 2344 4031 caede-

768 4056 918 4099 retur
950 4062 1169 4116 corpus,
1214 4051 1459 4118 plurinue
1498 4048 1688 4108 carnes
1728 4055 1781 4109 in
1818 4066 2014 4112 terram
2060 4062 2340 4132 caderent,

767 4149 824 4192 et
851 4139 996 4193 illius
1041 4144 1307 4210 sanguine
1339 4145 1513 4198 solum
1556 4160 1956 4215 cruentaretur,
2007 4153 2183 4208 bonus
2222 4160 2343 4224 qui-

768 4231 893 4283 dem
917 4230 1120 4297 Varus,
1153 4244 1406 4302 tanquam
1462 4236 1594 4289 nihil
1652 4239 1882 4306 patiens,
1931 4250 2049 4296 erat
2079 4243 2340 4312 quietus:

768 4323 971 4376 sanctis
1010 4334 1189 4378 autem
1218 4327 1452 4397 graviter
1482 4327 1710 4385 alTectus
1740 4343 1858 4388 erat
1883 4334 2118 4400 animus,
2150 4348 2206 4391 et
2246 4353 2343 4393 eo-

771 4428 892 4464 rum
922 4414 1130 4467 viscera
1175 4415 1521 4471 laniabautur
1553 4432 1775 4489 propter
1810 4424 1978 4477 animi
2021 4429 2341 4483 consensio-

2368 3174 2417 3237 C

2438 562 2608 633 ὠμοῖς
2646 564 2746 634 ἔφη
2779 565 2918 618 κατὰ
2951 568 3053 637 γῆς
3093 568 3324 620 ταθέντα
3366 570 3751 635 μαστίζεσθαι,
3781 567 3904 625 εἶτα
3927 573 4009 624 διὰ

2438 657 2719 726 τεσσάρων
2754 657 3038 724 ἑλκόμενον
3073 659 3327 729 ῥοπάλοις
3353 661 3531 728 ἁδροῖς
3561 663 3896 716 συνῡλᾶσοαι
3922 666 4009 716 καὶ

2441 747 2884 816 κατατρίϐεσθαι.
2928 750 3194 814 Γενναίως
3222 748 3314 805 οὖν
3344 753 3408 804 τὰ
3440 753 3588 806 δεινὰ
3630 755 3807 808 ταῦτα
3834 757 4008 825 φέρων

2438 842 2464 891 ὀ
2491 839 2719 910 ἀθλητὴς
2752 842 2884 909 πρὸς
2911 843 3033 903 τοὺς
3063 843 3249 908 ἁγίους
3274 845 3329 895 ὲν
3361 846 3579 915 ἐπηκόῳ
3613 847 3838 899 πάντων
3889 850 4008 899 ἑπι-

2440 933 2715 1000 στραφεὶς,
2736 932 3073 1002 Εὑλογήστιτε
3089 934 3178 985 τὸν
3191 935 3375 987 δοῦλον
3398 936 3571 1002 ὑμῶν,
3590 937 3828 1006 πατέρες
3846 937 4006 1005 ἆγιοι,

2440 1023 2622 1090 φησὶν,
2657 1023 3007 1088 εὐλογήσας
3034 1024 3262 1089 εὔξασθε
3290 1030 3438 1092 παρὰ
3467 1028 3671 1096 Κυρίου
3699 1029 4010 1096 ἐνδυναμωο

2440 1111 2596 1179 οῆναί
2646 1131 2711 1179 με
2769 1116 2860 1166 καὶ
2894 1116 3272 1169 ἀντιλαϐέσθαι
3313 1135 3410 1185 μου
3463 1119 3558 1189 τὴν
3590 1119 3751 1171 αὑτοῦ
3813 1121 4010 1185 δεξιὰν.

2441 1200 2560 1255 Οἵδε
2610 1205 2717 1274 γὰρ
2754 1206 2913 1267 αὐτὸς
2972 1209 3071 1276 τὴν
3133 1208 3481 1279 ἀνθρωπίνην
3535 1212 4016 1265 ἁσθένειαν.ὀκσὶ

2439 1295 2665 1362 φορέσαι
2695 1296 2895 1367 ταύτην
2913 1298 3363 1366 κατἰδεξᾶμενος,
3381 1302 3472 1352 καὶ
3489 1302 3537 1353 εί
3552 1300 3658 1352 ,τὼν
3676 1302 3757 1353 ὅτι
3790 1304 3896 1352 (Τὸ
3923 1303 4016 1368 μὲν

2441 1385 2657 1455 πνεῦμα
2676 1388 2971 1456 πρόθυμον,
2995 1391 3027 1458 ἡ
3053 1390 3107 1441 δὲ
3130 1391 3526 1461 σὰρξὰσόενής.
3551 1412 3567 1441 ι
3593 1395 3656 1443 Οἱ
3679 1393 3735 1444 δὲ
3752 1395 3927 1455 ἅγιοι,
3952 1396 4017 1445 τὰ

2439 1477 2661 1546 ὄμματα
2690 1481 2768 1541 εἷς
2793 1480 3056 1547 οὐρανοὺς
3072 1480 3473 1545 ἀνατείναντες,
3521 1486 3568 1535 Ο
3592 1484 3744 1546 Θεὸς,
3777 1480 3959 1547 εἷπον,
3985 1487 4011 1537 ὁ

2442 1568 2573 1631 Θεὸς
2603 1570 2712 1622 τῶν
2743 1570 3048 1637 δυνάμεων,
3077 1572 3238 1634 αὐτὸς
3290 1574 3638 1636 ἐξοποστελεῖ
3670 1591 3751 1627 σοι
3785 1575 4017 1644 δύναμιν

2442 1661 2501 1724 ἐξ
2535 1661 2721 1729 ὕψους,
2756 1665 2851 1716 καὶ
2888 1664 3173 1735 περιθήσει
3205 1667 3298 1718 ἐπὶ
3344 1666 3443 1736 τὴν
3498 1668 3739 1736 κεφαλήν
3788 1685 3885 1720 σου
3922 1685 4019 1719 πε-

2444 1756 2802 1823 ρικεφαλαίαν
2836 1758 3243 1827 σωτηρίου,καὶ
3282 1759 3499 1827 ἱμάτιον
3544 1760 3887 1829 ἐκδικήσεως
3928 1776 4017 1811 πε-

2447 1846 2660 1915 ριϐαλεί
2688 1865 2768 1901 σε.
2816 1848 2882 1901 Ἦ
2908 1849 3028 1917 χεὶρ
3063 1849 3271 1901 ἐκείνου
3305 1850 3760 1920 συναντιλήψεταί
3791 1869 3897 1913 σοι,
3925 1852 4019 1903 nl.

2439 1941 2466 1991 ὁ
2502 1938 2742 2007 βραχίων
2802 1939 3153 2007 κατισχύσει,
3186 1940 3414 2009 λαμπρὰ
3444 1957 3497 1991 τε
3551 1941 3833 2009 παράσχοι
3882 1942 4022 1992 κατὰ

2438 2026 2532 2079 τοῦ
2550 2027 2925 2097 ἀντικειμένου
2945 2030 3009 2080 τὰ
3026 2030 3337 2099 νικητήρια.
3350 2049 3367 2081 ι
3392 2029 3694 2097 Ἐξεγείρου
3710 2028 4020 2098 τοιγαροῦν,

2441 2116 2738 2187 ἐξεγείρου,
2757 2119 2970 2172 ἔνδυσαι
2987 2120 3082 2188 τὴν
3103 2120 3256 2189 ἰσχὺν
3277 2120 3376 2173 τοῦ
3394 2121 3675 2190 βραχίονός
3702 2136 3801 2171 σου
3824 2139 3843 2169 ι
3874 2122 4025 2191 παρὰ

2441 2210 2539 2278 τῆς
2593 2210 2743 2272 Θείας
2790 2211 2950 2264 τοῦτο
2978 2212 3209 2281 Γραφῆς
3264 2213 3673 2282 διδασκόμενος,
3712 2214 3807 2265 καὶ
3839 2212 4021 2276 είδὼς,

2441 2300 2550 2365 οἷος
2586 2307 2715 2375 ἡμῖν
2741 2303 2948 2356 ἄνωθεν
2983 2305 3319 2374 παρίσταται
3353 2304 3566 2375 βοηθὸς,
3600 2307 3696 2359 καὶ
3729 2307 3860 2358 οἴων
3885 2307 4024 2371 ἁγα-

2444 2396 2551 2449 θῶν
2605 2398 2901 2458 ἀπόλαυσις
2960 2395 3244 2464 περιμένει
3291 2395 3411 2458 τοὺς
3469 2396 3535 2447 δι’
3587 2398 3797 2447 ἐκεῖνον
3848 2394 4024 2447 ταῦτα

2443 2489 2671 2556 πάσχειν
2709 2488 3151 2557 προῃρημένους.
3187 2486 3247 2537 '0
3281 2487 3334 2537 δὲ
3371 2485 3463 2537 τοῦ
3516 2484 3754 2553 Χριστοῦ
3813 2486 4026 2553 μάρτυς

2444 2585 2499 2635 ἐν
2528 2585 2766 2652 τοσούτῳ
2794 2583 3150 2649 τυπτόμενος,
3174 2581 3267 2633 καὶ
3296 2580 3488 2649 ὥσπερ
3520 2582 3843 2650 αἰσθόμενος
3882 2583 4025 2633 ἄνω-

2445 2680 2537 2731 Θεν
2566 2675 2745 2748 χειρὸς
2786 2674 3291 2743 ὲπιϐοηθούση;,ἑν
3327 2674 3643 2741 ἀγαλλιάσει
3692 2675 3875 2743 ψυχῆς
3921 2673 4027 2741 ἔφη

2448 2771 2579 2840 πρὸς
2606 2772 2726 2831 τοὺς
2759 2768 2944 2835 ἁγίους
2970 2784 2985 2799 ·
3011 2766 3265 2836 Μηδεμία
3290 2765 3433 2833 λύπη
3478 2767 3573 2826 τὰς
3601 2764 3758 2833 ὑμῶν
3788 2767 4025 2834 ὑποτρε-

2446 2863 2586 2933 χὲτω
2640 2860 2883 2929 καρδίας,
2944 2856 3103 2928 χάριν
3138 2859 3292 2928 ἡμῶν
3319 2873 3336 2887 ’
3368 2858 3471 2910 ίδοὶι
3520 2859 3621 2925 γὰρ
3656 2857 3688 2925 ἠ
3737 2855 4028 2920 Θεοπειθὴς

2447 2955 2600 3024 ὑμῶν
2630 2953 2783 3023 εὐχὴ,
2823 2954 2883 3004 τὸ
2923 2954 3096 3020 τραχὺ
3128 2951 3233 3002 τῶν
3285 2951 3531 3019 βασάνων
3563 2950 3641 3010 είς
3674 2950 3905 3017 ὁμαλὸν,
3947 2951 4026 3010 εἰς

2445 3050 2507 3100 τὸ
2565 3046 2769 3099 λυποῦν
2824 3047 2904 3107 είς
2958 3046 3143 3096 ἄνεσιν
3200 3043 3590 3109 μετεσκεύασε,
3622 3042 3717 3094 καὶ
3771 3040 4031 3093 τοσοῦτον

2446 3141 2552 3210 ὅσῳ
2596 3139 2726 3208 μηδὲ
2766 3138 2987 3207 πληγῶν
3021 3139 3166 3207 ἡμᾶς
3200 3136 3648 3189 ὲπαισΟάνεσΟαι.

2521 3231 2610 3297 (ζ’.
2633 3232 2705 3283 Τὸ
2757 3231 2895 3299 μετὰ
2934 3229 3105 3282 ταῦτα
3165 3228 3369 3281 πείθειν
3401 3230 3426 3278 ὁ
3451 3226 3714 3296 τύραννος
3748 3227 4030 3294 ἐπεχείρει

2451 3322 2632 3384 πάλιν,
2686 3324 2779 3370 καὶ
2812 3321 2947 3387 πρὸς
2984 3319 3210 3388 ἄρνησιν
3254 3312 3399 3367 εἷλκε
3427 3317 3517 3367 τὸν
3551 3316 3809 3384 ἀῡλητὴν,
3847 3317 4031 3382 ἁγαθὰ

2453 3409 2905 3481 ὑπισχνούμενος,
2936 3409 3029 3461 καὶ
3059 3407 3242 3460 αὐτῶν
3277 3401 3351 3459 ὧν
3400 3407 3529 3475 ἄχρι
3568 3405 3658 3457 τοῦ
3687 3405 3782 3456 νῦν
3819 3405 4029 3474 ὑπέστη

2452 3504 2717 3569 βασάνων,
2751 3503 2850 3554 οὑκ
2888 3505 3114 3566 ἐκεῖνον,
3140 3501 3272 3555 ἀλλὰ
3305 3500 3429 3563 τοὺς
3462 3500 3554 3551 τοῦ
3604 3497 3849 3567 Χριστοῦ
3881 3500 4031 3567 μάρο

2450 3610 2619 3663 τυρας
2650 3591 2995 3661 αἰτιώμενος.
3024 3593 3117 3653 Ὠς
3141 3593 3195 3643 δὲ
3214 3592 3362 3661 ἑώρα
3384 3594 3475 3645 τὸν
3504 3592 3659 3657 ἆγιον
3688 3590 4033 3656 διαγελῶντα

2455 3682 2655 3752 μᾶλλον
2686 3683 2850 3736 αὑτὸν
2879 3682 2981 3751 τῆς
3010 3682 3252 3744 ἐπινοίας
3307 3683 3400 3735 καὶ
3430 3680 3524 3733 τοῦ
3559 3682 3922 3749 σοφίσματος,
3957 3680 4032 3732 ἔτι

2452 3774 2675 3826 πλείονα
2703 3774 2793 3826 τὸν
2816 3775 2989 3842 ουμὺν
3023 3774 3325 3835 ἐκκαύσας,
3364 3770 3443 3842 τῷ
3494 3771 3844 3838 κολαστηρέῳ
3890 3770 4033 3836 ξῦλιι)

2452 3867 2547 3917 καὶ
2600 3862 2751 3929 αὖθις
2803 3866 3173 3934 ἀναρτηοῆναι
3232 3866 3447 3918 κελεύει
3506 3866 3596 3916 τὸν
3650 3862 3887 3930 Οὔαρον,
3942 3864 4033 3913 καὶ

2450 3955 2597 4021 ὄνυξι
2658 3957 2893 4027 σιδηροῖς
2920 3955 3359 4021 καταξαίνεσοαι.
3400 3953 3550 4004 Ἐπεὶ
3583 3951 3639 4002 δὲ
3689 3951 3763 4018 τῷ
3797 3952 4033 4019 μάρτυρι

2451 4052 2765 4125 ξαινομένου
2800 4050 2895 4104 τοῦ
2949 4048 3224 4117 σώματος,
3259 4046 3316 4099 al
3368 4045 3613 4106 πλείονες
3651 4042 3760 4095 τῶν
3815 4042 4033 4109 σαρκῶν

2452 4145 2531 4207 εἰς
2558 4144 2658 4212 γῆν
2690 4145 3116 4214 ἀπερῤίπτοντο,
3140 4142 3230 4195 xui.
3252 4140 3328 4210 τῷ
3346 4139 3557 4193 ὲκεῖοεν
3596 4138 3792 4205 αἵματι
3815 4136 3876 4188 τὺ
3908 4136 4031 4187 ἐδα-

2452 4254 2549 4304 φος
2613 4236 2966 4302 ὲιροινίσσετο,
2999 4236 3026 4286 ὀ
3062 4234 3161 4294 μὲν
3211 4234 3445 4303 χρηστὸς
3492 4230 3707 4297 Οΰαρος
3766 4228 3847 4287 ὡς
3880 4228 4033 4279 οὐδὲν

2452 4329 2676 4399 πάσχων
2707 4329 2913 4399 ἦρεμος
2946 4323 3033 4397 ἦν’
3060 4326 3267 4395 ἔπασχε
3302 4325 3358 4377 δὲ
3400 4324 3510 4385 τοῖς
3542 4316 3719 4389 ἁγίοις
3767 4320 3967 4383 δεινῶς
3993 4321 4023 4387 ή

2450 4420 2618 4490 ψυχὴ,
2647 4420 2741 4472 καὶ
2773 4422 2838 4472 τὰ
2870 4419 3157 4487 σπλάγχνα
3224 4415 3428 4469 τούτων
3483 4414 3749 4467 ὲκόπτετο
3796 4411 3891 4465 διὰ
3946 4411 4034 4462 τὸν

770 4518 918 4556 tietn.
942 4501 1059 4557 Non
1082 4504 1319 4561 ferentes
1350 4507 1528 4575 itaque
1553 4509 1752 4577 judicis
1774 4513 2177 4568 crudelitatem:
2202 4516 2342 4582 Quid

2447 4515 2738 4586 ὁμόψυχον.
2780 4513 2995 4582 Ἀμέλει
3049 4513 3144 4565 καὶ
3175 4511 3274 4581 τὴν
3299 4508 3556 4578 ὠμότητα
3603 4510 3677 4577 μὴ
3718 4505 4036 4573 ἐνεγκόντες

771 4605 899 4644 vero
948 4607 1057 4647 non
1102 4594 1379 4664 intelligis,
1418 4596 1689 4667 inquiunt,
1737 4616 1771 4655 ο
1816 4611 1893 4667 ιιι,
1938 4603 2018 4657 vel
2055 4603 2184 4659 feris
2214 4606 2348 4675 ipsis

770 4682 1056 4751 agrestior,
1090 4685 1233 4751 quod
1275 4694 1328 4737 et
1370 4686 1573 4756 lapides
1612 4699 1664 4743 et
1713 4689 1918 4746 ferrum
1952 4709 2113 4763 passa
2141 4705 2344 4762 essent,

772 4789 1027 4844 percussa
1076 4776 1279 4831 tones?
1309 4777 1429 4846 Ipse
1464 4790 1645 4835 autem
1685 4798 1753 4837 ne
1798 4786 1875 4839 sic
1925 4788 2141 4856 quidem
2176 4790 2349 4858 potuit

774 4864 993 4927 molliri,
1026 4875 1082 4919 et
1109 4880 1228 4918 eam
1266 4883 1377 4920 rem
1404 4870 1806 4937 quodammodo
1845 4875 2035 4931 habuit
2068 4876 2303 4935 ludibrio
2332 4897 2345 4935 :

775 4957 1049 5022 Christus,
1106 4959 1389 5029 inquiens,
1445 4976 1620 5018 vester
1673 4968 1925 5032 accedat,
1976 4971 2259 5040 ipsumque
2318 4987 2347 5025 a

760 5050 911 5104 .meis
934 5051 1128 5105 liberet
1154 5053 1403 5108 manibus
1436 5072 1451 5111 :
1488 5059 1739 5113 nesciens
1780 5062 1999 5123 stultus,
2051 5063 2195 5132 quod
2242 5064 2355 5119 lucc

778 5143 921 5196 l'erre
953 5158 1111 5213 posse
1161 5160 1356 5217 magno
1409 5158 1464 5202 et
1513 5148 1635 5204 forti
1692 5154 1900 5218 animo,
1974 5155 2355 5224 signiﬁcabant

779 5232 930 5286 illum
980 5236 1199 5292 ail'uisse
1240 5249 1297 5291 et
1350 5241 1627 5307 liberasse,
1660 5253 1714 5298 et
1744 5261 1899 5300 suum
1932 5263 2107 5301 rorem
2140 5250 2355 5305 dedisse

778 5324 1025 5379 dolorum
1056 5331 1397 5386 medicinam.
1428 5333 1622 5388 Beatus
1653 5351 1830 5393 autem
1876 5341 1984 5405 ille,
2026 5343 2187 5397 etiam
2218 5345 2344 5398 dum

780 5417 1196 5486 discerperetur,
1237 5424 1433 5488 Nolim,
1472 5424 1668 5493 inquit,
1726 5428 1940 5484 liberari
1970 5430 2038 5484 ab
2073 5432 2177 5497 his,
2227 5449 2346 5503 qua:

779 5511 847 5560 ad
882 5520 1092 5581 tempus
1126 5514 1341 5579 durant,
1374 5518 1674 5581 tormentis,
1714 5520 1804 5572 sed
1845 5522 1912 5574 ab
1957 5523 2021 5576 iis
2075 5540 2193 5591 qua:
2238 5540 2348 5578 ma-

854 5761 1087 5823 ‘Matth.
1130 5787 1273 5836 uri,
1309 5772 1394 5825 ΔΙ.
1511 5768 1651 5824 ‘lsa.
1693 5787 1760 5838 Li,
1794 5771 1843 5823 9.

2446 4608 2538 4663 τοῦ
2555 4606 2832 4670 δικαστοῦ,
2852 4606 2915 4658 Τί
2932 4606 2989 4658 δὲ
3003 4605 3062 4658 οὗ
3083 4604 3290 4672 συνίης,
3307 4598 3478 4663 εἷπον,
3496 4604 3586 4651 και
3604 4599 3817 4667 θηρίων
3833 4597 4035 4659 αὐτῶν,

2446 4697 2770 4769 ἁγριώτερε,
2792 4699 2873 4750 ὅτι
2905 4699 3000 4750 καὶ
3043 4697 3177 4748 λίθοι
3200 4696 3293 4747 καὶ
3327 4693 3543 4763 σίδηρος
3574 4690 3780 4743 ἔπαθον
3811 4690 3878 4743 ἂν
3908 4706 4035 4742 τοσ-

2446 4791 2582 4843 αῦτα
2629 4790 3023 4858 πληττόμενοις
3069 4786 3240 4847 Αὐτὸς
3271 4785 3326 4838 δὲ
3365 4788 3458 4839 καὶ
3509 4782 3681 4845 οὕτως
3718 4783 4036 4850 ἀμείλικτος

2445 4877 2533 4950 ἦν,
2589 4900 2679 4934 και
2732 4880 2916 4947 ὥσπερ
2973 4882 3051 4941 είς
3095 4878 3292 4948 χλεύην
3344 4876 3405 4928 τὸ
3438 4876 3696 4945 ’πρᾶγμα
3725 4874 3940 4935 τιθεὶς,
3984 4872 4037 4923 ’0

2450 4973 2703 5043 Χριστὸς,
2758 4975 2941 5048 φησὶν,
2969 4971 2996 5023 ὁ
3026 4972 3289 5039 ὑμέτερος
3321 4966 3629 5037 παρελθὼν,
3691 4966 3808 5017 τῶν
3890 4964 4037 5033 huc?”

2450 5067 2612 5118 αὑτὸν
2669 5064 2933 5127 ἑξελέσθω
2988 5063 3211 5133 χειρῶν,
3239 5061 3313 5132 μὴ
3346 5061 3501 5121 εἰδὼς
3536 5061 3562 5109 ὁ
3590 5059 3853 5124 ἀνόητος,
3883 5057 3962 5118 ὡς
3984 5056 4040 5105 τὸ

2451 5157 2625 5211 ταῦτα
2681 5156 2937 5209 δύνασθαι
2998 5155 3190 5224 φέρειν
3249 5151 3643 5220 μεγαλοψύχως
3712 5151 3953 5219 δήλωσις
3976 5143 4041 5215 ἦν

2453 5252 2534 5307 ἔτι
2570 5250 2664 5302 καὶ
2700 5250 2879 5319 παρῆν
2922 5251 3128 5309 ἐκεῖνος
3179 5248 3274 5299 καὶ
3308 5247 3579 5316 ἐξῃρεῖτο,
3625 5245 3725 5297 καὶ
3774 5244 3878 5310 τὴν
3912 5244 4041 5313 παρ’

2454 5343 2618 5397 αὑτοῦ
2647 5343 2838 5412 δρόσον
2877 5342 3012 5413 ἴαμα
3045 5340 3217 5393 ἐδίδου
3257 5339 3366 5391 τῶν
3407 5338 3634 5391 ὀδυνῶν.
3679 5338 3741 5389 ὐ
3771 5338 3830 5389 δὲ
3872 5338 4043 5405 μακά-

2460 5452 2572 5504 ριος
2600 5437 2693 5488 καὶ
2721 5436 2995 5505 ξεὸμενος,
3020 5433 3109 5502 Μή
3133 5449 3224 5501 μοι
3246 5430 3475 5499 γένοιτο,
3499 5431 3627 5497 ἔφη,
3649 5429 3759 5480 τῶν
3795 5428 4041 5497 βασάνων

2459 5527 2842 5598 ἀπαλλαγῆναι
2903 5526 3012 5578 τῶν
3073 5523 3427 5595 προσκαίρων
3482 5522 3715 5581 τούτων.
3760 5522 3902 5577 ἀλλὰ
3938 5520 4040 5575 τῶν
