4198 6312
206 360 350 422 1149

204 479 486 544 μενουσῶν
517 483 542 534 ὸ
573 484 700 549 ἐμὸς
727 487 959 551 ὲξέλοιτό
991 509 1056 558 με
1085 495 1336 562 Χριστὸς,
1356 500 1415 552 σέ
1456 501 1513 554 δὲ
1552 505 1645 557 καὶ
1676 523 1704 558 τ

201 572 306 638 σὴ.)
338 573 594 643 ὡμότητα
624 581 899 643 τοιαύταις
932 583 1097 648 ἀξίως
1132 596 1471 662 κατακρινεῖ.

270 664 572 719 Ζ’.Ἱόὖτον
625 670 986 743 ἀμειϐόμενος
1035 679 1184 749 ἔργῳ
1235 684 1518 754 τὸνλόγον
1568 691 1595 742 ό
1628 691 1780 745 δικα-

204 754 334 822 στὴς
369 756 492 818 τοὺς
528 757 799 829 ξυστῆρας
823 763 964 816 κατὰ
1003 766 1108 818 τῶν
1129 769 1222 820 τοῦ
1249 771 1776 847 μάρτυροςέπέφερε

205 847 550 918 σπλάγχνων,
573 853 796 922 Ὀράτω,
825 856 1012 923 λέγων,
1041 861 1142 926 πρὸ
1163 863 1268 913 τῶν
1290 865 1582 936 ὀφθαλμῶν
1605 874 1631 924 ὁ
1651 889 1778 925 κατ-

205 940 408 1007 άρατος
444 943 694 1014 καθάπερ
759 947 902 1018 ὕδωρ
930 951 1095 1005 αὑτοῦ
1148 960 1491 1026 προχεόμενα
1534 963 1602 1014 τὰ
1639 965 1779 1018 ἐνδό-

203 1031 352 1087 σθια.
398 1035 559 1088 vim
609 1038 696 1089 τὸν
729 1040 821 1091 τού
877 1043 1115 1111 Χριστοῦ
1149 1047 1402 1120 μάρτυρα
1451 1053 1571 1106 οὐδὲ
1615 1055 1777 1124 ήτῆς

203 1126 439 1194 βασάνου
474 1130 675 1194 ταύτης
738 1139 1295 1206 πικρότηςένδούναί
1322 1162 1374 1197 τι
1413 1147 1503 1198 τού
1546 1149 1778 1217 πάσχειν

199 1220 291 1272 δια
349 1223 583 1289 Χριστὸν
642 1231 1166 1295 τεαρεσκεύασεν,ού
1231 1237 1382 1304 ῥῆμα
1439 1239 1776 1306 φθέγξασθαι

198 1313 564 1377 ἁγεννὲς,ούκ
607 1320 733 1371 ἄλλο
775 1339 825 1373 τι
879 1325 1074 1393 μικρὸν
1127 1326 1157 1398 ἢ
1227 1332 1414 1398 μεῖζον
1458 1332 1778 1398 ύποσταλεὶς

198 1403 361 1468 ἔργον
388 1405 746 1476 ἐνδείξασθαι,
769 1415 815 1465 εἰ
845 1417 917 1482 μὴ
952 1416 1046 1468 καὶ
1079 1421 1302 1486 μείζονα
1341 1424 1542 1490 μᾶλλον
1576 1427 1666 1480 τὸν
1698 1431 1776 1490 είς

197 1491 439 1559 Χριστὸν
468 1498 765 1566 ἁνέφλεγεν
799 1505 994 1572 ἔρωτα,
1027 1510 1119 1558 καὶ
1161 1511 1298 1578 πρὸς
1325 1516 1421 1576 τὰς
1445 1516 1778 1588 δριμυτέρας

195 1583 316 1634 τῶν
371 1588 644 1641 κολάσεων
704 1593 1055 1664 δριμυτέραις
1107 1600 1197 1651 τὸν
1253 1603 1516 1675 δικαστὴν
1565 1609 1778 1678 βάλλειν

197 1675 378 1729 ἐποίει
425 1685 543 1744 ταῖς
602 1685 947 1754 ἀποκρίσεσι.
991 1690 1060 1742 Σὺ
1117 1693 1214 1760 μὲν
1248 1698 1377 1765 γὰρ,
1405 1698 1531 1768 ἔφη,
1575 1704 1778 1772 πονηρὲ

197 1774 459 1842 πονηρῶν
514 1775 790 1844 δαιμόνων
840 1780 1083 1853 ὑπουργὲ
1141 1788 1232 1839 καὶ
1282 1792 1777 1861 μισάνθρωπε,καὶ

192 1861 318 1913 λίαν
349 1868 457 1925 τοῖς
488 1865 712 1931 ἀγαθοῖς
744 1869 1111 1939 ἀντικείμενε,
1156 1877 1461 1947 ἐξενεγκεῖν
1515 1884 1644 1947 ἴσως
1689 1885 1777 1938 δυ-
1809 1869 1848 1922 Β

191 1956 335 2024 νὴσῃ
389 1959 488 2022 μου
524 1960 588 2010 τὰ
612 1960 856 2015 ἐνδόσθια
897 1967 970 2034 ’ἠ
1020 1967 1074 2019 δὲ
1123 1969 1220 2038 τῆς
1270 1972 1406 2042 ἐμῆς
1439 1975 1662 2043 καρδίας
1695 1979 1775 2039 είς

193 2047 434 2114 Χριστὸν
487 2049 672 2116 πίστις
721 2054 919 2120 ἄσυλος
970 2058 1123 2112 ἔσται
1161 2063 1253 2114 καὶ
1307 2065 1688 2135 ἀναφαίρετος.
1711 2072 1774 2123 Oi.

192 2139 250 2190 δὲ
285 2137 451 2205 ἅγιοι,
496 2143 561 2196 τὰ
607 2145 696 2196 τοῦ
733 2147 1006 2218 μάρτυρος
1037 2153 1317 2224 σπλάγχνα
1370 2159 1683 2231 ῥηγνύμενά
1715 2180 1773 2215 τε

192 2229 294 2278 καὶ
325 2231 402 2291 είς
430 2233 531 2300 γῆν
556 2233 699 2288 οὕτω
728 2237 1159 2310 διασπειρόμενα
1207 2245 1568 2316 Θεασάμενοι,
1587 2252 1670 2320 φιλ
1684 2253 1776 2305 άν-

191 2317 416 2387 Θρωπόν
463 2339 513 2373 τι
566 2324 658 2376 καὶ
719 2325 838 2379 λίαν
891 2331 1194 2398 περιπαθὲς
1243 2336 1620 2407 δακρύσαντες
1679 2345 1772 2396 τὸν

187 2409 448 2479 Χριστὸν,
487 2414 625 2483 ὑπὲρ
654 2413 712 2470 οὗ
734 2418 905 2472 ταῦτα
924 2421 1154 2493 ἔπασχε,
1188 2424 1644 2496 βοηθὸνέκὰλουν.
1678 2433 1770 2500 Οἷς

189 2503 465 2556 ἐπιϐαλὼν
490 2507 589 2570 τὰς
625 2507 778 2576 ὄψεις
816 2512 841 2563 ὀ
871 2512 1153 2584 δικαστὴς,
1200 2518 1296 2570 καὶ
1347 2521 1406 2572 τὸ
1437 2522 1538 2593 τῆς
1584 2526 1772 2592 φιλαν-

188 2594 502 2667 θρωπία.ςῆ
537 2601 889 2670 φιλαδελφίας
931 2607 1130 2674 μᾶλλον
1181 2611 1304 2664 ίδὼν
1361 2613 1650 2682 σύμῦολον,
1703 2619 1769 2671 τὰ

187 2689 250 2739 ἐν
283 2688 574 2756 ὀφθαλμοῖς
607 2693 840 2764 δάκρυα,
866 2701 956 2750 καὶ
989 2695 1073 2752 οἷά
1104 2720 1246 2766 τινος
1269 2705 1525 2773 πλησθεὶς
1549 2710 1764 2780 ἡδονῆς,

189 2778 464 2850 Ἠττησθε
492 2785 726 2847 παντως,
756 2784 874 2839 εἷπε
898 2791 1036 2858 μετὰ
1055 2793 1204 2863 βοῆς,
1234 2797 1491 2866 ἥττησθε.
1521 2804 1626 2856 Καὶ
1649 2806 1768 2858 τού-

183 2887 288 2925 του
307 2873 504 2944 δεῖγμα
527 2877 556 2944 ἡ
583 2878 748 2945 πολλὴ
775 2879 910 2950 αὕτη
941 2888 1209 2953 κατήφεια
1237 2891 1328 2940 καὶ
1352 2891 1420 2943 τα
1446 2893 1673 2963 δάκρυα.
1704 2899 1766 2951 Εί

186 2970 302 3038 γὰρ
328 2970 576 3037 ἠδύνατο,
603 2977 789 3043 φησιν,
821 2979 846 3029 ὁ
877 2978 1143 3049 ὑμέτερος
1173 2982 1306 3046 Θεὸς
1331 2984 1427 3055 τὴν
1464 2987 1767 3055 μυθευομέ-

189 3078 294 3127 νην
327 3064 531 3133 ταύτην
569 3067 697 3133 ὑμῖν
743 3070 1008 3124 ἀθάνατον
1053 3075 1199 3146 ζωὴν
1233 3080 1563 3149 παρασχεῖν,
1618 3083 1763 3147 τίνος

185 3154 352 3221 χάριν
383 3155 524 3206 οὕτω
561 3160 651 3208 τὸν
701 3162 886 3224 κακῶς
937 3167 1309 3234 ἀπολούμενον
1361 3174 1385 3224 ἐ

183 3245 468 3299 ἐπενθεῐ·;ε
494 3266 507 3314 ;
534 3251 595 3302 Οἱ
622 3251 678 3303 δὲ
703 3252 838 3320 πρὸς
873 3254 1035 3306 αὐτόν
1068 3273 1082 3288 ο
1103 3257 1166 3310 '11
1194 3259 1302 3312 τῶν
1354 3263 1602 3332 δακρύων
1625 3245 1762 3340 αὕτη

184 3337 405 3404 σταγὼν
425 3341 520 3410 τὴν
552 3343 786 3414 φυσικὴν
821 3346 1013 3414 μηνύει
1057 3351 1426 3420 συμπάθειαν.
1466 3356 1624 3412 Ἐπεὶ
1667 3362 1766 3414 οὐκ

182 3433 252 3485 ἂν
296 3450 422 3486 ποτε
448 3437 603 3505 ἡμεῖς
623 3438 814 3508 γνώμῃ
836 3441 925 3492 τὸν
947 3442 1173 3510 ἀδελφὸν
1195 3445 1522 3517 κλαύσωμεν
1541 3453 1764 3521 τοιούτῳ

181 3527 528 3581 τελευτῶντα
553 3530 786 3600 Θανάτῳ·
823 3533 1022 3600 μᾶλλον
1054 3537 1163 3604 γὰρ
1186 3538 1276 3589 καὶ
1304 3541 1572 3612 μακάριον
1602 3546 1765 3599 αὑτὸν

180 3617 282 3670 τοῦ
316 3621 501 3682 τέλους
535 3621 816 3688 ἡγούμεθα
871 3623 968 3676 καὶ
1029 3625 1320 3696 ζηλοῦμεν,
1384 3632 1558 3699 ὅτιτῇ
1603 3653 1765 3703 προσ-

182 3710 367 3778 καίρῳ
421 3714 592 3782 ταύτῃ
649 3711 868 3781 βασάνῳ
927 3714 1026 3780 τὴν
1060 3717 1138 3779 εἰς
1173 3718 1259 3768 ἀεὶ
1311 3719 1581 3788 μένουσαν
1614 3723 1764 3789 βασι-

181 3801 340 3852 λείαν
378 3803 892 3874 ἐπραγματεύσατο.
927 3808 1000 3859 Οὔ
1029 3808 1216 3862 τοῦτον
1246 3808 1358 3875 οὖν,
1408 3813 1598 3886 ὥσπερ
1622 3817 1759 3888 ἔφη-

183 3912 317 3961 μεν,
349 3897 486 3950 ἀλλὰ
527 3899 588 3951 σὲ
627 3901 830 3968 μᾶλλον
873 3899 1178 3972 θρηνοῦμεν
1213 3903 1314 3974 τῆς
1345 3906 1637 3971 ἀπωλείας,
1669 3913 1758 3962 καὶ

177 3984 261 4042 ὧν
297 3990 511 4058 μέλλεις
548 3993 916 4061 κληρονομεῖν
946 3994 1199 4063 χαλεπῶν
1236 3998 1581 4051 ἀντιδόσεων.
1629 4001 1759 4070 Χρι-

178 4082 317 4137 στοῦ
347 4085 455 4153 γὰρ
485 4085 644 4151 νόμος
673 4087 764 4139 καὶ
787 4085 926 4154 ὑπὲρ
951 4084 1106 4154 ὑμῶν
1124 4086 1385 4155 δακρύειν
1409 4088 1516 4142 τῶν
1546 4093 1756 4162 ὲχθρὼν

177 4176 263 4244 τῷ
288 4177 387 4243 τῆς
427 4177 648 4246 ἀγάπης
697 4177 844 4248 μόνῳ
885 4181 978 4232 καὶ
1013 4181 1110 4250 τῆς
1153 4183 1542 4256 χρηστότητος.

256 4269 338 4322 H'.
395 4268 481 4320 Ἐν
515 4269 624 4337 ὅσῳ
659 4271 714 4322 δέ
746 4271 915 4324 ταῦτα
956 4274 1195 4342 ἐλέγετο,
1248 4277 1374 4339 τοὺς
1422 4278 1520 4346 μὲν
1568 4275 1755 4345 ἁγίους

177 4361 282 4414 καὶ
300 4356 456 4423 αὖθις
487 4361 544 4412 τὸ
572 4362 946 4431 δεσμωτήριον
977 4365 1289 4435 ὑπεδέχετο,
1313 4368 1416 4431 ἕως
1447 4370 1474 4420 ὁ
1497 4368 1754 4436 δικαστὴς

179 4452 452 4514 σκέψαιτο
521 4453 704 4513 ποίαις
749 4453 857 4504 τῶν
893 4453 1166 4507 κολάσεων
1206 4459 1402 4520 αὐτοὺς
1432 4462 1748 4528 παραδόσει.

1418 385 1518 444 ΜΛ
1532 387 1876 451 H'I‘YRIUM
1925 395 1983 458 S.
2021 399 2222 460 VARI.

3313 421 3454 486 1150

1709 505 1848 578 ὴνΛ
1877 524 2046 580 nent;
2086 533 2238 574 meus
2287 537 2371 576 me
2399 523 2646 582 Christus
2689 529 3022 600 liberaverit,
3075 545 3128 599 te
3170 549 3357 606 autem
3404 543 3459 598 et

1879 619 2022 662 tuam
2060 612 2438 671 crudelitatem
2473 618 2670 676 talibus
2695 625 2889 680 merito
2921 629 3330 686 condemnabit.

1945 701 2055 757 νη.
2086 704 2421 777 Hancjudex
2463 712 2578 780 ipso
2611 715 2754 770 facto
2801 717 3072 775 ulciscens
3123 725 3454 788 oralionem,

1877 793 1929 847 in
1987 797 2192 852 viscera
2252 804 2506 872 martyris
2567 805 2750 862 intulit
2809 811 3176 870 novaculam:
3236 814 3450 881 Videat,

1875 888 2083 952 dicens,
2121 896 2483 950 exsecrandus
2531 909 2657 954 ante
2691 902 2898 966 oculos,
2943 913 3197 972 tanquam
3235 923 3454 976 aquam,

1877 996 1973 1034 sua
2006 983 2206 1038 effundi
2247 986 2524 1044 intestina.
2586 990 2690 1046 Sed
2741 1010 2809 1046 ne
2858 995 3019 1060 hujus
3055 998 3271 1065 quidem
3331 1012 3446 1053 tor-

1879 1077 2044 1127 menti
2081 1077 2346 1133 acerbitas
2391 1081 2588 1141 ellecit.
2638 1093 2696 1138 ut
2743 1085 2941 1141 Christi
2992 1100 3195 1159 martyr
3234 1091 3438 1158 aliquid

1879 1171 2176 1221 remitteret
2212 1170 2278 1224 de
2315 1187 2409 1225 sua
2449 1173 2502 1226 in
2537 1176 2792 1242 patiendo
2817 1194 2912 1246 pro
2959 1179 3173 1236 Christo
3197 1198 3330 1238 cons
3357 1199 3453 1236 an-

1879 1255 1974 1319 tia,
2023 1273 2124 1311 nec
2182 1269 2239 1313 ut
2286 1263 2445 1317 molle
2496 1278 2586 1317 aut
2637 1266 2890 1335 ignavum
2948 1271 3160 1339 aliquod
3228 1275 3448 1330 verbum

1878 1348 2208 1416 loqueretur,
2241 1355 2323 1406 vel
2353 1355 2568 1424 aliquod
2599 1373 2818 1426 parvum
2866 1372 2959 1415 aut
2989 1379 3239 1432 magnum
3271 1376 3450 1419 osten-

1877 1439 2049 1504 deret,
2097 1459 2205 1512 quo
2258 1447 2589 1514 signiﬁcaret
2635 1466 2692 1504 se
2740 1452 2977 1509 cedere:
3030 1454 3138 1510 imo
3193 1459 3450 1524 majorem

1878 1549 2115 1587 amorem
2176 1537 2224 1589 ei
2287 1538 2340 1590 in
2394 1539 2672 1595 Christum
2731 1545 3012 1610 accendit,
3085 1557 3139 1600 et
3186 1548 3450 1602 adversus

1878 1641 2070 1695 graves
2099 1630 2375 1683 cruciatus
2406 1631 2535 1685 fecit
2565 1649 2686 1687 eum
2718 1621 2878 1689 ferire
2901 1637 3136 1704 judicem
3174 1641 3453 1707 responsis

1877 1718 2232 1787 gravioribus.
2286 1721 2440 1786 Nam,
2496 1721 2573 1778 Tu
2605 1726 2843 1793 quidem,
2899 1728 3093 1795 inquit,
3153 1745 3185 1782 ο
3224 1730 3454 1800 maligne

1879 1811 2140 1863 malorum
2186 1811 2491 1865 daemonum
2543 1815 2887 1880 administer,
2944 1827 2998 1870 et
3041 1815 3212 1872 hostis
3273 1818 3456 1873 homi-

1877 1916 2031 1962 num,
2063 1909 2117 1956 et
2150 1901 2240 1970 qui
2287 1903 2442 1957 bouis
2489 1906 2661 1959 valide
2701 1909 3027 1972 adversaris,
3075 1924 3194 1964 mea
3225 1912 3453 1966 fortasse

1879 1994 2132 2048 intestina
2191 1995 2424 2050 educere
2474 1999 2695 2065 poteris,
2751 2001 2855 2054 mei
2903 2013 3082 2055 autem
3156 2003 3336 2058 cordis
3394 2004 3450 2060 in

1875 2083 2149 2138 Christum
2209 2085 2340 2140 ﬁdes
2402 2088 2535 2141 mihi
2595 2089 2749 2159 eripi.
2798 2107 2933 2188 non/
2986 2094 3203 2162 poterit.
3264 2095 3451 2152 Sancti

1874 2185 2053 2230 autem
2087 2191 2207 2230 cum
2255 2178 2517 2233 vidissent
2557 2180 2814 2236 intestina
2860 2178 3113 2255 martyris
3160 2185 3448 2258 disrumpi,

1876 2278 1930 2321 et
1973 2285 2070 2337 per
2120 2278 2318 2323 terram
2371 2273 2646 2342 dispergi,
2709 2284 2898 2329 tenere
2961 2287 3014 2332 et
3067 2278 3453 2337 miserabiliter

1874 2359 2085 2424 flentes,
2119 2361 2320 2417 Christi
2353 2363 2676 2418 invocabant
2724 2368 3008 2433 auxilium,
3047 2386 3146 2439 pro
3180 2388 3290 2440 quo
3333 2373 3449 2430 haec

1873 2453 2196 2521 patiebatur.
2217 2453 2286 2506 'ln
2319 2469 2455 2522 quos
2500 2470 2624 2509 cum
2673 2456 2838 2523 judex
2881 2460 3208 2529 conjecissct
3238 2465 3448 2524 oculos.

1871 2553 1924 2595 et
1979 2543 2351 2611 humanitatis,
2445 2555 2537 2600 aut
2588 2547 2768 2617 potius
2830 2552 3032 2606 amoris
3110 2552 3163 2607 in
3226 2553 3446 2609 fratrem

1872 2636 2083 2704 signum
2138 2634 2362 2689 vidisset
2419 2636 2714 2706 lacrymas,
2766 2653 2887 2706 quae
2939 2652 3098 2697 erant
3150 2647 3204 2697 in
3249 2647 3446 2709 oculis,

1871 2728 2036 2782 veluti
2099 2729 2331 2798 quadam
2394 2729 2633 2797 repletus
2707 2731 2938 2786 laetitia:
2995 2733 3248 2802 Superati
3315 2731 3447 2792 estis

1869 2819 2090 2872 omnino
2117 2859 2130 2879 ,
2175 2821 2412 2887 superati
2452 2822 2620 2886 estis,
2677 2822 2852 2890 inquit
2891 2824 3221 2879 vociferans.
3275 2824 3447 2894 Hujus

1868 2921 2044 2965 autem
2076 2912 2334 2965 indicium
2362 2923 2442 2968 est
2472 2915 2588 2969 haec
2621 2930 2812 2986 magna
2842 2915 3058 2971 tristitia
3087 2929 3139 2971 et
3168 2918 3443 2989 lacrytnze.

1868 3006 1923 3059 Si
1965 3005 2110 3060 enim
2162 3013 2361 3072 posset,
2419 3006 2618 3073 inquit,
2673 3018 2851 3061 vester
2882 3007 3022 3063 Deus
3067 3010 3230 3073 hanc,
3279 3027 3444 3080 quam

1865 3109 1963 3149 vos
2017 3095 2250 3164 ﬁngitis,
2313 3096 2677 3152 immortalem
2738 3097 2905 3150 vitam
2972 3097 3126 3152 vobis
3177 3101 3441 3168 praebere,

1394 3177 1577 3242 ταίρον
1605 3177 1760 3246 ὑμῶν

1870 3203 2094 3259 qttanam
2127 3190 2191 3241 de
2222 3203 2382 3241 causa
2413 3190 2666 3259 lugeretis
2687 3190 2942 3250 amicum,
2975 3191 3064 3257 qui
3101 3190 3255 3244 vobis
3302 3192 3446 3246 male

1870 3280 2050 3350 perit?
2077 3281 2154 3334 Illi
2186 3291 2364 3335 autem
2401 3281 2447 3334 ei
2484 3281 2779 3336 dixerunt:
2821 3281 2945 3335 llaec
2974 3291 3124 3352 gutta
3171 3283 3441 3354 lacryma-

1871 3387 1990 3426 rum
2028 3373 2328 3425 naturalem
2385 3374 2651 3441 signiﬁcat
2703 3375 3253 3430 commiserationem.
3305 3374 3440 3430 Nam

1868 3481 1970 3518 nos
2018 3475 2200 3520 nostra
2253 3464 2524 3519 sententia
2572 3479 2850 3534 nunquam
2896 3465 3280 3520 deﬂeverimus
3331 3467 3442 3521 ira-

1867 3565 2025 3622 trem,
2085 3557 2174 3624 qui
2217 3558 2308 3610 tali
2359 3566 2534 3611 morte
2585 3558 2800 3611 decedit
2839 3577 2852 3612 :
2892 3561 3001 3612 imo
3043 3573 3170 3613 vero
3219 3569 3441 3629 pr0pter

1869 3648 2028 3702 talem
2076 3647 2361 3702 decessum
2396 3661 2520 3702 eum
2563 3647 2781 3702 beatum
2823 3647 3094 3714 ducimus,
3128 3659 3184 3702 et
3225 3649 3437 3703 felicem

1861 3752 2140 3799 vocamus,
2169 3739 2313 3806 quod
2345 3739 2466 3803 hoc,
2509 3739 2652 3806 quod
2674 3750 2758 3793 est
2795 3737 2860 3793 ad
2891 3750 3105 3810 tempus
3138 3749 3436 3798 tormento.

1863 3827 2015 3891 illud,
2043 3827 2185 3897 quod
2212 3842 2427 3898 semper
2461 3839 2664 3893 manet,
2701 3843 2926 3898 regnum
2959 3831 3290 3883 conciliavit.
3315 3830 3434 3885 Non

1865 3919 2008 3972 hunc
2046 3932 2195 3988 ergo,
2237 3928 2294 3972 ut
2326 3919 2583 3984 diximus,
2609 3918 2704 3973 sed
2755 3929 2905 3973 tuum
2948 3919 3128 3987 potius
3175 3917 3439 3974 deﬂemus

1861 4010 2159 4070 interitum,
2192 4020 2245 4062 et
2275 4008 2456 4076 gravia
2489 4009 2650 4072 mala,
2681 4025 2802 4076 qua:
2845 4010 2939 4063 tibi
2985 4020 3113 4064 sunt
3139 4020 3433 4064 eventura.

1857 4099 2057 4155 Christi
2090 4099 2234 4153 enim
2264 4100 2345 4153 lex
2381 4093 2653 4170 nosjubct
2705 4099 2834 4152 ﬂere
2862 4099 3041 4154 etiam
3087 4115 3188 4171 pro
3234 4105 3437 4165 nostris

1857 4192 2115 4256 inimicis,
2145 4192 2425 4246 charitatis
2458 4192 2574 4262 lege
2605 4201 2657 4245 et
2687 4191 3056 4263 benignitatis.

1929 4276 2061 4334 Vlll.
2097 4282 2319 4335 Interim
2349 4291 2530 4335 autem
2580 4283 2708 4337 dum
2768 4287 2880 4338 haec
2927 4285 3266 4354 dicebautur,
3309 4303 3435 4341 san-

1856 4385 1973 4430 ctos
1994 4375 2212 4444 quidem
2243 4389 2430 4430 rursus
2463 4375 2681 4445 excepit
2721 4391 2930 4439 carcer,
2965 4378 3142 4432 donec
3183 4381 3435 4436 conside-

1855 4477 2000 4523 raret
2055 4469 2243 4537 judex,
2299 4469 2628 4536 quibusnam
2684 4483 2782 4524 eos
2837 4469 3076 4524 traderet
3126 4471 3427 4539 suppliciis.

186 4546 256 4596 Ὀ
288 4546 344 4598 δέ
377 4547 646 4612 μακάριος
680 4542 890 4613 Οὔαρος
921 4547 1013 4599 ἐπὶ
1054 4548 1146 4600 τοῦ
1181 4546 1338 4614 ξύλου
1375 4547 1508 4621 ἦρτο
1550 4553 1643 4606 καὶ
1674 4554 1754 4606 ἔτι

1870 4560 2053 4613 Beatus
2085 4571 2267 4614 autem
2304 4559 2472 4613 Varus
2523 4560 2774 4614 sublimis
2822 4555 3001 4615 adhuc
3055 4563 3323 4632 pendebat
3377 4565 3430 4617 in

179 4635 481 4704 μετέωρος,
515 4634 656 4687 οὕτω
688 4636 1044 4706 προσταχθὲν,
1079 4639 1238 4706 ἄχρις
1269 4641 1378 4708 ἁφή
1417 4659 1497 4695 σοι
1533 4643 1622 4694 καὶ
1656 4643 1752 4714 τὴν

174 4727 386 4797 ψυχήν.
428 4727 516 4790 Ὠς
567 4721 626 4781 οὗ
665 4729 789 4790 τοὺς
827 4729 1014 4797 ἁγίους
1057 4732 1162 4784 ὑπὸ
1198 4732 1414 4801 δεσμοῖς
1449 4737 1542 4788 καί⁵
1591 4753 1754 4807 φρου-

181 4824 309 4890 ραῖς
346 4821 480 4886 πρὸς
517 4820 616 4890 τὴν
637 4822 860 4888 εἱρκτὴν
889 4823 1190 4890 ἀγομένους
1217 4824 1496 4888 ἐθεάσατο,
1541 4829 1750 4898 μεγάλῃ

175 4915 249 4984 τῇ
287 4915 460 4982 φωνῇ,
484 4910 923 4983 Θαρσεῖτε,εἷπε,
961 4909 1195 4984 πατέρες
1228 4920 1376 4986 ἐμοὶ,
1408 4920 1749 4991 θαρσεῖτε....

175 5005 335 5058 οὐδὲν
375 5004 485 5071 ἐγὼ
517 5005 804 5074 λογίζομαι
837 5007 934 5070 τὰς
963 5008 1305 5078 ἐπαγομένας
1341 5030 1430 5080 μοι
1460 5015 1750 5083 τιμωρίας,

175 5096 322 5149 ἀλλά
354 5113 420 5165 με
451 5096 528 5165 τῷ
568 5097 684 5166 ἐμῷ
740 5095 972 5168 Χριστῷ
1003 5101 1311 5171 παράθεσθε
1363 5109 1457 5158 καὶ
1513 5107 1750 5176 Σωτῆρι,

176 5190 277 5241 καὶ
313 5189 590 5252 πεποιθὼς
634 5189 972 5260 πορεύσομαι
1019 5193 1154 5262 πρὸς
1193 5195 1354 5249 αὑτὸν
1400 5200 1519 5260 ταῖς
1554 5199 1752 5267 ὑμετέ-

179 5299 308 5352 ραις
342 5281 528 5350 εὐχαῖς
559 5284 986 5354 φρουρούμενος,
1020 5287 1112 5338 ἐπὶ
1145 5288 1303 5341 πέντε
1340 5290 1468 5357 γοῦν
1495 5291 1662 5361 ὥραις
1684 5295 1746 5364 τῇ

180 5377 401 5444 βασάνῳ
449 5377 883 5445 ἐγκαρτερήσας,
943 5378 999 5429 ἐν
1060 5380 1251 5449 είρὴκιῃ
1305 5382 1364 5433 τὸ
1410 5383 1628 5452 πνεῦμα
1675 5385 1749 5453 τῷ

177 5467 436 5520 δεδωκότι
479 5468 597 5538 Θεῴ
643 5470 928 5538 παρέθετο.
967 5472 1087 5523 Ἔτι
1120 5471 1175 5523 δὲ
1211 5473 1309 5541 ζῇν
1359 5473 1524 5526 αὐτὸν
1561 5476 1610 5528 οί
1657 5477 1749 5528 ἐπὶ

176 5561 288 5612 τῶν
342 5559 592 5630 βασάνων
649 5565 902 5631 οἰόμενοι,
956 5565 1076 5618 οὐδὲ
1130 5565 1190 5618 τὸ
1238 5565 1424 5619 λοιπὸν
1468 5569 1746 5636 μεθίεσαν,

179 5651 316 5706 ἀλλὰ
377 5655 628 5723 κοράκων
688 5656 887 5724 τρόπον
941 5657 1032 5710 καὶ
1088 5659 1222 5726 μετά
1263 5657 1491 5712 θάνατον
1535 5659 1745 5731 ἥκιξον,

182 5737 310 5797 ἐπεὶ
343 5746 398 5799 δὲ
447 5748 537 5799 καὶ
583 5749 767 5813 αὐτοῖς
798 5749 996 5816 καὶτῷ
1035 5752 1278 5821 τυράννῳ
1322 5751 1619 5821 διεγνὼσθη
1665 5756 1746 5806 ὅτι

184 5835 390 5908 Οὔαρος
440 5839 684 5908 τέθνηκε,
734 5842 818 5893 τὸν
886 5841 1070 5911 νεκρὸν
1095 5842 1514 5911 καταγάγὲντες,
1541 5844 1628 5898 καὶ
1662 5847 1746 5899 διὰ

1863 4651 2007 4721 ligno
2041 4669 2054 4705 :
2089 4650 2167 4705 sic
2191 4649 2338 4706 enim
2377 4650 2591 4719 jussnm
2644 4651 2820 4704 iuerat
2867 4659 2926 4703 ut
2959 4660 3221 4715 maneret,
3256 4652 3432 4708 donec

1860 4745 2131 4798 emitteret
2175 4745 2431 4797 animam.
2479 4743 2769 4811 Postquam
2816 4752 2998 4796 autem
3044 4742 3181 4797 vidit
3212 4754 3432 4801 sanctos

1860 4836 2098 4900 vinctos‘,
2149 4843 2204 4889 et
2248 4849 2370 4890 cum
2433 4835 2756 4889 cusmdibus
2809 4835 2934 4889 duci
2992 4835 3047 4888 in
3110 4851 3426 4903 carcerem,

1861 4945 2052 4998 magna
2102 4944 2278 4984 voce:
2339 4930 2488 4985 Bono
2539 4933 2744 4995 animo,
2799 4930 3000 5001 inquit,
3059 4942 3245 5002 patres
3299 4933 3427 4998 mei,

1859 5021 2001 5075 bono
2026 5023 2208 5076 animo
2241 5031 2410 5076 estote
2440 5039 2455 5075 :
2486 5035 2586 5092 ego
2613 5023 2759 5075 enim
2787 5023 3091 5078 nihilifacio
3136 5038 3256 5093 que
3289 5026 3426 5079 mihi

1860 5113 2162 5169 lnl‘ewntur
2219 5113 2502 5184 supplicia,
2552 5115 2647 5170 sed
2701 5129 2790 5168 me
2839 5129 2960 5170 meo
3012 5115 3232 5173 Christo
3276 5134 3427 5173 com-

1859 5208 2128 5274 mendate,
2183 5218 2237 5260 et
2288 5207 2574 5270 Salvatori,
2629 5211 2684 5261 et
2738 5207 3075 5263 conﬁdenter
3126 5209 3192 5262 ad
3243 5209 3421 5279 ipsum

1858 5301 2046 5354 vadam
2105 5311 2408 5354 vestrarum
2468 5300 2774 5354 orationum
2843 5301 3086 5355 munitus
3145 5301 3420 5369 prmsidio.

1854 5392 1989 5446 Cum
2021 5408 2147 5456 ergo
2195 5394 2437 5462 quinque
2493 5393 2644 5448 horis
2674 5409 2730 5447 se
2788 5393 3004 5448 fortiter
3054 5393 3314 5462 gessisset
3368 5394 3418 5445 in

1859 5483 1958 5537 hoc
2010 5493 2302 5544 tormento,
2353 5476 2405 5537 in
2456 5499 2587 5554 pace
2633 5482 2881 5552 spiritum
2947 5477 3056 5537 Deo
3106 5483 3414 5536 committit.

1857 5574 1986 5628 Eum
2019 5585 2200 5631 autem
2249 5577 2424 5630 adhuc
2478 5577 2662 5630 vivere
2715 5583 2967 5642 putantes
3009 5574 3100 5643 qui
3151 5585 3420 5643 praerant

1856 5667 2161 5733 tormentis,
2203 5682 2273 5721 nc
2330 5666 2397 5720 de
2453 5676 2646 5722 caetero
2693 5663 2912 5731 quidem
2975 5673 3276 5728 cessarunt,
3323 5665 3415 5717 sed

1857 5760 2026 5814 instar
2059 5775 2344 5815 corvorum
2392 5757 2713 5826 torquebant
2764 5757 2925 5810 etiam
2988 5763 3114 5824 post
3159 5762 3414 5808 mortem.

1853 5856 2139 5930 fostquam
2169 5869 2293 5910 vero
2322 5853 2388 5905 ab
2417 5850 2548 5925 ipsis
2569 5849 2841 5917 cegnitum
2873 5847 2990 5910 fuit,
3031 5855 3081 5902 et
3104 5860 3133 5900 a
3169 5854 3424 5916 tyranno,
