4198 6312
183 386 322 447 1153

1413 379 1876 442 MARTYRIUM
1920 381 1976 441 S.
2019 383 2228 442 VARI.

3284 385 3424 451 1154

182 504 238 554 δὲ
288 502 464 571 πολλῷ
512 503 669 555 πλέον
701 503 809 556 τῶν
850 502 1088 555 εὐσεϐῶν
1118 502 1214 569 τὴν
1249 501 1578 572 θερμότητα,
1625 502 1754 555 πάν-

1863 508 2066 560 autem,
2120 511 2170 553 et
2213 499 2382 553 multo
2432 500 2601 569 magis
2646 500 2853 569 piorum
2910 500 3202 569 fervorem,
3248 507 3428 560 omni-

183 613 290 647 των
315 595 390 657 ὡς
435 600 494 648 τὸ
526 597 670 658 εἰκός
716 596 874 664 ἔργον
924 595 1079 648 τοῦτο
1113 597 1530 648 σπουδαιότατον
1562 614 1749 648 ποιου-

189 687 364 754 μένων
399 688 738 756 ἁναιρείσθαι
775 687 882 739 τῶν
911 689 1049 758 ὑπὲρ
1089 688 1326 756 Χριστοῦ
1359 689 1638 740 παθόντων
1683 690 1750 740 τὰ

183 778 434 846 λείψανα,
469 779 676 832 τούτων
720 777 812 831 οῦν
843 779 917 840 ώς
955 779 1149 848 ἣδιστα
1178 780 1306 848 περὶ
1343 778 1516 832 ταῦτα
1563 780 1750 831 διαπο-

185 869 477 936 νουμένων,
531 870 710 938 ἐκείνη
760 871 857 937 τὴν
910 870 1271 941 Παλαιστίνην
1317 869 1748 939 καταλαμϐάνει.

185 957 357 1009 Αὐτοῦ
393 958 444 1008 δὲ
484 962 746 1027 γενομένη
791 958 925 1010 κατά
977 975 1094 1010 τινα
1137 958 1330 1025 κώμην
1361 957 1510 1025 παρὰ
1539 957 1614 1025 τῷ
1645 953 1751 1007 Θα-

186 1047 369 1115 (impii?
414 1051 694 1116 κειμένην,
732 1049 896 1115 Ἐδρα
931 1048 986 1100 δὲ
1030 1049 1442 1116 κατωνόμαστο,
1492 1049 1555 1098 τὸ
1608 1046 1750 1098 Θεῑον

186 1141 344 1209 σῶμα
409 1141 498 1193 τοῦ
554 1143 825 1211 μάρτυρος
882 1140 1275 1200 κατατίθεται,
1344 1138 1634 1205 λαμπάδας
1693 1155 1750 1192 τε

187 1234 527 1300 ὑφάπτουσα,
564 1235 658 1283 καὶ
693 1231 861 1283 πολλὰ
896 1232 1002 1282 τῶν
1051 1232 1298 1298 εῦὸσμων
1345 1230 1602 1288 καίουσα,
1658 1233 1750 1283 καὶ

179 1325 266 1374 δ;ἀ
306 1324 473 1390 τιμῆς
527 1326 704 1390 πάσης
760 1324 985 1389 ἄγουσα,
1048 1315 1121 1383 ὧς
1163 1319 1255 1374 οῦν
1288 1322 1420 1372 πολύ
1456 1339 1507 1372 τι
1548 1321 1750 1389 πλῆθος

176 1416 480 1484 ἀνθρώπων
527 1411 658 1483 ἧκον
710 1418 802 1468 ἐπὶ
841 1417 938 1486 τὴν
980 1416 1136 1485 σορὸν
1166 1416 1330 1484 ἑώρα,
1362 1418 1606 1484 πανταχῆ
1645 1415 1750 1483 γὰρ

179 1505 279 1573 ἥδη
325 1506 483 1556 τοῦτο
525 1506 865 1574 διαϐεϐίὲητο,
904 1508 996 1558 καὶ
1025 1506 1231 1567 πάντας
1264 1508 1294 1574 ἡ
1329 1507 1470 1574 ὀσμὴ
1517 1506 1622 1557 τῶν
1655 1507 1749 1558 αὐ-

179 1595 272 1646 τοῦ
306 1598 543 1663 χαρίτων
585 1597 750 1660 ὀξέως
793 1599 1000 1662 ἐκάλει,
1036 1599 1129 1650 καὶ
1159 1598 1250 1663 οὒς
1286 1600 1495 1668 χαλεπή
1530 1615 1610 1659 τις
1633 1600 1752 1648 ἐπι-

181 1687 422 1738 πεσοῦσα
458 1690 612 1749 νόσος
655 1689 862 1752 ἐπίεζε,
906 1690 999 1743 καὶ
1045 1690 1133 1752 οὓς
1171 1692 1407 1758 πονηροῦ
1444 1691 1752 1757 πνεύματος

180 1780 427 1846 συνεῖχεν
463 1780 733 1848 ἐνέργεια,
775 1783 976 1842 πάντες
1004 1782 1111 1851 γὰρ
1139 1785 1204 1852 τῇ
1235 1780 1332 1849 τῆς
1366 1779 1522 1850 σοροῦ
1579 1797 1752 1847 προσ-

179 1867 388 1920 ιὶεύσει
416 1871 523 1922 τών
572 1871 934 1939 ἐνοχλούντων
969 1874 1129 1935 εὐθὺς
1176 1873 1603 1942 ἀπηλλάττοντο,
1638 1871 1754 1924 δέον

179 1960 333 2031 ᾠήθη
369 1964 461 2014 καὶ
486 1964 613 2014 ναὸν
647 1966 854 2034 ἐγεῖραι
903 1965 979 2035 τῷ
1027 1967 1261 2037 μάρτυρι
1293 1966 1486 2019 σεπτὸν
1525 1968 1557 2036 ἡ
1606 1966 1755 2035 φιλό-

182 2067 418 2119 μαρτυς,
459 2056 578 2106 ἐπεὶ
628 2055 682 2106 δὲ
725 2057 901 2125 εἴχετο
940 2058 1038 2126 τῆς
1094 2057 1402 2126 οἰκοδομῆς,
1449 2057 1754 2120 πολυτελῶς

183 2140 326 2206 ἄγαν
385 2147 475 2196 καὶ
511 2146 828 2214 φιλοτίμως,
879 2148 1045 2198 ποίων
1080 2149 1178 2216 μὲν
1209 2149 1467 2216 χαρίτων,
1513 2149 1668 2208 ποίας
1698 2148 1754 2198 δὲ

182 2233 282 2285 σὺν
364 2236 522 2306 ἡδονῇ
594 2237 742 2306 opu;
804 2239 984 2309 ἐκείνῃ
1043 2239 1500 2308 προσμειδιώσης,
1577 2239 1752 2309 χαρᾶς

177 2323 432 2390 ἔμπλεως
465 2331 756 2398 γενομένη,
799 2330 978 2398 χαίρει
1031 2331 1140 2399 γὰρ
1197 2329 1342 2400 ψυχὴ
1394 2329 1560 2382 καλοῦ
1610 2330 1751 2400 πρά-

176 2431 387 2481 γματος
417 2421 842 2491 ἐπιμελουμένη,
866 2420 1023 2474 τοῦτο
1079 2423 1197 2492 μὲν,
1227 2423 1310 2475 ὅτι
1345 2423 1577 2491 φύσειτὸ
1613 2427 1752 2492 ἀγα-

177 2509 272 2559 θὸν
307 2513 481 2578 χαρᾶς
511 2512 768 2580 πρόξενον
803 2516 913 2575 τοῖς
950 2513 1340 2582 ἐργαζομένοις
1371 2517 1455 2570 διὰ
1502 2520 1600 2588 την
1645 2520 1752 2572 ἀπὸ

177 2599 274 2652 τοῦ
308 2602 609 2665 συνειδότος
660 2604 1053 2675 πληροφορίαν,
1103 2608 1258 2658 τοῦτο
1301 2607 1355 2658 δὲ
1393 2611 1485 2661 καὶ
1521 2611 1607 2661 διὰ
1654 2610 1752 2679 τὴν

177 2690 545 2765 ἐλπιζομένην
581 2697 868 2761 ἀντίδοσιν,
909 2699 1086 2765 χαρᾶς
1116 2697 1207 2750 οὖν
1239 2697 1608 2768 πληρωθεῖσα,
1641 2705 1751 2763 τοῖς

178 2787 448 2852 κρατοῦσι
486 2791 742 2857 χρήματα
787 2791 994 2859 πέμπει
1017 2792 1182 2860 τιμῆς
1200 2791 1431 2857 ἀξιῶσαι
1465 2792 1554 2844 τὸν
1586 2794 1750 2845 παῖδα

177 2877 280 2943 τῆς
307 2881 438 2946 παρ’
466 2881 646 2941 αὐτοῖς
667 2883 1011 2950 αἰτουμένης,
1057 2885 1150 2936 καὶ
1183 2885 1518 2955 παραχρῆμα
1547 2885 1750 2954 βασιλι-

175 2968 281 3021 καὶ
332 2973 462 3042 παρ’
519 2973 652 3041 αὐτῇ
690 2973 972 3037 συλλαϐαὶ,
1027 2975 1341 3044 βεεαιοῦσαι
1384 2977 1460 3044 τῷ
1508 2979 1654 3028 παιδὶ
1694 2980 1752 3031 τὸ

177 3063 422 3132 ἀξίωμα.

1859 590 1979 652 bus,
2021 602 2078 641 ut
2111 605 2207 658 par
2241 600 2380 651 erat,
2434 591 2668 645 maximo
2712 593 2892 646 studio
2944 595 3427 660 contendentibus,

1859 697 1925 734 ne
1960 682 2281 736 tollerentur
2313 684 2554 751 reliquiae
2589 701 2802 748 eorum,
2837 687 2926 754 qui
2959 688 3097 756 passi
3136 697 3301 741 erant
3329 705 3428 756 pro

1856 773 2119 842 Christo),
2159 776 2306 828 venit
2338 777 2388 828 in
2432 775 2948 830 Palaestinam.(1um
2997 779 3104 833 illic
3137 779 3325 832 fuisset
3371 781 3428 832 in

1856 865 2087 931 Quodam
2115 867 2234 918 vit-0
2274 867 2365 932 qui
2425 867 2565 921 situs
2606 877 2721 921 erat
2759 869 2909 937 juxta
2943 870 3298 928 Thaborium,
3337 869 3424 923 cui

1856 971 2053 1012 nomen
2087 966 2201 1008 erat
2229 957 2386 1017 Edra,
2422 958 2645 1026 deponit
2676 959 2914 1011 divinum
2965 975 3166 1026 corpus
3216 968 3428 1026 marty-

1855 1047 1966 1107 ris.
2031 1048 2414 1116 lantpadesquc
2479 1049 2818 1111 accendens,
2901 1061 2954 1102 et
3027 1064 3192 1102 urens
3255 1050 3427 1102 multa

1855 1139 2145 1203 odorifera,
2206 1140 2256 1194 id
2306 1141 2541 1194 habebat
2601 1141 2652 1192 in
2727 1139 2874 1194 omni
2939 1140 3167 1194 honore.
3235 1139 3425 1197 Postea

1858 1231 2044 1283 videns
2076 1247 2323 1300 magnam
2360 1232 2642 1286 hominum
2670 1232 3077 1285 multitudinem
3113 1232 3424 1284 venientem

1855 1325 1918 1377 ad
1963 1325 2193 1378 loculum
2252 1324 2405 1393 (erat
2459 1325 2606 1379 enim
2657 1323 2702 1378 is
2741 1323 2850 1392 jam
2885 1323 3128 1376 omnium
3177 1337 3430 1376 sermone

1855 1415 2179 1476 celebratus,
2240 1426 2294 1468 et
2347 1417 2480 1468 odor
2537 1416 2655 1482 ejus
2714 1415 3004 1485 gratiarum
3069 1428 3262 1468 omnes
3317 1413 3427 1466 cito

1857 1508 2102 1572 vocabat,
2155 1516 2263 1560 tam
2309 1508 2396 1577 qui
2438 1509 2584 1578 gravi
2621 1507 2802 1576 aliquo
2839 1508 3027 1560 morbo
3078 1505 3426 1571 laborabant,

1855 1616 2014 1668 quam
2071 1616 2208 1669 quos
2267 1602 2486 1670 maligni
2550 1600 2770 1669 spiritus
2834 1601 3060 1654 vexabat
3123 1600 3423 1669 operatio:

1855 1706 2043 1745 omnes
2084 1692 2228 1744 enim
2266 1709 2362 1760 per
2393 1707 2674 1746 accessum
2709 1691 2776 1745 ad
2808 1691 3068 1756 loculum,
3110 1707 3231 1745 mox
3293 1691 3430 1746 libe-

1858 1781 2115 1834 rabantur
2174 1782 2240 1835 ab
2301 1782 2365 1834 iis
2415 1797 2534 1850 qum
2588 1783 2668 1836 eis
2726 1783 3029 1836 molestiam
3073 1781 3428 1852 aﬂerebant),

1859 1873 2190 1925 existimavit
2249 1883 2503 1944 oportere
2568 1874 2792 1943 martyri
2859 1873 3119 1942 templum
3187 1875 3428 1930 excitate

1860 1967 2252 2028 venerandum,
2283 1967 2479 2020 mulier
2507 1981 2695 2019 amans
2729 1976 3043 2036 martyrum.
3076 1967 3210 2019 Cum
3241 1978 3424 2019 autem

1861 2071 2054 2125 magno
2120 2065 2371 2126 sumptu,
2431 2067 2485 2110 et
2542 2072 2736 2127 magna
2795 2059 3150 2111 contentione
3211 2068 3427 2126 urgeret

1857 2148 2273 2202 :edilicationem
2330 2148 2675 2217 (quibusnam
2709 2150 2926 2218 quidem
2953 2151 3161 2219 gratiis,
3192 2165 3424 2217 quanam

1855 2247 2035 2290 autem
2067 2255 2189 2291 cum
2224 2240 2518 2307 voluptate,
2556 2241 2825 2308 elegantia
2855 2253 2909 2295 et
2958 2241 3140 2311 specie
3179 2241 3286 2295 illic
3317 2257 3423 2294 non

1855 2329 2183 2398 arridente)
2249 2329 2362 2398 ipsa
2425 2329 2620 2383 referta
2705 2331 2912 2384 laetitia:
2977 2335 3230 2399 (laetatur
3278 2333 3423 2386 enim

1857 2423 2059 2487 anima,
2091 2422 2167 2478 rei
2198 2421 2437 2492 pulchrae
2464 2438 2648 2477 curam
2684 2438 2898 2494 gerens,
2933 2425 3128 2494 partim
3179 2424 3426 2492 quidem,

1855 2517 1999 2586 quod
2038 2518 2178 2569 bono
2226 2525 2416 2568 natura
2451 2517 2522 2567 sit
2567 2517 2818 2575 insitum.
2854 2527 2914 2567 ut
2948 2516 3033 2579 iis,
3069 2515 3159 2584 qui
3209 2515 3261 2569 id
3293 2531 3430 2582 ope-

1856 2615 2062 2668 rantur,
2123 2606 2383 2659 conciliet
2447 2605 2726 2670 laetitiam;
2787 2606 2979 2674 partim
3031 2614 3210 2658 autem
3263 2613 3425 2659 etiam

1855 2705 2076 2766 propter
2136 2713 2295 2759 eam,
2355 2713 2475 2765 quae
2533 2707 2816 2767 speratur,
2857 2696 3426 2763 remunerationem),

1856 2791 2142 2858 pecuniam
2178 2789 2341 2842 mittit
2399 2792 2464 2843 ad
2524 2807 2640 2852 eos,
2689 2792 2778 2859 qui
2825 2805 3002 2843 rerum
3053 2790 3428 2858 potiebantur,

1853 2892 2044 2946 petens
2076 2889 2132 2933 ut
2174 2880 2378 2935 h0t10re
2411 2896 2570 2932 suum
2604 2882 2962 2950 dignarentur
2990 2881 3182 2933 tilium.
3228 2881 3422 2934 Statim

1854 2979 2035 3029 autem
2081 2974 2145 3025 ad
2204 2989 2323 3026 eam
2371 2982 2498 3026 sunt
2542 2971 2724 3026 missa:
2783 2972 2974 3026 litterae
3030 2971 3420 3041 imperatoriae,

1853 3066 2173 3133 dignitatem
2201 3067 2310 3120 tilio
2335 3065 2658 3119 tribuentes.

251 3156 354 3211 IA'.
397 3160 457 3212 Ἠ
478 3160 532 3213 δὲ
561 3161 700 3224 τέως
738 3164 835 3232 μὲν
885 3164 1123 3235 ἀναϐολῇ
1167 3165 1224 3217 τὸ
1270 3166 1504 3237 πρᾶγμα
1541 3166 1743 3229 δίδωσι,

1919 3157 2008 3210 XI.
2049 3158 2140 3209 llla
2166 3172 2295 3209 vero
2323 3173 2436 3210 rem
2471 3158 2691 3224 quidem
2734 3154 2916 3210 ditl'ert
2940 3154 3178 3218 interim,
3218 3163 3276 3208 ut
3306 3170 3427 3223 qum

179 3253 463 3322 aspici?)
530 3255 820 3326 οίκοδομην
875 3259 1257 3327 ἐμμελέστατα
1311 3261 1747 3328 διαπονουμένη,

174 3345 305 3396 ἐπεὶ
332 3345 386 3397 δὲ
421 3347 487 3400 τὰ
518 3347 611 3398 τοῦ
649 3348 775 3401 ναοῦ
807 3349 979 3418 πέρας
1013 3347 1146 3417 εἶχε,
1181 3353 1371 3412 καὶείς
1400 3349 1566 3419 τιμὴν
1600 3346 1753 3411 οὗτος

175 3437 428 3506 εἱστήκει
469 3437 546 3504 τῷ
585 3438 842 3506 μάρτυρι,
867 3439 1128 3505 συγκαλεῖ
1163 3439 1261 3507 μὲν
1294 3440 1417 3501 τοὺς
1451 3441 1545 3508 τῆς
1579 3443 1752 3509 ἐπαρ-

177 3529 308 3597 χίας
343 3530 673 3591 ἐπισκόπους
709 3532 800 3582 καὶ
823 3529 1250 3600 πρεσϐυτέρους,
1284 3531 1378 3584 ἐπὶ
1407 3535 1471 3602 τῇ
1501 3532 1594 3586 τοῦ
1622 3532 1750 3584 ναοῦ

179 3617 543 3685 καθιερώσει.
578 3620 853 3689 Συγκαλεί
881 3622 938 3675 δὲ
971 3624 1063 3675 καὶ
1093 3624 1206 3675 ὅσοι
1233 3624 1342 3676 τῶν
1380 3624 1634 3693 μοναχῶν
1662 3624 1754 3676 ἐπὶ

177 3708 260 3777 τῷ
293 3710 415 3761 κατ’
447 3711 645 3782 ἀρετὴν
681 3713 780 3782 βίῳ
810 3714 1131 3780 διέλαμπον,
1188 3715 1280 3764 καὶ
1333 3715 1432 3782 τῆς
1484 3716 1642 3784 σοροῦ
1692 3715 1754 3765 τὸ

182 3802 334 3869 ἱερὸν
389 3802 545 3871 σῶμα
597 3804 689 3855 τοῦ
743 3805 1017 3874 μάρτυρος
1063 3805 1426 3873 ἐκκομίσασα,
1485 3801 1754 3874 λαμπρῶς

175 3894 276 3941 ἐπὶ
307 3893 628 3956 πολυτελοῦς
663 3895 922 3950 κατέθετο
957 3896 1165 3964 κλίνης,
1202 3895 1438 3962 ἐπέθηκέ
1470 3911 1526 3946 τε
1561 3895 1655 3946 καὶ
1688 3895 1754 3962 ἣν

181 3986 210 4033 ό
271 3987 400 4048 παῖς
431 3986 680 4058 χλαμύδα
724 3990 818 4041 καὶ
862 3988 1037 4057 ζώνην
1077 3987 1286 4038 ὲνδύναι
1317 3986 1408 4038 τοῦ
1446 3986 1754 4057 ἀξιώματος

173 4077 425 4152 ἔμελλεν,
474 4079 834 4146 εὑλογηθῆναί
895 4095 954 4130 τε
1016 4077 1232 4146 πρῶτον
1280 4079 1433 4151 παρὰ
1484 4078 1593 4131 τῶν
1639 4080 1756 4130 ἐκεῖ

178 4171 573 4235 συνελθόντων,
611 4167 710 4224 εἷθ’
740 4169 908 4232 οὕτως
947 4170 1372 4240 περιδαλλέσθαι
1405 4169 1598 4222 τοῦτον
1623 4171 1751 4221 ἐκά-

175 4279 318 4332 τερα
376 4263 830 4343 παρεσκεύασεν,
866 4263 1060 4316 ἔπειτα
1121 4263 1392 4330 πάννυχον
1444 4261 1756 4328 δοξολογίαν

175 4355 320 4426 ὁμοῦ
362 4357 436 4424 τῷ
475 4359 637 4408 παντὶ
674 4356 865 4426 πλήθει
897 4359 1270 4424 ποιησαμένη,
1309 4355 1446 4422 αὐτῆ
1499 4371 1557 4406 τε
1595 4357 1687 4406 καὶ
1728 4356 1756 4406 ό

173 4449 313 4508 παῖς
366 4447 690 4510 ὑπελθόντες
728 4447 935 4516 πρῶτοι
983 4448 1043 4498 τὸ
1084 4445 1244 4515 σῶμα
1291 4446 1381 4497 τοῦ
1450 4445 1746 4514 μάρτυρος,

180 4541 284 4593 καὶ
326 4538 484 4593 τοῦτο
535 4541 1023 4604 διαϐαστάσαντες,
1073 4541 1131 4591 ἐν
1176 4538 1253 4609 τῷ
1297 4537 1391 4590 τοῦ
1441 4537 1569 4590 ναοῦ
1620 4536 1748 4606 ἱερῴ

178 4631 559 4702 θυσιαστηρίῳ
589 4634 628 4682 ίε
641 4632 745 4700 ρῶς
769 4635 1173 4693 κατατίθενται,
1203 4633 1270 4682 τὰ
1294 4631 1338 4682 δ’
1371 4629 1464 4681 ἐπὶ
1487 4629 1696 4690 τούτοις
1720 4629 1753 4697 ὴ

178 4723 522 4793 φιλόμαρτυς
578 4723 936 4794 Κλεοπάτρα,
989 4721 1357 4792 προσκειμένη
1399 4719 1618 4790 θερμῶς
1661 4721 1756 4771 καὶ

176 4818 518 4888 δακρύουσα,
542 4817 619 4887 τῷ
643 4817 793 4870 παιδί
819 4834 876 4868 τε
905 4820 1000 4871 καὶ
1034 4818 1200 4886 ἑαυτῇ
1228 4816 1295 4866 τὰ
1327 4814 1505 4883 ἀγαθὰ
1546 4812 1755 4874 πιστῶς

177 4905 306 4973 ᾔτει
367 4905 514 4973 παρά
565 4906 658 4956 τοῦ
727 4909 1025 4978 μάρτυρος,
1078 4908 1137 4958 ἐν
1183 4905 1357 4973 τούτῳ
1411 4903 1468 4957 δὲ
1520 4903 1627 4972 ἄρα
1655 4902 1754 4970 τῆς

180 4996 337 5056 θείας
380 4994 722 5064 λειτουργίας
770 5000 928 5069 ἱερῶς
971 4997 1336 5067 τελεσθείσης,
1391 4995 1611 5066 ποικίλῃ
1657 4994 1756 5065 μὲν

181 5087 281 5138 καὶ
321 5085 552 5155 λαμπρᾷ
598 5090 666 5152 τη
709 5091 944 5160 οραπέζῃ
976 5088 1102 5151 τοῦς
1144 5093 1259 5142 ἐκεῖ
1292 5089 1639 5150 συνελθόντας
1675 5089 1754 5140 εί-

184 5175 336 5242 στία,
382 5177 450 5230 τὰ
501 5177 557 5228 δὲ
603 5181 730 5246 περὶ
775 5181 873 5248 τὴν
925 5181 1198 5233 διακονίαν
1228 5180 1432 5249 ταύτην
1461 5179 1536 5249 τῷ
1566 5195 1623 5230 τε
1654 5178 1754 5246 υίῷ

186 5270 282 5322 καὶ
314 5271 482 5341 ἑαυτῇ
519 5269 771 5323 ἀνετίθει.
800 5267 904 5323 Ἦν
931 5273 986 5323 δὲ
1017 5271 1468 5345 παρηγγελμένον
1499 5269 1576 5338 τῷ
1607 5269 1756 5322 παιδὶ

184 5363 340 5432 παρὰ
372 5363 469 5431 τῆς
497 5363 728 5432 μητέρος
761 5360 878 5432 μηδ’
911 5363 1137 5414 ὁποσοῦν
1174 5361 1383 5432 βρωτοῦ
1418 5376 1560 5422 τινος
1597 5360 1629 5429 ἢ
1658 5376 1752 5412 που

182 5455 280 5507 τοῦ
316 5456 583 5522 πρότερον
615 5453 962 5523 μεταλαϐεῖν,
1000 5455 1127 5523 πρὶν
1172 5456 1228 5506 δὲ
1260 5453 1328 5505 τὰ
1377 5453 1472 5520 τῆς
1525 5451 1756 5518 εὐωχίας

182 5550 266 5609 εἰς
295 5547 470 5614 πέρας
503 5545 697 5598 ἐλθεῖν.
727 5547 884 5600 Οῦτω
907 5546 1012 5598 τῶν
1040 5550 1166 5614 περὶ
1194 5547 1290 5614 τὴν
1322 5544 1555 5613 εὐωχίαν
1582 5546 1756 5613 πέρας

185 5642 446 5709 ἐχόντων,
479 5639 576 5706 τῆς
622 5640 835 5708 ἡμέρας
864 5657 923 5692 τε
957 5639 1054 5708 ἤδη
1088 5637 1369 5706 κλινάσης,
1403 5636 1537 5688 ἀλλὰ
1571 5637 1632 5687 τὸ
1662 5635 1757 5689 νῦν

187 5731 529 5802 ῥηθήσεσθαι
598 5729 790 5798 μέλλον
843 5733 1191 5800 μικροςιύχων
1239 5731 1336 5798 μὲν
1385 5728 1606 5795 ταράξει
1664 5729 1757 5780 καὶ

181 5827 355 5883 ἀκοὰς
390 5826 484 5878 καὶ
513 5824 709 5892 ψυχὰς,
745 5824 852 5877 τῶν
879 5824 932 5875 δὲ
960 5826 1092 5878 θεοῦ
1112 5825 1343 5891 τρόπους
1374 5824 1496 5875 ὅσον
1523 5822 1748 5885 ἐφικτὸν

1854 3252 1907 3305 in
1934 3247 2250 3305 mdilicando
2281 3247 2550 3300 laboraret
2585 3246 3020 3312 diligentissimae.
3062 3246 3195 3298 Cum
3243 3256 3423 3299 autem

1855 3345 2065 3400 [initum
2093 3352 2240 3396 esset
2276 3340 2558 3409 templum,
2591 3339 2750 3408 idque
2782 3347 2954 3392 staret
2983 3346 3324 3392 exstructum
3369 3337 3422 3391 in

1855 3438 2120 3490 honorem
2177 3437 2449 3502 martyris,
2521 3439 2786 3485 convocat
2843 3431 3061 3499 quidem
3134 3431 3428 3496 provincia:

1854 3527 2140 3595 episcopos
2173 3532 2226 3576 et
2255 3522 2600 3590 presbyteros
2624 3522 2688 3572 ad
2722 3519 2902 3586 templi
2935 3518 3422 3571 consecrationem.

1854 3618 2130 3674 Convocat
2157 3625 2337 3670 autem
2371 3613 2673 3668 monachos
2715 3611 2901 3672 etiam,
2937 3609 3028 3679 qui
3073 3609 3277 3663 virtute
3339 3623 3430 3662 re-

1859 3710 2247 3778 splendebant.
2272 3707 2336 3760 Et
2365 3723 2490 3761 cum
2537 3721 2566 3759 e
2597 3704 2775 3759 loculo
2804 3718 3016 3757 sacrum
3059 3715 3252 3771 corpus
3287 3715 3432 3756 mar-

1857 3802 1990 3874 tyris
2042 3800 2362 3862 extulisset,
2421 3797 2474 3849 id
2527 3796 2581 3850 in
2642 3798 2933 3863 magniﬁco
2982 3794 3122 3848 lecto
3171 3793 3429 3862 praeclare

1855 3896 2130 3964 deposuit.
2184 3890 2448 3961 imposuit
2511 3889 2674 3943 etiam
2729 3887 3071 3957 clamydem.
3125 3893 3181 3939 et
3238 3901 3429 3939 zonam

1857 3984 2152 4054 dignitatis,
2185 3996 2343 4050 quam
2371 3981 2514 4032 ﬁlius
2557 3993 2689 4031 suus
2727 3987 2844 4029 erat
2891 3977 3207 4040 llidUlUl'US,
3243 3976 3432 4030 volens

1857 4089 1916 4134 ut
1949 4079 2183 4149 primum
2215 4074 2674 4130 benedicerentur
2695 4069 2771 4123 ab
2810 4070 2894 4134 iis,
2942 4070 3034 4139 qui
3067 4069 3193 4125 illuc
3237 4083 3431 4123 com-e-

1857 4179 2071 4231 nerant,
2103 4169 2298 4220 deinde
2324 4175 2614 4232 utrumque
2646 4162 2916 4215 indueret.
2959 4161 3148 4230 Itaque
3182 4175 3301 4214 cum
3332 4175 3430 4228 per

1857 4261 2071 4318 noctem
2114 4260 2273 4313 simul
2307 4271 2433 4309 cum
2477 4265 2590 4308 toto
2634 4253 2832 4322 populo
2885 4253 3108 4304 fecisset
3157 4251 3428 4320 glorifica-

1858 4357 2081 4415 tionem,
2113 4352 2227 4421 ipsa
2252 4361 2307 4404 et
2339 4348 2480 4402 lilius
2514 4345 2676 4401 simul
2709 4344 3004 4398 subeuntes
3039 4343 3194 4410 primi
3225 4356 3429 4412 corpus

1859 4445 2134 4514 martyris,
2167 4450 2219 4494 et
2259 4441 2312 4492 id
2351 4439 2610 4499 terentes,
2660 4443 3006 4489 sacrosancte
3053 4433 3333 4501 deponunt
3366 4433 3424 4487 in

1857 4552 2007 4593 sacra
2038 4550 2128 4589 ara
2157 4529 2362 4599 templi.
2389 4527 2514 4583 Post
2540 4526 2654 4579 haec
2693 4537 2872 4578 autem
2905 4539 3093 4578 amans
3123 4535 3420 4593 martyrum

1855 4635 2166 4699 Cleopatra,
2200 4623 2455 4676 ardenter
2482 4619 2690 4670 instans
2714 4625 2768 4669 et
2813 4618 3142 4683 lacrytnans,
3180 4615 3289 4667 lilio
3329 4629 3429 4668 suo

1855 4735 1909 4779 et
1941 4721 2046 4780 sibi
2083 4720 2220 4772 bona
2262 4712 2494 4767 lideliter
2539 4709 2760 4780 petebat
2809 4721 2841 4758 a
2896 4717 3152 4776 martyre.
3204 4704 3426 4760 Interim

1857 4826 2034 4870 autem
2061 4810 2247 4867 divino
2275 4805 2583 4860 tninisterio
2628 4809 2976 4855 sacrosancte
3005 4810 3246 4867 peracto,
3278 4799 3426 4853 varia

1857 4910 2074 4981 quidem
2100 4913 2153 4958 et
2184 4896 2463 4970 Splendida
2513 4908 2708 4951 mensa
2762 4892 2973 4959 aceepit
3011 4904 3129 4952 eos,
3175 4889 3268 4959 qui
3305 4890 3432 4945 illuc

1858 5005 2249 5057 convenerant.
2283 4993 2414 5058 Quae
2440 4997 2622 5043 autem
2650 4984 2995 5053 pertinebant
3027 4983 3094 5037 ad
3139 4983 3240 5036 hoc
3271 4984 3432 5037 mini-

1858 5087 2104 5151 sterium,
2134 5084 2242 5137 lilio
2273 5091 2327 5134 et
2359 5078 2462 5134 sibi
2509 5075 2842 5144 imponebat.
2897 5071 3032 5125 Filio
3075 5088 3205 5125 vero
3248 5083 3425 5126 mater

1853 5180 2125 5250 iusserat,
2192 5181 2250 5223 ut
2301 5185 2402 5222 nec
2461 5167 2678 5227 cibum,
2743 5179 2845 5217 nec
2900 5173 3085 5230 potum
3150 5172 3425 5226 sumeret,

1857 5271 2169 5339 priusquam
2205 5261 2424 5314 (initum
2466 5264 2612 5311 esset
2651 5255 2980 5309 convivium.
3038 5252 3239 5306 Deinde
3276 5250 3427 5305 linito

1858 5360 2126 5420 convivio,
2183 5364 2235 5408 et
2288 5353 2374 5408 die
2427 5352 2535 5420 jam
2584 5349 2880 5403 inclinante
2961 5345 3105 5413 (Sed
3155 5346 3229 5412 id,
3282 5343 3428 5412 quod

1859 5467 2003 5507 nunc
2031 5448 2318 5502 dicendum
2357 5453 2459 5506 est,
2495 5438 2736 5494 turbabit
2765 5438 2978 5506 quidem
3008 5451 3168 5489 aures
3219 5447 3273 5488 et
3307 5435 3426 5488 ani-

1860 5560 1976 5600 mos
2029 5555 2218 5596 eorum
2268 5539 2358 5606 qui
2423 5543 2549 5588 sunt
2621 5529 2800 5601 pusilli
2857 5539 2912 5582 et
2968 5527 3162 5596 abiecti
3218 5527 3425 5579 animi:

1858 5651 2047 5690 eorum
2092 5642 2296 5692 autem,
2347 5630 2458 5698 qui,
2508 5625 2684 5694 quoad
2743 5623 2861 5691 ejus
2913 5620 3026 5674 ﬁeri
3085 5622 3282 5688 potest,
3337 5617 3429 5670 Dei

1860 5726 2076 5782 modum
2105 5731 2323 5778 norunt.
2360 5730 2413 5773 et
2443 5732 2648 5787 magna:
2670 5716 2811 5768 illius
2834 5711 3109 5781 sapientia:
3134 5708 3429 5778 providen-

1857 5819 1982 5873 tiam
2014 5815 2408 5875 admirabilem,
2442 5815 2608 5874 magis
2635 5807 2870 5861 movebit
2902 5807 3135 5868 linguam
3164 5795 3228 5856 ad
3262 5803 3430 5857 bene-
