4198 6312
804 360 939 424 1155

2083 350 2361 410 MENSIS
2399 345 2764 407 OCTOBER.

3923 342 4052 407 1156

799 467 1111 525 dicendum,
1137 472 1189 517 ct
1222 459 1419 515 factum
1446 458 1838 513 admittendum
1869 467 2081 527 propter
2102 473 2239 519 eam,
2261 471 2373 526 quas

2482 475 2720 540 εἰδότων,
2769 474 2987 543 καὶτῆς
3027 473 3265 543 μεγάλης
3310 473 3518 526 ἐκείνου
3570 474 3763 543 σοφίας
3823 474 4057 541 παραδό-

799 575 867 613 ex
897 572 963 610 eo
992 554 1193 616 evenit,
1226 552 1707 620 utilitatem),puer
1733 549 1977 603 defessus
2013 550 2064 601 in
2098 564 2196 603 suo
2237 549 2379 602 lecto

800 648 1349 704 recumbebatzmater
1371 654 1547 698 autem
1577 644 1669 697 filii
1687 642 1922 696 osculata
1945 642 2131 697 oculos
2149 658 2161 694 :
2182 640 2374 709 Surge,

799 743 895 805 illi,
941 741 1173 801 dicebat,
1204 748 1256 791 et
1304 753 1425 791 cum
1461 748 1633 791 matre
1670 736 1847 788 cibum
1888 749 2057 788 sume.
2092 734 2376 797 Quomodo

800 832 945 886 enim
975 830 1191 884 defesso
1218 837 1270 882 et
1291 830 1477 897 jejuno
1501 825 1663 879 fuerit
1686 839 1906 877 somnus
1938 822 2215 891 jucundus
2238 821 2259 873 ?
2283 822 2371 875 Ille

799 934 978 975 autem
1006 936 1126 975 cum
1152 937 1181 973 a
1218 918 1525 973 vehementi
1550 927 1603 970 et
1634 924 1786 970 acuta
1820 916 1967 968 l’ebre
2002 914 2361 977 detineretur,

800 1028 868 1066 ne
898 1013 1056 1067 matri
1098 1012 1317 1080 quidem
1350 1018 1561 1078 poterat
1592 1008 1938 1076 respondere.
1974 1004 2109 1059 Tum
2149 1014 2318 1057 mater
2349 1019 2363 1056 :

798 1107 984 1169 Certe,
1016 1104 1213 1172 inquit,
1263 1116 1364 1155 nec
1410 1115 1507 1169 ego
1539 1100 1753 1167 quidem
1797 1099 2000 1160 cibum,
2043 1107 2135 1148 aut
2167 1093 2367 1163 aliquid

797 1197 940 1251 aliud
975 1194 1221 1265 gustabo,
1258 1193 1355 1246 nisi
1387 1194 1538 1261 prius
1574 1190 1911 1252 intellexero,
1946 1188 2218 1256 quomodo
2254 1188 2368 1241 haec

798 1304 886 1341 res
930 1284 1175 1339 evenerit
1207 1284 1335 1340 ﬁlio.
1381 1284 1439 1337 Ei
1493 1282 1658 1350 igitur
1708 1280 1952 1333 assidens
1997 1278 2278 1339 insomnis,
2315 1288 2370 1332 et

798 1380 970 1433 morbi
1010 1378 1284 1439 ardorem,
1324 1386 1383 1428 ut
1421 1384 1647 1443 poterat,
1677 1371 2018 1440 relrigerans,
2067 1377 2161 1422 aut
2192 1370 2369 1437 potius

798 1472 900 1524 sibi
932 1472 1107 1541 ignem
1148 1467 1456 1522 accendens
1498 1482 1527 1519 e
1574 1466 1891 1523 visceribus.
1949 1464 2091 1518 circa
2138 1463 2369 1516 mediam

797 1571 1011 1615 noctem
1079 1561 1297 1629 (qualia
1354 1568 1479 1610 sunt
1538 1557 1629 1610 Dei
1688 1555 1964 1623 judicia!)
2024 1553 2157 1605 vidit
2205 1552 2370 1605 lilium

796 1655 984 1706 morbo
1013 1652 1342 1709 conlectum.
1372 1649 1720 1717 etjacentem
1763 1655 2059 1699 mortuum.

2481 567 2604 633 ξους
2652 567 2985 635 οἰκονομίας,
3033 569 3243 635 κινήσει
3295 565 3495 634 μᾶλλον
3544 568 3644 637 τὴν
3682 566 3939 634 γλῶτταν
3982 568 4054 626 είς

2476 658 2790 727 εὑρημίαν.
2830 659 3010 711 καὶτὸ
3039 658 3258 726 γεγονὸς
3300 657 3651 721 ἀποδέξονται
3698 657 3797 725 τῆς
3830 656 3967 726 πρὸς
4000 656 4054 708 τὸ

2476 750 2759 819 συμφέρον
2793 750 3095 811 ἐκϐάσεως.
3128 750 3265 819 ἸΙ-3η
3318 748 3449 815 γοῦν
3499 748 3633 817 πρὸς
3682 746 3933 813 ἑσπέραν
3961 746 4052 808 ὢν.

2473 844 2784 903 κατάκοπος
2812 842 2840 891 ὁ
2892 845 3017 904 παῖς
3062 841 3302 908 γεγονὼς
3352 844 3418 908 τῇ
3463 838 3656 891 ἑαυτοῦ
3690 839 3850 906 κοίτῃ
3886 854 4051 903 προσ-

2469 934 2779 985 ανεκλίνετο
2815 948 2832 964 ο
2868 935 2898 1002 ἡ
2947 933 3002 985 δὲ
3037 937 3213 1002 μήτηρ
3264 932 3558 1001 προσφῦσα
3588 933 3700 992 τοῖς
3729 928 3827 981 τοῦ
3867 929 4053 989 πατρὸς

2464 1024 2783 1092 ὀφθαλμοῖς,
2802 1025 3102 1090 Ἀνίστασο,
3123 1026 3332 1089 τέκνον,
3349 1024 3522 1090 ἔλεγε,
3543 1024 3637 1075 καὶ
3654 1022 3751 1073 σὺν
3767 1025 3835 1091 τῇ
3860 1021 4052 1090 μητέρι

2467 1115 2710 1168 κοινώνει
2764 1117 2967 1185 τροφῆς
2998 1133 3013 1148 ο
3044 1117 3161 1179 πῶς
3214 1118 3325 1187 γὰρ
3364 1116 3429 1169 ἂν
3465 1116 3629 1176 ῦπνος
3662 1114 3791 1184 ἡδὺς
3844 1132 4054 1182 κεκμη-

2470 1208 2586 1259 κότι
2612 1208 2705 1260 καὶ
2729 1209 2898 1278 ἀσίτῳ
2919 1210 3145 1276 γένοιτο.
3177 1212 3204 1262 ὀ
3226 1209 3302 1274 δὲ,
3322 1209 3507 1277 λάϐρῳ
3538 1225 3592 1260 τε
3623 1208 3716 1257 καὶ
3735 1206 3852 1271 ὀξεῖ
3886 1220 4053 1273 πυρε·

2467 1299 2545 1369 τῷ
2581 1302 2813 1371 κάτοχος
2858 1301 2954 1364 ὢν,
2983 1303 3101 1355 οὐδὲ
3140 1302 3296 1369 λόγον
3328 1302 3452 1371 ἔσχε
3481 1304 3547 1371 τῇ
3587 1300 3787 1369 μητέρι
3822 1298 4054 1364 ἀποκρί-

2467 1393 2679 1457 νασθαι,
2703 1400 2792 1445 καὶ
2812 1396 2949 1464 αὐτὴ
2976 1410 2989 1425 ’
3018 1397 3085 1448 ’Ἡ
3123 1396 3250 1465 μὴν,
3281 1394 3407 1463 ἔφη,
3433 1394 3551 1445 οὐδὲ
3578 1390 3688 1459 ἐγὼ
3716 1390 3931 1458 τροφῆς
3963 1389 4053 1437 οὺ-

2467 1482 2525 1534 δέ
2582 1501 2725 1545 τινος
2783 1484 3185 1553 ἁπογεῦσομαι,
3247 1486 3295 1536 εί
3359 1483 3435 1552 μὴ
3484 1484 3752 1551 πρότερον
3794 1478 4051 1548 περὶτοῦ

2469 1576 2815 1643 πράγματος,
2843 1580 2989 1639 ὅπως
3022 1578 3087 1630 ἂν
3105 1577 3281 1646 ἀποϐῇ
3312 1577 3387 1645 τῷ
3418 1576 3520 1643 υἱῷ
3547 1575 3798 1642 μάθοιμι,
3841 1573 3936 1624 καὶ
3962 1570 4053 1636 δῆ-

2470 1684 2536 1721 τα
2568 1670 3006 1741 παρακαθημένη
3036 1670 3115 1739 τῷ
3148 1670 3297 1722 παιδὶ
3331 1671 3555 1731 ἄϋπνος,
3598 1668 3693 1717 καὶ
3720 1666 3814 1730 τὸν
3851 1667 3918 1715 ὲκ
3957 1666 4051 1728 τῆς

794 1764 950 1815 νόσου
1005 1758 1263 1829 φλογμὸν,
1318 1758 1506 1827 ὥσπερ
1564 1754 1629 1828 ἦν
1694 1754 1914 1807 δυνατὸν
1964 1752 2334 1821 ἀναψύχουσα,
2385 1756 2416 1826 ἢ
2480 1760 2682 1829 μᾶλλον
2735 1765 2901 1833 ἑαυτῇ
2938 1762 2999 1815 τὸ
3048 1763 3157 1832 πῦρ
3196 1762 3355 1816 πλέον
3416 1762 3523 1813 ἀπὸ
3569 1760 3673 1812 τῶν
3723 1760 4050 1826 σπλάγχνων

794 1856 1129 1917 ἀνάπτουσα,
1191 1854 1319 1923 περὶ
1368 1854 1539 1922 μέσας
1582 1850 1784 1908 νύκτας
1838 1842 1945 1916 (οἷα
1982 1845 2047 1897 τὰ
2093 1846 2185 1897 τοῦ
2225 1847 2359 1899 Θεοῦ
2401 1854 2733 1921 κρίματαῐ),
2767 1856 2871 1924 ὁρᾶ
2905 1855 2994 1907 τὸν
3045 1858 3208 1908 παῖδα
3259 1858 3322 1925 τῇ
3381 1856 3521 1924 νόσῳ
3579 1851 4050 1921 κατεργασθέντα,

794 1950 887 1998 καὶ
918 1945 1112 2010 νεκρὸν
1144 1942 1357 2011 ἅφωνόν
1386 1957 1443 1992 τε
1470 1939 1567 1991 καὶ
1594 1941 1798 1991 ἄπνουν
1834 1934 2106 2006 κείμενον.

864 2040 981 2094 XII.
1022 2037 1156 2091 Cum
1190 2050 1325 2106 ergo.
1350 2035 1604 2088 acerbum
1636 2033 1777 2085 hunc
1820 2032 2042 2085 vidisset
2082 2041 2358 2096 eventum,
2396 2054 2435 2107 Β

795 2134 1032 2203 primum
1090 2130 1311 2199 quidem
1364 2127 1604 2196 caligatis
1666 2125 1815 2178 humi
1864 2124 2088 2187 decidit,
2136 2137 2366 2193 eamque

791 2230 972 2281 statim
1012 2242 1118 2279 vox
1148 2224 1364 2285 defecit,
1418 2236 1541 2275 cum
1591 2219 1915 2288 repentinus
1966 2218 2122 2272 dolor
2172 2220 2368 2271 luisset

794 2322 993 2391 linguae
1023 2320 1193 2373 instar
1224 2314 1442 2368 vinculi.
1471 2312 1575 2365 Sed
1604 2328 1723 2365 cum
1759 2324 1946 2379 parum
1979 2310 2045 2363 ad
2085 2326 2142 2363 se
2171 2310 2370 2364 rediis-

796 2422 905 2474 set,
937 2423 992 2463 et
1037 2407 1287 2463 nonnihil
1344 2406 1684 2474 resipuisset,
1729 2403 1968 2455 humeris
1996 2402 2187 2455 tollens
2223 2417 2368 2454 mor-

797 2512 952 2556 tuum
982 2514 1179 2568 corpus
1208 2498 1324 2559 lilii,
1358 2505 1411 2549 et
1449 2495 1515 2548 ad
1547 2509 1753 2547 sacram
1792 2493 1843 2545 id
1875 2507 2023 2544 aram
2066 2492 2265 2556 ferens,
2298 2493 2371 2546 ibi

797 2593 1042 2663 deponit,
1069 2601 1124 2645 et
1164 2590 1388 2659 capillos
1419 2588 1643 2651 vellens,
1678 2586 1823 2655 luget
1853 2584 2021 2638 lilium
2066 2602 2080 2641 :
2124 2583 2367 2648 Perdidi,

797 2684 1007 2745 dicens,
1062 2700 1094 2737 ο
1139 2682 1249 2745 1111,
1281 2695 1478 2743 meam,
1541 2694 1661 2748 quae
1709 2679 1761 2730 in
1814 2686 1864 2731 te
1920 2676 2184 2729 collocata
2229 2685 2369 2738 erat,

798 2790 972 2843 spem.
1008 2773 1105 2827 liei
1139 2773 1289 2825 mihi!
1328 2788 1360 2831 ο
1405 2771 1499 2832 1111,
1534 2771 1616 2824 hei
1658 2768 1811 2820 mihi!
1847 2782 1879 2820 ο
1915 2767 2079 2820 cliare
2127 2766 2245 2830 llos,
2280 2766 2368 2834 qui

798 2866 877 2920 sic
901 2877 1026 2919 ante
1060 2877 1279 2933 tempus
1313 2861 1590 2916 marcuisti
1623 2859 2037 2913 miserabiliter!
2088 2857 2183 2911 Hei
2214 2857 2369 2921 mihi,

800 2967 953 3010 tuum
991 2972 1091 3026 ego
1124 2956 1284 3009 linem
1322 2954 1501 3015 video,
1558 2967 1679 3019 qua:
1732 2953 2014 3019 sperabam
2062 2965 2181 3004 esse
2236 2965 2265 3001 a
2322 2960 2372 3002 te

798 3049 1045 3102 alendam
1087 3048 1142 3101 in
1191 3048 1502 3101 senectute!
1540 3044 1721 3096 Talem
1760 3058 1933 3104 nunc,
1968 3056 2000 3094 ο
2031 3041 2371 3103 charissime,

801 3141 1180 3194 alimentorum
1212 3138 1347 3191 mihi
1381 3139 1553 3190 vicem
1585 3135 1797 3189 reddis!
1833 3132 1989 3187 Tales
2037 3149 2136 3202 ego
2176 3133 2372 3187 misera

801 3231 915 3299 spei
945 3246 1076 3284 mea:
1101 3230 1293 3299 colligo
1322 3228 1559 3283 fructus!
1601 3229 1718 3292 Quo
1754 3242 1869 3290 ore,
1902 3241 2134 3295 quanam
2167 3225 2371 3295 lingua,

800 3323 999 3392 quibus
1026 3322 1237 3376 deﬂebo
1265 3322 1475 3375 oculisl
1514 3321 1729 3375 Utinam
1755 3335 1929 3371 meam
1967 3334 2064 3385 pro
2096 3327 2183 3370 tua
2218 3332 2366 3368 mor-

2540 2034 2639 2090 IB'.
2673 2035 2781 2088 Τοῦ
2801 2036 2931 2104 γοῦν
2962 2036 3161 2106 πικροῦ
3190 2036 3379 2089 τούτου
3402 2036 3678 2105 δράματος
3720 2038 4050 2109 αἰσθομένη,

2472 2129 2664 2199 πρῶτα
2705 2130 2803 2197 μὲν
2836 2130 2939 2180 ὑπὸ
2971 2130 3172 2195 ἰλίγγου
3206 2129 3343 2196 πρὸς
3386 2130 3487 2195 γῆν
3520 2130 3886 2191 καταπίπτει,
3956 2134 4047 2183 καὶ

2469 2221 2639 2289 αὐτὴν
2670 2223 2892 2290 πρὸτῆς
2918 2221 3091 2289 ψυχῆς
3117 2221 3381 2273 ἀπέλιπεν
3408 2222 3440 2289 ἡ
3477 2222 3653 2291 φωνή.
3682 2223 3798 2291 Τῆς
3842 2224 4051 2295 ἀθρόας

2470 2313 2646 2384 λύπης
2684 2316 2806 2365 ἀντὶ
2848 2314 3065 2382 δεσμῶν
3100 2317 3164 2383 τῇ
3216 2312 3428 2382 γλώττῃ
3480 2318 3886 2383 γεγενημένης,
3938 2315 4050 2368 εἶτα

2472 2407 2664 2474 μικρὸν
2690 2405 3077 2472 ἀνενεγκοῦσα,
3117 2405 3211 2457 καὶ
3232 2406 3411 2471 ὀλίγου
3446 2422 3497 2457 τι
3556 2406 3915 2476 ἀνανήψασα,
3963 2412 4051 2460 τὶν

2471 2496 2565 2548 τοῦ
2605 2496 2793 2558 παιδὸς
2849 2495 3040 2564 νεκρὸν
3104 2497 3196 2548 ἐπὶ
3246 2494 3355 2547 τῶν
3407 2496 3574 2562 ῶμων
3634 2498 3942 2567 ἀνελομένη
3996 2499 4051 2551 ὃν

2472 2586 2720 2655 ἐδείματο
2752 2586 2830 2655 τῷ
2867 2588 3103 2655 μάρτυρι
3142 2585 3556 2655 καταλαμθάνει
3604 2587 3753 2649 ναὸν,
3802 2588 3880 2657 τῷ
3925 2589 4051 2657 ἱερῷ

2471 2694 2531 2729 τε
2573 2677 2764 2730 τοῦτον
2831 2676 3204 2746 θυσιαστηρίῳ
3251 2678 3494 2744 φέρουσα
3532 2679 3926 2745 παρατίθεται,
3963 2682 4051 2729 καὶ

2472 2771 2581 2823 τῶν
2612 2770 2815 2839 τριχῶν
2843 2771 3141 2839 λαϐομένη,
3200 2772 3340 2838 πρὸς
3383 2769 3475 2820 τὸν
3516 2770 3683 2821 παῖδα
3724 2770 4049 2837 ἀνῴμωξεν,

2486 2855 2762 2918 ’Δπώλεάς
2786 2876 2906 2927 μου,
2924 2860 3170 2925 λέγουσα,
3190 2857 3287 2919 τὰς
3314 2856 3407 2909 ἐπὶ
3427 2857 3528 2922 σοὶ,
3556 2857 3767 2923 τέκνον,
3806 2861 4047 2921 ἐλπίδας·

2472 2951 2638 3017 οἴμοι,
2671 2943 2715 3003 ὦ
2746 2952 2865 3015 παῖ,
2887 2950 3031 3019 οἴμοι
3063 2950 3212 3019 φίλον
3238 2951 3414 3012 ἄνθος,
3442 2952 3546 3020 πρὸ
3566 2952 3663 3019 τῆς
3691 2950 3846 3021 ὧρας
3877 2952 4047 3012 οὕτως

2474 3040 2721 3103 ἐλεεινῶς
2748 3042 3155 3109 ἀπομαρανθείς
3185 3043 3196 3093 l
3240 3041 3345 3095 Φεῦ
3377 3044 3389 3096 1
3430 3044 3511 3095 ὅτι
3542 3043 3603 3094 τὸ
3627 3046 3718 3095 σὺν
3756 3043 3871 3109 ἐγὼ
3900 3045 4048 3106 τέλος

2474 3133 2607 3204 ὁρῶ,
2658 3134 2778 3203 ἥτις
2805 3133 2909 3185 ὑπὸ
2944 3133 3028 3185 σοὶ
3057 3134 3255 3201 μᾶλλον
3286 3136 3381 3188 καὶ
3406 3138 3527 3198 ταῖς
3572 3138 3692 3198 σαῖς
3719 3136 3907 3190 ἑλπίσι
3949 3155 4046 3206 7r,-

2481 3223 2975 3295 ροτροφηθήσεσθαι
3002 3224 3249 3293 ἤλπιζον,
3281 3224 3501 3277 τοιαῦτὰ
3530 3242 3620 3293 μοι
3648 3225 3745 3277 νῦν
3782 3228 4037 3289 ἐκτίνεις,

2479 3318 2507 3367 ὁ
2525 3313 2797 3381 φίλτατος,
2822 3315 2888 3365 τὰ
2910 3318 3130 3383 τροφεῖα
3152 3332 3168 3382 ;
3201 3316 3486 3378 Τοιούτους
3518 3318 3548 3385 ἡ
3573 3316 3790 3369 δειλαία
3827 3318 3940 3369 τῶν
3968 3320 4051 3369 ὲ).-

798 3424 907 3468 teui
949 3414 1303 3482 aspexissem.
1334 3424 1389 3466 et
1423 3413 1515 3465 lilii
1544 3412 1674 3463 mihi
1703 3409 1883 3462 charis
1926 3408 2177 3461 manibus
2219 3424 2373 3461 man-

2477 3405 2645 3459 πίδων
2675 3403 2787 3473 ἐγὼ
2810 3404 3083 3475 δρέπομαι
3134 3406 3258 3469 τοὺς
3286 3407 3531 3475 καρπούς
3559 3424 3574 3474 ;
3613 3407 3759 3477 Ποίῳ
3795 3411 4044 3476 στόματι,

800 3506 925 3559 data
964 3520 1137 3559 essem
1193 3503 1557 3559 monimento!
1592 3500 1805 3555 Utinam
1850 3501 1966 3570 ipsa
2001 3500 2096 3554 tibi
2125 3499 2361 3568 jacerem

799 3599 980 3666 potius
1019 3607 1251 3661 mortua,
1296 3605 1352 3649 et
1396 3597 1690 3649 lionorarer
1732 3604 1823 3646 tuo
1878 3609 2135 3660 processu
2171 3594 2235 3645 ad
2272 3608 2361 3645 sc-

802 3690 1086 3756 pulcruml
1126 3687 1216 3741 Sic
1269 3688 1412 3739 enim
1461 3701 1562 3755 ego
1613 3699 1789 3738 essent
1848 3684 1999 3737 felix.
2051 3681 2141 3737 Sic
2180 3683 2235 3736 111
2282 3697 2366 3736 me

802 3782 990 3847 utique
1025 3790 1345 3833 conservata
1378 3788 1523 3832 esset
1556 3778 1640 3830 lex
1676 3786 1911 3846 patrum.

806 3870 913 3935 κρα
937 3868 1055 3930 ταῖς
1106 3869 1225 3928 σαῖς
1276 3868 1367 3918 ἐπὶ
1405 3866 1495 3915 τὸν
1540 3866 1711 3931 τάφον
1746 3864 2025 3933 τιμωμένη
2062 3862 2341 3933 προόδοιςο

806 3960 1008 4013 πουθεν
1050 3960 1078 4009 ὁ
1114 3958 1221 4011 τῶν
1250 3956 1502 4024 πατέρων
1537 3957 1781 4024 ἐτηρεῖτο
1804 3955 1988 4023 νόμος.

871 4053 1016 4105 XIII.
1056 4050 1147 4105 Sic
1177 4050 1422 4107 dicebat,
1456 4057 1510 4099 et
1542 4048 1832 4114 procideus
1890 4061 2078 4099 rursus
2127 4047 2365 4115 lugebat.

804 4154 858 4196 ct
889 4127 1143 4211 tanquam
1180 4140 1360 4193 adhuc
1391 4140 1694 4193 animatum
1746 4138 2121 4205 alloquebatur
2168 4152 2367 4207 corpus

803 4234 1098 4303 martyris:
1165 4231 1445 4294 Quodnam
1502 4240 1743 4293 tantum,
1804 4229 2012 4290 dicens,
2072 4243 2105 4283 ο
2166 4228 2365 4283 Christi

804 4335 1029 4395 martyr,
1061 4324 1280 4376 sceleris
1311 4320 1653 4377 admisimus.
1693 4329 1755 4372 ut
1783 4320 1838 4371 in
1872 4320 2014 4372 hanc
2064 4327 2171 4370 tam
2212 4332 2364 4370 acer-

804 4418 926 4470 bam
988 4417 1350 4471 incideremus
1394 4411 1799 4466 calamitatem?
1851 4410 2008 4474 Non,
2060 4409 2257 4462 marito
2315 4412 2367 4461 in

801 4522 1021 4564 externa
1057 4510 1275 4578 regione
1312 4507 1519 4568 relicto,
1552 4504 1723 4572 pluris
1753 4518 1914 4572 quum
1952 4503 2157 4571 reliqua
2188 4500 2371 4554 omnia

802 4603 903 4655 feci
937 4612 1089 4654 tuum
1138 4609 1424 4667 exportare
1460 4595 1691 4666 corpus?
1738 4594 1854 4648 Non
1900 4595 1967 4648 ab
2006 4596 2135 4662 ipsis
2179 4594 2371 4645 funda-

2473 3497 2599 3567 πο¹ία
2625 3495 2846 3568 γλώσσῃ
2891 3496 2959 3549 τὰ
2985 3498 3052 3548 σὰ
3082 3495 3413 3566 φθέγξομαι,
3446 3500 3617 3559 ποίοις
3643 3499 3894 3566 ὄμμασιν
3917 3500 4045 3551 ἀνα·

2475 3588 2782 3655 κλαύσομαι
2811 3603 2827 3651 ;
2870 3586 3101 3651 Ὄφελον
3125 3586 3216 3638 τὸν
3245 3587 3374 3655 ιμον
3408 3587 3635 3640 θάνατον
3668 3589 3914 3651 ἑπείδον,“
3959 3590 4048 3642 καὶ

2474 3683 2593 3742 ταῖς
2628 3680 2723 3733 τοῦ
2751 3680 2941 3742 παιδὸς
2972 3679 3099 3749 ἐμοὶ
3128 3679 3307 3747 φίλαις
3336 3682 3492 3749 χερσὶ
3522 3678 3600 3748 τῷ
3628 3682 3878 3750 μνήματι
3904 3699 4045 3749 παρ·

2476 3772 2686 3839 εδόθην.
2724 3772 2958 3838 Ὄφελον
3014 3773 3154 3841 αὐτή
3209 3790 3291 3826 σοι
3339 3773 3677 3844 προεκείμην
3710 3775 3918 3844 μᾶλλον
3967 3791 4047 3826 νεο

2382 3861 2524 3915 οὕτω
2574 3867 2681 3931 γαρ
2722 3859 2790 3934 ἦν
2832 3862 3107 3932 εὐδαίμων
3154 3864 3266 3933 ἐγώ
3294 3881 3308 3895 '
3344 3865 3517 3928 οὕτως
3542 3868 3609 3919 ἂν
3634 3867 3724 3917 ἐπ’
3776 3869 3905 3936 ἐμοὶ
3951 3867 4041 3935 δή·

2550 4048 2648 4100 1Γ’.
2685 4046 2871 4109 Οὕτως
2906 4047 3079 4114 ἔλεγε,
3113 4048 3201 4100 καὶ
3224 4049 3605 4103 καταπεσοῦσα
3633 4050 3799 4104 πάλιν
3835 4051 4041 4109 ἔστενε.

2476 4140 2568 4192 καὶ
2590 4140 2665 4200 ὡς
2695 4140 2924 4210 ἐμψύχῳ
2968 4140 3050 4193 ἐτι
3075 4140 3150 4209 τῷ
3193 4141 3285 4193 τοῦ
3318 4142 3586 4209 μάρτυρος
3616 4142 3833 4210 σώματι
3872 4146 4042 4195 δίελέ·

2472 4247 2621 4298 γετο·
2645 4233 2710 4283 Τί
2728 4231 3066 4300 τηλικοῦτον,
3086 4227 3129 4283 ὦ
3150 4230 3240 4283 τοῦ
3258 4230 3493 4299 Χριστοῦ
3523 4234 3753 4301 μάρτυς,
3780 4235 4045 4302 ἠδικήκα-

2475 4340 2576 4390 μεν
2598 4323 2852 4389 λέγουσα,
2881 4322 2956 4385 ὡς
2983 4324 3155 4393 πικρᾷ
3170 4324 3393 4392 τοιαύτῃ
3417 4330 3733 4395 περιπεσεῖν
3761 4331 4038 4397 συμφορᾷ,

2468 4416 2567 4465 οὐκ
2623 4418 2679 4465 ἐν
2706 4415 2963 4484 ἀλλοτρίᾳ
3011 4416 3102 4468 τὸν
3150 4419 3320 4486 ἄνδρα
3368 4419 3764 4481 καταλιποῦσα,
3795 4422 3897 4490 τὴν
3952 4422 4039 4473 τοῦ

2472 4502 2727 4571 σώματος
2768 4504 3011 4570 ἐκφορὰν
3068 4504 3198 4574 περὶ
3241 4505 3440 4566 παντὸς
3482 4506 3688 4575 ἐθέμην
3736 4509 3836 4560 τοῦ
3902 4512 4036 4571 cui;

2473 4596 2588 4653 Οὐκ
2631 4593 2689 4659 ἐξ
2711 4594 2887 4647 αὐτῶν
2937 4595 3213 4665 κρηπίδων
3262 4596 3561 4666 ὲδειμάμην
3593 4614 3686 4650 σου
3727 4598 3823 4653 τὸν
3853 4602 3986 4654 ναόν
4025 4620 4037 4665 ;

804 4692 1003 4745 mentis
1042 4691 1139 4743 tibi
1167 4690 1425 4756 templum
1457 4687 1744 4742 exstruxi?
1783 4686 1918 4748 Non,
1952 4684 1996 4737 si
2038 4683 2171 4735 nihil
2202 4683 2366 4739 aliud.

2474 4689 2614 4751 Οὐκ,
2642 4657 2689 4739 εί
2733 4691 2807 4757 μή
2839 4705 2891 4739 τι
2926 4657 3073 4753 ἄλλο,
3096 4689 3196 4757 τὴν
3227 4657 3493 4755 γοῦν
3517 4657 3713 4758 ’ψυχῆς
3742 4657 4039 4762 εἰσήνεγκε

801 4786 895 4838 tibi
932 4783 1100 4838 obtuli
1149 4796 1327 4834 meum
1386 4779 1549 4831 animi
1595 4777 1967 4846 propositum?
2009 4774 2149 4840 Quid
2197 4783 2373 4831 autem

807 4876 921 4925 haec
973 4873 1073 4925 sibi
1134 4871 1361 4926 volunt?
1411 4870 1551 4936 Non,
1594 4871 1740 4941 quod
1799 4886 1896 4941 pro
1949 4870 2015 4923 iis
2068 4868 2370 4939 petebatur,

801 4964 999 5016 bonum
1049 4974 1189 5025 erat,
1237 4963 1382 5015 salus
1429 4964 1560 5015 lilii?
1608 4963 1747 5026 Non,
1801 4973 1859 5014 ut
1906 4977 2077 5028 usque
2113 4961 2181 5014 ad
2214 4972 2369 5012 sene-

800 5065 1000 5108 ctutem
1037 5053 1198 5107 simul
1252 5063 1497 5106 maneret
1540 5067 1663 5105 cum
1718 5049 1976 5119 parente?
2014 5050 2106 5102 Ilei
2152 5051 2307 5103 mihi!
2340 5066 2367 5105 ε

801 5155 999 5213 quanta
1030 5159 1125 5212 spe
1159 5144 1367 5198 decidil
1406 5159 1503 5213 pro
1526 5143 1773 5212 qualibus
1804 5142 1981 5207 qualia
2017 5142 2155 5195 vidi!
2190 5140 2318 5203 Sed,
2339 5155 2373 5193 ο

803 5248 1001 5307 martyr
1029 5237 1250 5299 Christi,
1285 5238 1366 5289 vel
1410 5238 1538 5290 1111111
1592 5238 1760 5289 lilium
1791 5236 1956 5288 redde
2002 5234 2371 5302 superstitem,

804 5332 946 5383 sicut
977 5329 1204 5384 Elismus
1239 5328 1588 5390 Sunamitidi,
1625 5329 1712 5383 vel
1750 5342 1818 5380 ne
1855 5327 1987 5379 mihi
2022 5336 2248 5379 mortem
2286 5325 2372 5377 iu-

804 5424 991 5475 videas
1032 5424 1249 5487 utilem,
1294 5423 1386 5475 sed
1451 5436 1569 5489 quae
1616 5432 1722 5473 tam
1776 5419 2064 5473 infeliciter
2096 5425 2281 5488 peperi
2317 5426 2372 5471 et

800 5516 951 5581 alui,
1000 5514 1083 5567 fac
1137 5530 1221 5569 me
1272 5516 1434 5569 etiam
1492 5514 1713 5566 interire
1764 5530 1886 5567 cum
1947 5513 2081 5565 lilio.
2145 5511 2364 5566 Interim

804 5616 981 5658 autem
1015 5603 1141 5657 dum
1176 5603 1458 5673 Cleopatra
1492 5601 1656 5653 lilium
1684 5603 1875 5654 acerbe
1900 5600 2137 5661 delleret.
2167 5608 2221 5652 et
2250 5614 2363 5660 eos,

804 5697 893 5765 qui
927 5698 1444 5760 aderant,moveret,
1472 5704 1529 5747 ut
1557 5703 1608 5748 et
1631 5693 1749 5761 ejus
1770 5706 1925 5744 casus
1955 5692 2365 5750 misererentur,

804 5795 859 5837 et
894 5785 1213 5855 profundam
1256 5784 1349 5839 Dei
1377 5786 1705 5853 iudiciorum
1740 5783 1986 5853 abyssum
2030 5784 2369 5837 admiraren—

2471 4781 2771 4849 πρόθεσιν;
2830 4780 2894 4832 Τί
2948 4779 3005 4831 δέ
3039 4795 3131 4850 μοι
3162 4778 3332 4834 ταῦτα
3392 4778 3757 4845 ὲόούλετο,Τί
3806 4785 3868 4835 τὸ
3931 4788 4039 4836 ἀντ’

2469 4870 2633 4927 αὑτοῦ
2668 4870 2986 4939 αἰτούμενον
3020 4870 3248 4939 ἀγαθὸν,
3287 4872 3385 4941 οὐχ
3430 4873 3462 4940 ὴ
3492 4872 3588 4924 τοῦ
3624 4875 3817 4939 παιδος
3867 4893 4041 4946 σωτη-

2469 4963 2589 5030 ρία;
2621 4962 2696 5013 Οὐ
2732 4962 2791 5013 τὸ
2826 4962 2990 5029 μέχρι
3034 4962 3219 5029 γήρως
3249 4963 3341 5015 καὶ
3386 4966 3675 5033 πρεσϐείου
3706 4970 3774 5035 τῇ
3806 4970 4041 5039 τεκούσῃ

2469 5054 2959 5122 συμπαραμεῖναι;
3000 5051 3106 5103 Φεῦ
3147 5052 3276 5108 οἴων
3310 5057 3550 5123 ἐστάλην
3609 5056 3721 5108 τῶν
3780 5058 4037 5119 ἐλπίδων,

2466 5140 2553 5197 οἷα
2575 5145 2689 5197 ἀνθ’
2717 5145 2846 5197 οἵων
2878 5141 3017 5196 εἶδον
3044 5143 3175 5211 ἐγώ.
3224 5145 3389 5214 Ἀλλ’,
3426 5149 3455 5198 ὁ
3483 5146 3577 5200 τοῦ
3609 5149 3855 5217 Χριστοῦ
3901 5156 4040 5221 μὰρ-

2466 5254 2583 5300 τυς,
2614 5236 2648 5305 ἦ
2692 5252 2793 5305 μοι
2829 5236 2920 5287 τὸν
2974 5236 3137 5289 παῖδα
3171 5240 3313 5290 κατὰ
3352 5238 3445 5289 τὸν
3492 5238 3801 5291 Ἐλισσαῖον
3851 5243 4040 5302 ἀνάδος

2467 5329 2727 5397 περιόντα
2772 5330 2835 5395 τῇ
2872 5324 3243 5393 Σουναμίτιδι,
3284 5330 3316 5399 ἦ
3356 5328 3587 5385 θανάτου
3648 5331 3728 5397 μὴ
3767 5331 4041 5403 φθονήσῃς

2467 5416 2798 5482 λυσιτελοῦς,
2850 5417 2985 5470 ἀλλὰ
3028 5420 3125 5489 τὴν
3164 5419 3307 5473 οὕτω
3346 5422 3438 5473 καὶ
3461 5421 3744 5490 δυστυχῶς
3775 5425 4039 5477 τεκοῦσαν

2474 5513 2565 5562 κα¹ι
2598 5509 2949 5579 θρεψαμένην
2997 5512 3117 5579 ἐμὲ,
3154 5514 3497 5581 συνοίχεσθαι
3538 5513 3618 5573 τῷ
3660 5518 3819 5569 παιδὶ
3866 5533 4041 5584 παραυ

2476 5602 2760 5655 σκεύασον.
2807 5600 2895 5653 Ἐν
2927 5604 3097 5673 τούτῳ
3137 5605 3228 5657 τὸν
3271 5604 3431 5657 παῖδα
3476 5608 3695 5676 πικρῶς
3751 5608 4043 5662 ἀνακλαιο-

2480 5692 2646 5760 μένης
2704 5692 2804 5761 τῆς
2865 5691 3248 5763 Κλεοπάτρας,
3285 5696 3375 5750 καὶ
3431 5698 3556 5759 τοὺς
3594 5699 3875 5767 παρόντας
3932 5695 4040 5748 λίαν

2479 5785 2805 5851 περιπαθεῖς
2852 5787 3205 5856 ποιουμένης,
3264 5788 3338 5850 ὡς
3390 5791 3483 5843 καὶ
3536 5792 3715 5859 αὐτῆς
3774 5789 3947 5844 ἐλεεῖν
3993 5792 4045 5844 τὺ
