  <div class='ocr_page' id='page_1' title='image "/cluster/home/n/w/nwhite01/storage/ocr_20150623/115/pst.000005714285/718.png"; bbox 0 0 4198 6312; ppageno 0'>
   <div class='ocr_carea' id='block_1_1' title="bbox 202 367 329 431">
    <p class='ocr_par' dir='ltr' id='par_1_1' title="bbox 202 367 329 431">
     <span class='ocr_line' id='line_1_1' title="bbox 202 367 329 431; baseline -0.016 -1"><span class='ocrx_word' id='word_1_1' title='bbox 202 367 329 431; x_wconf 85' lang='grc'>1157</span> 
     </span>
    </p>
   </div>
   <div class='ocr_carea' id='block_1_2' title="bbox 1411 365 2218 455">
    <p class='ocr_par' dir='ltr' id='par_1_2' title="bbox 1411 365 2218 455">
     <span class='ocr_line' id='line_1_2' title="bbox 1411 365 2218 455; baseline -0.002 -27"><span class='ocrx_word' id='word_1_2' title='bbox 1411 367 1873 455; x_wconf 67' lang='lat' dir='ltr'><strong>MARTYRIUM</strong></span> <span class='ocrx_word' id='word_1_3' title='bbox 1907 365 1967 427; x_wconf 91' lang='lat' dir='ltr'><strong>s.</strong></span> <span class='ocrx_word' id='word_1_4' title='bbox 2011 367 2218 429; x_wconf 70' lang='grc' dir='ltr'>νΑιιι.</span> 
     </span>
    </p>
   </div>
   <div class='ocr_carea' id='block_1_3' title="bbox 3310 367 3447 437">
    <p class='ocr_par' dir='ltr' id='par_1_3' title="bbox 3310 367 3447 437">
     <span class='ocr_line' id='line_1_3' title="bbox 3310 367 3447 437; baseline 0.029 -4"><span class='ocrx_word' id='word_1_5' title='bbox 3310 367 3447 437; x_wconf 80' lang='grc'>1158</span> 
     </span>
    </p>
   </div>
   <div class='ocr_carea' id='block_1_4' title="bbox 195 479 1792 556">
    <p class='ocr_par' dir='ltr' id='par_1_4' title="bbox 195 484 1778 556">
     <span class='ocr_line' id='line_1_4' title="bbox 195 484 1778 556; baseline 0 -17"><span class='ocrx_word' id='word_1_6' title='bbox 195 486 393 551; x_wconf 77' lang='grc' dir='ltr'>πάθος,</span> <span class='ocrx_word' id='word_1_7' title='bbox 423 485 515 539; x_wconf 65' lang='grc' dir='ltr'><strong>καὶ</strong></span> <span class='ocrx_word' id='word_1_8' title='bbox 548 484 644 554; x_wconf 74' lang='grc' dir='ltr'>τὴν</span> <span class='ocrx_word' id='word_1_9' title='bbox 694 486 893 556; x_wconf 64' lang='grc' dir='ltr'>πολλὴν</span> <span class='ocrx_word' id='word_1_10' title='bbox 931 487 1168 542; x_wconf 66' lang='grc' dir='ltr'>ἄϐυσσον</span> <span class='ocrx_word' id='word_1_11' title='bbox 1213 487 1320 539; x_wconf 76' lang='grc' dir='ltr'>τῶν</span> <span class='ocrx_word' id='word_1_12' title='bbox 1351 487 1444 539; x_wconf 75' lang='grc' dir='ltr'>τοῦ</span> <span class='ocrx_word' id='word_1_13' title='bbox 1487 485 1621 539; x_wconf 83' lang='grc' dir='ltr'><strong>ε)εοῦ</strong></span> <span class='ocrx_word' id='word_1_14' title='bbox 1656 504 1778 556; x_wconf 82' lang='grc' dir='ltr'>κρι-</span> 
     </span>
    </p>
   </div>
   <div class='ocr_carea' id='block_1_5' title="bbox 1877 479 3450 556">
    <p class='ocr_par' dir='ltr' id='par_1_5' title="bbox 1887 479 3450 553">
     <span class='ocr_line' id='line_1_5' title="bbox 1887 479 3450 553; baseline 0.001 -16"><span class='ocrx_word' id='word_1_15' title='bbox 1887 492 1992 544; x_wconf 89' lang='lat' dir='ltr'><strong>tur,</strong></span> <span class='ocrx_word' id='word_1_16' title='bbox 2027 497 2253 537; x_wconf 89' lang='lat' dir='ltr'><strong>somnus</strong></span> <span class='ocrx_word' id='word_1_17' title='bbox 2286 479 2362 534; x_wconf 92' lang='lat' dir='ltr'><strong>illi</strong></span> <span class='ocrx_word' id='word_1_18' title='bbox 2398 495 2590 552; x_wconf 84' lang='lat' dir='ltr'><strong>parum</strong></span> <span class='ocrx_word' id='word_1_19' title='bbox 2625 480 2916 550; x_wconf 81' lang='lat' dir='ltr'><strong>obrepens,</strong></span> <span class='ocrx_word' id='word_1_20' title='bbox 2959 495 3077 535; x_wconf 88' lang='lat' dir='ltr'><strong>eam</strong></span> <span class='ocrx_word' id='word_1_21' title='bbox 3127 480 3254 536; x_wconf 80' lang='lat' dir='ltr'><strong>fecit</strong></span> <span class='ocrx_word' id='word_1_22' title='bbox 3296 484 3450 553; x_wconf 78' lang='lat' dir='ltr'><strong>quie-</strong></span> 
     </span>
    </p>
   </div>
   <div class='ocr_carea' id='block_1_6' title="bbox 203 576 1768 649">
    <p class='ocr_par' dir='ltr' id='par_1_6' title="bbox 203 576 1768 649">
     <span class='ocr_line' id='line_1_6' title="bbox 203 576 1768 649; baseline 0.001 -21"><span class='ocrx_word' id='word_1_23' title='bbox 203 576 388 646; x_wconf 81' lang='grc' dir='ltr'><strong>μάτων</strong></span> <span class='ocrx_word' id='word_1_24' title='bbox 446 577 770 645; x_wconf 70' lang='grc' dir='ltr'><strong>θαυμάζειν,</strong></span> <span class='ocrx_word' id='word_1_25' title='bbox 829 578 1023 648; x_wconf 65' lang='grc' dir='ltr'>μικρδν</span> <span class='ocrx_word' id='word_1_26' title='bbox 1070 579 1239 649; x_wconf 78' lang='grc' dir='ltr'>αὐτὴν</span> <span class='ocrx_word' id='word_1_27' title='bbox 1293 577 1456 640; x_wconf 74' lang='grc' dir='ltr'>ὕπνος</span> <span class='ocrx_word' id='word_1_28' title='bbox 1523 578 1768 632; x_wconf 83' lang='grc' dir='ltr'>ὑπελθὼν</span> 
     </span>
    </p>
   </div>
   <div class='ocr_carea' id='block_1_7' title="bbox 200 667 1768 742">
    <p class='ocr_par' dir='ltr' id='par_1_7' title="bbox 200 667 1768 742">
     <span class='ocr_line' id='line_1_7' title="bbox 200 667 1768 742; baseline 0.002 -23"><span class='ocrx_word' id='word_1_29' title='bbox 200 669 485 729; x_wconf 83' lang='grc' dir='ltr'>ἁνέπαισε,</span> <span class='ocrx_word' id='word_1_30' title='bbox 521 673 614 722; x_wconf 79' lang='grc' dir='ltr'>καὶ</span> <span class='ocrx_word' id='word_1_31' title='bbox 647 672 822 723; x_wconf 69' lang='grc' dir='ltr'>πάντα</span> <span class='ocrx_word' id='word_1_32' title='bbox 865 667 932 742; x_wconf 82' lang='grc' dir='ltr'>ἦν</span> <span class='ocrx_word' id='word_1_33' title='bbox 961 674 988 724; x_wconf 83' lang='grc' dir='ltr'>ὁ</span> <span class='ocrx_word' id='word_1_34' title='bbox 1014 673 1306 741; x_wconf 79' lang='grc' dir='ltr'>παῖς-αὐτῇ</span> <span class='ocrx_word' id='word_1_35' title='bbox 1338 672 1528 740; x_wconf 69' lang='grc' dir='ltr'>φανεὶς</span> <span class='ocrx_word' id='word_1_36' title='bbox 1553 674 1650 725; x_wconf 69' lang='grc' dir='ltr'>σὺν</span> <span class='ocrx_word' id='word_1_37' title='bbox 1689 670 1768 740; x_wconf 83' lang='grc' dir='ltr'>τῷ</span> 
     </span>
    </p>
   </div>
   <div class='ocr_carea' id='block_1_8' title="bbox 204 761 1774 832">
    <p class='ocr_par' dir='ltr' id='par_1_8' title="bbox 204 761 1774 832">
     <span class='ocr_line' id='line_1_8' title="bbox 204 761 1774 832; baseline 0.001 -20"><span class='ocrx_word' id='word_1_38' title='bbox 204 761 464 832; x_wconf 80' lang='grc' dir='ltr'>μάρτυρι.</span> <span class='ocrx_word' id='word_1_39' title='bbox 503 764 890 832; x_wconf 80' lang='grc' dir='ltr'>[Ιαρεστηκότα</span> <span class='ocrx_word' id='word_1_40' title='bbox 926 781 985 815; x_wconf 83' lang='grc' dir='ltr'><strong>τε</strong></span> <span class='ocrx_word' id='word_1_41' title='bbox 1038 764 1145 831; x_wconf 73' lang='grc' dir='ltr'>γὰρ</span> <span class='ocrx_word' id='word_1_42' title='bbox 1189 764 1364 815; x_wconf 76' lang='grc' dir='ltr'>ἐδόκει</span> <span class='ocrx_word' id='word_1_43' title='bbox 1402 763 1647 831; x_wconf 75' lang='grc' dir='ltr'>βλέπτειν</span> <span class='ocrx_word' id='word_1_44' title='bbox 1684 763 1774 814; x_wconf 74' lang='grc' dir='ltr'>τὸν</span> 
     </span>
    </p>
   </div>
   <div class='ocr_carea' id='block_1_9' title="bbox 201 850 1769 922">
    <p class='ocr_par' dir='ltr' id='par_1_9' title="bbox 201 850 1769 922">
     <span class='ocr_line' id='line_1_9' title="bbox 201 850 1769 922; baseline 0.001 -21"><span class='ocrx_word' id='word_1_45' title='bbox 201 850 466 920; x_wconf 83' lang='grc' dir='ltr'>ἀθλητήν,</span> <span class='ocrx_word' id='word_1_46' title='bbox 509 851 603 903; x_wconf 79' lang='grc' dir='ltr'>καὶ</span> <span class='ocrx_word' id='word_1_47' title='bbox 642 852 715 914; x_wconf 86' lang='grc' dir='ltr'><strong>ὡς</strong></span> <span class='ocrx_word' id='word_1_48' title='bbox 753 855 867 904; x_wconf 61' lang='grc' dir='ltr'>υἱὸν</span> <span class='ocrx_word' id='word_1_49' title='bbox 900 855 1028 906; x_wconf 74' lang='grc' dir='ltr'>ἴδιον</span> <span class='ocrx_word' id='word_1_50' title='bbox 1057 855 1145 905; x_wconf 77' lang='grc' dir='ltr'>τὸν</span> <span class='ocrx_word' id='word_1_51' title='bbox 1179 855 1344 922; x_wconf 76' lang='grc' dir='ltr'>αὐτῆς</span> <span class='ocrx_word' id='word_1_52' title='bbox 1379 855 1490 906; x_wconf 76' lang='grc' dir='ltr'>υἱὸν</span> <span class='ocrx_word' id='word_1_53' title='bbox 1519 855 1769 922; x_wconf 78' lang='grc' dir='ltr'>ἐγκεκολ-</span> 
     </span>
    </p>
   </div>
   <div class='ocr_carea' id='block_1_10' title="bbox 204 944 1774 1015">
    <p class='ocr_par' dir='ltr' id='par_1_10' title="bbox 204 944 1774 1015">
     <span class='ocr_line' id='line_1_10' title="bbox 204 944 1774 1015; baseline 0.004 -22"><span class='ocrx_word' id='word_1_54' title='bbox 204 946 543 1013; x_wconf 76' lang='grc' dir='ltr'>πωμένον,ή</span> <span class='ocrx_word' id='word_1_55' title='bbox 599 945 833 1015; x_wconf 72' lang='grc' dir='ltr'>ἀναϐολὴ</span> <span class='ocrx_word' id='word_1_56' title='bbox 864 947 917 996; x_wconf 75' lang='grc' dir='ltr'>δὲ</span> <span class='ocrx_word' id='word_1_57' title='bbox 971 947 1302 1014; x_wconf 77' lang='grc' dir='ltr'><strong>ἀμφοτέροις</strong></span> <span class='ocrx_word' id='word_1_58' title='bbox 1349 944 1409 1011; x_wconf 78' lang='grc' dir='ltr'>ἐξ</span> <span class='ocrx_word' id='word_1_59' title='bbox 1458 946 1774 1014; x_wconf 69' lang='grc' dir='ltr'>ὑπερφυοῦς</span> 
     </span>
    </p>
   </div>
   <div class='ocr_carea' id='block_1_11' title="bbox 203 1034 1773 1106">
    <p class='ocr_par' dir='ltr' id='par_1_11' title="bbox 203 1034 1773 1106">
     <span class='ocr_line' id='line_1_11' title="bbox 203 1034 1773 1106; baseline 0.004 -21"><span class='ocrx_word' id='word_1_60' title='bbox 203 1034 342 1100; x_wconf 67' lang='grc' dir='ltr'>ἄταν</span> <span class='ocrx_word' id='word_1_61' title='bbox 366 1036 456 1090; x_wconf 79' lang='grc' dir='ltr'>καὶ</span> <span class='ocrx_word' id='word_1_62' title='bbox 490 1036 908 1106; x_wconf 79' lang='grc' dir='ltr'>ὑπερλάμπρου·</span> <span class='ocrx_word' id='word_1_63' title='bbox 949 1039 1205 1104; x_wconf 76' lang='grc' dir='ltr'>στέφανοί</span> <span class='ocrx_word' id='word_1_64' title='bbox 1238 1056 1296 1090; x_wconf 85' lang='grc' dir='ltr'><strong>τε</strong></span> <span class='ocrx_word' id='word_1_65' title='bbox 1329 1041 1425 1100; x_wconf 76' lang='grc' dir='ltr'>τὰς</span> <span class='ocrx_word' id='word_1_66' title='bbox 1453 1041 1632 1092; x_wconf 76' lang='grc' dir='ltr'>αὐτῶν</span> <span class='ocrx_word' id='word_1_67' title='bbox 1655 1041 1773 1091; x_wconf 78' lang='grc' dir='ltr'><strong>ὲκὸ-</strong></span> 
     </span>
    </p>
   </div>
   <div class='ocr_carea' id='block_1_12' title="bbox 207 1125 1775 1195">
    <p class='ocr_par' dir='ltr' id='par_1_12' title="bbox 207 1125 1775 1195">
     <span class='ocr_line' id='line_1_12' title="bbox 207 1125 1775 1195; baseline 0.002 -19"><span class='ocrx_word' id='word_1_68' title='bbox 207 1140 381 1191; x_wconf 77' lang='grc' dir='ltr'>σμουν</span> <span class='ocrx_word' id='word_1_69' title='bbox 439 1127 632 1195; x_wconf 68' lang='grc' dir='ltr'>ἥδιστα</span> <span class='ocrx_word' id='word_1_70' title='bbox 688 1125 948 1193; x_wconf 80' lang='grc' dir='ltr'>κεφαλάς.</span> <span class='ocrx_word' id='word_1_71' title='bbox 1017 1127 1126 1180; x_wconf 69' lang='grc' dir='ltr'><strong>Καὶ</strong></span> <span class='ocrx_word' id='word_1_72' title='bbox 1177 1130 1223 1180; x_wconf 77' lang='lat' dir='ltr'><strong>ei</strong></span> <span class='ocrx_word' id='word_1_73' title='bbox 1295 1130 1572 1195; x_wconf 73' lang='grc' dir='ltr'>στέφανοι,</span> <span class='ocrx_word' id='word_1_74' title='bbox 1635 1128 1775 1181; x_wconf 83' lang='grc' dir='ltr'>θεῖον</span> 
     </span>
    </p>
   </div>
   <div class='ocr_carea' id='block_1_13' title="bbox 206 1215 1776 1292">
    <p class='ocr_par' dir='ltr' id='par_1_13' title="bbox 206 1215 1776 1292">
     <span class='ocr_line' id='line_1_13' title="bbox 206 1215 1776 1292; baseline 0.003 -24"><span class='ocrx_word' id='word_1_75' title='bbox 206 1217 389 1269; x_wconf 76' lang='grc' dir='ltr'>αὐτῶν</span> <span class='ocrx_word' id='word_1_76' title='bbox 445 1215 600 1279; x_wconf 80' lang='grc' dir='ltr'>εἶπες</span> <span class='ocrx_word' id='word_1_77' title='bbox 637 1218 697 1272; x_wconf 84' lang='grc' dir='ltr'>τὸ</span> <span class='ocrx_word' id='word_1_78' title='bbox 743 1216 959 1281; x_wconf 80' lang='grc' dir='ltr'>κάλλος,</span> <span class='ocrx_word' id='word_1_79' title='bbox 1020 1221 1113 1272; x_wconf 73' lang='grc' dir='ltr'>καὶ</span> <span class='ocrx_word' id='word_1_80' title='bbox 1151 1221 1352 1290; x_wconf 78' lang='grc' dir='ltr'>ἥκιστα</span> <span class='ocrx_word' id='word_1_81' title='bbox 1408 1220 1626 1292; x_wconf 79' lang='grc' dir='ltr'>γλώσσῃ</span> <span class='ocrx_word' id='word_1_82' title='bbox 1680 1224 1776 1292; x_wconf 75' lang='grc' dir='ltr'>ρη-</span> 
     </span>
    </p>
   </div>
   <div class='ocr_carea' id='block_1_14' title="bbox 206 1308 319 1361">
    <p class='ocr_par' dir='ltr' id='par_1_14' title="bbox 206 1308 319 1361">
     <span class='ocr_line' id='line_1_14' title="bbox 206 1308 319 1361; baseline 0.018 -2"><span class='ocrx_word' id='word_1_83' title='bbox 206 1308 319 1361; x_wconf 87' lang='grc' dir='ltr'>τόν.</span> 
     </span>
    </p>
   </div>
   <div class='ocr_carea' id='block_1_15' title="bbox 283 1394 1775 1469">
    <p class='ocr_par' dir='ltr' id='par_1_15' title="bbox 283 1394 1775 1469">
     <span class='ocr_line' id='line_1_15' title="bbox 283 1394 1775 1469; baseline 0.002 -18"><span class='ocrx_word' id='word_1_84' title='bbox 283 1397 376 1452; x_wconf 75' lang='lat' dir='ltr'><strong>lA&#39;.</strong></span> <span class='ocrx_word' id='word_1_85' title='bbox 409 1399 518 1451; x_wconf 75' lang='grc' dir='ltr'><strong>Καὶ</strong></span> <span class='ocrx_word' id='word_1_86' title='bbox 552 1400 690 1451; x_wconf 80' lang='grc' dir='ltr'>ἱνατί</span> <span class='ocrx_word' id='word_1_87' title='bbox 723 1400 797 1468; x_wconf 84' lang='grc' dir='ltr'>μὴ</span> <span class='ocrx_word' id='word_1_88' title='bbox 828 1399 1054 1469; x_wconf 72' lang='grc' dir='ltr'>χαίρεις,</span> <span class='ocrx_word' id='word_1_89' title='bbox 1085 1394 1130 1453; x_wconf 84' lang='grc' dir='ltr'><strong>ὦ</strong></span> <span class='ocrx_word' id='word_1_90' title='bbox 1164 1399 1342 1466; x_wconf 78' lang='grc' dir='ltr'>γύναι,</span> <span class='ocrx_word' id='word_1_91' title='bbox 1373 1401 1550 1466; x_wconf 80' lang='grc' dir='ltr'>λέγειν</span> <span class='ocrx_word' id='word_1_92' title='bbox 1583 1403 1610 1454; x_wconf 85' lang='grc' dir='ltr'>ὀ</span> <span class='ocrx_word' id='word_1_93' title='bbox 1638 1401 1775 1468; x_wconf 77' lang='grc' dir='ltr'>μάρ-</span> 
     </span>
    </p>
   </div>
   <div class='ocr_carea' id='block_1_16' title="bbox 206 1489 1780 1563">
    <p class='ocr_par' dir='ltr' id='par_1_16' title="bbox 206 1489 1780 1563">
     <span class='ocr_line' id='line_1_16' title="bbox 206 1489 1780 1563; baseline 0.004 -21"><span class='ocrx_word' id='word_1_94' title='bbox 206 1507 306 1552; x_wconf 87' lang='grc' dir='ltr'><strong>τυς</strong></span> <span class='ocrx_word' id='word_1_95' title='bbox 367 1489 551 1558; x_wconf 73' lang='grc' dir='ltr'>ἐῴκει,</span> <span class='ocrx_word' id='word_1_96' title='bbox 598 1491 731 1550; x_wconf 79' lang='grc' dir='ltr'><strong>ἀλλά</strong></span> <span class='ocrx_word' id='word_1_97' title='bbox 761 1510 854 1545; x_wconf 92' lang='grc' dir='ltr'><strong>σου</strong></span> <span class='ocrx_word' id='word_1_98' title='bbox 890 1495 1033 1562; x_wconf 84' lang='grc' dir='ltr'>λύπη</span> <span class='ocrx_word' id='word_1_99' title='bbox 1083 1495 1228 1563; x_wconf 80' lang='grc' dir='ltr'>δεινὴ</span> <span class='ocrx_word' id='word_1_100' title='bbox 1269 1495 1496 1548; x_wconf 81' lang='grc' dir='ltr'>διέσεισε</span> <span class='ocrx_word' id='word_1_101' title='bbox 1525 1494 1622 1563; x_wconf 81' lang='grc' dir='ltr'>τὴν</span> <span class='ocrx_word' id='word_1_102' title='bbox 1653 1511 1780 1562; x_wconf 72' lang='grc' dir='ltr'>καρ-</span> 
     </span>
    </p>
   </div>
   <div class='ocr_carea' id='block_1_17' title="bbox 205 1578 1780 1654">
    <p class='ocr_par' dir='ltr' id='par_1_17' title="bbox 205 1578 1780 1654">
     <span class='ocr_line' id='line_1_17' title="bbox 205 1578 1780 1654; baseline 0.003 -22"><span class='ocrx_word' id='word_1_103' title='bbox 205 1583 328 1634; x_wconf 74' lang='grc' dir='ltr'>δίαν</span> <span class='ocrx_word' id='word_1_104' title='bbox 374 1598 386 1610; x_wconf 89' lang='grc'><strong>·</strong></span> <span class='ocrx_word' id='word_1_105' title='bbox 434 1585 507 1650; x_wconf 72' lang='grc' dir='ltr'>μή</span> <span class='ocrx_word' id='word_1_106' title='bbox 551 1584 658 1651; x_wconf 76' lang='grc' dir='ltr'>γὰρ</span> <span class='ocrx_word' id='word_1_107' title='bbox 714 1584 886 1647; x_wconf 70' lang='grc' dir='ltr'>οὕτως</span> <span class='ocrx_word' id='word_1_108' title='bbox 917 1585 1188 1654; x_wconf 75' lang='grc' dir='ltr'><strong>ἀγνώμων</strong></span> <span class='ocrx_word' id='word_1_109' title='bbox 1237 1585 1368 1651; x_wconf 75' lang='grc' dir='ltr'>ἐγὼ,</span> <span class='ocrx_word' id='word_1_110' title='bbox 1424 1578 1517 1637; x_wconf 79' lang='grc' dir='ltr'>καὶ</span> <span class='ocrx_word' id='word_1_111' title='bbox 1554 1586 1780 1654; x_wconf 70' lang='grc' dir='ltr'>μηδενὸς</span> 
     </span>
    </p>
   </div>
   <div class='ocr_carea' id='block_1_18' title="bbox 208 1670 1776 1745">
    <p class='ocr_par' dir='ltr' id='par_1_18' title="bbox 208 1670 1776 1745">
     <span class='ocr_line' id='line_1_18' title="bbox 208 1670 1776 1745; baseline 0.003 -25"><span class='ocrx_word' id='word_1_112' title='bbox 208 1670 322 1721; x_wconf 81' lang='grc' dir='ltr'>τῶν</span> <span class='ocrx_word' id='word_1_113' title='bbox 354 1671 456 1721; x_wconf 73' lang='grc' dir='ltr'><strong>ὑπὸ</strong></span> <span class='ocrx_word' id='word_1_114' title='bbox 495 1675 586 1724; x_wconf 81' lang='grc' dir='ltr'>σοῦ</span> <span class='ocrx_word' id='word_1_115' title='bbox 615 1677 921 1742; x_wconf 77' lang='grc' dir='ltr'><strong>γενομένων</strong></span> <span class='ocrx_word' id='word_1_116' title='bbox 954 1678 1104 1745; x_wconf 75' lang='grc' dir='ltr'>ἥκων</span> <span class='ocrx_word' id='word_1_117' title='bbox 1152 1677 1230 1744; x_wconf 76' lang='grc' dir='ltr'><strong>εἰς</strong></span> <span class='ocrx_word' id='word_1_118' title='bbox 1264 1675 1536 1743; x_wconf 77' lang='grc' dir='ltr'>αἴσθησιν,</span> <span class='ocrx_word' id='word_1_119' title='bbox 1590 1675 1621 1744; x_wconf 83' lang='grc' dir='ltr'>ἢ</span> <span class='ocrx_word' id='word_1_120' title='bbox 1680 1676 1776 1736; x_wconf 67' lang='grc' dir='ltr'>τὰς</span> 
     </span>
    </p>
   </div>
   <div class='ocr_carea' id='block_1_19' title="bbox 210 1759 1775 1834">
    <p class='ocr_par' dir='ltr' id='par_1_19' title="bbox 210 1759 1775 1834">
     <span class='ocr_line' id='line_1_19' title="bbox 210 1759 1775 1834; baseline 0.004 -24"><span class='ocrx_word' id='word_1_121' title='bbox 210 1759 354 1830; x_wconf 84' lang='grc' dir='ltr'>ὑπὲρ</span> <span class='ocrx_word' id='word_1_122' title='bbox 407 1762 586 1813; x_wconf 75' lang='grc' dir='ltr'>αὐτῶν</span> <span class='ocrx_word' id='word_1_123' title='bbox 630 1767 868 1832; x_wconf 75' lang='grc' dir='ltr'>ὰμοιῦᾰς</span> <span class='ocrx_word' id='word_1_124' title='bbox 921 1767 1213 1834; x_wconf 71' lang='grc' dir='ltr'><strong>φιλοτίμως</strong></span> <span class='ocrx_word' id='word_1_125' title='bbox 1250 1768 1349 1817; x_wconf 70' lang='grc' dir='ltr'><strong>οὐκ</strong></span> <span class='ocrx_word' id='word_1_126' title='bbox 1417 1766 1775 1830; x_wconf 75' lang='grc' dir='ltr'>ἁποδέδωκα;</span> 
     </span>
    </p>
   </div>
   <div class='ocr_carea' id='block_1_20' title="bbox 207 1837 1851 1928">
    <p class='ocr_par' dir='ltr' id='par_1_20' title="bbox 207 1837 1851 1928">
     <span class='ocr_line' id='line_1_20' title="bbox 207 1837 1851 1928; baseline 0 -20"><span class='ocrx_word' id='word_1_127' title='bbox 207 1851 322 1920; x_wconf 74' lang='grc' dir='ltr'><strong>Οὐχ</strong></span> <span class='ocrx_word' id='word_1_128' title='bbox 367 1849 497 1924; x_wconf 69' lang='grc' dir='ltr'>ὁρᾷς</span> <span class='ocrx_word' id='word_1_129' title='bbox 529 1856 643 1916; x_wconf 76' lang='grc' dir='ltr'>οἵας</span> <span class='ocrx_word' id='word_1_130' title='bbox 677 1857 798 1918; x_wconf 81' lang='grc' dir='ltr'>ὀσὺς</span> <span class='ocrx_word' id='word_1_131' title='bbox 827 1861 953 1919; x_wconf 79' lang='grc' dir='ltr'>παῖς</span> <span class='ocrx_word' id='word_1_132' title='bbox 983 1858 1206 1924; x_wconf 73' lang='grc' dir='ltr'>ἠξίωται</span> <span class='ocrx_word' id='word_1_133' title='bbox 1239 1858 1434 1926; x_wconf 68' lang='grc' dir='ltr'>ὃὸξης;</span> <span class='ocrx_word' id='word_1_134' title='bbox 1470 1858 1574 1911; x_wconf 75' lang='grc' dir='ltr'>Οἴα</span> <span class='ocrx_word' id='word_1_135' title='bbox 1616 1860 1772 1928; x_wconf 74' lang='grc' dir='ltr'>χάρις</span> <span class='ocrx_word' id='word_1_136' title='bbox 1813 1837 1851 1892; x_wconf 80' lang='grc' dir='ltr'>Β</span> 
     </span>
    </p>
   </div>
   <div class='ocr_carea' id='block_1_21' title="bbox 207 1943 1776 2017">
    <p class='ocr_par' dir='ltr' id='par_1_21' title="bbox 207 1943 1776 2017">
     <span class='ocr_line' id='line_1_21' title="bbox 207 1943 1776 2017; baseline 0.006 -25"><span class='ocrx_word' id='word_1_137' title='bbox 207 1943 517 2010; x_wconf 72' lang='grc' dir='ltr'><strong>ἀστράπτει</strong></span> <span class='ocrx_word' id='word_1_138' title='bbox 553 1949 681 2012; x_wconf 71' lang='grc' dir='ltr'>περὶ</span> <span class='ocrx_word' id='word_1_139' title='bbox 711 1947 876 1998; x_wconf 83' lang='grc' dir='ltr'>αὐτόν</span> <span class='ocrx_word' id='word_1_140' title='bbox 905 1963 919 2012; x_wconf 89' lang='grc'><strong>;</strong></span> <span class='ocrx_word' id='word_1_141' title='bbox 962 1943 1030 1998; x_wconf 79' lang='grc' dir='ltr'>Τί</span> <span class='ocrx_word' id='word_1_142' title='bbox 1059 1943 1150 2000; x_wconf 69' lang='grc' dir='ltr'><strong>(οὖν</strong></span> <span class='ocrx_word' id='word_1_143' title='bbox 1177 1950 1234 2000; x_wconf 79' lang='grc' dir='ltr'>οὐ</span> <span class='ocrx_word' id='word_1_144' title='bbox 1270 1952 1330 2000; x_wconf 69' lang='grc' dir='ltr'>τὸ</span> <span class='ocrx_word' id='word_1_145' title='bbox 1349 1951 1574 2017; x_wconf 73' lang='grc' dir='ltr'>στυγνὸν</span> <span class='ocrx_word' id='word_1_146' title='bbox 1619 1950 1776 2002; x_wconf 73' lang='grc' dir='ltr'>τοῦτο</span> 
     </span>
    </p>
   </div>
   <div class='ocr_carea' id='block_1_22' title="bbox 206 2033 1777 2108">
    <p class='ocr_par' dir='ltr' id='par_1_22' title="bbox 206 2033 1777 2108">
     <span class='ocr_line' id='line_1_22' title="bbox 206 2033 1777 2108; baseline 0.004 -23"><span class='ocrx_word' id='word_1_147' title='bbox 206 2033 466 2098; x_wconf 80' lang='grc' dir='ltr'>λιποῦσα,</span> <span class='ocrx_word' id='word_1_148' title='bbox 499 2036 589 2086; x_wconf 78' lang='grc' dir='ltr'><strong>καὶ</strong></span> <span class='ocrx_word' id='word_1_149' title='bbox 631 2035 768 2106; x_wconf 78' lang='grc' dir='ltr'>αὐτὴ</span> <span class='ocrx_word' id='word_1_150' title='bbox 824 2041 1163 2107; x_wconf 80' lang='grc' dir='ltr'>μεταχωρεῖς</span> <span class='ocrx_word' id='word_1_151' title='bbox 1221 2039 1354 2108; x_wconf 73' lang='grc' dir='ltr'>πρὸς</span> <span class='ocrx_word' id='word_1_152' title='bbox 1413 2039 1474 2090; x_wconf 80' lang='grc' dir='ltr'><strong>τὸ</strong></span> <span class='ocrx_word' id='word_1_153' title='bbox 1520 2039 1777 2108; x_wconf 76' lang='grc' dir='ltr'>εὔθυμον.</span> 
     </span>
    </p>
   </div>
   <div class='ocr_carea' id='block_1_23' title="bbox 219 2119 1777 2198">
    <p class='ocr_par' dir='ltr' id='par_1_23' title="bbox 219 2119 1777 2198">
     <span class='ocr_line' id='line_1_23' title="bbox 219 2119 1777 2198; baseline 0.002 -21"><span class='ocrx_word' id='word_1_154' title='bbox 219 2119 386 2188; x_wconf 61' lang='lat' dir='ltr'><strong>’AM&#39;,</strong></span> <span class='ocrx_word' id='word_1_155' title='bbox 416 2125 463 2176; x_wconf 82' lang='grc' dir='ltr'><strong>εί</strong></span> <span class='ocrx_word' id='word_1_156' title='bbox 489 2126 655 2187; x_wconf 76' lang='grc' dir='ltr'>δοκεῖ,</span> <span class='ocrx_word' id='word_1_157' title='bbox 691 2129 966 2195; x_wconf 80' lang='grc' dir='ltr'>ὲγγισάτω</span> <span class='ocrx_word' id='word_1_158' title='bbox 992 2133 1081 2182; x_wconf 80' lang='grc' dir='ltr'>καὶ</span> <span class='ocrx_word' id='word_1_159' title='bbox 1108 2131 1186 2182; x_wconf 74' lang='grc' dir='ltr'>ἔτι</span> <span class='ocrx_word' id='word_1_160' title='bbox 1236 2131 1435 2198; x_wconf 82' lang='grc' dir='ltr'>μᾶλλον</span> <span class='ocrx_word' id='word_1_161' title='bbox 1455 2134 1482 2182; x_wconf 74' lang='grc' dir='ltr'>ὁ</span> <span class='ocrx_word' id='word_1_162' title='bbox 1504 2133 1650 2195; x_wconf 85' lang='grc' dir='ltr'>παῖς,</span> <span class='ocrx_word' id='word_1_163' title='bbox 1686 2130 1777 2180; x_wconf 84' lang='grc' dir='ltr'><strong>καί</strong></span> 
     </span>
    </p>
   </div>
   <div class='ocr_carea' id='block_1_24' title="bbox 212 2216 1778 2291">
    <p class='ocr_par' dir='ltr' id='par_1_24' title="bbox 212 2216 1778 2291">
     <span class='ocr_line' id='line_1_24' title="bbox 212 2216 1778 2291; baseline 0.004 -25"><span class='ocrx_word' id='word_1_164' title='bbox 212 2230 301 2267; x_wconf 89' lang='grc' dir='ltr'><strong>σοι</strong></span> <span class='ocrx_word' id='word_1_165' title='bbox 329 2216 447 2267; x_wconf 81' lang='grc' dir='ltr'>κατ’</span> <span class='ocrx_word' id='word_1_166' title='bbox 481 2217 794 2287; x_wconf 71' lang='grc' dir='ltr'>ὀφθαλμοὺς</span> <span class='ocrx_word' id='word_1_167' title='bbox 822 2219 1068 2291; x_wconf 76' lang='grc' dir='ltr'>ἀκριϐῶς</span> <span class='ocrx_word' id='word_1_168' title='bbox 1117 2219 1379 2289; x_wconf 78' lang='grc' dir='ltr'>γενέσθω,</span> <span class='ocrx_word' id='word_1_169' title='bbox 1407 2221 1494 2272; x_wconf 87' lang='grc' dir='ltr'>ἵνα</span> <span class='ocrx_word' id='word_1_170' title='bbox 1519 2224 1610 2272; x_wconf 77' lang='grc' dir='ltr'>καὶ</span> <span class='ocrx_word' id='word_1_171' title='bbox 1641 2223 1778 2289; x_wconf 73' lang='grc' dir='ltr'>αὐτὴ</span> 
     </span>
    </p>
   </div>
   <div class='ocr_carea' id='block_1_25' title="bbox 209 2307 1780 2380">
    <p class='ocr_par' dir='ltr' id='par_1_25' title="bbox 209 2307 1780 2380">
     <span class='ocr_line' id='line_1_25' title="bbox 209 2307 1780 2380; baseline 0.001 -19"><span class='ocrx_word' id='word_1_172' title='bbox 209 2307 394 2371; x_wconf 80' lang='grc' dir='ltr'>καλῶς</span> <span class='ocrx_word' id='word_1_173' title='bbox 422 2311 526 2378; x_wconf 79' lang='grc' dir='ltr'>ἄρα</span> <span class='ocrx_word' id='word_1_174' title='bbox 571 2311 764 2379; x_wconf 82' lang='grc' dir='ltr'><strong>μάθοις</strong></span> <span class='ocrx_word' id='word_1_175' title='bbox 792 2314 860 2365; x_wconf 80' lang='grc' dir='ltr'>τὰ</span> <span class='ocrx_word' id='word_1_176' title='bbox 909 2312 1028 2365; x_wconf 81' lang='grc' dir='ltr'>κατ’</span> <span class='ocrx_word' id='word_1_177' title='bbox 1057 2315 1248 2378; x_wconf 18' lang='grc' dir='ltr'>αὑτὸν..</span> <span class='ocrx_word' id='word_1_178' title='bbox 1293 2311 1478 2374; x_wconf 74' lang='grc' dir='ltr'>Οὕτως</span> <span class='ocrx_word' id='word_1_179' title='bbox 1521 2314 1648 2380; x_wconf 57' lang='grc' dir='ltr'>ἔψη,</span> <span class='ocrx_word' id='word_1_180' title='bbox 1685 2313 1780 2364; x_wconf 77' lang='grc' dir='ltr'>καὶ</span> 
     </span>
    </p>
   </div>
   <div class='ocr_carea' id='block_1_26' title="bbox 207 2400 1780 2473">
    <p class='ocr_par' dir='ltr' id='par_1_26' title="bbox 207 2400 1780 2473">
     <span class='ocr_line' id='line_1_26' title="bbox 207 2400 1780 2473; baseline 0.002 -19"><span class='ocrx_word' id='word_1_181' title='bbox 207 2401 374 2472; x_wconf 71' lang='grc' dir='ltr'>ἐῴκει</span> <span class='ocrx_word' id='word_1_182' title='bbox 402 2407 492 2456; x_wconf 72' lang='grc' dir='ltr'>τὸν</span> <span class='ocrx_word' id='word_1_183' title='bbox 524 2405 687 2456; x_wconf 79' lang='grc' dir='ltr'>παῖδα</span> <span class='ocrx_word' id='word_1_184' title='bbox 723 2405 926 2468; x_wconf 78' lang='grc' dir='ltr'><strong>καλεῖν,</strong></span> <span class='ocrx_word' id='word_1_185' title='bbox 963 2406 1144 2467; x_wconf 68' lang='grc' dir='ltr'>Γενού,</span> <span class='ocrx_word' id='word_1_186' title='bbox 1180 2406 1373 2471; x_wconf 81' lang='grc' dir='ltr'>λέγων,</span> <span class='ocrx_word' id='word_1_187' title='bbox 1411 2400 1455 2456; x_wconf 76' lang='grc' dir='ltr'>ὦ</span> <span class='ocrx_word' id='word_1_188' title='bbox 1481 2409 1598 2470; x_wconf 76' lang='grc' dir='ltr'>παῖ,</span> <span class='ocrx_word' id='word_1_189' title='bbox 1631 2407 1780 2473; x_wconf 77' lang='grc' dir='ltr'>παρὰ</span> 
     </span>
    </p>
   </div>
   <div class='ocr_carea' id='block_1_27' title="bbox 209 2495 1778 2568">
    <p class='ocr_par' dir='ltr' id='par_1_27' title="bbox 209 2495 1778 2568">
     <span class='ocr_line' id='line_1_27' title="bbox 209 2495 1778 2568; baseline 0.004 -23"><span class='ocrx_word' id='word_1_190' title='bbox 209 2499 282 2565; x_wconf 79' lang='grc' dir='ltr'><strong>τῇ</strong></span> <span class='ocrx_word' id='word_1_191' title='bbox 319 2499 535 2565; x_wconf 81' lang='grc' dir='ltr'>μητέρι.</span> <span class='ocrx_word' id='word_1_192' title='bbox 566 2499 636 2549; x_wconf 82' lang='grc' dir='ltr'>τά</span> <span class='ocrx_word' id='word_1_193' title='bbox 667 2514 721 2548; x_wconf 88' lang='grc' dir='ltr'><strong>τε</strong></span> <span class='ocrx_word' id='word_1_194' title='bbox 755 2496 893 2550; x_wconf 76' lang='grc' dir='ltr'>ἄλλα</span> <span class='ocrx_word' id='word_1_195' title='bbox 932 2501 1026 2548; x_wconf 70' lang='grc' dir='ltr'>καὶ</span> <span class='ocrx_word' id='word_1_196' title='bbox 1059 2497 1123 2548; x_wconf 85' lang='grc' dir='ltr'><strong>ἵν’</strong></span> <span class='ocrx_word' id='word_1_197' title='bbox 1151 2495 1339 2568; x_wconf 76' lang='grc' dir='ltr'>ὥσπερ</span> <span class='ocrx_word' id='word_1_198' title='bbox 1370 2498 1512 2565; x_wconf 75' lang='grc' dir='ltr'>ἔχεις</span> <span class='ocrx_word' id='word_1_199' title='bbox 1571 2499 1778 2566; x_wconf 69' lang='grc' dir='ltr'>ὀφθεὶς,</span> 
     </span>
    </p>
   </div>
   <div class='ocr_carea' id='block_1_28' title="bbox 207 2588 1782 2658">
    <p class='ocr_par' dir='ltr' id='par_1_28' title="bbox 207 2588 1782 2658">
     <span class='ocr_line' id='line_1_28' title="bbox 207 2588 1782 2658; baseline 0.004 -22"><span class='ocrx_word' id='word_1_200' title='bbox 207 2591 614 2658; x_wconf 78' lang='grc' dir='ltr'>παρηγορὴσης</span> <span class='ocrx_word' id='word_1_201' title='bbox 649 2590 780 2658; x_wconf 70' lang='grc' dir='ltr'>αὐτῇ</span> <span class='ocrx_word' id='word_1_202' title='bbox 832 2590 892 2640; x_wconf 70' lang='grc' dir='ltr'>τὸ</span> <span class='ocrx_word' id='word_1_203' title='bbox 938 2588 1272 2657; x_wconf 75' lang='grc' dir='ltr'>πολύδακρυ.</span> <span class='ocrx_word' id='word_1_204' title='bbox 1342 2591 1400 2641; x_wconf 83' lang='grc' dir='ltr'>Ὀ</span> <span class='ocrx_word' id='word_1_205' title='bbox 1425 2591 1479 2641; x_wconf 80' lang='grc' dir='ltr'><strong>δὲ</strong></span> <span class='ocrx_word' id='word_1_206' title='bbox 1527 2595 1654 2653; x_wconf 45' lang='grc' dir='ltr'>ταῖς</span> <span class='ocrx_word' id='word_1_207' title='bbox 1691 2592 1782 2642; x_wconf 76' lang='grc' dir='ltr'><strong>ἐπὶ</strong></span> 
     </span>
    </p>
   </div>
   <div class='ocr_carea' id='block_1_29' title="bbox 219 2678 1782 2750">
    <p class='ocr_par' dir='ltr' id='par_1_29' title="bbox 219 2678 1782 2750">
     <span class='ocr_line' id='line_1_29' title="bbox 219 2678 1782 2750; baseline 0.001 -18"><span class='ocrx_word' id='word_1_208' title='bbox 219 2678 424 2747; x_wconf 84' lang='grc' dir='ltr'>μᾶλλον</span> <span class='ocrx_word' id='word_1_209' title='bbox 460 2680 550 2731; x_wconf 77' lang='grc' dir='ltr'>τοῦ</span> <span class='ocrx_word' id='word_1_210' title='bbox 609 2683 881 2748; x_wconf 84' lang='grc' dir='ltr'>μάρτυρος</span> <span class='ocrx_word' id='word_1_211' title='bbox 934 2681 1133 2750; x_wconf 72' lang='grc' dir='ltr'>εἴχετο,</span> <span class='ocrx_word' id='word_1_212' title='bbox 1175 2683 1249 2750; x_wconf 76' lang='grc' dir='ltr'>μὴ</span> <span class='ocrx_word' id='word_1_213' title='bbox 1298 2680 1584 2733; x_wconf 77' lang='grc' dir='ltr'>ἀπολιπεῖν</span> <span class='ocrx_word' id='word_1_214' title='bbox 1619 2682 1782 2734; x_wconf 63' lang='grc' dir='ltr'>αὑτὸν</span> 
     </span>
    </p>
   </div>
   <div class='ocr_carea' id='block_1_30' title="bbox 212 2771 1782 2844">
    <p class='ocr_par' dir='ltr' id='par_1_30' title="bbox 212 2771 1782 2844">
     <span class='ocr_line' id='line_1_30' title="bbox 212 2771 1782 2844; baseline 0.002 -21"><span class='ocrx_word' id='word_1_215' title='bbox 212 2771 377 2835; x_wconf 75' lang='grc' dir='ltr'>ὅλως,</span> <span class='ocrx_word' id='word_1_216' title='bbox 415 2771 546 2840; x_wconf 74' lang='grc' dir='ltr'>μηδὲ</span> <span class='ocrx_word' id='word_1_217' title='bbox 577 2771 868 2840; x_wconf 77' lang='grc' dir='ltr'><strong>ἀφικέσθαι</strong></span> <span class='ocrx_word' id='word_1_218' title='bbox 895 2774 1027 2843; x_wconf 77' lang='grc' dir='ltr'>πρὸς</span> <span class='ocrx_word' id='word_1_219' title='bbox 1052 2771 1148 2842; x_wconf 80' lang='grc' dir='ltr'>τὴν</span> <span class='ocrx_word' id='word_1_220' title='bbox 1183 2774 1392 2844; x_wconf 75' lang='grc' dir='ltr'>μητέρα</span> <span class='ocrx_word' id='word_1_221' title='bbox 1426 2773 1486 2824; x_wconf 86' lang='grc' dir='ltr'>τὸ</span> <span class='ocrx_word' id='word_1_222' title='bbox 1522 2775 1782 2843; x_wconf 84' lang='grc' dir='ltr'>παράπαν</span> 
     </span>
    </p>
   </div>
   <div class='ocr_carea' id='block_1_31' title="bbox 215 2862 1782 2949">
    <p class='ocr_par' dir='ltr' id='par_1_31' title="bbox 215 2862 1782 2949">
     <span class='ocr_line' id='line_1_31' title="bbox 215 2862 1782 2949; baseline 0.004 -38"><span class='ocrx_word' id='word_1_223' title='bbox 215 2862 560 2932; x_wconf 70' lang='grc' dir='ltr'>βουλόμενον.</span> <span class='ocrx_word' id='word_1_224' title='bbox 580 2864 738 2926; x_wconf 83' lang='grc' dir='ltr'>Ἀλλ’,</span> <span class='ocrx_word' id='word_1_225' title='bbox 769 2866 978 2929; x_wconf 74' lang='grc' dir='ltr'>Ἄπιθι,</span> <span class='ocrx_word' id='word_1_226' title='bbox 1008 2865 1177 2949; x_wconf 63' lang='grc' dir='ltr'>μῆτερ</span> <span class='ocrx_word' id='word_1_227' title='bbox 1197 2865 1325 2933; x_wconf 82' lang='grc' dir='ltr'>ἐμὴ,</span> <span class='ocrx_word' id='word_1_228' title='bbox 1349 2865 1504 2919; x_wconf 84' lang='grc' dir='ltr'>ἄπιθι</span> <span class='ocrx_word' id='word_1_229' title='bbox 1523 2866 1656 2934; x_wconf 75' lang='grc' dir='ltr'>πρὸς</span> <span class='ocrx_word' id='word_1_230' title='bbox 1684 2866 1782 2918; x_wconf 76' lang='grc' dir='ltr'><strong>αὑ-</strong></span> 
     </span>
    </p>
   </div>
   <div class='ocr_carea' id='block_1_32' title="bbox 208 2952 1780 3024">
    <p class='ocr_par' dir='ltr' id='par_1_32' title="bbox 208 2952 1780 3024">
     <span class='ocr_line' id='line_1_32' title="bbox 208 2952 1780 3024; baseline 0.003 -20"><span class='ocrx_word' id='word_1_231' title='bbox 208 2952 338 3022; x_wconf 79' lang='grc' dir='ltr'>τὴν,</span> <span class='ocrx_word' id='word_1_232' title='bbox 377 2952 562 3020; x_wconf 60' lang='grc' dir='ltr'>ἔλεγεν</span> <span class='ocrx_word' id='word_1_233' title='bbox 591 2957 923 3016; x_wconf 74' lang='grc' dir='ltr'>ἀντιτείνων,</span> <span class='ocrx_word' id='word_1_234' title='bbox 949 2958 1031 3020; x_wconf 79' lang='grc' dir='ltr'><strong>ἐφ’</strong></span> <span class='ocrx_word' id='word_1_235' title='bbox 1069 2956 1265 3024; x_wconf 72' lang='grc' dir='ltr'>ἑαυτῆς</span> <span class='ocrx_word' id='word_1_236' title='bbox 1290 2957 1542 3024; x_wconf 77' lang='grc' dir='ltr'>μένουσα,</span> <span class='ocrx_word' id='word_1_237' title='bbox 1563 2960 1780 3018; x_wconf 82' lang='grc' dir='ltr'>καιτοῖς</span> 
     </span>
    </p>
   </div>
   <div class='ocr_carea' id='block_1_33' title="bbox 210 3045 1777 3122">
    <p class='ocr_par' dir='ltr' id='par_1_33' title="bbox 210 3045 1777 3122">
     <span class='ocr_line' id='line_1_33' title="bbox 210 3045 1777 3122; baseline 0.003 -24"><span class='ocrx_word' id='word_1_238' title='bbox 210 3045 433 3116; x_wconf 79' lang='grc' dir='ltr'>θρήνοις</span> <span class='ocrx_word' id='word_1_239' title='bbox 462 3045 668 3107; x_wconf 80' lang='grc' dir='ltr'>τούτοις</span> <span class='ocrx_word' id='word_1_240' title='bbox 697 3047 848 3098; x_wconf 72' lang='grc' dir='ltr'>οὐδὲν</span> <span class='ocrx_word' id='word_1_241' title='bbox 878 3047 1220 3122; x_wconf 77' lang='grc' dir='ltr'>προσέχουσα</span> <span class='ocrx_word' id='word_1_242' title='bbox 1241 3064 1255 3078; x_wconf 88' lang='grc'><strong>·</strong></span> <span class='ocrx_word' id='word_1_243' title='bbox 1277 3052 1331 3099; x_wconf 69' lang='grc' dir='ltr'>ἐν</span> <span class='ocrx_word' id='word_1_244' title='bbox 1363 3049 1461 3120; x_wconf 82' lang='grc' dir='ltr'><strong>ἴσῳ</strong></span> <span class='ocrx_word' id='word_1_245' title='bbox 1485 3050 1590 3118; x_wconf 74' lang='grc' dir='ltr'>γὰρ</span> <span class='ocrx_word' id='word_1_246' title='bbox 1616 3051 1777 3120; x_wconf 80' lang='grc' dir='ltr'>ἠγοῦ-</span> 
     </span>
    </p>
   </div>
   <div class='ocr_carea' id='block_1_34' title="bbox 1875 573 3451 646">
    <p class='ocr_par' dir='ltr' id='par_1_34' title="bbox 1875 573 3451 646">
     <span class='ocr_line' id='line_1_34' title="bbox 1875 573 3451 646; baseline 0.002 -18"><span class='ocrx_word' id='word_1_247' title='bbox 1875 590 2030 630; x_wconf 89' lang='lat' dir='ltr'><strong>scere</strong></span> <span class='ocrx_word' id='word_1_248' title='bbox 2062 590 2074 626; x_wconf 92' lang='lat'><strong>:</strong></span> <span class='ocrx_word' id='word_1_249' title='bbox 2109 584 2159 627; x_wconf 85' lang='lat' dir='ltr'><strong>et</strong></span> <span class='ocrx_word' id='word_1_250' title='bbox 2193 573 2336 628; x_wconf 79' lang='lat' dir='ltr'><strong>[ilius</strong></span> <span class='ocrx_word' id='word_1_251' title='bbox 2381 574 2430 627; x_wconf 91' lang='lat' dir='ltr'><strong>ei</strong></span> <span class='ocrx_word' id='word_1_252' title='bbox 2475 573 2697 628; x_wconf 87' lang='lat' dir='ltr'><strong>omnino</strong></span> <span class='ocrx_word' id='word_1_253' title='bbox 2731 573 2984 642; x_wconf 75' lang='lat' dir='ltr'><strong>apparuit</strong></span> <span class='ocrx_word' id='word_1_254' title='bbox 3028 589 3151 627; x_wconf 90' lang='lat' dir='ltr'><strong>cum</strong></span> <span class='ocrx_word' id='word_1_255' title='bbox 3196 585 3451 646; x_wconf 89' lang='lat' dir='ltr'><strong>martyre.</strong></span> 
     </span>
    </p>
   </div>
   <div class='ocr_carea' id='block_1_35' title="bbox 1873 664 3456 736">
    <p class='ocr_par' dir='ltr' id='par_1_35' title="bbox 1873 664 3456 736">
     <span class='ocr_line' id='line_1_35' title="bbox 1873 664 3456 736; baseline 0.001 -18"><span class='ocrx_word' id='word_1_256' title='bbox 1873 664 2006 718; x_wconf 84' lang='lat' dir='ltr'><strong>Nam</strong></span> <span class='ocrx_word' id='word_1_257' title='bbox 2041 674 2094 720; x_wconf 87' lang='lat' dir='ltr'><strong>et</strong></span> <span class='ocrx_word' id='word_1_258' title='bbox 2127 675 2394 719; x_wconf 75' lang='lat' dir='ltr'><strong>astantem</strong></span> <span class='ocrx_word' id='word_1_259' title='bbox 2429 666 2713 722; x_wconf 76' lang='lat' dir='ltr'><strong>videbatur</strong></span> <span class='ocrx_word' id='word_1_260' title='bbox 2745 665 2945 718; x_wconf 88' lang='lat' dir='ltr'><strong>intueri</strong></span> <span class='ocrx_word' id='word_1_261' title='bbox 2987 665 3240 720; x_wconf 78' lang='lat' dir='ltr'><strong>athletam</strong></span> <span class='ocrx_word' id='word_1_262' title='bbox 3267 706 3282 728; x_wconf 90' lang='lat'><strong>,</strong></span> <span class='ocrx_word' id='word_1_263' title='bbox 3333 668 3456 736; x_wconf 78' lang='lat' dir='ltr'><strong>ejus</strong></span> 
     </span>
    </p>
   </div>
   <div class='ocr_carea' id='block_1_36' title="bbox 1877 758 3454 826">
    <p class='ocr_par' dir='ltr' id='par_1_36' title="bbox 1877 758 3454 826">
     <span class='ocr_line' id='line_1_36' title="bbox 1877 758 3454 826; baseline 0 -14"><span class='ocrx_word' id='word_1_264' title='bbox 1877 759 2043 812; x_wconf 78' lang='lat' dir='ltr'><strong>lilium</strong></span> <span class='ocrx_word' id='word_1_265' title='bbox 2089 774 2190 812; x_wconf 89' lang='lat' dir='ltr'><strong>suo</strong></span> <span class='ocrx_word' id='word_1_266' title='bbox 2232 761 2377 818; x_wconf 79' lang='lat' dir='ltr'><strong>sinu,</strong></span> <span class='ocrx_word' id='word_1_267' title='bbox 2415 768 2669 826; x_wconf 83' lang='lat' dir='ltr'><strong>tanquam</strong></span> <span class='ocrx_word' id='word_1_268' title='bbox 2724 758 3026 826; x_wconf 91' lang='lat' dir='ltr'><strong>proprium,</strong></span> <span class='ocrx_word' id='word_1_269' title='bbox 3077 759 3454 826; x_wconf 87' lang='lat' dir='ltr'><strong>complecten-</strong></span> 
     </span>
    </p>
   </div>
   <div class='ocr_carea' id='block_1_37' title="bbox 1879 846 3450 916">
    <p class='ocr_par' dir='ltr' id='par_1_37' title="bbox 1879 846 3450 916">
     <span class='ocr_line' id='line_1_37' title="bbox 1879 846 3450 916; baseline 0.001 -14"><span class='ocrx_word' id='word_1_270' title='bbox 1879 859 2006 903; x_wconf 86' lang='lat' dir='ltr'><strong>tem.</strong></span> <span class='ocrx_word' id='word_1_271' title='bbox 2042 848 2290 902; x_wconf 81' lang='lat' dir='ltr'><strong>Ainictus</strong></span> <span class='ocrx_word' id='word_1_272' title='bbox 2325 857 2508 901; x_wconf 86' lang='lat' dir='ltr'><strong>autem</strong></span> <span class='ocrx_word' id='word_1_273' title='bbox 2561 855 2678 902; x_wconf 89' lang='lat' dir='ltr'><strong>erat</strong></span> <span class='ocrx_word' id='word_1_274' title='bbox 2723 846 2971 914; x_wconf 86' lang='lat' dir='ltr'><strong>utrisque</strong></span> <span class='ocrx_word' id='word_1_275' title='bbox 3028 847 3450 916; x_wconf 85' lang='lat' dir='ltr'><strong>pulcherrimus.</strong></span> 
     </span>
    </p>
   </div>
   <div class='ocr_carea' id='block_1_38' title="bbox 1876 941 3459 1012">
    <p class='ocr_par' dir='ltr' id='par_1_38' title="bbox 1876 941 3459 1012">
     <span class='ocr_line' id='line_1_38' title="bbox 1876 941 3459 1012; baseline -0.003 -14"><span class='ocrx_word' id='word_1_276' title='bbox 1876 951 1933 998; x_wconf 93' lang='lat' dir='ltr'><strong>et</strong></span> <span class='ocrx_word' id='word_1_277' title='bbox 1973 942 2470 1012; x_wconf 87' lang='lat' dir='ltr'><strong>splendidissimus,</strong></span> <span class='ocrx_word' id='word_1_278' title='bbox 2506 950 2562 994; x_wconf 91' lang='lat' dir='ltr'><strong>et</strong></span> <span class='ocrx_word' id='word_1_279' title='bbox 2606 954 2820 994; x_wconf 62' lang='lat' dir='ltr'><strong>corona</strong></span> <span class='ocrx_word' id='word_1_280' title='bbox 2852 953 3038 993; x_wconf 88' lang='lat' dir='ltr'><strong>eorum</strong></span> <span class='ocrx_word' id='word_1_281' title='bbox 3085 941 3262 1008; x_wconf 79' lang='lat' dir='ltr'><strong>Capita</strong></span> <span class='ocrx_word' id='word_1_282' title='bbox 3295 955 3459 996; x_wconf 56' lang='lat' dir='ltr'><strong>urnae</strong></span> 
     </span>
    </p>
   </div>
   <div class='ocr_carea' id='block_1_39' title="bbox 1876 1033 3454 1090">
    <p class='ocr_par' dir='ltr' id='par_1_39' title="bbox 1876 1033 3454 1090">
     <span class='ocr_line' id='line_1_39' title="bbox 1876 1033 3454 1090; baseline -0.002 -1"><span class='ocrx_word' id='word_1_283' title='bbox 1876 1037 2007 1090; x_wconf 89' lang='lat' dir='ltr'><strong>bant</strong></span> <span class='ocrx_word' id='word_1_284' title='bbox 2052 1035 2394 1090; x_wconf 76' lang='lat' dir='ltr'><strong>suavissime.</strong></span> <span class='ocrx_word' id='word_1_285' title='bbox 2444 1033 2781 1088; x_wconf 79' lang='lat' dir='ltr'><strong>Coronarum</strong></span> <span class='ocrx_word' id='word_1_286' title='bbox 2833 1040 3013 1086; x_wconf 88' lang='lat' dir='ltr'><strong>autem</strong></span> <span class='ocrx_word' id='word_1_287' title='bbox 3057 1033 3290 1086; x_wconf 76' lang='lat' dir='ltr'><strong>dixisses</strong></span> <span class='ocrx_word' id='word_1_288' title='bbox 3333 1047 3454 1087; x_wconf 86' lang='lat' dir='ltr'><strong>esse</strong></span> 
     </span>
    </p>
   </div>
   <div class='ocr_carea' id='block_1_40' title="bbox 1877 1125 3454 1195">
    <p class='ocr_par' dir='ltr' id='par_1_40' title="bbox 1877 1125 3454 1195">
     <span class='ocr_line' id='line_1_40' title="bbox 1877 1125 3454 1195; baseline -0.002 -13"><span class='ocrx_word' id='word_1_289' title='bbox 1877 1129 2113 1182; x_wconf 85' lang='lat' dir='ltr'><strong>divinam</strong></span> <span class='ocrx_word' id='word_1_290' title='bbox 2148 1129 2460 1195; x_wconf 84' lang='lat' dir='ltr'><strong>quamdam,</strong></span> <span class='ocrx_word' id='word_1_291' title='bbox 2501 1134 2557 1179; x_wconf 92' lang='lat' dir='ltr'><strong>et</strong></span> <span class='ocrx_word' id='word_1_292' title='bbox 2594 1141 2712 1194; x_wconf 63' lang='lat' dir='ltr'><strong>quae</strong></span> <span class='ocrx_word' id='word_1_293' title='bbox 2741 1125 2922 1195; x_wconf 80' lang='lat' dir='ltr'><strong>lingua</strong></span> <span class='ocrx_word' id='word_1_294' title='bbox 2963 1139 3070 1180; x_wconf 90' lang='lat' dir='ltr'><strong>non</strong></span> <span class='ocrx_word' id='word_1_295' title='bbox 3122 1134 3303 1194; x_wconf 82' lang='lat' dir='ltr'><strong>potest</strong></span> <span class='ocrx_word' id='word_1_296' title='bbox 3353 1140 3454 1180; x_wconf 78' lang='lat' dir='ltr'><strong>ex-</strong></span> 
     </span>
    </p>
   </div>
   <div class='ocr_carea' id='block_1_41' title="bbox 1877 1217 2590 1291">
    <p class='ocr_par' dir='ltr' id='par_1_41' title="bbox 1877 1217 2590 1291">
     <span class='ocr_line' id='line_1_41' title="bbox 1877 1217 2590 1291; baseline -0.004 -18"><span class='ocrx_word' id='word_1_297' title='bbox 1877 1221 2060 1291; x_wconf 86' lang='lat' dir='ltr'><strong>primi,</strong></span> <span class='ocrx_word' id='word_1_298' title='bbox 2105 1217 2590 1290; x_wconf 83' lang='lat' dir='ltr'><strong>pulchritudrnem.</strong></span> 
     </span>
    </p>
   </div>
   <div class='ocr_carea' id='block_1_42' title="bbox 1949 1399 3452 1467">
    <p class='ocr_par' dir='ltr' id='par_1_42' title="bbox 1949 1399 3452 1467">
     <span class='ocr_line' id='line_1_42' title="bbox 1949 1399 3452 1467; baseline -0.002 -12"><span class='ocrx_word' id='word_1_299' title='bbox 1949 1401 2088 1455; x_wconf 78' lang='lat' dir='ltr'><strong>XIV.</strong></span> <span class='ocrx_word' id='word_1_300' title='bbox 2125 1401 2426 1463; x_wconf 79' lang='lat' dir='ltr'><strong>Videbatur</strong></span> <span class='ocrx_word' id='word_1_301' title='bbox 2471 1409 2654 1454; x_wconf 85' lang='lat' dir='ltr'><strong>autem</strong></span> <span class='ocrx_word' id='word_1_302' title='bbox 2709 1409 2911 1467; x_wconf 79' lang='lat' dir='ltr'><strong>martyr</strong></span> <span class='ocrx_word' id='word_1_303' title='bbox 2938 1400 3118 1454; x_wconf 84' lang='lat' dir='ltr'><strong>dicere</strong></span> <span class='ocrx_word' id='word_1_304' title='bbox 3153 1399 3301 1454; x_wconf 89' lang='lat' dir='ltr'><strong>:Cur</strong></span> <span class='ocrx_word' id='word_1_305' title='bbox 3343 1413 3452 1452; x_wconf 90' lang='lat' dir='ltr'><strong>non</strong></span> 
     </span>
    </p>
   </div>
   <div class='ocr_carea' id='block_1_43' title="bbox 1879 1477 3506 1562">
    <p class='ocr_par' dir='ltr' id='par_1_43' title="bbox 1879 1477 3506 1562">
     <span class='ocr_line' id='line_1_43' title="bbox 1879 1477 3506 1562; baseline -0.002 -14"><span class='ocrx_word' id='word_1_306' title='bbox 1879 1496 2098 1554; x_wconf 67' lang='lat' dir='ltr'><strong>laetaris.</strong></span> <span class='ocrx_word' id='word_1_307' title='bbox 2127 1495 2396 1558; x_wconf 89' lang='lat' dir='ltr'><strong>omulier,</strong></span> <span class='ocrx_word' id='word_1_308' title='bbox 2427 1495 2520 1547; x_wconf 90' lang='lat' dir='ltr'><strong>sed</strong></span> <span class='ocrx_word' id='word_1_309' title='bbox 2561 1503 2686 1547; x_wconf 88' lang='lat' dir='ltr'><strong>tuus</strong></span> <span class='ocrx_word' id='word_1_310' title='bbox 2731 1493 2909 1562; x_wconf 78' lang='lat' dir='ltr'><strong>gravis</strong></span> <span class='ocrx_word' id='word_1_311' title='bbox 2952 1491 3128 1545; x_wconf 88' lang='lat' dir='ltr'><strong>luctus</strong></span> <span class='ocrx_word' id='word_1_312' title='bbox 3171 1508 3261 1546; x_wconf 91' lang='lat' dir='ltr'><strong>cor</strong></span> <span class='ocrx_word' id='word_1_313' title='bbox 3303 1477 3455 1545; x_wconf 79' lang='lat' dir='ltr'><strong>tuum</strong></span> <span class='ocrx_word' id='word_1_314' title='bbox 3503 1520 3506 1524; x_wconf 90' lang='lat'><strong>-</strong></span> 
     </span>
    </p>
   </div>
   <div class='ocr_carea' id='block_1_44' title="bbox 1880 1579 3454 1657">
    <p class='ocr_par' dir='ltr' id='par_1_44' title="bbox 1880 1579 3454 1657">
     <span class='ocr_line' id='line_1_44' title="bbox 1880 1579 3454 1657; baseline -0.004 -13"><span class='ocrx_word' id='word_1_315' title='bbox 1880 1582 2108 1644; x_wconf 66' lang='lat' dir='ltr'><strong>amisit?</strong></span> <span class='ocrx_word' id='word_1_316' title='bbox 2135 1586 2270 1642; x_wconf 83' lang='lat' dir='ltr'><strong>Num</strong></span> <span class='ocrx_word' id='word_1_317' title='bbox 2305 1603 2427 1640; x_wconf 90' lang='lat' dir='ltr'><strong>sum</strong></span> <span class='ocrx_word' id='word_1_318' title='bbox 2459 1587 2594 1642; x_wconf 86' lang='lat' dir='ltr'><strong>adeo</strong></span> <span class='ocrx_word' id='word_1_319' title='bbox 2623 1585 2890 1657; x_wconf 74' lang='lat' dir='ltr'><strong>ingratus,</strong></span> <span class='ocrx_word' id='word_1_320' title='bbox 2924 1595 2982 1638; x_wconf 91' lang='lat' dir='ltr'><strong>ut</strong></span> <span class='ocrx_word' id='word_1_321' title='bbox 3016 1585 3108 1653; x_wconf 86' lang='lat' dir='ltr'><strong>qui</strong></span> <span class='ocrx_word' id='word_1_322' title='bbox 3157 1579 3294 1637; x_wconf 85' lang='lat' dir='ltr'><strong>nihil</strong></span> <span class='ocrx_word' id='word_1_323' title='bbox 3329 1600 3454 1638; x_wconf 85' lang='lat' dir='ltr'><strong>sen-</strong></span> 
     </span>
    </p>
   </div>
   <div class='ocr_carea' id='block_1_45' title="bbox 1885 1675 3455 1748">
    <p class='ocr_par' dir='ltr' id='par_1_45' title="bbox 1885 1675 3455 1748">
     <span class='ocr_line' id='line_1_45' title="bbox 1885 1675 3455 1748; baseline -0.004 -12"><span class='ocrx_word' id='word_1_324' title='bbox 1885 1682 2045 1736; x_wconf 87' lang='lat' dir='ltr'><strong>serim</strong></span> <span class='ocrx_word' id='word_1_325' title='bbox 2094 1696 2307 1740; x_wconf 89' lang='lat' dir='ltr'><strong>eorum,</strong></span> <span class='ocrx_word' id='word_1_326' title='bbox 2345 1696 2463 1748; x_wconf 76' lang='lat' dir='ltr'><strong>quae</strong></span> <span class='ocrx_word' id='word_1_327' title='bbox 2519 1696 2546 1732; x_wconf 89' lang='lat' dir='ltr'><strong>a</strong></span> <span class='ocrx_word' id='word_1_328' title='bbox 2589 1690 2640 1735; x_wconf 88' lang='lat' dir='ltr'><strong>te</strong></span> <span class='ocrx_word' id='word_1_329' title='bbox 2691 1679 2828 1735; x_wconf 76' lang='lat' dir='ltr'><strong>facta</strong></span> <span class='ocrx_word' id='word_1_330' title='bbox 2875 1677 3046 1732; x_wconf 87' lang='lat' dir='ltr'><strong>sunt?</strong></span> <span class='ocrx_word' id='word_1_331' title='bbox 3088 1675 3226 1729; x_wconf 78' lang='lat' dir='ltr'><strong>Num</strong></span> <span class='ocrx_word' id='word_1_332' title='bbox 3261 1693 3358 1746; x_wconf 90' lang='lat' dir='ltr'><strong>pro</strong></span> <span class='ocrx_word' id='word_1_333' title='bbox 3391 1677 3455 1730; x_wconf 90' lang='lat' dir='ltr'><strong>iis</strong></span> 
     </span>
    </p>
   </div>
   <div class='ocr_carea' id='block_1_46' title="bbox 1883 1767 3455 1840">
    <p class='ocr_par' dir='ltr' id='par_1_46' title="bbox 1883 1767 3455 1840">
     <span class='ocr_line' id='line_1_46' title="bbox 1883 1767 3455 1840; baseline -0.002 -14"><span class='ocrx_word' id='word_1_334' title='bbox 1883 1789 1990 1826; x_wconf 91' lang='lat' dir='ltr'><strong>non</strong></span> <span class='ocrx_word' id='word_1_335' title='bbox 2037 1789 2158 1827; x_wconf 91' lang='lat' dir='ltr'><strong>sum</strong></span> <span class='ocrx_word' id='word_1_336' title='bbox 2223 1782 2272 1826; x_wconf 92' lang='lat' dir='ltr'><strong>te</strong></span> <span class='ocrx_word' id='word_1_337' title='bbox 2333 1771 2588 1840; x_wconf 60' lang='lat' dir='ltr'><strong>praeclare</strong></span> <span class='ocrx_word' id='word_1_338' title='bbox 2641 1767 3056 1824; x_wconf 85' lang='lat' dir='ltr'><strong>remuneratus?</strong></span> <span class='ocrx_word' id='word_1_339' title='bbox 3125 1767 3239 1820; x_wconf 83' lang='lat' dir='ltr'><strong>Non</strong></span> <span class='ocrx_word' id='word_1_340' title='bbox 3305 1769 3455 1823; x_wconf 88' lang='lat' dir='ltr'><strong>vides</strong></span> 
     </span>
    </p>
   </div>
   <div class='ocr_carea' id='block_1_47' title="bbox 1882 1863 3455 1936">
    <p class='ocr_par' dir='ltr' id='par_1_47' title="bbox 1882 1863 3455 1936">
     <span class='ocr_line' id='line_1_47' title="bbox 1882 1863 3455 1936; baseline -0.001 -20"><span class='ocrx_word' id='word_1_341' title='bbox 1882 1867 2092 1936; x_wconf 86' lang='lat' dir='ltr'><strong>qualem</strong></span> <span class='ocrx_word' id='word_1_342' title='bbox 2139 1865 2361 1936; x_wconf 75' lang='lat' dir='ltr'><strong>gleriam</strong></span> <span class='ocrx_word' id='word_1_343' title='bbox 2419 1865 2489 1917; x_wconf 85' lang='lat' dir='ltr'><strong>sit</strong></span> <span class='ocrx_word' id='word_1_344' title='bbox 2533 1873 2660 1917; x_wconf 91' lang='lat' dir='ltr'><strong>tuus</strong></span> <span class='ocrx_word' id='word_1_345' title='bbox 2695 1865 2834 1916; x_wconf 80' lang='lat' dir='ltr'><strong>ﬁlius</strong></span> <span class='ocrx_word' id='word_1_346' title='bbox 2883 1863 3246 1916; x_wconf 86' lang='lat' dir='ltr'><strong>consecutus?</strong></span> <span class='ocrx_word' id='word_1_347' title='bbox 3279 1863 3455 1929; x_wconf 81' lang='lat' dir='ltr'><strong>qualis</strong></span> 
     </span>
    </p>
   </div>
   <div class='ocr_carea' id='block_1_48' title="bbox 1880 1954 3454 2026">
    <p class='ocr_par' dir='ltr' id='par_1_48' title="bbox 1880 1954 3454 2026">
     <span class='ocr_line' id='line_1_48' title="bbox 1880 1954 3454 2026; baseline -0.003 -14"><span class='ocrx_word' id='word_1_348' title='bbox 1880 1974 2002 2012; x_wconf 91' lang='lat' dir='ltr'><strong>eum</strong></span> <span class='ocrx_word' id='word_1_349' title='bbox 2033 1955 2411 2025; x_wconf 77' lang='lat' dir='ltr'><strong>eireuml‘ulget</strong></span> <span class='ocrx_word' id='word_1_350' title='bbox 2441 1956 2648 2022; x_wconf 83' lang='lat' dir='ltr'><strong>gratia?</strong></span> <span class='ocrx_word' id='word_1_351' title='bbox 2677 1954 2786 2008; x_wconf 90' lang='lat' dir='ltr'><strong>Cur</strong></span> <span class='ocrx_word' id='word_1_352' title='bbox 2817 1971 2923 2008; x_wconf 91' lang='lat' dir='ltr'><strong>non</strong></span> <span class='ocrx_word' id='word_1_353' title='bbox 2956 1972 3104 2026; x_wconf 80' lang='lat' dir='ltr'><strong>ergo,</strong></span> <span class='ocrx_word' id='word_1_354' title='bbox 3143 1957 3241 2010; x_wconf 89' lang='lat' dir='ltr'><strong>hac</strong></span> <span class='ocrx_word' id='word_1_355' title='bbox 3267 1954 3454 2008; x_wconf 83' lang='lat' dir='ltr'><strong>relicta</strong></span> 
     </span>
    </p>
   </div>
   <div class='ocr_carea' id='block_1_49' title="bbox 1881 2047 3450 2116">
    <p class='ocr_par' dir='ltr' id='par_1_49' title="bbox 1881 2047 3450 2116">
     <span class='ocr_line' id='line_1_49' title="bbox 1881 2047 3450 2116; baseline -0.002 -13"><span class='ocrx_word' id='word_1_356' title='bbox 1881 2049 2115 2110; x_wconf 86' lang='lat' dir='ltr'><strong>tristitia,</strong></span> <span class='ocrx_word' id='word_1_357' title='bbox 2151 2050 2348 2101; x_wconf 82' lang='lat' dir='ltr'><strong>transis</strong></span> <span class='ocrx_word' id='word_1_358' title='bbox 2401 2047 2465 2099; x_wconf 88' lang='lat' dir='ltr'><strong>ad</strong></span> <span class='ocrx_word' id='word_1_359' title='bbox 2516 2047 2680 2100; x_wconf 84' lang='lat' dir='ltr'><strong>animi</strong></span> <span class='ocrx_word' id='word_1_360' title='bbox 2733 2051 3219 2116; x_wconf 84' lang='lat' dir='ltr'><strong>tranquillitatem?</strong></span> <span class='ocrx_word' id='word_1_361' title='bbox 3262 2050 3364 2103; x_wconf 89' lang='lat' dir='ltr'><strong>Sed</strong></span> <span class='ocrx_word' id='word_1_362' title='bbox 3406 2049 3450 2100; x_wconf 89' lang='lat' dir='ltr'><strong>si</strong></span> 
     </span>
    </p>
   </div>
   <div class='ocr_carea' id='block_1_50' title="bbox 1880 2141 3454 2211">
    <p class='ocr_par' dir='ltr' id='par_1_50' title="bbox 1880 2141 3454 2211">
     <span class='ocr_line' id='line_1_50' title="bbox 1880 2141 3454 2211; baseline -0.003 -14"><span class='ocrx_word' id='word_1_363' title='bbox 1880 2143 2124 2207; x_wconf 81' lang='lat' dir='ltr'><strong>videtur,</strong></span> <span class='ocrx_word' id='word_1_364' title='bbox 2173 2141 2280 2195; x_wconf 85' lang='lat' dir='ltr'><strong>tuis</strong></span> <span class='ocrx_word' id='word_1_365' title='bbox 2322 2143 2496 2194; x_wconf 79' lang='lat' dir='ltr'><strong>oculis</strong></span> <span class='ocrx_word' id='word_1_366' title='bbox 2538 2141 2711 2210; x_wconf 84' lang='lat' dir='ltr'><strong>magis</strong></span> <span class='ocrx_word' id='word_1_367' title='bbox 2763 2142 3160 2211; x_wconf 83' lang='lat' dir='ltr'><strong>appropinquet</strong></span> <span class='ocrx_word' id='word_1_368' title='bbox 3209 2143 3370 2207; x_wconf 81' lang='lat' dir='ltr'><strong>ﬁlius,</strong></span> <span class='ocrx_word' id='word_1_369' title='bbox 3400 2152 3454 2194; x_wconf 81' lang='lat' dir='ltr'><strong>et</strong></span> 
     </span>
    </p>
   </div>
   <div class='ocr_carea' id='block_1_51' title="bbox 1880 2233 3455 2303">
    <p class='ocr_par' dir='ltr' id='par_1_51' title="bbox 1880 2233 3455 2303">
     <span class='ocr_line' id='line_1_51' title="bbox 1880 2233 3455 2303; baseline 0.001 -16"><span class='ocrx_word' id='word_1_370' title='bbox 1880 2233 2318 2302; x_wconf 81' lang='lat' dir='ltr'><strong>eumdiligenter</strong></span> <span class='ocrx_word' id='word_1_371' title='bbox 2369 2234 2762 2300; x_wconf 86' lang='lat' dir='ltr'><strong>conlemplare,</strong></span> <span class='ocrx_word' id='word_1_372' title='bbox 2808 2243 2866 2286; x_wconf 90' lang='lat' dir='ltr'><strong>ut</strong></span> <span class='ocrx_word' id='word_1_373' title='bbox 2895 2234 3008 2303; x_wconf 87' lang='lat' dir='ltr'><strong>ipsa</strong></span> <span class='ocrx_word' id='word_1_374' title='bbox 3040 2250 3254 2303; x_wconf 87' lang='lat' dir='ltr'><strong>quoque</strong></span> <span class='ocrx_word' id='word_1_375' title='bbox 3308 2246 3455 2289; x_wconf 87' lang='lat' dir='ltr'><strong>recte</strong></span> 
     </span>
    </p>
   </div>
   <div class='ocr_carea' id='block_1_52' title="bbox 1883 2321 3454 2391">
    <p class='ocr_par' dir='ltr' id='par_1_52' title="bbox 1883 2321 3454 2391">
     <span class='ocr_line' id='line_1_52' title="bbox 1883 2321 3454 2391; baseline 0.002 -16"><span class='ocrx_word' id='word_1_376' title='bbox 1883 2321 2180 2391; x_wconf 80' lang='lat' dir='ltr'><strong>intelligas,</strong></span> <span class='ocrx_word' id='word_1_377' title='bbox 2238 2321 2513 2389; x_wconf 89' lang='lat' dir='ltr'><strong>quomodo</strong></span> <span class='ocrx_word' id='word_1_378' title='bbox 2566 2321 2610 2374; x_wconf 90' lang='lat' dir='ltr'><strong>is</strong></span> <span class='ocrx_word' id='word_1_379' title='bbox 2662 2336 2720 2375; x_wconf 91' lang='lat' dir='ltr'><strong>se</strong></span> <span class='ocrx_word' id='word_1_380' title='bbox 2781 2323 2996 2376; x_wconf 77' lang='lat' dir='ltr'><strong>habeat.</strong></span> <span class='ocrx_word' id='word_1_381' title='bbox 3060 2323 3149 2377; x_wconf 88' lang='lat' dir='ltr'><strong>Sic</strong></span> <span class='ocrx_word' id='word_1_382' title='bbox 3191 2324 3347 2388; x_wconf 74' lang='lat' dir='ltr'><strong>dixit,</strong></span> <span class='ocrx_word' id='word_1_383' title='bbox 3399 2334 3454 2378; x_wconf 88' lang='lat' dir='ltr'><strong>et</strong></span> 
     </span>
    </p>
   </div>
   <div class='ocr_carea' id='block_1_53' title="bbox 1883 2415 3456 2483">
    <p class='ocr_par' dir='ltr' id='par_1_53' title="bbox 1883 2415 3456 2483">
     <span class='ocr_line' id='line_1_53' title="bbox 1883 2415 3456 2483; baseline 0.002 -17"><span class='ocrx_word' id='word_1_384' title='bbox 1883 2415 2030 2468; x_wconf 83' lang='lat' dir='ltr'><strong>visus</strong></span> <span class='ocrx_word' id='word_1_385' title='bbox 2056 2423 2138 2467; x_wconf 88' lang='lat' dir='ltr'><strong>est</strong></span> <span class='ocrx_word' id='word_1_386' title='bbox 2166 2427 2359 2467; x_wconf 83' lang='lat' dir='ltr'><strong>vocare</strong></span> <span class='ocrx_word' id='word_1_387' title='bbox 2385 2428 2612 2482; x_wconf 90' lang='lat' dir='ltr'><strong>puerum</strong></span> <span class='ocrx_word' id='word_1_388' title='bbox 2649 2431 2662 2467; x_wconf 92' lang='lat'><strong>:</strong></span> <span class='ocrx_word' id='word_1_389' title='bbox 2695 2415 2930 2478; x_wconf 78' lang='lat' dir='ltr'><strong>Accede,</strong></span> <span class='ocrx_word' id='word_1_390' title='bbox 2962 2429 2994 2468; x_wconf 96' lang='lat' dir='ltr'><strong>o</strong></span> <span class='ocrx_word' id='word_1_391' title='bbox 3029 2430 3183 2483; x_wconf 90' lang='lat' dir='ltr'><strong>puer,</strong></span> <span class='ocrx_word' id='word_1_392' title='bbox 3224 2415 3290 2468; x_wconf 88' lang='lat' dir='ltr'><strong>ad</strong></span> <span class='ocrx_word' id='word_1_393' title='bbox 3340 2431 3456 2469; x_wconf 88' lang='lat' dir='ltr'><strong>ma-</strong></span> 
     </span>
    </p>
   </div>
   <div class='ocr_carea' id='block_1_54' title="bbox 1884 2507 3452 2574">
    <p class='ocr_par' dir='ltr' id='par_1_54' title="bbox 1884 2507 3452 2574">
     <span class='ocr_line' id='line_1_54' title="bbox 1884 2507 3452 2574; baseline -0.001 -11"><span class='ocrx_word' id='word_1_394' title='bbox 1884 2518 2044 2573; x_wconf 87' lang='lat' dir='ltr'><strong>trem,</strong></span> <span class='ocrx_word' id='word_1_395' title='bbox 2079 2516 2137 2561; x_wconf 88' lang='lat' dir='ltr'><strong>ut</strong></span> <span class='ocrx_word' id='word_1_396' title='bbox 2170 2522 2291 2560; x_wconf 88' lang='lat' dir='ltr'><strong>cum</strong></span> <span class='ocrx_word' id='word_1_397' title='bbox 2323 2521 2385 2559; x_wconf 89' lang='lat' dir='ltr'><strong>ea</strong></span> <span class='ocrx_word' id='word_1_398' title='bbox 2435 2507 2650 2566; x_wconf 81' lang='lat' dir='ltr'><strong>viderit.</strong></span> <span class='ocrx_word' id='word_1_399' title='bbox 2703 2507 2973 2574; x_wconf 90' lang='lat' dir='ltr'><strong>quomodo</strong></span> <span class='ocrx_word' id='word_1_400' title='bbox 3019 2516 3069 2560; x_wconf 89' lang='lat' dir='ltr'><strong>te</strong></span> <span class='ocrx_word' id='word_1_401' title='bbox 3119 2507 3345 2573; x_wconf 86' lang='lat' dir='ltr'><strong>habeas,</strong></span> <span class='ocrx_word' id='word_1_402' title='bbox 3395 2516 3452 2561; x_wconf 92' lang='lat' dir='ltr'><strong>tu</strong></span> 
     </span>
    </p>
   </div>
   <div class='ocr_carea' id='block_1_55' title="bbox 1883 2597 3456 2668">
    <p class='ocr_par' dir='ltr' id='par_1_55' title="bbox 1883 2597 3456 2668">
     <span class='ocr_line' id='line_1_55' title="bbox 1883 2597 3456 2668; baseline 0 -15"><span class='ocrx_word' id='word_1_403' title='bbox 1883 2601 2002 2667; x_wconf 85' lang='lat' dir='ltr'><strong>ejus</strong></span> <span class='ocrx_word' id='word_1_404' title='bbox 2035 2601 2232 2653; x_wconf 86' lang='lat' dir='ltr'><strong>multas</strong></span> <span class='ocrx_word' id='word_1_405' title='bbox 2264 2598 2561 2652; x_wconf 81' lang='lat' dir='ltr'><strong>consoleris</strong></span> <span class='ocrx_word' id='word_1_406' title='bbox 2589 2597 2870 2668; x_wconf 81' lang='lat' dir='ltr'><strong>lacrymas.</strong></span> <span class='ocrx_word' id='word_1_407' title='bbox 2901 2598 3040 2651; x_wconf 89' lang='lat' dir='ltr'><strong>Puer</strong></span> <span class='ocrx_word' id='word_1_408' title='bbox 3064 2608 3246 2653; x_wconf 90' lang='lat' dir='ltr'><strong>autem</strong></span> <span class='ocrx_word' id='word_1_409' title='bbox 3284 2599 3456 2668; x_wconf 77' lang='lat' dir='ltr'><strong>magis</strong></span> 
     </span>
    </p>
   </div>
   <div class='ocr_carea' id='block_1_56' title="bbox 1883 2681 3451 2761">
    <p class='ocr_par' dir='ltr' id='par_1_56' title="bbox 1883 2681 3451 2761">
     <span class='ocr_line' id='line_1_56' title="bbox 1883 2681 3451 2761; baseline -0.001 -14"><span class='ocrx_word' id='word_1_410' title='bbox 1883 2692 2190 2747; x_wconf 65' lang='lat' dir='ltr'><strong>adhaerebat</strong></span> <span class='ocrx_word' id='word_1_411' title='bbox 2217 2693 2460 2759; x_wconf 85' lang='lat' dir='ltr'><strong>martyri,</strong></span> <span class='ocrx_word' id='word_1_412' title='bbox 2494 2690 2683 2744; x_wconf 84' lang='lat' dir='ltr'><strong>nolens</strong></span> <span class='ocrx_word' id='word_1_413' title='bbox 2715 2705 2838 2744; x_wconf 90' lang='lat' dir='ltr'><strong>eum</strong></span> <span class='ocrx_word' id='word_1_414' title='bbox 2868 2691 3092 2745; x_wconf 89' lang='lat' dir='ltr'><strong>omnino</strong></span> <span class='ocrx_word' id='word_1_415' title='bbox 3121 2681 3451 2761; x_wconf 83' lang='lat' dir='ltr'><strong>relinquere,</strong></span> 
     </span>
    </p>
   </div>
   <div class='ocr_carea' id='block_1_57' title="bbox 1883 2781 3452 2847">
    <p class='ocr_par' dir='ltr' id='par_1_57' title="bbox 1883 2781 3452 2847">
     <span class='ocr_line' id='line_1_57' title="bbox 1883 2781 3452 2847; baseline -0.001 -9"><span class='ocrx_word' id='word_1_416' title='bbox 1883 2799 1986 2838; x_wconf 86' lang='lat' dir='ltr'><strong>nec</strong></span> <span class='ocrx_word' id='word_1_417' title='bbox 2015 2783 2202 2837; x_wconf 87' lang='lat' dir='ltr'><strong>volens</strong></span> <span class='ocrx_word' id='word_1_418' title='bbox 2237 2783 2461 2836; x_wconf 88' lang='lat' dir='ltr'><strong>omnino</strong></span> <span class='ocrx_word' id='word_1_419' title='bbox 2501 2781 2687 2835; x_wconf 86' lang='lat' dir='ltr'><strong>venire</strong></span> <span class='ocrx_word' id='word_1_420' title='bbox 2727 2783 2793 2836; x_wconf 91' lang='lat' dir='ltr'><strong>ad</strong></span> <span class='ocrx_word' id='word_1_421' title='bbox 2842 2792 3070 2835; x_wconf 86' lang='lat' dir='ltr'><strong>matrem</strong></span> <span class='ocrx_word' id='word_1_422' title='bbox 3108 2802 3119 2835; x_wconf 92' lang='lat'>:</span> <span class='ocrx_word' id='word_1_423' title='bbox 3157 2783 3275 2847; x_wconf 86' lang='lat' dir='ltr'><strong>sed,</strong></span> <span class='ocrx_word' id='word_1_424' title='bbox 3328 2785 3452 2842; x_wconf 79' lang='lat' dir='ltr'><strong>Abi.</strong></span> 
     </span>
    </p>
   </div>
   <div class='ocr_carea' id='block_1_58' title="bbox 1885 2871 3451 2940">
    <p class='ocr_par' dir='ltr' id='par_1_58' title="bbox 1885 2871 3451 2940">
     <span class='ocr_line' id='line_1_58' title="bbox 1885 2871 3451 2940; baseline 0 -13"><span class='ocrx_word' id='word_1_425' title='bbox 1885 2883 2056 2928; x_wconf 86' lang='lat' dir='ltr'><strong>mater</strong></span> <span class='ocrx_word' id='word_1_426' title='bbox 2085 2888 2226 2939; x_wconf 86' lang='lat' dir='ltr'><strong>mea,</strong></span> <span class='ocrx_word' id='word_1_427' title='bbox 2258 2873 2367 2936; x_wconf 88' lang='lat' dir='ltr'><strong>abi,</strong></span> <span class='ocrx_word' id='word_1_428' title='bbox 2414 2871 2627 2925; x_wconf 90' lang='lat' dir='ltr'><strong>dicebat</strong></span> <span class='ocrx_word' id='word_1_429' title='bbox 2675 2872 2976 2926; x_wconf 89' lang='lat' dir='ltr'><strong>resistens:</strong></span> <span class='ocrx_word' id='word_1_430' title='bbox 3004 2873 3143 2938; x_wconf 90' lang='lat' dir='ltr'><strong>apud</strong></span> <span class='ocrx_word' id='word_1_431' title='bbox 3178 2882 3229 2927; x_wconf 83' lang='lat' dir='ltr'><strong>te</strong></span> <span class='ocrx_word' id='word_1_432' title='bbox 3270 2888 3451 2940; x_wconf 87' lang='lat' dir='ltr'><strong>mane,</strong></span> 
     </span>
    </p>
   </div>
   <div class='ocr_carea' id='block_1_59' title="bbox 1886 2959 3453 3017">
    <p class='ocr_par' dir='ltr' id='par_1_59' title="bbox 1886 2959 3453 3017">
     <span class='ocr_line' id='line_1_59' title="bbox 1886 2959 3453 3017; baseline -0.001 0"><span class='ocrx_word' id='word_1_433' title='bbox 1886 2962 2183 3017; x_wconf 88' lang='lat' dir='ltr'><strong>etminime</strong></span> <span class='ocrx_word' id='word_1_434' title='bbox 2214 2969 2264 3014; x_wconf 89' lang='lat' dir='ltr'><strong>te</strong></span> <span class='ocrx_word' id='word_1_435' title='bbox 2289 2961 2454 3014; x_wconf 83' lang='lat' dir='ltr'><strong>dedas</strong></span> <span class='ocrx_word' id='word_1_436' title='bbox 2479 2959 2565 3014; x_wconf 88' lang='lat' dir='ltr'><strong>his</strong></span> <span class='ocrx_word' id='word_1_437' title='bbox 2600 2959 2862 3014; x_wconf 86' lang='lat' dir='ltr'><strong>luctibus.</strong></span> <span class='ocrx_word' id='word_1_438' title='bbox 2898 2959 3054 3014; x_wconf 80' lang='lat' dir='ltr'><strong>Malle</strong></span> <span class='ocrx_word' id='word_1_439' title='bbox 3100 2961 3243 3014; x_wconf 90' lang='lat' dir='ltr'><strong>enim</strong></span> <span class='ocrx_word' id='word_1_440' title='bbox 3290 2962 3453 3016; x_wconf 81' lang='lat' dir='ltr'><strong>vitam</strong></span> 
     </span>
    </p>
   </div>
   <div class='ocr_carea' id='block_1_60' title="bbox 1886 3050 3454 3120">
    <p class='ocr_par' dir='ltr' id='par_1_60' title="bbox 1886 3050 3454 3120">
     <span class='ocr_line' id='line_1_60' title="bbox 1886 3050 3454 3120; baseline 0.001 -17"><span class='ocrx_word' id='word_1_441' title='bbox 1886 3063 2159 3115; x_wconf 78' lang='lat' dir='ltr'><strong>vestram,</strong></span> <span class='ocrx_word' id='word_1_442' title='bbox 2211 3066 2373 3120; x_wconf 88' lang='lat' dir='ltr'><strong>quam</strong></span> <span class='ocrx_word' id='word_1_443' title='bbox 2412 3052 2566 3105; x_wconf 83' lang='lat' dir='ltr'><strong>hanc</strong></span> <span class='ocrx_word' id='word_1_444' title='bbox 2619 3058 2885 3111; x_wconf 86' lang='lat' dir='ltr'><strong>mortem,</strong></span> <span class='ocrx_word' id='word_1_445' title='bbox 2943 3065 3096 3119; x_wconf 70' lang='lat' dir='ltr'><strong>aeque</strong></span> <span class='ocrx_word' id='word_1_446' title='bbox 3149 3050 3454 3105; x_wconf 85' lang='lat' dir='ltr'><strong>absurdqu</strong></span> 
     </span>
    </p>
   </div>
   <div class='ocr_carea' id='block_1_61' title="bbox 216 3135 1792 3226">
    <p class='ocr_par' dir='ltr' id='par_1_61' title="bbox 216 3135 1782 3207">
     <span class='ocr_line' id='line_1_61' title="bbox 216 3135 1782 3207; baseline 0.003 -18"><span class='ocrx_word' id='word_1_447' title='bbox 216 3155 320 3207; x_wconf 87' lang='grc' dir='ltr'><strong>μαι</strong></span> <span class='ocrx_word' id='word_1_448' title='bbox 369 3139 567 3191; x_wconf 82' lang='grc' dir='ltr'>ἄτοπον</span> <span class='ocrx_word' id='word_1_449' title='bbox 616 3135 779 3202; x_wconf 81' lang='grc' dir='ltr'>εἶναι,</span> <span class='ocrx_word' id='word_1_450' title='bbox 833 3137 975 3207; x_wconf 73' lang='grc' dir='ltr'>ζωῆς</span> <span class='ocrx_word' id='word_1_451' title='bbox 1035 3137 1364 3202; x_wconf 65' lang='grc' dir='ltr'>ἀλλάξασθαι</span> <span class='ocrx_word' id='word_1_452' title='bbox 1411 3140 1640 3193; x_wconf 75' lang='grc' dir='ltr'>θάνατον</span> <span class='ocrx_word' id='word_1_453' title='bbox 1690 3143 1782 3194; x_wconf 72' lang='grc' dir='ltr'>καὶ</span> 
     </span>
    </p>
   </div>
   <div class='ocr_carea' id='block_1_62' title="bbox 1877 3135 3456 3226">
    <p class='ocr_par' dir='ltr' id='par_1_62' title="bbox 1887 3140 3456 3210">
     <span class='ocr_line' id='line_1_62' title="bbox 1887 3140 3456 3210; baseline -0.002 -12"><span class='ocrx_word' id='word_1_454' title='bbox 1887 3143 2161 3206; x_wconf 75' lang='lat' dir='ltr'><strong>existimo,</strong></span> <span class='ocrx_word' id='word_1_455' title='bbox 2206 3152 2368 3210; x_wconf 87' lang='lat' dir='ltr'><strong>atque</strong></span> <span class='ocrx_word' id='word_1_456' title='bbox 2417 3141 2657 3194; x_wconf 89' lang='lat' dir='ltr'><strong>dolorem</strong></span> <span class='ocrx_word' id='word_1_457' title='bbox 2700 3142 2952 3207; x_wconf 63' lang='lat' dir='ltr'><strong>praeferre</strong></span> <span class='ocrx_word' id='word_1_458' title='bbox 2997 3140 3284 3208; x_wconf 78' lang='lat' dir='ltr'><strong>voluptati,</strong></span> <span class='ocrx_word' id='word_1_459' title='bbox 3333 3157 3456 3210; x_wconf 73' lang='lat' dir='ltr'><strong>quas</strong></span> 
     </span>
    </p>
   </div>
   <div class='ocr_carea' id='block_1_63' title="bbox 213 3230 1780 3302">
    <p class='ocr_par' dir='ltr' id='par_1_63' title="bbox 213 3230 1780 3302">
     <span class='ocr_line' id='line_1_63' title="bbox 213 3230 1780 3302; baseline 0.001 -21"><span class='ocrx_word' id='word_1_460' title='bbox 213 3230 416 3297; x_wconf 76' lang='grc' dir='ltr'>λύπην,</span> <span class='ocrx_word' id='word_1_461' title='bbox 460 3231 654 3299; x_wconf 60' lang='grc' dir='ltr'>ἡδονῆς</span> <span class='ocrx_word' id='word_1_462' title='bbox 683 3231 946 3299; x_wconf 75' lang='grc' dir='ltr'>ἁλήκτου,</span> <span class='ocrx_word' id='word_1_463' title='bbox 980 3231 1072 3282; x_wconf 71' lang='grc' dir='ltr'>καὶ</span> <span class='ocrx_word' id='word_1_464' title='bbox 1101 3232 1302 3293; x_wconf 74' lang='grc' dir='ltr'>παντὸς</span> <span class='ocrx_word' id='word_1_465' title='bbox 1361 3231 1583 3294; x_wconf 82' lang='grc' dir='ltr'>αἰῶνος,</span> <span class='ocrx_word' id='word_1_466' title='bbox 1636 3231 1780 3302; x_wconf 78' lang='grc' dir='ltr'>ζωὴν</span> 
     </span>
    </p>
   </div>
   <div class='ocr_carea' id='block_1_64' title="bbox 214 3323 1782 3392">
    <p class='ocr_par' dir='ltr' id='par_1_64' title="bbox 214 3323 1782 3392">
     <span class='ocr_line' id='line_1_64' title="bbox 214 3323 1782 3392; baseline 0.002 -19"><span class='ocrx_word' id='word_1_467' title='bbox 214 3323 560 3392; x_wconf 73' lang='grc' dir='ltr'>πρόσκαιρον</span> <span class='ocrx_word' id='word_1_468' title='bbox 607 3325 965 3391; x_wconf 75' lang='grc' dir='ltr'>προτιμῆσαι.</span> <span class='ocrx_word' id='word_1_469' title='bbox 1011 3323 1228 3375; x_wconf 80' lang='grc' dir='ltr'>Τούτων</span> <span class='ocrx_word' id='word_1_470' title='bbox 1282 3324 1434 3390; x_wconf 82' lang='grc' dir='ltr'>παρὰ</span> <span class='ocrx_word' id='word_1_471' title='bbox 1461 3323 1555 3376; x_wconf 75' lang='grc' dir='ltr'>τοῦ</span> <span class='ocrx_word' id='word_1_472' title='bbox 1595 3323 1782 3386; x_wconf 76' lang='grc' dir='ltr'>παιδὸς</span> 
     </span>
    </p>
   </div>
   <div class='ocr_carea' id='block_1_65' title="bbox 209 3411 1784 3483">
    <p class='ocr_par' dir='ltr' id='par_1_65' title="bbox 209 3411 1784 3483">
     <span class='ocr_line' id='line_1_65' title="bbox 209 3411 1784 3483; baseline 0.002 -20"><span class='ocrx_word' id='word_1_473' title='bbox 209 3416 246 3483; x_wconf 78' lang='grc' dir='ltr'><strong>ἡ</strong></span> <span class='ocrx_word' id='word_1_474' title='bbox 293 3417 475 3483; x_wconf 78' lang='grc' dir='ltr'>μήτηρ</span> <span class='ocrx_word' id='word_1_475' title='bbox 509 3413 816 3476; x_wconf 77' lang='grc' dir='ltr'>ἀκούσασα,</span> <span class='ocrx_word' id='word_1_476' title='bbox 864 3411 959 3464; x_wconf 82' lang='grc' dir='ltr'>καὶ</span> <span class='ocrx_word' id='word_1_477' title='bbox 1007 3412 1115 3463; x_wconf 84' lang='grc' dir='ltr'>τῶν</span> <span class='ocrx_word' id='word_1_478' title='bbox 1145 3413 1357 3481; x_wconf 77' lang='grc' dir='ltr'>θρήνων</span> <span class='ocrx_word' id='word_1_479' title='bbox 1405 3415 1593 3481; x_wconf 80' lang='grc' dir='ltr'>ὥσπερ</span> <span class='ocrx_word' id='word_1_480' title='bbox 1623 3416 1784 3466; x_wconf 81' lang='grc' dir='ltr'>ἐκλα-</span> 
     </span>
    </p>
   </div>
   <div class='ocr_carea' id='block_1_66' title="bbox 209 3503 1783 3574">
    <p class='ocr_par' dir='ltr' id='par_1_66' title="bbox 209 3503 1783 3574">
     <span class='ocr_line' id='line_1_66' title="bbox 209 3503 1783 3574; baseline -0.001 -16"><span class='ocrx_word' id='word_1_481' title='bbox 209 3506 444 3574; x_wconf 77' lang='grc' dir='ltr'>θομένη,</span> <span class='ocrx_word' id='word_1_482' title='bbox 500 3504 914 3574; x_wconf 66' lang='grc' dir='ltr'>προσληφθήναι</span> <span class='ocrx_word' id='word_1_483' title='bbox 975 3507 1068 3556; x_wconf 77' lang='grc' dir='ltr'>καὶ</span> <span class='ocrx_word' id='word_1_484' title='bbox 1128 3504 1294 3574; x_wconf 79' lang='grc' dir='ltr'>αὐτὴν</span> <span class='ocrx_word' id='word_1_485' title='bbox 1335 3503 1410 3572; x_wconf 82' lang='grc' dir='ltr'>τῷ</span> <span class='ocrx_word' id='word_1_486' title='bbox 1464 3504 1634 3568; x_wconf 70' lang='grc' dir='ltr'>παιδὶ,</span> <span class='ocrx_word' id='word_1_487' title='bbox 1690 3505 1783 3557; x_wconf 78' lang='grc' dir='ltr'>καὶ</span> 
     </span>
    </p>
   </div>
   <div class='ocr_carea' id='block_1_67' title="bbox 213 3595 1782 3668">
    <p class='ocr_par' dir='ltr' id='par_1_67' title="bbox 213 3595 1782 3668">
     <span class='ocr_line' id='line_1_67' title="bbox 213 3595 1782 3668; baseline 0.001 -19"><span class='ocrx_word' id='word_1_488' title='bbox 213 3595 641 3667; x_wconf 76' lang='grc' dir='ltr'>παρακληθῆναι</span> <span class='ocrx_word' id='word_1_489' title='bbox 692 3599 827 3666; x_wconf 79' lang='grc' dir='ltr'>πρὸς</span> <span class='ocrx_word' id='word_1_490' title='bbox 867 3599 934 3651; x_wconf 88' lang='grc' dir='ltr'>τὰ</span> <span class='ocrx_word' id='word_1_491' title='bbox 998 3596 1274 3668; x_wconf 82' lang='grc' dir='ltr'>ὁρώμενα,</span> <span class='ocrx_word' id='word_1_492' title='bbox 1334 3599 1568 3667; x_wconf 80' lang='grc' dir='ltr'>ἰσχυρῶς</span> <span class='ocrx_word' id='word_1_493' title='bbox 1613 3599 1782 3650; x_wconf 73' lang='grc' dir='ltr'>ἐδεῖτο</span> 
     </span>
    </p>
   </div>
   <div class='ocr_carea' id='block_1_68' title="bbox 208 3690 1783 3760">
    <p class='ocr_par' dir='ltr' id='par_1_68' title="bbox 208 3690 1783 3760">
     <span class='ocr_line' id='line_1_68' title="bbox 208 3690 1783 3760; baseline -0.003 -16"><span class='ocrx_word' id='word_1_494' title='bbox 208 3691 313 3744; x_wconf 80' lang='grc' dir='ltr'>τοῦ</span> <span class='ocrx_word' id='word_1_495' title='bbox 348 3693 648 3760; x_wconf 78' lang='grc' dir='ltr'>μάρτυρος,</span> <span class='ocrx_word' id='word_1_496' title='bbox 706 3693 796 3744; x_wconf 81' lang='grc' dir='ltr'>καὶ</span> <span class='ocrx_word' id='word_1_497' title='bbox 826 3693 884 3747; x_wconf 79' lang='grc' dir='ltr'>ὃς</span> <span class='ocrx_word' id='word_1_498' title='bbox 922 3691 1020 3758; x_wconf 78' lang='grc' dir='ltr'>τῆς</span> <span class='ocrx_word' id='word_1_499' title='bbox 1080 3691 1172 3740; x_wconf 78' lang='grc' dir='ltr'><strong>ἐπὶ</strong></span> <span class='ocrx_word' id='word_1_500' title='bbox 1233 3693 1525 3759; x_wconf 68' lang='grc' dir='ltr'><strong>σωτηρίαν⁸</strong></span> <span class='ocrx_word' id='word_1_501' title='bbox 1544 3690 1783 3758; x_wconf 70' lang='grc' dir='ltr'>ἀγούσης</span> 
     </span>
    </p>
   </div>
   <div class='ocr_carea' id='block_1_69' title="bbox 208 3782 1783 3852">
    <p class='ocr_par' dir='ltr' id='par_1_69' title="bbox 208 3782 1783 3852">
     <span class='ocr_line' id='line_1_69' title="bbox 208 3782 1783 3852; baseline -0.001 -15"><span class='ocrx_word' id='word_1_502' title='bbox 208 3786 309 3837; x_wconf 74' lang='grc' dir='ltr'><strong>ἐπὶ</strong></span> <span class='ocrx_word' id='word_1_503' title='bbox 334 3783 492 3836; x_wconf 79' lang='grc' dir='ltr'>πλέον</span> <span class='ocrx_word' id='word_1_504' title='bbox 520 3787 657 3850; x_wconf 81' lang='grc' dir='ltr'>αὐτῇ</span> <span class='ocrx_word' id='word_1_505' title='bbox 695 3783 914 3850; x_wconf 80' lang='grc' dir='ltr'>ἔχεσθαι</span> <span class='ocrx_word' id='word_1_506' title='bbox 945 3784 1201 3852; x_wconf 69' lang='grc' dir='ltr'>παρῃνει,</span> <span class='ocrx_word' id='word_1_507' title='bbox 1233 3795 1330 3835; x_wconf 88' lang='grc' dir='ltr'><strong>και</strong></span> <span class='ocrx_word' id='word_1_508' title='bbox 1373 3782 1520 3846; x_wconf 82' lang='grc' dir='ltr'>τέλος</span> <span class='ocrx_word' id='word_1_509' title='bbox 1558 3785 1783 3852; x_wconf 74' lang='grc' dir='ltr'>εἰρήνην</span> 
     </span>
    </p>
   </div>
   <div class='ocr_carea' id='block_1_70' title="bbox 207 3874 1790 3946">
    <p class='ocr_par' dir='ltr' id='par_1_70' title="bbox 207 3874 1790 3946">
     <span class='ocr_line' id='line_1_70' title="bbox 207 3874 1790 3946; baseline 0 -16"><span class='ocrx_word' id='word_1_510' title='bbox 207 3875 342 3934; x_wconf 77' lang='grc' dir='ltr'>δοὺς</span> <span class='ocrx_word' id='word_1_511' title='bbox 366 3874 500 3942; x_wconf 75' lang='grc' dir='ltr'>πρὸς</span> <span class='ocrx_word' id='word_1_512' title='bbox 529 3875 630 3937; x_wconf 74' lang='grc' dir='ltr'>τὰς</span> <span class='ocrx_word' id='word_1_513' title='bbox 656 3875 862 3937; x_wconf 78' lang='grc' dir='ltr'>οἰκείας</span> <span class='ocrx_word' id='word_1_514' title='bbox 894 3877 1033 3944; x_wconf 85' lang='grc' dir='ltr'>μετά</span> <span class='ocrx_word' id='word_1_515' title='bbox 1061 3874 1154 3927; x_wconf 85' lang='grc' dir='ltr'>τοῦ</span> <span class='ocrx_word' id='word_1_516' title='bbox 1188 3877 1374 3938; x_wconf 75' lang='grc' dir='ltr'>παιδὸς</span> <span class='ocrx_word' id='word_1_517' title='bbox 1411 3876 1650 3946; x_wconf 82' lang='grc' dir='ltr'>ἐχώρουν</span> <span class='ocrx_word' id='word_1_518' title='bbox 1669 3876 1790 3930; x_wconf 78' lang='grc' dir='ltr'>δια-</span> 
     </span>
    </p>
   </div>
   <div class='ocr_carea' id='block_1_71' title="bbox 207 3965 1604 4037">
    <p class='ocr_par' dir='ltr' id='par_1_71' title="bbox 207 3965 1604 4037">
     <span class='ocr_line' id='line_1_71' title="bbox 207 3965 1604 4037; baseline 0.002 -18"><span class='ocrx_word' id='word_1_519' title='bbox 207 3965 431 4037; x_wconf 77' lang='grc' dir='ltr'>τριόας,</span> <span class='ocrx_word' id='word_1_520' title='bbox 465 3969 560 4021; x_wconf 79' lang='grc' dir='ltr'>καὶ</span> <span class='ocrx_word' id='word_1_521' title='bbox 605 3969 712 4022; x_wconf 83' lang='grc' dir='ltr'>τῶν</span> <span class='ocrx_word' id='word_1_522' title='bbox 741 3968 1035 4037; x_wconf 76' lang='grc' dir='ltr'>ὀφθαλμῶν</span> <span class='ocrx_word' id='word_1_523' title='bbox 1057 3970 1270 4037; x_wconf 75' lang='grc' dir='ltr'>ἐκείνης</span> <span class='ocrx_word' id='word_1_524' title='bbox 1310 3969 1604 4022; x_wconf 77' lang='grc' dir='ltr'>διίσταντο.</span> 
     </span>
    </p>
   </div>
   <div class='ocr_carea' id='block_1_72' title="bbox 292 4141 1784 4215">
    <p class='ocr_par' dir='ltr' id='par_1_72' title="bbox 292 4141 1784 4215">
     <span class='ocr_line' id='line_1_72' title="bbox 292 4141 1784 4215; baseline 0.003 -21"><span class='ocrx_word' id='word_1_525' title='bbox 292 4141 394 4196; x_wconf 81' lang='lat' dir='ltr'><strong>lE&#39;.</strong></span> <span class='ocrx_word' id='word_1_526' title='bbox 441 4141 504 4194; x_wconf 82' lang='grc' dir='ltr'><strong><em>Ἢ</em></strong></span> <span class='ocrx_word' id='word_1_527' title='bbox 538 4141 594 4194; x_wconf 72' lang='grc' dir='ltr'><strong>δὲ</strong></span> <span class='ocrx_word' id='word_1_528' title='bbox 620 4143 821 4204; x_wconf 72' lang='grc' dir='ltr'>εὐθέως</span> <span class='ocrx_word' id='word_1_529' title='bbox 852 4141 1230 4196; x_wconf 81' lang='grc' dir='ltr'>διυπνισθεῖσα</span> <span class='ocrx_word' id='word_1_530' title='bbox 1289 4143 1386 4196; x_wconf 77' lang='grc' dir='ltr'>καὶ</span> <span class='ocrx_word' id='word_1_531' title='bbox 1425 4144 1558 4215; x_wconf 80' lang='grc' dir='ltr'>πρὸς</span> <span class='ocrx_word' id='word_1_532' title='bbox 1587 4144 1784 4214; x_wconf 75' lang='grc' dir='ltr'>ἑαυτὴν</span> 
     </span>
    </p>
   </div>
   <div class='ocr_carea' id='block_1_73' title="bbox 209 4228 1782 4305">
    <p class='ocr_par' dir='ltr' id='par_1_73' title="bbox 209 4228 1782 4305">
     <span class='ocr_line' id='line_1_73' title="bbox 209 4228 1782 4305; baseline -0.002 -14"><span class='ocrx_word' id='word_1_533' title='bbox 209 4228 560 4305; x_wconf 59' lang='grc' dir='ltr'>ιπανήξασαζ</span> <span class='ocrx_word' id='word_1_534' title='bbox 601 4237 722 4298; x_wconf 83' lang='grc' dir='ltr'>οἵας</span> <span class='ocrx_word' id='word_1_535' title='bbox 757 4237 850 4289; x_wconf 74' lang='grc' dir='ltr'><strong>ἐπὶ</strong></span> <span class='ocrx_word' id='word_1_536' title='bbox 879 4238 944 4304; x_wconf 74' lang='grc' dir='ltr'>τῇ</span> <span class='ocrx_word' id='word_1_537' title='bbox 998 4235 1092 4287; x_wconf 79' lang='grc' dir='ltr'>τοῦ</span> <span class='ocrx_word' id='word_1_538' title='bbox 1129 4237 1405 4305; x_wconf 73' lang='grc' dir='ltr'>μάρτυρός</span> <span class='ocrx_word' id='word_1_539' title='bbox 1450 4253 1510 4287; x_wconf 83' lang='grc' dir='ltr'><strong>τε</strong></span> <span class='ocrx_word' id='word_1_540' title='bbox 1545 4241 1640 4290; x_wconf 80' lang='grc' dir='ltr'>καὶ</span> <span class='ocrx_word' id='word_1_541' title='bbox 1690 4237 1782 4289; x_wconf 82' lang='grc' dir='ltr'>τοῦ</span> 
     </span>
    </p>
   </div>
   <div class='ocr_carea' id='block_1_74' title="bbox 209 4327 1784 4397">
    <p class='ocr_par' dir='ltr' id='par_1_74' title="bbox 209 4327 1784 4397">
     <span class='ocr_line' id='line_1_74' title="bbox 209 4327 1784 4397; baseline -0.001 -15"><span class='ocrx_word' id='word_1_542' title='bbox 209 4329 407 4391; x_wconf 79' lang='grc' dir='ltr'>παιδὸς</span> <span class='ocrx_word' id='word_1_543' title='bbox 472 4329 764 4397; x_wconf 78' lang='grc' dir='ltr'>παρουσία,</span> <span class='ocrx_word' id='word_1_544' title='bbox 823 4328 918 4396; x_wconf 79' lang='grc' dir='ltr'>τῆς</span> <span class='ocrx_word' id='word_1_545' title='bbox 992 4327 1254 4396; x_wconf 79' lang='grc' dir='ltr'>εὐθυμίας</span> <span class='ocrx_word' id='word_1_546' title='bbox 1321 4328 1619 4390; x_wconf 79' lang='grc' dir='ltr'>ἀπέλαυσε,</span> <span class='ocrx_word' id='word_1_547' title='bbox 1673 4331 1784 4392; x_wconf 84' lang='grc' dir='ltr'>τοῖς</span> 
     </span>
    </p>
   </div>
   <div class='ocr_carea' id='block_1_75' title="bbox 210 4417 1782 4491">
    <p class='ocr_par' dir='ltr' id='par_1_75' title="bbox 210 4417 1782 4491">
     <span class='ocr_line' id='line_1_75' title="bbox 210 4417 1782 4491; baseline -0.002 -15"><span class='ocrx_word' id='word_1_548' title='bbox 210 4421 487 4491; x_wconf 76' lang='grc' dir='ltr'>παροῦσιν</span> <span class='ocrx_word' id='word_1_549' title='bbox 515 4423 587 4482; x_wconf 86' lang='grc' dir='ltr'>ὼς</span> <span class='ocrx_word' id='word_1_550' title='bbox 620 4422 808 4490; x_wconf 72' lang='grc' dir='ltr'>ἥδιστα</span> <span class='ocrx_word' id='word_1_551' title='bbox 838 4417 1063 4490; x_wconf 75' lang='grc' dir='ltr'>διεξήει,</span> <span class='ocrx_word' id='word_1_552' title='bbox 1107 4420 1202 4472; x_wconf 78' lang='grc' dir='ltr'>καὶ</span> <span class='ocrx_word' id='word_1_553' title='bbox 1246 4420 1432 4489; x_wconf 73' lang='grc' dir='ltr'>θαῦμα</span> <span class='ocrx_word' id='word_1_554' title='bbox 1467 4423 1562 4484; x_wconf 79' lang='grc' dir='ltr'>τὰς</span> <span class='ocrx_word' id='word_1_555' title='bbox 1610 4423 1782 4475; x_wconf 81' lang='grc' dir='ltr'>ἁπάνο</span> 
     </span>
    </p>
   </div>
   <div class='ocr_carea' id='block_1_76' title="bbox 1883 3232 3454 3302">
    <p class='ocr_par' dir='ltr' id='par_1_76' title="bbox 1883 3232 3454 3302">
     <span class='ocr_line' id='line_1_76' title="bbox 1883 3232 3454 3302; baseline -0.003 -12"><span class='ocrx_word' id='word_1_556' title='bbox 1883 3253 1991 3290; x_wconf 93' lang='lat' dir='ltr'><strong>non</strong></span> <span class='ocrx_word' id='word_1_557' title='bbox 2023 3236 2242 3296; x_wconf 77' lang='lat' dir='ltr'><strong>desinit,</strong></span> <span class='ocrx_word' id='word_1_558' title='bbox 2277 3244 2332 3288; x_wconf 89' lang='lat' dir='ltr'><strong>et</strong></span> <span class='ocrx_word' id='word_1_559' title='bbox 2369 3234 2535 3288; x_wconf 82' lang='lat' dir='ltr'><strong>vitam</strong></span> <span class='ocrx_word' id='word_1_560' title='bbox 2578 3232 2820 3294; x_wconf 88' lang='lat' dir='ltr'><strong>brevem.</strong></span> <span class='ocrx_word' id='word_1_561' title='bbox 2855 3241 2908 3286; x_wconf 83' lang='lat' dir='ltr'><strong>et</strong></span> <span class='ocrx_word' id='word_1_562' title='bbox 2937 3248 3055 3302; x_wconf 70' lang='lat' dir='ltr'><strong>quae</strong></span> <span class='ocrx_word' id='word_1_563' title='bbox 3085 3242 3166 3286; x_wconf 90' lang='lat' dir='ltr'><strong>est</strong></span> <span class='ocrx_word' id='word_1_564' title='bbox 3201 3235 3265 3286; x_wconf 87' lang='lat' dir='ltr'><strong>ad</strong></span> <span class='ocrx_word' id='word_1_565' title='bbox 3314 3242 3454 3288; x_wconf 84' lang='lat' dir='ltr'><strong>tem-</strong></span> 
     </span>
    </p>
   </div>
   <div class='ocr_carea' id='block_1_77' title="bbox 1881 3322 3453 3394">
    <p class='ocr_par' dir='ltr' id='par_1_77' title="bbox 1881 3322 3453 3394">
     <span class='ocr_line' id='line_1_77' title="bbox 1881 3322 3453 3394; baseline 0 -16"><span class='ocrx_word' id='word_1_566' title='bbox 1881 3340 2003 3394; x_wconf 88' lang='lat' dir='ltr'><strong>pus,</strong></span> <span class='ocrx_word' id='word_1_567' title='bbox 2034 3343 2150 3378; x_wconf 68' lang='lat' dir='ltr'><strong>aevo</strong></span> <span class='ocrx_word' id='word_1_568' title='bbox 2174 3326 2527 3393; x_wconf 80' lang='lat' dir='ltr'><strong>sempiterno.</strong></span> <span class='ocrx_word' id='word_1_569' title='bbox 2571 3323 2696 3378; x_wconf 69' lang='lat' dir='ltr'><strong>Hec</strong></span> <span class='ocrx_word' id='word_1_570' title='bbox 2721 3338 2844 3377; x_wconf 90' lang='lat' dir='ltr'><strong>cum</strong></span> <span class='ocrx_word' id='word_1_571' title='bbox 2886 3335 3061 3376; x_wconf 86' lang='lat' dir='ltr'><strong>mater</strong></span> <span class='ocrx_word' id='word_1_572' title='bbox 3085 3322 3381 3378; x_wconf 83' lang='lat' dir='ltr'><strong>audivisset</strong></span> <span class='ocrx_word' id='word_1_573' title='bbox 3423 3341 3453 3378; x_wconf 87' lang='lat' dir='ltr'><strong>a</strong></span> 
     </span>
    </p>
   </div>
   <div class='ocr_carea' id='block_1_78' title="bbox 1883 3415 3453 3484">
    <p class='ocr_par' dir='ltr' id='par_1_78' title="bbox 1883 3415 3453 3484">
     <span class='ocr_line' id='line_1_78' title="bbox 1883 3415 3453 3484; baseline 0.001 -15"><span class='ocrx_word' id='word_1_574' title='bbox 1883 3416 2012 3479; x_wconf 82' lang='lat' dir='ltr'><strong>ﬁlio,</strong></span> <span class='ocrx_word' id='word_1_575' title='bbox 2049 3422 2270 3469; x_wconf 88' lang='lat' dir='ltr'><strong>etesset</strong></span> <span class='ocrx_word' id='word_1_576' title='bbox 2310 3416 2470 3468; x_wconf 85' lang='lat' dir='ltr'><strong>veluti</strong></span> <span class='ocrx_word' id='word_1_577' title='bbox 2500 3417 2666 3468; x_wconf 85' lang='lat' dir='ltr'><strong>oblita</strong></span> <span class='ocrx_word' id='word_1_578' title='bbox 2704 3415 3152 3468; x_wconf 88' lang='lat' dir='ltr'><strong>lamentationem</strong></span> <span class='ocrx_word' id='word_1_579' title='bbox 3176 3455 3190 3477; x_wconf 94' lang='lat'><strong>,</strong></span> <span class='ocrx_word' id='word_1_580' title='bbox 3234 3426 3292 3468; x_wconf 86' lang='lat' dir='ltr'><strong>ut</strong></span> <span class='ocrx_word' id='word_1_581' title='bbox 3334 3415 3453 3484; x_wconf 85' lang='lat' dir='ltr'><strong>ipsa</strong></span> 
     </span>
    </p>
   </div>
   <div class='ocr_carea' id='block_1_79' title="bbox 1881 3505 3456 3578">
    <p class='ocr_par' dir='ltr' id='par_1_79' title="bbox 1881 3505 3456 3578">
     <span class='ocr_line' id='line_1_79' title="bbox 1881 3505 3456 3578; baseline 0.001 -18"><span class='ocrx_word' id='word_1_582' title='bbox 1881 3523 2096 3578; x_wconf 88' lang='lat' dir='ltr'><strong>quoque</strong></span> <span class='ocrx_word' id='word_1_583' title='bbox 2129 3517 2506 3562; x_wconf 88' lang='lat' dir='ltr'><strong>assumeretur</strong></span> <span class='ocrx_word' id='word_1_584' title='bbox 2533 3506 2602 3562; x_wconf 83' lang='lat' dir='ltr'><strong>ad</strong></span> <span class='ocrx_word' id='word_1_585' title='bbox 2633 3505 2828 3565; x_wconf 85' lang='lat' dir='ltr'><strong>lilium.</strong></span> <span class='ocrx_word' id='word_1_586' title='bbox 2856 3515 2911 3560; x_wconf 91' lang='lat' dir='ltr'><strong>et</strong></span> <span class='ocrx_word' id='word_1_587' title='bbox 2945 3521 3008 3560; x_wconf 87' lang='lat' dir='ltr'><strong>ex</strong></span> <span class='ocrx_word' id='word_1_588' title='bbox 3051 3506 3138 3570; x_wconf 89' lang='lat' dir='ltr'><strong>iis,</strong></span> <span class='ocrx_word' id='word_1_589' title='bbox 3175 3522 3295 3576; x_wconf 69' lang='lat' dir='ltr'><strong>qua</strong></span> <span class='ocrx_word' id='word_1_590' title='bbox 3334 3525 3456 3564; x_wconf 89' lang='lat' dir='ltr'><strong>cer-</strong></span> 
     </span>
    </p>
   </div>
   <div class='ocr_carea' id='block_1_80' title="bbox 1884 3597 3456 3666">
    <p class='ocr_par' dir='ltr' id='par_1_80' title="bbox 1884 3597 3456 3666">
     <span class='ocr_line' id='line_1_80' title="bbox 1884 3597 3456 3666; baseline 0 -12"><span class='ocrx_word' id='word_1_591' title='bbox 1884 3603 2175 3656; x_wconf 84' lang='lat' dir='ltr'><strong>nebantur.</strong></span> <span class='ocrx_word' id='word_1_592' title='bbox 2232 3598 2505 3666; x_wconf 79' lang='lat' dir='ltr'><strong>acciperet</strong></span> <span class='ocrx_word' id='word_1_593' title='bbox 2563 3597 3034 3663; x_wconf 86' lang='lat' dir='ltr'><strong>consolationem,</strong></span> <span class='ocrx_word' id='word_1_594' title='bbox 3097 3599 3456 3654; x_wconf 82' lang='lat' dir='ltr'><strong>vehementer</strong></span> 
     </span>
    </p>
   </div>
   <div class='ocr_carea' id='block_1_81' title="bbox 1884 3686 3456 3762">
    <p class='ocr_par' dir='ltr' id='par_1_81' title="bbox 1884 3686 3456 3762">
     <span class='ocr_line' id='line_1_81' title="bbox 1884 3686 3456 3762; baseline 0.001 -18"><span class='ocrx_word' id='word_1_595' title='bbox 1884 3692 2108 3760; x_wconf 81' lang='lat' dir='ltr'><strong>rogabat</strong></span> <span class='ocrx_word' id='word_1_596' title='bbox 2138 3701 2451 3760; x_wconf 84' lang='lat' dir='ltr'><strong>martyrem.</strong></span> <span class='ocrx_word' id='word_1_597' title='bbox 2499 3686 2590 3742; x_wconf 89' lang='lat' dir='ltr'><strong>Ille</strong></span> <span class='ocrx_word' id='word_1_598' title='bbox 2627 3695 2808 3742; x_wconf 89' lang='lat' dir='ltr'><strong>autem</strong></span> <span class='ocrx_word' id='word_1_599' title='bbox 2855 3689 3137 3755; x_wconf 87' lang='lat' dir='ltr'><strong>suadebat,</strong></span> <span class='ocrx_word' id='word_1_600' title='bbox 3180 3700 3239 3743; x_wconf 89' lang='lat' dir='ltr'><strong>ut</strong></span> <span class='ocrx_word' id='word_1_601' title='bbox 3285 3693 3456 3762; x_wconf 79' lang='lat' dir='ltr'><strong>magis</strong></span> 
     </span>
    </p>
   </div>
   <div class='ocr_carea' id='block_1_82' title="bbox 1883 3777 3454 3846">
    <p class='ocr_par' dir='ltr' id='par_1_82' title="bbox 1883 3777 3454 3846">
     <span class='ocr_line' id='line_1_82' title="bbox 1883 3777 3454 3846; baseline 0 -12"><span class='ocrx_word' id='word_1_602' title='bbox 1883 3796 2000 3835; x_wconf 84' lang='lat' dir='ltr'><strong>eam</strong></span> <span class='ocrx_word' id='word_1_603' title='bbox 2026 3779 2164 3832; x_wconf 85' lang='lat' dir='ltr'><strong>viam</strong></span> <span class='ocrx_word' id='word_1_604' title='bbox 2196 3788 2538 3846; x_wconf 85' lang='lat' dir='ltr'><strong>sequeretur,</strong></span> <span class='ocrx_word' id='word_1_605' title='bbox 2579 3793 2699 3846; x_wconf 86' lang='lat' dir='ltr'><strong>quae</strong></span> <span class='ocrx_word' id='word_1_606' title='bbox 2728 3779 2881 3833; x_wconf 90' lang='lat' dir='ltr'><strong>ducit</strong></span> <span class='ocrx_word' id='word_1_607' title='bbox 2909 3779 2975 3834; x_wconf 85' lang='lat' dir='ltr'><strong>ad</strong></span> <span class='ocrx_word' id='word_1_608' title='bbox 3019 3781 3268 3835; x_wconf 87' lang='lat' dir='ltr'><strong>salutem.</strong></span> <span class='ocrx_word' id='word_1_609' title='bbox 3305 3777 3454 3834; x_wconf 84' lang='lat' dir='ltr'><strong>Tan-</strong></span> 
     </span>
    </p>
   </div>
   <div class='ocr_carea' id='block_1_83' title="bbox 1884 3867 3453 3939">
    <p class='ocr_par' dir='ltr' id='par_1_83' title="bbox 1884 3867 3453 3939">
     <span class='ocr_line' id='line_1_83' title="bbox 1884 3867 3453 3939; baseline -0.001 -13"><span class='ocrx_word' id='word_1_610' title='bbox 1884 3870 2006 3926; x_wconf 88' lang='lat' dir='ltr'><strong>dem</strong></span> <span class='ocrx_word' id='word_1_611' title='bbox 2043 3880 2249 3932; x_wconf 86' lang='lat' dir='ltr'><strong>autem,</strong></span> <span class='ocrx_word' id='word_1_612' title='bbox 2297 3869 2416 3923; x_wconf 90' lang='lat' dir='ltr'><strong>data</strong></span> <span class='ocrx_word' id='word_1_613' title='bbox 2465 3881 2622 3937; x_wconf 85' lang='lat' dir='ltr'><strong>pace,</strong></span> <span class='ocrx_word' id='word_1_614' title='bbox 2675 3867 2814 3921; x_wconf 85' lang='lat' dir='ltr'><strong>abiit</strong></span> <span class='ocrx_word' id='word_1_615' title='bbox 2888 3867 2976 3920; x_wconf 91' lang='lat' dir='ltr'><strong>ille</strong></span> <span class='ocrx_word' id='word_1_616' title='bbox 3019 3885 3140 3922; x_wconf 89' lang='lat' dir='ltr'><strong>cum</strong></span> <span class='ocrx_word' id='word_1_617' title='bbox 3189 3885 3358 3939; x_wconf 88' lang='lat' dir='ltr'><strong>puero</strong></span> <span class='ocrx_word' id='word_1_618' title='bbox 3386 3874 3453 3925; x_wconf 88' lang='lat' dir='ltr'><strong>ad</strong></span> 
     </span>
    </p>
   </div>
   <div class='ocr_carea' id='block_1_84' title="bbox 1885 3939 3456 4028">
    <p class='ocr_par' dir='ltr' id='par_1_84' title="bbox 1885 3939 3456 4028">
     <span class='ocr_line' id='line_1_84' title="bbox 1885 3939 3456 4028; baseline 0.001 -13"><span class='ocrx_word' id='word_1_619' title='bbox 1885 3979 2037 4016; x_wconf 87' lang='lat' dir='ltr'><strong>suam</strong></span> <span class='ocrx_word' id='word_1_620' title='bbox 2069 3961 2456 4015; x_wconf 87' lang='lat' dir='ltr'><strong>habitationem</strong></span> <span class='ocrx_word' id='word_1_621' title='bbox 2488 3976 2505 4014; x_wconf 88' lang='lat'><strong>:</strong></span> <span class='ocrx_word' id='word_1_622' title='bbox 2540 3967 2598 4013; x_wconf 92' lang='lat' dir='ltr'><strong>et</strong></span> <span class='ocrx_word' id='word_1_623' title='bbox 2636 3967 2864 4028; x_wconf 87' lang='lat' dir='ltr'><strong>uterque</strong></span> <span class='ocrx_word' id='word_1_624' title='bbox 2902 3939 3154 4014; x_wconf 70' lang='lat' dir='ltr'><strong>discessit</strong></span> <span class='ocrx_word' id='word_1_625' title='bbox 3195 3961 3263 4014; x_wconf 84' lang='lat' dir='ltr'><strong>ab</strong></span> <span class='ocrx_word' id='word_1_626' title='bbox 3309 3961 3456 4018; x_wconf 77' lang='lat' dir='ltr'><strong>illius</strong></span> 
     </span>
    </p>
   </div>
   <div class='ocr_carea' id='block_1_85' title="bbox 1884 4054 2073 4108">
    <p class='ocr_par' dir='ltr' id='par_1_85' title="bbox 1884 4054 2073 4108">
     <span class='ocr_line' id='line_1_85' title="bbox 1884 4054 2073 4108; baseline -0.011 0"><span class='ocrx_word' id='word_1_627' title='bbox 1884 4054 2073 4108; x_wconf 88' lang='lat' dir='ltr'><strong>oculis.</strong></span> 
     </span>
    </p>
   </div>
   <div class='ocr_carea' id='block_1_86' title="bbox 1955 4144 3454 4214">
    <p class='ocr_par' dir='ltr' id='par_1_86' title="bbox 1955 4144 3454 4214">
     <span class='ocr_line' id='line_1_86' title="bbox 1955 4144 3454 4214; baseline 0 -14"><span class='ocrx_word' id='word_1_628' title='bbox 1955 4144 2070 4200; x_wconf 80' lang='lat' dir='ltr'><strong>XV.</strong></span> <span class='ocrx_word' id='word_1_629' title='bbox 2115 4145 2204 4199; x_wconf 88' lang='lat' dir='ltr'><strong>Illa</strong></span> <span class='ocrx_word' id='word_1_630' title='bbox 2244 4153 2423 4199; x_wconf 89' lang='lat' dir='ltr'><strong>autem</strong></span> <span class='ocrx_word' id='word_1_631' title='bbox 2475 4144 2659 4199; x_wconf 79' lang='lat' dir='ltr'><strong>statim</strong></span> <span class='ocrx_word' id='word_1_632' title='bbox 2701 4153 3039 4214; x_wconf 80' lang='lat' dir='ltr'><strong>experrecta,</strong></span> <span class='ocrx_word' id='word_1_633' title='bbox 3070 4153 3126 4200; x_wconf 91' lang='lat' dir='ltr'><strong>et</strong></span> <span class='ocrx_word' id='word_1_634' title='bbox 3166 4146 3234 4199; x_wconf 88' lang='lat' dir='ltr'><strong>ad</strong></span> <span class='ocrx_word' id='word_1_635' title='bbox 3280 4161 3339 4201; x_wconf 82' lang='lat' dir='ltr'><strong>se.</strong></span> <span class='ocrx_word' id='word_1_636' title='bbox 3367 4163 3454 4200; x_wconf 88' lang='lat' dir='ltr'><strong>re-</strong></span> 
     </span>
    </p>
   </div>
   <div class='ocr_carea' id='block_1_87' title="bbox 1885 4237 3454 4307">
    <p class='ocr_par' dir='ltr' id='par_1_87' title="bbox 1885 4237 3454 4307">
     <span class='ocr_line' id='line_1_87' title="bbox 1885 4237 3454 4307; baseline 0.001 -17"><span class='ocrx_word' id='word_1_637' title='bbox 1885 4255 2065 4299; x_wconf 85' lang='lat' dir='ltr'><strong>versa,</strong></span> <span class='ocrx_word' id='word_1_638' title='bbox 2097 4249 2352 4307; x_wconf 84' lang='lat' dir='ltr'><strong>quantam</strong></span> <span class='ocrx_word' id='word_1_639' title='bbox 2387 4239 2457 4291; x_wconf 89' lang='lat' dir='ltr'><strong>ob</strong></span> <span class='ocrx_word' id='word_1_640' title='bbox 2491 4237 2738 4305; x_wconf 79' lang='lat' dir='ltr'><strong>martyris</strong></span> <span class='ocrx_word' id='word_1_641' title='bbox 2763 4247 2818 4292; x_wconf 90' lang='lat' dir='ltr'><strong>et</strong></span> <span class='ocrx_word' id='word_1_642' title='bbox 2846 4238 2938 4290; x_wconf 72' lang='lat' dir='ltr'><strong>filii</strong></span> <span class='ocrx_word' id='word_1_643' title='bbox 2965 4239 3255 4292; x_wconf 84' lang='lat' dir='ltr'><strong>adventum</strong></span> <span class='ocrx_word' id='word_1_644' title='bbox 3299 4255 3454 4292; x_wconf 81' lang='lat' dir='ltr'><strong>asse-</strong></span> 
     </span>
    </p>
   </div>
   <div class='ocr_carea' id='block_1_88' title="bbox 1885 4331 3456 4398">
    <p class='ocr_par' dir='ltr' id='par_1_88' title="bbox 1885 4331 3456 4398">
     <span class='ocr_line' id='line_1_88' title="bbox 1885 4331 3456 4398; baseline 0.001 -13"><span class='ocrx_word' id='word_1_645' title='bbox 1885 4342 2008 4386; x_wconf 88' lang='lat' dir='ltr'><strong>cuta</strong></span> <span class='ocrx_word' id='word_1_646' title='bbox 2048 4342 2194 4385; x_wconf 90' lang='lat' dir='ltr'><strong>esset</strong></span> <span class='ocrx_word' id='word_1_647' title='bbox 2234 4331 2399 4384; x_wconf 81' lang='lat' dir='ltr'><strong>animi</strong></span> <span class='ocrx_word' id='word_1_648' title='bbox 2440 4333 2884 4398; x_wconf 87' lang='lat' dir='ltr'><strong>tranquillitatem</strong></span> <span class='ocrx_word' id='word_1_649' title='bbox 2935 4348 2995 4388; x_wconf 90' lang='lat' dir='ltr'><strong>ac</strong></span> <span class='ocrx_word' id='word_1_650' title='bbox 3037 4333 3300 4392; x_wconf 74' lang='lat' dir='ltr'><strong>laetitiam.</strong></span> <span class='ocrx_word' id='word_1_651' title='bbox 3331 4349 3456 4386; x_wconf 86' lang='lat' dir='ltr'><strong>nar-</strong></span> 
     </span>
    </p>
   </div>
   <div class='ocr_carea' id='block_1_89' title="bbox 1888 4421 3452 4493">
    <p class='ocr_par' dir='ltr' id='par_1_89' title="bbox 1888 4421 3452 4493">
     <span class='ocr_line' id='line_1_89' title="bbox 1888 4421 3452 4493; baseline -0.001 -15"><span class='ocrx_word' id='word_1_652' title='bbox 1888 4425 2026 4479; x_wconf 86' lang='lat' dir='ltr'><strong>ravit</strong></span> <span class='ocrx_word' id='word_1_653' title='bbox 2057 4425 2118 4480; x_wconf 93' lang='lat' dir='ltr'><strong>iis</strong></span> <span class='ocrx_word' id='word_1_654' title='bbox 2162 4427 2252 4493; x_wconf 89' lang='lat' dir='ltr'><strong>qui</strong></span> <span class='ocrx_word' id='word_1_655' title='bbox 2281 4425 2525 4479; x_wconf 82' lang='lat' dir='ltr'><strong>aderant.</strong></span> <span class='ocrx_word' id='word_1_656' title='bbox 2561 4421 2813 4476; x_wconf 87' lang='lat' dir='ltr'><strong>Omnium</strong></span> <span class='ocrx_word' id='word_1_657' title='bbox 2844 4435 3024 4476; x_wconf 89' lang='lat' dir='ltr'><strong>autem</strong></span> <span class='ocrx_word' id='word_1_658' title='bbox 3051 4427 3262 4477; x_wconf 86' lang='lat' dir='ltr'><strong>animos</strong></span> <span class='ocrx_word' id='word_1_659' title='bbox 3301 4427 3452 4477; x_wconf 85' lang='lat' dir='ltr'><strong>inva-</strong></span> 
     </span>
    </p>
   </div>
   <div class='ocr_carea' id='block_1_90' title="bbox 174 4494 1792 4584">
    <p class='ocr_par' dir='ltr' id='par_1_90' title="bbox 174 4494 1782 4584">
     <span class='ocr_line' id='line_1_90' title="bbox 174 4494 1782 4584; baseline -0.001 -16"><span class='ocrx_word' id='word_1_660' title='bbox 174 4575 178 4577; x_wconf 22' lang='grc' dir='ltr'>ν</span> <span class='ocrx_word' id='word_1_661' title='bbox 207 4532 328 4568; x_wconf 85' lang='grc' dir='ltr'><strong>των</strong></span> <span class='ocrx_word' id='word_1_662' title='bbox 366 4497 479 4584; x_wconf 65' lang='grc' dir='ltr'>εἶχε</span> <span class='ocrx_word' id='word_1_663' title='bbox 521 4517 719 4584; x_wconf 69' lang='grc' dir='ltr'>ψυχὰς,</span> <span class='ocrx_word' id='word_1_664' title='bbox 743 4514 820 4584; x_wconf 81' lang='grc' dir='ltr'>τῷ</span> <span class='ocrx_word' id='word_1_665' title='bbox 850 4515 1140 4584; x_wconf 74' lang='grc' dir='ltr'>παραδόξῳ</span> <span class='ocrx_word' id='word_1_666' title='bbox 1166 4494 1261 4582; x_wconf 73' lang='grc' dir='ltr'><strong>τῆς</strong></span> <span class='ocrx_word' id='word_1_667' title='bbox 1290 4513 1616 4582; x_wconf 82' lang='grc' dir='ltr'>διηγήσεως,</span> <span class='ocrx_word' id='word_1_668' title='bbox 1653 4511 1782 4566; x_wconf 75' lang='grc' dir='ltr'>Εἶτα</span> 
     </span>
    </p>
   </div>
   <div class='ocr_carea' id='block_1_91' title="bbox 1877 4494 3450 4584">
    <p class='ocr_par' dir='ltr' id='par_1_91' title="bbox 1889 4515 3450 4584">
     <span class='ocr_line' id='line_1_91' title="bbox 1889 4515 3450 4584; baseline -0.001 -13"><span class='ocrx_word' id='word_1_669' title='bbox 1889 4519 1959 4572; x_wconf 89' lang='lat' dir='ltr'><strong>sit</strong></span> <span class='ocrx_word' id='word_1_670' title='bbox 2000 4518 2284 4572; x_wconf 87' lang='lat' dir='ltr'><strong>admiratio</strong></span> <span class='ocrx_word' id='word_1_671' title='bbox 2323 4518 2392 4571; x_wconf 89' lang='lat' dir='ltr'><strong>ob</strong></span> <span class='ocrx_word' id='word_1_672' title='bbox 2433 4515 2830 4573; x_wconf 85' lang='lat' dir='ltr'><strong>admirabilem.</strong></span> <span class='ocrx_word' id='word_1_673' title='bbox 2884 4525 2938 4568; x_wconf 91' lang='lat' dir='ltr'><strong>et</strong></span> <span class='ocrx_word' id='word_1_674' title='bbox 2977 4530 3094 4584; x_wconf 69' lang='lat' dir='ltr'><strong>quae</strong></span> <span class='ocrx_word' id='word_1_675' title='bbox 3138 4517 3450 4584; x_wconf 77' lang='lat' dir='ltr'><strong>Opinionem</strong></span> 
     </span>
    </p>
   </div>
   <div class='ocr_carea' id='block_1_92' title="bbox 211 4604 1785 4673">
    <p class='ocr_par' dir='ltr' id='par_1_92' title="bbox 211 4604 1785 4673">
     <span class='ocr_line' id='line_1_92' title="bbox 211 4604 1785 4673; baseline -0.003 -13"><span class='ocrx_word' id='word_1_676' title='bbox 211 4613 313 4660; x_wconf 73' lang='grc' dir='ltr'>καὶ</span> <span class='ocrx_word' id='word_1_677' title='bbox 350 4608 413 4661; x_wconf 69' lang='grc' dir='ltr'>τὸ</span> <span class='ocrx_word' id='word_1_678' title='bbox 468 4605 563 4658; x_wconf 80' lang='grc' dir='ltr'>τοῦ</span> <span class='ocrx_word' id='word_1_679' title='bbox 624 4607 882 4673; x_wconf 78' lang='grc' dir='ltr'>παιδὺςή</span> <span class='ocrx_word' id='word_1_680' title='bbox 945 4605 1237 4673; x_wconf 80' lang='grc' dir='ltr'>μσκαρίτις</span> <span class='ocrx_word' id='word_1_681' title='bbox 1304 4604 1551 4656; x_wconf 77' lang='grc' dir='ltr'>ποθεινὸν</span> <span class='ocrx_word' id='word_1_682' title='bbox 1609 4608 1785 4655; x_wconf 72' lang='grc' dir='ltr'>ἐκεῖνο</span> 
     </span>
    </p>
   </div>
   <div class='ocr_carea' id='block_1_93' title="bbox 213 4693 1782 4769">
    <p class='ocr_par' dir='ltr' id='par_1_93' title="bbox 213 4693 1782 4769">
     <span class='ocr_line' id='line_1_93' title="bbox 213 4693 1782 4769; baseline -0.004 -16"><span class='ocrx_word' id='word_1_683' title='bbox 213 4700 513 4769; x_wconf 78' lang='grc' dir='ltr'>σωμάτιον,</span> <span class='ocrx_word' id='word_1_684' title='bbox 540 4697 798 4769; x_wconf 71' lang='grc' dir='ltr'>λαμπρὰς</span> <span class='ocrx_word' id='word_1_685' title='bbox 827 4694 1162 4765; x_wconf 73' lang='grc' dir='ltr'>ἀλειψαμένη</span> <span class='ocrx_word' id='word_1_686' title='bbox 1224 4696 1317 4746; x_wconf 81' lang='grc' dir='ltr'>καὶ</span> <span class='ocrx_word' id='word_1_687' title='bbox 1389 4693 1782 4764; x_wconf 70' lang='grc' dir='ltr'>περιϐαλοῦσα,</span> 
     </span>
    </p>
   </div>
   <div class='ocr_carea' id='block_1_94' title="bbox 212 4789 1785 4863">
    <p class='ocr_par' dir='ltr' id='par_1_94' title="bbox 212 4789 1785 4863">
     <span class='ocr_line' id='line_1_94' title="bbox 212 4789 1785 4863; baseline -0.003 -17"><span class='ocrx_word' id='word_1_688' title='bbox 212 4792 298 4863; x_wconf 83' lang='grc' dir='ltr'><strong>τῷ</strong></span> <span class='ocrx_word' id='word_1_689' title='bbox 340 4794 576 4862; x_wconf 83' lang='grc' dir='ltr'>μάρτυρι</span> <span class='ocrx_word' id='word_1_690' title='bbox 625 4790 1010 4860; x_wconf 72' lang='grc' dir='ltr'>παρατίθεται,</span> <span class='ocrx_word' id='word_1_691' title='bbox 1082 4789 1351 4858; x_wconf 81' lang='grc' dir='ltr'>πάννυχόν</span> <span class='ocrx_word' id='word_1_692' title='bbox 1411 4805 1471 4840; x_wconf 83' lang='grc' dir='ltr'><strong>τε</strong></span> <span class='ocrx_word' id='word_1_693' title='bbox 1522 4791 1617 4841; x_wconf 80' lang='grc' dir='ltr'>σὺν</span> <span class='ocrx_word' id='word_1_694' title='bbox 1671 4791 1785 4850; x_wconf 81' lang='grc' dir='ltr'>τοῖς</span> 
     </span>
    </p>
   </div>
   <div class='ocr_carea' id='block_1_95' title="bbox 213 4879 1783 4953">
    <p class='ocr_par' dir='ltr' id='par_1_95' title="bbox 213 4879 1783 4953">
     <span class='ocr_line' id='line_1_95' title="bbox 213 4879 1783 4953; baseline -0.006 -13"><span class='ocrx_word' id='word_1_695' title='bbox 213 4886 560 4953; x_wconf 79' lang='grc' dir='ltr'>προσήκουσι</span> <span class='ocrx_word' id='word_1_696' title='bbox 589 4884 681 4934; x_wconf 82' lang='grc' dir='ltr'>καὶ</span> <span class='ocrx_word' id='word_1_697' title='bbox 713 4883 884 4944; x_wconf 81' lang='grc' dir='ltr'>ἄλλως</span> <span class='ocrx_word' id='word_1_698' title='bbox 918 4881 1244 4948; x_wconf 76' lang='grc' dir='ltr'>ἐπιτηδείοις</span> <span class='ocrx_word' id='word_1_699' title='bbox 1284 4882 1406 4948; x_wconf 61' lang='grc' dir='ltr'>τὴνθ</span> <span class='ocrx_word' id='word_1_700' title='bbox 1433 4879 1783 4949; x_wconf 80' lang='grc' dir='ltr'>εὐχαριστίαν</span> 
     </span>
    </p>
   </div>
   <div class='ocr_carea' id='block_1_96' title="bbox 215 4971 1779 5051">
    <p class='ocr_par' dir='ltr' id='par_1_96' title="bbox 215 4971 1779 5051">
     <span class='ocr_line' id='line_1_96' title="bbox 215 4971 1779 5051; baseline -0.004 -20"><span class='ocrx_word' id='word_1_701' title='bbox 215 4978 590 5051; x_wconf 77' lang='grc' dir='ltr'>ποιησαμένη,</span> <span class='ocrx_word' id='word_1_702' title='bbox 625 4977 759 5044; x_wconf 74' lang='grc' dir='ltr'>πρὸς</span> <span class='ocrx_word' id='word_1_703' title='bbox 791 4978 846 5029; x_wconf 82' lang='grc' dir='ltr'><strong>δὲ</strong></span> <span class='ocrx_word' id='word_1_704' title='bbox 899 4976 993 5028; x_wconf 77' lang='grc' dir='ltr'><strong>καὶ</strong></span> <span class='ocrx_word' id='word_1_705' title='bbox 1022 4975 1120 5042; x_wconf 80' lang='grc' dir='ltr'>τὴν</span> <span class='ocrx_word' id='word_1_706' title='bbox 1149 4975 1416 5043; x_wconf 73' lang='grc' dir='ltr'>μυστικὴν</span> <span class='ocrx_word' id='word_1_707' title='bbox 1453 4971 1779 5051; x_wconf 82' lang='grc' dir='ltr'>ἱερουργίαν,</span> 
     </span>
    </p>
   </div>
   <div class='ocr_carea' id='block_1_97' title="bbox 215 5063 1784 5139">
    <p class='ocr_par' dir='ltr' id='par_1_97' title="bbox 215 5063 1784 5139">
     <span class='ocr_line' id='line_1_97' title="bbox 215 5063 1784 5139; baseline -0.006 -13"><span class='ocrx_word' id='word_1_708' title='bbox 215 5073 282 5126; x_wconf 73' lang='grc' dir='ltr'>ἑν</span> <span class='ocrx_word' id='word_1_709' title='bbox 310 5063 356 5139; x_wconf 83' lang='grc' dir='ltr'><strong>ᾧ</strong></span> <span class='ocrx_word' id='word_1_710' title='bbox 393 5068 713 5138; x_wconf 79' lang='grc' dir='ltr'>τελεσθῆναι</span> <span class='ocrx_word' id='word_1_711' title='bbox 745 5067 852 5120; x_wconf 72' lang='grc' dir='ltr'>ἔδει</span> <span class='ocrx_word' id='word_1_712' title='bbox 887 5067 1171 5130; x_wconf 79' lang='grc' dir='ltr'>τελέσασα,</span> <span class='ocrx_word' id='word_1_713' title='bbox 1210 5065 1302 5118; x_wconf 72' lang='grc' dir='ltr'><strong>ἐπὶ</strong></span> <span class='ocrx_word' id='word_1_714' title='bbox 1359 5065 1554 5134; x_wconf 67' lang='grc' dir='ltr'>δαψιλῆ</span> <span class='ocrx_word' id='word_1_715' title='bbox 1602 5080 1784 5132; x_wconf 80' lang='grc' dir='ltr'>παρα-</span> 
     </span>
    </p>
   </div>
   <div class='ocr_carea' id='block_1_98' title="bbox 213 5157 1781 5229">
    <p class='ocr_par' dir='ltr' id='par_1_98' title="bbox 213 5157 1781 5229">
     <span class='ocr_line' id='line_1_98' title="bbox 213 5157 1781 5229; baseline -0.006 -12"><span class='ocrx_word' id='word_1_716' title='bbox 213 5163 378 5218; x_wconf 81' lang='grc' dir='ltr'>καλεῖ</span> <span class='ocrx_word' id='word_1_717' title='bbox 423 5162 490 5214; x_wconf 76' lang='grc' dir='ltr'>τὰ</span> <span class='ocrx_word' id='word_1_718' title='bbox 517 5161 728 5222; x_wconf 79' lang='grc' dir='ltr'>δεῖπνα,</span> <span class='ocrx_word' id='word_1_719' title='bbox 759 5159 884 5221; x_wconf 74' lang='grc' dir='ltr'>τοὺς</span> <span class='ocrx_word' id='word_1_720' title='bbox 924 5159 1031 5210; x_wconf 85' lang='grc' dir='ltr'><strong>τῶν</strong></span> <span class='ocrx_word' id='word_1_721' title='bbox 1074 5159 1236 5229; x_wconf 80' lang='grc' dir='ltr'>ιερῶν</span> <span class='ocrx_word' id='word_1_722' title='bbox 1267 5157 1451 5228; x_wconf 81' lang='grc' dir='ltr'>ὓμνων</span> <span class='ocrx_word' id='word_1_723' title='bbox 1491 5160 1629 5226; x_wconf 68' lang='grc' dir='ltr'>αὐτῇ</span> <span class='ocrx_word' id='word_1_724' title='bbox 1669 5173 1781 5209; x_wconf 80' lang='grc' dir='ltr'>κοι-</span> 
     </span>
    </p>
   </div>
   <div class='ocr_carea' id='block_1_99' title="bbox 212 5247 1783 5326">
    <p class='ocr_par' dir='ltr' id='par_1_99' title="bbox 212 5247 1783 5326">
     <span class='ocr_line' id='line_1_99' title="bbox 212 5247 1783 5326; baseline -0.009 -13"><span class='ocrx_word' id='word_1_725' title='bbox 212 5257 591 5326; x_wconf 81' lang='grc' dir='ltr'>νωνήσαντας,</span> <span class='ocrx_word' id='word_1_726' title='bbox 653 5247 970 5314; x_wconf 79' lang='grc' dir='ltr'>Εἷθόῠτως</span> <span class='ocrx_word' id='word_1_727' title='bbox 1039 5251 1225 5320; x_wconf 79' lang='grc' dir='ltr'>μακρὰ</span> <span class='ocrx_word' id='word_1_728' title='bbox 1277 5251 1355 5319; x_wconf 81' lang='grc' dir='ltr'>τῷ</span> <span class='ocrx_word' id='word_1_729' title='bbox 1409 5250 1508 5320; x_wconf 81' lang='grc' dir='ltr'><strong>βίῳ</strong></span> <span class='ocrx_word' id='word_1_730' title='bbox 1573 5247 1783 5319; x_wconf 68' lang='grc' dir='ltr'>χαίρειν</span> 
     </span>
    </p>
   </div>
   <div class='ocr_carea' id='block_1_100' title="bbox 211 5330 1783 5414">
    <p class='ocr_par' dir='ltr' id='par_1_100' title="bbox 211 5343 1783 5414">
     <span class='ocr_line' id='line_1_100' title="bbox 211 5343 1783 5414; baseline -0.008 -10"><span class='ocrx_word' id='word_1_731' title='bbox 211 5348 468 5409; x_wconf 79' lang='grc' dir='ltr'>εἰποῦσα,</span> <span class='ocrx_word' id='word_1_732' title='bbox 495 5351 572 5410; x_wconf 85' lang='grc' dir='ltr'><strong>εἰς</strong></span> <span class='ocrx_word' id='word_1_733' title='bbox 604 5346 833 5408; x_wconf 81' lang='grc' dir='ltr'>ἀσύλους</span> <span class='ocrx_word' id='word_1_734' title='bbox 859 5361 916 5397; x_wconf 84' lang='grc' dir='ltr'><strong>τε</strong></span> <span class='ocrx_word' id='word_1_735' title='bbox 941 5343 1269 5414; x_wconf 72' lang='grc' dir='ltr'>Θησαυροὺς,</span> <span class='ocrx_word' id='word_1_736' title='bbox 1288 5343 1385 5405; x_wconf 80' lang='grc' dir='ltr'>τὰς</span> <span class='ocrx_word' id='word_1_737' title='bbox 1402 5343 1511 5393; x_wconf 84' lang='grc' dir='ltr'>τῶν</span> <span class='ocrx_word' id='word_1_738' title='bbox 1533 5343 1783 5412; x_wconf 78' lang='grc' dir='ltr'>πενήτων</span> 
     </span>
    </p>
   </div>
   <div class='ocr_carea' id='block_1_101' title="bbox 212 5432 1783 5515">
    <p class='ocr_par' dir='ltr' id='par_1_101' title="bbox 212 5432 1783 5515">
     <span class='ocr_line' id='line_1_101' title="bbox 212 5432 1783 5515; baseline -0.008 -20"><span class='ocrx_word' id='word_1_739' title='bbox 212 5447 365 5515; x_wconf 69' lang='grc' dir='ltr'>φημὶ</span> <span class='ocrx_word' id='word_1_740' title='bbox 407 5445 684 5514; x_wconf 77' lang='grc' dir='ltr'>γαστέρας</span> <span class='ocrx_word' id='word_1_741' title='bbox 727 5442 816 5494; x_wconf 78' lang='grc' dir='ltr'><strong>τὸν</strong></span> <span class='ocrx_word' id='word_1_742' title='bbox 847 5439 1075 5491; x_wconf 82' lang='grc' dir='ltr'>πλοῦτον</span> <span class='ocrx_word' id='word_1_743' title='bbox 1120 5437 1294 5505; x_wconf 80' lang='grc' dir='ltr'>αὐτῆς</span> <span class='ocrx_word' id='word_1_744' title='bbox 1329 5438 1504 5488; x_wconf 80' lang='grc' dir='ltr'>πάντα</span> <span class='ocrx_word' id='word_1_745' title='bbox 1548 5432 1783 5486; x_wconf 81' lang='grc' dir='ltr'>καταθε-</span> 
     </span>
    </p>
   </div>
   <div class='ocr_carea' id='block_1_102' title="bbox 214 5526 1782 5613">
    <p class='ocr_par' dir='ltr' id='par_1_102' title="bbox 214 5526 1782 5613">
     <span class='ocr_line' id='line_1_102' title="bbox 214 5526 1782 5613; baseline -0.011 -19"><span class='ocrx_word' id='word_1_746' title='bbox 214 5543 383 5613; x_wconf 81' lang='grc' dir='ltr'>μένη,</span> <span class='ocrx_word' id='word_1_747' title='bbox 416 5540 510 5592; x_wconf 71' lang='grc' dir='ltr'>καὶ</span> <span class='ocrx_word' id='word_1_748' title='bbox 545 5535 692 5590; x_wconf 79' lang='grc' dir='ltr'>λιτὸν</span> <span class='ocrx_word' id='word_1_749' title='bbox 732 5535 850 5588; x_wconf 76' lang='grc' dir='ltr'><strong>ὲνὸὓ</strong></span> <span class='ocrx_word' id='word_1_750' title='bbox 865 5552 931 5586; x_wconf 86' lang='grc' dir='ltr'><strong>σα</strong></span> <span class='ocrx_word' id='word_1_751' title='bbox 990 5530 1215 5600; x_wconf 61' lang='grc' dir='ltr'>χιτῶνα,</span> <span class='ocrx_word' id='word_1_752' title='bbox 1253 5529 1330 5601; x_wconf 82' lang='grc' dir='ltr'>τῷ</span> <span class='ocrx_word' id='word_1_753' title='bbox 1361 5531 1516 5598; x_wconf 80' lang='grc' dir='ltr'>τάφῳ</span> <span class='ocrx_word' id='word_1_754' title='bbox 1547 5526 1782 5599; x_wconf 82' lang='grc' dir='ltr'>διηκόνει</span> 
     </span>
    </p>
   </div>
   <div class='ocr_carea' id='block_1_103' title="bbox 210 5619 1782 5702">
    <p class='ocr_par' dir='ltr' id='par_1_103' title="bbox 210 5619 1782 5702">
     <span class='ocr_line' id='line_1_103' title="bbox 210 5619 1782 5702; baseline -0.01 -16"><span class='ocrx_word' id='word_1_755' title='bbox 210 5637 309 5686; x_wconf 81' lang='grc' dir='ltr'>τοῦ</span> <span class='ocrx_word' id='word_1_756' title='bbox 337 5633 638 5702; x_wconf 86' lang='grc' dir='ltr'>μάρτυρος,</span> <span class='ocrx_word' id='word_1_757' title='bbox 676 5627 818 5680; x_wconf 73' lang='grc' dir='ltr'>οὕτω</span> <span class='ocrx_word' id='word_1_758' title='bbox 858 5644 915 5680; x_wconf 82' lang='grc' dir='ltr'><strong>τε</strong></span> <span class='ocrx_word' id='word_1_759' title='bbox 964 5625 1250 5695; x_wconf 68' lang='grc' dir='ltr'>νηστείαις</span> <span class='ocrx_word' id='word_1_760' title='bbox 1303 5622 1636 5692; x_wconf 76' lang='grc' dir='ltr'>σχολὰςουισα</span> <span class='ocrx_word' id='word_1_761' title='bbox 1690 5619 1782 5672; x_wconf 76' lang='grc' dir='ltr'>καὶ</span> 
     </span>
    </p>
   </div>
   <div class='ocr_carea' id='block_1_104' title="bbox 211 5705 1782 5798">
    <p class='ocr_par' dir='ltr' id='par_1_104' title="bbox 211 5705 1782 5798">
     <span class='ocr_line' id='line_1_104' title="bbox 211 5705 1782 5798; baseline -0.01 -18"><span class='ocrx_word' id='word_1_762' title='bbox 211 5726 549 5798; x_wconf 81' lang='grc' dir='ltr'>προσευχαῖς</span> <span class='ocrx_word' id='word_1_763' title='bbox 574 5719 662 5796; x_wconf 77' lang='grc' dir='ltr'>ἦν,</span> <span class='ocrx_word' id='word_1_764' title='bbox 695 5722 790 5776; x_wconf 77' lang='grc' dir='ltr'>καὶ</span> <span class='ocrx_word' id='word_1_765' title='bbox 843 5720 933 5772; x_wconf 80' lang='grc' dir='ltr'>τὸν</span> <span class='ocrx_word' id='word_1_766' title='bbox 986 5718 1134 5781; x_wconf 80' lang='grc' dir='ltr'>ἐντὸς</span> <span class='ocrx_word' id='word_1_767' title='bbox 1171 5716 1424 5769; x_wconf 82' lang='grc' dir='ltr'>τοσοῦτον</span> <span class='ocrx_word' id='word_1_768' title='bbox 1476 5705 1782 5783; x_wconf 80' lang='grc' dir='ltr'>ἐκαθήρατο</span> 
     </span>
    </p>
   </div>
   <div class='ocr_carea' id='block_1_105' title="bbox 215 5807 1782 5891">
    <p class='ocr_par' dir='ltr' id='par_1_105' title="bbox 215 5807 1782 5891">
     <span class='ocr_line' id='line_1_105' title="bbox 215 5807 1782 5891; baseline -0.012 -12"><span class='ocrx_word' id='word_1_769' title='bbox 215 5820 528 5891; x_wconf 73' lang='grc' dir='ltr'>ἄνθρωπον,</span> <span class='ocrx_word' id='word_1_770' title='bbox 580 5817 691 5888; x_wconf 80' lang='grc' dir='ltr'><strong>ὅσῳ</strong></span> <span class='ocrx_word' id='word_1_771' title='bbox 722 5817 817 5871; x_wconf 66' lang='grc' dir='ltr'>καὶ</span> <span class='ocrx_word' id='word_1_772' title='bbox 852 5814 974 5868; x_wconf 76' lang='grc' dir='ltr'>καθ’</span> <span class='ocrx_word' id='word_1_773' title='bbox 998 5813 1235 5883; x_wconf 77' lang='grc' dir='ltr'>ἑκάστην</span> <span class='ocrx_word' id='word_1_774' title='bbox 1266 5811 1403 5880; x_wconf 75' lang='grc' dir='ltr'>αὐτῇ</span> <span class='ocrx_word' id='word_1_775' title='bbox 1435 5808 1631 5880; x_wconf 82' lang='grc' dir='ltr'>κυρίαν</span> <span class='ocrx_word' id='word_1_776' title='bbox 1675 5807 1782 5861; x_wconf 82' lang='grc' dir='ltr'>τῶν</span> 
     </span>
    </p>
   </div>
   <div class='ocr_carea' id='block_1_106' title="bbox 1886 4603 3450 4674">
    <p class='ocr_par' dir='ltr' id='par_1_106' title="bbox 1886 4603 3450 4674">
     <span class='ocr_line' id='line_1_106' title="bbox 1886 4603 3450 4674; baseline -0.002 -13"><span class='ocrx_word' id='word_1_777' title='bbox 1886 4608 2196 4674; x_wconf 82' lang='lat' dir='ltr'><strong>superabat,</strong></span> <span class='ocrx_word' id='word_1_778' title='bbox 2224 4607 2613 4657; x_wconf 86' lang='lat' dir='ltr'><strong>narrationem.</strong></span> <span class='ocrx_word' id='word_1_779' title='bbox 2654 4603 2860 4658; x_wconf 83' lang='lat' dir='ltr'><strong>Deinde</strong></span> <span class='ocrx_word' id='word_1_780' title='bbox 2892 4621 3014 4658; x_wconf 88' lang='lat' dir='ltr'><strong>cum</strong></span> <span class='ocrx_word' id='word_1_781' title='bbox 3053 4605 3144 4658; x_wconf 84' lang='lat' dir='ltr'><strong>ﬁlii</strong></span> <span class='ocrx_word' id='word_1_782' title='bbox 3177 4607 3258 4660; x_wconf 90' lang='lat' dir='ltr'><strong>sui</strong></span> <span class='ocrx_word' id='word_1_783' title='bbox 3301 4607 3450 4660; x_wconf 79' lang='lat' dir='ltr'><strong>desi-</strong></span> 
     </span>
    </p>
   </div>
   <div class='ocr_carea' id='block_1_107' title="bbox 1886 4692 3451 4765">
    <p class='ocr_par' dir='ltr' id='par_1_107' title="bbox 1886 4692 3451 4765">
     <span class='ocr_line' id='line_1_107' title="bbox 1886 4692 3451 4765; baseline 0.003 -17"><span class='ocrx_word' id='word_1_784' title='bbox 1886 4693 2124 4748; x_wconf 86' lang='lat' dir='ltr'><strong>derabile</strong></span> <span class='ocrx_word' id='word_1_785' title='bbox 2173 4692 2304 4748; x_wconf 89' lang='lat' dir='ltr'><strong>illud</strong></span> <span class='ocrx_word' id='word_1_786' title='bbox 2373 4693 2756 4762; x_wconf 89' lang='lat' dir='ltr'><strong>corpusculum</strong></span> <span class='ocrx_word' id='word_1_787' title='bbox 2817 4695 2970 4750; x_wconf 82' lang='lat' dir='ltr'><strong>beata</strong></span> <span class='ocrx_word' id='word_1_788' title='bbox 3028 4697 3123 4762; x_wconf 79' lang='lat' dir='ltr'><strong>illa</strong></span> <span class='ocrx_word' id='word_1_789' title='bbox 3169 4697 3451 4765; x_wconf 83' lang='lat' dir='ltr'><strong>splendide</strong></span> 
     </span>
    </p>
   </div>
   <div class='ocr_carea' id='block_1_108' title="bbox 1889 4786 3448 4858">
    <p class='ocr_par' dir='ltr' id='par_1_108' title="bbox 1889 4786 3448 4858">
     <span class='ocr_line' id='line_1_108' title="bbox 1889 4786 3448 4858; baseline -0.002 -17"><span class='ocrx_word' id='word_1_790' title='bbox 1889 4787 2132 4842; x_wconf 61' lang='lat' dir='ltr'><strong>uuxisse’t</strong></span> <span class='ocrx_word' id='word_1_791' title='bbox 2180 4796 2236 4841; x_wconf 87' lang='lat' dir='ltr'><strong>et</strong></span> <span class='ocrx_word' id='word_1_792' title='bbox 2263 4787 2680 4854; x_wconf 82' lang='lat' dir='ltr'><strong>composuisset,</strong></span> <span class='ocrx_word' id='word_1_793' title='bbox 2729 4786 2779 4844; x_wconf 89' lang='lat' dir='ltr'><strong>id</strong></span> <span class='ocrx_word' id='word_1_794' title='bbox 2824 4788 3167 4842; x_wconf 87' lang='lat' dir='ltr'><strong>commendat</strong></span> <span class='ocrx_word' id='word_1_795' title='bbox 3205 4795 3448 4858; x_wconf 74' lang='lat' dir='ltr'><strong>martyri,</strong></span> 
     </span>
    </p>
   </div>
   <div class='ocr_carea' id='block_1_109' title="bbox 1886 4881 3453 4950">
    <p class='ocr_par' dir='ltr' id='par_1_109' title="bbox 1886 4881 3453 4950">
     <span class='ocr_line' id='line_1_109' title="bbox 1886 4881 3453 4950; baseline 0.001 -14"><span class='ocrx_word' id='word_1_796' title='bbox 1886 4891 1996 4936; x_wconf 88' lang='lat' dir='ltr'><strong>tota</strong></span> <span class='ocrx_word' id='word_1_797' title='bbox 2025 4891 2184 4935; x_wconf 87' lang='lat' dir='ltr'><strong>nocte</strong></span> <span class='ocrx_word' id='word_1_798' title='bbox 2210 4897 2330 4934; x_wconf 89' lang='lat' dir='ltr'><strong>cum</strong></span> <span class='ocrx_word' id='word_1_799' title='bbox 2361 4881 2796 4949; x_wconf 78' lang='lat' dir='ltr'><strong>consanguineis,</strong></span> <span class='ocrx_word' id='word_1_800' title='bbox 2816 4891 2868 4933; x_wconf 88' lang='lat' dir='ltr'><strong>et</strong></span> <span class='ocrx_word' id='word_1_801' title='bbox 2887 4884 2952 4933; x_wconf 88' lang='lat' dir='ltr'><strong>iis</strong></span> <span class='ocrx_word' id='word_1_802' title='bbox 2971 4883 3058 4950; x_wconf 93' lang='lat' dir='ltr'><strong>qui</strong></span> <span class='ocrx_word' id='word_1_803' title='bbox 3091 4883 3156 4935; x_wconf 88' lang='lat' dir='ltr'><strong>ad</strong></span> <span class='ocrx_word' id='word_1_804' title='bbox 3182 4899 3297 4937; x_wconf 84' lang='lat' dir='ltr'><strong>eam</strong></span> <span class='ocrx_word' id='word_1_805' title='bbox 3325 4887 3453 4938; x_wconf 83' lang='lat' dir='ltr'><strong>atti-</strong></span> 
     </span>
    </p>
   </div>
   <div class='ocr_carea' id='block_1_110' title="bbox 1885 4971 3447 5043">
    <p class='ocr_par' dir='ltr' id='par_1_110' title="bbox 1885 4971 3447 5043">
     <span class='ocr_line' id='line_1_110' title="bbox 1885 4971 3447 5043; baseline 0.003 -16"><span class='ocrx_word' id='word_1_806' title='bbox 1885 4975 2108 5036; x_wconf 85' lang='lat' dir='ltr'><strong>nebant,</strong></span> <span class='ocrx_word' id='word_1_807' title='bbox 2141 4971 2344 5027; x_wconf 85' lang='lat' dir='ltr'><strong>faciens</strong></span> <span class='ocrx_word' id='word_1_808' title='bbox 2375 4973 2669 5043; x_wconf 78' lang='lat' dir='ltr'><strong>gratiarum</strong></span> <span class='ocrx_word' id='word_1_809' title='bbox 2697 4973 2990 5026; x_wconf 87' lang='lat' dir='ltr'><strong>actionem.</strong></span> <span class='ocrx_word' id='word_1_810' title='bbox 3035 4973 3240 5030; x_wconf 84' lang='lat' dir='ltr'><strong>Deinde</strong></span> <span class='ocrx_word' id='word_1_811' title='bbox 3281 4979 3447 5032; x_wconf 83' lang='lat' dir='ltr'><strong>etiam</strong></span> 
     </span>
    </p>
   </div>
   <div class='ocr_carea' id='block_1_111' title="bbox 1885 5064 3446 5134">
    <p class='ocr_par' dir='ltr' id='par_1_111' title="bbox 1885 5064 3446 5134">
     <span class='ocr_line' id='line_1_111' title="bbox 1885 5064 3446 5134; baseline 0.001 -18"><span class='ocrx_word' id='word_1_812' title='bbox 1885 5078 2006 5117; x_wconf 91' lang='lat' dir='ltr'><strong>eum</strong></span> <span class='ocrx_word' id='word_1_813' title='bbox 2041 5065 2325 5134; x_wconf 81' lang='lat' dir='ltr'><strong>mysticum</strong></span> <span class='ocrx_word' id='word_1_814' title='bbox 2371 5071 2615 5117; x_wconf 83' lang='lat' dir='ltr'><strong>curasset</strong></span> <span class='ocrx_word' id='word_1_815' title='bbox 2656 5064 3023 5132; x_wconf 79' lang='lat' dir='ltr'><strong>peragendum</strong></span> <span class='ocrx_word' id='word_1_816' title='bbox 3072 5066 3396 5118; x_wconf 76' lang='lat' dir='ltr'><strong>sacriﬁcium</strong></span> <span class='ocrx_word' id='word_1_817' title='bbox 3428 5103 3446 5131; x_wconf 88' lang='lat'><strong>,</strong></span> 
     </span>
    </p>
   </div>
   <div class='ocr_carea' id='block_1_112' title="bbox 1886 5146 3448 5225">
    <p class='ocr_par' dir='ltr' id='par_1_112' title="bbox 1886 5146 3448 5225">
     <span class='ocr_line' id='line_1_112' title="bbox 1886 5146 3448 5225; baseline 0.003 -16"><span class='ocrx_word' id='word_1_818' title='bbox 1886 5157 1938 5209; x_wconf 93' lang='lat' dir='ltr'><strong>in</strong></span> <span class='ocrx_word' id='word_1_819' title='bbox 1967 5171 2074 5225; x_wconf 91' lang='lat' dir='ltr'><strong>quo</strong></span> <span class='ocrx_word' id='word_1_820' title='bbox 2105 5171 2222 5208; x_wconf 87' lang='lat' dir='ltr'><strong>eam</strong></span> <span class='ocrx_word' id='word_1_821' title='bbox 2275 5146 2566 5223; x_wconf 64' lang='lat' dir='ltr'><strong>oportebat</strong></span> <span class='ocrx_word' id='word_1_822' title='bbox 2605 5155 2830 5216; x_wconf 82' lang='lat' dir='ltr'><strong>initiari,</strong></span> <span class='ocrx_word' id='word_1_823' title='bbox 2875 5155 2940 5206; x_wconf 87' lang='lat' dir='ltr'><strong>ad</strong></span> <span class='ocrx_word' id='word_1_824' title='bbox 2993 5155 3191 5209; x_wconf 86' lang='lat' dir='ltr'><strong>lautam</strong></span> <span class='ocrx_word' id='word_1_825' title='bbox 3251 5157 3448 5213; x_wconf 88' lang='lat' dir='ltr'><strong>invitat</strong></span> 
     </span>
    </p>
   </div>
   <div class='ocr_carea' id='block_1_113' title="bbox 1885 5248 3440 5318">
    <p class='ocr_par' dir='ltr' id='par_1_113' title="bbox 1885 5248 3440 5318">
     <span class='ocr_line' id='line_1_113' title="bbox 1885 5248 3440 5318; baseline 0.003 -15"><span class='ocrx_word' id='word_1_826' title='bbox 1885 5261 2094 5304; x_wconf 69' lang='lat' dir='ltr'><strong>cmnam</strong></span> <span class='ocrx_word' id='word_1_827' title='bbox 2129 5262 2245 5310; x_wconf 86' lang='lat' dir='ltr'><strong>eos,</strong></span> <span class='ocrx_word' id='word_1_828' title='bbox 2281 5248 2375 5317; x_wconf 88' lang='lat' dir='ltr'><strong>qui</strong></span> <span class='ocrx_word' id='word_1_829' title='bbox 2407 5263 2686 5302; x_wconf 86' lang='lat' dir='ltr'><strong>sacrorum</strong></span> <span class='ocrx_word' id='word_1_830' title='bbox 2729 5249 3048 5318; x_wconf 76' lang='lat' dir='ltr'><strong>hymnorum</strong></span> <span class='ocrx_word' id='word_1_831' title='bbox 3078 5250 3292 5305; x_wconf 80' lang='lat' dir='ltr'><strong>fuerant</strong></span> <span class='ocrx_word' id='word_1_832' title='bbox 3319 5268 3440 5306; x_wconf 89' lang='lat' dir='ltr'><strong>cum</strong></span> 
     </span>
    </p>
   </div>
   <div class='ocr_carea' id='block_1_114' title="bbox 1884 5341 3447 5410">
    <p class='ocr_par' dir='ltr' id='par_1_114' title="bbox 1884 5341 3447 5410">
     <span class='ocr_line' id='line_1_114' title="bbox 1884 5341 3447 5410; baseline 0.003 -14"><span class='ocrx_word' id='word_1_833' title='bbox 1884 5358 1947 5396; x_wconf 89' lang='lat' dir='ltr'><strong>ea</strong></span> <span class='ocrx_word' id='word_1_834' title='bbox 2013 5341 2325 5410; x_wconf 84' lang='lat' dir='ltr'><strong>participes.</strong></span> <span class='ocrx_word' id='word_1_835' title='bbox 2377 5341 2576 5395; x_wconf 88' lang='lat' dir='ltr'><strong>Deinde</strong></span> <span class='ocrx_word' id='word_1_836' title='bbox 2630 5356 2763 5409; x_wconf 84' lang='lat' dir='ltr'><strong>eum</strong></span> <span class='ocrx_word' id='word_1_837' title='bbox 2807 5346 2885 5396; x_wconf 92' lang='lat' dir='ltr'><strong>sic</strong></span> <span class='ocrx_word' id='word_1_838' title='bbox 2944 5344 3203 5396; x_wconf 84' lang='lat' dir='ltr'><strong>mundum</strong></span> <span class='ocrx_word' id='word_1_839' title='bbox 3265 5346 3447 5400; x_wconf 86' lang='lat' dir='ltr'><strong>valere</strong></span> 
     </span>
    </p>
   </div>
   <div class='ocr_carea' id='block_1_115' title="bbox 1882 5431 3449 5506">
    <p class='ocr_par' dir='ltr' id='par_1_115' title="bbox 1882 5431 3449 5506">
     <span class='ocr_line' id='line_1_115' title="bbox 1882 5431 3449 5506; baseline 0 -17"><span class='ocrx_word' id='word_1_840' title='bbox 1882 5436 2152 5506; x_wconf 89' lang='lat' dir='ltr'><strong>jussisset,</strong></span> <span class='ocrx_word' id='word_1_841' title='bbox 2188 5444 2242 5487; x_wconf 91' lang='lat' dir='ltr'><strong>et</strong></span> <span class='ocrx_word' id='word_1_842' title='bbox 2287 5433 2339 5485; x_wconf 88' lang='lat' dir='ltr'><strong>in</strong></span> <span class='ocrx_word' id='word_1_843' title='bbox 2378 5431 2681 5492; x_wconf 88' lang='lat' dir='ltr'><strong>thesauros,</strong></span> <span class='ocrx_word' id='word_1_844' title='bbox 2720 5433 2811 5501; x_wconf 89' lang='lat' dir='ltr'><strong>qui</strong></span> <span class='ocrx_word' id='word_1_845' title='bbox 2861 5448 2969 5485; x_wconf 88' lang='lat' dir='ltr'><strong>non</strong></span> <span class='ocrx_word' id='word_1_846' title='bbox 3021 5444 3256 5503; x_wconf 86' lang='lat' dir='ltr'><strong>possunt</strong></span> <span class='ocrx_word' id='word_1_847' title='bbox 3286 5437 3449 5506; x_wconf 83' lang='lat' dir='ltr'><strong>eripi,</strong></span> 
     </span>
    </p>
   </div>
   <div class='ocr_carea' id='block_1_116' title="bbox 1887 5526 3454 5596">
    <p class='ocr_par' dir='ltr' id='par_1_116' title="bbox 1887 5526 3454 5596">
     <span class='ocr_line' id='line_1_116' title="bbox 1887 5526 3454 5596; baseline 0.001 -15"><span class='ocrx_word' id='word_1_848' title='bbox 1887 5529 1938 5581; x_wconf 91' lang='lat' dir='ltr'><strong>in</strong></span> <span class='ocrx_word' id='word_1_849' title='bbox 1965 5542 2285 5596; x_wconf 86' lang='lat' dir='ltr'><strong>pauperum,</strong></span> <span class='ocrx_word' id='word_1_850' title='bbox 2313 5526 2556 5593; x_wconf 87' lang='lat' dir='ltr'><strong>inquam,</strong></span> <span class='ocrx_word' id='word_1_851' title='bbox 2596 5535 2834 5587; x_wconf 76' lang='lat' dir='ltr'><strong>ventres,</strong></span> <span class='ocrx_word' id='word_1_852' title='bbox 2867 5542 3057 5580; x_wconf 87' lang='lat' dir='ltr'><strong>omnes</strong></span> <span class='ocrx_word' id='word_1_853' title='bbox 3088 5542 3214 5580; x_wconf 89' lang='lat' dir='ltr'><strong>suas</strong></span> <span class='ocrx_word' id='word_1_854' title='bbox 3253 5539 3454 5582; x_wconf 82' lang='lat' dir='ltr'><strong>contu-</strong></span> 
     </span>
    </p>
   </div>
   <div class='ocr_carea' id='block_1_117' title="bbox 1883 5615 3452 5687">
    <p class='ocr_par' dir='ltr' id='par_1_117' title="bbox 1883 5615 3452 5687">
     <span class='ocr_line' id='line_1_117' title="bbox 1883 5615 3452 5687; baseline 0 -15"><span class='ocrx_word' id='word_1_855' title='bbox 1883 5619 2035 5673; x_wconf 90' lang='lat' dir='ltr'><strong>lisset</strong></span> <span class='ocrx_word' id='word_1_856' title='bbox 2060 5618 2295 5681; x_wconf 84' lang='lat' dir='ltr'><strong>divitias,</strong></span> <span class='ocrx_word' id='word_1_857' title='bbox 2330 5625 2383 5670; x_wconf 86' lang='lat' dir='ltr'><strong>et</strong></span> <span class='ocrx_word' id='word_1_858' title='bbox 2415 5631 2473 5670; x_wconf 89' lang='lat' dir='ltr'><strong>se</strong></span> <span class='ocrx_word' id='word_1_859' title='bbox 2504 5617 2652 5670; x_wconf 88' lang='lat' dir='ltr'><strong>tenui</strong></span> <span class='ocrx_word' id='word_1_860' title='bbox 2674 5615 2938 5671; x_wconf 88' lang='lat' dir='ltr'><strong>induisset</strong></span> <span class='ocrx_word' id='word_1_861' title='bbox 2971 5617 3174 5684; x_wconf 88' lang='lat' dir='ltr'><strong>tunica,</strong></span> <span class='ocrx_word' id='word_1_862' title='bbox 3201 5620 3452 5687; x_wconf 83' lang='lat' dir='ltr'><strong>sepulcro</strong></span> 
     </span>
    </p>
   </div>
   <div class='ocr_carea' id='block_1_118' title="bbox 1886 5707 3451 5778">
    <p class='ocr_par' dir='ltr' id='par_1_118' title="bbox 1886 5707 3451 5778">
     <span class='ocr_line' id='line_1_118' title="bbox 1886 5707 3451 5778; baseline -0.001 -13"><span class='ocrx_word' id='word_1_863' title='bbox 1886 5711 2227 5765; x_wconf 85' lang='lat' dir='ltr'><strong>ministrabat</strong></span> <span class='ocrx_word' id='word_1_864' title='bbox 2278 5709 2560 5778; x_wconf 85' lang='lat' dir='ltr'><strong>martyris;</strong></span> <span class='ocrx_word' id='word_1_865' title='bbox 2627 5718 2683 5762; x_wconf 93' lang='lat' dir='ltr'><strong>et</strong></span> <span class='ocrx_word' id='word_1_866' title='bbox 2732 5707 2810 5762; x_wconf 90' lang='lat' dir='ltr'><strong>sic</strong></span> <span class='ocrx_word' id='word_1_867' title='bbox 2859 5708 3084 5778; x_wconf 81' lang='lat' dir='ltr'><strong>jejuniis</strong></span> <span class='ocrx_word' id='word_1_868' title='bbox 3147 5723 3345 5764; x_wconf 82' lang='lat' dir='ltr'><strong>vacans</strong></span> <span class='ocrx_word' id='word_1_869' title='bbox 3397 5719 3451 5763; x_wconf 89' lang='lat' dir='ltr'><strong>et</strong></span> 
     </span>
    </p>
   </div>
   <div class='ocr_carea' id='block_1_119' title="bbox 1886 5801 3451 5873">
    <p class='ocr_par' dir='ltr' id='par_1_119' title="bbox 1886 5801 3451 5873">
     <span class='ocr_line' id='line_1_119' title="bbox 1886 5801 3451 5873; baseline -0.002 -15"><span class='ocrx_word' id='word_1_870' title='bbox 1886 5803 2248 5870; x_wconf 79' lang='lat' dir='ltr'><strong>roaiionibus,</strong></span> <span class='ocrx_word' id='word_1_871' title='bbox 2288 5804 2557 5858; x_wconf 88' lang='lat' dir='ltr'><strong>internum</strong></span> <span class='ocrx_word' id='word_1_872' title='bbox 2607 5810 2818 5856; x_wconf 91' lang='lat' dir='ltr'><strong>tantum</strong></span> <span class='ocrx_word' id='word_1_873' title='bbox 2855 5802 3118 5873; x_wconf 75' lang='lat' dir='ltr'><strong>purgabat</strong></span> <span class='ocrx_word' id='word_1_874' title='bbox 3150 5801 3451 5866; x_wconf 86' lang='lat' dir='ltr'><strong>hominem,</strong></span> 
     </span>
    </p>
   </div>
  </div>
