4198 6312
763 364 898 427 1159
2032 352 2308 414 ΜΕΝΞΙΒ
2345 352 2709 410 OCTOBER.
3873 348 4001 416 1160

761 490 819 535 ut
844 474 1070 544 singulis
1098 471 1386 527 Dominicis
1425 469 1470 525 ei
1505 479 1705 540 martyr
1740 478 2027 537 appareret
2066 483 2187 520 cum
2217 467 2324 519 lilio
2352 470 2400 529 Α

2352 463 2650 534 Αὴμερῶν
2682 464 2771 515 τὸν
2832 460 3087 531 μάρτυρα
3149 459 3240 512 τοῦ
3297 460 3480 523 παιδὸς
3521 461 3577 513 ὲν
3628 462 3795 532 ὁμοία
3844 457 4006 534 ἧκαὶ

760 570 814 622 in
855 568 1069 627 eodem,
1113 566 1166 618 in
1222 579 1328 632 quo
1380 563 1568 631 prius.
1620 560 1854 618 amictu.
1915 560 2032 628 ejus
2087 557 2328 610 dolorem

2428 557 2693 626 πρότερον
2749 551 3075 606 ἐπίστασθαι
3109 554 3173 621 τῇ
3207 552 3464 621 ἀναϐολῇ,
3515 554 3670 621 παρά
3705 553 3898 625 ψυχὴν
3943 558 4005 626 τῇ

763 662 1131 715 consolantes.
1176 656 1416 725 Septimo
1472 667 1651 708 autem
1701 669 1842 707 anno
1888 669 2000 706 suae
2043 652 2094 704 in
2141 652 2334 704 melius

2431 646 2578 716 λύπῃ
2615 646 2874 704 διδόντας,
2908 643 3027 703 ἔτος
3067 642 3298 712 ἕϐδομον
3335 642 3391 705 ἐξ
3427 644 3555 695 ὅτου
3587 643 3655 696 τὰ
3696 645 3802 714 τῆς
3841 662 4005 715 μετα-

763 755 883 806 vitae
929 750 1264 812 mutationis,
1310 764 1428 801 cum
1465 749 1623 816 plena
1660 755 1802 800 esset
1844 746 2036 800 diebus
2088 745 2332 811 spiritus,

2432 737 2590 805 ϐολῆς
2626 739 2758 804 προς
2779 735 2840 786 τὸ
2878 734 3114 802 βέλτιον,
3147 735 3241 786 καὶ
3275 735 3486 804 πλήρης
3518 736 3745 807 ἡμερῶν
3783 737 3899 790 τῶν
3916 736 4005 792 τοῦ

761 844 812 896 in
847 860 976 913 pare
1003 842 1148 910 pacis
1199 840 1413 906 quidem
1461 838 1551 891 Dei
1593 838 1871 907 spiritum,
1908 852 2108 905 corpus
2155 844 2332 887 autent

2437 829 2754 898 Πνεύματος
2777 827 3070 896 γενομένη,
3104 828 3159 879 ὲν
3179 829 3392 897 εἰρήνῃ,
3420 827 3495 894 τῷ
3515 827 3616 896 μὲν
3647 831 3749 896 τῆς
3778 830 4006 899 είρήνης

761 935 1104 989 commendat
1138 934 1267 994 lilio,
1315 941 1369 984 ut
1415 945 1552 999 quos
1583 945 1686 983 una
1720 929 1952 983 habebat
1985 929 2200 991 domus,
2240 941 2334 980 eos

2435 920 2552 988 Θεῷ
2587 921 2644 972 τὸ
2677 918 2913 987 πνεῦμα,
2944 917 3003 970 τὸ
3029 917 3186 985 σῶμα
3222 916 3279 970 δὲ
3314 915 3390 986 τῷ
3426 917 3580 969 παιδὶ
3622 917 4001 988 παρατίθεται,

762 1025 920 1078 etiam
980 1039 1120 1077 unus
1173 1023 1429 1076 conderet
1474 1021 1704 1082 loculus,
1761 1028 1815 1073 ct
1855 1035 1922 1072 ne
1965 1020 2079 1087 ipse
2117 1016 2332 1084 quidem

764 1115 1044 1166 amborum
1091 1112 1268 1180 pulvis
1329 1111 1750 1180 disjungeretur.
1797 1110 1928 1161 Cum
1988 1107 2186 1175 quibus
2247 1106 2336 1161 det

764 1219 977 1274 quoque
1007 1204 1164 1256 nobis
1201 1201 1341 1255 Deus
1377 1216 1498 1255 esse
1533 1203 1704 1270 partis
1744 1216 1955 1258 eorum,
1995 1198 2083 1265 qui
2116 1213 2335 1251 servan-

766 1306 873 1360 tur,
900 1307 954 1349 et
979 1296 1156 1348 videre
1188 1295 1462 1363 regionem
1491 1294 1786 1346 viventium
1826 1308 1837 1343 :
1875 1289 2127 1359 quoniam
2155 1290 2326 1356 ipsum

765 1389 919 1441 decet
951 1388 1129 1440 omnis
1160 1388 1327 1456 gloria
1369 1397 1420 1439 et
1467 1385 1710 1440 adoratio
1766 1399 1908 1438 nunc
1956 1392 2008 1436 et
2041 1395 2251 1448 semper
2278 1391 2328 1434 et

766 1481 819 1533 in
863 1481 1057 1534 saecula
1104 1481 1444 1534 szcculorum.
1475 1481 1665 1534 Amen.

783 1739 1954 1770 u=u=—-———-_____________.___..__..-—--———-——-

2438 1011 2625 1074 ἱ’νύὒς
2700 1011 2793 1082 μία
2847 1005 2992 1079 εἶχεν
3056 1010 3222 1071 οίκία.
3285 1009 3505 1072 τούτους
3563 1011 3655 1062 καὶ
3714 1010 3818 1079 μία
3855 1011 4008 1082 σορὸς

2434 1102 2719 1169 πιστευθῆ,
2778 1101 2869 1154 καὶ
2905 1100 3040 1169 μηδὲ
3086 1100 3225 1154 αύτὰ
3285 1100 3471 1170 διαστῇ
3527 1101 3595 1153 τὰ
3646 1101 3749 1170 τῆς
3787 1101 4007 1165 κόνεως.

2432 1194 2565 1248 Μεθ’
2594 1188 2666 1245 ὦν
2708 1192 2825 1260 δώῃ
2867 1191 2960 1244 καὶ
3003 1192 3134 1260 ἡμῖν
3164 1190 3342 1251 sese;
3369 1191 3465 1257 τῆς
3519 1190 3626 1242 τῶν
3686 1191 4009 1258 σωζομένων

2434 1285 2688 1352 γενέσθαι
2735 1283 2971 1353 μερίδος,
3011 1285 3102 1334 καὶ
3131 1282 3230 1353 τὴν
3258 1283 3365 1334 τῶν
3389 1281 3604 1344 ζώντως
3636 1281 3825 1350 χώραν
3863 1279 4008 1340 ἰδεῖν,

2435 1378 2516 1430 ὅτι
2554 1375 2702 1444 αὐτῷ
2745 1374 2946 1444 πρέπει
2979 1375 3129 1426 πᾶσα
3152 1373 3300 1438 δόξα,
3324 1374 3454 1442 τιμὴ
3487 1374 3582 1425 καὶ
3611 1369 4007 1442 προσκύνησις,

2437 1470 2533 1521 νῦν
2584 1469 2678 1521 καὶ
2733 1468 2822 1520 ἀεὶ
2887 1469 2981 1520 καὶ
3041 1469 3119 1529 είς
3176 1467 3301 1529 τοὺς
3353 1464 3551 1528 αἰῶνας
3612 1464 3724 1517 τῶν
3779 1462 4008 1516 αἰώνων.

2448 1561 2637 1630 Ἀμήν.

3136 1733 3990 1765 mna:

1941 1902 2808 2023 ΜΑΡΤΥΡΙΟΝ

1513 2129 1737 2214 ΤΟΥ
1817 2126 2150 2211 ΑΓΙΟΥ
2222 2125 3263 2217 ΜΕΓΑΛΟΜΑΡΤΥΡΟΣ

1847 2341 2917 2473 ΑΡΤΕΜΙΟΥ.

2034 2767 2756 2856 MARTYBIUM

1326 2984 1837 3101 SANCTI
1918 2991 2098 3098 ET
2188 2986 2639 3104 MAGNI
2718 2983 3458 3100 MARTYBIS

1959 3235 2822 3389 ARTEMI].

1301 3508 1494 3567 (Graece
1528 3518 1589 3554 ex
1627 3507 1737 3557 cod.
1765 3520 1853 3558 ms.
1895 3506 2049 3558 Paris.
2077 3521 2126 3556 n.
2155 3506 2302 3567 “80;
2328 3507 2500 3556 Latine
2533 3507 2659 3568 apud
2682 3506 2878 3555 Sorium
2907 3505 2965 3552 ad
2998 3505 3129 3554 diem
3151 3503 3211 3553 20
3236 3502 3502 3563 Octobris.)

852 3823 889 3881 Ι.
933 3823 1059 3879 Post
1115 3823 1328 3882 Domini
1379 3840 1432 3886 et
1489 3831 1815 3890 Salvatoris.
1845 3836 2020 3889 nostri
2074 3835 2131 3888 in
2183 3835 2349 3889 caelos
2379 3850 2420 3903 Β

2379 3850 2420 3903 Β
2525 3830 2607 3885 A'.
2653 3833 2808 3887 Μετά
2842 3831 2941 3900 τὴν
2973 3832 3067 3885 τοῦ
3104 3830 3309 3901 Κυρίου
3351 3830 3446 3882 καὶ
3473 3830 3732 3901 Σωτῆρος
3763 3832 3926 3902 ἡμῶν
3955 3832 4030 3897 εἰς

779 3932 1088 3981 ascensum,
1116 3933 1238 3971 cum
1274 3920 1391 3988 ejus
1414 3921 1663 3991 discipuli
1698 3932 1752 3977 et
1773 3924 2000 3994 apostoli
2030 3925 2344 3979 universum

781 4012 964 4064 orbem
1016 4019 1173 4064 terra:
1221 4011 1512 4084 Evangelio
1564 4017 2131 4082 comprehendissent,
2189 4027 2244 4071 et
2289 4017 2344 4070 in

781 4118 969 4157 omnes
1016 4103 1233 4172 quidem
1285 4115 1468 4172 partes
1506 4107 1617 4172 jam
1652 4107 1940 4161 distributa
1970 4117 2114 4162 esset
2157 4107 2346 4177 praedi-

782 4196 922 4246 catio
947 4193 1188 4262 pietatis,
1216 4192 1260 4245 is
1299 4202 1503 4256 autem,
1538 4195 1625 4261 qui
1660 4199 1728 4250 ab
1758 4186 1914 4250 initio
1944 4198 2130 4266 generi
2172 4197 2348 4250 homi-

785 4300 910 4336 num
967 4285 1304 4348 adversatur,
1359 4285 1709 4342 intolerandis
1758 4291 2043 4344 tormentis
2088 4305 2185 4361 per
2229 4305 2345 4355 eos,

784 4375 870 4444 qui
923 4385 1051 4429 tunc
1115 4391 1291 4430 rerum
1348 4379 1713 4447 potiebantur,
1787 4382 2082 4450 subjiceret
2139 4382 2346 4448 ﬁdeles,

784 4468 1068 4536 oportebat
1107 4469 1398 4537 aliquando
1445 4467 1790 4527 Christianos
1835 4474 1966 4527 solvi
2013 4489 2045 4528 α
2091 4475 2251 4528 malis
2296 4483 2350 4528 et

787 4559 1069 4624 molestiis,
1122 4568 1176 4613 et
1244 4574 1364 4614 cum
1414 4562 1609 4615 acerba
1669 4563 1812 4618 nube
1870 4565 2161 4636 impietatis
2215 4565 2346 4619 solvi

787 4652 949 4703 etiam
1013 4660 1386 4719 tempestatem
1436 4662 1848 4718 tormentorum,
1901 4658 2100 4725 quibus
2153 4655 2350 4711 allicie-

789 4742 1008 4804 bantur,
1054 4751 1108 4792 et
1147 4739 1262 4793 sisti
1297 4741 1496 4809 virgam
1531 4753 1902 4810 peccatorum,
1940 4760 2059 4813 qua:
2093 4746 2349 4799 immitte-

789 4833 945 4886 hatur
977 4833 1240 4887 adversus
1265 4832 1634 4888 ltwreditatem
1671 4837 1973 4906 justorutn.
2001 4836 2134 4891 Cum
2167 4847 2347 4891 autem

788 4926 850 4978 ad
883 4927 983 4978 hoc
1013 4933 1155 4978 esset
1180 4941 1314 4993 opus
1344 4926 1462 4979 viro
1514 4927 1604 4997 qui
1637 4928 1862 4982 haberet
1889 4931 2154 5001 insignem
2183 4931 2349 4985 animi

790 5017 1126 5069 nobilitatem
1160 5056 1174 5079 ,
1212 5019 1333 5070 talis
1368 5027 1547 5072 autem
1582 5019 2018 5074 eratConstantii
2052 5032 2106 5074 et
2137 5021 2353 5077 Helena:

792 5108 954 5164 lilius.
1002 5106 1396 5160 Constantinus
1449 5106 1684 5178 Magnus
1722 5113 2133 5180 cognominatus
2169 5129 2183 5166 ε
2234 5113 2279 5166 is
2321 5128 2349 5164 a

2440 3926 2714 3993 ὀὐρανοὺς
2759 3925 3032 3996 ἀνάληψιν
3060 3965 3076 3992 ,
3119 3925 3228 3977 τῶν
3280 3922 3444 3977 αὑτοῦ
3510 3923 3780 3990 μαθητῶν
3833 3943 3893 3978 τι
3938 3927 4026 3980 καὶ

2434 4019 2763 4073 ’ἀποστόλων
2805 4021 2906 4090 τὴν
2957 4018 3285 4089 οἰκουμένην
3331 4018 3512 4069 πᾶσαν
3565 4015 3645 4086 τῷ
3703 4017 4025 4087 Εὑαγγελίῳ

2449 4112 2891 4179 περιλαϐόντων,
2936 4113 3032 4162 καὶ
3077 4108 3355 4177 πανταχοῦ
3398 4108 3498 4177 μὲν
3529 4106 3881 4170 διαδοθέντος
3933 4110 4023 4177 ἥδη

2446 4201 2543 4254 τοῦ
2573 4203 2671 4271 τῆς
2704 4200 2989 4264 εὐσεϐείας
3017 4200 3372 4270 κηρύγματος
3425 4199 3520 4250 τοῦ
3557 4197 3615 4251 δὲ
3653 4200 3906 4269 ἀρχῆθεν
3941 4204 4026 4255 αν-

2446 4295 2761 4365 τικειμένου
2801 4293 2879 4362 τῷ
2909 4294 3018 4348 τῶν
3048 4291 3357 4362 ἀνθρώπων
3389 4289 3558 4359 γένει,
3593 4289 3874 4361 βασάνους
3903 4296 4028 4362 ἀφο-

2451 4388 2633 4457 ρήτοις
2658 4385 2747 4438 διὰ
2800 4385 2910 4439 τῶν
2939 4386 3057 4439 τότε
3095 4383 3441 4454 κρατούντων
3471 4384 3875 4447 ὑποϐάλλοντας
3907 4386 4024 4448 τοὺς

2449 4477 2817 4539 πιστεύοντας
2851 4477 2959 4528 ἔδει
3007 4476 3141 4527 ποτε
3173 4475 3329 4526 λύσιν
3368 4478 3626 4542 γενέσθαι
3675 4478 4025 4546 Χριστιανοίς

2448 4568 2558 4622 τῶν
2617 4567 2887 4639 ἀνιαρῶν,
2953 4568 3046 4620 καὶ
3117 4567 3259 4636 μετὰ
3310 4564 3404 4618 τοῦ
3456 4565 3659 4636 πικροῦ
3693 4571 3895 4636 νέφους
3937 4570 4024 4636 τῆς

2448 4661 2705 4726 ἀσεϐείας
2745 4661 2976 4732 λυθῆναι
3009 4661 3216 4714 καὶτὸν
3269 4660 3515 4731 χειμῶνα
3553 4662 3653 4730 τῆς
3692 4664 3819 4713 κατ’
3850 4663 4029 4714 αὐτῶν

2449 4754 2740 4822 τιμωρίας,
2777 4755 2871 4806 καὶ
2895 4755 3090 4822 στῆναι
3120 4752 3317 4821 ῥάϐδον
3350 4753 3698 4822 ἁμαρτωλῶν
3727 4755 3873 4806 κατά
3903 4755 4030 4822 κλή-

2452 4863 2546 4916 ρου
2571 4847 2793 4900 δικαίων
2824 4847 3151 4916 ἀφιεμένην,
3188 4845 3342 4899 Ἐπεὶ
3373 4845 3427 4898 δὲ
3450 4845 3641 4913 ἀνδρὸς
3676 4847 3855 4899 ὲδείσο
3895 4848 4029 4914 πρὸς

2450 4940 2631 5004 τοῦτο,
2683 4939 2965 5008 περιφανῆ
3011 4940 3111 5008 τὴν
3154 4940 3254 5005 τῆς
3282 4937 3465 5007 ψυχῆς
3496 4938 3790 5004 εὐγένειαν
3830 4956 4031 5006 texti:-

2455 5034 2642 5104 μένου,
2681 5031 2922 5093 τοιοῦτος
2968 5030 3022 5081 δὲ
3054 5031 3082 5082 ὁ
3113 5031 3467 5093 Κώνσταντος
3516 5032 3608 5083 καὶ
3658 5029 3882 5099 Ἑλένης
3920 5031 4029 5091 υἱὸς

2455 5123 2860 5181 Κωνσταντῑνος
2910 5122 2937 5170 ὀ
2982 5119 3170 5186 Μέγας
3219 5118 3556 5188 ἐπικληθεὶς,
3587 5117 3895 5187 ἀφίσταται
3936 5118 4031 5186 μὲν

790 5201 962 5268 patrio
1002 5200 1221 5268 quidem
1263 5198 1466 5253 recedit
1511 5217 1716 5266 errore,
1767 5219 1967 5259 arcano
2016 5206 2248 5273 quodam
2295 5193 2419 5260 etC

2375 5193 2419 5254 Ο
2453 5212 2549 5280 τῆς
2588 5211 2822 5280 πατρίου
2878 5209 3085 5279 πλάνης
3126 5211 3430 5280 ἀπορρήτῳ
3477 5212 3585 5261 τινὶ
3629 5212 3725 5262 καὶ
3778 5211 4029 5279 θειοτέρα

791 5293 972 5346 divino
1027 5292 1274 5354 consilio,
1327 5302 1381 5346 et
1430 5293 1637 5346 accedit
1693 5294 1758 5348 ad
1820 5298 2120 5350 veritatem.
2179 5297 2355 5351 Vincit

793 5383 958 5447 enim,
988 5393 1044 5437 ut
1069 5398 1258 5437 omnes
1286 5384 1484 5448 sciunt,
1514 5385 1762 5441 inimicos
1790 5401 1886 5455 per
1920 5390 2095 5442 crucis
2129 5389 2179 5442 in
2217 5390 2353 5443 coelo

794 5477 1184 5544 apparitionern
1229 5493 1244 5529 ε
1303 5488 1353 5531 ει
1415 5477 1640 5546 Magnus
1689 5481 1869 5533 statim
1921 5482 2245 5550 appellatur,
2300 5494 2354 5536 et

794 5579 1011 5638 propter
1041 5567 1258 5635 pietatis
1294 5569 1746 5637 magnitudinem,
1785 5579 1838 5624 et
1874 5571 1927 5624 in
1963 5573 2145 5626 hostes
2180 5573 2353 5627 victo-

793 5663 948 5713 riam.
982 5659 1186 5711 Deinde
1218 5661 1378 5714 etiam
1429 5675 1622 5729 magno
1653 5659 1807 5731 Regi,
1844 5669 1900 5713 et
1927 5666 2198 5717 communi
2237 5680 2353 5717 om-

796 5752 936 5803 nium
973 5749 1196 5804 Domino
1233 5750 1472 5807 victoriae
1507 5753 1738 5807 reddens
1780 5754 2000 5824 gratias,
2051 5756 2212 5811 mittit
2257 5772 2352 5825 per

2451 5301 2736 5370 οἰκονομίᾳ
2778 5301 2868 5352 καὶ
2897 5302 2960 5370 τῇ
2990 5300 3218 5367 ἀληθεία
3257 5297 3630 5368 προστίθεται,
3658 5300 3794 5368 νικᾷ
3839 5299 3924 5364 δὲ,
3961 5300 4030 5359 ὡς

2451 5397 2654 5455 πάντες
2694 5393 2864 5459 ἴσασι,
2897 5395 3025 5454 τοὺς
3057 5393 3286 5462 ἐχθροὺς
3317 5392 3405 5446 διὰ
3451 5392 3551 5461 τῆς
3587 5394 3643 5444 ἐν
3681 5392 3906 5462 ούρανῷ
3942 5392 4030 5444 τοῦ

2455 5486 2689 5554 σταυροῦ
2735 5487 3056 5554 ἐμφανείας,
3100 5487 3194 5538 καὶ
3238 5487 3428 5552 Μέγας
3474 5486 3636 5550 εὐθὺς
3683 5491 3750 5557 τῇ
3794 5504 3855 5538 τε
3908 5490 4033 5555 περὶ

2451 5579 2550 5647 τὴν
2601 5578 2886 5629 εὐσέϐειαν
2947 5579 3332 5647 μεγαλειότητι
3390 5578 3485 5630 καὶ
3530 5581 3598 5647 τῇ
3662 5581 3791 5630 κατ’
3854 5581 4026 5631 αὐτῶν

2451 5669 2595 5738 νίκῃ,
2633 5667 3130 5737 προσαγορεύεται,
3167 5663 3287 5720 εἶτα
3323 5672 3411 5721 καὶ
3441 5668 3517 5737 τῷ
3559 5670 3791 5740 μεγάλῳ
3823 5669 4036 5722 Βασιλεῖ

2452 5763 2544 5814 καὶ
2577 5760 2733 5830 κοινᾷ
2767 5761 3260 5832 πάντωνλΔεσπότῃ
3295 5763 3525 5831 χάριτας
3568 5763 3667 5831 τῆς
3711 5763 3875 5831 νίκης
3914 5765 4035 5814 ἀπο-
