4198 6312
205 370 323 447 1161

1345 368 1447 426 MA
1462 365 1749 425 BTYIUM
1784 364 1845 422 S.
1888 361 2235 422 ARTEMU.

3287 356 3425 423 “62

200 489 389 551 διδοὺς,
422 484 671 554 δόγματα
698 484 809 545 τοῖς
846 480 954 550 πρὸ
986 481 1076 535 τοῦ
1112 478 1422 552 βασιλεῦσιν
1452 477 1758 546 ἀντίρῤοπα

1863 488 2051 528 omnes
2083 480 2266 542 partes
2301 468 2449 524 orbis
2484 479 2639 524 terrae
2673 469 2914 535 decreta,
2948 483 3066 538 quae
3109 480 3268 524 erant
3297 483 3427 524 con~

202 584 296 651 τῆς
338 577 665 647 οἰκουμένης
713 574 990 643 πανταχοῦ
1043 574 1437 638 διαπέμπεται,
1482 569 1610 631 τοὺς
1657 568 1756 637 μὲν

202 672 300 725 τῶν
353 668 587 722 εἰδώλων
639 664 1024 735 καθαιρεῖσθαι
1072 663 1231 725 ναοὺς
1278 664 1371 715 καὶ
1433 661 1514 724 είς
1563 660 1758 727 ἔδαφος

201 757 689 833 καταστρέφεσθαι,
721 756 1195 826 ἀνοικοδομεῖσθαι
1234 754 1290 808 δὲ
1326 752 1489 807 πάλιν
1514 751 1603 804 ἐπ’
1636 751 1759 803 ὀνό-

203 869 323 920 ματι
350 848 582 919 Χριστοῦ
618 849 712 902 καὶ
751 848 860 900 τῶν
890 844 1052 899 αὐτοῦ
1097 845 1356 915 μαθητῶν
1403 845 1494 897 καὶ
1546 840 1756 911 μαρτύ-

201 961 319 1013 ρων,
357 944 540 1004 οἴκους
575 940 897 1010 περιμανεῖς
929 977 943 1000 ,
979 937 1073 991 καὶ
1119 936 1184 999 ἃς
1226 935 1417 1006 πρώην
1446 934 1757 1004 ⁵ἐκκλησίας

200 1037 245 1086 οἱ
265 1033 539 1096 δυσσεϐεῖς
567 1031 965 1101 κατέστρεψαν,
994 1029 1092 1099 τὴν
1128 1028 1405 1099 προτέραν
1433 1022 1587 1089 αὖθις
1621 1029 1758 1081 ἁπο-

198 1127 484 1192 λαμὸἀνειν
511 1125 869 1194 εὐπρέπειαν.

264 1218 333 1274 B’.
364 1221 427 1273 Τί
467 1215 559 1273 οὖν
609 1218 637 1269 ὁ
693 1219 807 1279 τοῖς
849 1217 1076 1284 ἀγαθοῖς
1113 1214 1421 1285 βασκαίνων
1461 1213 1754 1280 διάδολοςς

195 1315 293 1367 οὐκ
323 1311 559 1380 ἐνεγκὼν
586 1310 685 1380 τὴν
715 1309 990 1380 τοσαύτην
1022 1307 1349 1377 μεταϐολὴν,
1411 1306 1586 1369 ἄλλως
1616 1322 1675 1358 τε
1701 1305 1757 1357 δὲ

195 1408 409 1461 καὶτὸν
444 1408 571 1457 τότε
628 1403 944 1473 κρατοῦντα
990 1400 1167 1464 είδὼς,
1220 1401 1318 1470 οὐχ
1361 1395 1473 1453 οἷόν
1508 1416 1567 1451 τε
1614 1394 1758 1451 εἶναι

196 1502 323 1569 πῶς
353 1500 453 1566 τὴν
498 1498 742 1567 ματαίαν
782 1494 944 1548 πάλιν
998 1495 1105 1546 τῶν
1164 1493 1400 1546 εἰδώλων
1460 1492 1758 1563 θρησκείαν

192 1592 522 1653 ἐπανελθεῖν,
553 1589 777 1644 ἄλλοθεν
810 1591 941 1659 ἡμῖν
969 1588 1172 1657 ἐγείρει
1209 1588 1299 1639 τὸν
1341 1586 1580 1654 πόλεμον
1606 1624 1619 1647 ,
1664 1583 1759 1636 καὶ

191 1691 252 1755 τῇ
286 1688 399 1738 κατ’
418 1683 822 1753 Ἀλεξάνδρειαν
864 1680 1158 1749 Ἐκκλησία
1183 1680 1274 1730 τὸν
1297 1676 1758 1745 δυσσεϐἧἋρειον

190 1775 534 1846 παρενείρας,
611 1776 705 1826 καὶ
764 1771 953 1839 ὥσπερ
1015 1770 1233 1838 ὀργάνῳ
1294 1769 1401 1820 τινί
1464 1769 1529 1837 τῇ
1590 1765 1755 1818 αὑτοῦ

191 1871 400 1941 γλώττῃ
442 1870 813 1939 χρησάμενος,
859 1865 1066 1932 κτίσμα
1113 1864 1200 1917 τὸν
1236 1862 1328 1933 τοῦ
1367 1861 1500 1914 Θεοῦ
1546 1862 1754 1929 ἀνακη-

192 1966 403 2035 ρύττειν
434 1965 565 2025 Υἱὸν
594 1961 791 2030 τολμᾷ,
826 1958 921 2010 καὶ
961 1958 1060 2027 τῆς
1094 1957 1185 2009 τοῦ
1222 1954 1356 2009 Θεοῦ
1393 1957 1486 2008 καὶ
1544 1957 1757 2023 [ἰατρὸς

189 2058 370 2119 οὐσίας
410 2053 760 2123 δογματίζειν
794 2051 1094 2121 ἀλλότριον.
1126 2050 1233 2119 Τῆς
1261 2050 1508 2119 πονηρᾶς
1540 2049 1594 2100 δὲ
1624 2049 1756 2103 ταύ-

193 2167 280 2217 της
315 2148 532 2215 Ἀρείου
576 2145 733 2215 δόξης
765 2142 1173 2212 διαδονηθείσης
1201 2143 1261 2193 τὸ
1291 2142 1452 2211 τάχος
1484 2141 1579 2193 καὶ
1618 2142 1755 2193 ἁπο-

188 2239 529 2307 σδεσθείσης,
557 2237 652 2289 fite
685 2235 780 2290 τοῦ
815 2233 1073 2297 εὐσεϐοῦς
1108 2232 1377 2304 βασιλέως
1409 2234 1509 2303 τὴν
1550 2235 1608 2286 ἐν
1658 2231 1756 2286 Νι-

182 2332 314 2401 καία
347 2330 456 2383 τῶν
498 2330 658 2382 θείων
697 2329 961 2398 Πατέρων
997 2328 1474 2396 συγκροτήσαντος
1516 2325 1751 2389 σύνοδον,

184 2427 278 2477 καὶ
304 2424 466 2475 αὑτὸν
495 2423 592 2492 μὲν
625 2424 843 2490 Ἀρειον
887 2419 980 2473 τοῦ
1012 2420 1118 2471 τῶν
1145 2420 1332 2489 ἱερέων
1353 2418 1757 2486 ἁπεληλακότος

183 2518 562 2586 συστήματος,
610 2514 701 2567 τὸν
743 2514 799 2566 δὲ
844 2513 1019 2581 ἀληθῆ
1061 2510 1192 2563 Θεὸν
1230 2510 1322 2563 καὶ
1362 2511 1566 2580 Κύριον
1598 2510 1755 2578 ἡμῶν

195 2608 399 2677 Ἰησοῦν
433 2607 667 2679 Χριστὸν
700 2605 985 2677 ὁμοούσιον
1036 2605 1112 2674 τῷ
1147 2605 1321 2674 Πατρὶ
1353 2602 1448 2655 καὶ
1484 2603 1755 2656 συναϊδιον

181 2700 629 2769 ἁνακηρύξαντος
686 2700 761 2763 ὼς
819 2700 880 2751 τὸ
934 2698 1226 2767 πρότερον,
1287 2692 1441 2758 αὖθις
1496 2695 1524 2746 0
1564 2694 1755 2764 ἐχθρὸς

182 2790 422 2851 ελύσσα,
478 2789 572 2839 καὶ
618 2788 714 2856 τὴν
754 2787 1025 2857 προτέραν
1066 2785 1230 2838 αὐτοῦ
1272 2785 1569 2856 θρησκείαν
1611 2790 1758 2837 ἐπει-

181 2881 316 2951 ρᾶτο
353 2878 513 2931 πάλιν
557 2877 919 2946 ἀνακινῆσαι,
980 2880 1074 2930 καὶ
1107 2879 1198 2929 τὸν
1228 2878 1395 2942 ἀξίως
1428 2878 1579 2946 αὑτῴ
1621 2876 1756 2946 πρὸς

179 2972 338 3023 τοῦτο
366 2972 785 3042 ὑπηρετήσοντα
849 2970 969 3023 λίαν
1001 2969 1276 3039 ἐπιμελῶς
1306 2969 1608 3040 ἁνηρεύνα.
1648 2968 1755 3021 Τοῦ

179 3064 361 3115 τοίνυν
394 3062 632 3132 μεγάλου
672 3063 764 3114 καὶ
797 3059 1016 3131 πρώτου
1055 3061 1401 3131 Χριστιανῶν
1463 3059 1754 3129 βασιλέως,

1861 566 2022 621 traria
2069 563 2306 619 decretis
2355 564 2596 633 priorum
2634 562 3063 631 imperatorum:
3108 577 3323 633 nempe.
3370 572 3427 619 ut

1860 656 2207 710 diruerentur
2244 654 2445 724 templa
2483 654 2769 714 idolorum,
2816 663 2870 707 et
2924 654 3168 709 funditus
3211 664 3428 710 everte-

1861 757 2090 803 rentur:
2128 748 2184 801 in
2222 747 2430 802 Christi
2463 756 2644 801 autem
2695 746 2919 801 nomine
2963 762 3152 801 rursus
3196 746 3429 801 aediﬁca-

1862 849 2069 904 rentur,
2108 849 2162 893 et
2192 840 2311 910 ejus
2341 839 2735 907 discipulorum
2766 847 2820 892 et
2852 849 3144 909 martyrum
3171 839 3316 892 aedes
3345 838 3430 891 in-

1859 932 2061 1003 signes,
2098 944 2152 986 et
2182 947 2319 1002 quas
2347 935 2500 1002 prius
2529 931 2678 1001 impii
2704 941 3017 986 everterant
3051 931 3332 998 ecclesias,
3353 946 3431 987 cae

1860 1037 2050 1078 rursus
2089 1022 2327 1091 priorem
2360 1023 2613 1077 decorem
2644 1024 2971 1093 reciperent.

1931 1222 1999 1279 ll.
2025 1223 2163 1289 Quid
2195 1241 2345 1297 ergo,
2373 1226 2462 1295 qui
2485 1225 2641 1280 bonis
2672 1224 2896 1289 invidet,
2918 1226 3203 1280 diabolus?
3227 1226 3341 1280 Non
3357 1227 3433 1283 fe-

1860 1333 1987 1372 rens
2018 1328 2223 1372 tantam
2256 1320 2636 1384 mutationem,
2662 1330 2715 1373 et
2742 1320 2942 1388 alioqui
2969 1320 3146 1374 sciens
3182 1320 3294 1374 fieri
3320 1337 3433 1375 non

1862 1425 2043 1479 posse,
2072 1419 2129 1465 ut
2157 1412 2247 1480 qui
2272 1420 2402 1466 tunc
2435 1412 2653 1466 tenebat
2679 1411 2993 1480 imperium,
3026 1410 3230 1466 rediret
3250 1413 3314 1467 ad
3342 1428 3434 1467 va-

1858 1496 1990 1555 num
2039 1505 2242 1557 cultum
2275 1503 2713 1567 simulacrorum,
2750 1505 2973 1559 aliunde
3007 1504 3060 1557 in
3097 1520 3196 1558 nos
3230 1501 3429 1558 bellum

1861 1592 2059 1646 excitat
2084 1609 2098 1645 :
2127 1604 2181 1646 et
2212 1609 2333 1647 cum
2358 1593 2411 1647 in
2444 1594 2739 1648 Ecclesiam
2765 1594 3183 1648 Alexandrinam
3209 1594 3430 1664 impium

1860 1682 2049 1736 Arium
2086 1684 2417 1752 induxisset,
2453 1696 2507 1740 et
2543 1698 2794 1755 tanquam
2847 1689 3210 1740 instrumento
3254 1687 3434 1757 aliquo

1862 1774 1979 1843 ejus
2003 1776 2181 1847 lingua
2206 1787 2352 1830 esset
2384 1793 2535 1842 usus,
2569 1779 2733 1832 audet
2772 1779 3063 1847 praedicare
3089 1778 3183 1833 Dei
3231 1778 3433 1834 Filium

1860 1881 1984 1921 esse
2016 1878 2279 1932 creatum,
2311 1882 2364 1921 et
2393 1868 2645 1938 dogmate
2677 1879 2937 1934 statuere,
2982 1886 3108 1925 eum
3144 1886 3269 1925 esse
3299 1872 3433 1926 alie-

1860 1974 1988 2011 num
2023 1974 2052 2013 a
2091 1958 2179 2013 Dei
2214 1968 2269 2013 et
2295 1959 2471 2013 Patris
2507 1960 2765 2013 essentia.
2802 1960 2914 2015 Hac
2937 1970 3117 2015 autem
3149 1963 3286 2017 mala
3319 1963 3434 2017 Arii

1860 2048 2119 2116 Opinione
2143 2049 2251 2102 cito
2283 2049 2574 2113 exstincta,
2608 2059 2794 2120 utpote
2821 2052 2966 2121 quod
2992 2053 3113 2122 pius
3139 2052 3434 2123 imperator

1860 2139 2051 2193 Nicaeae
2080 2140 2387 2194 divinorum
2408 2140 2630 2195 Patrum
2656 2154 3041 2213 congregasset
3069 2147 3355 2215 synodum,
3378 2155 3433 2200 et

1860 2230 2036 2300 ipsqu
2065 2233 2282 2301 quidem
2312 2233 2503 2287 Arium
2540 2235 2802 2289 movisset
2827 2250 2858 2290 e
2894 2245 3039 2291 coetu
3064 2238 3430 2305 sacerdotum,

1859 2338 2046 2376 verum
2093 2334 2275 2378 autem
2326 2323 2493 2378 Deum
2542 2336 2596 2380 et
2628 2326 2918 2382 Dominum
2964 2340 3213 2384 nostrum
3246 2331 3431 2386 Jesum

1858 2415 2137 2471 Christum
2185 2417 2428 2486 ejusdem
2481 2433 2602 2472 esse
2669 2436 2793 2472 cum
2850 2420 3010 2474 Patre
3051 2424 3329 2487 essentne,
3379 2439 3437 2479 et

1861 2517 2216 2572 coreternum,
2241 2510 2380 2563 sicut
2409 2510 2561 2579 prius
2586 2512 2971 2580 praedicasset,
3007 2513 3262 2569 inimicus
3308 2532 3432 2570 rur-

1858 2615 1951 2654 sus
2001 2600 2151 2655 rabie
2184 2600 2512 2669 agitabatur,
2546 2612 2600 2656 et
2633 2604 2871 2672 priorem
2917 2618 3067 2658 suam
3112 2607 3428 2677 religionem

1858 2706 2049 2745 rursus
2078 2695 2381 2747 conabatur
2414 2710 2653 2759 movere,
2703 2704 2759 2749 ct
2810 2696 2899 2765 qui
2938 2713 3034 2765 pro
3082 2698 3347 2767 dignitate
3382 2702 3433 2753 ei

1860 2779 1939 2833 rei
1983 2780 2296 2848 inserviret,
2332 2783 2621 2852 diligenter
2674 2786 3004 2854 inquirebat.
3036 2786 3169 2841 Cum
3209 2805 3434 2857 magnus

1859 2887 1989 2943 ergo
2019 2883 2073 2926 et
2105 2874 2317 2943 primus
2341 2876 2775 2933 Christianorum
2801 2881 3118 2948 imperator,
3153 2881 3239 2950 pie
3270 2882 3435 2936 simul

1858 2973 1913 3018 et
1944 2964 2171 3033 pulchre
2214 2967 2491 3021 tricesimo
2525 2970 2766 3022 secundo
2798 2986 2942 3023 anno
2974 2970 3057 3025 sui
3100 2972 3338 3039 imperii,
3377 2973 3432 3026 in

1859 3056 2139 3122 provincia
2166 3056 2545 3127 Bithynorum,
2581 3059 2798 3126 quando
2841 3059 3243 3128 expeditionem
3280 3059 3434 3113 ince-

181 3155 426 3217 εὐσεϐῶς
461 3173 519 3207 τε
547 3156 662 3225 ἅμα
693 3158 787 3209 καὶ
822 3155 1002 3217 καλῶς
1038 3156 1178 3207 κατὰ
1212 3154 1272 3207 τὸ
1309 3154 1634 3223 τριακοστὸν
1660 3153 1754 3205 καί

1859 3147 1937 3214 pit
1963 3145 2144 3200 facere
2174 3160 2363 3201 contra
2393 3149 2607 3212 Persas,
2656 3151 3000 3219 deposuisset
3031 3152 3343 3221 imperium,
3376 3161 3433 3207 et

177 3247 431 3316 δεύτερον
486 3247 585 3316 τῆς
635 3248 811 3315 ἀρχῆς
866 3247 983 3306 ἔτος
1045 3246 1150 3297 ὑπὸ
1207 3246 1308 3314 τὴν
1356 3247 1465 3298 τῶν
1510 3245 1754 3301 Βιθυνῶν

178 3338 478 3407 ἐπαρχίαν,
531 3337 692 3406 ἡνίκα
742 3337 838 3405 τῆς
895 3336 1033 3404 πρὸς
1116 3336 1332 3405 Πέρσας
1400 3338 1753 3406 ἐκστρατείας

177 3432 483 3499 απηρχετο,
515 3429 615 3498 τὴν
647 3427 924 3498 βασιλείαν
955 3426 1318 3497 ἀποθεμένου,
1340 3429 1755 3483 Κωνσταντίνου

179 3542 239 3576 τε
284 3525 401 3593 μετ’
430 3524 594 3575 αὑτὸν
622 3520 715 3574 τοῦ
750 3522 962 3588 παιδὸς,
1018 3520 1116 3589 τὴν
1160 3522 1255 3574 τοῦ
1303 3526 1539 3593 πατέρος
1581 3524 1758 3592 ἀρχὴν

178 3618 597 3687 διαδεξαμένου,
631 3618 754 3669 ἐπεὶ
780 3616 835 3669 δὲ
859 3612 1015 3680 οὗτος
1042 3617 1263 3669 ἀπέτισε
1291 3618 1348 3669 τὸ
1377 3616 1573 3687 χρεὼν,
1605 3617 1632 3666 0
1664 3616 1757 3668 τοῦ

178 3713 433 3782 μεγάλου
490 3710 903 3762 Κωνσταντίνου
962 3698 1280 3778 ἀδελφιδοῦς
1342 3709 1650 3775 Ἰουλιανὸς,
1702 3708 1760 3772 ὃς

180 3804 283 3854 καὶ
311 3800 661 3870 παραϐάτης,
697 3798 782 3852 διὰ
811 3798 910 3867 τὴν
953 3800 1046 3869 τῆς
1094 3802 1324 3870 ἀληθοῦς
1363 3801 1631 3870 ἀθέτησιν
1672 3801 1760 3852 πί-

180 3910 357 3954 στεως
413 3894 676 3962 καὶπρὸς
715 3891 777 3944 τὺ
821 3890 1137 3961 Ἑλληνικὸν
1194 3892 1357 3955 σέὸας
1430 3892 1757 3962 μετάθεσιν,

180 3988 419 4047 δικαίως
463 3985 702 4056 ἐκλήθη,
757 3984 1107 4054 τυραννικῶς¹
1146 3985 1254 4037 τῶν
1304 3987 1606 4058 σκήπτρων
1637 3988 1760 4039 ἐπι-

182 4076 557 4146 λαμϐάνεται.
614 4076 958 4145 Ἀδελφιδοῦν
1006 4076 1062 4127 δὲ
1137 4077 1299 4129 αὐτον
1350 4079 1761 4129 Κωνσταντίνου

177 4170 345 4223 εἶπεν
376 4174 402 4223 0
433 4168 611 4237 λογος,
637 4169 759 4222 καθ’
811 4168 839 4219 ὃ
890 4168 947 4232 ἐξ
996 4167 1345 4237 ἐτερογενοῦς
1395 4167 1626 4236 ἀδελφοῦ
1665 4169 1761 4223 τοῦ

176 4264 573 4316 Κωνσταντίου
593 4261 855 4330 ἐτύγχανε
880 4260 1159 4329 γεννηθείς
1186 4274 1200 4288 '
1221 4261 1313 4313 καὶ
1345 4261 1452 4333 γὰρ
1472 4262 1764 4333 ἐξἘλένης

180 4355 291 4421 μὲν
326 4356 425 4423 τῆ,
453 4352 667 4422 ἀληθῶς
697 4352 972 4422 μακαρίας
1005 4353 1164 4416 αὐτὸς
1201 4355 1358 4422 μόνος
1412 4358 1440 4407 ὁ
1480 4358 1769 4410 Κωνσταν-

182 4448 339 4507 τίνος
386 4446 682 4511 γεγέννητο
712 4444 788 4512 τῷ
816 4446 1006 4512 πατρὶ,
1041 4446 1103 4496 ἐκ
1138 4444 1421 4514 Θεοδώρας
1463 4446 1520 4499 δὲ
1546 4450 1641 4516 τῇς
1672 4446 1765 4497 θυ-

174 4537 395 4606 γατρὸς
457 4535 807 4605 Μαξιμιανοῦ
859 4536 956 4587 τοῦ
1023 4539 1116 4588 καὶ
1185 4537 1545 4607 Ἐρκουλίου,
1612 4545 1761 4609 τρεῖς

173 4623 365 4693 οὗτοι,
397 4629 726 4696 Δαλμάτιος,
767 4627 1182 4691 ’Λναῦαλλιανὸς
1215 4631 1309 4681 καὶ
1359 4631 1761 4693 Κωνστὰντιος.

187 4722 293 4773 Ἐκ
348 4720 735 4774 Κωνσταντίου
784 4720 839 4772 δὲ
869 4720 1090 4784 Γάλλος,
1136 4728 1228 4772 καί
1283 4726 1309 4775 0
1370 4719 1563 4791 παρὼν
1612 4720 1765 4787 οὗτος

1859 3236 2213 3295 Constantius
2246 3238 2388 3294 [ilius
2420 3242 2589 3310 patris
2620 3244 2977 3296 successisset
3008 3245 3256 3311 imperio,
3284 3256 3433 3312 post-

1859 3347 2020 3398 quam
2074 3333 2120 3386 is
2153 3348 2369 3402 quoque
2405 3334 2637 3388 exsolvit
2664 3333 2927 3409 debitum,
2952 3335 3126 3403 ipsius
3174 3336 3431 3404 patruelis

1856 3420 2128 3483 Julianus,
2178 3422 2271 3491 qui
2315 3425 2476 3477 etiam
2514 3435 2905 3494 transgressor.
2954 3437 3239 3495 propterea
3289 3431 3433 3497 qttod

1861 3522 2044 3567 veram
2097 3512 2258 3567 ﬁdem
2310 3521 2455 3567 esset
2487 3522 2831 3583 aspernatus,
2879 3524 2935 3568 et
2972 3530 3030 3567 se
3061 3517 3126 3567 ad
3178 3517 3432 3584 gentilem

1863 3604 2191 3658 traduxisset
2215 3606 2555 3675 religionem,
2583 3606 2708 3674 jure
2734 3606 2833 3659 l'uit
2861 3607 3185 3676 appellatus,
3220 3615 3432 3675 seeptra

1865 3696 2149 3766 tyrannice
2182 3697 2564 3765 apprehendit.
2597 3697 2896 3752 ConSIantii
2925 3710 3103 3753 autem
3138 3702 3434 3769 patruelem

1865 3802 1987 3839 eum
2023 3788 2278 3852 diximus,
2337 3789 2595 3854 quoniam
2637 3798 2796 3843 natus
2847 3792 2949 3844 fuit
3001 3807 3065 3843 ex
3113 3792 3435 3849 Constantio

1862 3878 2211 3934 Constantini
2240 3880 2427 3944 fratre,
2467 3881 2668 3935 diversi
2724 3891 2902 3936 tamen
2952 3884 3185 3953 generis.
3220 3884 3433 3939 Etenim

1864 3990 1931 4028 ex
1967 3991 2096 4028 vere
2146 3975 2302 4029 beata
2340 3975 2540 4029 Helena
2573 3978 2691 4046 ipse
2730 3973 3125 4030 Constantinus
3156 3981 3305 4033 solus
3340 3997 3439 4034 na-

1865 4076 1954 4119 tus
1983 4074 2067 4118 est
2114 4066 2278 4134 patri.
2307 4066 2386 4119 Ex
2416 4065 2704 4121 Theodoro
2748 4078 2930 4122 autem
2963 4054 3077 4122 tilia,
3095 4057 3434 4138 Maximiani,

1865 4156 2145 4223 quietiam
2182 4158 2362 4210 dictus
2391 4166 2475 4210 est
2523 4158 2833 4223 Herculius,
2877 4160 2929 4211 lii
2982 4169 3092 4212 tres
3140 4163 3250 4216 nati
3288 4172 3435 4224 sunt,

1876 4245 2194 4312 Dalmatius,
2224 4249 2609 4304 Anaballianus
2657 4260 2709 4305 et
2758 4249 3128 4305 Constantius.
3170 4254 3335 4307 Porro
3371 4271 3437 4308 ex

1867 4341 2188 4395 Constantio
2217 4341 2420 4404 Callus,
2449 4351 2504 4395 et
2550 4342 2618 4406 is,
2668 4343 2734 4395 de
2766 4358 2873 4412 quo
2915 4343 2966 4396 in
3003 4344 3287 4412 praesentia
3326 4347 3439 4416 agi-

1871 4444 1981 4497 tur,
2003 4432 2640 4497 turpissimusJuliatms.
2669 4434 2769 4497 Qui
2797 4434 3016 4502 quidem
3045 4452 3190 4501 cum,
3221 4445 3278 4489 ut
3303 4438 3440 4490 dixi-

1868 4538 2009 4587 mus,
2048 4538 2117 4576 ex
2153 4524 2436 4593 tyrannide
2469 4526 2768 4594 accepisset
2822 4527 3131 4595 imperium,
3186 4531 3442 4597 gravissi-

1868 4629 2014 4669 mum
2046 4630 2235 4670 rursus
2261 4616 2460 4670 bellum
2488 4619 2778 4683 excitatur,
2803 4627 2859 4672 et
2884 4634 3201 4688 graVISSIma
3227 4634 3437 4687 earum,

1867 4723 2095 4777 quarum
2133 4723 2367 4778 unquam
2402 4711 2493 4762 liat
2528 4710 2755 4774 mentio,
2794 4712 2968 4764 oritur
3000 4712 3331 4780 persecutio.

177 4806 471 4886 αῗσχιστος
525 4814 838 4877 Ἰουλιανός.
902 4809 977 4868 Ui)
1034 4830 1181 4873 τινος
1240 4814 1338 4883 τὴν
1393 4816 1687 4885 βασίλειον,
1739 4820 1813 4884 ὡς
1850 4822 2083 4892 ἔφημεν,
2118 4824 2180 4875 ὲκ
2234 4826 2550 4893 τυραννίδος
2603 4826 2889 4894 εἰληφότος
2955 4827 3153 4897 ἀρχὴν,
3207 4824 3362 4892 αὖθις
3413 4830 3442 4880 ὁ

173 4918 331 4969 κατὰ
393 4911 737 4985 Χριστιανῶν
793 4913 1219 4982 ἀναρριπίζεται
1268 4911 1543 4982 πόλεμος,
1601 4917 1695 4968 καὶ
1744 4918 2050 4990 βαρύτατος
2097 4920 2205 4972 τῶν
2246 4918 2467 4974 πώποτε
2546 4922 3038 4992 μνημονευομένων
3099 4923 3440 4993 ἁνεγείρεται

169 5012 453 5079 διωγμὸς.

263 5105 347 5156 Γ¹.
390 5102 530 5154 Καθ’
559 5101 618 5154 δν
644 5101 745 5172 ἤδη
776 5099 967 5169 καιρὸν
1007 5100 1102 5151 καὶ
1134 5101 1161 5152 0
1190 5100 1365 5171 μέγας
1401 5103 1496 5156 καὶ
1533 5120 1769 5175 περιφα-

172 5203 281 5267 γης
319 5198 421 5266 τὴν
446 5195 748 5260 εὺσέῦειαν,
785 5196 812 5246 0
837 5195 999 5258 θεῖος,
1038 5196 1203 5264 φημὶ,
1244 5196 1526 5265 Ἀρτέμιος
1552 5199 1641 5251 τὸν
1676 5197 1772 5251 τοῦ

177 5290 509 5362 μαρτυρίου
547 5291 813 5357 στέφανον
840 5287 1163 5356 ἀνεδήσατο.
1206 5288 1416 5353 Διδάξει
1465 5291 1519 5342 δὲ
1571 5291 1774 5362 προῖὼν

170 5389 203 5440 0
237 5388 407 5453 λόγος
436 5384 787 5452 σαφέστερον.
833 5384 994 5450 Ἀρτι
1026 5382 1118 5433 τοῦ
1156 5384 1392 5451 μεγάλου
1434 5384 1777 5436 Κωνσταντίο

173 5496 281 5532 νου
330 5477 427 5549 τογ
464 5476 581 5547 βίον
609 5474 974 5537 ἀπολιπόντος
1000 5516 1015 5539 ,
1058 5475 1131 5538 ὡς
1162 5478 1189 5527 0
1220 5474 1377 5543 λόγος
1412 5475 1623 5543 φθάσας
1656 5478 1775 5546 ἐδή-

170 5570 387 5633 λωσεν,
433 5571 511 5631 είς
564 5570 711 5637 τρεῖς
752 5567 923 5638 ἀρχὰς
974 5569 1006 5636 ὴ
1056 5568 1163 5620 τῶν
1219 5566 1511 5636 Ῥωμαίων
1558 5568 1775 5632 ἐξουσία

168 5662 543 5732 διεμερίσθη,
572 5660 681 5712 τῶν
722 5662 854 5712 υἱῶν
899 5658 1085 5723 αὑτοῦ,
1129 5658 1563 5726 Ιίωνσταντίνου,
1618 5662 1774 5711 Κων-

176 5755 453 5810 σταντίου
507 5772 565 5807 τε
621 5756 713 5807 καὶ
752 5753 1134 5813 Κώνσταντος,
1177 5752 1375 5814 ταύτας
1422 5752 1770 5822 διελομένων,

523 5852 792 5910 ΡΑτειοι..
834 5850 949 5907 Ca.
981 5846 1149 5906 CXV.

1940 5107 2029 5160 Ill.
2070 5106 2189 5170 Quo
2219 5106 2438 5176 quidem
2469 5114 2715 5176 tempore
2745 5121 2971 5175 magnus
2994 5115 3050 5159 et
3075 5108 3275 5177 pietate
3308 5109 3442 5165 insi-

1872 5199 2012 5269 gnis,
2050 5200 2287 5260 divinus,
2316 5200 2563 5267 inquam,
2600 5200 2877 5253 Artemius
2924 5198 3027 5253 fuit
3070 5201 3316 5272 martyrii
3351 5218 3442 5256 eo-

1874 5306 2007 5344 rona
2038 5289 2345 5344 redimitus.
2377 5289 2431 5343 ld
2460 5305 2588 5343 vero
2618 5290 2858 5357 apertius
2891 5290 3111 5345 docebit
3142 5291 3444 5360 procedens

1874 5384 2065 5438 oratio.
2097 5380 2231 5434 Cum
2260 5396 2487 5451 magnus
2511 5380 2910 5437 Constantinus
2933 5383 3041 5450 jam
3068 5398 3096 5436 e
3126 5383 3231 5434 vita
3258 5398 3448 5438 exces-

1878 5476 2059 5536 sisset,
2100 5482 2157 5525 ut
2187 5483 2273 5528 est
2300 5473 2667 5542 praemissum,
2705 5475 2757 5526 in
2807 5484 2913 5527 tres
2944 5483 3124 5541 partes
3179 5475 3277 5528 luit
3309 5476 3446 5529 divi-

1878 5582 1994 5620 sum
2044 5566 2347 5621 Romanum
2398 5568 2709 5635 imperium,
2738 5582 2864 5620 curn
2896 5568 3012 5635 ejus
3046 5568 3138 5620 (ilii
3174 5568 3449 5622 Constant.

1881 5659 2049 5720 tinus,
2098 5654 2471 5719 Constantius,
2507 5666 2563 5708 et
2606 5655 2875 5709 Constans
2911 5655 2960 5707 id
2997 5654 3329 5709 divisissent.
3385 5660 3449 5712 Et

1882 5750 2055 5821 primo
2112 5751 2351 5817 quidem,
2425 5764 2620 5819 nempe
2685 5747 3066 5810 Constantino,
3138 5749 3451 5818 superiores

3057 5840 3123 5899 37
