4198 6312
757 339 894 403 1163
2024 331 2304 393 MENSIS
2332 330 2415 391 OC

2344 330 2618 392 DCTOBE
2630 333 2699 390 R.
3865 323 3888 387 1
3904 320 4002 387 164

756 446 963 508 Galliae,
994 453 1045 499 et
1080 459 1198 514 qua:
1240 454 1368 498 sunt
1402 444 1539 499 ultra
1571 442 1751 514 Alpes,
1801 454 1855 499 et
1890 442 2078 498 insulae
2111 442 2325 495 Britan-
2350 446 2395 503 Α

2354 446 2395 503 Α
2426 443 2517 494 καὶ
2565 442 2645 512 τῷ
2700 442 2797 511 μὲν
2850 440 3052 512 πρώτῳ
3102 438 3501 510 Κωνσταντίνῳ
3532 440 3588 492 αί
3624 437 3740 491 ἀνω
3789 437 4012 490 Γαλλίαι

758 535 892 589 nicae
944 551 1118 603 usque
1175 534 1239 589 ad
1290 532 1600 589 Occidentis
1653 533 1927 589 Oceanum
1990 535 2319 602 obtigerunt.

2426 534 2522 586 καὶ
2562 533 2633 586 τά
2663 533 2919 586 ἐπέκεινα
2963 533 3217 585 Ἀλπεων
3261 532 3321 585 αἴ
3352 548 3410 584 τε
3450 531 3786 600 Βρετανικαὶ
3822 528 4002 595 νῆσοι,

757 626 1045 682 Constanti
1081 636 1285 690 autem,
1318 637 1378 679 ut
1414 636 1713 695 postremo,
1745 625 1967 679 inferior
2001 624 2193 688 Gallia,
2227 640 2320 678 seu

2425 625 2521 677 καὶ
2551 624 2654 687 ἓως
2693 624 2787 676 τοῦ
2835 622 3125 693 Ἐσπερίου
3168 621 3447 683 Ὠκεανοῦ,
3478 619 3681 690 κλῆρος
3712 618 4003 685 ἐδόθησαν,

761 717 937 780 Italia,
972 726 1027 770 et
1068 715 1184 786 ipsa
1215 718 1408 771 Roma.
1440 716 1791 771 Constantius
1823 725 2004 770 autem
2053 715 2324 769 secundus

2425 716 2502 786 τῷ
2531 717 2588 769 δέ
2614 732 2676 785 γε
2705 717 3076 785 Κωνσταντίῳ
3101 715 3392 767 ὑπεστάτω
3419 754 3433 776 ,
3478 715 3533 765 αἱ
3567 715 3716 766 κάτω
3753 713 4002 777 Γαλλίαι,

761 824 825 862 ex
854 808 978 863 filiis
1004 808 1367 873 Constantini,
1408 809 1501 878 qui
1537 818 1664 862 tunc
1693 808 1855 862 rebus
1883 817 2111 877 praterat
2135 805 2326 861 Orien-

2428 810 2600 879 ἦγουν
2631 810 2684 860 αἱ
2731 807 2951 860 Ἰταλίαν.
2985 808 3080 859 καὶ
3118 804 3255 875 αὑτὴ
3292 808 3325 874 ἡ
3371 803 3582 873 Ῥώμη.
3633 802 3695 856 'O
3742 803 3802 855 δὲ
3852 804 4009 856 Κων-

762 902 850 965 tis,
902 902 1190 955 decertans
1234 901 1492 956 adversus
1554 900 1767 966 Persas,
1826 910 2033 970 partem
2089 898 2326 953 Orientis

2431 898 2704 962 στάντιος,
2757 900 2783 950 6
2831 898 3089 965 δεύτερος
3125 898 3236 949 τῶν
3280 895 3697 949 Κωνσταντίνου
3753 895 3913 954 υἱῶν,
3955 894 4010 955 ὃς

762 993 976 1061 accipit,
1010 1005 1060 1047 et
1098 992 1437 1061 Byzantium,
1473 992 1687 1046 nomine
1723 1000 1931 1045 mutato
1968 990 2021 1042 in
2053 988 2323 1044 Constan-

2429 985 2497 1059 ἦν
2530 991 2624 1043 ἐπὶ
2656 991 2766 1041 τῶν
2799 990 2899 1056 τῆς
2935 989 3108 1058 Ἐῴας
3137 988 3198 1040 το
3229 1006 3286 1041 τε
3324 988 3671 1057 πραγμάτων
3710 985 3849 1054 πρὸς
3882 986 4005 1047 τοὺς

762 1088 1065 1156 tin0polim,
1098 1094 1151 1139 et
1198 1100 1391 1139 novam
1430 1084 1679 1149 Romam,
1735 1083 1861 1137 facit
1909 1083 2145 1153 regiam;
2176 1089 2230 1135 et
2260 1080 2327 1133 ab

2430 1085 2648 1155 Πέρσας
2686 1082 3113 1150 ἀγωνιζόμενον,
3153 1081 3213 1133 τὸ
3236 1081 3334 1150 τῆς
3371 1079 3667 1149 Ἀνατολῆς
3697 1078 4010 1140 ἀσπάζεται

763 1180 972 1252 Illyrico
1021 1192 1190 1247 usque
1238 1177 1305 1231 ad
1352 1176 1739 1248 Propontidem
1794 1191 2011 1229 omnem
2073 1184 2327 1237 tractum,

2435 1178 2623 1250 μέρος,
2670 1178 2766 1229 καὶ
2820 1175 2881 1229 τὸ
2938 1175 3235 1238 Βυζάντιον
3275 1171 3680 1241 μετονομασθὲν
3730 1170 3815 1231 είς
3857 1170 4016 1221 Κων-

761 1271 945 1323 Asiam
984 1268 1203 1333 deinde,
1255 1266 1596 1337 Syriamque,
1632 1278 1686 1321 et
1720 1266 2083 1331 Palaestinam,
2135 1275 2186 1319 et
2218 1262 2329 1317 Me-

2434 1266 2877 1320 σταντινούπολιν
2910 1269 3002 1318 καὶ
3030 1267 3155 1318 νέαν
3172 1264 3415 1332 Ῥώμην,
3444 1264 3677 1314 ποιεῖται
3708 1260 4015 1330 βασίλειον,

762 1361 1140 1430 sepotamiam,
1198 1370 1250 1413 et
1303 1360 1591 1430 Aigyptum
1643 1374 1940 1430 omnesque
1993 1358 2217 1423 insulas,
2280 1368 2333 1410 et

2435 1359 2532 1412 καὶ
2566 1360 2634 1412 τὰ
2675 1360 2786 1411 ἀπὸ
2820 1358 2916 1411 τοῦ
2958 1350 3259 1427 Ἰλλυρικοῦ
3312 1356 3475 1425 μέχρι
3517 1355 3615 1422 τῆς
3651 1350 4020 1422 Προποντίδος

763 1468 1103 1523 qumcunque
1139 1450 1392 1506 Romanis
1443 1451 1729 1519 parebant,
1764 1450 2040 1521 vectigalia
2076 1464 2173 1504 suo
2207 1448 2330 1502 red-

2434 1455 2609 1507 ὁπὸσα
2646 1452 2866 1524 ὑπήκοα
2912 1451 3231 1519 Ῥωμαίοις,
3265 1451 3366 1519 τήν
3401 1467 3460 1502 τε
3494 1449 3701 1517 Συρίαν
3747 1448 3845 1498 καὶ
3909 1444 4020 1495 [Ια-

764 1546 846 1598 dit
884 1544 1132 1612 imperio.
1181 1542 1403 1613 Magnus
1452 1551 1632 1596 autem
1680 1540 1977 1606 Artemius,
2019 1557 2141 1595 cum
2192 1550 2334 1595 esset

2436 1544 2715 1615 λαιστίνην
2744 1544 2937 1613 αὐτὴν,
2970 1542 3065 1595 καὶ
3098 1540 3549 1607 Μεσοποταμίαν,
3588 1539 3683 1590 καὶ
3714 1536 4015 1601 Αἴγυπτον,

762 1637 919 1691 valde
970 1644 1132 1688 notus
1185 1634 1497 1703 imperatori
1540 1632 1880 1696 Constantio,
1924 1632 1976 1685 in
2015 1632 2161 1686 omni
2196 1636 2333 1686 tem-

2438 1636 2651 1699 καὶτὰς
2683 1639 2882 1705 νήσους
2917 1634 3160 1696 ἁπάσας,
3192 1634 3257 1701 τῇ
3286 1630 3449 1682 αὑτοῦ
3487 1628 3733 1698 βασιλεία
3774 1627 3869 1677 καὶ
3917 1642 4015 1677 πο-

767 1744 920 1798 pore,
952 1739 1001 1781 et
1036 1728 1182 1781 onmi
1236 1727 1458 1796 negotio
1502 1735 1764 1795 perpetuo
1802 1741 1922 1779 cum
1961 1742 2026 1780 eo
2081 1724 2333 1779 versaba-

2438 1725 2617 1797 λιτεία
2643 1726 2883 1794 ὑποτελῆ
2914 1725 3260 1793 καθίστησιν.
3304 1722 3360 1773 'O
3389 1720 3445 1772 δὲ
3479 1720 3652 1790 μέγας
3697 1719 4010 1785 Ἀρτέμιοις,

765 1832 871 1885 tur,
919 1832 975 1875 ut
1009 1820 1100 1892 qui
1150 1830 1293 1874 esset
1332 1819 1540 1873 amicus
1589 1818 1847 1888 optimus,
1901 1827 1955 1872 et
1997 1833 2064 1872 ex
2115 1818 2205 1880 iis,
2237 1817 2329 1884 qui
2365 1829 2403 1883 Β

2365 1829 2403 1883 Β
2433 1822 2713 1893 γνώριμος
2760 1820 2834 1872 ὢν
2856 1821 2985 1872 ὲστὰ
3016 1819 3251 1889 μάλιστα
3276 1816 3353 1886 τῷ
3378 1814 3591 1885 βασιλεῖ
3623 1813 4020 1879 Κο›νσταντὶ‹;›,

765 1926 919 1968 erant
951 1915 1150 1967 virtute
1203 1923 1257 1966 et
1288 1912 1535 1966 doctrina
1562 1911 1832 1981 insignes,
1874 1918 1929 1964 et
1963 1910 2157 1963 ardens
2182 1925 2331 1963 ama-

769 2018 852 2061 tor
880 2007 999 2061 fidei
1034 2006 1500 2068 Christianorum,
1538 2018 1644 2073 quo
1676 2005 1900 2057 nomine
1930 2004 2048 2072 ejus
2080 2003 2333 2057 amicitiae

763 2108 820 2153 et
853 2097 1234 2152 familiaritatis
1263 2095 1657 2167 agnoscebatur
1691 2096 1851 2167 longe
1878 2096 2331 2151 studiosissimus.

764 2192 895 2260 Ejus
921 2199 1103 2244 autem
1150 2189 1381 2259 patriam
1414 2199 1469 2245 et
1502 2203 1672 2261 genus
1722 2203 1883 2243 nemo
1918 2188 2137 2258 scriptis
2170 2203 2331 2242 man—

766 2284 933 2347 davit,
969 2281 1072 2335 nisi
1109 2281 1252 2351 quod
1303 2290 1419 2335 erat
1468 2297 1662 2351 magno
1711 2291 1764 2336 et
1788 2281 1980 2335 illustri
2026 2281 2144 2335 loco
2175 2290 2334 2335 natus

772 2375 854 2428 vir
898 2373 1265 2438 beatissimus,
1299 2383 1351 2428 et
1389 2388 1455 2427 ex
1488 2372 1801 2428 hominibus
1834 2388 2030 2444 genere
2061 2372 2333 2428 nobilibus

770 2481 940 2538 genus
978 2465 1231 2530 ducebat,
1280 2465 1587 2535 virtuteque
1637 2475 1692 2520 et
1739 2466 2110 2538 magnitudine
2163 2468 2333 2521 animi

770 2567 887 2611 erat
916 2556 1161 2625 insignis.
1195 2555 1350 2609 Unde
1400 2558 1561 2611 etiam
1600 2558 1714 2612 haec
1744 2558 1811 2613 de
1842 2572 1908 2612 eo
1934 2560 2133 2628 scripta
2182 2568 2328 2624 sunt,

770 2649 912 2721 quod
949 2657 1256 2703 sanctarum
1295 2647 1645 2717 reliquiarum
1693 2648 1890 2703 Christi
1940 2650 2328 2719 apostolorum,

770 2741 1022 2801 Andreae.
1055 2740 1295 2811 inquam,
1339 2750 1395 2796 et
1437 2740 1611 2806 Luete,
1643 2750 1699 2797 et
1730 2739 2024 2806 Timothei,
2073 2742 2190 2811 ipse
2231 2752 2333 2806 est,

2436 1916 2599 1984 συνῆν
2654 1913 2830 1983 τούτῳ
2879 1913 3173 1973 διαπαντὸς
3238 1913 3295 1962 ἐν
3354 1910 3515 1964 παντὶ
3564 1906 3745 1975 καιρῷ
3804 1922 3864 1957 τε
3928 1906 4026 1957 καὶ

2440 2006 2750 2074 πράγματι,
2798 2004 2895 2057 ἆτε
2936 2003 3032 2055 καὶ
3064 2002 3217 2069 φίλος
3248 2000 3325 2053 ὢν
3363 2001 3610 2071 ἄριστος,
3653 1999 3747 2050 καὶ
3788 1996 3901 2047 τῶν
3937 1990 4023 2044 ἐπ’

2435 2100 2608 2168 ἀρετῇ
2664 2099 2762 2149 καὶ
2816 2094 3039 2164 παιδείᾳ.
3089 2094 3565 2163 λαμπρυνομένων
3610 2093 3707 2143 καὶ
3745 2091 3846 2157 τῆς
3884 2088 4023 2154 Χρι-

2437 2190 2672 2242 στιανῶν
2702 2188 2935 2246 πίστεως
2970 2186 3232 2254 διάπυρος
3264 2186 3521 2256 ἐραστής.
3556 2183 3644 2254 Τῷ
3670 2201 3753 2235 τοι
3796 2182 3895 2233 καὶ
3926 2182 4025 2248 τῆς

2443 2286 2572 2356 περὶ
2614 2287 2778 2339 αὐτὸν
2822 2284 3072 2353 ἑταιρίας
3120 2281 3220 2334 εἶτ’
3263 2280 3359 2334 οὖν
3416 2280 3632 2349 φιλίας,
3674 2277 4023 2344 σπουδαστὴς

2439 2379 2841 2450 ἀκριϐέστατος
2913 2375 3294 2447 ἐγνωρίζετο,
3370 2373 3631 2444 πατρίδος
3685 2370 3741 2422 δὲ
3828 2369 4024 2421 τούτου

2442 2473 2668 2542 μνήμην
2708 2472 2805 2526 καὶ
2840 2471 2999 2537 γένος
3058 2470 3235 2531 οὐδεὶς
3260 2468 3615 2536 ἀνάγραπτον
3640 2462 4025 2533 παραδέδωκε,

2439 2566 2580 2637 πλὴν
2617 2566 2702 2619 ὅτι
2739 2565 2846 2618 τῶν
2899 2561 3245 2629 εὐπατριδῶν
3303 2558 3397 2610 καὶ
3452 2556 3707 2625 μεγάλων
3768 2551 4029 2619 ὑπῆρχεν

2438 2661 2465 2711 6
2493 2658 2968 2727 τρισμακάριστος
2992 2694 3007 2719 ,
3047 2652 3106 2716 ἐξ
3135 2650 3375 2719 εὐγενῶν
3416 2664 3475 2700 τε
3510 2648 3568 2700 τὸ
3623 2642 3783 2714 γένος
3830 2644 4026 2705 ἕλκων,

2444 2749 2541 2802 καὶ
2570 2748 2669 2817 τὴν
2697 2747 2955 2816 ἀνδρείαν
2990 2744 3383 2815 περίϐλεπτος,
3408 2740 3467 2805 ἐξ
3486 2734 3561 2794 ὧν
3591 2739 3688 2794 καὶ
3734 2738 3865 2791 τάδε
3899 2738 4030 2803 περὶ

771 2833 865 2902 qui
926 2848 953 2884 a
1008 2832 1326 2888 Constantio
1365 2834 1551 2904 jussus
1614 2835 1716 2889 fuit
1775 2836 1952 2889 facere
2009 2834 2339 2899 exportatio-

2449 2840 2616 2894 αὑτοῦ
2654 2840 3101 2909 ἀναγέγραπται,
3144 2838 3226 2891 ὅτι
3258 2837 3366 2890 τῶν
3401 2836 3575 2903 ἁγίων
3615 2832 3891 2901 λειψάνων
3922 2829 4029 2878 τῶν

772 2938 896 2979 nem
927 2923 1028 2994 (l),
1065 2934 1120 2978 ut
1152 2940 1253 2979 suo
1282 2935 1524 2995 tempore
1554 2925 1883 2997 significabit
1908 2926 2102 2981 oratio.

2442 2932 2535 2986 τοῦ
2564 2931 2803 3003 Χριστοῦ
2854 2932 3216 2995 Ἀποστόλων,
3255 2928 3506 2997 Ἀνδρέου
3538 2925 3685 2994 φημί
3720 2923 3819 2974 καὶ
3847 2922 4032 2975 Λουκᾶ

774 3023 869 3074 καὶ
915 3018 1207 3088 Τιμοθέου,
1260 3019 1424 3080 αὐτός
1474 3020 1625 3072 ἐστιν
1662 3022 1690 3074 ὁ
1724 3019 1824 3091 τὴν
1868 3020 2203 3092 ἀνακομιδὴν
2253 3021 2359 3077 ὑπὸ
2415 3025 2804 3080 Κώνσταντίου
2852 3023 3187 3092 ποιήσασθαι
3239 3018 3577 3083 κελευσθεὶς,
3609 3016 3687 3079 ὡς
3717 3015 3864 3068 κατὰ
3907 3033 4029 3065 και-

777 3116 867 3191 ρον
906 3116 932 3166 6
965 3113 1123 3179 λόγος
1143 3112 1424 3182 γνωρίσει.

845 3201 935 3256 ιν.
977 3204 1109 3258 Cum
1144 3219 1270 3274 ergo
1297 3215 1481 3259 essent
1511 3216 1619 3263 tres
1650 3213 2023 3278 imperatores,
2058 3223 2118 3268 ut
2140 3213 2342 3269 dictum
2373 3216 2431 3273 C'

2373 3216 2431 3273 ο·
2518 3204 2592 3263 Δ¹.
2647 3206 2735 3269 Ὠς
2774 3203 2867 3261 οὖν
2890 3208 3132 3277 εἴρηται,
3180 3205 3291 3258 τῶν
3325 3205 3593 3276 βασιλέων
3629 3206 3803 3276 τριῶν
3830 3223 4030 3274 τυγχα-

778 3297 877 3357 est,
912 3304 967 3350 et
994 3294 1366 3363 unusquisque
1388 3311 1576 3350 eorum
1604 3313 1716 3353 suae
1746 3300 1911 3369 partis
1939 3311 2144 3360 teneret
2173 3304 2348 3376 impe-

2451 3298 2675 3361 νόντων,
2707 3300 2802 3351 καὶ
2849 3299 2950 3368 τῆς
2992 3297 3159 3351 αὐτοῦ
3199 3298 3396 3367 μοίρας
3434 3298 3670 3351 ἑκάστου
3720 3299 3907 3350 αὐτῶν
3950 3301 4044 3366 βα-

778 3389 938 3451 rium,
974 3386 1181 3456 primus
1202 3384 1592 3444 Constantinus
1618 3405 1647 3444 a
1672 3405 1769 3446 sua
1800 3403 1952 3462 parte
1983 3395 2269 3452 discedens
2294 3406 2347 3453 et

779 3479 949 3533 ultimi
986 3479 1188 3545 fratris,
1222 3496 1342 3550 quae
1371 3483 1417 3535 ei
1464 3483 1755 3552 obtigerat,
1805 3494 2013 3553 partem
2051 3489 2345 3552 invadens,

779 3587 901 3627 cum
945 3571 1035 3626 ille
1090 3571 1316 3627 Romam
1366 3582 1510 3627 esset
1576 3575 1876 3644 profectus,
1935 3593 2220 3651 aggressus
2265 3593 2348 3637 est

780 3662 1034 3731 quiddam
1061 3664 1321 3733 injustum
1350 3664 1531 3720 facere
1558 3677 1747 3723 contra
1784 3669 2029 3733 fratrem,
2062 3674 2348 3743 ipsumque

780 3755 1058 3809 absentem
1104 3764 1187 3810 est
1235 3755 1578 3823 criminatus,
1628 3760 1770 3828 quod
1817 3776 1904 3817 res
1954 3778 2063 3817 non
2120 3762 2349 3819 fuissent

783 3857 933 3901 recto
959 3846 1164 3908 divisae,
1202 3857 1256 3900 et
1281 3849 1426 3916 quod
1461 3851 1695 3919 imperii,
1727 3853 1870 3918 quod
1901 3853 1967 3905 ad
2015 3854 2189 3921 ipsum
2224 3870 2346 3923 per-

786 3934 1010 3999 tincbat,
1038 3950 1283 4006 magnam
1311 3945 1518 4006 partem
1546 3937 1713 3991 frater
1739 3948 2073 4008 usurpasset.
2094 3939 2351 4010 Regionis

783 4027 962 4075 autem
1010 4024 1176 4077 duces
1222 4033 1277 4076 et
1330 4025 1604 4086 custodes.
1662 4042 1797 4096 quos
1841 4026 2109 4083 Constans
2144 4030 2347 4084 consti-

787 4124 984 4177 tuerat,
1017 4114 1269 4169 dixerunt
1296 4130 1353 4172 se
1385 4117 1518 4172 citra
1542 4118 1682 4174 illius
1716 4120 2044 4175 sententiam
2079 4130 2133 4175 et
2159 4118 2349 4175 volun-

786 4213 951 4259 tatem
984 4206 1119 4260 nihil
1159 4222 1316 4277 posse
1347 4210 1573 4263 omnino
1608 4223 1867 4264 moverc:
1900 4218 2044 4265 esset
2070 4211 2213 4264 enim
2246 4211 2349 4264 im-

784 4296 953 4366 pium.
982 4296 1073 4352 llle
1096 4307 1277 4351 autem
1305 4312 1361 4352 se
1386 4297 1566 4352 statim
1593 4306 1749 4368 parat
1774 4298 1841 4354 ad
1871 4298 2095 4361 bellum,
2128 4309 2183 4354 et
2202 4315 2350 4353 arma

786 4395 969 4439 movet
1003 4384 1264 4442 adversus
1294 4402 1442 4451 eum,
1475 4390 1566 4455 qui
1600 4388 1801 4443 nullam
1832 4388 2037 4443 fecerat
2068 4388 2348 4460 injuriam.

784 4475 940 4531 Cadit
970 4476 1150 4547 itaque
1176 4478 1568 4535 Constantinus
1600 4481 1655 4533 in
1687 4480 1825 4535 bello
1856 4496 2120 4551 pugnans,
2147 4489 2201 4535 et
2226 4498 2348 4550 par-

2451 3390 2760 3452 σιλεύοντος
2790 3428 2804 3451 ,
2858 3394 2885 3442 6
2938 3392 3159 3459 πρῶτος
3209 3390 3391 3442 αὐτῶν
3442 3392 3875 3455 Κωνσταντῖνος
3941 3395 4035 3459 τῆς

2449 3482 2658 3543 οἰκείας
2726 3480 2945 3551 μερίδος
3003 3481 3350 3543 ἀπαναστὰς,
3419 3482 3517 3533 καὶ
3583 3485 3727 3550 πρὸς
3783 3487 3891 3552 τὴν
3940 3486 4034 3538 τοῦ

2450 3572 2681 3640 ἐσχάτου
2739 3569 2974 3639 ἀδελφοῦ
3026 3571 3383 3642 κληροδοσίαν
3432 3572 3778 3639 ἐπανελθὼν,
3824 3575 4036 3628 ἐκείνου

2451 3663 2588 3732 πρὸς
2623 3662 2719 3734 τὴν
2755 3663 2974 3735 Ῥώμην
3010 3666 3490 3734 ἀποδημήσαντος,
3522 3666 3805 3737 ἐπεχείρει
3844 3684 3901 3719 τι
3932 3668 4038 3721 τῶν

2449 3758 2653 3812 ἀδίκων
2687 3758 2829 3811 κατὰ
2858 3758 2952 3810 τοῦ
2979 3757 3215 3827 ἀδελφοῦ
3250 3758 3688 3829 διαπράξασθαι,
3730 3760 3833 3813 καὶ
3876 3762 4040 3813 αὑτὸν

2450 3850 2509 3901 οὐ
2541 3851 2786 3917 παρόντα
2813 3848 3112 3910 διέϐαλλεν,
3141 3850 3214 3913 ώς
3237 3851 3299 3901 οὺ
3326 3850 3504 3912 καλῶς
3537 3850 3646 3901 τῶν
3682 3855 4040 3921 πραγμάτων

2450 3938 2893 4008 διανεμηθέντων
2920 3978 2934 4003 ,
2974 3943 3067 3991 καὶ
3096 3940 3177 3991 ὃτι
3223 3940 3475 3992 πλεῖστον
3525 3941 3696 4009 μέρος
3741 3943 3848 4011 τῆς
3891 3946 4038 4015 αὐτῷ

2452 4031 2838 4101 προσηκούσης
2868 4031 3041 4101 ἀρχῆς
3077 4030 3491 4099 ἐσφετερίσατο.
3522 4031 3587 4083 Oi
3617 4030 3675 4082 δὲ
3704 4032 3804 4101 τῆς
3856 4034 4038 4104 χώρας

2453 4124 2752 4195 στρατηγοί
2784 4139 2842 4176 τε
2867 4124 2962 4175 καὶ
2994 4120 3233 4191 φύλακες
3255 4163 3270 4188 ,
3318 4121 3410 4184 οὒς
3456 4124 3483 4176 6
3518 4121 3786 4185 Κώνστας
3828 4126 4037 4195 ἐχειρο-

2450 4214 2695 4281 τόνησεν,
2725 4212 2823 4266 οὐκ
2855 4212 3061 4281 ἔφασαν
3090 4210 3263 4281 χωρὶς
3308 4212 3408 4281 τῆς
3446 4212 3659 4266 ἐκείνου
3696 4212 3935 4284 γνώμης
3984 4231 4037 4265 τε

2454 4306 2548 4357 καὶ
2591 4303 2791 4371 βουλῆς
2816 4303 3081 4356 δύνασθαί
3112 4321 3166 4355 τι
3206 4304 3403 4373 μικρὸν
3438 4305 3469 4372 ἢ
3508 4306 3650 4372 μέγα
3691 4309 4036 4371 μετακινεῖν.

2453 4396 2667 4448 ἀνόσιον
2697 4393 2829 4464 γὰρ,
2865 4394 2892 4446 6
2922 4393 2979 4445 δὲ
3017 4393 3220 4447 αὐτίκα
3259 4394 3396 4462 πρὸς
3426 4394 3667 4461 πόλεμον
3712 4397 4034 4459 ἀποδύεται,

2455 4491 2548 4541 καὶ
2580 4487 2719 4540 ὅπλα
2762 4488 2904 4540 κινεί
2942 4486 3082 4541 κατά
3116 4484 3210 4540 τοῦ
3243 4486 3407 4556 μηδὲν
3430 4486 3815 4556 ἀδικήσαντος.
3845 4490 4039 4542 Πίπτει

788 4578 894 4623 tem
950 4570 1186 4625 alienam
1240 4572 1487 4640 cupiens,
1550 4586 1668 4625 eam
1718 4573 1880 4625 etiam
1934 4573 2133 4637 amisit,
2189 4556 2427 4642 quam”

2385 4556 2427 4611 θ
2459 4578 2632 4632 τοίνυν
2663 4571 2821 4642 οὗτος
2842 4581 2869 4632 6
2894 4580 3305 4643 Κωνσταντίνος
3334 4579 3398 4631 ὲκ
3432 4575 3507 4648 τῷ
3534 4577 3763 4647 πολέμῳ
3796 4580 4043 4649 μαχόμε-

783 4659 927 4727 juste
966 4658 1247 4713 videbatur
1304 4671 1508 4717 tenere.
1562 4660 1721 4716 Unde
1756 4662 1920 4716 etiam
1957 4663 2076 4732 ejus
2126 4664 2356 4733 pepulus

787 4749 970 4804 deﬁcit
999 4751 1065 4806 ad
1091 4749 1465 4817 Constantem,
1496 4761 1550 4807 et
1585 4752 1636 4805 in
1668 4752 1811 4806 illius
1837 4754 2095 4824 redigitur
2123 4764 2358 4823 potesta-

790 4852 898 4894 tem
930 4840 1214 4911 imperium
1247 4840 1574 4908 Occidentis,
1622 4860 1743 4898 cum
1782 4844 1849 4898 ad
1896 4844 1947 4899 id
1994 4845 2202 4897 nullum
2239 4855 2354 4899 stu-

788 4933 936 4987 dium
968 4934 1256 5004 posuisset,
1306 4935 1448 4988 Deus
1478 4950 1609 4989 vero
1643 4937 1699 4988 in
1726 4936 1873 5004 justa
1906 4946 2106 4991 statera
2136 4936 2354 4991 univer-

2455 4686 2563 4734 vo;,
2595 4670 2821 4739 καὶτῆς
2863 4670 3079 4738 μερίδος
3123 4669 3232 4723 τῶν
3275 4670 3574 4739 ἀλλοτρίων
3602 4670 3901 4741 ἐπιθυμῶν
3942 4689 4040 4723 κα-

2454 4763 2608 4811 κεῖνα
2657 4753 2731 4813 ὧν
2790 4760 2965 4813 ἐδόκει
3016 4759 3251 4831 βεϐαίως
3301 4764 3545 4830 κρατεῖν,
3574 4762 4035 4831 προσαπώλεσεν.

2466 4849 2647 4903 Ἔνθεν
2677 4866 2758 4902 τοι
2807 4851 2901 4903 καὶ
2932 4853 2959 4903 ὁ
2984 4849 3172 4903 τούτου
3218 4849 3343 4913 λαὸς
3395 4850 3553 4913 εὐθὺς
3583 4852 3886 4921 ἀποκρίνει
3913 4856 4044 4922 πρὸς

2454 4940 2806 5005 Κώνσταντα,
2857 4942 2948 4996 καὶ
2993 4941 3201 5009 γίνεται
3247 4943 3408 5012 ήτῆς
3444 4941 3715 5032 Ἐσπέρας
3768 4945 3921 5014 ἀρχὴ
3958 4942 4042 4995 ὑπ’

789 5040 905 5077 sum
944 5025 1288 5094 judieasset:
1325 5026 1416 5096 qui
1466 5027 1629 5081 etiam
1682 5042 1792 5081 non
1846 5042 2061 5081 movere
2101 5028 2361 5084 terminos

2459 5031 2675 5100 ἐκείνῳ,
2714 5031 2881 5100 μηδὲν
2910 5034 3036 5103 περὶ
3074 5032 3279 5102 ταύτης
3321 5025 3708 5095 σπουδάσαντι,
3755 5034 3855 5087 τοῦ
3907 5033 4036 5088 Θεοῦ

790 5124 1025 5184 patrum,
1077 5132 1254 5187 neque
1290 5118 1355 5172 de
1407 5119 1558 5173 sulco
1592 5119 1878 5190 propinqui
1934 5118 2137 5188 aliquid
2177 5121 2360 5173 detra-

2460 5121 2517 5173 δὲ
2548 5121 2608 5172 τὸ
2632 5121 2739 5173 πᾶν
2781 5123 2839 5174 ἐν
2873 5125 3098 5193 σταθμῷ
3131 5124 3329 5194 δικαίῳ
3360 5123 3707 5189 δικάσαντος,
3744 5126 3805 5188 6,-
3847 5129 3943 5179 καὶ
3970 5127 4038 5194 μὴ

793 5213 917 5260 here
966 5208 1072 5262 lata
1101 5210 1215 5280 lege
1262 5211 1429 5264 semel
1461 5210 1765 5276 constituit,
1804 5225 1891 5274 ne,
1942 5211 2068 5263 dum
2118 5209 2365 5278 improbe

2463 5215 2633 5265 κινεῖν
2656 5212 2781 5283 ὅρια
2806 5214 3078 5285 πατέρων,
3114 5216 3189 5287 μὴ
3210 5215 3266 5269 δὲ
3293 5216 3393 5283 τῆς
3418 5216 3511 5269 τοῦ
3539 5216 3774 5285 πλησίον
3804 5216 4037 5277 αὖλακός

792 5316 848 5353 se
881 5303 1016 5371 gerit
1067 5304 1190 5372 quis
1225 5304 1275 5356 in
1315 5303 1702 5372 propinquum,
1740 5300 2059 5372 imprudens
2088 5302 2239 5371 justa
2271 5300 2364 5355 Dei

794 5392 870 5445 ira
900 5396 1310 5450 condemnetur.
1346 5392 1565 5448 Obtinet
1613 5408 1740 5463 ergo
1770 5394 2039 5449 Constans
2084 5394 2367 5464 imperium

2465 5323 2517 5358 τι
2585 5307 2889 5376 παρασπᾷν
2961 5306 3109 5372 ἅπαξ
3176 5308 3637 5378 νενομοθέτηκεν,
3700 5308 3795 5363 ἱνα
3857 5308 4039 5391 μητῷ

2481 5396 2705 5466 πλησίον
2752 5398 3208 5468 πονηρευόμενος,
3266 5398 3446 5467 ἑαυτῷ
3505 5398 3644 5469 λάθῃ
3701 5402 3804 5470 τὴν
3831 5401 4037 5453 δικαίαν

863 5642 938 5713 tl)
971 5637 1293 5714 Viti¢_Vitaln
1322 5644 1378 5696 S.
1418 5641 1573 5699 Lucae
1601 5656 1666 5697 ex
1711 5639 2075 5711 Metaphraste
2129 5641 2194 5697 ad
2234 5638 2295 5698 18
2332 5636 2548 5710 Octob.,
2592 5657 2711 5713 cap.
2750 5642 2821 5710 ὃς
2859 5640 3086 5713 Niceph.
3121 5643 3214 5699 lib.
3251 5659 3280 5696 χ
3321 5643 3488 5709 Hist,
3521 5657 3647 5714 cap.
3701 5644 3762 5699 ll
3794 5661 3807 5711 ;
3849 5645 4032 5703 Bai-on.

796 5717 851 5771 in
882 5712 987 5766 not.
1025 5712 1249 5766 ibidem.
