4198 6312
185 418 325 484 1165

1319 418 1785 479 ΜᾹΒΤΥΒΙΠΜ
1830 422 1890 482 S.
1940 423 2265 482 ARTEMII

3294 420 3428 484 1166

176 526 354 600 ὀργὴν
385 525 922 596 καταψηφιζόμενος.
944 526 1229 580 Βασιλεύει
1248 528 1427 579 τοίνυν
1451 529 1479 579 6
1502 529 1761 591 Κώνστας

1873 531 2034 586 totius
2054 531 2388 597 Occidentis,
2422 535 2554 590 duas
2587 545 2765 605 partes
2792 536 2847 589 in
2882 547 3039 587 unam
3072 531 3427 601 coniungens.

178 614 272 681 ἐφ’
305 614 435 682 ὅλης
480 618 578 684 τῆς
607 616 867 684 ἑσπερίου
898 616 1071 686 ἀρχῆς
1094 654 1108 680 ,
1148 617 1243 678 τὰς
1275 616 1368 668 δύο
1397 616 1757 686 κληροδοσίας

176 709 263 767 εἰς
324 706 381 757 ἓν
443 706 710 776 συνάψας,
762 707 856 759 καὶ
917 709 1047 776 μίαν
1100 706 1275 776 ἀρχὴν
1328 708 1613 777 ἀμφότερα
1669 707 1756 758 θέ-

180 814 363 866 μενος.

254 886 328 941 E'.
370 891 444 941 Οὐ
484 889 651 953 πολὺς
690 890 815 960 ἐνῆν
860 889 1079 960 καιρὸς,
1131 890 1223 942 καὶ
1288 893 1315 942 6
1365 889 1623 950 Κώνστας
1674 889 1752 952 εἰς

179 981 407 1049 κώμους
476 983 573 1035 καὶ
628 981 798 1052 μέθας
857 983 1251 1046 ἑναποκλίνας,
1303 981 1398 1034 καὶ
1434 980 1752 1042 ἀλλοκότους

179 1070 415 1140 ἔρωτας,
455 1073 713 1143 ῥᾳθύμως
739 1073 840 1143 τὴν
871 1073 1000 1143 ὅλην
1043 1073 1218 1143 ἀρχὴν
1235 1072 1565 1135 διεπέττευε,
1619 1086 1749 1124 τοσ-

175 1163 339 1217 οῦτον
390 1164 665 1234 βασιλείας
699 1165 927 1233 μέγεθος
960 1164 1370 1235 ἐξορχούμενος.
1407 1161 1753 1215 Ἐπιϐουλεύ-

176 1273 301 1309 εται
332 1255 620 1325 τοιγαροῦν
647 1255 741 1308 καὶ
759 1256 920 1319 αὐτὸς
953 1257 1250 1325 παράτινος
1270 1255 1378 1309 τῶν
1404 1252 1748 1321 στρατηγῶν,

180 1347 410 1415 ὀνόματι
436 1347 800 1413 Μαγνεντίου,
832 1349 925 1398 καὶ
962 1347 1100 1415 μετὰ
1129 1347 1227 1415 τῆς
1279 1345 1555 1415 βασιλείας
1583 1361 1751 1415 προσ-

176 1437 482 1490 απόλλυσιν
516 1440 611 1489 καὶ
640 1437 697 1489 τὸ
730 1437 851 1507 ζῇν.
888 1437 1089 1491 Τούτου
1111 1438 1392 1501 πεσόντος,
1426 1440 1614 1508 κρατεῖ
1650 1438 1750 1504 τῆς

174 1530 353 1599 ἀρχῆς
379 1531 407 1581 6
438 1530 800 1598 Μαγνὲντιος,
841 1531 961 1599 μεθ’
1003 1526 1064 1585 οὗ
1105 1531 1203 1601 τῆς
1252 1531 1567 1600 τυραννίδος
1629 1548 1751 1584 συν-

180 1621 517 1674 επελάϐοντο
595 1624 947 1686 Νεπωτιανδς
996 1625 1088 1676 καὶ
1149 1624 1503 1695 Βρεττανίων.
1567 1623 1750 1677 Ταῦτα

177 1711 369 1780 μαθὼν
400 1715 426 1767 6
459 1713 836 1775 Κωνστάντιος
869 1716 933 1766 ἐκ
959 1715 1067 1767 τῶν
1095 1713 1194 1782 τῆς
1223 1712 1458 1781 ἀδελφῆς
1487 1714 1750 1782 γραμμά-

177 1821 310 1865 των,
375 1806 593 1873 ἀπάρας
645 1807 709 1858 ἐκ
769 1807 870 1873 τῆς
938 1807 1251 1877 Ἀνατολῆς,
1311 1807 1401 1859 καὶ
1458 1806 1593 1876 πρὸς
1648 1807 1748 1877 τὴν

1864 631 1917 673 et
1948 637 2011 675 ex
2047 624 2313 692 ambobus
2341 642 2506 679 unum
2542 625 2743 680 faciens
2770 626 3076 695 imperium.

1932 888 1993 938 ν.
2035 888 2150 941 Non
2182 890 2409 943 multum
2439 891 2743 948 intercessit
2777 892 3057 963 temporis,
3084 902 3137 946 et
3161 890 3429 946 Constans

1860 979 1925 1030 ad
1959 984 2382 1035 comessationes
2412 983 2693 1037 declinans
2720 993 2774 1039 et
2798 985 3109 1047 ebrietates,
3143 992 3195 1036 et
3222 983 3427 1036 alienos

1860 1081 2093 1126 amores,
2133 1069 2368 1139 segniter
2409 1070 2717 1124 universum
2741 1072 2961 1140 gerebat
2995 1070 3303 1139 imperium,
3330 1085 3427 1138 per

1863 1155 2040 1208 ludum
2070 1169 2123 1211 et
2145 1158 2482 1214 sallationem
2507 1171 2707 1214 tantam
2735 1162 2928 1215 molem
2962 1163 3259 1215 sustinens.
3286 1161 3426 1229 Ergo

1859 1246 1907 1298 ei
1941 1259 2202 1314 parantur
2232 1250 2438 1305 insidia:
2468 1269 2496 1305 a
2529 1253 2761 1323 quodam
2797 1254 2935 1308 duce
2984 1254 3271 1314 exercitus,
3323 1269 3426 1306 no-

1858 1338 2002 1393 mine
2032 1340 2359 1409 Magnentio,
2389 1354 2590 1399 etcum
2625 1347 2849 1415 imperio
2890 1348 3050 1401 simul
3083 1361 3297 1415 quoque
3341 1348 3422 1398 vi-

1861 1439 1964 1483 tam
1998 1433 2216 1487 amittit.
2261 1434 2395 1489 Cum
2450 1438 2493 1491 is
2528 1439 2833 1502 cecidisset,
2871 1439 3153 1508 imperium
3198 1447 3426 1507 occupat

1857 1520 2215 1589 Magnentius,
2247 1541 2369 1579 eum
2404 1544 2513 1596 quo
2543 1528 2704 1583 simul
2736 1530 3051 1584 invaserunt
3081 1530 3420 1601 tyrannidem

1858 1612 2189 1683 Nepotianus
2256 1628 2311 1672 et
2365 1619 2703 1675 Brettanion.
2764 1623 2888 1675 Haec
2943 1638 3065 1675 cum
3128 1620 3423 1687 accepisset

1857 1700 2204 1757 Constantius
2229 1722 2292 1758 ex
2320 1706 2512 1760 litteris
2533 1709 2736 1764 sororis
2765 1718 2818 1762 et
2850 1710 2916 1762 ali
2939 1707 3162 1762 Oriente
3184 1710 3423 1762 venisset

1857 1791 1923 1845 ad
1956 1791 2328 1857 Occidentem,
2360 1796 2500 1850 bello
2526 1814 2718 1851 manus
2740 1798 2978 1852 conserit
3010 1814 3130 1852 cum
3161 1800 3263 1851 illis
3290 1810 3339 1851 et
3369 1797 3420 1851 vi

197 1895 470 1964 Ἑσπέραν
518 1897 810 1966 γενόμενος
839 1938 853 1962 ,
913 1900 1177 1952 συνάπτει
1231 1899 1366 1970 πρὸς
1410 1898 1753 1967 ἀμφοτέρους

1857 1881 2005 1944 vicit,
2039 1898 2161 1937 cum
2198 1885 2511 1940 Brettanion
2543 1886 2608 1940 ad
2644 1902 2766 1940 eum
2801 1888 3107 1940 defecisset.
3142 1884 3262 1950 Quo
3296 1887 3422 1954 qui-

180 1984 423 2058 πόλεμον
467 1990 558 2041 καὶ
610 1990 753 2042 κατὰ
806 1988 1010 2063 κράτος
1038 1995 1184 2063 νικᾷ,
1221 1993 1312 2045 τοῦ
1350 1993 1751 2063 Βρεττανίωνος

176 2083 319 2151 πρὸς
352 2083 516 2135 αὐτὸν
549 2083 979 2149 άποκλίναντος,
1030 2086 1117 2138 ὅτε
1154 2086 1248 2138 καὶ
1284 2084 1344 2136 τὸ
1382 2085 1475 2135 τοῦ
1514 2083 1749 2153 σταυροῦ

176 2178 407 2243 σημεῖον
442 2176 697 2245 μέγιστόν
724 2193 781 2229 τε
813 2181 904 2228 καὶ
938 2177 1125 2240 δεινῶς
1176 2176 1408 2245 ἐκφανὲν
1453 2176 1616 2241 ἅπαν,
1674 2176 1751 2238 ὡς

174 2267 660 2337 ὑπεραστράπτειν
702 2270 779 2335 τῷ
824 2268 1259 2338 καταπληκτικῴ
1304 2268 1405 2337 τῆς
1452 2268 1646 2338 αἴγλης
1690 2267 1751 2321 τὸ

176 2357 280 2425 τῆς
312 2357 530 2425 ἡμέρας
565 2356 679 2424 φῶς
710 2356 802 2407 ἐπὶ
842 2356 951 2408 τῶν
1012 2357 1400 2427 Ἰεροσολύμων
1431 2357 1588 2428 ὤφθη
1625 2359 1752 2428 περὶ

179 2446 375 2515 τρίτην
426 2446 576 2515 ὤραν
627 2446 863 2516 μάλιστα
897 2447 996 2516 τῆς
1037 2449 1251 2517 ἡμέρας
1277 2452 1374 2519 τῆς
1406 2451 1600 2520 ἑορτῆς
1653 2451 1752 2518 τῆς

174 2538 478 2607 λεγομένης
516 2538 897 2608 Πεντηκοστῆς
942 2540 1261 2605 ἑστηκυίας,
1293 2540 1476 2608 διῆκον
1507 2541 1613 2592 ἀπὸ
1655 2541 1748 2593 τοῦ

174 2630 418 2700 Κρανίου
452 2631 787 2701 καλουμένου
816 2634 1005 2694 τόπου,
1050 2631 1177 2702 ἄχρι
1208 2631 1300 2684 καὶ
1337 2631 1430 2683 τοῦ
1465 2631 1750 2695 Ἐλαιῶνος

177 2724 364 2792 ὅρους,
401 2724 524 2777 ὅθεν
556 2726 799 2796 ὑπῆρχεν
830 2725 857 2777 ό
881 2726 1070 2795 Σωτὴρ
1101 2726 1200 2796 τὴν
1231 2725 1499 2795 ἀνάληψιν
1523 2726 1752 2793 ποιησὰ-

180 2830 366 2884 μενος.
411 2818 618 2883 Κρατεῖ
652 2818 831 2868 τοίνυν
868 2816 969 2885 τῆς
1013 2817 1293 2885 βασιλείας
1350 2816 1751 2883 Κωνστάντιος,

177 2907 288 2959 τῶν
334 2906 429 2958 τοῦ
480 2908 718 2976 μεγάλου
770 2910 1184 2961 Κωνσταντίνου
1240 2910 1370 2961 υἱῶν
1427 2913 1585 2980 μόνος
1618 2912 1751 2963 ὐπο-

174 3000 438 3068 λειφθείς.
479 3002 754 3065 Ἀτενίσας
786 3001 876 3054 οὖν
912 3002 1047 3072 πρὸς
1082 3004 1141 3054 τὸ
1173 3002 1270 3071 τῆς
1293 3002 1467 3074 ἀρχῆς
1499 3001 1751 3070 μέγεθος,

176 3094 273 3145 xa‘t
313 3093 625 3158 ἰλιγγιάσας
664 3095 759 3147 ἆτε
790 3094 852 3165 δὴ
892 3094 1179 3163 ἄνθρωπος
1210 3094 1307 3160 ῶν,
1359 3096 1452 3147 καὶ
1507 3097 1580 3167 μὴ
1614 3097 1749 3167 ἔχων

173 3190 269 3239 τὸν
318 3191 379 3239 ὲκ
426 3188 520 3241 τοῦ
565 3190 756 3256 γένους
792 3189 940 3257 αὐτῷ
980 3188 1383 3252 συνασπίζοντα
1416 3203 1428 3216 ·
1459 3188 1581 3241 οὔτε
1638 3192 1746 3259 γὰρ
1778 3228 1819 3287 C

174 3280 330 3350 αὐτῷ
360 3284 488 3343 παῖς
521 3281 785 3348 ἐγεγόνει,
821 3278 944 3332 οὔτε
980 3295 1062 3340 τις
1093 3281 1202 3331 τῶν
1229 3281 1475 3347 ἀδελφῶν
1529 3286 1752 3335 κατελέ-

174 3376 366 3427 λειπτο
398 3391 412 3405 ⁸
452 3376 547 3427 καὶ
599 3376 784 3435 δείσας
822 3375 895 3443 μή
926 3391 1009 3436 τις
1037 3372 1184 3442 αὐτῷ
1216 3373 1376 3425 πάλιν
1409 3374 1749 3441 ἐπανασταίη

175 3468 464 3536 τύραννος,
533 3469 825 3519 σκέπτεται
884 3466 994 3518 τῶν
1055 3466 1332 3535 συγγενῶν
1386 3482 1507 3518 τινα
1562 3466 1749 3519 λαϐεῖν

179 3561 517 3631 σύγκληρον,
552 3561 644 3612 καὶ
672 3560 770 3629 τῆς
806 3560 1088 3631 βασιλείας
1122 3561 1495 3631 ὑπασπιστὴν,
1520 3562 1546 3613 6
1570 3562 1633 3631 δη
1658 3564 1751 3614 καὶ

178 3655 477 3723 πεποίηκε,
513 3652 709 3706 Γάλλον
740 3652 829 3705 τὸν
871 3651 1162 3705 Ἰουλιανοῦ
1218 3652 1442 3716 ἀδελφὸν
1497 3652 1750 3720 Καίσαρα

178 3747 556 3816 ποιησάμενος
591 3743 853 3812 ’ἀνεψιὸς
912 3743 968 3795 δὲ
1025 3743 1163 3814 πρὸς
1226 3743 1431 3814 πατρὸς
1478 3744 1505 3795 6
1555 3743 1755 3806 Γάλλος

179 3838 336 3906 αὐτῷ
371 3852 384 3866 ·
416 3836 796 3899 Κωνστάντιος
845 3835 955 3906 γάρ
1008 3838 1035 3891 ὀ
1079 3835 1284 3891 Γάλλου
1319 3836 1413 3888 καὶ
1460 3835 1752 3889 Ἰουλιανοῦ

179 3929 389 4000 πατὴρ,
458 3927 683 3998 ἀδελφὸς
742 3925 810 3999 ἦν
866 3926 1279 3983 Κωνσταντίνου
1334 3925 1428 3977 τοῦ
1491 3926 1752 3994 μεγάλου,

179 4021 387 4073 Τοῦτον
415 4017 509 4074 οὖν
542 4023 598 4073 ἐν
624 4020 701 4089 τῷ
728 4020 937 4090 Σιρμίῳ
975 4019 1492 4088 προχειρισάμενος,
1523 4020 1759 4087 γυναῖκά

183 4131 246 4167 τε
289 4114 439 4184 αὑτῴ
480 4112 735 4181 ζεύγνυσι
780 4112 879 4184 τὴν
927 4109 1123 4165 ἑαυτοῦ
1174 4110 1409 4182 ἀδελφὴν
1458 4113 1753 4165 Κωνσταν-

177 4207 329 4269 τίαν,
365 4206 599 4268 πίστεως
630 4206 723 4258 καὶ
754 4205 1104 4276 βεῦαιότητος
1138 4205 1298 4274 χάριν
1322 4243 1336 4267 ,
1367 4202 1462 4256 καὶ
1488 4204 1753 4273 ἄρχοντας

179 4299 336 4369 αὑτῷ
365 4301 577 4353 δίδωσιν
610 4298 770 4359 αὐτὸς
806 4299 1153 4365 καταστήσας
1182 4312 1194 4326 ⁸
1229 4296 1291 4348 οὐ
1327 4297 1434 4367 γάρ
1466 4297 1659 4367 ἐκείνῳ
1690 4318 1753 4367 γε

1855 1973 1978 2027 dem
2016 1984 2254 2044 tempore
2304 1978 2517 2046 signum
2551 1980 2726 2033 crucis
2769 1982 3083 2041 maximum,
3115 1988 3166 2032 et
3194 1979 3419 2031 mirifice

1852 2077 2140 2130 apparens,
2174 2067 2311 2117 adeo
2360 2077 2417 2119 ut
2453 2067 2756 2119 admirabili
2803 2067 3091 2133 splendore
3139 2072 3420 2133 superaret

1852 2154 2024 2207 lucem
2056 2155 2184 2217 diei,
2232 2157 2404 2208 visum
2442 2158 2527 2210 est
2571 2156 2956 2225 Hierosolymis
3006 2156 3151 2209 circa
3206 2158 3416 2208 tertiam

1854 2246 2041 2301 horam
2068 2247 2199 2312 diei,
2234 2264 2356 2302 cum
2390 2258 2537 2303 esset
2564 2250 2683 2303 dies
2709 2251 2899 2311 festus,
2925 2246 3018 2317 qui
3050 2247 3251 2302 dicitur
3276 2246 3419 2300 Pen-

1857 2344 2078 2407 tecoste,
2140 2344 2506 2412 pertingensa
2547 2344 2686 2407 loco,
2741 2343 2831 2411 qui
2882 2341 3085 2396 dicitur
3133 2340 3417 2403 Calvaria:,

1854 2448 2023 2503 usque
2053 2434 2116 2487 ad
2150 2446 2389 2492 montem
2420 2434 2635 2500 Oliveti,
2665 2436 2806 2489 unde
2836 2435 2937 2489 fuit
2965 2444 3277 2503 assumptus
3320 2448 3419 2486 no-

1853 2534 1966 2577 ster
2019 2524 2288 2579 Salvator.
2350 2526 2637 2594 Imperium
2688 2541 2814 2595 ergo
2868 2534 3014 2578 tenet
3048 2525 3418 2587 Constantius,

1853 2617 2071 2670 relictus
2093 2617 2237 2671 solus
2264 2632 2328 2669 ex
2359 2617 2538 2685 magni
2569 2616 2910 2670 Constantini
2949 2615 3094 2669 filiis.
3122 2615 3259 2669 Cum
3291 2631 3422 2685 ergo

1850 2709 1915 2762 ad
1950 2708 2157 2778 imperii
2193 2709 2625 2779 magnitudinem
2658 2709 2931 2764 deﬁxisset
2961 2710 3169 2769 oculos,
3200 2719 3254 2762 et
3289 2709 3421 2763 cali-

1852 2811 2050 2873 gasset,
2092 2810 2151 2855 ut
2191 2802 2281 2869 qui
2318 2812 2463 2854 esset
2491 2803 2673 2866 homo,
2720 2813 2771 2856 et
2821 2816 2930 2855 non
2966 2800 3191 2855 haberet
3229 2816 3293 2855 ex
3325 2816 3422 2854 sun

1853 2911 2072 2966 genere,
2106 2893 2195 2963 qui
2246 2909 2369 2947 cum
2399 2893 2719 2948 defenderet
2754 2896 2951 2963 (neque
2996 2897 3143 2949 enim
3173 2897 3220 2948 ei
3260 2904 3421 2948 natus

1852 2985 2028 3038 fuerat
2063 2984 2224 3045 filius,
2260 2999 2433 3052 neque
2456 2991 2790 3037 remanserat
2812 2982 3005 3052 aliquis
3030 3000 3092 3036 ex
3119 2983 3421 3049 fratribus),

1852 3085 1906 3129 et
1937 3078 2173 3139 timeret,
2205 3092 2274 3130 ne
2311 3077 2362 3129 in
2395 3092 2518 3130 eum
2550 3092 2737 3129 rursus
2773 3075 2966 3144 aliquis
2997 3075 3303 3144 insurgeret
3341 3088 3423 3147 ty-

1853 3184 2076 3231 rannus,
2110 3168 2297 3221 statuit
2334 3184 2396 3219 ex
2429 3169 2671 3236 cognatis
2706 3169 2940 3236 aliquem
2974 3170 3222 3237 accipere
3250 3170 3432 3225 cohae-

1856 3262 2061 3324 redem,
2097 3269 2153 3314 et
2186 3260 2397 3329 imperii
2451 3259 2793 3314 defensorem
2828 3277 2840 3312 :
2876 3260 3021 3328 quod
3070 3261 3237 3314 etiam
3271 3261 3419 3315 fecit.

1850 3355 1985 3408 Nam
2029 3369 2151 3407 cum
2179 3350 2391 3405 Gallum
2418 3350 2615 3406 Juliani
2649 3352 2879 3406 fratrem
2931 3350 3118 3406 Sirnni
3151 3352 3420 3407 Cmsarem

1848 3452 2086 3497 creaSSet
2120 3444 2258 3511 (erat
2314 3453 2493 3495 autem
2527 3444 2575 3495 ei
2616 3444 2797 3497 Gallus
2826 3446 3122 3513 patruelis:
3157 3444 3425 3498 Constan-

1851 3536 1957 3588 tius
1978 3533 2147 3595 enim,
2177 3531 2313 3585 Galli
2346 3541 2399 3585 et
2425 3532 2625 3587 Juliaui
2651 3545 2821 3602 pater,
2851 3536 3018 3588 frater
3045 3536 3219 3590 fuerat
3242 3541 3421 3607 magni

1848 3623 2234 3694 Constantini),
2260 3623 2306 3678 ei
2332 3625 2423 3680 dat
2453 3641 2695 3689 uxorem,
2719 3641 2869 3680 suam
2892 3642 3134 3681 sororem
3158 3627 3425 3682 Constan-

1854 3720 2007 3781 tiam,
2041 3727 2222 3773 ut'res
2251 3728 2399 3772 esset
2429 3719 2640 3771 firmior
2671 3728 2725 3771 et
2770 3721 3001 3784 cautior,
3041 3730 3094 3773 et
3140 3721 3345 3787 praebet
3375 3721 3424 3774 ei

1854 3814 2222 3884 magistratus,
2251 3827 2388 3882 quos
2411 3813 2525 3881 ipse
2550 3810 2906 3865 constituerat
2953 3817 3084 3881 (non
3107 3813 3252 3867 enim
3276 3811 3426 3865 Gallo

1854 3906 2049 3959 licebat
2079 3904 2133 3957 id
2171 3904 2272 3958 sibi
2316 3918 2614 3963 assumere,
2645 3919 2770 3957 cum
2798 3915 2950 3958 esset
2981 3906 3204 3972 Caesar),
3240 3906 3427 3959 Domi-

1857 3996 2066 4051 tianum
2114 3994 2329 4063 quidem
2363 4003 2418 4047 et
2466 3992 2808 4049 Thalassium
2852 3992 3103 4047 emitteus
3140 3994 3428 4062 praefectos

1860 4090 2143 4163 praetorios
2163 4132 2177 4154 ,
2214 4088 2476 4142 Montium
2506 4102 2687 4142 autem
2722 4088 3089 4157 imperatoriis
3120 4088 3426 4157 praefieiens

1862 4183 2185 4244 rationibus,
2213 4195 2373 4250 quem
2402 4180 2565 4233 etiam
2596 4180 2832 4233 solemus
2861 4195 3051 4234 vocare
3079 4192 3423 4250 qumstorem,

1861 4288 1916 4333 et
1941 4276 2100 4332 simul
2131 4290 2254 4329 eum
2283 4273 2447 4328 etiam
2484 4288 2687 4327 ornans
2715 4272 2919 4328 honore
2950 4272 3189 4329 Patrieii.

178 4396 369 4463 ἐφεῖτο
422 4391 663 4462 Καίσαρι
716 4390 865 4443 όντιο
914 4389 1215 4444 Θαλάσσιον
1274 4388 1372 4459 μὲν
1424 4391 1749 4458 ἀποστείλας
1811 4395 2049 4462 ἔπαρχον
2072 4389 2442 4463 πραιτωρίων,
2490 4390 2722 4442 Μόντιον
2767 4388 2823 4441 δὲ
2855 4390 2948 4442 ἐπὶ
2994 4391 3102 4445 τῶν
3134 4393 3429 4463 βασιλικῶν

179 4484 557 4553 πραγμάτων,
590 4482 651 4536 ὃν
693 4483 789 4535 καὶ
825 4480 1167 4549 κοιαίστωρα
1206 4480 1391 4532 καλεῖν
1425 4477 1566 4533 οἶδεν
1598 4484 1625 4533 6
1659 4482 1834 4550 λόγος,
1873 4483 1987 4553 ἅμα
2031 4486 2121 4535 καὶ
2152 4483 2441 4550 πατρίκιον
2476 4480 2665 4533 τοῦτον
2700 4484 2960 4552 τιμήσας.

261 4584 354 4649 ς’.
400 4579 458 4635 'O
487 4580 543 4633 δὲ
567 4580 768 4642 Γάλλος
793 4578 867 4642 ὡς
901 4579 1023 4631 τότε
1069 4575 1221 4645 παρά
1253 4576 1348 4629 τοῦ
1376 4578 1759 4632 Κωνσταντίου
1793 4588 1842 4645 ι)

181 4674 463 4743 πεμφθεὶς
496 4674 585 4725 ἐπὶ
620 4674 715 4740 τῆς
746 4669 939 4739 Ἐᾡας,
976 4672 1151 4738 είχετο
1181 4667 1285 4720 τῶν
1311 4670 1668 4740 πραγμάτων,
1700 4670 1756 4721 ὃν

180 4765 391 4818 αὐτίκα
421 4763 684 4830 μαθόντες
710 4761 759 4813 οἱ
792 4763 996 4830 Πέρσαι
1026 4760 1159 4830 πρὸς
1184 4760 1516 4830 Ἀντιόχειαν
1549 4762 1745 4828 ἀφικό-

185 4875 378 4930 μενον,
418 4853 881 4927 κατωρῤώδησαν,
921 4856 1039 4908 νέον
1069 4870 1127 4907 τε
1171 4854 1331 4907 αὑτὸν
1365 4855 1458 4907 καὶ
1484 4853 1758 4923 θερῖιουρ-

183 4953 285 5019 γὸν
307 4951 385 5013 είς
409 4951 481 5003 τὰ
513 4948 651 5020 ἔργα
688 4951 1007 5020 πυθόμενοι,
1035 4949 1130 5002 καὶ
1170 4950 1268 5001 οὐκ
1306 4948 1387 5001 ἔτι
1431 4949 1758 5017 ἐποιήσαντο

182 5045 287 5114 τὴν
324 5045 416 5097 ἐπὶ
446 5046 570 5108 τοὺς
606 5040 911 5111 Ῥωμαίους
945 5041 1209 5105 ἐξέλασιν,
1244 5042 1337 5093 καὶ
1387 5043 1414 5094 6
1455 5042 1551 5109 μὲν
1591 5043 1645 5093 ὲν
1692 5042 1757 5111 τῇ

198 5137 504 5206 Ἀντιοχείᾳ
526 5135 623 5204 τῆς
658 5134 856 5202 Συρίας
888 5130 955 5203 ἧν
989 5132 1063 5193 ῶς
1100 5133 1430 5202 δεδήλωται,
1466 5133 1756 5185 Κωνστάν-

184 5248 300 5295 τιος
337 5230 391 5281 δὲ
428 5233 483 5280 ὲν
511 5233 577 5299 τῇ
620 5228 859 5298 Ἐσπέρα
901 5229 1132 5296 καθίστη
1180 5225 1248 5279 τά
1291 5220 1614 5295 πράγματα,
1666 5228 1759 5279 καὶ

187 5323 311 5376 τότε
349 5321 411 5391 δὴ
460 5322 719 5390 μάλιστα,
776 5319 1032 5388 καθαρῶς
1078 5317 1352 5388 ἡσύχασεν
1384 5318 1417 5386 ἠ
1465 5315 1760 5385 Ῥωμαίων

189 5416 338 5485 ἁρχὴ
371 5417 505 5484 πρὸς
528 5415 851 5483 ἀμφοτέρων
884 5413 1282 5482 φυλαττομένη.
1312 5411 1421 5464 Καὶ
1452 5409 1620 5463 ταῦτα
1664 5409 1762 5478 μὲν

191 5508 385 5561 τοῦτον
439 5508 561 5577 ἔσχε
619 5507 709 5559 τὸν
765 5509 986 5577 τρόπον.
1034 5505 1092 5557 'O
1153 5504 1209 5557 δὲ
1260 5503 1493 5564 Γάλλος.
1531 5502 1626 5573 τὴν
1666 5500 1762 5554 τοῦ

193 5601 479 5669 Καίσαρος
530 5602 947 5670 ἀμφιασάμενος
999 5598 1314 5667 ἁλουργίδα,
1365 5596 1458 5647 καὶ
1506 5594 1605 5665 ήδη
1656 5594 1763 5647 τῶν

192 5691 424 5760 πρώτων
446 5695 545 5761 τῆς
571 5690 843 5763 βασιλείας
863 5693 1167 5761 ἀρξάμενος
1190 5688 1488 5741 ἐπιϐαίνειν
1514 5686 1759 5755 βαθμῶν,

191 5786 291 5839 οὐκ
313 5784 506 5853 ἔμενεν
538 5785 632 5837 ἐπὶ
668 5785 766 5854 τῆς
804 5784 1063 5852 τοιαύτης
1110 5782 1335 5851 γνώμης
1378 5780 1469 5831 καὶ
1504 5778 1760 5843 πίστεως,

196 5875 260 5949 ἧς
288 5878 423 5949 πρὸς
454 5876 544 5929 τὸν
573 5879 949 5933 Κωνστάντιον
986 5877 1299 5943 ἐποιήσατο,
1338 5869 1760 5941 βασιλικώτερον

1943 4580 2025 4634 Vl.
2086 4580 2271 4635 Callus
2320 4591 2526 4644 autem,
2582 4591 2641 4634 ut
2692 4580 2783 4651 qui
2839 4590 2967 4635 tunc
3020 4597 3049 4635 a
3107 4582 3430 4638 Constantio

1862 4674 2061 4727 missus
2096 4682 2241 4726 esset
2268 4671 2333 4725 ad
2364 4669 2668 4736 Orientem,
2694 4685 2813 4727 erat
2864 4672 3105 4726 intentus
3145 4674 3309 4726 rebus
3335 4690 3428 4742 ge-

1860 4768 2067 4821 rendis.
2103 4766 2274 4831 Quem
2315 4783 2436 4821 cum
2487 4768 2721 4835 primum
2768 4769 3101 4834 accepissent
3131 4766 3308 4822 Persze
3336 4785 3428 4821 ve-

1860 4860 2010 4913 nisse
2044 4860 2410 4923 Antiochiam,
2446 4856 2640 4913 timore
2684 4866 2813 4914 sunt
2853 4860 3052 4921 aﬁ‘ecti,
3102 4877 3224 4915 cum
3272 4863 3430 4915 audi-

1863 4945 2069 4999 vissent
2128 4963 2251 5001 eum
2297 4962 2415 5001 esse
2442 4947 2719 5016 juvenem,
2779 4956 2834 5003 et
2890 4949 2955 5003 ad
3018 4964 3107 5003 res
3161 4955 3427 5019 gerendas

1861 5050 2039 5089 acrem
2071 5046 2123 5090 et
2148 5036 2545 5100 vehementem,
2574 5054 2671 5091 nec
2709 5038 2953 5091 fecerunt
2974 5039 3206 5107 amplius
3232 5056 3424 5094 excur—

1862 5127 2069 5181 sionem
2111 5129 2162 5180 in
2207 5142 2364 5197 agros
2394 5130 2782 5182 Romanorum.
2820 5130 2885 5182 Et
2920 5130 3008 5183 ille
3058 5130 3274 5199 quidem
3310 5141 3428 5185 erat

1863 5217 2166 5272 Antiochiae
2210 5218 2398 5288 Syriae,
2458 5229 2516 5273 ut
2569 5228 2850 5275 ostensum
2908 5233 3024 5287 est;
3079 5224 3427 5278 Constantius

1862 5320 2043 5364 autem
2081 5325 2169 5364 res
2202 5312 2567 5367 constituebat
2607 5314 2660 5367 in
2690 5314 2984 5369 Occidente
3016 5332 3029 5367 :
3071 5328 3124 5369 et
3151 5326 3281 5371 tunc
3311 5328 3427 5371 erat

1864 5402 2095 5454 maxime
2128 5403 2375 5470 quietum
2428 5403 2794 5459 Romanorum
2840 5404 3150 5474 imperium,
3188 5416 3245 5459 ut
3282 5408 3428 5476 quod

1864 5496 1930 5547 ab
1949 5492 2190 5562 utrisque
2206 5495 2589 5550 custodiretur.
2615 5497 2681 5549 Et
2712 5498 2823 5551 haec
2848 5498 3064 5568 quidem
3084 5499 3245 5554 modo
3266 5500 3428 5553 modo

1866 5601 1925 5640 se
1965 5585 2254 5640 habebant.
2284 5584 2467 5641 Gallus
2504 5598 2681 5642 autem
2723 5606 2845 5643 cum
2889 5591 3118 5648 Caesaris
3165 5594 3431 5646 induisset

1868 5692 2184 5747 purpuram,
2244 5688 2298 5732 et
2342 5679 2452 5748 jam
2533 5682 2789 5749 coepisset
2867 5683 3168 5737 ascendere
3224 5683 3430 5751 primos

1867 5769 2063 5841 gradus
2104 5768 2336 5839 imperii,
2372 5787 2479 5825 non
2514 5774 2712 5826 mansit
2748 5773 2802 5827 in
2846 5776 3033 5829 eadem
3080 5777 3347 5828 sententia
3376 5785 3431 5829 et

1870 5865 1989 5927 fide,
2018 5880 2176 5934 quam
2209 5864 2431 5918 dederat
2461 5864 2799 5931 Constantio,
2840 5868 3000 5921 nimis
3057 5883 3153 5932 pro
3198 5867 3428 5929 imperio
