4198 6312
757 380 887 444 1171

2037 376 2316 439 MENSIS
2352 374 2711 438 OCTOBER.

3861 361 3997 424 1172

756 494 853 545 sed
890 491 1075 544 volens
1120 488 1171 543 in
1203 507 1353 544 suam
1389 492 1637 561 redigere
1661 501 1978 560 potestatem
2018 500 2184 544 totam
2217 489 2321 542 Eu-
2352 486 2398 542 Λ

2352 486 2398 542 Λ
2426 491 2752 549 ἀντελάϐετο
2781 486 2891 542 τῶν
2938 486 3302 556 πραγμάτων,
3345 486 3444 537 οὐκ
3478 483 3560 536 ἔτι
3608 480 3811 549 μικρὸν
3841 479 3995 530 οῦδὲν

760 598 970 652 rapam,
1002 598 1121 652 qum.
1166 576 1352 638 obedit
1409 583 1690 645 Romanis,
1745 586 2011 637 instructo
2054 582 2319 645 exercitu,

758 692 857 743 per
904 674 1203 731 Germanos
1262 676 1503 745 perrexit
1571 677 1637 730 ad
1699 675 2025 731 Danubium.
2086 676 2322 729 Etcum

763 767 1095 821 ulterioricm
1130 768 1301 837 ripam
1348 768 1825 836 apprehendisset,
1860 784 1953 837 per
2008 768 2125 821 loca
2179 766 2325 820 illius

763 861 998 912 ducebat
1031 859 1350 913 exercitum.
1380 861 1578 914 Latens
1612 876 1739 914 vero
1784 860 2088 929 prmfectos,
2122 868 2176 912 et
2206 858 2322 911 Ita-

762 952 846 1004 liae
872 952 1135 1017 Taurum,
1177 951 1267 1021 qui
1295 954 1611 1017 vocabatur,
1639 964 1694 1007 et
1723 954 1915 1023 Illyrici
1962 949 2325 1012 Florentium,

766 1050 1045 1111 postquam
1075 1044 1227 1097 venit
1277 1044 1343 1098 ad
1394 1044 1639 1109 Pzeonas,
1680 1044 1956 1097 transiens
1988 1042 2053 1094 ad
2104 1041 2327 1094 alteram

765 1144 971 1199 partem
1010 1134 1180 1198 ﬂuvii,
1231 1136 1411 1188 statim
1467 1144 1523 1189 et
1574 1137 1885 1189 universam
1938 1133 2204 1202 Illyricam
2240 1142 2327 1183 re-

766 1226 981 1295 gionem
1022 1226 1077 1279 in
1112 1242 1263 1280 suam
1294 1227 1506 1297 redegit
1542 1235 1886 1296 potestatem,
1913 1232 1967 1278 et
1998 1222 2229 1284 Italiam,
2275 1229 2331 1274 et

767 1332 939 1386 usque
975 1318 1040 1371 ad
1070 1316 1349 1373 Oceanum
1379 1319 1770 1372 occidentalem
1803 1317 2090 1371 universas
2120 1321 2324 1383 gentes.

766 1425 885 1477 qua:
909 1419 1067 1464 erant
1094 1412 1305 1480 imperii
1337 1410 1728 1465 Romanorum.

839 1672 905 1727 Χ.
948 1674 1302 1729 Constantius
1326 1686 1506 1729 autem
1539 1692 1661 1731 cum
1692 1677 1809 1731 haec
1865 1677 2183 1741 audivisset,
2235 1678 2337 1731 l'uit

769 1764 1151 1828 conturbatus,
1192 1776 1248 1819 ut
1285 1777 1367 1819 eSt
1398 1776 1848 1831 consentaneum,
1883 1778 1937 1822 et
1975 1769 2043 1822 de
2070 1769 2336 1823 Constan-

772 1856 994 1923 tinopoli
1023 1856 1307 1910 admodum
1340 1857 1534 1912 timens
1561 1899 1575 1923 ,
1622 1874 1691 1912 ne
1728 1859 1872 1926 quod
1912 1860 2001 1912 ille
2032 1860 2214 1914 animo
2240 1875 2334 1915 co-

772 1943 996 2013 gitabat,
1028 1961 1145 2000 eam
1196 1950 1345 2014 prior
1376 1948 1429 2000 in
1477 1963 1630 2001 suam
1681 1948 1952 2018 redigeret
1990 1959 2334 2017 potestatem,

771 2049 890 2087 eam
926 2036 1053 2090 telis
1083 2038 1289 2090 viribus
1332 2038 1624 2092 festinabat
1666 2053 2069 2109 praeoccupare.
2115 2040 2337 2095 Interim

773 2135 957 2178 autem
998 2125 1125 2179 dum
1162 2128 1230 2181 ab
1262 2143 1326 2181 eo
1359 2128 1712 2198 colligebatur
1738 2132 2035 2194 exercitus,
2062 2130 2338 2198 diSpersus

774 2233 873 2287 per
905 2218 1156 2274 civitates
1213 2218 1474 2284 Orientis,
1515 2231 1568 2275 et
1613 2237 1673 2276 se
1742 2223 1967 2290 parabat
2016 2223 2082 2276 ad
2133 2232 2338 2277 tantam

776 2307 943 2370 viam,
1001 2309 1271 2377 signiﬁcat
1319 2311 1612 2380 episcopis,
1676 2320 1735 2366 ut
1789 2328 1912 2366 eum
1977 2314 2341 2381 praecedentes

778 2397 996 2450 veniant
1045 2402 1443 2468 quamprimum
1500 2402 1752 2457 Nicaeam.
1812 2404 1938 2458 Erat
1986 2405 2133 2459 enim
2189 2407 2239 2458 in
2280 2421 2341 2460 ea

778 2490 1070 2541 secundam
1104 2491 1365 2560 synodum
1399 2505 1845 2563 congregaturus.
1871 2495 1937 2549 ab
1972 2495 2151 2564 impiis
2190 2499 2345 2550 Aria-

783 2580 866 2631 nis
925 2581 1188 2635 incitatus
1268 2585 1530 2639 adversus
1578 2589 1938 2641 Homousion.
1991 2588 2122 2643 Cum
2191 2607 2339 2650 vero.

782 2673 1098 2727 transmissa
1145 2673 1355 2738 Cilicia,
1388 2680 1626 2731 venisset
1678 2680 1758 2731 ad.
1791 2678 1975 2748 Mopsi,
2023 2682 2112 2750 qui
2148 2698 2343 2736 vocan-

784 2771 890 2825 tur,
920 2760 1121 2823 funtcs,
1154 2766 1397 2843 quaedam
1433 2767 1775 2823 imbecillitas
1802 2770 1847 2824 ei
1882 2782 2102 2839 repente
2134 2773 2344 2835 accidit,

785 2866 883 2903 nec
947 2860 1158 2919 poterat
1194 2853 1419 2908 ulterius
1484 2859 1751 2927 progredi.
1807 2858 2099 2927 Postquam
2165 2871 2347 2913 autem

785 2942 958 2994 sensit
990 2958 1047 2995 se
1077 2945 1189 3010 jam
1229 2946 1366 2998 male
1418 2946 1640 3011 habere,
1673 2959 1729 3002 et
1774 2966 1883 3003 non
1912 2952 2175 3006 victurum
2229 2970 2347 3010 esse

784 3034 1033 3101 amplius,
1086 3036 1388 3089 Antiochiae
1431 3037 1688 3107 episcopo
1748 3042 2030 3097 celerrime
2082 3047 2348 3099 accersito

2425 585 2623 637 ἐνενόει
2655 600 2667 612 ·
2703 582 2824 634 οὐδὲ
2874 579 3183 648 διαμέλλειν
3222 576 3489 640 ἐγίνωσκε
3535 573 3669 637 δεῖν,
3719 569 3860 622 ἀλλὰ
3898 569 3995 636 τὴν

2425 676 2696 744 Εὐρώπην
2734 674 2868 734 τέως
2915 671 3008 739 ὑφ’
3042 668 3222 737 ἐαυτῷ
3281 664 3615 736 ποιήσασθαι
3659 664 3847 715 πᾶσαν
3877 659 3996 711 ἐθέ-

2426 768 2551 830 λων,
2587 769 2756 836 ὁπόση
2799 764 3092 833 Ῥωμαίοις
3126 760 3411 822 ὑπακούει,
3445 758 3524 827 τῷ
3554 757 3770 827 στρατῷ
3807 772 3997 807 συνταο

2429 861 2677 929 ξάμενος,
2738 858 2825 911 διὰ
2874 855 3165 924 Γερμανῶν
3226 855 3317 906 ἐπὶ
3364 852 3457 904 τὸν
3516 852 3733 918 Ἴστρον
3777 848 3995 915 ἐχώρει.

2429 956 2538 1009 Καὶ
2581 954 2682 1020 τῆς
2716 950 2895 1021 πέραν
2927 949 3094 1019 ὄχθης
3120 948 3441 1015 λαϐόμενος,
3488 942 3575 995 διὰ
3616 940 3725 995 τῶν
3778 938 3999 1004 ἐκείνης

2431 1047 2646 1116 χωρίων
2676 1047 2897 1115 ἤλαυνε,
2933 1042 3060 1104 τοὺς
3093 1039 3372 1109 ὑπάρχους
3396 1036 3450 1088 δὲ
3476 1033 3747 1087 διαλαθὼν
3770 1074 3784 1095 ,
3821 1031 3913 1081 τόν
3940 1046 3999 1079 τε

2427 1142 2538 1193 τῶν
2574 1139 2815 1192 Ἰταλιῶν
2847 1135 3059 1202 Ταῦρον
3087 1131 3230 1185 οὔτω
3261 1130 3614 1196 καλούμενον,
3641 1125 3735 1177 καὶ
3768 1124 3860 1176 τὸν
3891 1120 4000 1172 τῶν

2429 1232 2703 1301 Ἰλλυριῶν
2734 1230 3070 1297 Φλορέντιον,
3110 1222 3299 1292 ἐπειδὴ
3331 1220 3473 1273 κατὰ
3499 1217 3754 1277 πλείονας
3782 1213 4001 1278 ἐγένετο

2430 1324 2712 1392 διατριϐὰς
2732 1363 2745 1383 ,
2794 1321 2887 1373 ἐπὶ
2932 1319 3135 1387 θάτερα
3166 1316 3258 1367 τοῦ
3295 1310 3539 1379 ποταμοῦ
3568 1308 3767 1361 αὐτίκα
3798 1303 3917 1369 τήν
3945 1320 4003 1354 τε

2444 1415 2703 1483 Ἰλλυρίδα
2717 1416 2895 1466 πᾶσαν
2916 1411 3005 1477 ὑφ’
3029 1408 3204 1477 ἑαυτῷ
3218 1409 3321 1476 γῆν
3346 1402 3457 1474 εἶχε
3487 1404 3583 1457 καὶ
3610 1400 3709 1461 τὰς
3746 1396 4003 1457 Ἰταλίας,

2436 1510 2623 1565 καὶτὰ
2659 1509 2819 1577 μέχρι
2861 1503 3147 1572 Ἐσπερίου
3200 1498 3457 1554 Ὀκεανοῦ
3510 1498 3807 1564 σύμπαντα
3852 1488 4004 1558 ἔθνη,

2434 1603 2608 1658 ὁπόσα
2645 1601 2744 1667 τῆς
2781 1596 3070 1665 Ῥωμαίων
3116 1596 3533 1662 ὲπικρατήσεως
3557 1589 3645 1662 ἦν.

2508 1693 2565 1748 l'.
2592 1695 2649 1749 Ὀ
2678 1693 2731 1745 δὲ
2757 1690 3136 1749 Κωνστάντιος
3165 1685 3338 1738 ταῦτα
3370 1684 3697 1752 πυθόμενος,
3724 1682 4005 1752 ἐταράχθη

2437 1804 2519 1851 τε,
2554 1784 2745 1852 ὥσπερ
2775 1780 2922 1842 εἰκὸς
2952 1774 3040 1848 ἦν,
3072 1777 3167 1829 καὶ
3201 1776 3331 1843 περὶ
3373 1769 4009 1827 Κωνσταντινουπόλεως

2441 1875 2673 1945 μάλιστα
2690 1872 2892 1933 δείσας,
2912 1867 3006 1936 μὴ,
3023 1867 3159 1933 ὅπερ
3181 1865 3431 1924 κακεῖνος
3452 1862 3727 1923 διενοεῖτο,
3750 1856 4010 1924 φθάσειεν

2438 1942 2606 2032 αὐτὴν
2637 1960 2725 2028 ὑφ’
2758 1956 2949 2010 ἑαυτὸν
3002 1953 3369 2019 ποιησάμενος
3399 1990 3414 2013 ,
3461 1948 3715 2014 ἐπείγετο
3770 1943 3917 1996 κατὰ
3950 1942 4012 1995 τὸ

2439 2056 2660 2109 δυνατὸν
2694 2046 3147 2121 προκαταλαϐεῖν.
3187 2044 3275 2096 Ἐν
3302 2044 3413 2112 ὅσῳ
3442 2041 3499 2095 δὲ
3542 2042 3568 2093 ὁ
3599 2038 3833 2109 στρατὸς
3863 2036 4013 2103 αὐτῷ

2442 2147 2779 2214 συνελέγετο,
2834 2139 2978 2195 κατὰ
3015 2138 3114 2200 τὰς
3171 2135 3352 2197 πόλεις
3404 2134 3502 2201 τῆς
3553 2132 3733 2200 Ἐᾠας
3764 2129 4002 2181 ἐσκεδα-

2443 2240 2660 2306 σμένος,
2696 2234 2789 2286 καὶ
2815 2231 3037 2301 ἔμελλεν
3066 2224 3427 2296 ἐξαρτύεσθαι
3468 2222 3543 2283 ὠς
3569 2221 3709 2290 πρὸς
3740 2219 4015 2285 τοσαύτην

2443 2332 2582 2392 ὁδον,
2639 2326 2899 2393 σημαίνει
2927 2325 3037 2385 τοῖς
3067 2319 3387 2379 ἐπισκόποις
3414 2317 3491 2379 εἰς
3523 2313 3622 2381 τὴν
3649 2312 3889 2364 Νίκαιαν
3923 2311 4018 2363 αὖ·

2443 2424 2535 2475 τον
2579 2423 2653 2483 ὡς
2686 2422 2767 2473 ὅτι
2796 2419 3025 2486 τάχιστα
3054 2412 3285 2481 ὀφθῆναι
3320 2404 3801 2477 προαφικομένους
3833 2420 3845 2432 ·
3886 2403 4019 2467 έμε-

2443 2516 2570 2567 λέτα
2601 2513 2707 2581 γὰρ
2752 2514 2808 2563 ἐν
2851 2510 2987 2576 αὐτῇ
3025 2502 3283 2569 δευτέραν
3332 2495 3699 2564 συγκροτῆται
3756 2493 3998 2544 σύνοδον,

2448 2605 2729 2679 παρὰτῶν
2769 2588 3044 2655 δυσσεόὦν
3086 2590 3421 2662 Ἂρρειανῶν
3463 2586 3601 2637 κατὰ
3645 2584 3739 2635 τοῦ
3780 2583 4008 2650 Ὀμοου-

2450 2672 2563 2752 σίου
2591 2691 3079 2764 παροτρυνόμενος.
3121 2684 3271 2736 Ἐπεὶ
3314 2683 3369 2735 δὲ
3410 2681 3507 2749 τὴν
3562 2676 3819 2731 Κιλικίαν
3866 2672 4013 2736 ειεξ-

2448 2787 2638 2847 ελοὼν,
2679 2786 2756 2846 εἰς
2795 2784 2890 2844 τὰς
2938 2779 3124 2849 Μόψου
3144 2774 3482 2843 καλουμένας
3514 2770 3722 2841 κρήνας
3747 2768 4002 2835 ἀφίκετο,

2451 2877 2706 2933 ἀσθένειά
2737 2893 2823 2938 τις
2874 2871 3023 2940 αὐτῷ
3049 2868 3376 2936 ἐξαπιναίως
3406 2862 3713 2933 προσέπεσε
3738 2904 3751 2922 ,
3791 2861 3887 2910 καὶ
3928 2858 4024 2924 οὔχ

2450 2968 2558 3035 οἷός
2595 2989 2653 3023 τε
2684 2967 2749 3038 ἦν
2775 2968 2863 3018 ἐπὶ
2888 2966 2949 3017 τὸ
2976 2964 3162 3032 πρόσω
3182 2960 3399 3028 χωρεῖν,
3451 2955 3537 3016 Ὦς
3564 2952 3622 3007 δὲ
3651 2952 3851 3021 ⁴ᾔσθετο
3889 2950 4027 3017 φαύ-

2452 3067 2557 3126 λως
2592 3064 2728 3132 ἔχων
2751 3061 2850 3128 ἥδη
2884 3057 2979 3109 καὶ
3009 3055 3107 3106 οὐκ
3136 3051 3199 3103 ἂν
3232 3048 3581 3118 βιωσόμενος»
3622 3043 3722 3113 τὴν
3756 3044 4026 3111 ταχίετην

786 3125 1009 3190 Euzoio,
1042 3128 1172 3194 petit
1203 3138 1257 3181 ut
1283 3128 1604 3198 baptizelur.
1640 3132 1702 3187 Et
1737 3147 1857 3186 cum
1898 3135 2224 3203 baptizatus,
2258 3127 2421 3222 ρει-ε

2376 3165 2421 3222 c
2453 3158 2541 3209 τὸν
2574 3150 2901 3218 Ἀντιοχείας
2931 3146 3226 3199 ἐπίσκοπον
3246 3137 3484 3201 Εὑζώῖον
3502 3135 4024 3204 μεταπεμψάμενος,

788 3232 908 3269 rum
941 3218 1133 3272 fuisset
1171 3232 1467 3289 superstes,
1501 3220 1609 3277 illic
1636 3240 1665 3277 ε
1695 3224 1805 3277 vita
1838 3227 2070 3287 excedit,
2102 3242 2225 3279 cum
2252 3227 2353 3279 im-

787 3319 1028 3379 perasset
1052 3311 1289 3380 integros
1318 3316 1673 3382 quadraginta
1710 3330 1899 3380 annos,
1930 3316 2113 3387 viginti
2137 3319 2352 3390 quidem

789 3422 911 3460 cum
950 3415 1121 3475 patre,
1160 3407 1304 3462 solus
1327 3418 1505 3462 autem
1536 3409 1793 3479 reliquos.

861 3602 953 3658 XI.
988 3604 1123 3658 Cum
1167 3620 1290 3658 eum
1343 3614 1526 3657 autem
1587 3604 1895 3661 deﬂevisset
1942 3608 2236 3672 exercitus,
2302 3619 2356 3666 et

790 3699 938 3765 jusla
977 3696 1023 3749 ei
1055 3696 1296 3758 fecisset,
1342 3695 1394 3747 in
1442 3712 1564 3749 arca
1615 3708 1940 3766 posuerunt,
1991 3713 2113 3752 cum
2164 3714 2361 3770 corpus

796 3787 1189 3841 instruxissent
1217 3787 1304 3849 iis,
1327 3804 1447 3857 quae
1480 3790 1655 3847 solent
1686 3789 1802 3844 ﬁeri
1832 3790 1899 3845 ad
1932 3790 2057 3857 hoc,
2089 3802 2147 3847 ut
2177 3792 2359 3861 duret,

796 3889 854 3933 et
882 3896 1005 3933 cum
1044 3880 1096 3932 in
1125 3896 1345 3934 currum
1380 3882 1794 3951 imposuissent,
1827 3884 2065 3939 tulerunt
2090 3884 2361 3942 Constan-

798 3972 1104 4042 tinopolim,
1139 3990 1261 4029 cum
1312 3974 1549 4042 propriis
1589 3975 1761 4027 armis
1812 3977 2186 4045 unusquisque
2237 3993 2361 4031 eum

801 4074 1094 4133 sequentes
1148 4063 1205 4115 in
1237 4064 1427 4117 eodem
1460 4070 1680 4125 ornatu,
1738 4078 1920 4132 quem,
1971 4065 2098 4119 dum
2138 4066 2363 4131 viveret,

802 4156 1037 4209 habebat
1080 4155 1223 4208 inter
1262 4155 1560 4225 principes.
1626 4157 1805 4223 Atque
1859 4155 1896 4208 ii
1936 4156 2156 4224 quidem
2202 4172 2368 4211 vene-

805 4254 928 4299 runt
979 4244 1530 4312 Constantinopolim,
1601 4244 1861 4297 ducentes
1918 4259 2135 4312 corpus.
2209 4244 2369 4300 Venit

801 4349 978 4390 autem
1008 4346 1062 4391 et
1091 4337 1359 4401 Julianus,
1400 4324 1759 4405 proﬁciscens
1793 4350 1855 4390 ex
1882 4332 2127 4406 'lllyrico,
2181 4344 2235 4390 et
2258 4337 2369 4405 jam

804 4429 1032 4481 ﬁrmiter
1090 4437 1280 4482 tenens
1341 4429 1651 4483 universum
1705 4428 2017 4497 imperium,
2067 4430 2215 4484 nullo
2249 4437 2372 4499 post

2458 3246 2720 3316 βαπτίσαι
2761 3239 2929 3323 ιαὐτὸν
2980 3237 3285 3304 ἐπιτρέπει,
3342 3230 3437 3284 καὶ
3494 3228 3558 3297 δὴ
3616 3226 4030 3297 βαπισάμενος

2456 3342 2552 3395 καὶ
2581 3317 3068 3407 μικρὸνλὲπιὸιοῦς,
3118 3325 3313 3379 αὐτόθι
3348 3321 3632 3390 προλείπει
3673 3318 3735 3371 τὸ
3771 3318 3902 3388 ζῇν,
3933 3317 4029 3407 βα-

2459 3404 2712 3486 σιλευσας
2754 3421 2823 3473 τὰ
2868 3419 3160 3487 σύμπαντα
3208 3415 3302 3481 ἔτη
3332 3411 3757 3480 τεσσαράκοντα,
3811 3409 3883 3458 τὰ
3931 3404 4031 3473 μὲν

2459 3516 2635 3580 εἴκοσι
2691 3508 2829 3580 μετὰ
2881 3504 2974 3559 τοῦ
3024 3502 3298 3570 πατέρος,
3342 3499 3499 3567 μόνος
3538 3496 3595 3547 δὲ
3644 3496 3716 3546 τὰ
3748 3494 4028 3546 ἐπίλοιπα.

2672 3565 2843 3655 Ᾰύτὸν
2887 3598 2944 3651 δὲ
2990 3599 3022 3667 ἠ
3075 3565 3305 3665 στρατιὰ
3346 3565 3762 3657 Ὕόλοφυρομένη,
3820 3586 3917 3637 καὶ
3966 3584 4033 3635 τὲ

2461 3694 2797 3764 νομιζόμενα
2852 3687 2939 3742 ἐπ’
2996 3685 3146 3755 αὐτῷ
3198 3682 3485 3745 τελέσασα,
3548 3678 3782 3747 λάρνακι
3844 3673 4035 3727 τοῦτον

2461 3786 2737 3848 ἐνέθεσαν,
2774 3783 2886 3843 τοῖς
2917 3778 3160 3832 εἰωθόσιν
3187 3776 3264 3854 είς
3294 3774 3354 3825 τὸ
3396 3772 3686 3841 διαρκέσαι
3728 3769 4037 3822 σκευάσαν-

2462 3897 2552 3943 τες
2577 3878 2666 3931 τὸν
2692 3874 2914 3944 νεκρὸν,
2948 3871 3044 3924 καὶ
3078 3868 3161 3929 είς
3187 3863 3403 3933 ἄμαξαν
3430 3863 3736 3931 ἐνθέμενοι,
3772 3860 4037 3930 ἐκόμιζον

2465 3972 2559 4022 ἐπὶ
2638 3968 2734 4036 τὴν
2807 3956 3401 4016 Κωνσταντινούπολιν,
3472 3954 3569 4005 σὺν
3629 3956 3746 4013 τοῖς
3815 3954 4041 4010 οἰκείοις

2467 4064 2697 4120 ἕκαστος
2728 4056 2912 4115 ὅπλοις
2943 4051 3091 4120 αὐτῷ
3122 4046 3470 4115 ἐφεπόμενοι,
3511 4045 3605 4095 καὶ
3640 4046 3784 4095 κατὰ
3818 4047 3912 4095 τον
3950 4047 4041 4096 αν)-

2466 4154 2557 4207 τον
2608 4152 2812 4217 κόσμον
2849 4148 3017 4215 ὅνπερ
3060 4141 3154 4194 καὶ
3194 4139 3393 4202 ζῶντος
3431 4139 3487 4190 ὲν
3530 4137 3644 4198 τοῖς
3677 4138 3921 4205 ἡγεμόσι
3965 4153 4045 4187 τε-

2468 4244 2736 4311 ταγμένοι
2776 4238 3095 4306 ἐτύγχανον.
3139 4225 3432 4300 Οὖτοιμὲν
3468 4227 3531 4298 δὴ
3560 4227 3661 4296 τὴν
3693 4228 4046 4280 Κωνσταντι-

2470 4331 2725 4387 νούπολιν
2756 4325 2901 4394 εἶχον
2936 4326 3159 4390 ἄγοντες
3186 4322 3277 4374 τὸν
3309 4320 3522 4389 νεκρδν,
3555 4320 3653 4371 καί
3684 4320 3714 4370 ὁ
3753 4319 4046 4378 Ἰουλιανὸς

2477 4420 2899 4490 συνομάρτησεν
2941 4416 3004 4467 ὲκ
3045 4413 3153 4466 τῶν
3214 4410 3485 4478 Ἰλλυριῶν
3527 4408 3897 4477 ἀφικόμενος,
3958 4410 4048 4461 καὶ

807 4530 1033 4573 mortem
1062 4520 1360 4576 Constantii
1395 4536 1528 4574 auso
1558 4520 1609 4573 ei
1665 4535 1985 4588 repugnare.
2016 4518 2151 4574 Cum
2187 4530 2367 4574 autem
2400 4501 2442 4560 θ

2400 4501 2442 4560 θ
2473 4517 2571 4587 ἤδη
2608 4511 2836 4584 pacatos;
2872 4510 3010 4578 ἔχων
3026 4506 3122 4577 τὴν
3155 4506 3334 4557 πᾶσαν
3359 4499 3655 4571 βασιλείαν,
3691 4502 3915 4563 οὐδενὸς
3955 4503 4041 4553 αὖ-

807 4617 1039 4669 ferretur
1119 4627 1315 4680 corpus
1364 4612 1417 4664 in
1492 4611 1748 4679 templum
1794 4609 1892 4664 SS.
1944 4611 2367 4678 Apostolorum,

809 4706 899 4764 ubi
935 4720 1101 4775 prope
1142 4712 1349 4773 patrem
1373 4716 1495 4756 eum
1527 4711 1678 4755 erant
1703 4700 1953 4770 posituri,
1976 4700 2217 4755 Julianus
2243 4718 2357 4770 ipse

812 4798 1145 4866 praecedebat
1171 4796 1389 4855 lectum,
1431 4790 1591 4861 capiti
1625 4791 1804 4844 ablato
1838 4790 2157 4844 diademate.
2208 4790 2361 4844 Post-

810 4900 971 4954 quam
1008 4895 1187 4939 autem
1224 4898 1348 4937 eum
1394 4883 1747 4951 sepelierunt,
1798 4883 1906 4949 jam
1938 4881 2162 4934 veniens
2199 4881 2251 4932 in
2291 4895 2376 4934 re-

810 4978 973 5045 giam,
1006 4987 1130 5029 tunc
1160 4990 1345 5027 rursus
1382 4974 1639 5040 imposuit
1664 4972 1930 5032 diadema,
1964 4984 2017 5025 et
2064 4986 2242 5024 rerum
2278 4986 2371 5040 po-

814 5070 1064 5133 tiebatur,
1096 5068 1243 5120 solus
1266 5067 1376 5136 jam
1408 5065 1777 5118 Romanorum
1808 5062 2118 5117 universum
2147 5063 2374 5132 adeptus

812 5162 1121 5230 imperium.
1169 5160 1303 5213 Cum
1350 5174 1476 5227 ergo
1520 5156 1840 5211 excessisset
1894 5154 2261 5217 Constantius,
2320 5153 2373 5205 in

813 5270 926 5312 eos.
966 5253 1051 5321 qui
1103 5252 1398 5315 restabant,
1447 5259 1500 5302 et
1556 5251 1788 5303 maxime
1830 5247 1921 5313 qui
1969 5256 2187 5316 propter
2238 5245 2377 5297 invi-

815 5350 959 5401 diam
1004 5346 1345 5414 pratbuerant
1371 5358 1588 5395 causam
1618 5341 1751 5395 Galli
1785 5339 2095 5404 occisionis,
2144 5339 2238 5392 ira:
2264 5352 2377 5394 sua:

816 5440 1083 5491 fervorem
1116 5434 1351 5489 ostendit
1378 5432 1628 5486 Julianus
1674 5432 1740 5484 Et
1769 5432 1969 5485 statim.
2001 5429 2233 5483 Eusebio
2251 5429 2377 5499 qui-

816 5532 937 5582 dem
974 5527 1263 5596 praeposito
1292 5534 1451 5591 caput
1482 5522 1691 5585 adimit,
1732 5522 1871 5590 quod
1918 5520 2139 5574 omnino
2166 5520 2379 5574 videre-

820 5634 907 5674 tur
936 5621 1049 5673 suis
1079 5618 1361 5672 calumniis
1387 5616 1538 5671 Callo
1566 5615 1765 5667 caedem
1802 5615 2124 5677 adornasse;
2155 5613 2379 5666 Paulum

820 5725 999 5767 autem
1033 5712 1351 5781 Hispanum,
1381 5710 1469 5779 qui
1501 5719 1617 5762 erat
1652 5724 1790 5760 unus
1814 5724 1876 5759 ex
1914 5705 2104 5760 scribis
2143 5706 2373 5775 impera-

826 5803 978 5866 toria,
1020 5804 1177 5860 tradit
1232 5801 1359 5873 igni,
1396 5802 1565 5870 utqui
1617 5802 1666 5869 in
1703 5798 1909 5853 Gallum
1956 5797 2128 5851 fuerat
2192 5799 2381 5853 acerbe

2473 4608 2562 4659 τὸν
2610 4605 2747 4675 μετὰ
2797 4600 2888 4654 τὸν
2940 4598 3321 4653 Κωνσταντὶου
3366 4593 3594 4647 θάνατον
3642 4593 4046 4659 ἐναντιωθῆναι

2473 4695 2867 4763 τολμήσαντος.
2916 4686 3281 4755 κομιζομένου
3328 4682 3384 4734 δὲ
3434 4682 3557 4733 τοῦ·
3586 4678 3787 4748 νεκροῦ
3824 4680 3919 4731 ἐπὶ
3952 4681 4037 4730 τον

2474 4786 2611 4838 νεὼν
2650 4783 2755 4835 τῶν
2794 4781 3153 4841 Ἀποστόλωι,
3188 4776 3274 4827 ἵνα
3328 4790 3430 4844 περ
3476 4773 3638 4824 αὑτὸν
3687 4774 4025 4839 καταθήσει-δ

2477 4875 2705 4946 πλησίον
2763 4873 2857 4925 τοῦ
2914 4870 3120 4938 πατρὸς
3174 4864 3424 4936 ἔμελλον.
3477 4862 3640 4923 αὐτὸς
3697 4864 3896 4931 ἡγεῖτο
3954 4861 4047 4925 τῆς

2478 4969 2664 5034 κλίνης
2722 4966 2749 5017 ὁ
2826 4960 3128 5021 Ἰουλιανὸς,
3198 4957 3260 5008 τὸ
3336 4956 3572 5023 διάδημα
3645 4955 3749 5022 τῆς
3808 4954 4049 5019 κεφαλῆς

2479 5060 2764 5127 περιελων.
2800 5055 2952 5107 Ἐπεὶ
2993 5054 3047 5105 δὲ
3093 5050 3297 5119 ἔθαψαν
3348 5047 3532 5111 αὑτὸν,
3563 5046 3661 5097 ἐπὶ
3695 5046 3770 5098 τὰ
3800 5046 4049 5114 βασῦεια

2477 5154 2576 5222 ἢδη
2608 5147 3104 5215 ἀπαλλαττόμενος,
3136 5145 3194 5194 τό
3221 5157 3281 5193 τε
3315 5139 3550 5205 διάδημα
3584 5132 3747 5199 αὖθις
3796 5137 4044 5187 ἐπέθετο.

2480 5242 2590 5294 Καὶ
2618 5240 2726 5293 τῶν
2771 5236 3110 5309 πραγμάτων
3161 5230 3436 5301 ἐγκρατὴς
3468 5224 3556 5298 ἦν,
3592 5227 3757 5295 μόνος
3796 5228 3902 5297 ἤδη
3956 5226 4048 5291 τὴν

2493 5330 2778 5399 Ῥωμαίων
2815 5328 2942 5396 ὃλην
2972 5321 3245 5392 βασιλείαν
3276 5319 3728 5384 ὑποζωσάμενος.
3777 5320 3937 5371 Ἐπεὶ
3967 5320 4052 5371 οὑν

2480 5426 2509 5476 ὁ
2546 5422 2922 5481 Κωνστάντιος
2958 5420 3022 5469 ὲκ
3063 5415 3240 5469 ποδὼν
3271 5409 3360 5484 ἦν,
3402 5416 3481 5475 εἰς
3521 5414 3649 5474 τοὺς
3681 5412 4052 5479 ὑπολειπομέ-

2483 5536 2603 5579 νους
2634 5517 2724 5569 καὶ
2761 5514 2989 5583 μάλιστα
3027 5509 3106 5579 τῷ
3132 5507 3312 5577 φθόνῳ
3354 5507 3451 5575 τὴν
3477 5506 3663 5558 αἰτίαν
3700 5508 4049 5574 παρασχομέ-

2488 5628 2607 5671 νους
2643 5613 2740 5678 τῆς
2778 5605 3108 5672 ἀναιρέσεως
3157 5598 3381 5663 Γάλλου,
3436 5597 3675 5665 ἁνεῷυχε
3712 5600 3776 5649 το
3806 5598 3932 5661 ζέον
3960 5601 4044 5659 τῆς

2487 5704 2654 5769 ὀργῆς
2711 5695 3016 5758 Ἰουλιανὸς,
3076 5693 3165 5744 καὶ
3230 5691 3427 5743 αὐτίκα
3490 5687 3761 5740 Εὐσέϐιος)
3816 5690 3915 5758 μὲν
3968 5690 4048 5738 τὸν

2490 5793 2853 5861 Πραιπὸσιτον
2912 5789 3004 5854 τῆς
3066 5785 3306 5853 κεφαλῆς
3359 5783 3721 5849 ἀφαιρεῖται,
3778 5783 3913 5835 διότι
3964 5796 4047 5844 τ’τυ
