4198 6312
182 346 303 413 1173

1312 350 1780 413 MARTYRIUM
1828 353 1889 414 S.
1932 353 2283 415 ARTEMII.

3274 342 3411 410 1174

176 463 331 536 άρχῆν
358 463 614 532 ἐφαίνετο
640 463 707 516 ἐκ
732 462 844 516 τῶν
864 462 1034 517 αὐτοῦ
1063 463 1322 517 διαϐολῶν
1341 504 1355 527 ,
1401 465 1493 519 τὸν
1521 465 1737 519 ἅπαντα
1767 489 1780 526 Α

1852 467 2112 523 invectus.
2162 467 2364 523 Ambos
2410 481 2645 535 namque
2689 464 3083 521 Chalcedonem
3137 464 3306 527 misit,
3358 473 3413 519 et

172 558 245 628 τῷ
269 555 451 626 Γάλλῳ
499 556 660 623 φόνον
706 556 1210 627 συγκειρασάμενος
1241 573 1254 588 ο
1301 557 1512 611 Παῦλον
1551 558 1608 611 δὲ
1642 557 1732 612 τὸν

174 648 370 702 Σπανὸν
424 649 506 710 εἰς
557 648 686 710 τοὺς
748 647 1101 715 ὑπογραφέας
1158 647 1251 701 τοῦ
1317 648 1584 717 βασιλέως
1646 666 1736 703 τε·

173 740 378 804 λοῦντα,
417 740 557 810 πυρὶ
603 739 996 811 παραδίδωσιν,
1056 739 1132 803 ὡς
1157 739 1327 795 πολλὰ
1371 741 1435 810 δὴ
1477 740 1625 811 μάλα
1656 741 1737 813 τῷ

176 834 351 903 Γάλλῳ
380 832 886 901 ἐμπικρανάμενον.
938 830 1179 896 Τούτους
1224 833 1322 903 μὲν
1369 830 1464 886 οὖν
1497 836 1738 904 ἀμφοτέ-

181 943 295 995 ρους
329 926 409 986 εἰς
440 926 543 997 τὴν
575 924 896 993 Χαλκηδόνα
918 925 1235 993 διαπέμψας
1258 964 1272 987 ,
1305 926 1422 977 ἐκεῖ
1453 928 1517 995 τῇ
1551 927 1741 997 οἰκείᾳ

176 1014 292 1083 δίκῃ
324 1014 524 1081 ὑπάγει
583 1014 890 1084 ἑκάτερον,
944 1015 1123 1067 ἀνεῖλε
1178 1014 1233 1066 δὲ
1283 1015 1380 1067 καὶ
1413 1015 1741 1071 Γαυδέντιον

188 1104 487 1176 στρατηγὸν
510 1107 611 1175 τῆς
646 1105 924 1175 Ἀφρικῆς
950 1146 965 1172 ,
1003 1108 1095 1159 καὶ
1126 1106 1321 1169 ἄλλους
1360 1106 1510 1169 τινὰς
1557 1107 1742 1159 ὁπόσοι

175 1200 324 1262 τι.εἱς
353 1199 515 1251 αὑτὸν
548 1199 1018 1269 πεπαρῳνήκεσαν
1040 1214 1055 1227 ⁸
1097 1198 1231 1252 ἀλλὰ
1263 1197 1489 1262 τούτους
1516 1199 1614 1267 μέν
1658 1199 1746 1252 διὰ

178 1291 517 1360 γραμμάτων
546 1290 795 1354 ἐκόλασε,
837 1288 928 1343 τὸν
975 1290 1034 1343 δέ
1088 1290 1183 1343 τοῦ
1211 1290 1449 1360 Χριστοῦ
1494 1292 1747 1361 μάρτυρα

178 1381 267 1434 καὶ
310 1383 556 1447 γενναῖον
606 1381 846 1453 ἀθλητὴν
890 1383 1174 1453 Ἀρτέμιον
1247 1384 1406 1446 αὐτὸς
1453 1382 1522 1436 δι’
1552 1382 1748 1436 ἐαυτοῦ

182 1474 242 1527 ἐν
265 1473 566 1545 Ἀντιοχείᾳ
610 1473 804 1543 παρὼν
852 1475 949 1527 καὶ
981 1476 1226 1546 παρόντα
1254 1476 1341 1528 διὰ
1370 1476 1471 1542 τὴν
1505 1478 1584 1539 εἰς
1614 1478 1751 1544 Χρι-

181 1565 298 1617 στὸν
324 1565 643 1636 ὁμολογίαν,
675 1565 1060 1636 ἀπανθρώπως
1083 1567 1329 1631 ἐκόλασε,
1357 1568 1451 1619 καὶ
1477 1568 1573 1637 τῆς
1597 1585 1750 1635 παρα

180 1655 342 1724 ούσης
398 1657 560 1710 αὑτὸν
594 1658 992 1726 ἀπεγύμνωσεν
1023 1658 1295 1721 ἐξουσίας,
1336 1658 1410 1727 μὴ
1448 1657 1629 1728 φέρων
1654 1658 1753 1727 τὴν

181 1747 341 1800 αὐτοῦ
380 1748 694 1817 παρρησίαν
730 1752 822 1801 καὶ
866 1748 1139 1803 ἔνστασιν.
1197 1749 1257 1801 '0
1292 1751 1399 1817 γὰρ
1443 1749 1748 1815 Ἰουλιανὸς,

181 1838 252 1899 ὡς
276 1838 586 1907 δεδήλωται,
619 1842 716 1909 τὴν
738 1841 847 1894 τῶν
887 1841 1177 1911 Ῥωμαίων
1206 1841 1570 1913 περιθέμενος
1602 1843 1754 1913 βασι-

181 1928 346 1994 λείαν,
381 1929 679 1995 ἐσπούδαζε
710 1933 948 2001 μάλιστα
988 1934 1081 1985 τὸν
1126 1933 1486 2003 Ἑλληνισμὸν
1526 1936 1757 2005 ἐπανορ-

187 2018 333 2073 θοῦν.
370 2022 662 2092 Πανταχοῦ
693 2025 877 2077 τοίνυν
910 2026 1218 2094 γράμματα
1262 2025 1712 2094 διαπεμπόμενος
1738 2066 1752 2090 ,

182 2112 398 2167 ἐκέλευε
456 2115 524 2167 τὰ
571 2115 779 2170 τούτων
829 2119 1034 2187 τεμένη
1083 2117 1177 2169 καὶ
1212 2114 1337 2180 τοῦς
1379 2119 1597 2188 βωμοὺς
1657 2121 1752 2173 άν-

1840 557 1946 612 illic
1976 571 2269 627 utrumque
2301 573 2401 613 suo
2428 557 2610 613 affecit
2635 556 2918 628 supplicio.
2946 553 3218 610 Interfeeit
3247 556 3411 610 etiam

1839 648 2205 708 Gaudentium
2264 651 2456 707 ducem
2502 651 2774 706 exercitus
2816 650 3032 714 Africae,
3058 658 3110 704 et
3150 648 3411 717 quosdam

1838 747 1993 809 alios,
2034 744 2127 815 qui
2158 744 2208 800 ei
2244 744 2655 800 insultaverant.
2693 741 2799 798 Sed
2844 758 2939 797 eos
2986 735 3205 811 quidem
3235 741 3414 811 puniit

1841 854 1938 910 per
1994 838 2237 904 litteras;
2295 837 2496 893 Christi
2542 846 2723 892 autem
2774 845 3062 905 martyrem
3119 843 3173 889 et
3221 833 3415 889 fortem

1841 931 2100 985 athletam
2127 930 2452 996 Artemium,
2480 928 2597 999 ipse
2632 945 2730 999 per
2759 943 2819 984 se
2850 927 3147 983 Antiochiae
3177 942 3416 996 praesens

1842 1032 2167 1092 praesentem
2200 1030 2425 1094 propter
2449 1021 2651 1078 Christi
2677 1021 3083 1077 confessionem
3116 1020 3417 1074 inhumane

1845 1116 2045 1185 puniit,
2102 1125 2158 1169 et
2191 1130 2277 1179 ea,
2314 1129 2474 1185 quam
2535 1112 2790 1178 habebat,
2840 1114 3078 1184 privavit
3127 1120 3416 1183 potestate,

1846 1223 1957 1262 non
1991 1207 2172 1261 ferens
2201 1207 2319 1276 ejus
2350 1206 2563 1261 dicendi
2596 1206 2901 1262 libertatem
2933 1215 2989 1261 et
3033 1205 3418 1260 constantiam.

1848 1298 2096 1354 Julianus
2135 1298 2301 1362 enim,
2336 1292 2481 1360 cum,
2516 1308 2576 1353 ut
2605 1306 2882 1353 ostensum
2909 1306 3014 1362 est,
3046 1297 3417 1350 Romanorum

1851 1399 2168 1460 usurpasset
2214 1390 2527 1460 imperium,
2577 1390 2815 1443 maxime
2884 1388 3135 1443 studebat
3181 1387 3425 1458 gentium

1852 1496 2093 1537 errorem
2128 1482 2179 1533 in
2209 1493 2367 1533 suum
2397 1480 2574 1534 locum
2603 1479 2916 1534 restituere.
2947 1478 3002 1532 In
3031 1492 3220 1532 omnes
3245 1477 3426 1546 itaque

1852 1584 2030 1643 partes
2067 1572 2295 1631 mittens
2334 1571 2544 1626 litteras
2587 1570 2812 1641 iubebat
2858 1570 3083 1625 deorum
3140 1569 3341 1640 templa
3373 1577 3427 1622 et

1854 1665 2043 1718 altaria
2072 1673 2324 1733 prompto
2355 1674 2411 1717 et
2452 1662 2617 1716 alacri
2666 1662 2835 1717 animi
2892 1663 3071 1716 studio
3111 1661 3336 1725 exstrui,
3375 1670 3430 1714 et

1857 1771 2206 1827 quoscunque
2247 1756 2455 1811 reditus
2507 1770 2737 1825 magnus
2759 1754 3151 1810 Constantinus
3183 1753 3431 1808 attribuit

1856 1850 2128 1914 ecclesiis,
2162 1857 2217 1903 et
2247 1850 2365 1919 ejus
2392 1848 2531 1902 filius
2570 1846 2940 1911 Constantius,
2983 1861 3078 1901 eos
3106 1845 3331 1911 ademit,
3375 1855 3431 1899 et

1855 1937 2072 2006 templis
2097 1936 2442 1991 consecravit
2475 1934 2764 1998 idolorum,
2795 1949 2893 2003 pro
2938 1931 3231 2003 episcopis.
3280 1946 3432 2000 pres-

1855 2027 2055 2097 byteris
2082 2036 2136 2079 et
2165 2025 2437 2087 diaconis,
2485 2025 2833 2078 constituens
2877 2024 3130 2086 aedituos,
3181 2033 3432 2089 asperso.

1852 2135 1960 2180 res,
2012 2117 2286 2174 sacriﬁcos
2317 2126 2373 2170 et
2416 2116 2795 2185 canephoros,
2843 2124 2898 2168 et
2928 2124 3265 2183 quaecunque
3327 2123 3433 2163 no-

190 2206 378 2273 ιστᾷν,
421 2206 558 2274 μετά
594 2207 797 2277 πολλῆς
840 2209 973 2277 ὅσης
1002 2209 1100 2281 τῆς
1132 2209 1365 2279 σπουδῆς
1404 2228 1463 2262 τε
1494 2212 1586 2263 καὶ
1620 2228 1756 2279 προ-

1855 2212 2001 2265 mina
2050 2226 2207 2281 nuga:
2243 2210 2535 2279 imponunt
2576 2206 2881 2278 gentilium.
2932 2205 3057 2260 Haec
3105 2203 3323 2273 quidem
3380 2209 3436 2254 et

182 2294 403 2361 θυμίας,
447 2298 541 2349 καὶ
577 2300 709 2359 ὅσας
750 2302 779 2352 6
824 2300 999 2369 μέγας
1048 2302 1463 2366 Κωνσταντῖνος
1498 2304 1618 2367 ταῖς
1663 2306 1756 2356 ἐκ·

1862 2302 1965 2357 alia
2005 2302 2210 2358 fiebant
2238 2298 2733 2369 ConstantinOpoli.

181 2383 435 2452 κλησίαις
488 2386 787 2456 προσόδους
844 2387 1136 2457 ἀπένειμε,
1194 2390 1287 2441 καὶ
1326 2393 1354 2443 6
1391 2389 1584 2443 τούτου
1666 2393 1780 2454 υίὸς
1843 2391 2238 2456 Κωνστάντιος,
2304 2392 2511 2453 ταύτας
2565 2387 2803 2456 ἀφελὼν,
2859 2389 2974 2448 τοῖς
3026 2386 3136 2438 τῶν
3193 2382 3432 2437 εἰδώλων

181 2480 329 2541 ναοῖς
354 2477 681 2549 άφιέρωσεν,
712 2478 828 2532 ἀντ’
852 2479 1170 2533 ἐπισκόπων
1215 2482 1306 2532 καὶ
1358 2480 1752 2551 πρεσϐυτέρων
1815 2487 1909 2537 καὶ
1944 2483 2209 2536 διακόνων
2258 2483 2607 2552 καταστήσας
2655 2480 2943 2549 ζακόρους.
2978 2478 3075 2530 καὶ
3108 2476 3434 2545 νεωκόρους.

184 2571 281 2624 καὶ
326 2571 550 2641 ράντας,
586 2571 681 2624 καὶ
716 2568 920 2637 θύτας,
983 2572 1078 2625 καὶ
1107 2572 1453 2642 κανηφόρους
1477 2613 1491 2638 ,
1522 2574 1615 2625 καὶ
1643 2574 1775 2637 ὅσας
1805 2577 1832 2627 ὁ
1886 2574 2167 2645 ὲλληνικὸς
2205 2572 2363 2634 ὕθλος
2403 2572 2725 2642 ἐπιφημίζει
2779 2571 3192 2643 προσωνυμίας.
3238 2568 3430 2625 Ταῦτα

187 2664 288 2733 μέν
325 2666 420 2716 καὶ
453 2664 618 2733 ἐτερα
664 2663 1020 2735 διεπράττετο
1057 2664 1198 2718 κατὰ
1242 2664 1346 2735 τὴν
1401 2666 1998 2721 Κωνσταντινούπολιν.

261 2756 360 2809 IB'.
385 2757 542 2809 Μετὰ
574 2759 630 2810 δὲ
655 2758 829 2812 ταῦτα
864 2759 1101 2828 μητέρος
1138 2758 1303 2812 αὑτοῦ
1345 2759 1572 2828 ἀδελφὸν
1601 2759 1759 2831 ἔχων,

187 2849 479 2906 Ὶουλιανδν
510 2851 776 2920 τοῦνομα,
821 2851 921 2921 τὴν
964 2851 1059 2904 τοῦ
1113 2852 1551 2922 Χριστιανισμοῦ
1580 2854 1763 2908 πίστιν

187 2943 279 2995 διὰ
337 2943 436 3013 τὴν
479 2942 690 2995 ἐκείνου
746 2945 905 3014 χάριν
954 2944 1385 3015 ἐξομοσάμενον,
1424 2947 1518 2998 καὶ
1559 2947 1763 3014 πολλὴν

190 3035 333 3103 ὑπὲρ
387 3033 483 3086 τοῦ
531 3035 1249 3107 Ἐλληνισμοῦλπροθυμίαν
1292 3036 1761 3100 ἐπιδεικνύμενον,

1940 2762 2054 2817 XII.
2089 2762 2216 2817 Post
2249 2763 2367 2816 haec
2415 2771 2596 2815 autem
2642 2773 2762 2812 cum
2816 2756 3007 2811 matris
3053 2770 3166 2810 suae
3218 2753 3440 2809 haberet

1872 2855 2116 2919 fratrem,
2148 2855 2365 2909 nomine
2400 2854 2695 2915 Julianum,
2745 2850 2837 2919 qui
2876 2858 2934 2903 ut
2976 2848 3052 2901 illi
3103 2845 3439 2917 gratificare-

1873 2960 1979 3013 tur,
2011 2949 2412 3004 Christianismi
2472 2947 2628 3003 ﬁdem
2683 2945 3052 3014 abjuraverat,
3110 2951 3165 2997 et
3212 2957 3310 3011 pro
3357 2956 3444 2995 er-

1874 3058 1995 3097 rore
2060 3043 2301 3111 gentium
2364 3041 2681 3095 ostendebat
2761 3046 3070 3106 promptum
3138 3044 3192 3087 et
3266 3034 3443 3087 alacre

188 3125 430 3194 ἄρχοντα
456 3126 551 3197 τῆς
584 3126 727 3197 ἑῴας
779 3128 838 3181 δν
893 3128 1120 3183 καλοῦσι
1175 3130 1394 3197 κόμητα
1434 3127 1766 3196 ἐξέπεμψεν,

1872 3134 2037 3189 animi
2082 3134 2347 3199 studium,
2401 3131 2583 3186 emisit
2643 3127 2881 3183 Orientis
2940 3137 3224 3188 rectorem,
3281 3139 3443 3194 quem

190 3216 599 3285 ἐντειλάμενος,
651 3218 720 3271 τά
775 3219 874 3288 μὲν
930 3221 1038 3271 τῶν
1081 3217 1389 3286 ἐκκλησιῶν
1466 3218 1772 3289 πράγματα

190 3306 403 3361 κακοῦν
444 3325 502 3360 τε
548 3308 643 3361 καὶ
697 3309 1066 3379 διαφθείρειν,
1114 3308 1393 3379 πανταχοῦ
1422 3309 1480 3361 δὲ
1537 3311 1633 3363 καὶ
1685 3311 1773 3364 διὰ

192 3399 378 3469 πάσης
410 3399 552 3464 ἰδέας
570 3401 662 3455 τὸν
698 3401 1054 3472 Ἐλληνισμὸν
1085 3401 1271 3469 αὔξειν
1299 3420 1358 3455 τε
1381 3404 1475 3455 καὶ
1499 3403 1771 3475 ἐπαίρειν.

204 3488 269 3542 '0
296 3490 352 3544 δέ
376 3494 717 3563 ἀφικόμενος
745 3497 802 3548 ἐν
834 3494 1134 3567 Ἀντιοχείᾳ
1151 3500 1411 3567 ἐπειρᾶτο
1432 3498 1631 3567 μείζων
1667 3498 1775 3552 τῶν

190 3584 604 3652 ἐντεταλμένων
630 3588 742 3647 τοῖς
792 3586 975 3656 ἔργοις
1009 3588 1317 3655 φαίνεσθαι,
1350 3590 1446 3641 καὶ
1492 3590 1555 3658 δὴ
1601 3607 1773 3659 προσ-

189 3676 520 3744 αφαιρεῖται
569 3675 670 3743 μὲν
736 3678 930 3732 πασῶν
964 3678 1073 3733 τῶν
1109 3680 1420 3751 ἐκκλησιῶν
1458 3683 1678 3738 ἅπαντα
1706 3684 1775 3737 τὰ

192 3766 484 3838 κειμήλια,
516 3769 617 3823 ὅσα
635 3770 692 3824 ἐν
714 3772 941 3843 ἀργύρῳ
970 3790 1030 3826 τε
1056 3774 1149 3828 καὶ
1180 3774 1369 3844 χρυσῷ
1404 3777 1499 3827 καὶ
1526 3778 1776 3845 σηρικοῖς

190 3861 489 3931 ὑφάσμασι
517 3863 762 3931 διετέλει,
797 3867 1079 3919 ἀποκλείει
1116 3864 1171 3920 δὲ
1204 3866 1298 3920 καὶ
1331 3868 1429 3929 τὰς
1461 3867 1773 3937 ἐκκλησίας,

188 3953 293 4007 τοῦ
339 3956 413 4026 μή
482 3973 607 4011 τινα
658 3958 939 4029 είσφοιτᾷν
983 3961 1041 4010 ἐν
1093 3958 1289 4021 αὐταῖς
1345 3960 1516 4030 εὐχῆς
1567 3958 1775 4025 ἕνεκα,

192 4048 428 4119 κλεῖθρα
472 4051 567 4103 καὶ
610 4053 862 4121 μυχχοὺς
906 4055 1018 4114 τοῖς
1051 4050 1287 4104 πολῶσιν
1312 4052 1607 4104 ἐπιϐαλών.
1663 4052 1775 4104 Καὶ

190 4139 375 4194 ταῦτα
408 4143 512 4212 μὲν
560 4142 705 4197 κατὰ
752 4144 849 4214 τὴν
876 4145 1152 4227 Ἀντιόχου
1200 4145 1356 4196 πόλιν
1385 4161 1398 4174 ο
1441 4144 1468 4195 6
1491 4144 1589 4211 τῆς
1624 4142 1780 4197 Ἀνα-

188 4229 363 4296 τολῆς
425 4229 607 4299 ἅρχων
659 4233 964 4299 εἰργάζετο,
1024 4234 1052 4284 ὁ
1094 4231 1150 4283 δὲ
1194 4230 1443 4300 βασιλεὺς
1473 4230 1777 4297 Ἰουλιανὸς,

192 4321 284 4370 ἔτι
331 4320 475 4373 κατὰ
504 4318 602 4391 τὴν
628 4322 1206 4376 Κωνσταντινούπολιν
1241 4322 1441 4377 διεῖλκέ
1483 4341 1606 4377 τινα
1655 4327 1782 4396 χρό-

192 4430 318 4475 νον,
342 4411 410 4464 τά
431 4413 488 4464 ἐν
509 4412 682 4484 ταύτῃ
710 4414 1009 4482 κρατύνας,
1036 4418 1114 4478 είς
1137 4419 1274 4484 ὅπερ
1304 4415 1519 4485 ἐνόμιζε
1547 4418 1781 4487 μάλιστα
1828 4452 1832 4456 ι

1873 3236 2070 3282 vocant
2100 3225 2375 3285 comitem,
2402 3223 2601 3294 jubens
2631 3228 2792 3276 utres
2822 3218 3038 3290 quidem
3091 3216 3443 3273 ecclesiarum

1874 3327 2097 3371 vexaret
2129 3328 2184 3370 et
2210 3317 2483 3384 perderet,
2518 3314 2718 3383 ubique
2743 3323 2921 3367 autem
2962 3320 3015 3364 et
3058 3310 3206 3364 omni
3239 3307 3447 3361 ratione

1874 3423 2114 3462 errorem
2147 3408 2388 3477 gentium
2426 3415 2650 3476 angeret
2679 3414 2734 3458 et
2783 3403 3087 3458 extolleret.
3139 3399 3231 3454 Ille
3286 3398 3447 3470 igitur

1875 3517 1997 3557 cum
2024 3500 2265 3556 venisset
2298 3497 2669 3561 Antiochiam,
2720 3496 3023 3550 conabatur
3062 3493 3238 3561 reipsa
3292 3491 3446 3560 plura

1876 3604 2153 3663 praestare,
2218 3607 2378 3659 quam
2429 3591 2475 3644 ei
2541 3589 2718 3644 fuerat
2764 3588 3107 3657 imperatum.
3156 3584 3223 3638 Et
3274 3583 3449 3638 eccle-

1877 3686 1973 3740 siis
2003 3684 2219 3754 quidem
2254 3684 2431 3739 aufert
2461 3695 2802 3751 quaecunque
2853 3679 3128 3733 habebant
3182 3676 3443 3745 pretiosa.

1880 3788 1985 3831 tam
2019 3780 2069 3831 in
2106 3789 2328 3848 argento
2362 3786 2413 3831 et
2438 3792 2590 3838 auro,
2631 3790 2791 3842 quam
2828 3774 2883 3827 in
2936 3772 3126 3827 sericis
3158 3771 3450 3826 vestimen.

1880 3871 1965 3925 tis.
2000 3869 2325 3935 Quinetiam
2366 3868 2566 3923 claudit
2593 3865 2871 3926 ecclesias,
2914 3880 2984 3919 ne
3008 3865 3129 3934 quis
3154 3866 3206 3919 in
3242 3880 3335 3918 eas
3360 3864 3446 3917 in-

1880 3963 2195 4033 grederetur
2254 3961 2516 4032 precandi
2573 3973 2755 4022 causa,
2806 3957 3058 4011 claustris
3111 3967 3166 4011 et
3203 3956 3452 4011 vectibus

1877 4061 2057 4130 januis
2082 4058 2363 4127 impositis.
2396 4056 2461 4109 Et
2490 4058 2606 4110 haec
2633 4055 2853 4124 quidem
2878 4052 3182 4109 Antiochiae
3215 4052 3452 4107 faciebat

1883 4164 2064 4204 comes
2113 4148 2376 4202 Orientis.
2434 4147 2729 4217 Imperator
2782 4156 2963 4199 autem
3012 4145 3261 4201 Julianus
3306 4147 3450 4199 Fon-

1885 4238 2238 4310 stantinopoli
2278 4239 2499 4307 aliquod
2529 4238 2707 4292 adhuc
2748 4230 3065 4291 morabatur
3102 4246 3336 4305 tempus,
3365 4251 3452 4290 res

1883 4334 2210 4390 confirmans
2236 4342 2287 4385 et
2322 4332 2702 4395 corroborans,
2738 4339 2900 4401 prout
2936 4329 2986 4385 ei
3030 4328 3264 4383 maxime
3286 4342 3452 4396 expe-

1884 4424 1998 4478 dire
2034 4422 2313 4477 videbatur
2337 4420 2564 4492 imperio
2599 4439 2611 4475 :
2642 4429 2696 4475 et
2745 4430 2804 4474 ut
2851 4436 3008 4475 error
3050 4417 3291 4490 gentium
3340 4433 3454 4472 ma-

189 4510 266 4575 τῇ
302 4505 551 4575 βασιλεία
566 4507 887 4577 συμφέρειν,
914 4509 1007 4560 καὶ
1036 4510 1164 4570 ὄπος
1192 4510 1218 4560 ὀ
1255 4507 1605 4579 Ἑλληνισμὸς
1634 4511 1780 4579 αὐτῷ

1852 4515 2081 4585 ἐηἰῐὶοο
2144 4515 2533 4577 extolleretur,
2601 4513 2955 4567 considerans
3027 4520 3080 4566 et
3133 4525 3451 4580 procurans.

193 4600 349 4669 πρὸς
417 4603 477 4653 τὸ
541 4600 959 4670 μεγαλειότερον
1017 4600 1218 4671 ἐξαρθῇ
1288 4601 1510 4653 σκοπῶν
1568 4618 1625 4653 τε
1688 4603 1780 4654 καὶ

196 4693 760 4764 πραγματευόμενος.
798 4694 970 4764 Ἀρας
999 4688 1091 4745 οὖν
1120 4695 1183 4746 ἐκ
1214 4695 1310 4762 τῆς
1344 4697 1781 4748 Κωνσταντινου-

196 4788 421 4848 πόλεως
454 4785 550 4837 σὺν
576 4788 740 4839 παντὶ
788 4786 865 4856 τῷ
914 4786 1132 4858 στρατῷ
1177 4787 1275 4859 τὴν
1316 4787 1408 4840 ἐπὶ
1438 4787 1536 4855 τῆς
1585 4788 1783 4858 Συρίας

193 4884 221 4933 ἐ
236 4881 453 4932 ποιεῖτο
477 4878 616 4931 ὀδόν.

282 4971 382 5026 1Γ¹.
412 4970 649 5025 Διελθὼν
663 4971 845 5025 τοίνυν
869 4973 1087 5027 ἃπασαν
1120 4972 1215 5041 τὴν
1240 4972 1503 5041 Φρυγίαν,
1530 4973 1624 5026 καὶ
1649 4973 1784 5042 πρὸς

192 5066 304 5134 τὴν
336 5064 571 5134 ἐσχάτην
598 5064 769 5132 αὐτῆς
794 5066 949 5119 πόλιν
975 5067 1034 5117 τὸ
1056 5066 1390 5129 καλούμενον
1409 5064 1623 5117 Ἰκόνιον
1650 5081 1784 5117 κατ·

195 5157 482 5225 αντήσας,
558 5158 798 5221 ἐξέκλινε
834 5158 932 5228 τὴν
989 5160 1260 5227 Ἰσαυρίαν
1305 5155 1640 5211 καταλιπών.
1681 5157 1786 5210 Καὶ

194 5253 300 5300 τὸν
340 5247 635 5317 λεγόμενον
661 5251 876 5320 Ταῦρον
912 5250 1267 5322 ύπεραναϐὰς
1308 5267 1320 5280 ο
1366 5247 1530 5319 ἦλθεν
1559 5250 1649 5300 ἐπὶ
1686 5250 1788 5312 τὰς

196 5340 402 5402 πόλεις
432 5338 533 5406 τῆς
562 5340 837 5408 Κιλικίας,
872 5342 964 5394 καλ⁵
1004 5342 1080 5411 τῷ
1128 5341 1354 5410 σταθμῷ
1395 5340 1785 5409 προσπελάσας

196 5431 288 5499 τῷ
321 5432 384 5483 ἐν
418 5428 574 5499 Ἰσσῷ
607 5432 775 5486 αὐτοῦ
808 5450 911 5486 που
940 5436 1279 5502 κατασκηνοῖ
1301 5472 1316 5496 ,
1366 5433 1457 5484 τὸν
1502 5432 1564 5483 ἐκ
1601 5434 1789 5485 Μακε-

196 5523 394 5585 δονίας
445 5521 795 5592 Ἀλέξανδρον
829 5526 1207 5596 μιμησάμενος
1242 5541 1257 5555 ·
1300 5524 1486 5577 αὐτόθι
1534 5523 1643 5591 γὰρ
1690 5526 1787 5578 κά-

200 5616 391 5676 κεῖνος
426 5616 484 5667 ἐν
522 5614 677 5686 Ἰσσῷ
727 5615 818 5668 τὸν
854 5618 985 5685 πρὸς
1014 5620 1237 5688 Δαρεῖον
1261 5617 1351 5670 τὸν
1385 5615 1608 5685 Περσῶν
1630 5618 1787 5685 βασι-

202 5704 307 5759 λέα
341 5708 711 5778 συνεκρότησε
741 5706 997 5777 πόλεμον,
1027 5714 1120 5761 καὶ
1150 5706 1337 5761 τοῦτον
1363 5709 1613 5778 νικήσας,
1673 5710 1791 5762 ἐπί-

203 5814 393 5870 σημον
442 5797 535 5853 τὸν
587 5802 751 5858 τόπον
786 5799 1079 5869 εἰργάσατο
1163 5801 1369 5858 ἐκεῖθεν
1422 5801 1511 5855 τὸν
1558 5800 1787 5856 Ἰσσικδν

1884 4607 2075 4661 Postea
2136 4621 2265 4660 vero
2312 4605 2596 4660 discedens
2635 4602 3111 4673 Constantinopoli
3164 4617 3288 4657 cum
3334 4600 3456 4654 uni-

1886 4712 2043 4752 verso
2080 4697 2345 4758 exercitu,
2384 4696 2485 4750 iter
2509 4694 2739 4751 faciebat
2774 4696 2828 4748 in
2856 4692 3090 4763 Syriam.

1956 4968 2098 5026 XIII.
2147 4968 2281 5022 Cum
2327 4967 2508 5036 itaque
2556 4967 2863 5021 universam
2918 4964 3244 5033 pervasisset
3290 4962 3457 5033 Phry—

1886 5063 2045 5133 giam,
2076 5068 2129 5114 et
2165 5060 2230 5114 ad
2264 5060 2381 5129 ejus
2422 5059 2664 5113 ultimam
2699 5057 2938 5110 venisset
2994 5054 3293 5117 civitatem,
3336 5070 3457 5122 quae

1888 5165 2111 5210 vocatur
2137 5153 2398 5216 Iconium,
2428 5151 2722 5206 declinavit
2751 5149 2937 5205 relicta
2976 5148 3203 5204 Isauria.
3232 5147 3297 5201 Et
3330 5162 3453 5201 cum

1889 5246 2150 5310 Taurum,
2177 5247 2266 5314 qui
2293 5244 2513 5303 dicitur,
2548 5250 2880 5313 superasset,
2915 5240 3065 5295 venit
3110 5239 3176 5292 ad
3208 5236 3459 5291 civitates

1887 5338 2109 5395 Ciliciae.
2147 5338 2284 5392 Cum
2316 5350 2443 5390 vero
2495 5335 2819 5390 accessisset
2867 5333 2933 5388 ad
2977 5332 3290 5394 stationem,
3338 5346 3459 5397 quae

1889 5442 1973 5487 est
2004 5435 2055 5485 in
2088 5431 2217 5490 lsso,
2250 5428 2358 5482 illic
2384 5436 2818 5490 castrametatur,
2848 5423 3198 5478 Macedonem
3231 5422 3460 5476 Alexan-

1889 5526 2045 5581 drum
2076 5524 2342 5577 imitatus.
2386 5520 2521 5575 Nam
2564 5521 2655 5573 ille
2692 5535 2909 5589 quoque
2938 5516 2988 5570 in
3043 5515 3154 5572 lsso
3187 5530 3311 5570 cum
3356 5514 3461 5569 Da-

1892 5614 1974 5669 rio
2008 5628 2130 5684 rege
2166 5611 2450 5666 Persarum
2501 5610 2775 5664 commisit
2825 5606 3095 5677 praelium.
3143 5605 3262 5670 Quo
3292 5604 3457 5667 victo,

1894 5706 2069 5759 locum
2105 5704 2340 5759 reddidit
2373 5701 2658 5773 insignem.
2714 5697 2863 5753 Illinc
2917 5698 3097 5753 sinum
3161 5694 3463 5750 transmisit

1895 5799 2140 5865 Issicum,
2168 5805 2222 5853 et
2255 5795 2398 5853 venit
2434 5791 2795 5858 Antiochiam,
2830 5792 2962 5845 iram
3012 5790 3226 5865 spirans
3268 5788 3460 5842 adver-
