4198 6312
718 412 721 413 '
767 387 906 451 1179

2026 362 2309 427 MENSIS
2344 359 2708 421 OCTOBEB.

3890 343 4022 414 1180

773 497 911 551 curii
944 490 1142 556 verbis,
1171 507 1295 561 qua:
1331 505 1360 544 a
1391 489 1541 544 vobis
1570 488 1789 559 quidem
1823 488 1877 541 in
1905 487 2114 542 honore
2143 480 2343 536 haben-

2467 477 2677 547 παπρῶν
2698 493 2756 528 τε
2785 476 2877 528 καὶ
2907 473 3181 528 όδωδότων
3200 468 3400 541 Ἐρμοῦ
3435 468 3719 539 ῥημάτων,
3750 462 3864 516 τῶν
3898 460 4027 531 παρ’

774 603 882 651 tur,
910 588 1019 655 jam
1050 596 1233 640 autem
1267 586 1359 639 diu
1389 592 1514 638 ante
1547 588 1878 651 putruerunt
1906 589 1959 634 et
1985 571 2351 633 emuxerunt?

771 677 962 746 Neque
996 677 1143 731 enim
1177 677 1244 732 de
1274 676 1411 730 vivis
1436 673 1515 729 fas
1539 682 1624 728 est
1655 688 1845 743 rogare
1875 680 2119 725 mortuos
2148 667 2234 730 iis,
2257 662 2348 733 qui

773 788 840 826 ex
873 771 1073 825 divinis
1104 770 1335 840 eloquiis
1364 770 1568 824 habent
1616 781 1773 821 veros
1810 774 2095 835 martyres,
2126 760 2218 830 qui
2252 758 2348 813 ad-

773 873 998 920 ventum
1030 863 1230 917 Christi
1266 872 1323 916 et
1356 861 1694 915 divinitatem
1725 856 2181 928 praenuntiarunt.

842 1042 1008 1097 XVII.
1052 1043 1383 1113 Pythagoras
1431 1051 1633 1105 autem,
1666 1042 1757 1110 qui
1810 1051 1971 1094 sectae
2021 1037 2219 1092 ltalicm
2251 1034 2350 1090 fuit

771 1143 963 1188 auctor
993 1143 1045 1188 et
1081 1134 1357 1203 princeps,
1388 1134 1518 1203 quid
1572 1149 1825 1204 magnum
1869 1141 1926 1185 et
1971 1130 2345 1184 admirandum

774 1222 924 1285 fecit,
956 1232 1038 1277 ter
1068 1224 1120 1276 in
1157 1224 1318 1276 vitam
1352 1224 1695 1291 productus?
1718 1222 1798 1276 An
1832 1221 1974 1289 quod
1998 1235 2120 1275 cum
2154 1219 2347 1272 fuisset

773 1311 1057 1383 Olympia),
1089 1321 1146 1365 ut
1171 1327 1268 1366 vos
1292 1311 1494 1373 dicitis,
1531 1326 1756 1364 aureum
1786 1326 1943 1366 suum
1972 1309 2149 1364 femur
2170 1317 2350 1363 osten-

775 1408 854 1461 dit
889 1406 1293 1461 Hellanodicis?
1336 1403 1431 1459 Vel
1466 1403 1608 1474 quod
1655 1403 1992 1474 mugientem
2038 1401 2230 1455 bovem
2263 1415 2351 1452 sa-

776 1497 1118 1553 crificaturus
1145 1516 1156 1551 :
1197 1497 1395 1562 Habet,
1426 1498 1623 1567 inquit,
1656 1498 1893 1551 animam
1917 1496 2016 1550 viri
2054 1494 2184 1548 mihi
2215 1494 2351 1547 ami-

2454 570 2582 637 ὑμῖν
2631 568 2997 638 τιμωμένων,
3039 565 3139 637 ἠδη
3183 563 3292 633 πρὸ
3326 558 3521 613 πολλοῦ
3567 555 3894 626 σεσηπότων
3933 554 4023 607 καὶ

2452 659 2916 730 ἀπερῤυηκότωνς
2981 658 3101 710 οὐδέ
3151 655 3261 725 γὰρ
3294 655 3441 707 ὅσιον
3481 652 3606 721 περὶ
3644 648 3757 701 τῶν
3804 648 4025 711 ζώντων

2451 754 2666 822 ἐρωτᾷν
2701 752 2828 811 τοὺς
2854 751 3102 818 νεκροὺς,
3134 746 3449 817 ἔχοντας-ἐκ
3481 744 3589 794 τῶν
3618 740 3909 806 θεοσόφων
3934 738 4021 789 λο-

2452 847 2588 910 γίων
2620 844 2748 905 τοὺς
2786 840 3011 907 ἀληθεῖς
3055 840 3336 909 μάρτυρας
3361 877 3376 900 ,
3432 836 3482 888 οῖ
3518 834 3615 903 τὴν
3646 832 3741 886 τοῦ
3784 828 4025 900 Χριστοῦ

2452 937 2755 1008 παρουσίαν
2790 951 2849 987 τε
2886 932 2981 985 καὶ
3020 930 3253 1000 θεότητα
3294 924 3801 997 προκατήγγειλαν.

2526 1026 2623 1083 IZ'.
2663 1023 3072 1096 Πυθαγόραςδὲ
3098 1024 3126 1076 ό
3151 1021 3253 1089 τῆς
3290 1018 3560 1084 Ἰταλικῆς
3599 1015 3889 1083 κατάρξας
3943 1011 4017 1065 αι-

2454 1123 2657 1194 ρέσεως
2704 1120 2758 1172 τί
2811 1121 2952 1189 μέγα
2997 1117 3091 1169 καὶ
3129 1112 3445 1183 θαυμαστὸν
3494 1112 3552 1163 ἐν
3585 1108 3664 1176 τῷ
3727 1104 3829 1175 βίῳ
3861 1118 4031 1194 προσ-

2453 1192 2763 1283 παραχθεὶς
2796 1208 3198 1279 ἀπειργάσατο,
3253 1204 3402 1274 ἢὸτι
3446 1205 3504 1253 ἐν
3551 1196 3831 1264 Ὀλυμπίᾳ
3875 1192 4031 1261 γενό-

2459 1321 2645 1376 μενος,
2676 1303 2753 1367 ὡς
2800 1304 2960 1372 ὑμεῖς
3010 1316 3168 1368 φατε,
3196 1296 3432 1369 χρυσοῦν
3476 1294 3565 1346 τὸν
3613 1288 3813 1344 ἐαυτοῦ
3851 1286 4032 1355 μηρὸν

2449 1403 2563 1462 τοῖς
2594 1398 2997 1460 Ἑλλανοδίκαις
3028 1394 3271 1459 ὑπέδειξε
3298 1410 3313 1459 ;
3347 1391 3440 1444 καὶ
3470 1388 3598 1460 βοῦν
3633 1383 3863 1438 θύεσθαι
3906 1378 4036 1448 μέλ-

2450 1494 2611 1545 λοντα
2648 1490 3035 1561 μυκησάμενον
3061 1506 3076 1521 ο
3127 1488 3361 1556 Ἀνδρος,
3398 1478 3725 1552 ἔφη,ψυχὴν
3756 1476 3882 1547 ἐμοὶ
3917 1472 4040 1541 φιλ⁹

776 1593 1005 1657 cissimi,
1052 1601 1106 1646 et
1155 1608 1249 1661 per
1299 1593 1564 1660 mugitum
1611 1606 1697 1645 me
1740 1592 1938 1646 salutat
1984 1588 2210 1643 infelix?
2243 1587 2347 1641 Seu

2467 1588 2618 1641 πάτου
2648 1585 2935 1653 κέκτηται,
2978 1584 3075 1636 καὶ
3113 1579 3201 1634 διά
3255 1578 3348 1632 τοῦ
3392 1577 3715 1646 μυκήματος
3761 1584 4041 1641 προσαγο-

776 1684 922 1751 quod
975 1686 1230 1753 aquilam,
1269 1701 1391 1754 quae
1441 1685 1671 1739 sublime
1700 1684 1934 1748 volabat,
1968 1700 2064 1752 per
2101 1683 2351 1737 incauta-

2456 1677 2606 1748 ρεύει
2639 1692 2707 1746 με
2743 1678 2772 1729 ό
2813 1673 3181 1743 ταλαίπωρος,
3205 1669 3302 1723 καὶ
3334 1666 3494 1721 ἀετὸν
3529 1667 3588 1717 ἐν
3630 1662 3758 1731 ὕψει
3790 1676 4042 1712 καταπε-

780 1780 983 1833 tionem
1014 1778 1141 1833 fecit
1171 1779 1366 1833 cadere
1398 1779 1450 1831 in
1479 1778 1721 1832 terram?
1752 1778 1876 1832 Haec
1904 1775 2166 1831 miracula
2199 1772 2349 1833 fecit,

2467 1771 2685 1840 τόμενον
2711 1770 2779 1822 δι’
2818 1768 3030 1839 ἐπῳδῆς
3062 1764 3400 1819 καταπεσεῖν
3441 1759 3532 1812 ἐπὶ
3567 1758 3671 1826 γῆς
3713 1751 3992 1821 πεποίηκε
4021 1768 4034 1815 ;

2467 1864 2504 1868 ““
2554 1864 2572 1868 ’
2700 1862 2713 1868 ⁸
2811 1861 2820 1868 ·
3059 1858 3081 1868 ⁸
3116 1857 3129 1868 “
3201 1855 3249 1868 Ἀ
3494 1850 3506 1866 ⁸
3597 1866 3633 1868 __
3674 1848 3729 1868 ι--
3759 1843 4034 1868 vn\._.._r-

780 1886 904 1925 cum
934 1880 1079 1925 esset
1124 1869 1381 1941 Olympia:
1415 1880 1495 1925 ter
1525 1871 1741 1940 genitus
1769 1869 2120 1940 Pythagoras,
2161 1869 2353 1921 insano

781 1964 964 2032 gloriae
993 1978 1178 2017 amore
1210 1973 1421 2033 captus.
1460 1974 1513 2018 et
1548 1964 1760 2018 visione
1787 1965 1902 2018 haec
1942 1963 2357 2033 apprehendens

784 2065 867 2108 ter
899 2055 1108 2123 infelix,
1137 2056 1229 2126 qui
1257 2057 1676 2127 quaternionem
1726 2056 2106 2126 jusjurandum
2151 2056 2359 2110 consti.

781 2149 987 2212 tuebat,
1021 2158 1073 2203 et
1102 2165 1226 2203 eum
1261 2150 1479 2205 dicebat
1508 2150 1709 2204 fontem
1748 2160 1971 2204 aeterna:
2001 2163 2232 2215 naturae,
2266 2149 2360 2218 qui

780 2241 934 2296 fabas
962 2242 1175 2297 colebat
1228 2251 1451 2311 propter
1498 2257 1633 2311 quas
1669 2242 1853 2311 periit,
1890 2257 2013 2295 cum
2043 2243 2156 2296 suis
2199 2242 2359 2295 fami-

782 2333 1010 2386 liaribus
1032 2333 1194 2386 simul
1217 2335 1475 2397 expulsus
1496 2349 1524 2386 a
1556 2331 1891 2387 Tarentinis.
1924 2331 2059 2385 Nam
2087 2346 2207 2385 cum
2239 2332 2360 2384 nol-

782 2425 857 2478 let
893 2424 1106 2480 calcare
1135 2426 1330 2488 locum,
1363 2426 1413 2478 in
1444 2441 1551 2495 quo
1583 2426 1715 2481 fabae
1753 2434 1911 2480 erant
1946 2418 2223 2492 dispersae,
2260 2424 2362 2478 ibi-

782 2515 906 2569 dem
937 2514 1269 2570 interficitur
1319 2532 1443 2569 cum
1477 2515 1838 2569 familiaribus
1872 2523 1927 2569 et
1958 2514 2262 2584 discipulis,
2307 2524 2363 2569 et

785 2612 1127 2667 consumitur
1164 2614 1233 2667 ab
1282 2613 1540 2667 inimicis.
1578 2612 1801 2668 Theano
1846 2621 2028 2669 autem
2077 2614 2192 2682 ejus
2225 2627 2364 2666 uxor

784 2710 840 2755 et
886 2701 1172 2771 discipula,
1222 2718 1345 2758 cum
1399 2703 1568 2758 nollet
1614 2705 1797 2759 dicere
1842 2718 2086 2769 causam,
2137 2710 2364 2772 propter

786 2808 949 2862 quam
986 2794 1105 2847 faba
1138 2811 1247 2849 non
1281 2806 1598 2862 vescuntur,
1651 2797 1767 2867 ipsa
1815 2811 2055 2865 quoque,
2097 2796 2143 2848 ei
2180 2794 2362 2863 lingua

789 2894 1089 2954 amputata.
1133 2885 1442 2956 perimitur.

858 3067 1046 3122 XVIII.
1096 3067 1220 3122 Haac
1245 3077 1374 3122 sunt
1412 3071 1722 3138 sapientum
1768 3066 2218 3137 philosophorum
2258 3065 2367 3135 pri-

2463 1864 2651 1916 Ταῦτα
2692 1862 2719 1915 δ
2742 1861 2863 1931 τρὶς
2884 1857 3168 1928 γεννηθεὶς
3198 1850 3638 1922 ἐθαυματούργει
3670 1848 3729 1901 ἐν
3759 1843 4044 1911 Ὀλυμπία

2462 1958 2767 2025 γενόμενος,
2809 1950 3118 2022 δοξομανῶν
3150 1948 3245 2003 καὶ⁵
3296 1943 3765 2016 φαντασιούμενος
3808 1940 3834 1991 ό
3874 1953 4044 2004 τρισυ

2461 2048 2668 2114 ἅθλιος,
2702 2050 2730 2101 ὁ
2755 2047 2854 2116 τὴν
2882 2044 3188 2113 τετρακτὺν
3216 2042 3380 2109 ὅρκον
3416 2034 3700 2104 τιθέμενος
3767 2031 3864 2084 καὶ
3908 2030 4045 2082 ταύ-

2462 2160 2562 2211 την
2604 2141 2829 2209 φάσκων
2866 2137 3051 2207 πηγὴν
3113 2133 3341 2187 ἁεννάου
3384 2129 3620 2198 φύσεως,
3670 2128 3697 2177 ό
3725 2124 3849 2184 τοὺς
3901 2121 4046 2175 acad-

2468 2252 2601 2303 μους
2631 2232 2948 2301 σεϐόμενος,
2990 2229 3056 2281 δι’
3090 2226 3183 2290 οὓς
3222 2224 3472 2278 ἀπώλετο
3522 2219 3659 2290 μετᾶ
3714 2216 3824 2271 τῶν
3866 2212 4046 2268 αὑτοῦ

2465 2325 2738 2394 ἑταίρων,
2787 2322 2894 2376 ὑπὸ
2940 2320 3050 2376 τῶν
3096 2319 3448 2388 Ταραντίνων
3514 2309 3992 2375 συνελαυνόμενος
4026 2320 4042 2335 ο

2468 2420 2542 2488 μὴ
2592 2391 2925 2485 βουλόμενος
2966 2412 3077 2483 γὰρ
3122 2411 3213 2463 τδν
3261 2410 3426 2461 τόπον
3474 2404 3741 2472 πατῆσαι,
3787 2403 3847 2453 ἐν
3993 2397 4044 2448 οἱ

2467 2510 2669 2577 κύαμοι
2721 2505 3057 2577 ἐσπαρμένοι
3121 2501 3441 2571 ἐτύγχανον,
3505 2494 3671 2550 αὐτοῦ
3716 2493 3869 2562 μετά
3931 2490 4046 2541 τῶν

2465 2600 2701 2668 ἑταίρων
2758 2596 2855 2652 καὶ
2915 2593 3174 2667 μαθητῶν
3219 2590 3660 2658 κατασφάττεται
3693 2626 3707 2646 ,
3768 2580 3864 2634 καὶ
3932 2579 4045 2630 τῶν

2467 2692 2674 2761 ἐχθρῶν
2713 2691 2924 2759 γίνεται
2967 2686 3364 2757 παρανάλωμα.
3420 2678 3611 2733 Θεανὼ
3654 2677 3711 2727 δὲ
3754 2676 3783 2743 ἡ
3836 2671 4041 2724 τούτου

2465 2782 2680 2851 γαμετὴ
2711 2784 2805 2834 καὶ⁸
2841 2779 3120 2849 μαθήτρια
3140 2817 3154 2837 ,
3186 2776 3262 2845 μὴ
3314 2772 3547 2827 θέλουσα
3573 2768 3668 2838 τὴν
3703 2764 3891 2819 αἰτίαν
3916 2779 4049 2815 κατ-

2467 2875 2644 2927 ειπεῖν
2698 2872 2765 2926 δι’
2808 2873 2874 2943 ἣν
2902 2870 2991 2924 τὸν
3021 2868 3237 2938 κύαμον
3259 2865 3361 2918 οὐκ
3384 2862 3645 2920 ἐσθίουσι,
3668 2858 3770 2926 τὴν
3792 2855 4049 2923 γλῶτταν

2468 2964 2805 3034 ἐκτμηθεῖσα
2829 2963 3127 3030 πρότερον,
3160 2961 3252 3013 καὶ
3271 2956 3409 3026 αὑτὴ
3462 2948 3941 3022 προσαπόλλυται.

2543 3053 2649 3110 1Η’.
2692 3051 2884 3105 Ταῦτα
2915 3052 3024 3101 τῶν
3061 3047 3245 3115 σοφῶν
3290 3043 3598 3111 φιλοσόφων
3644 3037 3717 3091 τά
3769 3037 4054 3105 προτερή-

791 3160 1004 3230 vilegia,
1040 3160 1130 3229 qui
1176 3160 1259 3214 bis
1294 3169 1350 3214 et
1400 3169 1484 3218 ter
1534 3168 1661 3214 sunt
1705 3130 1895 3228 geniti,
1932 3130 2001 3213 ut'
2024 3160 2140 3227 ipse
2180 3130 2360 3211 dixisti

2476 3167 2640 3220 ματα,
2675 3148 2783 3201 τῶν
2819 3145 2900 3208 δίς
2924 3142 3020 3197 καὶ
3049 3141 3169 3211 τρὶς
3197 3136 3565 3208 γεννηθέντων
3587 3133 3662 3195 ὡς
3688 3131 3855 3192 αὐτὸς
3922 3130 4053 3197 Epy-

791 3253 1051 3305 oratorie.
1116 3252 1207 3305 Illa
1264 3260 1445 3304 autem
1506 3258 1633 3305 sunt
1658 3250 1761 3303 mei
1819 3249 2021 3305 Christi
2087 3248 2366 3313 miracula,

795 3354 1019 3414 promer
1050 3345 1267 3413 generis
1298 3342 1523 3396 humani
1567 3342 1795 3396 salutem
1838 3351 1895 3396 et
1943 3339 2363 3395 restitutionem.

795 3437 859 3489 Et
893 3436 1221 3506 Pythagoras
1251 3435 1467 3504 quidem
1501 3443 1557 3489 et
1585 3433 1885 3489 Mercurius
1932 3433 2220 3487 hominum
2246 3430 2368 3485 ani-

796 3543 911 3581 mas
941 3527 1221 3581 deducunt
1266 3526 1332 3581 ad
1376 3524 1706 3594 profundum
1752 3522 2071 3584 inferorum,
2109 3521 2371 3590 quasdam

794 3636 983 3676 earnm
1014 3615 1520 3689 transmigrationes
1548 3624 1603 3671 et
1635 3614 2001 3668 traductiones
2026 3612 2372 3667 introducen-

799 3724 903 3774 tes,
937 3711 1229 3779 aliquando
1261 3709 1477 3778 quidem
1510 3709 1566 3760 in
1608 3707 1864 3760 animalia
1907 3706 2137 3758 rationis
2183 3718 2375 3773 exper—

798 3805 869 3857 tia
928 3812 981 3857 et
1005 3801 1206 3857 bestias
1236 3814 1329 3854 eas
1364 3797 1746 3853 traducentes:
1783 3795 2072 3865 aliquando
2108 3804 2286 3849 autem
2318 3794 2373 3849 in

798 3895 975 3964 pisces
1000 3901 1055 3947 et
1078 3893 1320 3962 plantas;
1353 3899 1406 3944 et
1436 3888 1569 3943 alias
1596 3885 1858 3957 quasdam
1889 3885 2263 3941 revocationcs
2320 3892 2376 3939 et

799 3988 1037 4041 ambitus
1083 3986 1371 4056 ﬁngentes.
1404 3981 1658 4037 Christus
1699 3989 1905 4046 autem,
1949 3987 2009 4033 ut
2044 3978 2185 4032 Deus
2216 3992 2377 4031 verus

798 4091 859 4137 et
888 4090 1146 4143 aeternus,
1194 4090 1319 4132 cum
1354 4074 1593 4129 animam
1640 4071 1861 4127 fecisset
1905 4070 2289 4134 immortalem,
2323 4077 2380 4124 et

804 4174 942 4231 acilii
977 4179 1254 4240 expertem
1296 4166 1501 4232 divino,
1534 4164 1627 4235 qui
1655 4163 1759 4219 fuit
1783 4162 1851 4217 ab
1883 4163 2061 4226 initio,
2099 4162 2295 4233 spiritu
2325 4172 2381 4218 et

804 4263 1193 4324 insumatione,
1226 4257 1446 4330 quando
1474 4256 1772 4311 fabricatus
1806 4254 1907 4309 fuit
1932 4252 2170 4324 primum
2205 4254 2382 4307 homi-

806 4376 932 4415 nem
960 4362 1042 4427 (ut
1085 4357 1279 4418 divini,
1330 4365 1387 4408 et
1420 4366 1560 4422 quos
1608 4365 1771 4405 nemo
1815 4357 1995 4419 potest
2039 4346 2380 4413 calumniari,

2469 3242 2762 3311 τόρευσας,
2794 3239 3027 3291 κάκεῖνα
3079 3232 3175 3287 τοῦ
3219 3229 3356 3302 ἐμοῦ
3394 3223 3633 3299 Χριστοῦ
3665 3223 3759 3275 ἐπὶ
3802 3218 4055 3288 σωτηρίᾳ

2472 3334 2565 3387 καὶ
2584 3331 2883 3399 ἀνακλήσει
2906 3327 3001 3382 τοῦ
3038 3327 3144 3379 τῶν
3187 3321 3491 3395 ἀνθρώπων
3533 3316 3726 3389 γένους
3748 3316 3819 3368 τά
3846 3328 4050 3386 τερατ-

2469 3427 2821 3496 ουργήματα.
2893 3422 3005 3474 Καὶ
3044 3417 3370 3487 Πυθαγόρας
3406 3414 3506 3483 μὲν
3552 3412 3644 3465 καὶ
3684 3407 3902 3477 Ἐρμῆς
3954 3405 4053 3465 τὰς

2475 3521 2584 3570 τῶν
2615 3517 2713 3569 ἀνθ
2729 3515 2927 3585 ρώπων
2949 3511 3131 3581 ψυχὰς
3186 3510 3266 3571 είς
3295 3507 3386 3560 τὸν
3421 3504 3548 3575 ᾅδου
3590 3500 3853 3568 πυθμένα
3885 3499 4058 3550 κατά-

2482 3628 2666 3682 γουσι,
2706 3604 3162 3680 μετεμψυχώσεις
3199 3602 3262 3672 δή
3308 3614 3467 3661 τινας
3504 3596 3600 3650 καὶ
3632 3592 4052 3665 μεταγγισμοὶις

2477 3705 2934 3776 παρεισάγοντες,
2967 3698 3099 3751 ποτὲ
3135 3698 3233 3766 μὲν
3258 3697 3341 3757 είς
3370 3692 3541 3760 ἄλογα
3576 3687 3695 3753 ζῶα
3730 3686 3831 3740 καὶ
3885 3683 4053 3753 θηρία

2424 3782 2427 3784 δ
2475 3798 2678 3860 ταύτας
2708 3790 3203 3865 μεταϐιϐάζοντες,
3238 3786 3369 3839 ποτέ
3392 3786 3560 3846 δέείς
3597 3782 3750 3851 ἰχθῦς
3778 3779 3877 3831 καὶ
3910 3776 4055 3846 φυτά

2480 3895 2573 3950 καὶ
2632 3891 2803 3954 ἄλλας
2858 3887 3014 3951 τινὰς
3068 3880 3548 3950 ἐπανακυκλήσεις
3606 3877 3705 3929 καὶ
3764 3872 4057 3943 περιόδους

2481 3984 2872 4045 κατασπῶντες
2931 3982 3104 4043 αὐτὰς
3159 3978 3255 4032 καὶ
3313 3970 3811 4047 άπορῤαπίζοντες.
3894 3966 3957 4021 Ὀ
4006 3965 4059 4016 δέ

2480 4078 2738 4151 Χριστὸς,
2770 4075 2898 4129 καθ’
2934 4073 2962 4126 ὃ
2987 4071 3118 4134 Θεὸς
3150 4071 3414 4140 ὑπάρχων
3445 4064 3653 4135 ἀληθὴς
3683 4063 3782 4116 καὶ
3814 4061 4055 4151 αἰώνιος,

2482 4148 2753 4227 ἀθάνατον
2820 4166 2993 4238 αὐτὴν
3049 4164 3145 4219 καὶ
3210 4163 3405 4232 ἀγήρω
3485 4154 3919 4213 κατασκευάσας
3986 4148 4059 4218 τῷ

2484 4264 2743 4334 ἀπαρχῆς
2800 4258 3079 4327 πνεύματι
3132 4253 3261 4324 θείῳ
3311 4252 3407 4305 καὶ
3454 4248 3849 4320 ἐμφυσήματι,
3900 4244 4059 4313 ἡνίκα

2484 4356 2575 4407 τὸν
2612 4353 2832 4422 πρῶτον
2864 4349 3304 4419 ἐδημιούργησεν
3354 4343 3665 4412 ἄνθρωπον,
3698 4341 3779 4401 ὡς
3822 4339 3881 4391 αι
3921 4336 4058 4390 θεῖαι

808 4452 1055 4508 referunt
1080 4448 1201 4503 libri
1231 4444 1439 4511 Mosis),
1469 4456 1590 4497 eam
1625 4456 1815 4496 rursus
1836 4456 1933 4510 per
1962 4440 2363 4495 inobedientian

2488 4444 2586 4498 καὶ
2643 4441 2955 4510 ἀδιάϐλητοι
3014 4435 3107 4490 τοῦ
3158 4435 3405 4498 Μωσέως
3456 4431 3630 4501 βίϐλοι
3679 4427 4016 4495 διασαφοῦσι
4046 4465 4059 4485 ,

812 4545 1039 4613 lapsam,
1076 4550 1130 4595 et
1159 4537 1535 4607 deccptioneni
1559 4532 1853 4604 serpentis,
1880 4531 1971 4603 qui
2001 4530 2161 4585 affert
2188 4532 2363 4586 animi:

2489 4536 2765 4591 πεσοῦσαν
2794 4532 2956 4588 πάλιν
2984 4530 3073 4585 διὰ
3099 4530 3205 4600 τῆς
3236 4523 3530 4595 παρακοῆς
3570 4520 3669 4573 καὶ
3704 4520 3809 4613 τῆς
3850 4517 4062 4584 ἀπάτης

814 4636 1065 4699 exitium,
1098 4633 1212 4702 ipse
1238 4630 1464 4685 veniens
1487 4628 1544 4682 in
1568 4636 1796 4691 terram,
1823 4635 1879 4680 et
1906 4624 1961 4679 in
1986 4640 2049 4680 ea
2084 4627 2307 4694 degens,
2332 4633 2388 4676 et

816 4733 958 4784 viam
990 4727 1180 4782 salutis
1209 4721 1367 4779 nobis
1395 4719 1712 4785 ostendens,
1746 4732 1843 4789 per
1860 4718 2187 4787 baptismum
2217 4725 2272 4771 et
2301 4729 2386 4769 re-

816 4820 1212 4875 surrectionem
1235 4829 1266 4868 a
1293 4811 1525 4867 mortuis
1549 4811 1617 4866 ab
1642 4808 1835 4866 inferis
1863 4809 2078 4864 reduxit
2102 4809 2168 4863 ad
2196 4806 2386 4864 caelos.

819 4912 882 4968 Et
914 4925 1099 4965 rursus
1124 4908 1350 4962 veniens
1375 4904 1441 4957 ad
1457 4903 1822 4971 .judicandum
1854 4902 2006 4956 vivos
2031 4911 2087 4957 et
2120 4909 2383 4967 mortuos,

818 5003 984 5059 faciet
1013 5010 1236 5068 surgere
1269 5007 1517 5063 corpora,
1537 5000 1595 5047 et
1612 4990 1909 5061 conjunget
1939 4992 2054 5048 suis
2083 4992 2392 5055 animabus,

819 5105 874 5152 et
910 5094 1101 5150 reddet
1130 5088 1427 5159 unicuique
1465 5083 1767 5140 secundum
1803 5098 1902 5140 sua
1933 5100 2097 5156 opera
2124 5087 2163 5141 ¹.

894 5385 1037 5443 XIX.
1080 5384 1207 5441 Haec
1238 5401 1361 5440 cum
1390 5396 1594 5457 martyr
1617 5383 1808 5440 fuisset
1832 5382 2265 5456 philosophatus,
2290 5382 2394 5438 ini-

828 5476 1232 5549 quusJulianus
1258 5494 1270 5529 :
1300 5474 1723 5546 Videte,inquit,
1743 5475 1842 5530 viri
1874 5475 2102 5531 Romani
2122 5484 2178 5530 et
2199 5474 2392 5539 Graeci,

831 5567 980 5624 hunc
1008 5567 1329 5620 sceleratum
1361 5574 1417 5620 et
1467 5564 1858 5623 exsecrandum
1894 5564 2192 5632 hominem,
2225 5580 2396 5634 quan-

832 5669 914 5716 tas
953 5676 1019 5716 ex
1051 5658 1252 5715 Graecis
1295 5658 1596 5731 disciplinis
1643 5657 1835 5716 effudit
1865 5674 2029 5729 nugas
2070 5657 2122 5713 in
2154 5664 2394 5712 nostram

907 5826 922 5857 ⁸
946 5825 985 5880 1.
1023 5825 1148 5881 Cor.
1184 5845 1234 5887 v,
1271 5822 1353 5878 10.

2485 4632 2579 4688 τοῦ
2614 4628 2964 4701 ψυχοφθόρου
3008 4623 3305 4696 δράκοντος
3340 4615 3512 4671 ἐλθὼν
3550 4613 3644 4667 ἐπὶ
3698 4610 3806 4681 γῆς
3835 4611 3937 4663 καὶ
3976 4626 4063 4660 πο-

2486 4724 2879 4790 λιτευσάμενος
2940 4719 3038 4773 καὶ
3104 4712 3395 4778 ὑποδείξας
3443 4710 3575 4780 ἡμῖν
3607 4706 3728 4760 ὁδὸν
3786 4701 4062 4773 σωτηρίας

2486 4818 2576 4873 διὰ
2598 4816 2693 4869 τοῦ
2726 4814 3102 4885 βαπτίσματος
3136 4806 3355 4876 καὶτῆς
3387 4805 3451 4857 ἐκ
3481 4799 3694 4871 νεκρῶν
3729 4795 3905 4851 αὐτοῦ
3941 4797 4062 4849 ἀνα-

2490 4910 2756 4971 στάσεως,
2782 4907 2865 4958 ἐκ
2890 4903 3009 4971 ίτῶν
3053 4899 3149 4954 τοῦ
3198 4899 3326 4971 ᾅδου
3359 4892 3656 4965 πυθμένων
3688 4893 3770 4953 είς
3801 4888 4064 4958 οὐρανοὺς

2489 5003 2697 5073 ταύτην
2749 4998 3094 5068 ἐπανήγαγε,
3151 4995 3248 5048 καὶ
3307 4991 3471 5047 πάλιν
3526 4986 3833 5058 ἐρχόμενος
3885 4983 4062 5073 κρῖναι

2491 5096 2705 5162 ζῶντας
2751 5091 2846 5145 καὶ
2884 5087 3135 5157 νεκροὺς,
3162 5076 3605 5149 ἐξαναστήσειτὰ
3648 5074 3913 5142 σώματα,
3973 5072 4057 5123 καὶ

2494 5189 2721 5257 συνάψει
2746 5188 2867 5248 ταῖς
2895 5180 3111 5236 ἐαυτῶν
3139 5177 3341 5248 ψυχαῖς
3361 5216 3376 5242 ,
3423 5173 3519 5227 καὶ
3543 5167 3825 5224 ἀποδώσει
3857 5164 4059 5230 ἑκάστῳ

2495 5281 2638 5334 κατὰ
2670 5278 2738 5331 τὰ
2764 5276 2904 5348 ἔργα
2936 5268 3127 5327 αὑτοῦ.

2561 5371 2647 5426 ΙΘ.
2676 5368 2865 5424 Ταῦτα
2886 5364 2984 5420 τοῦ
3020 5362 3297 5434 μάρτυρος
3334 5354 3839 5428 φιλοσοφήσαντας,
3889 5350 3919 5403 ό
3963 5363 4059 5399 παν

2496 5466 2729 5536 ράνομος
2772 5456 3056 5520 Ἰουλιανός
3089 5472 3105 5489 ο
3150 5455 3371 5525 Ὁρᾶτε,
3398 5451 3524 5521 ἔφη.
3559 5446 3763 5519 ἄνδρες
3810 5442 4061 5512 Ῥωμαῖοι

2495 5556 2879 5626 καὶἜλληνες,
2899 5549 3112 5606 τουτονὶ
3134 5547 3228 5602 τὸν
3261 5544 3609 5616 παλαμναῖον
3637 5540 3739 5595 καὶ
3768 5538 4056 5608 ἀλιτήριον,

2498 5653 2662 5708 πόσον
2693 5649 2755 5702 ἐκ
2786 5646 2892 5703 τῶν
2921 5637 3216 5714 ἐλληνικῶν
3249 5635 3595 5711 μαθημάτων
3638 5630 3793 5687 κατά
3823 5631 3919 5702 τῆς
3940 5632 4062 5701 ἡμι-
