4198 6312
200 345 324 405 1181

1318 359 1782 422 MARTYRIUM
1846 365 1908 425 S.
1950 368 2305 430 ΑΒΤΕΜΗ.

3295 378 3431 445 1182

194 459 358 526 τέρας
395 457 692 552 θρησκείας
724 465 1123 520 κατεσκέδασεν
1154 468 1339 537 tam;
1375 472 1468 525 Μά
1496 472 1586 526 τὸν
1634 474 1752 541 ἐμοὶ

1827 513 1831 527 ι
1861 476 2196 547 religionem.
2228 480 2330 533 Per
2359 483 2527 536 solem
2573 484 2702 539 mihi
2738 485 3141 552 charissimam,
3174 503 3283 543 non
3315 504 3432 544 am-

198 547 659 615 προσιριλέστατον
715 553 915 623 ἥλιον,
973 558 1071 610 οὐκ
1128 558 1327 628 ἔμασιν
1379 561 1640 631 ἀνέξομαι
1702 563 1759 616 τὸ

205 640 547 711 Χριστιανῶν
582 644 894 702 ἀθεώτατον
921 653 1349 708 ὲκπαιδεύεσθαι
1397 658 1573 723 γένος.
1627 658 1757 711 Ἰδοὺ

200 735 305 803 γὰρ
343 736 443 802 τῆς
482 738 633 808 ἱερᾶς
666 741 915 806 παιδείας
948 746 1041 797 καὶ
1085 739 1241 810 οὗτος
1271 750 1299 800 ὁ
1342 750 1488 802 κύων
1520 750 1757 818 μεταλα-

201 826 327 895 χὼν,
352 830 454 881 κᾶν
489 832 589 884 οὐκ
617 834 831 898 εὐθείας
862 838 956 889 καὶ
988 841 1213 911 ὁμαλῆς,
1245 842 1361 896 ἀλλ’
1387 846 1535 913 ὅμως
1560 845 1759 915 πολλήν

197 933 315 969 τινα
343 920 435 970 καὶ
459 923 671 992 ἀτερπῆ
701 926 827 993 περὶ
857 927 955 995 τὴν
988 929 1233 1000 ἱστορίαν
1260 933 1604 1003 μωρολογὲαν
1631 944 1763 988 κατ-

200 1008 337 1076 έχεε.
381 1010 566 1064 Ταῦτα
603 1016 794 1077 εἰπὼν,
862 1018 1074 1071 κελεύει
1107 1023 1207 1074 ’τὸν
1241 1026 1494 1093 μάρτυρα
1528 1029 1637 1087 τοῖς
1666 1027 1760 1096 δη-

202 1098 342 1165 μίοις
378 1101 750 1170 παραδοθῆναι
805 1107 901 1158 κα)¹
932 1111 1257 1177 μαστιγοῦν,
1301 1114 1428 1183 ἄχρι
1481 1116 1577 1167 καὶ
1638 1134 1762 1168 πεν-

195 1191 466 1242 τακοσίων
509 1192 755 1261 πληγῶν.
806 1198 867 1249 Ol
927 1199 983 1251 δὲ
1041 1201 1315 1267 λαϐόντες,
1370 1206 1558 1275 ᾔκιζον
1593 1210 1756 1260 απαν-

199 1278 432 1348 θρώπως
451 1286 570 1345 ταῖς
594 1286 834 1353 μάστιξι,
866 1291 960 1342 καὶ
990 1294 1016 1344 ὁ
1044 1294 1221 1363 κήρυξ
1244 1296 1372 1350 ἐϐόα
1398 1313 1413 1329 ·
1444 1300 1673 1368 Ποίησον
1705 1302 1762 1352 τὸ

196 1372 290 1423 τοῦ
322 1372 586 1439 βασιλέως
617 1376 850 1447 θέλημα,
886 1381 1093 1436 παῦσαι
1116 1386 1225 1438 τῶν
1262 1391 1635 1457 μωρολογιῶν,
1668 1394 1763 1445 καὶ

197 1463 561 1537 ἀπαλλαγήσῃ
614 1469 723 1521 τῶν
782 1472 1119 1537 κολαζόντων
1181 1496 1261 1530 σε.
1326 1481 1383 1532 '0
1436 1481 1492 1533 δὲ
1550 1485 1761 1552 μάρτυς

196 1556 489 1627 ἐκαρτέρει
534 1562 917 1631 τυπτόμενος,
960 1569 1180 1621 σιωπῶν
1247 1572 1342 1623 καὶ
1401 1574 1567 1640 μηδὲν
1625 1577 1763 1639 ὅλως

194 1648 590 1719 φθεγγόμενος.
656 1654 938 1719 Ἀτενίσας
983 1659 1043 1710 δὲ
1067 1660 1202 1729 πρὸς
1249 1663 1339 1715 τὸν
1377 1663 1469 1716 τοῦ
1523 1664 1758 1736 Χριστοῦ

198 1738 448 1808 μάρτυρα
486 1741 790 1811 Μακάριον,
833 1748 968 1814 φησὶ
1000 1748 1135 1816 πρὸς
1168 1751 1359 1804 αὐτόν·
1393 1754 1465 1808 Σὺ
1501 1755 1558 1807 δὲ
1596 1757 1649 1808 τί
1676 1757 1760 1810 λέ-

191 1847 310 1896 γεις
346 1833 473 1899 περὶ
499 1834 750 1898 σεαυτοῦ,
774 1836 1037 1909 δυστυχὲς
1073 1841 1385 1912 ἀνθρώπιον
1416 1861 1430 1910 ;
1466 1848 1756 1919 Μακάριος

190 1922 318 1989 ἔφη,
355 1924 424 1973 Σὺ
451 1918 503 1975 εἷ
524 1925 797 1997 δυστυχὴς
825 1929 903 1998 τῷ
935 1930 1049 1983 δντι
1084 1935 1179 1987 καὶ
1211 1934 1431 1990 πάντων
1457 1940 1761 2009 ἀνθρώπων

191 2012 549 2078 ἀθλιώτατος,
581 2015 692 2083 ἐγὼ
720 2018 776 2070 δὲ
807 2021 1079 2092 μακάριος
1103 2023 1340 2094 ἀληθῶς,
1362 2031 1761 2097 συμφωνοῦσαν

190 2103 331 2172 ἔχων
365 2110 474 2170 τοῖς
507 2107 799 2188 πράγμασι
834 2114 928 2165 καὶ
979 2114 1077 2184 τὴν
1112 2121 1525 2188 προσωνυμίαν,
1556 2124 1639 2175 ὅτι
1669 2125 1760 2177 τὸν

190 2195 425 2265 Χριστὸν
451 2187 726 2269 ὁμολογῶν
753 2206 1061 2273 προσκυνῶ,
1094 2209 1254 2271 αὐτὸς
1279 2210 1333 2262 δὲ
1367 2213 1555 2266 τοῦτον
1585 2216 1763 2287 ἀπηρ-

190 2292 359 2360 νήσω,
395 2291 615 2361 δαίμοσι
648 2296 741 2346 καὶ
763 2294 841 2363 τῷ
873 2297 1107 2369 διαΰόλῳ
1142 2303 1593 2374 προσκολληθεὶς,
1624 2308 1677 2359 οἵ
1700 2326 1760 2360 σε

190 2380 288 2432 καὶ
321 2381 379 2432 οὐ
410 2381 632 2434 θέλοντα
665 2385 740 2451 τῴ
772 2388 977 2458 αἰωνίῳ
1010 2390 1142 2457 πυρὶ
1173 2396 1623 2464 παραπέμψουσι.
1654 2402 1761 2453 Καὶ

186 2477 216 2528 ὁ
238 2476 592 2546 παραϐάτηςε
618 2472 731 2530 Οίδ’
756 2480 837 2531 ὅτι
883 2484 1143 2552 θανατᾷς,
1190 2487 1343 2557 φησὶ,
1391 2494 1486 2544 καὶ
1514 2492 1648 2559 πρὸς
1673 2495 1763 2563 ὀρ-

185 2568 292 2635 γὴν
336 2569 557 2637 κινῆσαί
590 2587 654 2637 με
683 2571 952 2636 σπεύδεις,
985 2575 1068 2627 ἵνα
1099 2576 1291 2631 θᾶττον
1326 2580 1648 2644 ἐξαναλῶσαι
1678 2604 1759 2641 σε.

199 2659 341 2710 Ἀλλ’
377 2661 471 2729 οὐχ
506 2662 579 2724 ώς
602 2664 766 2726 αὐτὸς
795 2666 1029 2735 ἤλπισας
1058 2669 1227 2733 οὕτως
1262 2672 1413 2725 ἔσται
1445 2691 1545 2729 σοι.

259 2751 343 2801 K'.
378 2752 523 2818 Πλὴν
568 2754 705 2806 ἀλλὰ
752 2756 909 2810 τοῦτο
957 2762 1173 2829 πρῶτον
1224 2764 1543 2836 ἀπόκριναι,
1604 2769 1659 2822 τί
1704 2771 1763 2824 τὸ

180 2841 342 2905 δόξαν
380 2843 530 2911 ὑμῖν,
564 2839 607 2897 ὦ
638 2848 954 2917 κατάρατοι,
983 2853 1065 2905 δτι
1092 2855 1166 2922 μὴ
1197 2856 1253 2907 δὲ
1282 2861 1412 2924 μιᾶς
1441 2878 1587 2925 τινος
1609 2864 1760 2929 ἐξου-

184 2934 278 2985 σία
311 2934 439 3003 ὑμῖν
470 2938 875 3009 ἐντειλαμένης,
902 2944 1063 2995 παντὶ
1093 2945 1186 2997 καὶ
1212 2952 1485 3019 πανταχοῦ
1540 2930 1752 3025 διατρέ-

181 3044 392 3094 χοντες,
427 3028 523 3091 τὰς
554 3029 661 3083 τῶν
696 3034 950 3100 μεγάλων
985 3035 1122 3090 θεῶν
1162 3042 1393 3105 σπονδάς
1427 3060 1485 3096 τε
1537 3048 1630 3099 καὶ
1660 3047 1756 3099 θυι-

184 3119 310 3181 σίας
347 3121 677 3190 ἀνατρέπειν
710 3127 1062 3195 σπουδάζετε,
1107 3131 1453 3199 διδάσκοντες
1488 3141 1617 3202 τοὺς
1664 3142 1759 3194 ἀν-

181 3212 459 3280 θρώπους,
498 3215 721 3277 τούτους
759 3216 832 3284 μὴ
889 3215 1026 3272 εἶναι
1073 3222 1255 3287 θεοὺς,
1297 3228 1370 3297 μὴ
1410 3230 1467 3281 δὲ
1505 3234 1759 3304 σωτῆρας

179 3309 281 3376 τῆς
322 3308 671 3379 οἰκουμένης,
734 3312 827 3363 καὶ
864 3312 959 3365 τοῦ
1009 3315 1354 3385 ἀνθρωπείου
1400 3322 1590 3388 γένους
1626 3342 1757 3395 προ.

177 3400 379 3465 νοητάς
428 3418 486 3453 τε
526 3403 618 3454 καὶ
668 3404 995 3474 κηδεμόνας,
1049 3408 1210 3481 οὓςή
1269 3412 1364 3465 ἀπ’
1406 3414 1601 3478 αἰῶνος
1663 3419 1757 3469 καὶ

175 3492 392 3543 ἄνευθεν
448 3497 937 3566 πατροπαράδοτος
998 3500 1105 3554 τών
1153 3504 1458 3574 ἀνθρώπων
1499 3511 1755 3580 συνήθεια

176 3585 365 3637 σέϐειν
395 3603 452 3637 τε
488 3589 579 3638 καὶ
633 3593 955 3656 προσκυνεῖν
997 3594 1365 3660 παραδέδωκε,
1409 3599 1501 3653 τὸν
1529 3601 1582 3654 δὲ
1623 3603 1755 3670 Χρι-

175 3678 309 3727 στὸν
356 3676 483 3744 χθὲς
536 3676 627 3727 τοῦ
662 3673 801 3731 εἶναι
843 3680 1150 3752 ἀρξάμενον
1186 3687 1278 3739 καὶ
1335 3689 1394 3742 οὐ
1448 3694 1754 3761 προπολλοῦ

172 3773 279 3839 τῆς
314 3770 587 3839 ἡμετέρας
618 3775 829 3837 γενεᾶς,
874 3777 1006 3828 Θεὸν
1040 3780 1366 3848 προαιώνιον
1398 3788 1491 3837 καὶ
1527 3787 1755 3855 βασιλέα

172 3862 287 3914 τῶν
337 3861 472 3914 ὅλων
528 3866 953 3935 ἀνακηρύττετε.
992 3870 1149 3924 Καὶό
1172 3874 1457 3942 Μακάριος
1480 3895 1492 3906 ·
1521 3880 1634 3931 Οὐκ
1666 3882 1755 3951 ἢρ-

175 3956 382 4023 κέσθης
401 3960 517 4017 ταῖς
543 3955 794 4026 Εῦγενίου
828 3964 1015 4029 σοφαῖς
1040 3965 1395 4029 ἀποδείξεσιν,
1413 3971 1749 4041 ἀνομώτατε;

175 4047 322 4111 πλὴν
358 4049 517 4111 κάγώ
563 4067 643 4101 σοι
702 4053 1023 4118 ὁμοτρόπως
1084 4056 1235 4128 αὐτῷ
1285 4060 1383 4123 τὰς
1432 4063 1752 4133 ἀποκρίσεις

172 4141 497 4208 ποιήσομαι,
521 4141 602 4192 ὅτι
632 4140 866 4210 Χριστὸς
897 4144 954 4194 δν
980 4145 1066 4197 διὰ
1086 4150 1322 4213 γέλωτος
1348 4152 1412 4203 σὺ
1440 4155 1530 4205 καὶ
1559 4155 1753 4227 χλεύης

170 4232 331 4297 ποιῇ,
359 4231 517 4291 αὐτὸς
546 4233 657 4292 τοῖς
683 4231 835 4294 ἰδίοις
852 4234 1039 4303 εἴρηκε
1070 4238 1359 4309 μαθηταῖς,
1384 4244 1751 4315 Πορευθέντες

172 4321 257 4381 εἰς
323 4320 414 4371 τὸν
484 4321 684 4389 κόσμον
726 4322 960 4388 ἅπαντα,
1025 4328 1404 4400 μαθητεύσατε
1456 4336 1632 4391 πάντα
1682 4340 1750 4391 τὰ

167 4410 330 4477 ἔθνη,
369 4409 725 4479 βαπτίζοντες
758 4415 957 4479 αὐτοὺς
986 4420 1065 4480 είς
1099 4421 1157 4472 τὸ
1188 4422 1361 4493 ὄνομα.
1388 4426 1482 4478 τοῦ
1510 4428 1744 4498 Πατρὺς,

170 4505 275 4555 καὶ
309 4504 401 4555 τοῦ
434 4504 587 4571 Υίοῦ,
622 4508 718 4559 καὶ
747 4508 838 4561 τοῦ
854 4510 1007 4577 ἁγίου
1037 4511 1375 4581 Πνεύματος,
1408 4516 1748 4584 διδάσκοντες

168 4595 376 4657 αὐτοὺς
402 4598 590 4664 τηρεῖν
633 4599 809 4649 πάντα
844 4599 944 4652 ὅσα
998 4602 1354 4675 ἐνετειλάμην
1390 4606 1542 4675 ὑμῖν,
1575 4610 1624 4663 οἶ
1659 4614 1754 4665 καὶ

170 4687 558 4754 πορευθέντες,
609 4688 784 4745 ταῦτα
836 4692 1103 4760 ἐδίδαξαν,
1137 4698 1367 4767 φεύγειν
1418 4719 1474 4754 τε
1508 4704 1616 4755 ἀπὸ
1645 4705 1754 4758 τῶν

169 4779 428 4846 ματαίων
461 4779 717 4844 εἰδώλων,
751 4782 844 4835 καὶ
878 4784 1227 4855 ἐπιστρέφειν
1255 4792 1346 4842 ἐπὶ
1391 4791 1525 4845 Θεὸν
1551 4793 1749 4857 ζῶντα,

164 4871 226 4932 ὃς
257 4869 445 4923 ἔκτισε
485 4874 576 4927 τὸν
608 4877 836 4943 οὐρανὸν
872 4879 971 4931 καὶ
1022 4881 1120 4949 τὴν
1149 4880 1276 4949 γῆν,
1308 4885 1357 4934 οἱ
1400 4884 1456 4935 δὲ
1511 4870 1621 4938 θεοί
1656 4904 1750 4939 σου

162 4961 268 5023 οὓς
300 4962 461 5025 αὐτὸς
492 4970 841 5033 προσκυνεῖς,
869 4970 1141 5039 δαιμόνων
1172 4975 1278 5025 είσὶ
1316 4975 1614 5045 πλάσματα
1658 4979 1751 5032 καὶ

168 5053 369 5124 μύθων
416 5060 718 5129 εὐρέματα,
756 5064 849 5117 καὶ
883 5064 1193 5136 διαϐολικῆς
1243 5070 1523 5140 ἐνεργείας
1556 5090 1749 5142 κυοφοο

165 5154 426 5222 ρήματα.
464 5156 626 5222 Λέγει
656 5154 767 5224 γὰρ
819 5160 947 5225 περὶ
983 5158 1161 5211 αὐτῶν
1190 5161 1221 5229 ἡ
1256 5162 1499 5233 ἡμετέρα
1534 5165 1746 5238 Γραφὴ,

160 5246 303 5296 Θεοὶ
330 5247 379 5298 οἳ
413 5245 503 5298 τὸν
540 5248 767 5316 οὐρανὸν
801 5251 895 5301 καὶ
925 5250 1025 5320 τὴν
1059 5254 1161 5321 γῆν
1195 5252 1292 5305 οὐκ
1327 5256 1587 5323 ἐποίησαν
1614 5260 1752 5313 ἀπο-

162 5336 478 5389 λέσθωσαν.
515 5337 589 5391 Οὐ
628 5339 787 5407 μόνον
817 5340 893 5401 δὲ,
929 5341 1063 5395 ἀλλά
1090 5343 1182 5396 καὶ
1214 5345 1374 5415 νόμος
1404 5349 1600 5412 αὐτοὺς
1628 5350 1745 5404 ἓτεο

166 5444 271 5495 ρος
309 5425 609 5495 βασιλικὸς,
638 5432 665 5482 ὀ
697 5433 845 5503 παρὰ
898 5434 1309 5490 Κωνσταντίνου
1337 5438 1431 5491 τοῦ
1469 5439 1563 5493 σοῦ
1608 5459 1742 5511 συγ-

243 5569 267 5599 '
298 5564 486 5620 Matth.
520 5583 709 5633 xxvm,
744 5569 829 5635 l9,
862 5570 951 5626 9.0.
1062 5572 1081 5603 ⁸
1104 5572 1220 5630 Jcr.
1255 5594 1308 5642 ι,
1346 5578 1431 5633 il.

1864 566 2002 635 plius
2036 569 2206 623 feram
2235 570 2437 627 Graecis
2463 573 2766 644 disciplinis
2799 577 3007 633 institui
3058 580 3293 634 maxime
3325 581 3429 634 im-

1863 661 2011 728 pium
2042 677 2211 730 genus
2245 663 2703 720 Christianorum.
2757 666 2893 723 Ecce
2941 668 3085 723 enim
3121 685 3287 725 sacra
3333 670 3431 725 do-

1861 755 2051 811 ctrinae
2074 757 2251 826 aliqua
2291 773 2353 811 ex
2386 771 2539 829 parte
2569 760 2797 816 elIectus
2832 764 3105 832 particeps
3131 764 3221 819 hic
3252 765 3422 827 canis,

1864 848 1988 901 licet
2014 862 2119 901 non
2152 858 2314 914 recte,
2345 851 2542 906 multas
2564 861 2739 907 tamen
2771 864 2821 909 et
2852 855 3173 922 injucundas
3197 856 3428 924 ineptias

1865 938 2057 992 ell‘udit
2099 942 2242 994 circa
2292 939 2594 996 historiam.
2648 944 2773 999 Htec
2810 963 2932 1002 cum
2983 947 3233 1009 dixisset,
3275 947 3428 1015 jubet

1865 1040 2153 1101 martyrem
2187 1033 2322 1086 tradi
2360 1034 2662 1098 lictoribus,
2693 1045 2745 1091 et
2778 1037 2955 1108 ﬂagris
2981 1040 3111 1093 επιεύί
3154 1040 3219 1092 ad
3262 1038 3427 1107 quin-

1865 1130 2047 1188 gentas
2073 1138 2239 1191 usque
2265 1123 2463 1194 plagas.
2494 1126 2568 1180 Illi
2594 1137 2770 1180 autem
2801 1142 2921 1181 cum
2948 1138 3227 1197 acceptum
3247 1124 3428 1195 ﬂagris

1865 1211 2138 1263 caedebant
2166 1213 2485 1270 inhumane.
2522 1216 2585 1271 Et
2620 1233 2794 1286 praeco
2819 1218 3081 1272 clamabat
3108 1238 3120 1272 :
3154 1218 3263 1271 Fac
3286 1218 3429 1286 quod

1868 1302 1978 1355 vult
2030 1304 2321 1372 imperator
2349 1326 2361 1359 :
2392 1309 2582 1363 desine
2613 1311 2775 1364 stulta
2826 1312 2993 1378 loqui,
3031 1320 3085 1365 et
3117 1310 3433 1364 liberalioris

1866 1397 1934 1451 ab
1967 1399 2050 1459 iis,
2083 1401 2172 1467 qui
2215 1410 2265 1453 te
2314 1402 2564 1469 puniunt.
2595 1401 2792 1471 Martyr
2819 1412 2998 1455 autem
3051 1401 3263 1456 fortiter
3296 1402 3431 1455 tole-

1865 1489 2037 1553 rabat,
2068 1490 2196 1544 dum
2247 1489 2647 1556 verberaretur,
2697 1503 2905 1560 tacens,
2948 1504 3003 1548 et
3045 1493 3181 1546 nihil
3210 1494 3433 1547 omnino

1864 1580 2110 1648 loquens.
2147 1583 2203 1636 In
2238 1584 2454 1638 beatum
2492 1601 2618 1639 vero
2645 1584 2938 1640 Macarinm
2976 1584 3162 1639 oculos
3191 1584 3431 1652 deﬁgens

1865 1671 2183 1740 imperator,
2212 1674 2261 1727 ei
2292 1674 2460 1727 dicit:
2491 1676 2570 1729 Tu
2602 1686 2779 1730 autem
2817 1678 2944 1746 quid
2986 1677 3119 1731 dicis
3141 1677 3206 1731 de
3232 1676 3429 1748 teipSO.

1790 1803 1837 1861 Β
1867 1760 2047 1815 infelix
2082 1762 2442 1819 homuncule?
2470 1764 2667 1819 Beatus
2702 1776 2884 1819 autem
2917 1766 3052 1821 dixit
3078 1776 3319 1836 martyr:
3348 1765 3430 1819 Tu

1864 1869 1923 1910 es
1953 1870 2135 1908 revera
2162 1854 2369 1924 infelix,
2396 1867 2447 1911 et
2476 1858 2718 1910 omnium
2747 1858 3027 1912 hominum
3054 1857 3390 1912 miserrimus
3417 1875 3430 1910 :

1862 1960 1962 2014 ego
1993 1955 2174 2001 autem
2218 1962 2345 2001 vere
2384 1948 2597 2011 beatus,
2631 1949 2838 2003 habens
2886 1951 3301 2019 appellationem
3351 1949 3431 2004 rei

1861 2039 2296 2103 convenientem,
2324 2039 2579 2108 quoniam
2611 2038 2887 2095 Christum
2914 2042 3180 2096 conﬁtens
3225 2041 3431 2095 adoro:

1861 2127 1976 2198 ipse
2003 2139 2183 2184 autem
2226 2144 2350 2184 eum
2392 2131 2623 2201 negasti,
2657 2131 2998 2185 daemonibus
3041 2131 3325 2185 adhaerens
3381 2138 3435 2183 et

1861 2220 2098 2283 diabolo,
2148 2224 2239 2289 qui
2273 2232 2324 2276 te
2355 2223 2439 2276 vel
2488 2222 2719 2277 invitum
2762 2225 3128 2277 transmittent
3158 2222 3222 2277 ad
3257 2223 3434 2293 ignem

1862 2325 2146 2368 aeternum.
2178 2312 2575 2383 Transgressor
2625 2326 2806 2369 autem
2834 2313 3078 2370 Julianus
3107 2332 3119 2367 :
3168 2314 3320 2381 Scio,
3349 2313 3433 2368 in—

1862 2407 1997 2475 quit.
2035 2416 2084 2460 te
2107 2416 2335 2460 mortem
2358 2421 2577 2475 cupere,
2607 2415 2660 2460 et
2691 2407 2907 2461 studere
2936 2421 3021 2460 me
3052 2406 3118 2460 ad
3151 2406 3283 2459 iram
3317 2419 3431 2459 mo-

1860 2514 2013 2561 vere,
2063 2510 2122 2551 ut
2170 2508 2221 2553 te
2265 2499 2373 2553 cito
2403 2513 2743 2554 consumam.
2803 2500 2997 2553 Verum
3040 2512 3145 2552 non
3188 2498 3257 2551 ita
3305 2498 3431 2561 erit,

1863 2602 1921 2645 ut
1954 2591 2202 2660 sperasti.

1930 2795 2049 2850 XX.
2091 2796 2195 2851 Sed
2246 2796 2349 2851 hoc
2378 2796 2512 2851 mihi
2559 2796 2792 2865 primum
2832 2793 3121 2863 responde,
3173 2790 3433 2860 quidnam

1860 2890 2013 2944 vobis
2043 2889 2215 2942 visum
2242 2889 2330 2953 sit,
2367 2905 2398 2944 o
2430 2887 2768 2952 exsecrandi,
2800 2886 2975 2955 quod,
3020 2883 3309 2939 cumnulla
3342 2898 3435 2935 vo-

1860 2980 1944 3033 bis
1989 2981 2219 3047 jusserit
2253 2989 2515 3050 potestas,
2550 2994 2741 3034 omnes
2773 2988 2956 3049 partes
2997 2977 3287 3037 obeuntes,
3318 2990 3433 3028 ma-

1861 3086 2090 3141 gnorum
2138 3074 2363 3127 deorum
2404 3072 2634 3126 studetis
2675 3079 2924 3125 evertere
2971 3069 3229 3123 libamina
3265 3077 3431 3135 atque

1787 3149 1828 3207 C
1862 3162 2122 3219 sacriﬁcia
2190 3163 2448 3219 docentes
2499 3163 2774 3227 homines,
2812 3177 2909 3215 eos
2957 3175 3066 3213 non
3110 3175 3230 3214 esse
3277 3160 3429 3219 deos,

1860 3270 2037 3324 neque
2070 3265 2377 3310 servatores
2410 3254 2557 3309 orbis
2594 3264 2776 3317 terrae,
2813 3266 2914 3306 nec
2965 3252 3190 3305 humani
3217 3250 3432 3319 generis

1859 3358 2045 3396 curam
2079 3361 2285 3411 gerere,
2314 3360 2451 3412 quos
2477 3345 2543 3398 ab
2570 3358 2686 3398 aevo
2717 3353 2772 3398 et
2800 3341 2981 3396 multis
3019 3351 3164 3395 retro
3190 3338 3429 3402 saeculis,

1859 3448 1887 3486 a
1940 3432 2181 3502 patribus
2236 3433 2360 3487 data
2409 3435 2695 3488 hominum
2751 3433 3116 3499 consuetudo,
3172 3431 3430 3486 colendos

1860 3524 2078 3578 tradidit
2120 3533 2174 3577 et
2221 3524 2560 3579 adorandos:
2591 3524 2869 3579 Christum
2918 3534 3124 3589 autem,
3170 3524 3263 3593 qui
3313 3523 3429 3577 heri

1857 3616 2024 3683 ρωνὶι
2055 3631 2200 3676 esse,
2250 3624 2304 3669 et
2349 3631 2459 3669 non
2502 3618 2729 3670 multum
2763 3627 2889 3671 ante
2922 3626 3160 3669 nostram
3189 3623 3429 3679 aetatem,

1859 3707 2025 3763 Deum
2055 3717 2179 3761 ante
2214 3708 2430 3771 saecula,
2473 3718 2527 3761 et
2566 3707 2766 3776 Regem
2803 3710 3184 3762 universorum
3227 3708 3426 3776 pra-di-

1856 3803 2009 3854 catis.
2044 3799 2310 3854 Macarius
2354 3810 2533 3854 autem
2562 3818 2575 3853 :
2610 3800 2725 3855 Non
2756 3799 2852 3855 tibi
2896 3800 3253 3859 suﬂ‘ecerunt,
3280 3814 3322 3867 ,ο
3349 3799 3431 3851 vir

1856 3891 2216 3960 iniquissime,
2269 3890 2543 3959 sapientes
2604 3891 2835 3961 Eugenii
2907 3890 3424 3952 demonstrationes,

1855 3986 1998 4054 quod
2039 3985 2222 4041 eadem
2255 3994 2310 4039 et
2347 3985 2415 4040 de
2452 3986 2640 4040 iisdem
2689 4000 2908 4055 semper
2941 3984 3279 4052 interrogas?
3308 3982 3426 4036 Ca:-

1857 4089 2029 4132 terum
2062 4094 2161 4148 ego
2187 4094 2404 4148 quoque
2432 4080 2525 4133 tibi
2558 4080 2747 4134 eodem
2800 4079 2983 4144 modo,
3020 4092 3129 4147 quo
3155 4077 3273 4145 ipse
3296 4074 3427 4129 red-

1852 4171 1973 4224 dam
2012 4184 2309 4237 responsa;
2344 4168 2500 4233 Quod
2532 4169 2803 4230 Christus,
2851 4183 3011 4236 quem
3048 4178 3099 4221 tu
3133 4166 3329 4221 irrides
3362 4180 3426 4220 ac

1852 4260 2162 4325 ludiﬁcaris,
2209 4262 2322 4329 ipse
2363 4260 2474 4314 suis
2507 4258 2644 4315 dixit
2671 4258 2947 4328 discipulis
2989 4276 3003 4313 :
3045 4276 3063 4308 ι
3104 4256 3310 4311 Euntes
3364 4259 3420 4311 in

1854 4348 2115 4400 mundum
2163 4347 2504 4407 universum,
2536 4346 2737 4400 docete
2775 4360 2967 4399 omnes
2992 4355 3200 4413 gentes,
3251 4344 3425 4414 bapti-

1853 4447 2040 4491 zantes
2070 4452 2165 4491 eos
2198 4439 2251 4491 in
2303 4437 2527 4491 nomine
2572 4436 2771 4499 Patris,
2799 4447 2855 4489 et
2885 4436 3027 4499 Filii,
3078 4445 3135 4491 et
3183 4436 3423 4505 Spiritus

1851 4531 2045 4594 sancti,
2106 4529 2366 4583 docentes
2420 4542 2516 4582 eos
2576 4542 2795 4582 servare
2846 4528 3029 4581 omnia
3083 4543 3421 4597 quaecunque

1852 4620 2106 4675 mandavi
2154 4622 2309 4675 vobis
2334 4623 2375 4674 ³.
2412 4639 2429 4670 ι
2465 4618 2569 4686 Qui
2600 4621 2760 4674 etiam
2810 4618 3037 4690 profecti
3073 4619 3184 4673 htec
3218 4620 3422 4674 docue-

1852 4724 1999 4778 runt,
2028 4712 2215 4782 fugere
2253 4728 2388 4766 vana
2420 4714 2731 4775 simulacra,
2763 4722 2818 4766 et
2847 4712 3096 4765 converti
3129 4711 3195 4764 ad
3248 4711 3419 4766 Deum

1850 4806 2055 4863 vivum,
2103 4804 2195 4869 qui
2232 4802 2439 4857 creavit
2492 4803 2691 4857 coelum
2750 4812 2804 4857 et
2866 4813 3088 4857 terram.
3121 4801 3202 4856 Dii
3238 4812 3419 4857 autem

1851 4896 1954 4959 tui,
1985 4910 2121 4963 quos
2152 4896 2269 4965 ipse
2298 4897 2517 4960 adoras,
2553 4906 2683 4950 sunt
2717 4895 2973 4963 ﬁgmenta
3004 4895 3338 4957 daemonum,
3367 4906 3425 4949 et

1850 4989 2072 5043 inventa
2118 4988 2426 5042 fabularum
2455 4988 2847 5055 diaboliczeque
2874 4985 3017 5040 fetus
3058 4986 3419 5055 operationis.

1848 5080 1925 5134 De
1955 5081 2020 5134 iis
2052 5082 2199 5135 enim
2235 5081 2368 5135 dicit
2394 5093 2582 5135 nostra
2619 5081 2900 5150 Scriptura
2932 5096 2944 5131 :
2990 5097 3009 5130 ι
3048 5076 3151 5144 Dii,
3184 5080 3277 5147 qui
3310 5094 3422 5134 c03—

1846 5172 1955 5225 lum
1998 5182 2053 5225 et
2097 5183 2291 5225 terram
2331 5185 2441 5225 non
2475 5172 2743 5234 fecerunt,
2774 5169 3000 5240 pereant
3041 5171 3080 5223 ³.
3119 5189 3137 5221 ι
3175 5168 3287 5224 Nec
3317 5171 3424 5226 hoc

1848 5264 2045 5326 solum,
2078 5264 2172 5317 sed
2198 5263 2303 5317 alia
2333 5279 2550 5333 quoque
2586 5265 2670 5317 lex
2706 5263 3063 5329 imperatoria
3090 5278 3119 5315 a
3144 5262 3418 5315 Constan-

1856 5355 1970 5407 tino
2006 5362 2097 5406 tuo
2124 5362 2352 5422 cognato
2377 5353 2505 5418 lata,
2532 5369 2626 5408 eos
2659 5353 2880 5422 expellit
2901 5353 2969 5407 ab
3001 5352 3340 5415 adoratione,
3364 5360 3420 5407 et

1856 5445 2106 5500 dissolvit
2138 5460 2325 5501 eorum
2353 5447 2531 5501 cultus
2553 5446 2573 5478 ⁸
2597 5463 2612 5499 :
2644 5446 2735 5516 qui
2764 5461 2886 5501 eum
2913 5444 2968 5498 in
2998 5441 3277 5499 Christum
3303 5458 3422 5500 cre-

246 5685 325 5748 ίΙ)
363 5684 532 5751 Hujus
558 5686 729 5769 legis;
760 5688 840 5741 vel
869 5692 1047 5769 potius
1096 5693 1282 5749 harum
1328 5696 1505 5767 legum
1542 5699 1786 5753 meminit
1817 5700 2015 5755 Euseb.
2064 5700 2155 5757 lib.
2214 5717 2250 5756 ll
2288 5700 2417 5754 Vitae
2456 5696 2795 5756 Constantini
2843 5714 2963 5769 cap.
3000 5697 3085 5764 43,
3127 5697 3196 5753 44
3244 5695 3334 5764 ιδ,
3365 5704 3419 5752 et

160 5752 269 5807 lib.
308 5770 375 5816 ιν,
406 5771 521 5823 cap.
558 5752 659 5823 23';
694 5752 886 5811 Baron:
921 5761 1009 5813 32.
