4198 6312
170 401 311 464 1189

1314 386 1778 447 MARTYRIUM
1817 386 1875 447 S.
1924 385 2271 444 ARTEMII.

3269 380 3408 448 1190

163 503 574 561 Κωνσταντῖνος
599 496 658 561 ἐξ
700 494 915 561 Ἑλένης
943 490 1150 561 φαύλης
1179 490 1321 551 τινος
1347 491 1609 556 γυναικὸς
1646 492 1738 544 καὶ
1768 501 1811 554 Α

1768 501 1811 554 Α
1843 492 2020 544 adhuc
2051 501 2231 560 ageret
2262 490 2549 559 privatam.
2599 487 2993 545 Constantinus
3020 506 3100 557 se,
3137 492 3281 548 sicut
3307 510 3405 564 pa-

160 600 405 668 ἀσήμου,
446 587 745 646 καὶταῦτα
795 586 962 657 μήπω
1007 582 1251 650 γεγονότι
1287 583 1548 653 Καίσαρι,
1600 584 1736 638 ἀλλὰ

172 689 270 742 καὶ
319 683 470 753 αὑτῷ
505 682 583 734 ἔτι
621 680 714 731 τὸν
768 675 986 745 ἰδιώτην
1019 675 1230 726 ἕλκοντι
1268 673 1403 743 βίον.
1471 674 1528 727 '0
1562 677 1740 728 τοίνυν

163 777 547 837 Κωσταντῖνος
583 771 880 840 θρασύτητι
913 767 1135 835 γνώμης
1190 765 1288 835 τὴν
1330 765 1608 835 βασιλείαν
1646 770 1744 835 ἀρ-

169 875 373 934 πάσας,
425 867 518 920 τόν
569 882 628 917 τε
681 862 891 929 πατέρα
931 858 1018 909 τὸν
1075 856 1224 926 ἐμὸν,
1280 859 1374 909 καὶ
1418 859 1542 919 τοὺς
1576 859 1740 911 αὑτοῦ

165 961 432 1029 ἀδελφοὺς
487 958 689 1018 ἀδίκως
747 951 1060 1013 ἀπέκτεινε,
1094 951 1188 1003 καὶ
1224 950 1251 1002 ό
1303 948 1494 1002 τούτου
1530 950 1585 1002 δὲ
1625 951 1740 1012 υίὸς

166 1049 564 1110 Κωνστόιντιος,
612 1043 680 1096 τά
706 1043 865 1110 ὅμοια
899 1038 978 1106 τῷ
1025 1040 1374 1108 γεγεννηκότι
1411 1039 1602 1103 ποιῶν,
1649 1041 1737 1092 τὸν

169 1141 303 1209 ἐμὸν
338 1138 562 1204 ἀδελφὸν
595 1134 800 1188 Γάλλον
850 1131 1179 1202 πεφόνευκε,
1209 1133 1301 1184 καὶ
1330 1131 1501 1185 ταῦτα
1538 1132 1738 1200 ὅρκους

166 1231 319 1299 αὐτῷ
352 1227 639 1297 φρικώδεις
687 1227 765 1287 είς
838 1223 1138 1292 ἀσφάλειαν
1191 1224 1624 1293 παρασχόμενος,
1675 1221 1736 1274 οὐ

169 1321 278 1387 μὴν
309 1320 388 1380 δὲ,
432 1318 566 1368 ἀλλά
595 1317 690 1367 καὶ
734 1317 878 1385 ἡμᾶς
907 1316 1122 1378 αὐτοὺς,
1155 1315 1204 1366 εί
1241 1313 1316 1384 μὴ
1347 1312 1484 1364 θεῶν
1513 1313 1738 1384 προνοίᾳ.

168 1408 604 1478 περιεσώθημεν,
663 1406 802 1459 οὕτω
864 1404 1110 1474 διέθηκεν
1163 1404 1250 1458 ἄν.
1294 1403 1434 1455 Ἀλλ’
1487 1403 1640 1457 αὐτοί
1673 1420 1732 1454 τε

165 1501 526 1564 διεκώλυσαν,
561 1501 655 1553 καὶ
683 1500 814 1568 ἡμῖν
837 1497 1062 1566 αὑτοψεὶ
1090 1494 1188 1566 τὴν
1220 1499 1492 1565 σωτηρίαν
1523 1515 1731 1566 προμε-

1841 593 1939 647 ter,
1976 596 2194 652 gerens,
2243 581 2467 633 fratrem
2519 597 2698 633 meum
2726 580 2935 634 Gallum
2969 585 3208 637 occidit:
3246 585 3408 652 idque

1837 687 1958 727 cum
1987 670 2230 725 horribili
2261 670 2618 739 jurejurando
2651 671 2697 723 ei
2737 671 2990 726 cavisset.
3027 672 3195 726 Porro
3223 682 3407 727 autem

1841 779 1938 818 nos
1986 777 2204 833 quoque
2238 762 2385 832 ipsos
2420 763 2492 816 ita
2543 762 2834 827 affecisset,
2869 763 2973 816 nisi
3023 764 3225 817 servari
3262 781 3414 817 esse-

1840 869 1960 908 mus
1989 853 2215 906 deorum
2252 851 2619 920 providentia.
2681 850 2785 904 Sed
2835 851 2935 920 ipsi
2985 850 3406 918 prohibuerunt,

1840 947 1999 1000 nobis
2026 955 2154 999 ante
2177 944 2368 999 oculos
2393 944 2745 998 ostendentes
2764 944 3017 1007 salutem,
3047 958 3167 1011 qua:
3189 942 3255 994 ab
3279 941 3409 1010 ipsis

1836 1035 2221 1106 proficiscitur.
2254 1034 2463 1099 Quibus
2497 1048 2596 1104 ego
2623 1033 2819 1098 fretus,
2849 1034 3099 1102 abjurato
3133 1033 3404 1085 Christia-

1837 1132 2036 1193 nismo,
2068 1128 2338 1182 declinavi
2382 1127 2448 1180 ad
2483 1125 2796 1181 Grzncorum
2831 1126 3149 1195 religionem
3179 1143 3190 1176 :
3228 1136 3285 1177 ut
3316 1123 3406 1192 qui

1836 1222 1975 1276 bene
2006 1221 2197 1283 sciam,
2246 1219 2392 1288 quod
2441 1218 2753 1273 Grmcorum
2803 1226 2856 1271 et
2901 1214 3268 1270 Romanorum
3300 1215 3406 1266 vita

1837 1312 2238 1380 antiquissima,
2271 1310 2430 1364 bonis
2455 1320 2614 1364 utens
2645 1310 2891 1366 moribus
2935 1318 2989 1363 et
3020 1309 3246 1379 legibus,
3277 1308 3409 1361 deos

1841 1406 2096 1473 appellat,
2123 1405 2212 1474 qui
2259 1418 2325 1457 ex
2353 1416 2535 1454 rerum
2579 1401 2816 1469 ipsarum
2851 1402 3078 1454 veritate
3111 1399 3212 1453 sibi
3248 1398 3408 1452 fidem

1841 1497 2065 1552 faciunt.

169 1594 498 1662 μηνύκασιν.
543 1593 656 1661 Ἐφ’
696 1589 778 1655 οἷς
843 1593 951 1658 ἐγὼ
1011 1591 1106 1644 καὶ
1154 1590 1510 1660 τεθαρρηκὼς
1550 1590 1639 1641 τὸν
1680 1590 2104 1660 Χριστιανισμὸν
2151 1593 2572 1662 ἐξομοσάμενος,
2625 1590 2757 1659 πρὸς
2808 1589 2868 1640 τὸ
2943 1585 3254 1654 Ἑλληνικὸν
3302 1585 3408 1636 ἀπ-

181 1688 370 1740 έκλινα
402 1688 584 1750 σέϐας,
629 1682 688 1740 εὖ
728 1686 902 1748 είδὼς,
939 1685 1014 1745 ὡς
1047 1685 1074 1735 ὁ
1121 1682 1228 1734 τῶν
1289 1680 1556 1750 Ἐλλήνων
1600 1680 1694 1733 καλ⁴
1762 1681 2046 1752 Ῥωμαίων
2097 1685 2451 1754 ἀρχαιότατος
2494 1683 2626 1752 βίος,
2677 1681 2859 1741 καλοῖς
2897 1678 3041 1731 ἔθεσι
3079 1679 3172 1729 καὶ
3229 1677 3410 1743 νόμοις

164 1779 540 1847 χρησάμενος,
583 1778 737 1838 θεοὺς
800 1772 1220 1843 προσαγορεύει,
1273 1772 1398 1835 τοὺς
1445 1773 1504 1826 τὸ
1538 1773 1731 1826 πιστὸν
1760 1776 1865 1827 ἀπὸ
1903 1777 2002 1844 τῆς
2042 1778 2147 1829 τῶν
2189 1777 2530 1847 πραγμάτων
2560 1772 2782 1841 ἔχοντας
2816 1771 3094 1839 ἀληθείας.

241 1903 388 1966 KCT'.
439 1899 536 1958 Τίς
603 1899 710 1968 γὰρ
769 1895 866 1967 τὴν
932 1893 1157 1968 γνώμην
1218 1894 1540 1964 ἀμφίὸολος,
1600 1896 1827 1966 ἧλιονΒ

1781 1901 1827 1958 Β
1925 1899 2113 1956 XXVl.
2156 1900 2287 1966 Quis
2310 1900 2453 1953 enim
2483 1898 2648 1952 animi
2679 1897 2844 1952 fuerit
2887 1896 3104 1958 dubius,
3139 1895 3233 1963 qui
3265 1895 3411 1950 vide-

168 1995 385 2064 βλέπων
440 1990 653 2061 οὐρανῷ
686 1989 1062 2053 διιππεύοντα,
1122 1988 1319 2058 ὲπίσης
1382 1988 1439 2040 δὲ
1489 1989 1583 2042 καὶ
1654 2006 1740 2041 σε-

165 2087 338 2155 λήνην
381 2085 466 2151 ἐφ’
514 2082 760 2152 ἅρματος
796 2081 1219 2152 χρυσαντύγου;
1264 2081 1320 2134 '0
1368 2080 1466 2148 μὲν
1498 2081 1605 2151 γὰρ
1640 2083 1738 2151 τὴν

166 2177 388 2246 ἡμέραν
425 2176 653 2246 φαεινὴν
681 2176 1075 2244 ἀπεργάζεται,
1106 2176 1197 2227 καὶ
1244 2174 1371 2237 τοὺς
1411 2174 1739 2243 ἀνθρώπους

169 2273 254 2333 είς
286 2269 422 2338 ἔργα
454 2270 785 2339 διανιστᾷ,ὴ
843 2268 898 2320 δὲ
957 2267 1054 2335 τὴν
1112 2265 1284 2318 νύκτα
1341 2265 1736 2335 λαμπαδουχεί,

165 2361 511 2432 ἀγρυπνοῦσί
550 2378 606 2412 τε
667 2362 758 2412 καὶ
796 2357 1114 2427 ὁδοιποροῦσι
1151 2355 1286 2410 πολύ
1341 2373 1394 2409 τι
1453 2357 1582 2426 παρ’
1614 2359 1742 2408 ἑαυ-

164 2457 283 2517 τοῖς
337 2456 603 2523 παρέσχει
658 2452 717 2503 τὸ
771 2452 1067 2520 χρήσιμον.
1111 2448 1293 2501 Ταῦτα
1350 2447 1610 2518 ’Έλληνες
1649 2451 1741 2500 καὶ

184 2544 449 2611 Ῥωμαῖοι
481 2542 754 2605 θειάζουσί
781 2557 837 2592 τε
870 2541 960 2592 καὶ
994 2541 1239 2603 σέϐουσι,
1267 2539 1361 2593 καὶ
1395 2540 1545 2609 αύτῷ
1571 2541 1741 2609 ἀνήρ-

165 2653 344 2705 τησαν
358 2636 454 2697 τὰς
483 2634 727 2699 ἐλπίδας,
745 2632 837 2685 τδν
865 2631 961 2701 μὲν
988 2631 1198 2696 Ἥλιον,
1236 2630 1545 2684 Ἀπόλλωνα
1568 2646 1741 2699 προσ-

167 2728 594 2795 αγορεύσαντες,
627 2724 724 2795 τὴν
768 2724 1005 2795 Σελήνην
1037 2724 1093 2777 δὲ
1141 2725 1429 2794 Ἀρτεμιν,
1493 2723 1584 2775 καὶ
1619 2723 1742 2781 τοὺς

171 2819 472 2890 μεγίστους
502 2815 610 2867 τῶν
665 2816 934 2883 ἀστέρων,
965 2814 1056 2876 οὓς
1096 2818 1190 2866 καὶ
1224 2816 1500 2885 πλάνητας
1533 2815 1742 2866 ἀποκα·

167 2909 323 2963 λοῦσι
364 2908 490 2970 τοὺς
521 2905 618 2968 τὰς
669 2905 808 2956 ἑπτὰ
853 2902 1028 2967 ζώνας
1065 2904 1162 2964 τὰς
1198 2904 1481 2972 οὐρανίους
1514 2903 1743 2970 ἐπέχον-

167 3017 293 3065 τας,
326 3001 384 3052 ὂν
417 2998 514 3067 μὲν
548 2995 776 3068 Κρόνον,
812 2994 871 3047 ὃν
902 2993 959 3044 δὲ
987 2992 1106 3058 Δία,
1134 2992 1192 3045 δν
1238 2993 1295 3044 δὲ
1339 2991 1567 3062 Ἑρμῆν,
1598 2993 1655 3044 ὃν
1688 2992 1743 3044 δὲ

172 3093 374 3161 Ἀρεα,
422 3090 480 3142 ὃν
511 3089 564 3143 δὲ
610 3087 925 3158 Ἀφροδίτην
968 3083 1416 3155 ἐπονομάζουσιν.
1452 3077 1612 3136 Οὗτοι
1639 3083 1744 3153 γάρ

168 3183 262 3234 τόν
288 3198 346 3233 τε
404 3183 610 3247 κόσμον
655 3181 871 3232 ἅπαντα
919 3176 1201 3239 διοικοῦσι,
1253 3178 1344 3230 καὶ
1387 3178 1507 3238 ταῖς
1567 3177 1744 3228 αὐτῶν

165 3274 466 3342 δυνάμεσιν
501 3273 533 3340 ἡ
567 3271 659 3324 ὑπ’
690 3269 917 3337 οὐρανὸν
944 3269 1130 3320 ἅπασα
1161 3268 1490 3334 διεξάγεται.
1525 3271 1744 3322 Τούτων

167 3368 356 3420 τοίνυν
410 3365 624 3425 είκόνας
681 3364 976 3432 στήσαντες
1022 3359 1274 3413 σέϐουσιν
1322 3360 1600 3431 ἄνθρωποι
1648 3361 1743 3412 καὶ

169 3457 431 3531 τιμῶσιν,
458 3457 573 3527 ἅμα
601 3455 694 3509 καὶ
721 3453 923 3524 μύθους
943 3453 1096 3517 τινὰς
1119 3453 1255 3523 πρὸς
1279 3451 1477 3524 ἡδονὴν
1500 3452 1745 3506 ἀναπλά-

173 3569 393 3616 σαντες,
427 3551 528 3620 οὐχ
573 3549 647 3612 ὼς
696 3547 850 3611 θεοὺς
897 3549 954 3601 δὲ
1003 3547 1202 3618 τιμῶσι
1253 3549 1346 3601 καὶ
1397 3549 1493 3611 τὰς
1530 3549 1745 3611 εἰκόνας

179 3644 388 3708 αὐτῶν,
457 3643 661 3706 ἄπαγε,
734 3639 894 3691 τοῦτο
950 3638 1060 3708 γὰρ
1117 3638 1178 3689 τὸ
1237 3638 1602 3709 ἁπλούστερον
1653 3638 1747 3691 καὶ

178 3734 504 3804 ἀγροικικδν
531 3733 637 3786 τῶν
665 3729 965 3802 ἀνθρώπων
1002 3729 1394 3800 ὑπολαμῦάνει,
1431 3732 1658 3802 ἐπείπερ
1697 3732 1746 3784 οί

175 3828 374 3896 σοφίας
405 3825 762 3896 ἐπιθυμηταὶ,
798 3825 890 3876 καὶ
933 3823 1002 3875 τὰ
1037 3822 1141 3875 τῶν
1192 3822 1329 3875 θεῶν
1357 3823 1598 3892 ἀκριϐῶς
1633 3824 1749 3889 ἑξε-

171 3921 457 3987 τὰζοντες,
511 3920 689 3972 οἴδασι
736 3917 841 3970 τίνι
877 3913 974 3984 τὴν
1030 3914 1197 3985 τιμὴν
1245 3916 1598 3983 ἀπονέμουσι,
1653 3915 1748 3968 καὶ

173 4013 317 4085 πρὸς
342 4012 464 4066 τίνα
494 4014 528 4083 η
557 4013 665 4066 τῶν
689 4007 847 4063 θείων
873 4005 1207 4078 ἀγαλμάτων
1235 4006 1606 4078 προσκύνησις
1632 4005 1746 4060 δια-

172 4108 376 4166 δαίνει.

249 4247 378 4299 κΖν,
399 4239 656 4311 Παραινῶ
684 4237 864 4290 τοίνυν
886 4237 951 4304 τῇ
983 4235 1048 4303 σῇ
1077 4231 1416 4300 γενναιότητι
1449 4231 1570 4301 μεθ’
1593 4233 1621 4294 ἡ
1633 4229 1750 4301 μῶν

171 4356 238 4392 τε
271 4335 434 4401 εἷναι,
457 4333 549 4388 καὶ
581 4329 723 4385 κατά
761 4328 821 4382 τὸ
858 4327 988 4397 ἡμῖν
1039 4325 1274 4396 ἀρέσκον
1331 4323 1498 4393 βιοῦν,
1535 4327 1635 4394 τήν
1690 4341 1749 4377 τε

175 4429 481 4501 θρησκείαν
541 4421 857 4492 Ελληνίζειν
884 4419 1058 4490 ὀρθῶς
1091 4418 1184 4470 καὶ
1212 4417 1319 4469 τῶν
1341 4416 1584 4487 ἀρχαίων
1612 4417 1750 4470 ὲθῶν

175 4522 277 4574 καὶ
312 4517 656 4588 πραγμάτων
689 4510 1033 4580 ἀντέχεσθαι.
1095 4508 1153 4559 '0
1182 4508 1291 4575 γὰρ
1344 4509 1750 4568 Κωνσταντῐνος

1843 1995 2105 2050 ritsolcm
2142 1995 2194 2046 in
2235 1992 2372 2047 cmlo
2417 1992 2777 2061 equitantem,
2826 1989 3079 2042 similiter
3124 1998 3304 2040 autem
3357 1997 3411 2040 et

1840 2089 2045 2150 lunam,
2072 2100 2191 2153 quae
2218 2085 2439 2137 vehitur
2462 2099 2624 2137 curru
2660 2083 2884 2136 aurato?
2915 2081 3046 2134 Nam
3075 2081 3164 2134 ille
3192 2081 3411 2150 quidem

1841 2180 1983 2234 diem
2019 2177 2181 2230 efﬁcit
2212 2175 2476 2237 lucidum,
2517 2184 2570 2227 et
2599 2173 2848 2227 homines
2875 2174 3072 2227 excitat
3102 2174 3168 2226 ad
3203 2189 3366 2241 opera
3395 2191 3407 2224 :

1845 2273 1960 2326 hare
1987 2281 2166 2325 autem
2217 2270 2362 2324 nocti
2401 2268 2623 2337 praefert
2656 2266 2825 2329 faces,
2871 2267 3328 2336 vigilantibusque
3361 2277 3412 2318 et

1843 2365 1946 2417 iter
1976 2360 2301 2415 facientibus
2348 2375 2411 2413 ex
2459 2375 2517 2412 se
2552 2374 2802 2428 magnam
2854 2359 3057 2426 prtebet
3101 2357 3409 2410 utilitatem.

1844 2456 1917 2507 Ea
1944 2454 2116 2510 Graeci
2147 2461 2201 2506 et
2228 2451 2454 2505 Romani
2487 2451 2541 2504 in
2581 2450 2713 2504 deos
2751 2450 3014 2511 referunt,
3049 2457 3102 2502 et
3130 2449 3331 2508 colunt,
3360 2460 3412 2501 et

1843 2561 1992 2615 spem
2031 2545 2088 2598 in
2124 2543 2255 2612 ipsis
2289 2542 2651 2602 collocarunt,
2679 2541 2847 2594 solem
2878 2541 3097 2609 quidem
3130 2537 3410 2609 appellan-

1849 2646 1928 2690 tes
1947 2636 2274 2704 Apollinem,
2306 2634 2489 2686 lunam
2523 2648 2648 2687 vero
2671 2632 2915 2687 Dianam.
2939 2632 3040 2686 Sed
3074 2641 3128 2685 et
3154 2645 3218 2684 ex
3243 2630 3413 2686 stellis

1845 2728 2124 2790 maximas,
2154 2727 2399 2796 planetas
2428 2725 2682 2780 videlicet
2717 2724 3033 2793 appellatas.
3067 2739 3164 2792 pro
3193 2723 3294 2775 diis
3321 2723 3415 2774 ha-

1843 2819 1994 2882 bent,
2038 2834 2156 2888 quas
2191 2818 2424 2887 reliquas
2448 2817 2686 2886 quinque
2711 2831 2877 2869 zonas
2913 2814 3160 2869 caelestes
3186 2822 3412 2867 tenent:

1845 2921 1898 2965 et
1915 2911 2071 2964 aliam
2092 2909 2308 2980 quidem
2339 2908 2655 2972 Saturnum,
2677 2909 2834 2962 aliam
2854 2906 3063 2971 Jovem,
3083 2907 3239 2960 aliam
3274 2905 3415 2959 Mer—

1845 3002 2079 3067 curium,
2106 3003 2264 3056 aliam
2299 3003 2547 3065 Martem,
2582 2997 2742 3055 aliam
2789 3011 2970 3053 autem
3011 2999 3276 3052 Venerem
3315 3013 3414 3050 no-

1847 3095 2075 3147 minant.
2099 3094 2187 3147 Ea:
2207 3097 2351 3146 enim
2379 3094 2640 3147 mundum
2670 3093 2982 3146 universum
3008 3091 3414 3154 administrant,

1847 3194 1902 3239 et
1929 3199 2115 3239 earum
2144 3184 2441 3238 virtutibus
2472 3185 2677 3255 regitur
2713 3185 2969 3238 universa
3001 3193 3161 3245 terra,
3193 3199 3312 3252 quae
3335 3193 3416 3236 est

1853 3278 1953 3332 sub
1984 3278 2144 3332 ccelo.
2184 3276 2386 3330 Horum
2420 3291 2548 3347 ergo
2579 3285 2882 3330 statuentes
2925 3275 3208 3344 imagines,
3242 3275 3420 3329 homi—

1852 3383 1949 3420 nes
1978 3383 2068 3421 eas
2102 3369 2285 3421 colunt
2325 3377 2379 3422 et
2408 3369 2699 3433 honorant,
2751 3367 2912 3421 simul
2960 3369 3122 3422 etiam
3158 3368 3416 3434 quasdam

1854 3458 2060 3513 fabulas
2085 3459 2344 3528 fingentes
2377 3460 2442 3513 ad
2470 3461 2826 3528 voluptatem.
2861 3459 2977 3513 Non
3007 3463 3261 3529 tanquam
3288 3461 3420 3512 deos

1854 3561 2032 3606 autem
2065 3553 2251 3606 colunt
2283 3567 2472 3607 eorum
2510 3551 2775 3624 imagines
2809 3553 3012 3622 (absit),
3044 3554 3147 3606 hoe
3171 3553 3313 3605 enim
3348 3554 3418 3604 ita

1853 3641 2124 3709 accipiunt
2154 3644 2484 3711 agrestiores
2519 3644 2774 3700 homines
2809 3655 2863 3700 et
2894 3645 3290 3715 simpliciores:
3321 3644 3418 3697 sed

1853 3733 1946 3802 qui
1977 3733 2272 3802 cupiditate
2319 3743 2576 3790 tenentur
2619 3736 2920 3806 sapientiae,
2953 3744 3008 3790 et
3056 3751 3139 3790 res
3187 3734 3418 3791 deorum

1855 3834 2107 3878 accurate
2140 3825 2447 3893 inquirunt,
2477 3827 2656 3881 sciunt
2685 3827 2772 3880 cui
2795 3827 3058 3881 honorem
3081 3827 3340 3892 tribuant,
3365 3836 3421 3881 et

1856 3916 1922 3970 ad
1951 3931 2108 3987 quem
2137 3927 2380 3974 transeat
2407 3918 2651 3974 adoratio
2683 3919 2992 3974 divinarum
3024 3920 3343 3991 imaginum.

1927 4226 2137 4284 XXVII.
2169 4229 2338 4284 Tuam
2370 4245 2498 4304 ergo
2523 4231 2716 4286 hortor
2743 4233 3130 4302 praestantiam,
3166 4244 3225 4290 ut
3258 4244 3361 4290 stet
3389 4252 3419 4290 ιι

1855 4324 2034 4388 nobis,
2060 4333 2114 4378 et
2143 4324 2307 4390 vivat,
2341 4332 2398 4378 ut
2422 4324 2579 4380 nobis
2606 4326 2807 4394 placet,
2873 4338 2929 4381 et
2975 4337 3122 4380 recte
3177 4327 3419 4382 Graecam

1855 4429 2114 4486 sequatur
2147 4417 2483 4487 religionem,
2513 4427 2566 4473 et
2597 4419 2828 4474 retineat
2854 4433 3034 4474 mores
3087 4429 3144 4474 et
3190 4435 3276 4475 res
3319 4436 3417 4473 ve-

1860 4512 2024 4565 teres.
2056 4508 2447 4564 Constantinus
2474 4510 2641 4572 enim,
2677 4511 2818 4564 sicut
2849 4513 2964 4582 ipse
3016 4527 3122 4565 non
3180 4511 3421 4582 ignoras,

176 4609 374 4678 ὥσπερ
409 4605 531 4658 οὐδὲ
580 4599 743 4662 αὐτὸς
801 4598 1044 4664 ἀγνοεῖς,
1095 4592 1495 4661 εὑεξαπάτητος
1545 4591 1833 4660 ἀνδρῶνο

1781 4594 1833 4656 D
1860 4610 1976 4655 erat
1999 4598 2245 4655 omnium
2264 4599 2544 4654 hominum
2574 4601 2805 4671 deeeptu
2827 4601 3151 4657 facillimus:
3181 4614 3236 4656 et
3295 4617 3417 4656 cum

175 4699 404 4770 ἀμαθής
454 4713 513 4748 τε
569 4693 664 4744 καὶ
719 4690 943 4760 ἀνόητος
981 4681 1080 4751 ὢν,
1122 4684 1252 4755 περὶ¹
1297 4684 1396 4752 τὴν
1458 4682 1756 4753 θρησκείαν

175 4793 521 4859 ἀνεωτέρισε,
569 4785 823 4845 καὶτοὺς
867 4779 1131 4848 Ἑλλήνων
1163 4778 1433 4848 ἀθετήσας
1477 4778 1629 4839 θεοὺς
1664 4777 1757 4828 ἐπὶ

173 4885 272 4938 τὸν
317 4877 747 4950 Χριστιανισμὸν
811 4873 1072 4938 ἐξέκλινε,
1136 4869 1236 4932 τὰς
1291 4869 1546 4930 ἀνοσίους
1590 4866 1755 4922 αὑτοῦ

177 4971 411 5043 πράξεις
442 4963 930 5034 ὲπαισχυνόμενος,
980 4961 1073 5014 καὶ
1104 4961 1186 5013 ὅτι
1218 4960 1266 5012 oi
1298 4959 1408 5012 θεοὶ
1439 4958 1620 5022 αὑτὸν,
1655 4957 1754 5023 τῆς

177 5064 335 5131 ἱερᾶς
369 5058 547 5112 αὐτῶν
581 5056 670 5109 καὶ
707 5050 1124 5118 παναγεστάτης
1177 5045 1473 5119 θρησκείας
1520 5046 1594 5109 ὡς
1630 5044 1752 5107 ἐξά..

175 5169 367 5225 γιστον
397 5151 491 5204 καὶ
523 5147 782 5219 πονηρὸν,
817 5144 1004 5214 πόρῥω
1054 5159 1156 5195 που
1188 5144 1285 5195 καὶ
1320 5139 1543 5211 μακρὰν
1588 5137 1746 5192 ἀπώ-

177 5260 366 5307 σαντο,
395 5241 489 5296 ἀτε
536 5241 628 5293 καὶ
658 5237 914 5308 ὁμογνίου
943 5233 1172 5304 αἵματος
1203 5233 1494 5302 γενόμενον
1525 5230 1700 5282 αἴτιον
1731 5245 1747 5263 ο

175 5334 309 5397 τούς
334 5351 393 5387 τε
423 5334 530 5402 γὰρ
559 5330 820 5398 ἀδελφοὺς
852 5329 1197 5390 ἀπέκτεινεν,
1230 5324 1383 5376 οὐδὲν
1413 5323 1612 5376 ἄτοπον
1638 5322 1750 5390 είρ-

176 5427 515 5498 γασμένους,
543 5425 639 5476 καὶ
665 5423 762 5490 τὴν
786 5424 1020 5489 γυναῖκα
1047 5417 1322 5482 Φαύσταν,
1351 5418 1445 5469 καὶ
1467 5415 1556 5467 τὸν
1582 5413 1749 5466 αὑτοῦ

174 5521 295 5576 υἱὸν
329 5519 586 5588 Πρίσκον,
614 5516 848 5587 χρηστόν
873 5531 930 5566 τε
962 5514 1057 5566 καὶ
1094 5512 1298 5580 ἀγαθὸν
1329 5512 1500 5582 ἄνδρα
1539 5509 1749 5580 τυγχά-

178 5629 366 5669 νονται
419 5611 516 5664 Διά
558 5610 733 5673 τοῦτο,
765 5606 1183 5675 θαυμασιώτατε
1217 5605 1448 5672 ἀνδρῶν,
1480 5604 1621 5674 όρῶν
1655 5619 1749 5654 σου

175 5703 279 5771 τῆς
307 5702 545 5762 διανοίας
577 5701 637 5752 τὸ
663 5698 921 5768 ἑμὸριθές
956 5713 1014 5748 τε
1046 5699 1138 5749 καὶ
1172 5695 1457 5763 στάσιμον,
1491 5692 1749 5762 βούλομαί

180 5812 240 5848 σε
278 5793 375 5863 τῆς
427 5794 699 5865 ἡμετέρας
749 5790 992 5860 ἑταιρίας
1049 5790 1142 5842 καὶ
1201 5787 1417 5860 μερίδος
1475 5786 1748 5854 γενέσθαι.

1856 4701 2000 4746 esset
2029 4691 2280 4747 indoctus
2306 4701 2359 4747 et
2387 4707 2593 4758 amens,
2646 4694 2924 4748 innovavit
2973 4694 3309 4764 religionem,
3367 4705 3419 4748 et

1854 4785 1956 4838 diis
1983 4783 2295 4837 Graecorum
2323 4785 2562 4849 abolitis,
2605 4785 2895 4838 declinavit
2948 4785 3014 4838 ad
3061 4785 3419 4840 Christianis-

1854 4891 2026 4937 mum,
2049 4891 2173 4930 cum
2200 4875 2492 4947 impiorum
2527 4892 2749 4932 suorum
2774 4877 3039 4933 factorum
3076 4893 3201 4932 eum
3247 4880 3419 4948 pude-

1854 4977 1957 5033 ret,
1979 4976 2034 5022 et
2067 4967 2212 5036 quod
2245 4967 2317 5021 dii
2340 4982 2486 5033 eum,
2510 4976 2764 5037 tanquam
2793 4967 3065 5038 impurum
3096 4977 3150 5022 et
3183 4970 3419 5022 scelera-

1854 5068 1986 5120 tum,
2019 5074 2048 5112 a
2086 5067 2431 5113 sacrosancta
2463 5074 2560 5113 sua
2613 5059 2868 5129 religione
2925 5057 3246 5127 expulerant
3302 5060 3420 5112 lon-

1849 5151 2089 5223 gissimc,
2125 5160 2183 5205 ut
2207 5152 2295 5220 qui
2325 5161 2613 5222 cognatum
2644 5151 2961 5220 sanguinem
2997 5151 3230 5206 fuderat.
3281 5151 3414 5204 Nam

1848 5251 1905 5295 et
1931 5241 2128 5294 fratres
2151 5239 2369 5306 occidit,
2394 5241 2484 5310 qui
2512 5241 2647 5294 nihil
2679 5240 2803 5294 mali
2835 5240 3101 5305 fecerant,
3121 5251 3176 5295 et
3195 5257 3416 5295 uxorem

1849 5333 2142 5396 FauSIam,
2194 5339 2249 5386 et
2291 5346 2449 5386 suum
2476 5331 2643 5386 filium
2679 5330 2920 5386 Priscum
2959 5331 3278 5404 [Crispum],
3326 5332 3418 5402 qui

1849 5432 1965 5477 erat
1991 5424 2076 5475 vir
2107 5423 2247 5492 frugi
2278 5433 2332 5476 et
2363 5422 2560 5476 bonus.
2585 5423 2901 5491 Propterea,
2935 5438 2968 5477 o
3018 5423 3097 5476 vir
3153 5424 3417 5492 imprimis

1851 5513 2185 5577 admirande,
2216 5529 2338 5570 cum
2370 5515 2584 5570 videam
2617 5523 2720 5569 tua:
2757 5515 2956 5570 mentis
3006 5515 3324 5586 gravitatem
3364 5526 3420 5571 et

1850 5606 2236 5670 constantiam,
2265 5606 2387 5660 volo
2417 5615 2469 5662 te
2498 5622 2618 5662 esse
2645 5614 2954 5662 nostrarum
2984 5608 3238 5676 partium.
3271 5609 3412 5676 Age-

1852 5694 1978 5747 dum
2013 5708 2158 5763 ergo,
2188 5709 2220 5748 o
2258 5696 2485 5759 Artemi,
2516 5698 2582 5752 ad
2610 5698 2841 5766 patriam
2884 5706 2937 5752 et
2979 5699 3415 5767 antiquissimam

1853 5795 1907 5842 et
1935 5791 2167 5844 maxime
2207 5787 2517 5846 diuturnam
2582 5787 2950 5845 Romanorum
3003 5799 3056 5846 et
3103 5789 3413 5845 Graecorum
