4198 6312
778 345 918 410 1195
2076 344 2356 404 MENSIS
2396 344 2758 409 OCTOBER.
3927 343 4042 407 1196

771 461 1054 514 admirans
1076 458 1330 529 martyris
1360 458 1560 511 variam
1578 472 1638 513 ac
1659 458 2014 529 multiplicem
2040 459 2366 525 doetrmam,
2398 468 2429 522 Α

2398 468 2443 524 Α
2474 455 2785 532 ποιυμαθὲς
2832 459 2924 512 τοῦ
2961 458 3238 529 μάρτυρος
3264 463 3358 515 καὶ
3392 462 3529 533 1:96;
3558 463 3865 532 ἀπόκρισιν
3915 465 4040 514 ἐτα-

770 562 825 605 et
882 550 946 605 ad
995 548 1436 620 respondendum
1472 549 1811 605 facilitatem.
1862 550 1957 605 Cui
1999 566 2188 606 rursus
2215 553 2349 606 dicit

2455 554 2705 623 μότατον.
2742 554 2881 622 Πρὸς
2916 552 2973 603 ὃν
3010 554 3167 606 πάλιν
3197 555 3224 604 6
3250 553 3340 604 τοῦ
3372 553 3608 624 Χριστοῦ
3639 555 3859 625 μάρτυς
3900 557 4036 621 φησὶ,

769 644 966 696 Christi
1003 652 1202 710 martyr
1245 658 1258 696 :
1298 641 1534 703 Dimitte,
1559 643 1921 712 oimperator,
1946 643 2057 712 jam
2078 652 2347 697 mortuam

2455 644 2644 711 Ἄφες,
2677 637 2720 694 ὦ
2761 642 3004 712 βασιλεῦ,
3046 643 3143 713 τὴν
3198 646 3395 712 νεκρὰν
3433 646 3530 714 ἤδη
3571 648 3667 697 καὶ
3718 644 4040 715 ἐξῳδηκυῖσν

768 746 822 788 et
844 735 1064 789 fetidam
1085 734 1323 804 gentium
1351 734 1670 803 religionem
1729 736 1813 804 (ea
1840 734 1980 787 enim
1999 737 2107 802 jam
2136 737 2225 789 diu
2250 751 2349 805 pu-

2448 733 2556 784 τῶν
2600 733 2867 801 Ἑλλήνων
2914 732 3212 802 Θρησκείαν
3263 733 3423 804 (αὕτη
3447 737 3553 804 γάρ
3584 738 3679 789 καὶ
3713 737 3824 805 πρὸ
3855 736 4034 787 πολλο]

771 828 952 894 truit),
976 835 1030 879 et
1058 826 1258 879 accede
1289 825 1353 878 ad
1375 822 1652 879 Clnistum
1678 844 1689 878 :
1711 830 1793 879 est
1818 827 1958 878 enim
1984 827 2249 897 benignus
2292 836 2348 882 et

2452 826 2706 894 σέσηπε),
2747 825 2838 877 καὶ
2871 828 3131 895 πρόσελθε
3163 828 3239 896 τῷ
3275 828 3516 897 Χριστῷ·
3556 830 3917 899 μακρόθυμος
3945 834 4038 900 γάρ

767 919 1024 981 clemens,
1063 928 1118 971 et
1150 925 1201 971 te
1237 933 1344 971 non
1390 918 1635 986 repellet,
1677 919 1719 971 si
1752 918 1969 972 ducaris
1997 920 2341 988 poenitentia.

2448 919 2565 970 ἐστι
2601 920 2691 971 καὶ
2726 919 3128 987 φιλάνθρωπος,
3184 920 3277 973 καὶ
3332 922 3429 972 οὐκ
3471 921 3753 973 άπώσεταὶ
3790 941 3850 974 σε
3882 942 4035 991 μετα.

767 1010 870 1065 Sed
908 1012 1022 1064 fieri
1049 1025 1154 1063 non
1185 1018 1418 1079 poterat,
1449 1018 1508 1062 ut
1564 1019 1764 1078 martyr
1804 1011 2083 1064 resisteret
2122 1010 2343 1080 impetui

2460 1010 2820 1079 μελούμενον.
2855 1010 2994 1063 Ἀλλ’
3012 1012 3110 1062 οὐκ
3138 1007 3204 1083 ἦν
3224 1013 3330 1081 ἄρα
3362 1014 3585 1083 γνώμης
3612 1014 4036 1083 ἐθελοκακούσης

766 1103 979 1165 animat,
1015 1118 1133 1168 quae
1160 1101 1296 1154 mala
1327 1102 1506 1155 libens
1535 1116 1595 1156 ac
1620 1102 1807 1157 volens
1836 1103 2168 1170 sequebatur
2190 1143 2204 1168 ,
2246 1118 2347 1157 nec

2446 1104 2720 1173 ἀντισχεῖν
2745 1104 2834 1157 τὸν
2863 1106 3115 1175 μάρτυρα
3146 1108 3265 1166 ταῖς
3292 1106 3521 1173 ὁρμαῖς,
3557 1106 3666 1158 οὐδ’
3701 1107 4034 1159 ἀνακαλέσα-

768 1206 825 1249 ut
872 1194 1573 1262 revocaretanimam,qu:e
1622 1209 1718 1247 sua
1758 1206 1956 1263 sponte
1998 1195 2256 1252 tendebat
2278 1199 2343 1250 ad

2453 1196 2577 1247 σθαι
2598 1195 2776 1264 ψυχὴν
2800 1196 3117 1265 αὐτομόλως
3144 1195 3429 1266 χωροῦσαν
3459 1199 3593 1267 προς
3617 1203 3714 1267 τὴν
3740 1199 4034 1251 ἀπώλειαν.

770 1285 1074 1339 interitum.
1117 1283 1368 1339 Julianus
1406 1286 1553 1339 enim
1594 1287 1707 1355 jam
1757 1286 1845 1339 diu
1893 1287 2115 1356 quidem
2162 1288 2345 1341 animo

2460 1283 2519 1337 Ὀ
2574 1287 2683 1355 γὰρ
2752 1287 3077 1352 Ἰουλιανὸς,
3146 1289 3313 1340 πάλαι
3365 1289 3458 1341 τὸν
3504 1287 3877 1358 Ἑλληνισμδν
3911 1293 4042 1343 κατά

767 1377 1081 1445 parturiens
1108 1376 1296 1428 falsam
1334 1376 1577 1445 gentium
1617 1376 1960 1446 religionem,
2002 1393 2163 1445 quam
2213 1392 2343 1430 con-

2444 1374 2622 1445 ψυχὴν
2672 1377 2903 1441 ὠδίνων,
2942 1380 3005 1430 ἐκ
3033 1379 3143 1429 τῶν
3173 1378 3231 1429 ἐν
3276 1379 3451 1449 Ἰωνίᾳ
3512 1381 3864 1449 γενομένων·
3894 1382 4038 1445 αὑτῷ

774 1477 999 1538 ceperat
1048 1469 1101 1521 in
1145 1466 1294 1521 lonia
1334 1484 1395 1520 ex
1435 1484 1531 1521 sua
1608 1470 1993 1539 congressione
2030 1484 2151 1522 cum
2181 1468 2345 1521 Maxi-

2450 1467 2587 1533 μετά
2618 1466 2724 1517 τῶν
2750 1469 2893 1536 ἀμφὶ
2915 1468 3005 1520 τδν
3041 1469 3292 1539 Μάξιμον
3353 1470 3662 1538 φιλοσόφων
3719 1470 4039 1529 συνουσιῶν,

765 1575 855 1614 mo
907 1559 1068 1630 Tyrio
1118 1559 1476 1628 phil050pho,
1521 1560 1764 1627 quandiu
1810 1561 2029 1629 quidem
2063 1568 2341 1630 superstes

2447 1559 2533 1628 ἐφ’
2554 1561 2675 1611 ὅσον
2705 1560 2805 1629 μὲν
2826 1561 2914 1612 ὅτε
2946 1561 3172 1630 ἁδελφὸς
3194 1563 3344 1634 αὑτῷ
3374 1564 3592 1634 περιῆν,
3619 1567 3713 1616 καὶ
3739 1564 3861 1633 μετ’
3890 1565 4040 1617 αὐτὸν

764 1652 869 1705 fuit
912 1653 1033 1720 ejus
1076 1650 1266 1716 frater,
1310 1659 1362 1703 et
1409 1662 1529 1719 post
1566 1651 1743 1718 ipsum
1793 1649 2166 1715 Constantius,
2205 1651 2340 1705 nihil

2448 1651 2847 1714 Κωνστάντιος,
2892 1654 2919 1703 6
2945 1653 3000 1704 δὲ
3036 1654 3189 1705 οὐδὲν
3237 1655 3633 1724 παραγυμνοῦν
3668 1656 3902 1727 ἐθάρρει
3961 1658 4040 1709 διὰ

765 1758 931 1798 ausus
990 1750 1074 1797 est
1115 1743 1330 1812 aperire
1372 1752 1596 1813 pr0pter
1639 1743 1853 1797 illorum
1909 1753 2136 1800 metum.
2184 1744 2341 1799 Post-

2445 1740 2506 1791 τὸ
2546 1740 2603 1802 ἐξ
2635 1742 2861 1793 ἐκείνων
2886 1741 3030 1806 δέος,
3058 1746 3180 1795 ἐπεὶ
3202 1744 3258 1795 δὲ
3285 1738 3432 1797 οὗτοι
3459 1747 3516 1808 ἐξ
3538 1746 3855 1815 ἀνθρώπων
3885 1743 4040 1815 ἦσαν.

764 1851 926 1905 quam
962 1845 1142 1889 autem
1196 1834 1232 1887 ii
1275 1850 1304 1887 e
1344 1835 1484 1888 vivis
1516 1843 1891 1900 excesserunt,
1923 1837 2038 1905 ipse
2077 1850 2202 1889 vero
2230 1837 2339 1904 jam
2374 1823 2416 1882 Β

2382 1823 2416 1881 Β
2449 1832 2612 1893 αὐτὸς
2642 1832 2697 1883 δὲ
2728 1834 2838 1885 τῶν
2878 1835 3226 1905 πραγμάτων
3280 1837 3380 1905 ἤδη
3442 1836 3629 1903 κύριος
3695 1833 3786 1906 ἦν,
3838 1839 3960 1889 τότε
3984 1839 4040 1907 δὴ

767 1944 948 1982 rerum
993 1928 1299 1997 potiretur,
1353 1937 1485 1981 tunc
1517 1926 1630 1995 ipse
1672 1942 1729 1981 se
1760 1937 1945 1997 aperte
1988 1942 2215 1991 exuens,
2255 1942 2341 1980 re-

2446 1925 2524 1985 εἱς
2566 1924 2626 1975 τὸ
2661 1927 2895 1994 φανερὸν
2933 1927 3454 1995 ἁπαμφιασάμενος,
3484 1930 3688 1990 πάσαις
3734 1928 3937 1996 ἀθρόον
3965 1932 4039 1990 ei;

763 2026 926 2090 pente
967 2028 1080 2074 toto
1106 2019 1272 2072 animi
1307 2018 1490 2073 studio
1523 2021 1706 2087 erupit
1755 2021 1820 2073 ad
1848 2020 2091 2090 gentium
2130 2021 2342 2075 vanita-

2442 2014 2538 2064 τὸν
2574 2013 2926 2084 Ἑλληνισμὸν
2958 2014 3231 2086 ἐξερράγη
3249 2020 3366 2081 ταῖς
3397 2018 3749 2088 προθυμίαιςε
3791 2018 4042 2089 ’Δπεκρῐ-

766 2122 897 2165 tem.
968 2109 1276 2181 Respondit
1324 2111 1509 2180 itaque
1560 2112 1780 2182 martyri
1824 2129 1837 2165 :
1896 2112 2165 2177 Quoniam
2221 2129 2339 2167 mea

2443 2122 2573 2156 νστο
2601 2106 2892 2173 τοιγαροῦν
2924 2108 3059 2175 πρὸς
3089 2109 3179 2160 τὸν
3212 2111 3491 2179 μάρτυρα,
3538 2110 3691 2162 Ἐπεὶ
3711 2113 3844 2172 τοὺς
3881 2115 4040 2180 ἐμοὺς

764 2204 927 2258 verba
958 2204 1376 2273 contempsisti,
1419 2221 1452 2259 ο
1499 2204 1823 2259 sceleratum
1857 2216 2042 2274 caput,
2074 2220 2240 2259 ausus
2281 2222 2340 2259 es

2443 2196 2738 2264 ἐφαύλισας
2774 2197 2987 2263 λόγους,
3009 2192 3054 2250 ὦ
3083 2202 3224 2268 κακὴ
3250 2202 3482 2270 κεφαλὴ,
3527 2201 3841 2271 ἐτόλμησας
3872 2203 3929 2255 δὲ
3953 2207 4040 2257 καὶ

766 2304 945 2348 autem
1009 2295 1093 2349 vel
1143 2294 1325 2349 facere
1361 2295 1697 2365 periculum,
1749 2302 1809 2348 ut
1853 2306 2208 2349 converterer
2273 2302 2338 2349 ad

2442 2288 2670 2338 καθεῖνα
2730 2290 2946 2357 πεῖραν,
2978 2287 3116 2341 ὣστε
3150 2292 3284 2360 πρὸς
3319 2293 3377 2343 τὸ
3424 2295 3585 2345 αὑτὸν
3620 2311 3703 2345 σοι
3752 2294 3852 2346 τοῦ
3913 2298 4041 2367 Χρι-

767 2384 1041 2449 eumdem,
1080 2384 1146 2437 ad
1177 2399 1338 2453 quem
1379 2394 1457 2446 tu,
1504 2385 1705 2438 Christi
1759 2386 1997 2449 cultum,
2041 2401 2139 2455 ego
2201 2401 2340 2453 quo-

2448 2379 2775 2446 στιανισμοῦ
2845 2381 3005 2443 σὲὅας
3072 2382 3420 2452 μεταϐαλεῖν,
3483 2384 4040 2457 ὰντιφιλοτιμήσομαι

766 2491 876 2546 que
916 2486 967 2530 te
1005 2476 1186 2545 dignis
1221 2476 1384 2529 rebus
1436 2475 1671 2529 vicissim
1722 2478 2132 2531 remunerabor.
2175 2475 2341 2530 Jubet

2449 2484 2532 2520 σοι
2578 2469 2733 2535 κάγὼ
2779 2474 2888 2532 τοῖς
2925 2473 3097 2537 ἀξίοις
3150 2475 3389 2543 ῥήμασι.
3422 2476 3655 2527 Κελεύει
3688 2478 3878 2530 τοίνυν
3914 2482 4040 2531 ἀπο·

767 2572 950 2640 itaque
998 2570 1124 2624 exui
1164 2580 1476 2639 martyrem,
1510 2579 1562 2622 et
1597 2568 1807 2624 subulis
1870 2568 2063 2624 ferreis
2100 2572 2340 2624 canden-

2441 2560 2785 2628 γυμνοῦσθαι
2818 2564 2908 2615 τὸν
2948 2567 3202 2635 μάρτυρα
3232 2568 3327 2618 καὶ
3362 2568 3617 2629 σούὸλαις
3648 2570 3913 2638 σιδηραῖς
3948 2588 4035 2621 πε-

767 2664 912 2716 tibus
945 2665 1062 2733 ejus
1087 2662 1251 2716 latera
1293 2661 1510 2733 conligi,
1546 2671 1599 2714 et
1640 2663 1813 2715 acutis
1851 2662 2064 2715 tribulis
2115 2662 2335 2715 dorsum

2442 2659 2904 2721 πνρακτωμέναις
2936 2658 3035 2717 τὰς
3064 2652 3303 2725 πλευράς
3344 2658 3511 2708 αὑτοῦ
3570 2660 4035 2729 διαπερονᾶσθαι,

765 2756 884 2824 ejus
920 2756 1111 2825 pungi,
1159 2766 1211 2808 et
1255 2754 1548 2823 disrumpi,
1593 2753 1721 2807 dum
1786 2755 2024 2823 supinus
2077 2757 2335 2808 trahitur.

2442 2745 2535 2794 καὶ
2575 2744 2662 2795 τον
2696 2744 2863 2797 νῶτον
2892 2747 3054 2798 αὐτοῦ
3089 2748 3361 2816 τριόὁλοις
3395 2748 3539 2811 ὀξέσι
3598 2756 4038 2807 κατακεντᾶσθαι

766 2848 863 2901 His
902 2858 1081 2902 autem
1109 2849 1505 2917 quamprimum
1540 2848 1722 2911 illatis,
1765 2856 1883 2906 erat
1909 2848 1959 2900 ei
1986 2848 2199 2906 eadem.
2226 2846 2337 2898 sie-

2443 2835 2535 2886 καὶ
2565 2834 2997 2905 διαρῤήγνυσθαι
3019 2838 3318 2909 συρόμενον
3342 2839 3551 2894 ὕπτιον.
3582 2841 3805 2897 Τούτων
3822 2846 3877 2897 δὲ
3903 2847 4034 2914 πρὸς

770 2951 830 2995 ut
860 2942 1030 3010 prius,
1095 2941 1423 2993 constantia.
1482 2939 1661 2991 Multis
1699 2940 1883 3007 itaque
1918 2939 2067 2992 horis
2100 2952 2155 2989 se
2194 2953 2338 2989 mar-

2440 2924 2606 2993 τάχος
2678 2925 3087 2995 ἐπενεχθέντων
3117 2928 3188 3000 τῷ
3233 2932 3553 3002 μάρτυρι,ὴ
3587 2936 3730 3002 αὐτῇ
3767 2938 4036 3005 καρτερία,

770 3043 882 3104 tyre
911 3032 1121 3085 fortiter
1146 3039 1367 3101 gerente
1405 3030 1457 3083 in
1489 3030 1799 3092 tormentis,
1847 3028 2132 3093 et,nullam
2178 3028 2341 3082 emit-

2441 3011 2717 3090 ἧνάὑτῷ,
2748 3021 3001 3089 καθάπερ
3031 3022 3096 3092 δὴ
3126 3028 3220 3075 καὶ
3246 3024 3306 3075 τὸ
3338 3026 3622 3093 πρότερον.
3666 3027 3798 3078 Ἐπὶ
3817 3029 4037 3093 πολλαῖς

768 3136 917 3181 tente
956 3140 1139 3179 vocem
1191 3135 1282 3177 aut
1308 3125 1592 3193 gemitum,
1633 3132 1871 3177 maestus
1907 3122 1997 3177 ille
2028 3131 2082 3176 et
2115 3122 2289 3175 tristis
2320 3164 2333 3186 ,
2366 3162 2409 3224 C

2380 3162 2407 3185 ,η
2441 3113 2535 3166 οὖν
2568 3119 2683 3177 ταῖς
2713 3116 2884 3187 ὥραις
2937 3121 3056 3180 ταῖς
3089 3119 3349 3186 βασάνοις
3376 3121 3602 3184 ταύταις
3634 3126 4038 3193 ἐγκαρτεροῦνσ

2380 3202 2409 3224 Δ
2451 3223 2469 3224 7
2631 3206 2652 3217 ο
2742 3209 2752 3224 ο
3104 3211 3114 3224 ι
3248 3211 3288 3224 αι
3387 3213 3399 3224 ι
3647 3216 3656 3224 .
3746 3217 3768 3224 ..

769 3221 1024 3279 tanquam
1079 3212 1290 3274 \‘icttts,
1353 3210 1592 3265 surrexit
1648 3226 1678 3264 e
1737 3210 2033 3274 tribunali,
2092 3220 2145 3263 et
2182 3206 2409 3278 jubet“

2377 3206 2409 3224 “
2444 3223 2535 3267 τος
2563 3206 2657 3258 τοῦ
2687 3209 2984 3277 μάρτυρος,
3029 3211 3123 3262 καὶ
3163 3211 3298 3282 μηδὲ
3339 3213 3469 3281 μίαν
3520 3216 3704 3285 φωνὴν
3739 3217 3772 3287 ἧ
3811 3234 4035 3285 στεναγ·

769 3314 1066 3373 martyrem
1125 3317 1312 3355 rursus
1359 3301 1553 3356 abduci
1608 3303 1661 3354 in
1718 3316 2020 3361 carcerem,
2066 3309 2119 3352 et
2161 3313 2338 3368 neque

2448 3297 2549 3365 μον
2611 3298 2886 3367 ἀφιέντος,
2945 3306 3195 3372 κατηφὴς
3278 3306 3483 3368 ἐκεῖνος
3551 3309 3645 3360 καὶ
3708 3312 4036 3379 σκυθρωπὸς

769 3411 963 3465 panem
1021 3409 1194 3463 neque
1218 3408 1410 3462 aquam
1459 3393 1506 3445 ei
1540 3392 1805 3461 praeberi,
1866 3406 1967 3447 nec
2006 3406 2341 3462 quzecunque

2443 3388 2631 3460 ὥσπερ
2652 3394 2985 3462 ἡττώμενος,
3009 3396 3269 3467 ἐξανέστη
3297 3397 3388 3451 τοῦ
3417 3399 3682 3469 βήματος,
3707 3402 3807 3453 καὶ
3824 3403 4033 3458 κελεύει

769 3487 836 3541 ad
874 3485 1075 3539 victum
1105 3492 1328 3537 sumunt
1359 3483 1627 3539 homines.
1673 3481 1794 3551 Ipse
1839 3496 2019 3537 autem
2056 3486 2337 3553 profectus

2442 3484 2533 3534 τὸν
2562 3488 2816 3551 μάρτυρα
2838 3487 3001 3537 πάλιν
3034 3489 3127 3539 ἐπὶ
3161 3487 3257 3555 τὴν
3301 3492 3524 3559 εἱρκτὴν
3561 3495 3911 3561 ἀπαχθῆναι,
3944 3494 4033 3545 καὶ

767 3588 852 3632 est
879 3576 943 3631 ad
978 3574 1277 3645 Daphnem,
1313 3575 1403 3645 qui
1432 3584 1515 3630 est
1543 3573 1850 3629 Antiochiae
1928 3574 2080 3627 locus
2136 3575 2339 3642 jucun-

2446 3575 2580 3641 μήτε
2621 3574 2797 3643 ιᾶρτον
2851 3578 2989 3646 μήτε
3061 3576 3205 3647 ὕδωρ
3239 3579 3387 3647 αὐτῷ
3432 3586 3875 3651 παρασχεθῆναι,
3911 3584 4034 3653 μηδ’

768 3668 1042 3722 ἀῖδδίῖηυει
2443 3663 2540 3714 ὅσα
2572 3666 2704 3733 πρὸς
2743 3666 2804 3717 τὸ
2837 3667 2939 3736 ζῇν
2975 3668 3489 3739 μεταλαμϐάνουσιν
3515 3672 3822 3742 ἄνθρωποι.
3861 3678 4031 3735 Αὐτὸς

2441 3754 2498 3806 δὲ
2537 3757 2633 3817 ἐπὶ
2692 3757 2793 3828 τὴν
2834 3761 3051 3831 Δάφνην
3085 3761 3376 3833 ἐξώρμησε
3411 3764 3509 3833 τῆς
3580 3766 3923 3838 Ἀντιοχεὲας
3978 3771 4030 3821 τὸ

2439 3848 2819 3916 χαριέστατον.

835 3944 1051 3999 XXXII.
1127 3942 1282 3998 Circa
1307 3943 1543 3997 mediam
1599 3954 1781 3999 autem
1829 3952 2043 3999 noctem
2112 3958 2337 4016 apparet

2514 3940 2635 3990 AB’.
2667 3942 2801 4011 Περὶ
2828 3944 2885 3995 δὲ
2922 3945 3094 4012 μέσας
3154 3947 3354 4012 νύκτας
3384 3952 3478 4002 ἐπὶ
3522 3952 3620 4020 τῆς
3654 3954 3914 4023 φυλακῆς
3939 3957 4026 4007 εὖ·

767 4037 1020 4091 Christus
1064 4035 1284 4106 martyri
1330 4035 1503 4089 oranti
1564 4034 1616 4087 in
1669 4036 1950 4097 custodia,
1984 4037 2228 4089 animum
2286 4038 2334 4091 ei

2444 4031 2657 4098 χομένῳ
2691 4036 2767 4099 τῷ
2803 4034 3069 4102 μάρτυρι,
3104 4038 3132 4087 6
3160 4040 3392 4107 Χριστος
3422 4042 3796 4107 ἐπιφαίνεται,
3826 4047 4027 4114 θάρσος

766 4131 994 4192 addens,
1039 4136 1094 4181 et
1128 4143 1185 4180 se
1217 4141 1338 4178 cum
1378 4139 1444 4179 eo
1488 4125 1711 4180 omnino
1746 4124 1988 4179 futurum
2046 4127 2332 4195 pollicens,

2443 4136 2500 4170 τε
2535 4121 2765 4183 ἐντιθεὶς
2799 4124 2893 4175 καὶ
2931 4129 3171 4180 συνεῖναι
3201 4130 3351 4195 αὑτῷ
3383 4131 3637 4196 καθάπαξ
3684 4137 4025 4202 ἐπαγγελλό-

768 4230 824 4276 et
848 4222 1079 4275 dicens;
1126 4217 1409 4283 Quomodo
1449 4217 1562 4287 ipse
1607 4233 1692 4271 me
1729 4216 2012 4272 confessus
2038 4222 2184 4273 luisti
2236 4237 2335 4275 co-

2445 4230 2624 4282 μενος,
2653 4214 2863 4287 Ὥσπερ
2886 4218 3072 4283 αὐτὸς,
3093 4218 3287 4287 λέγων,
3312 4221 3669 4294 ὡμολόγησάς
3700 4244 3773 4292 με
3792 4229 4027 4282 ἐνώπιον

768 4328 882 4366 ram
913 4312 1225 4367 hominibus
1253 4326 1416 4379 super
1448 4321 1664 4375 terram,
1710 4324 1811 4378 ego
1837 4326 2053 4379 quoque
2085 4322 2135 4363 te
2166 4312 2335 4364 conli-

2437 4306 2545 4356 τῶν
2577 4307 2880 4379 ἀνθρώπων
2914 4313 3005 4362 ἐπὶ
3056 4314 3156 4382 τῆς
3200 4315 3327 4383 γῆς,
3385 4318 3706 4387 ὁμολογήσω
3768 4322 3930 4387 κάγὼ
3968 4323 4023 4375 σὲ

769 4408 923 4458 tebor
969 4418 1148 4455 coram
1197 4402 1353 4453 Patre
1400 4416 1561 4463 meo,
1602 4401 1693 4468 qui
1741 4410 1823 4453 est
1880 4402 1934 4453 in
1991 4402 2162 4456 cwlis.
2216 4399 2336 4457 Haec

2443 4397 2677 4449 ἐνώπιον
2711 4400 2804 4449 τοῦ
2828 4400 3039 4468 Πατρός
3067 4420 3167 4470 μου
3192 4408 3284 4456 τοῦ
3321 4409 3378 4457 ἐν
3403 4412 3513 4470 τοῖς
3533 4414 3809 4477 οὐρανοῖς.
3837 4417 4024 4467 Ταῦτα

767 4511 889 4550 eum
937 4504 1139 4564 martyr
1181 4493 1447 4546 audiisset
1483 4506 1513 4544 a
1546 4489 1793 4553 Domino,
1841 4492 2084 4557 conlidit,
2124 4504 2179 4545 et
2218 4503 2328 4547 tota
2366 4496 2404 4551 ι)

2366 4496 2404 4551 ι)
2435 4488 2461 4538 6
2494 4489 2702 4556 μάρτυς
2732 4490 2969 4553 ἀκούσας
3006 4495 3153 4563 παρὰ
3176 4497 3402 4565 Κυρίου,
3431 4499 3726 4570 ἐθάρσησε,
3761 4510 3859 4556 καὶ
3894 4510 4021 4577 παρ’

765 4597 925 4643 nocte
970 4587 1137 4640 Deum
1180 4585 1533 4655 gloriﬁcavit,
1572 4592 1625 4636 et
1654 4585 1701 4636 ei
1732 4583 1839 4652 egit
1878 4585 2098 4653 gratias.
2138 4585 2181 4636 A
2214 4586 2327 4653 pla-

2438 4578 2565 4647 ὅλην
2607 4578 2772 4631 νύκτα
2806 4582 3099 4651 δοξολογῶν
3128 4583 3215 4657 ἦν,
3245 4590 3339 4640 καὶ
3370 4590 3597 4659 χάριτας
3633 4593 3924 4662 ὁμολογῶν
3950 4602 4022 4667 τῷ

764 4678 850 4747 gis
882 4677 1025 4729 enim
1052 4675 1166 4727 suis
1194 4687 1247 4725 et
1281 4674 1599 4726 vulneribus
1626 4683 1849 4739 repente
1885 4673 1984 4727 fuit
2018 4676 2293 4727 relaxatus
2315 4714 2329 4738 ,

2436 4670 2573 4739 Θεῷ.
2618 4672 2825 4742 Ἀνείθη
2863 4676 2971 4743 γάρ
3002 4679 3064 4729 ἐκ
3090 4678 3199 4729 τῶν
3233 4681 3457 4748 πληγῶν
3489 4687 3582 4735 καὶ
3631 4701 3743 4736 των
3776 4703 4024 4756 τραυμαο

763 4770 897 4823 adeu
934 4776 991 4821 ut
1030 4783 1096 4821 ne
1141 4765 1330 4821 vibicis
1366 4765 1582 4834 quidem
1630 4766 1911 4833 vestigium
1945 4777 2234 4835 appareret
2279 4767 2330 4819 in

2433 4780 2540 4814 των
2562 4764 2728 4815 αὑτοῦ
2785 4768 3140 4835 παραχρῆμα,
3195 4769 3335 4825 ὥστε
3369 4774 3500 4841 μηδὲ
3549 4776 3824 4843 μώλωπος
3877 4781 4022 4849 [χνος

765 4868 955 4914 sancto
984 4858 1103 4926 ejus
1133 4872 1382 4926 corpore.
1436 4854 1619 4924 Spatio
1652 4866 1832 4909 autem
1866 4858 2175 4925 quindecim
2212 4859 2331 4911 die-

2434 4857 2490 4906 ἐν
2520 4855 2593 4922 τῷ
2652 4856 2975 4926 ἁγίῳαὺτοῦ
3033 4862 3432 4916 ἐντετυπῶσθαι
3469 4863 3702 4935 σώματι.
3760 4869 4020 4942 Ἦμερὼδ

764 4964 885 5004 rum
943 4948 1143 5002 mansit
1188 4949 1413 5002 omnino
1449 4950 1671 5016 jejunus
1718 4949 1772 5001 in
1802 4964 2042 5012 carcere,
2091 4952 2330 5004 nutritus

2432 4945 2486 4995 δὲ
2554 4947 2947 4999 πεντεκαίδεκα
3005 4948 3421 5019 διαγενομένων,
3471 4952 3658 5015 ἄσιτος
3714 4958 3907 5023 ἔμεινε
3965 4962 4020 5006 τὸ

765 5055 904 5110 pane
934 5040 1270 5109 angelorum,
1322 5054 1420 5092 seu
1474 5038 1643 5108 gratia
1695 5037 1826 5091 boni
1853 5038 2108 5108 Spiritus.
2159 5039 2329 5093 Julia~

2435 5038 2699 5105 παράπαν
2732 5040 2787 5089 ἐν
2822 5040 2877 5107 τῇ
2913 5040 3125 5109 εἱρκτῇ,
3161 5042 3403 5110 ἀγγέλων
3436 5046 3605 5113 ἀρτῳ,
3644 5047 3745 5097 εἴτ’
3789 5044 3887 5101 οὖν
3921 5055 4017 5119 χά-

762 5148 866 5186 nus
912 5146 1040 5184 vero
1076 5146 1219 5191 cum,
1253 5130 1391 5183 sicut
1436 5129 1693 5194 diximus,
1751 5131 1991 5183 venisset
2019 5132 2329 5201 Daphnetn,

2436 5143 2546 5195 ριτι
2575 5127 2666 5177 τοῦ
2698 5128 2900 5194 αγαθοῦ
2934 5132 3269 5200 τρεφόμενος
3306 5133 3645 5200 Πνεύματος.
3690 5136 3749 5188 Ὀ
3783 5138 3842 5190 δὲ
3884 5140 4019 5192 Ἰου-

764 5224 1029 5279 sacriftcia
1077 5224 1298 5292 parabat
1350 5223 1611 5290 Apollini,
1658 5237 1884 5291 sperans
1922 5223 2037 5276 fore
2072 5233 2128 5280 ut
2160 5225 2226 5278 ab
2266 5240 2332 5279 eo

2434 5220 2633 5282 λιανὸς,
2668 5222 2757 5272 ἐπὶ
2798 5222 2895 5292 την
2926 5223 3140 5291 Δάφνην
3186 5226 3499 5295 γενόμενος,
3533 5226 3725 5299 ὥσπερ
3783 5232 4018 5300 ἔφημεν,

762 5318 873 5370 cito
926 5315 1198 5384 acciperet
1243 5327 1523 5382 reSponsa.
1562 5312 1786 5381 Daphne
1832 5324 1915 5367 est
1953 5315 2327 5369 suburbanum

2434 5312 2618 5373 θυσία,
2651 5307 2716 5383 ἦν
2758 5313 3173 5383 ἐτοιμαξόμενος
3199 5316 3275 5386 τῷ
3315 5317 3631 5382 Ἀπόλλωνι,
3656 5319 3885 5383 εὔελπίς
3922 5324 4020 5380 ὢν.

761 5405 1079 5467 Antiochiae,
1133 5406 1294 5458 situm
1348 5406 1401 5455 in
1462 5406 1579 5472 ejus
1627 5405 1757 5459 locis
1805 5405 2110 5470 altioribus,
2143 5417 2197 5460 et
2252 5417 2331 5461 te-

2434 5407 2525 5456 καὶ
2555 5405 2675 5467 τοὺς
2701 5405 2790 5456 ὑπ’
2821 5406 2984 5457 αὑτοῦ
3012 5410 3290 5477 χρησμοὺς
3316 5410 3451 5477 ταχυ
3488 5410 3773 5472 δέξασθαι.
3820 5416 3887 5466 ἰι
3916 5420 4019 5467 Δά-

760 5510 906 5553 Ctum
952 5512 1111 5550 omne
1160 5510 1329 5566 genus
1361 5497 1687 5549 arboribus:
1728 5512 1835 5565 quo
1866 5497 1919 5549 in
1956 5497 2074 5551 loco
2114 5509 2165 5551 et
2198 5499 2329 5553 alia-

2434 5512 2538 5564 φνη
2578 5496 2631 5547 δὲ
2685 5497 3006 5566 προάστειον
3041 5501 3155 5551 ἐστι
3194 5498 3295 5567 τῆς
3363 5502 3722 5572 Ἀντιοχείας,
3775 5507 3871 5557 ἐπὶ
3913 5512 4019 5561 τῶν

759 5602 881 5643 rum
915 5590 1171 5641 arborum
1201 5597 1254 5641 et
1290 5588 1588 5657 prwsertim
1632 5602 2054 5656 cupressorum,
2090 5592 2322 5646 maxima

2434 5586 2779 5657 ὑψηλοτέρων
2822 5588 2989 5659 αὐτῆς
3037 5591 3250 5659 χωρίων
3307 5592 3581 5661 κείμενον,
3630 5596 3824 5649 ἄλσεσι
3881 5617 4018 5650 παιν-

759 5681 859 5732 l'uit
917 5680 1153 5748 plantata
1198 5680 1504 5744 multitudo,
1559 5681 1991 5750 pulchritudine.
2036 5683 2323 5740 altitudine

2431 5680 2594 5744 τοξοις
2633 5682 2932 5752 συνηρεφές
2960 5699 2974 5713 ·
3013 5684 3139 5736 ἔνθα
3179 5683 3284 5736 τῶν
3312 5703 3370 5738 τε
3402 5686 3584 5739 ἄλλων
3635 5696 3859 5744 πάντων
3890 5694 4016 5744 δέν-

760 5780 815 5822 et
847 5771 1216 5842 magnitudine
1280 5788 1619 5842 nequaquam
1685 5775 1985 5830 imitabilis.
2038 5776 2324 5834 Labuntur

2435 5774 2597 5846 δρων,
2621 5775 2714 5831 καὶ
2743 5775 2808 5847 δὴ
2842 5779 2934 5832 καὶ
2965 5778 3312 5850 κυπαρίττων
3363 5780 3551 5850 ἔξοχόν
3588 5800 3642 5838 τι
3674 5786 4016 5857 πεφύτευται
