4198 6312
206 395 340 456 H97

1335 401 1793 466 MARTYRIUM
1840 409 1898 466 S.
1950 411 2298 473 ARTEMII.

3289 431 3426 495 1198

195 506 390 577 χρῆμα
433 509 565 578 πρὸς
595 527 656 562 τε
689 510 882 574 κάλλος
925 514 1017 566 και
1067 514 1224 584 ὕψος,
1276 515 1374 568 και
1428 515 1659 584 μέγεθος
1709 517 1750 566 οε

1800 519 1840 577 Α
1873 534 1999 572 vero
2057 521 2110 575 in
2151 538 2368 578 omnem
2405 537 2608 595 partem
2644 530 2845 586 ﬁnenta
2879 549 3138 602 aquarum
3170 545 3429 607 poculen-

198 601 460 668 μιμητόν.
495 600 731 669 Νόιματά
762 619 817 656 τε
855 604 960 673 γὰρ
1009 605 1255 675 πανταχῆ
1286 605 1487 658 διαθέει
1522 605 1766 672 ποτίμων

197 690 432 756 ὑδάτων,
465 693 738 760 μεγίστων
765 693 950 746 αὐτόθι
982 696 1173 765 πηγῶν
1207 696 1608 763 ἀναδιδομένων
1633 714 1649 730 ο
1674 698 1764 763 ἀφ’

193 779 273 836 ὧν
317 785 410 836 καὶ
449 787 480 854 ἡ
518 787 670 848 πόλις
703 789 758 838 ὲν
789 788 998 854 ὀλίγαις
1059 789 1123 859 δὴ
1186 790 1390 842 πόλεων
1439 793 1764 860 εὐυδροτατη

193 871 484 943 τυγχάνειν
520 875 685 941 δοκεῖ,
713 877 804 928 καὶ
839 880 945 946 μὴν
995 880 1305 945 οἰκοδομαῖς
1340 879 1618 948 λαμπραῖς
1669 889 1764 932 κα-

189 965 473 1019 ταλύσεων
502 968 594 1019 καὶ
627 967 886 1036 λουτρῶν,
931 971 1024 1021 καὶ
1052 970 1159 1021 τῶν
1186 969 1358 1023 ἄλλων
1389 972 1761 1035 κατασκευῶν,

191 1057 272 1117 εἷς
305 1073 359 1106 τε
391 1057 575 1126 χρείαν
600 1059 692 1108 καὶ
749 1061 950 1128 κόσμον
985 1060 1044 1112 εὖ
1100 1062 1240 1129 μάλα
1287 1061 1587 1122 πολυτελῶς
1638 1061 1760 1128 ἐξή-

191 1160 392 1213 σκηται
425 1147 484 1197 τὸ
515 1147 733 1217 χωρίον.
768 1149 1028 1201 Ἑνταῦοα
1059 1152 1146 1202 καὶ
1174 1152 1345 1205 ἄλλων
1373 1153 1468 1220 μὲν
1490 1152 1759 1219 δαιμόνων

187 1235 306 1285 ναοί
342 1252 396 1286 τε
427 1237 519 1286 καὶ
548 1237 833 1306 ἀγάλματα
865 1236 949 1308 ἦν,
999 1241 1370 1309 διαφερόντως
1416 1259 1477 1309 γε
1533 1245 1636 1314 μὴν
1695 1243 1758 1295 τὺ

183 1325 281 1376 τοῦ
338 1326 666 1390 Ἀπόλλωνος
717 1330 956 1400 ἀρχῆθεν
1019 1333 1231 1401 ὑπῆρχε
1285 1333 1748 1404 θεραπευόμενον.

183 1412 385 1468 Αὐτόθι
422 1419 531 1488 γὰρ
573 1421 750 1472 καὶτὸ
789 1424 915 1491 περὶ
945 1422 1042 1492 τὴν
1078 1426 1294 1494 Δάφνην
1343 1428 1440 1495 τὴν
1489 1427 1755 1497 παρθένον

183 1508 459 1578 συμΰῆναι
499 1511 668 1574 πάθος
709 1516 736 1566 ὁ
773 1513 1082 1583 Ἑλληνικὸς
1133 1517 1331 1572 ἔπλασε
1373 1515 1646 1589 μῦθος-ἦς
1691 1519 1754 1592 δὴ

178 1599 278 1648 καὶ
313 1597 544 1664 μάλιστα
577 1603 760 1669 φέρειν
794 1602 942 1654 δοκεί
989 1605 1086 1671 τὴν
1122 1605 1444 1672 ἐπωνυμίαν
1479 1609 1506 1657 ὁ
1562 1610 1750 1671 τόπος.

252 1688 472 1741 ΛΓἏἸὸ
510 1692 565 1742 δὲ
619 1692 842 1760 ἄγαλμα
892 1693 986 1744 τοῦ
1035 1695 1392 1759 Ἀπόλλωνος,
1425 1698 1625 1750 τοιόνδε
1697 1714 1750 1752 τι

176 1781 280 1850 τὴν
311 1782 648 1851 κατασκευὴν
681 1779 748 1852 ἦν
781 1801 793 1812 ·
825 1785 882 1850 ἐξ
915 1786 1159 1854 ἀμπέλου
1209 1787 1306 1854 μὲν
1359 1789 1504 1859 αὑτῷ
1555 1807 1752 1843 συνεπ-

1872 621 2084 674 tarum,
2150 619 2575 674 scaturientibus
2650 623 2773 676 inde
2834 627 3079 682 maximis
3139 630 3425 699 fontibus:

1870 720 1982 771 quo
2042 707 2138 767 ﬁt,
2194 718 2252 762 ut
2308 712 2500 766 civitas
2553 715 2694 768 inter
2735 727 2958 772 cartcras
3010 737 3147 789 aqua
3189 725 3434 781 abundet

1867 799 2122 855 maxime.
2161 801 2439 858 Praeclaris
2486 823 2700 876 quoque
2762 815 3224 872 exstructionibus
3273 821 3427 874 habi—

1868 891 2191 958 taculorum,
2225 905 2278 948 et
2312 895 2674 962 lavacrornm,
2703 912 2756 954 et
2799 902 3034 956 aliorum
3069 908 3421 963 mdiiiciorum

1865 980 2016 1034 locus
2051 994 2134 1037 est
2168 987 2450 1056 magniﬁce
2507 991 2810 1047 instructus
2865 1004 2920 1048 et
2953 1009 3196 1052 ornatus.
3238 999 3334 1055 Hic
3372 1013 3426 1056 et

1861 1071 2090 1127 aliorum
2115 1077 2332 1143 quidem
2364 1081 2669 1135 daemonum
2719 1087 2916 1152 templa
2967 1099 3125 1143 erant
3150 1103 3203 1144 et
3235 1092 3425 1160 imagi-

1861 1178 1995 1226 nes,
2042 1169 2312 1235 prmcipue
2369 1180 2549 1225 autem
2597 1177 2858 1244 templum
2889 1179 3154 1246 Apollinis
3204 1185 3425 1237 coleba-

1861 1265 1949 1333 tur
1976 1257 2042 1310 ab
2073 1258 2248 1313 initio.
2279 1260 2374 1316 Hic
2400 1264 2544 1316 enim
2580 1265 2629 1318 id
2651 1304 2664 1326 ,
2700 1269 2840 1335 quod
2871 1268 2937 1322 de
2965 1267 3188 1339 Daphne
3218 1275 3422 1344 virgine

1861 1359 2130 1411 narratur,
2164 1351 2428 1405 accidisse
2459 1353 2657 1409 Graeca:
2693 1357 2968 1414 ﬁnxerunt
3004 1361 3229 1418 fabulae:
3265 1369 3422 1437 cujus

1855 1437 2019 1492 etiam
2054 1455 2354 1510 cognomen
2393 1447 2622 1500 maxime
2657 1448 2868 1502 videtur
2898 1451 3038 1506 ferre
3069 1455 3240 1510 locus.

1927 1703 2161 1759 XXXIII.
2183 1704 2361 1775 Imago
2380 1715 2557 1762 autem
2578 1707 2841 1778 Apollinis
2858 1727 2973 1769 erat
2991 1715 3092 1772 hoc
3115 1723 3272 1775 modo
3287 1739 3421 1778 con-

1853 1806 2056 1850 structa
2086 1815 2099 1850 :
2144 1799 2204 1852 Ei
2233 1815 2296 1854 ex
2316 1799 2423 1853 vite
2451 1811 2567 1855 erat
2603 1818 2798 1871 corpus
2815 1810 3195 1877 compositum,
3249 1817 3420 1869 admia

174 1873 373 1940 επήγει
401 1875 458 1925 τὸ
490 1875 666 1942 σῶμα,
711 1876 990 1946 θαυμασία
1051 1881 1158 1932 τινὶ
1194 1880 1378 1951 τέχνῃ,
1426 1883 1561 1952 πρὸς
1621 1887 1748 1952 μιᾶς

1800 1867 1823 1919 3
1857 1889 2010 1940 rabili
2046 1891 2272 1957 «pradam
2316 1902 2430 1945 arte
2472 1893 2543 1944 ita
2579 1866 3150 1968 compactum,.utprze
3169 1918 3226 1958 se
3254 1907 3420 1963 ferret

175 1963 455 2029 συμφυΐας
503 1963 646 2016 ἰδέαν
677 1969 1069 2037 συναρμοσθὲν,
1114 1971 1301 2040 χρυσῷ
1327 1973 1381 2022 δὲ
1414 1973 1521 2034 πᾶς
1550 1974 1576 2024 ὁ
1607 1991 1758 2043 περι-

171 2054 426 2116 κείμενος
471 2056 668 2117 πέπλος
690 2059 1143 2128 ἀμφιεννύμενος,
1183 2065 1292 2124 τοῖς
1323 2080 1755 2132 παραγεγυμνω-

173 2147 359 2212 μένοις
402 2151 494 2200 καὶ
523 2147 775 2219 ἁχρὺσοίς
825 2153 916 2204 τοῦ
954 2152 1200 2220 σώματος
1256 2155 1335 2216 είς
1393 2155 1668 2224 ἄφραστόν
1703 2174 1752 2212 τι

174 2241 528 2307 συνεφαίνετο
589 2245 805 2304 κάλλος.
851 2244 1152 2298 Ἑστῶτιδὲ
1201 2247 1338 2316 μετὰ
1385 2249 1570 2318 χεῖρας
1617 2235 1747 2318 ἦῦὴ

153 2331 399 2397 -κιθαρα,
427 2333 870 2399 μουσηγετοῦντά
895 2353 1010 2386 τινα
1037 2337 1449 2406 ἑκμιμουμένῳ,
1485 2339 1543 2390 αῖ
1568 2357 1626 2391 τε
1661 2341 1752 2393 κά·

175 2439 277 2489 μαι
307 2425 398 2475 καὶ
437 2424 531 2491 τῆς
567 2426 779 2494 Δάφνης
805 2429 831 2477 ὁ
868 2427 1150 2494 στέφανος,
1175 2430 1262 2479 τὸν
1291 2432 1490 2497 χρυσον
1546 2434 1750 2499 ἀναμὶξ

171 2515 462 2584 ἐπήνθουν,
493 2517 569 2577 ὠς
599 2517 792 2586 ἔμελλε
827 2518 983 2586 χάρις
1016 2517 1412 2588 ὲξαστράπτειν
1441 2521 1605 2592 πολλὴ
1637 2526 1748 2585 τοῖς

172 2608 497 2676 Θεωμένοις.
556 2608 835 2662 ’Υὰκινθοί
865 2627 921 2670 τε
942 2611 1086 2679 αὐτῷ
1113 2610 1204 2663 δύο
1228 2611 1363 2664 λίθοι
1391 2614 1616 2682 μεγάλοι
1657 2617 1745 2666 τὸν

167 2699 281 2747 τῶν
323 2698 614 2767 ὀφθαλμῶν
639 2702 970 2770 ἐξεπλήρουν
1001 2702 1167 2754 τύπον
1225 2705 1366 2755 κατὰ
1400 2705 1620 2775 μνήμην
1649 2704 1742 2758 τοῦ

180 2789 519 2855 ’Λμυκλαίου
552 2792 738 2852 παιδὸς
781 2791 1090 2844 Ὑακίνθου.
1118 2796 1222 2846 Καὶ
1248 2796 1335 2846 ἀεὶ
1363 2797 1421 2848 τὸ
1450 2798 1554 2848 τῶν
1584 2798 1743 2854 λίθων

165 2880 368 2942 κάλλος
425 2884 518 2933 καὶ
568 2884 796 2950 μέγεθος
852 2883 944 2933 τὸν
1001 2885 1256 2951 μέγιστον
1295 2889 1608 2955 προσετέλει
1665 2891 1741 2960 τῷ

167 2972 451 3039 ἀγάλματι
483 2974 708 3043 κόσμον,
733 2974 798 3026 ἵν’
829 2974 910 3026 ὅτι
957 2974 1228 3037 πλείστοις
1273 2976 1580 3028 ἀπατᾶσθαι
1612 2981 1740 3048 περὶ

162 3063 333 3115 αὑτοῦ
366 3067 639 3135 συμόαίνῃ
667 3067 742 3135 τῷ
783 3066 1102 3136 περικαλλεῖ
1147 3067 1246 3135 τῆς
1297 3071 1736 3140 προφαινομένης

1857 1982 2092 2049 speciem
2163 1984 2323 2035 unius
2351 1985 2748 2040 coalescentizn.
2797 1988 2946 2043 Auro
3017 2003 3195 2047 autem
3248 1997 3414 2054 illitus

1857 2080 2023 2132 totus,
2059 2074 2147 2140 qui
2179 2075 2506 2128 induebatur
2527 2067 2778 2139 amictus,
2821 2082 3058 2146 nudatis,
3091 2093 3144 2138 et
3174 2101 3282 2140 non
3317 2106 3414 2142 au—

1853 2161 1986 2214 ratis
2027 2165 2270 2230 corporis
2301 2164 2561 2232 partibus,
2591 2169 2914 2224 ostendebat
2943 2175 3253 2243 quamdam,
3292 2197 3414 2250 qua

1851 2253 1955 2306 dici
2010 2269 2114 2306 non
2165 2267 2364 2323 potest,
2409 2258 2893 2326 pulchritudinem.
2930 2263 3104 2321 Stauti
3140 2285 3268 2326 vero
3297 2281 3417 2328 erat

1800 2413 1802 2416 ν
1853 2346 1905 2397 in
1961 2347 2213 2401 manibus
2275 2349 2509 2410 cithara,
2585 2363 2636 2405 et
2675 2368 2792 2405 eam
2848 2355 3134 2413 videbatur
3174 2364 3410 2431 pulsare.

1848 2438 2029 2490 Com-ae
2063 2449 2245 2493 autem
2280 2451 2332 2494 et
2385 2443 2522 2494 lauri
2560 2459 2757 2498 corona
2808 2465 2938 2504 auro
2987 2450 3254 2509 ﬂorebant
3283 2473 3409 2524 per-

1847 2528 2031 2589 misto,
2100 2540 2156 2582 ut
2205 2547 2392 2599 magna
2429 2533 2712 2603 effulgeret
2752 2543 2922 2607 gratia
2989 2549 3405 2611 spectatoribus.

1846 2615 2270 2689 Duoque'magui
2301 2622 2576 2692 hyacinthi
2603 2626 2895 2695 implebant
2927 2633 2975 2686 ci
3009 2633 3230 2703 ﬁguram
3273 2655 3406 2693 ocu-

1845 2707 2042 2773 lorum,
2106 2712 2159 2764 in
2220 2715 2536 2769 memoriam
2584 2716 2870 2788 Hyacinthi
2928 2727 3081 2792 pueri
3123 2727 3400 2800 Amyclaei.

1848 2803 1908 2855 Et
1940 2818 2274 2869 gemmarum
2308 2807 2655 2874 pulchritudo
2706 2821 2760 2866 et
2810 2817 3121 2885 magnitudo
3187 2821 3405 2892 imagini

1845 2892 2136 2946 iunximqu
2179 2895 2435 2950 afferebat
2477 2909 2749 2962 ornatum,
2785 2903 2920 2956 adeo
2953 2915 3009 2958 ut
3046 2921 3204 2975 quam
3232 2911 3404 2977 pluria

1842 2983 1947 3035 mis
1977 2985 2028 3035 in
2059 2999 2122 3037 eo
2159 2987 2330 3054 decipi
2363 2989 2720 3058 contingeret,
2755 3000 2814 3043 ut
2844 2995 2932 3060 qui
2975 3006 3198 3066 propter
3235 3016 3402 3070 appa-

1841 3074 2014 3126 rentis
2079 3075 2270 3129 forma:
2338 3079 2837 3146 pulchritudinem,
2891 3085 3266 3142 inescarentnr
3335 3094 3399 3147 ad

167 3159 410 3225 μορφῆς,
463 3161 538 3219 είς
579 3160 637 3209 τὸ
689 3162 1044 3227 προσκυνεῖν·
1073 3161 1222 3229 αὐτῷ
1269 3160 1680 3228 δελεαζομένοις
1715 3177 1727 3189 ·

1839 3180 1965 3218 eum
2008 3166 2366 3222 adorandum.
2421 3170 2573 3233 Quod
2627 3174 2840 3239 quidem
2876 3177 2977 3245 ipsi
3018 3194 3247 3249 quoque
3304 3183 3404 3239 Ju-

162 3252 303 3319 ὃπερ
330 3248 422 3302 οὖν
454 3253 545 3301 καὶ
577 3252 735 3312 αὐτὸς
777 3251 1058 3312 Ἰουλιανός
1084 3252 1363 3316 πεπονθὼς
1389 3251 1473 3320 ἦν.
1503 3255 1731 3307 ιιλείονα

159 3342 295 3406 γοῦν
398 3341 643 3409 σύμπασι
673 3345 784 3403 τοῖς
821 3343 998 3404 ἄλλοις
1034 3343 1306 3408 ἀγάλμασι
1351 3343 1594 3410 προσῆγε
1634 3346 1731 3412 τὴν

161 3434 485 3503 θεραπείαν,
530 3435 812 3503 χιλιόμὸας
845 3435 971 3498 ὅλας
1020 3435 1078 3500 ἐξ
1109 3437 1340 3489 ἑκάστου
1367 3436 1552 3502 γένους
1581 3436 1726 3506 αὐτῷ

164 3525 452 3594 θυόμενος,
482 3531 572 3577 καὶ
622 3527 1039 3594 ἀντιλαμεανων
1071 3529 1401 3596 χρηστήρια.

232 3625 352 3674 ΛΔ¹.
404 3621 554 3669 Ἐπεὶ
683 3617 831 3686 αὐτῷ
878 3619 1055 3669 πάντα
1085 3623 1150 3670 τὰ
1192 3621 1482 3688 ἀγάλματα
1539 3620 1731 3690 βαθεῖα

159 3713 345 3779 σιωπὴ
381 3709 648 3778 κατεῖχέν,
696 3711 948 3774 ἐνταῦθα,
986 3710 1210 3784 νομίσας
1243 3713 1306 3764 τὰ
1333 3713 1440 3766 ἀπὸ
1473 3714 1570 3780 τῆς
1602 3730 1732 3781 γοη-

158 3807 312 3866 τείας
385 3805 577 3868 ὲνδεῖν,
650 3806 713 3873 ἢν
772 3805 1082 3872 ἱερουργίαν
1121 3803 1390 3854 ’καλοῦσιν
1445 3803 1724 3872 Ἕλληνες,

157 3893 424 3946 Εὑσέὕιον
476 3912 598 3946 τινα
660 3895 915 3960 μέγιστον
993 3893 1084 3943 ἐπὶ
1125 3892 1201 3959 τῷ
1254 3892 1426 3944 ταῦτα
1465 3893 1725 3946 δύνασθαι

157 3989 501 4055 κεκτημένον
548 3987 604 4034 ὲν
653 3984 877 4051 Ἕλλησι
956 3983 1132 4044 κλέος,
1210 3985 1724 4054 μεταπεμψάμενος,

153 4077 337 4146 τούτῳ
379 4077 769 4145 προσέταττεν,
793 4075 1050 4127 ὲπίπνοον
1086 4075 1166 4126 ὅτι
1207 4075 1447 4140 μάλιστα
1476 4080 1533 4128 τὸ
1567 4077 1726 4143 ἄγαλ-

159 4187 262 4239 μα,
289 4173 384 4221 καὶ
420 4172 636 4235 ἐνεργὸν
698 4167 1038 4232 ἀποφαίνειν,
1070 4168 1296 4234 μηδενὸς
1342 4160 1417 4219 ὧν
1450 4170 1529 4229 εἰς
1569 4170 1725 4221 τοῦτο

156 4260 419 4327 προσδεῖν
470 4259 614 4326 αὐτῷ
663 4259 868 4325 νομίζοι
902 4255 1236 4326 φέιδόμενον.
1279 4257 1366 4326 Τῷ
1405 4257 1481 4321 δὲ,
1537 4259 1722 4329 ἐπειδὴ

156 4354 346 4412 πάσας
393 4348 587 4402 ἑαυτοῦ
630 4350 939 4416 κεκινηκὸτι
993 4351 1090 4410 τὰς
1145 4349 1388 4418 μηχανὰς
1430 4352 1522 4402 καὶ
1561 4353 1724 4419 μηδὲν

150 4443 182 4495 ὃ
217 4460 273 4497 :t
309 4443 466 4495 πλέον
499 4443 563 4493 ἂν
608 4441 910 4507 ἐννοήσειεν
940 4439 1343 4507 ὑπολιπομένῳ,
1390 4440 1479 4490 τὸν
1540 4441 1720 4507 ὅμοιον

1837 3255 1981 3309 liano
2029 3265 2307 3321 evenerat.
2385 3258 2641 3328 Majorem
2687 3276 2833 3318 certe
2883 3268 2929 3319 ci
2985 3270 3187 3322 cultum
3245 3275 3403 3327 exhi-

1833 3348 2012 3410 bebat,
2048 3366 2206 3417 quam
2239 3354 2492 3407 omnibus
2532 3355 2652 3409 aliis
2686 3356 3027 3427 imaginibhs,
3069 3377 3130 3414 ex
3175 3364 3403 3434 singulis

1833 3441 2120 3509 generibus
2172 3442 2218 3494 ei
2282 3444 2446 3496 millia
2514 3448 2846 3511 sacriﬁcans,
2890 3453 3046 3505 etab
3095 3468 3162 3506 eo
3208 3470 3404 3525 exspe-

1834 3541 1990 3586 ctans
2023 3547 2303 3602 responsa.

1906 3615 2148 3676 XXXIV.
2177 3627 2310 3677 Cum
2350 3634 2527 3680 autem
2556 3641 2746 3683 omnes
2771 3628 3032 3702 imagines
3071 3635 3399 3703 profundum

1833 3724 2040 3768 teneret
2071 3716 2375 3782 silentium,
2408 3720 2720 3774 existimans
2760 3739 2896 3791 opus
2931 3740 3049 3779 esse
3089 3733 3394 3800 praestigiis,

1830 3821 1964 3873 quas
1986 3806 2153 3859 Graeci
2183 3819 2377 3861 vocant
2393 3809 2742 3879 hicrurgialn,
2762 3817 3023 3868 aecersito
3041 3821 3398 3887 quodamﬁn-

1830 3895 2002 3957 sebio,
2028 3911 2186 3964 quem
2213 3898 2262 3950 in
2284 3899 2534 3967 gentibus
2563 3899 2702 3953 fatua
2733 3914 2848 3956 erat
2875 3904 2973 3957 hac
3003 3907 3052 3957 in
3085 3923 3141 3960 rc
3168 3913 3393 3965 multum

1833 4003 2014 4056 posse,
2056 3989 2104 4041 ei
2137 3989 2300 4054 jussit
2328 3999 2383 4042 ut
2411 4005 2570 4058 quam
2600 3993 2830 4046 maxime
2871 3995 3165 4062 spirantem
3199 4007 3252 4050 et
3279 4000 3392 4052 eiii-

1827 4095 2011 4133 cacem
2101 4082 2348 4134 redderet
2397 4082 2719 4150 imaginem,
2776 4085 2908 4137 nulli
2957 4087 3032 4140 rei
3097 4091 3389 4156 parcendo,

1825 4186 1927 4240 qua
1981 4171 2044 4223 ad
2085 4171 2189 4223 hoc
2216 4186 2352 4240 opus
2393 4187 2514 4225 esse
2541 4184 2809 4227 censeret.
2859 4174 2995 4228 Cum
3040 4188 3220 4232 autem
3258 4182 3391 4233 nihil

1825 4281 1934 4318 non
1971 4265 2472 4320 essetmachinatus
2494 4305 2508 4328 ,
2541 4273 2594 4319 et
2617 4266 2750 4319 nihil
2787 4270 3216 4336 praetermisisset
3247 4275 3390 4340 quod

1825 4355 1931 4407 sibi
1964 4355 2016 4406 in
2050 4349 2595 4418 mentem'venisset,
2652 4355 2744 4410 ille
2773 4366 2950 4411 tamen
2988 4360 3174 4412 eodem
3230 4363 3391 4416 modo

1826 4449 2103 4513 tacuisset,
2151 4464 2326 4517 neque
2350 4450 2516 4518 magis
2550 4466 2710 4517 quam
2742 4461 2898 4502 antea
2933 4453 3264 4519 loqueretur,
3298 4455 3393 4508 hic

151 4537 526 4603 ὲσεσιωπῄκει
563 4533 656 4585 καὶ
694 4534 834 4583 κατὰ
858 4531 1019 4599 φύσιν
1058 4531 1277 4598 τρόπον,
1304 4531 1455 4581 οὐδέν
1490 4549 1541 4582 τι
1579 4533 1712 4599 μᾶλ-

1821 4544 1928 4613 jam
1985 4552 2200 4612 rogatus
2231 4559 2258 4594 a
2288 4541 2522 4606 Juliano,
2550 4558 2650 4597 cur
2686 4542 2918 4597 maxime
2963 4554 3185 4611 taceret,
3225 4548 3388 4617 idque

151 4628 249 4680 λον
285 4627 318 4697 ἢ
356 4629 447 4677 καὶ
484 4624 717 4694 πρόσθεν
749 4622 1138 4690 φθεγγόμενος,
1163 4621 1397 4672 ἐνταῦθα
1442 4622 1542 4691 ἤδη
1585 4626 1718 4691 πρὸς

148 4719 252 4772 τοῦ
310 4717 598 4769 Ἰουλιανοῡ
661 4715 1034 4786 ἐρωτώμενος,
1088 4714 1182 4765 καὶ
1227 4712 1414 4766 καθότι
1482 4713 1678 4782 μάλιστ

151 4809 402 4872 σιωπῶν,
439 4806 543 4860 ’καὶ
589 4807 761 4861 ταῦτα
792 4805 1008 4858 πάντων
1055 4803 1409 4857 τελεσθέντων
1439 4807 1526 4857 ἐπ’
1572 4806 1718 4874 αὐτῷ

147 4905 265 4958 τῶν
296 4900 794 4972 νομιζομένων,τὸν
823 4898 1068 4950 Βαϐύλαν
1097 4897 1198 4966 ἔφη
1237 4897 1334 4966 τῆς
1367 4897 1578 4967 σιωπῆς
1603 4898 1720 4950 τού-

146 5014 248 5047 του
268 5014 325 5047 τε
357 4998 447 5046 καὶ
472 4991 576 5045 τῶν
607 4991 807 5042 λοιπῶν
835 4991 1163 5059 ἀγαλμάτων
1210 4988 1527 5043 αἰτιώτατον
1554 4987 1713 5055 εἶναι,

144 5087 316 5142 αὑτοῦ
341 5088 396 5140 ὲν
424 5089 487 5156 τῇ
508 5086 692 5157 Δάφνῃ
715 5086 989 5152 κειμένου,
1008 5083 1079 5144 ὡς
1107 5083 1216 5135 τῶν
1247 5083 1381 5135 θεῶν
1407 5083 1496 5133 τὸν
1526 5083 1716 5152 νεκρὸν

146 5180 319 5235 αὑτοῦ
351 5178 806 5249 βδελυττομένων,
826 5181 916 5227 καὶ
941 5177 1026 5228 διὰ
1051 5174 1208 5227 τοῦτο
1249 5178 1359 5236 τοῖς
1395 5174 1539 5226 ἔθεσι
1571 5176 1717 5241 σφῶν

146 5274 440 5343 ἑπιφοιτᾷν
489 5273 588 5324 οὐκ
647 5269 1006 5341 ἀνεχομένωνι
1055 5272 1127 5324 Οὐ
1157 5271 1262 5339 γὰρ
1310 5269 1568 5333 ἠϐούλετο
1618 5286 1716 5340 την

146 5363 525 5438 ἀληθεστάτην
566 5365 744 5416 αἰτίαν
773 5365 966 5428 εἰπεῖν,
1023 5364 1049 5413 ὁ
1100 5363 1414 5416 παντάπασί
1447 5379 1506 5427 γε
1541 5361 1710 5431 αὐτῆς

143 5457 547 5528 ἀνεπαίσθητος
578 5455 836 5524 γεγονὼς,
863 5457 945 5509 ὅτι
971 5453 1033 5523 δὴ
1069 5454 1332 5524 κρείττων
1387 5454 1614 5522 δύναμις
1643 5451 1710 5524 ἦν

1826 4651 1947 4687 cum
1989 4635 2124 4688 facta
2162 4642 2347 4688 essent
2374 4634 2554 4688 omnia
2579 4675 2592 4696 ,
2622 4651 2741 4703 quae
2777 4635 2843 4688 de
2878 4651 3025 4689 more
3054 4636 3205 4700 ﬁunt,
3231 4640 3385 4700 dixit,

1827 4725 2078 4794 Babylam
2128 4738 2248 4780 esse
2299 4726 2622 4792 praecipuam
2667 4738 2883 4778 causam
2911 4723 3109 4779 silentii
3146 4736 3253 4780 tam
3289 4729 3389 4781 hu-

1819 4820 1930 4888 jus,
1974 4832 2132 4885 quam
2164 4815 2490 4884 reliquarum
2525 4815 2846 4884 imaginum,
2888 4833 3010 4870 cum
3055 4817 3100 4870 is
3139 4819 3278 4872 situs
3301 4835 3388 4871 es-

1825 4915 1907 4958 set
1933 4905 1982 4956 in
2014 4905 2235 4970 Daphne
2266 4912 2445 4970 utpote
2471 4906 2611 4971 quod
2635 4905 2707 4958 dii
2730 4907 2846 4974 ejus
2864 4908 3096 4961 cadaver
3121 4909 3385 4962 abhorre-

1821 5008 1962 5059 rent,
1985 5007 2038 5050 el
2077 4995 2200 5050 ideo
2224 5011 2493 5051 moresno
2528 4998 2713 5050 venire
2753 5013 2857 5049 non
2896 5000 3385 5052 sustinerent.l\'o-

1823 5090 1970 5143 lebat
2004 5090 2144 5142 enim
2170 5089 2218 5141 ei
2243 5104 2457 5141 causam
2481 5089 2662 5141 dicere
2685 5088 3052 5153 verissimam,
3076 5091 3217 5156 quod
3240 5091 3384 5143 scili-

1821 5189 1908 5236 cet
1934 5189 2051 5235 erat
2082 5189 2269 5248 aperte
2290 5177 2463 5246 major
2487 5179 2681 5246 virtus,
2709 5195 2827 5249 quae
2851 5181 3163 5250 alligaverat
3187 5182 3384 5241 deamo-

1822 5291 1950 5330 num
1983 5271 2362 5341 operationes:
2395 5273 2628 5324 maxime
2658 5287 2779 5325 cum
2808 5272 3038 5334 daemon,
3069 5273 3160 5337 qui
3188 5274 3382 5340 agebat

1824 5365 2148 5435 Apollinem,
2201 5363 2248 5416 ei
2286 5371 2473 5431 aperte
2513 5361 2903 5432 respondisset,
2946 5370 3005 5414 ut
3063 5361 3281 5424 dicitur,
3323 5380 3384 5417 se

1819 5472 1926 5511 non
1952 5470 2112 5524 posse
2136 5454 2278 5523 loqui
2308 5462 2529 5523 propter
2549 5453 2820 5526 Babylam.

146 5556 362 5621 σαφῶς,
383 5555 416 5621 ἡ
451 5552 546 5614 τὰς
571 5549 678 5602 τῶν
711 5548 980 5617 δαιμόνων
999 5547 1274 5618 ἐνεργείας
1338 5549 1708 5620 πεδησαμένη,
1770 5552 1941 5611 ἄλλως
1971 5565 2027 5598 τε
2069 5549 2160 5600 καὶ
2188 5546 2278 5600 τοῦ
2313 5545 2561 5612 δαίμονος
2617 5547 2766 5614 αὐτῷ
2802 5545 2894 5597 τοῦ
2924 5545 3014 5596 τὸν
3056 5545 3386 5597 Ἀπόλλωνα·

112 5673 114 5675 ’
145 5650 590 5719 ὑποκριναμένου
621 5644 808 5714 σαφῶς
845 5643 1162 5716 διαρρήδην,
1197 5643 1269 5705 ὼς
1299 5641 1535 5707 λέγεται,
1584 5645 1886 5715 εἰρηκότος.
1919 5641 1992 5710 μὴ
2022 5639 2279 5702 δύνασθαι
2317 5636 2494 5691 λαλεῖν
2528 5637 2617 5690 διὰ
2645 5635 2909 5690 Βαὸὑλαν.

218 5744 345 5798 AE’.
379 5747 436 5798 Ὀ
468 5748 575 5814 γὰρ
600 5744 662 5813 δὴ
693 5739 938 5802 Βαὸύλας
966 5735 1120 5803 οὗτος
1171 5739 1384 5806 λέγεται
1408 5738 1704 5801 ἐπίσκοπος

148 5841 248 5904 μὲν
277 5837 527 5901 γενέσθαι
549 5838 641 5902 τῆς
681 5835 1031 5901 ’Δντιοχείαςο
1059 5832 1413 5900 Νουμεριανῷ
1429 5831 1482 5884 δὲ
1519 5830 1592 5898 τῷ
1620 5831 1712 5896 βα-

1876 5733 2092 5790 Χχκν.
2115 5734 2210 5788 Hic
2228 5734 2368 5786 enim
2389 5732 2612 5802 Babylas
2628 5730 2824 5784 dicitur
2841 5728 3054 5799 quidem
3073 5725 3239 5782 fuisse
3271 5729 3383 5796 epi-

1822 5843 2019 5896 scopus
2042 5827 2359 5891 Antiochia,
2381 5823 2766 5880 Numerianum
2785 5833 2962 5876 autem
2984 5820 3383 5889 imperatorem.
