4198 6312
223 351 349 416 1905

1360 354 1829 415 MABTYRIUM
1876 358 1944 418 S.
1981 358 2329 420 ARTEMII.

3329 366 3460 428 1206

217 467 369 532 θεῶν,
402 468 788 538 ἀφρονέστατε,
824 470 1183 538 σεμνύνεσθαι
1213 469 1269 523 δὲ
1314 473 1407 522 καὶ
1440 472 1654 541 χαίρειν
1702 472 1785 537 ἐφ’

1894 484 2106 526 tuorum
2156 473 2404 538 deorum,
2446 488 2477 528 ο
2522 473 2842 528 stultissime
2878 493 2890 528 :
2938 475 3150 543 gloriari
3184 481 3363 530 autem
3408 491 3459 531 et

214 556 293 623 οἷς
323 563 350 613 ὁ
378 561 509 623 Θεός
538 578 637 631 μου
668 560 787 613 καθ’
822 562 1057 632 ἑκάστην
1088 562 1517 633 θαυματουργεῖ,
1552 566 1771 634 ἐκδίκη-

220 669 299 703 σιν
325 651 379 703 δὲ
406 650 514 703 τῶν
539 650 685 720 παρὰ
726 650 837 705 σοῦ.
862 669 949 721 μοι
976 653 1326 720 ἐπαγομένων
1366 656 1484 707 ἐκεῖ
1525 655 1770 724 δέξομαι,

214 744 407 795 ὁπόταν
442 743 501 795 τὸ
549 744 656 813 πῦρ
687 744 859 796 ἐκεῖνό
889 761 945 796 σε
974 744 1280 815 καταλάϐῃ,
1328 747 1422 799 καὶ
1459 749 1490 816 ή
1541 747 1776 800 διαιωνίο

216 837 374 898 ζουσα
394 836 630 898 κόλασις.
652 835 944 888 Κάνταῦθα
970 837 1026 889 δὲ
1061 839 1121 889 ού
1142 839 1275 891 πολὺ
1297 840 1353 890 τὸ
1379 840 1565 908 μέσον,
1598 841 1689 892 καὶ
1712 842 1774 893 τὸ

220 928 364 996 «Mm
378 928 601 993 μόσυνόν
623 946 713 980 σου
735 929 1012 981 ἀπολεῖται
1034 933 1151 999 μετ’
1171 932 1321 1000 ἤχου.
1358 950 1375 981 ι
1425 934 1532 984 Καὶ
1553 935 1579 985 ὁ
1597 951 1772 1003 παρα-

217 1018 378 1086 εάτης
401 1035 415 1049 ·
450 1019 512 1071 Εἰ
540 1018 631 1071 οὖν
674 1020 764 1070 ἐπὶ
793 1018 1006 1079 τούτοις
1037 1021 1267 1089 ἀγάλλῃ,
1311 1021 1631 1089 προσθήκην
1665 1024 1774 1088 ἐγώ

218 1126 294 1161 σοι
323 1111 471 1179 θήσω
514 1110 611 1175 τῆς
638 1109 848 1178 ἡδονῆς.
908 1110 1069 1162 Ἀλλὰ
1099 1111 1347 1179 φεῖδομαί
1368 1129 1460 1164 σου
1489 1113 1772 1166 διὀἱκείαν

215 1202 569 1271 χρηστότητα,
586 1202 678 1253 καλ⁹
694 1202 951 1270 βούλομαὶ
969 1220 1026 1254 σε
1038 1205 1135 1272 τῆς
1156 1206 1550 1268 οἰκείαςάνοίας
1572 1207 1774 1258 παυσά-

218 1312 391 1363 μενον,
414 1294 647 1363 σώφρονι
670 1294 916 1363 λογισμῷ
937 1296 1269 1365 χρήσασθαι,
1293 1299 1386 1349 καί
1405 1298 1773 1367 προσελθόντα

215 1387 369 1438 θῦσαι
408 1389 519 1447 τοῖς
547 1386 831 1449 ἀθανάτοις
862 1388 1023 1447 θεοῖς.
1061 1389 1165 1439 Καὶ
1210 1388 1480 1457 ἀξιώματι
1524 1390 1631 1460 γάρ
1680 1407 1773 1457 με-

214 1478 381 1547 γίστῳ
410 1478 725 1547 τετίμησαι,
750 1480 843 1531 καὶ
870 1478 1094 1540 πλοῦτος
1127 1480 1305 1542 ἱκανὸς
1334 1480 1539 1534 ἄνωθέν
1578 1498 1657 1532 σοι
1681 1483 1775 1533 καὶ

214 1573 276 1622 ἐκ
308 1571 590 1639 προγόνων
622 1570 1045 1639 συνήθροισται,
1089 1570 1180 1621 καὶ
1228 1572 1437 1632 πολλοῖς
1464 1589 1523 1623 σε
1555 1572 1771 1623 πλεονεο

215 1664 485 1730 κτήμασιν
508 1664 705 1731 ἀρετῆς
738 1661 1047 1729 ἐκόσμησαν
1067 1661 1114 1711 οἱ
1140 1660 1271 1721 θεοὶ,
1296 1660 1569 1724 κᾶναύτὸς
1587 1661 1774 1729 ὤφθης

218 1756 339 1821 περὶ
367 1754 491 1815 τοὺς
530 1753 968 1821 εύηργετηκότας
997 1752 1313 1821 ἀχάριστος.
1338 1754 1446 1805 Καὶ
1477 1755 1503 1805 ὁ
1529 1755 1734 1824 μάρτυς
1757 1772 1769 1784 ·

215 1844 277 1898 Ti
312 1844 507 1915 μαίνῃ,
545 1844 977 1913 παρανομώτατε
1000 1885 1013 1909 ,
1076 1845 1168 1895 καὶ
1202 1844 1404 1915 ἀσχολῇ
1457 1846 1549 1897 ἐπὶ
1603 1847 1774 1898 τοῖσδε

212 1939 319 1999 τοῖς
351 1937 656 2006 ἀνονήτοις,
706 1938 872 1999 ἐάσας
902 1953 959 1988 τε
987 1937 1084 1998 τὰς
1120 1934 1460 2008 βαρὸαρικὰς
1480 1939 1781 1992 ἐπαναστά-

216 2047 344 2093 σεις,
384 2030 477 2081 καὶ
529 2030 618 2081 τὸν
648 2030 914 2099 Περσικὸν
948 2031 1352 2099 ἀναϐαλόμενος
1399 2031 1654 2100 πόλεμον,
1711 2033 1778 2085 δι’

211 2122 268 2171 ὃν
300 2122 399 2189 τὴν
439 2122 767 2189 οἰκουμένην
813 2124 995 2173 πᾶσαν
1038 2123 1355 2185 ἐσάλευσας,
1403 2125 1482 2186 εἰς
1533 2125 1633 2192 ἐμὲ
1690 2125 1802 2177 τὸν

211 2213 302 2266 τοῦ
335 2212 469 2266 Θεοῦ
526 2213 708 2265 δοῦλον
743 2214 839 2281 τὴν
874 2216 1002 2282 ὃλην
1056 2217 1210 2282 ἄγεις
1267 2218 1502 2287 σχολήνς
1541 2219 1641 2271 "Ov
1690 2215 1782 2272 οὖν

213 2309 391 2376 βούλει
423 2308 544 2361 καθ’
580 2310 731 2376 ἡμῶν
761 2310 986 2361 θάνατον
1016 2313 1317 2377 ἀποφαῖνον
1342 2331 1353 2342 ·
1383 2314 1491 2380 ἐγὼ
1523 2316 1628 2383 γὰρ
1659 2315 1782 2368 οὔτε

209 2404 320 2463 τοῖς
348 2400 488 2462 θεοῖς
523 2418 618 2452 σου
652 2402 923 2470 λατρεύω,
960 2400 1083 2452 οὗτε
1117 2405 1223 2463 τοῖς
1254 2407 1642 2472 προστάγμασι
1672 2411 1783 2469 τοῖς

219 2495 333 2553 σοῖς
360 2493 639 2562 πείθομαι.

294 2583 431 2638 MA'.
475 2587 657 2639 Ταῦτα
706 2587 733 2640 ὁ
786 2589 1106 2658 παραϐάτης
1161 2589 1420 2652 ἀκούσας,
1472 2592 1565 2643 καὶ
1611 2589 1783 2663 θυμοῦ

212 2676 480 2744 πλησθεὶς
572 2677 670 2746 τὴν
738 2681 983 2747 καρδίαν,
1053 2684 1321 2751 λατέμονς
1405 2684 1787 2750 μετακαλεῖται

208 2770 303 2823 καὶ
329 2767 621 2833 λιθοξόους,
651 2772 771 2834 καὶ,
821 2770 1037 2840 Ὁρᾶτε,
1068 2774 1192 2842 ἔφη,
1232 2776 1387 2841 τήνδε
1426 2776 1522 2845 τὴν
1548 2779 1784 2846 πέτραν;

211 2860 390 2924 δεῖξας
416 2860 690 2930 ἀπότομόν
712 2878 833 2914 τινα
860 2865 1143 2916 κατέναντι
1168 2864 1261 2916 τοῦ
1288 2865 1513 2933 θεάτρου
1543 2883 1554 2899 ο
1582 2866 1785 2934 ταύτην

208 2952 334 3021 διχῆ
367 2953 652 3018 διελόντες,
693 2955 789 3006 καὶ
823 2955 1053 3026 θάτερον
1106 2957 1271 3027 μέρος
1320 2959 1398 3020 εἰς
1436 2958 1541 3026 γῆν
1595 2958 1817 3012 ὕπτιον·

217 3043 458 3113 θέμενοι,
485 3047 691 3099 ἄνωθέν
718 3066 775 3100 τε
812 3049 971 3100 αὐτὸν
1004 3050 1452 3118 ύεραπλὼσαντες,
1494 3052 1570 3121 τῷ
1620 3053 1791 3121 ἑτέρῳ

1875 559 2049 624 lmtari
2084 575 2306 635 propter
2337 566 2618 629 miracula,
2649 581 2768 635 quae
2794 563 2935 619 Deus
2974 581 3125 619 meus
3157 566 3281 619 facit
3320 583 3459 639 quo~

1884 661 2034 715 tidie.
2072 660 2341 717 Ultionem
2381 672 2510 712 vero
2542 671 2756 717 eorum,
2789 670 2908 725 quae
2944 670 2972 708 a
3019 667 3070 709 te
3102 655 3233 709 mihi
3279 656 3459 709 inten-

1880 764 2082 816 tantur,
2114 752 2223 806 illic
2250 750 2539 819 accipiam,
2573 748 2793 818 quando
2832 757 2881 802 te
2914 748 3051 817 ignis
3081 748 3171 801 ille
3212 763 3457 816 compre-

1879 845 2127 898 henderit
2180 853 2235 897 et
2270 852 2534 895 aaternum
2570 840 2921 909 supplicium.
2953 839 3119 893 Porro
3147 847 3329 893 autem
3368 840 3455 892 hic

1876 950 2115 1004 quoque,
2151 950 2259 987 non
2299 933 2470 987 multo
2502 932 2798 998 intcrjecto
2840 940 3103 998 tempore,
3142 949 3158 979 ι
3200 929 3452 986 Memoria

1876 1035 1965 1084 tua
1983 1027 2180 1094 peribit
2199 1041 2318 1079 cum
2339 1025 2519 1078 sonitu
2538 1024 2601 1075 ¹⁰.
2630 1042 2646 1073 ι
2664 1021 3002 1091 Foediiragus
3022 1036 3152 1075 vero
3170 1020 3448 1075 Julianus:

1873 1119 2006 1172 Cum
2042 1118 2257 1172 videam
2295 1126 2345 1170 te
2376 1114 2657 1184 suppliciis
2691 1112 2971 1174 delectari,
3007 1128 3107 1181 ego
3141 1112 3233 1165 tibi
3270 1126 3453 1167 acceso

1875 1212 2085 1265 sionem
2126 1210 2347 1263 afferam
2384 1208 2697 1277 voluptatis.
2737 1205 2842 1260 Sed
2889 1205 2985 1258 libi
3035 1219 3199 1273 parco
3231 1213 3446 1273 propter

1877 1318 2049 1355 meam
2079 1300 2491 1371 benignitatem,
2525 1311 2579 1354 et
2608 1299 2731 1353 volo
2763 1308 2832 1361 te,
2862 1297 3083 1351 dimissa
3124 1298 3446 1370 ignorantia,

1878 1392 2105 1463 sapienti
2140 1392 2214 1444 uti
2260 1371 2712 1453 ratiocinatione,
2757 1398 2811 1443 et
2861 1389 3204 1443 accedentem
3247 1389 3456 1443 sacrm.

1877 1501 2002 1539 care
2041 1486 2146 1539 diis
2194 1483 2613 1536 immortalibus.
2662 1482 2796 1535 Nam
2833 1492 2883 1536 et
2930 1482 3167 1535 maxima
3193 1482 3454 1551 dignitate

1877 1594 1936 1632 es
1968 1587 2217 1640 ornatus,
2243 1584 2297 1629 et
2329 1575 2461 1628 satis
2492 1589 2697 1645 magnae
2733 1575 2934 1627 divitiae
2962 1591 2987 1625 a
3026 1577 3132 1629 tuis
3158 1575 3457 1641 majoribus

1879 1672 1974 1725 tibi
2003 1680 2131 1723 sunt
2177 1676 2539 1739 congregatae,
2573 1676 2626 1720 et
2663 1665 2849 1720 multis
2880 1666 3095 1719 virtutis
3143 1667 3359 1719 dotibus
3405 1675 3458 1719 te

1881 1764 1951 1818 dii
1986 1764 2369 1825 honestarum,
2405 1760 2618 1813 etiamsi
2657 1767 2982 1827 conspectus
3017 1758 3092 1812 sis
3125 1757 3372 1829 ingratus
3400 1757 3456 1811 in

1881 1871 1995 1919 eos,
2039 1855 2129 1924 qui
2182 1866 2233 1909 te
2280 1854 2582 1907 affecerunt
2629 1852 2917 1907 beneﬁcio.
2973 1850 3169 1922 Martyr
3209 1859 3388 1905 autem
3441 1869 3456 1904 :

1881 1948 2018 2013 Quid
2049 1949 2276 2012 insanis,
2316 1941 2511 2015 inquit,
2554 1962 2585 1999 ο
2632 1945 2994 2014 iniquissime,
3062 1954 3115 1998 et
3149 1943 3460 1998 immoraris

1882 2039 1931 2089 in
1963 2038 2065 2097 his,
2099 2050 2217 2104 qua:
2251 2036 2383 2088 nihil
2412 2034 2744 2103 proticiunt?
2771 2036 2991 2086 mittens
3024 2043 3208 2086 autem
3246 2031 3458 2102 aggredi

1882 2128 2172 2192 Barbaros,
2241 2137 2297 2181 et
2343 2128 2546 2183 bellum
2590 2127 2846 2181 ditl‘erens
2893 2126 3191 2190 Persicum,
3236 2132 3459 2194 propter

1883 2219 2026 2289 quod
2070 2220 2385 2273 universum
2437 2218 2619 2272 orbem
2655 2228 2815 2271 terra:
2854 2214 3235 2281 commovisti,
3278 2214 3332 2266 in
3374 2229 3460 2267 me

1890 2314 1978 2366 Dei
2029 2328 2245 2367 servum
2293 2319 2463 2365 totum
2510 2311 2791 2365 consumis
2833 2311 3025 2388 otium.
3066 2309 3463 2377 Quamcunque

1886 2419 2013 2473 ergo
2038 2404 2118 2457 vis
2150 2412 2378 2457 mortem
2415 2405 2469 2457 in
2502 2418 2602 2455 nos
2630 2402 2944 2470 pronuntia.
2973 2400 3081 2467 Ego
3105 2401 3249 2454 enim
3284 2413 3459 2468 neque

1886 2496 2015 2549 deos
2053 2505 2171 2548 tuos
2194 2495 2387 2556 colam,
2421 2506 2600 2561 neque
2624 2492 2732 2546 tuis
2758 2492 2923 2558 jussis
2954 2490 3176 2559 parebo.

1958 2587 2093 2649 XLI.
2142 2588 2267 2641 Haec
2302 2602 2423 2640 cum
2459 2586 2724 2639 audiisset
2764 2582 3034 2645 Julianus,
3071 2595 3124 2639 et
3156 2591 3304 2638 esset
3341 2583 3462 2636 ani-

1892 2696 2010 2735 mus
2031 2681 2146 2751 ejus
2173 2680 2249 2734 ira
2276 2675 2532 2750 repletus,
2552 2679 2784 2732 accersit
2804 2678 3085 2744 lapicidas.
3117 2687 3165 2729 et
3189 2692 3204 2730 :
3231 2673 3457 2738 Videtis,

1893 2775 2084 2843 inquit,
2122 2776 2261 2828 hanc
2293 2771 2542 2842 petram?
2574 2772 2894 2835 (ostendens
2926 2768 3212 2839 quamdam
3255 2781 3459 2839 pracru-

1894 2876 2038 2932 ptam
2075 2881 2136 2919 ex
2170 2866 2394 2919 adverso
2428 2863 2670 2930 theatri).
2703 2861 2833 2915 Eam
2861 2862 2913 2914 in
2950 2862 3084 2916 duas
3115 2872 3293 2931 partes
3318 2856 3460 2915 divi—

1893 2956 2003 3009 dite
2052 2973 2065 3006 :
2105 2967 2160 3009 et
2195 2970 2318 3009 cum
2356 2958 2577 3010 alteram
2623 2965 2829 3026 partem
2869 2957 3117 3026 supinam
3162 2956 3212 3007 in
3262 2966 3459 3009 terram

1896 3048 2225 3118 dejeceritis,
2267 3055 2321 3101 et
2372 3063 2491 3100 eam
2542 3049 2777 3117 desuper
2820 3049 2967 3103 hunc
3021 3047 3322 3101 maleﬁcum
3374 3062 3462 3100 ex.

211 3135 370 3203 μέρει
405 3137 523 3205 μεθ’
548 3138 725 3207 ὁρμῆς
759 3140 1163 3207 συγκαλύψατε,
1197 3138 1435 3203 ῖνόὒτος
1468 3146 1630 3213 μέσος
1660 3146 1789 3197 ἁπο-

1900 3137 2199 3202 tenderitis,
2248 3137 2413 3191 altera
2450 3146 2600 3206 parte
2631 3154 2753 3191 cum
2796 3140 3001 3207 impetu
3050 3140 3224 3208 ipsum
3265 3154 3456 3208 coope-

206 3226 463 3293 ληφθεὶς,
502 3229 715 3298 σάρκας
745 3245 802 3280 τε
831 3230 922 3281 καί
943 3232 1076 3282 όστᾶ
1103 3230 1450 3299 διαφθαρείη,
1477 3236 1571 3284 καὶ
1603 3236 1783 3303 ἔργοις

209 3317 397 3379 αὐτοῖς
435 3317 597 3385 μάθοι
638 3319 747 3371 τίνι
793 3336 853 3373 τε
887 3321 1227 3384 ἀνθίσταται,
1267 3323 1485 3392 καὶτῆς
1517 3324 1608 3377 τοῦ
1651 3326 1784 3378 Θεοῦ

210 3408 385 3461 αὑτοῦ
424 3409 678 3479 βοηθεὶας
710 3414 1145 3482 παραπολαύσοι.
1174 3416 1281 3468 Τοῦ
1307 3416 1471 3486 ἔργον
1502 3419 1554 3471 δὲ
1589 3420 1783 3472 θᾶττον

216 3500 314 3552 τοῦ
348 3501 507 3569 λόγου
552 3506 969 3572 περαιωθέντος,
1000 3508 1092 3559 καὶ
1120 3508 1213 3560 τοῦ
1238 3509 1395 3575 ἁγίου
1432 3511 1540 3564 τῶν
1570 3513 1786 3581 πετρῶν

212 3592 388 3657 μέσον
424 3593 857 3660 ἀποληφθέντος,
913 3597 1152 3667 τοσαύτη
1206 3616 1289 3662 τις
1340 3596 1407 3670 ἦν
1448 3602 1478 3669 ἠ
1528 3602 1787 3664 πιέζουσα

209 3682 409 3734 τοῦτον
443 3683 554 3751 βία,
582 3684 723 3737 ὥστε
753 3687 862 3740 τῶν
890 3689 1064 3743 ὀστῶν
1092 3692 1257 3744 αὐτοῦ
1275 3693 1785 3762 καταθρανομένων,

207 3773 348 3844 ἦχόν
398 3793 518 3828 τινα
571 3779 662 3830 καὶ
706 3781 900 3849 κρότον
958 3786 1071 3843 τοῖς
1135 3785 1349 3845 πολλοῖς
1407 3785 1785 3852 ἐξακούεσθαι,

211 3871 308 3921 καὶ
342 3869 447 3937 γὰρ
481 3872 657 3924 πάντα
689 3876 752 3925 τα
780 3875 930 3935 ἐντὸς
975 3874 1141 3926 αὐτοῦ
1174 3875 1461 3949 διερράγη,
1490 3880 1521 3949 ἠ
1552 3882 1788 3950 ἀρμονξα

207 3979 271 4012 τε
313 3963 464 4015 πᾶσα
496 3965 601 4017 τῶν
636 3965 807 4016 ὀστῶν
863 3968 1240 4036 σύντέτριπτο,
1280 3974 1333 4023 αἱ
1372 3972 1529 4040 κόραι
1569 3990 1627 4025 τε
1680 3975 1788 4026 τῶν

206 4053 515 4123 ὀρθαλμῶν
560 4058 657 4125 τῆς
703 4057 835 4120 ἰδίας
900 4060 1354 4131 ἐκπεπηδήκεσαν
1405 4063 1585 4131 ἕδρας.
1632 4064 1789 4118 ’Λλλᾷ

211 4148 311 4197 καὶ
337 4147 509 4208 οὕτως
544 4148 678 4214 ἔχων
714 4150 979 4217 ἀνάγκης,
1026 4152 1123 4219 τῆς
1159 4153 1296 4217 πρὸς
1335 4152 1465 4203 Θεὸν
1492 4153 1632 4221 ώδῆς
1691 4157 1790 4210 οὐκ

206 4238 637 4308 ἡμέλει,Ἔψαλε
652 4242 777 4310 γὰρ.
796 4240 880 4292 Ἐν
900 4241 1090 4311 πέτρᾳ,
1108 4243 1299 4310 λέγων,
1321 4243 1538 4313 ’ύιξωσάς
1559 4264 1641 4314 με,
1660 4246 1802 4317 ὠδήέ

204 4327 391 4397 γησὰς
432 4347 519 4399 με,
549 4332 628 4382 ὅτι
667 4332 954 4401 ἐγεννήθης
977 4332 1124 4394 ἐλπίς
1141 4351 1237 4403 μου
1259 4334 1460 4404 πύργος
1483 4336 1661 4405 ἰσχύος
1689 4339 1792 4388 ἀπὸ

210 4420 511 4490 προσώπου
538 4422 753 4491 ἐχθροῦ.
792 4426 1064 4493 "Es-ngas;
1095 4427 1187 4478 ἐπὶ
1219 4429 1422 4494 πέτραν
1461 4431 1587 4491 τοὺς
1625 4430 1785 4492 πόδας

211 4531 322 4582 μου
340 4515 429 4565 καὶ
450 4516 782 4579 κατεύθννας
806 4520 870 4567 τὰ
884 4518 1193 4585 διαδήματα
1211 4537 1334 4587 μου.
1371 4521 1529 4585 Δέξαι
1551 4520 1667 4587 οὖν,
1694 4527 1789 4575 παῖ

206 4606 349 4658 Θεοῦ
385 4610 687 4673 μονογενὲς,
730 4610 788 4659 τι
819 4610 1032 4678 πνεῦμά
1067 4628 1185 4680 μου,
1225 4612 1319 4664 καὶ
1361 4614 1434 4683 μὴ
1463 4616 1784 4687 συγκλείσῃς

224 4716 295 4767 με
352 4700 429 4759 εἰς
468 4702 653 4768 χεῖρας
710 4702 941 4771 ἐχθρῶν.
995 4702 1179 4765 Οὕτως
1222 4704 1313 4756 οὖν
1363 4707 1420 4757 ὲν
1474 4707 1623 4778 μέσῳ
1678 4708 1784 4759 τῶν

208 4790 435 4859 πετρῶν
466 4791 678 4861 ἡμέραν
719 4795 844 4864 ὅλην
882 4797 971 4847 καὶ
1007 4796 1176 4850 νύκτα
1204 4797 1305 4849 τοῦ
1345 4797 1619 4867 μάρτυρος
1662 4799 1780 4850 δια-

213 4885 528 4952 μείναντος,
563 4886 848 4938 ἐκέλευσεν
876 4891 902 4941 ὁ
926 4891 1240 4960 παράνομος
1266 4892 1654 4963 διαζευχθῆναι
1686 4894 1785 4953 τὰς

209 4977 450 5045 πέτρας,
484 4979 669 5031 τέλεον
700 4979 1021 5050 διεφθάρθαι
1054 4983 1245 5049 τοῦτον
1284 4985 1379 5035 καὶ
1419 4986 1542 5053 μηδ’
1580 4987 1662 5037 ὅτι
1694 4982 1785 5036 οὖν

212 5064 380 5133 αὐτῷ
460 5068 767 5137 πνεύματος
832 5071 995 5137 μέρος
1048 5072 1468 5137 καταλελεῖφθαι
1512 5076 1635 5125 ὅσον
1681 5075 1788 5126 ἀπὸ

208 5157 311 5209 τοῦ
345 5153 536 5208 πολλοῦ
574 5160 780 5210 ἐκείνου
812 5159 1005 5228 βάρους
1038 5164 1305 5229 οἰόμενος.
1353 5162 1410 5216 Ὀ
1442 5164 1498 5214 δὲ
1548 5166 1653 5215 τῶν
1688 5182 1785 5215 πε-

212 5251 368 5318 τρῶν
435 5249 814 5315 διαιρεθεισῶν
866 5251 1011 5320 ἐξῄει
1063 5253 1295 5321 βαδίζων
1344 5257 1436 5306 καὶ
1478 5258 1589 5316 τοῖς
1640 5256 1791 5319 ἰδίοις

218 5342 352 5392 ποσὶ
413 5340 715 5417 χρώμενος,
781 5344 965 5411 θαῦμα
1027 5344 1193 5405 ὄντως
1243 5346 1410 5413 ὁρῶσι
1468 5348 1646 5415 μόνοις
1692 5348 1790 5399 οὐκ

213 5432 648 5502 ἀπιστούμενον.
688 5436 1021 5505 Ἀνθρωπος»
1048 5437 1274 5504 γυμνὸς,
1316 5437 1442 5500 τοὺς
1478 5438 1788 5508 ὀφθαλμοὺς

214 5521 362 5590 ἔχων
387 5527 849 5595 ἐκκεκομμένονς,
910 5522 1123 5579 όστᾶδὲ
1156 5529 1614 5597 συντετριμμένα,
1650 5529 1784 5599 μέλη

213 5616 271 5668 δὲ
309 5616 402 5665 καὶ
434 5619 640 5687 σάρκας
680 5624 741 5691 τῇ
772 5621 876 5673 τῶν
913 5622 1129 5689 πετρῶν
1165 5622 1467 5692 συμπτύξει
1501 5622 1574 5687 ὡς
1617 5624 1680 5678 ἄν
1709 5641 1790 5686 τις

300 5800 341 5831 ⁸⁸
377 5794 513 5851 Ρςει.
547 5816 614 5865 1.x,
652 5802 700 5853 7.
820 5806 855 5834 ¹¹
885 5801 1024 5857 Psal.
1062 5818 1143 5867 LX,
1174 5805 1225 5870 5,
1260 5804 1321 5873 vi;
1355 5822 1531 5871 suis,
1560 5807 1609 5859 ὖ.

1888 3232 2009 3294 rite,
2047 3240 2105 3285 ut
2133 3232 2177 3283 is
2213 3230 2421 3284 medius
2449 3230 2783 3298 interceptus
2842 3228 3000 3283 simul
3038 3230 3235 3282 habeat
3267 3245 3460 3286 carnes

1888 3330 1940 3375 et
1982 3338 2102 3376 ossa
2139 3333 2413 3390 corrupta,
2463 3333 2517 3375 et
2564 3322 2722 3377 factis
2764 3322 2896 3390 ipsis
2922 3322 3093 3375 discat
3122 3322 3338 3374 cuinam
3371 3335 3460 3375 re-

1888 3415 2060 3478 sistat,
2092 3423 2146 3467 et
2175 3429 2241 3466 an
2266 3413 2357 3467 Dei
2385 3413 2466 3466 sui
2499 3411 2707 3464 fruatur
2742 3412 2964 3465 auxilio.
3000 3412 3074 3464 Eo
3107 3422 3287 3466 autem
3320 3412 3460 3467 facto

1889 3508 2031 3561 dicto
2061 3506 2243 3568 citius,
2277 3516 2328 3559 et
2372 3517 2561 3560 sancto
2593 3505 2645 3560 in
2694 3506 2887 3561 mediis
2934 3504 3105 3573 petris
3150 3504 3460 3573 intercepto

1892 3610 2036 3653 tanta
2087 3610 2204 3654 erat
2246 3600 2325 3653 vis
2383 3616 2502 3669 quae
2539 3616 2662 3653 eum
2710 3600 2992 3669 premebat
3032 3608 3111 3663 ut,
3168 3614 3291 3652 cum
3339 3598 3460 3667 ejus

1889 3705 2010 3743 ossa
2061 3689 2557 3759 conlringerentur,
2613 3690 2833 3760 quidam
2884 3706 3050 3745 sonus
3098 3674 3153 3743 et
3199 3688 3382 3758 fragor
3432 3704 3462 3742 a

1892 3782 2075 3837 multis
2124 3782 2493 3836 exaudiretur.
2555 3782 2809 3850 Disrupta
2862 3781 3006 3834 enim
3068 3788 3195 3831 sunt
3254 3780 3460 3841 omnia,

1892 3891 2011 3945 quae
2040 3885 2195 3930 erant
2216 3874 2356 3928 intra
2380 3875 2576 3942 ipsum,
2604 3881 2654 3927 et
2678 3874 2925 3927 contritae
2952 3881 3077 3926 sunt
3099 3887 3291 3926 omnes
3316 3887 3463 3926 como

1894 3984 2055 4037 pages
2110 3970 2227 4037 ejus
2283 3970 2528 4031 ossium,
2572 3978 2628 4033 et
2674 3968 2812 4021 oculi
2858 3973 3206 4023 excesserunt
3254 3980 3285 4018 θ
3332 3963 3463 4019 sede

1895 4060 2133 4128 propria.
2178 4060 2279 4112 Sed
2330 4060 2578 4127 quamvis
2608 4068 2751 4112 esset
2786 4058 2850 4111 ad
2886 4059 3025 4111 hanc
3069 4057 3333 4110 adductus
3365 4071 3462 4110 nc-

1894 4151 2221 4216 cessitatcm,
2266 4166 2372 4203 non
2425 4149 2662 4220 neglexit
2714 4159 2893 4203 tamen
2938 4148 3004 4202 ad
3044 4147 3211 4200 Deum
3242 4163 3462 4203 canere.

1897 4242 2161 4297 Psallebat
2198 4243 2366 4305 enim,
2406 4262 2422 4291 ‹
2459 4242 2515 4295 In
2543 4250 2715 4312 petra,
2744 4242 2953 4310 dicens,
2986 4240 3233 4295 exaltasti
3267 4255 3375 4304 me,
3409 4251 3464 4295 et

1896 4335 2163 4390 deduxisti
2204 4350 2309 4397 me,
2345 4336 2601 4403 quoniam
2645 4334 2820 4389 factus
2854 4349 2912 4388 es
2949 4348 3071 4402 spes
3111 4348 3259 4395 mea,
3296 4332 3464 4386 turris

1890 4427 2112 4481 'virtutis
2136 4443 2163 4479 a
2189 4425 2326 4480 facie
2349 4426 2575 4479 inimici.
2606 4425 2852 4477 Statuisti
2879 4438 3039 4490 supra
3066 4431 3272 4491 petram
3299 4422 3466 4492 pedes

1898 4536 2066 4582 meos,
2105 4529 2157 4574 et
2190 4517 2437 4573 direxisti
2479 4531 2697 4587 gressus
2735 4530 2887 4570 meos
2919 4517 2981 4568 ”.
3028 4533 3047 4566 ι
3081 4513 3279 4584 Accipe
3312 4528 3465 4583 ergo,

1895 4611 1991 4665 Fili
2028 4612 2117 4665 Dei
2148 4610 2443 4680 unigenite,
2476 4609 2724 4678 spiritum
2750 4624 2954 4669 meum,
2985 4618 3040 4662 et
3067 4621 3136 4660 ne
3167 4605 3464 4659 concludas

1894 4718 1979 4757 me
2013 4704 2066 4757 in
2106 4717 2298 4755 manus
2334 4699 2699 4752 inimicorum.
2744 4698 2832 4751 Sic
2861 4711 2989 4766 ergo
3019 4710 3141 4749 cum
3188 4695 3241 4747 in
3285 4694 3463 4752 medio

1892 4806 2165 4866 petrarum
2208 4803 2378 4847 totum
2410 4792 2553 4846 diem
2584 4802 2638 4845 et
2670 4799 2885 4845 noctem
2918 4788 3204 4843 mansisset
3238 4799 3462 4858 martyr,

1886 4888 2047 4957 jussit
2090 4885 2386 4939 sceleratus
2425 4883 2675 4938 Julianus
2701 4881 2934 4950 disjungi
2973 4890 3172 4948 petras,
3205 4892 3328 4932 eum
3364 4892 3461 4945 pe-

1893 4982 2039 5035 nitus
2071 4980 2362 5040 interiisse,
2398 4986 2453 5029 et
2497 4976 2698 5028 nullam
2749 4973 2972 5043 spiritus
3002 4980 3205 5040 partem
3251 4983 3372 5024 esse
3412 4970 3461 5024 ei

1894 5074 2131 5127 relictam
2162 5086 2269 5138 prae
2304 5067 2392 5122 illo
2420 5068 2589 5122 nimio
2626 5080 2791 5121 onere
2823 5065 3111 5120 arbitrans.
3144 5064 3238 5121 Ille
3278 5070 3458 5117 autem

1892 5173 2104 5216 amotus
2144 5177 2174 5214 a
2229 5161 2421 5229 petris,
2467 5174 2718 5230 egressus
2770 5168 2874 5223 est,
2927 5158 3205 5217 incedens,
3253 5164 3307 5206 et
3351 5154 3464 5208 suis

1895 5266 2049 5309 utens
2079 5254 2327 5321 pedibus,
2361 5267 2545 5306 revera
2576 5250 2897 5303 miraculum
2932 5248 3161 5303 maxime
3187 5244 3464 5299 admiran-

1890 5347 2041 5401 dum.
2083 5344 2258 5399 Homo
2298 5344 2495 5407 nudus,
2524 5343 2611 5396 cui
2641 5344 2841 5412 egressi
2874 5342 3090 5411 quidem
3119 5346 3271 5393 erant
3294 5337 3463 5400 oculi,

1892 5456 2014 5496 ossa
2045 5438 2303 5501 contrita,
2339 5437 2582 5491 membra
2619 5447 2671 5491 et
2701 5449 2895 5492 carnes
2927 5444 3199 5505 petrarum
3235 5430 3463 5500 compli-

1893 5534 2105 5593 catione
2160 5544 2496 5601 compressa,
2558 5530 2676 5599 ejus
2736 5538 2915 5582 autem
2966 5525 3223 5580 intestina
3282 5523 3461 5576 omnia

1896 5629 2089 5684 misere
2118 5622 2443 5682 efﬂuxerant
2472 5640 2486 5679 :
2514 5622 2560 5679 is
2591 5624 2643 5695 (ο
2672 5636 2880 5678 novum.
2900 5630 2948 5674 et
2982 5620 3215 5673 alienum
3248 5622 3461 5683 specta-
