4198 6312
196 374 330 435 1909

1362 377 1698 441 MARTYRl
1718 383 1820 442 UM
1868 386 1929 447 S.
1973 391 2321 452 ARTEMH.

3314 392 3453 458 ιῖιο

207 503 345 552 μασε
385 488 493 544 τοῖς
534 486 658 538 ποσί
690 502 813 554 μου,
843 486 1095 557 αἰσχῦναέ
1125 503 1182 539 τε
1210 488 1303 540 καὶ
1324 489 1606 560 πληρῶσαι
1637 494 1747 543 ἀτι-

1861 497 2162 567 ignomiuia
2214 501 2464 557 all‘eceris
2505 500 2625 570 ejus
2679 501 2912 565 vultum,
2969 504 3059 571 qui
3120 511 3173 559 te
3205 506 3443 577 reliquit.

198 576 332 644 μίας
382 576 443 628 τὸ
477 576 768 645 πρόσωπον
809 577 905 630 τοῦ
946 594 1001 629 σε
1034 578 1092 630 τὸ
1121 577 1212 630 τοῦ
1245 580 1446 649 κόσμου
1481 581 1595 649 φῶς
1630 582 1765 634 ἁπο-

185 661 464 730 λιπόντος,
499 667 590 720 καὶ
621 668 795 720 ὀπίσω
823 668 917 720 τοῦ
948 668 1319 737 τιλανήσαντος
1344 672 1506 724 αὐτὸν
1537 674 1763 725 ἀκολου·-

193 757 460 823 ῢήσαντος
517 757 765 810 διαϐόλου
802 776 815 789 ο
845 759 1154 829 εὐχαριστῶ
1208 779 1310 828 σοι,
1351 767 1639 833 μονογενὲς
1668 766 1764 819 Υἱὲ

193 849 287 900 τοῦ
328 850 589 919 Πατέρος,
618 851 700 902 ὅτι
739 850 973 918 ἠξίωσας
1014 868 1077 919 με
1106 853 1199 905 τοῦ
1242 854 1495 923 βραϐείου
1525 858 1620 924 τῆς
1654 860 1765 914 ἄνω

194 938 441 1007 κλήσεως
483 941 575 992 καὶ
633 940 728 992 τοῦ
767 942 927 1010 χοροῦ
978 944 1086 996 τῶν
1132 946 1307 1012 ἁγίων
1349 965 1465 1011 σου,
1507 952 1599 1002 καὶ
1646 955 1764 1004 ἐτε-

190 1025 422 1088 λεέωσάς
462 1044 527 1094 με
573 1029 631 1079 ὲν
662 1031 725 1098 τῇ
759 1030 1022 1103 ὁμολογίᾳ
1057 1050 1173 1086 σου.
1204 1036 1311 1087 Καὶ
1340 1036 1433 1090 νῦν
1464 1041 1762 1093 ἐπικαλοῦ-

194 1121 297 1186 μαι
334 1138 414 1186 σε,
451 1122 714 1188 Δέσποτα,
750 1123 899 1177 ἔπιδε
934 1127 1023 1178 ἐπ’
1071 1128 1169 1196 ἐμὲ
1201 1130 1292 1180 καὶ
1322 1131 1413 1183 ἐπὶ
1451 1133 1547 1201 τὴν
1573 1136 1765 1187 ταπεί-

193 1214 361 1264 νωσίν
395 1230 519 1279 μου,
558 1215 653 1266 καὶ
707 1216 795 1278 δὸς
830 1217 1117 1288 ἀναψυχὴν
1148 1223 1213 1290 τῇ
1253 1221 1590 1295 κληρονομίᾳ
1643 1244 1759 1290 σου,

189 1303 273 1356 ὅτι
302 1305 565 1375 ἠσθένησε
597 1308 692 1358 καὶ
722 1309 783 1360 οὐ
815 1312 1147 1380 κατηρτήσω
1177 1314 1349 1383 αὐτὴν
1379 1333 1393 1347 ⁸
1424 1317 1532 1369 ἰδοὺ
1563 1318 1671 1389 γὰρ
1713 1322 1761 1372 οἱ

187 1396 378 1464 ἐχθροί
411 1412 503 1449 σου
538 1399 751 1468 ἡχησσιν
782 1402 875 1454 κιὶ
907 1405 955 1455 οἱ
996 1404 1289 1472 μισοῦντές
1332 1425 1391 1460 σε
1417 1404 1560 1479 ἦραν
1595 1429 1763 1480 κεφα-

185 1489 287 1556 λὴν
309 1486 405 1540 καὶ
429 1488 813 1544 ἐϐουλεύσαντο
832 1497 974 1547 κατὰ
1004 1496 1109 1547 τῶν
1126 1498 1297 1565 ἁγίων
1327 1518 1445 1564 σου,
1485 1502 1758 1570 λέγοντεςο

182 1578 352 1633 Διῦτε
377 1583 469 1634 καὶ
494 1581 948 1652 ἐξολοθρεύσομεν
974 1588 1190 1650 αὐτοὺς,
1228 1591 1318 1641 καὶ
1347 1594 1406 1644 οὐ
1444 1592 1517 1663 μὴ
1547 1595 1756 1665 μνησοῇ

186 1675 247 1730 τὸ
279 1675 450 1743 ὖνομα
483 1676 573 1727 τοῦ
605 1677 839 1746 Χριστοῦ
874 1679 974 1733 ἔτι.
1014 1680 1200 1733 Ταῦτα
1228 1685 1504 1753 κομπάζει
1542 1686 1762 1740 Ἰουλια-

188 1768 298 1828 νὸς,
362 1768 530 1820 ταῦτα
571 1768 883 1841 βλασφήμῳ
934 1772 1150 1846 γλώττῃ
1201 1775 1320 1846 βοᾷ,
1352 1777 1522 1830 ταῦτα
1546 1780 1760 1835 ἀπειλεῖ

182 1859 260 1926 τῷ
290 1857 402 1929 λαῷ
438 1877 554 1926 σου,
580 1862 846 1930 Δέσποτα,
876 1866 1013 1935 ὑπὲρ
1043 1860 1102 1919 οὗ
1139 1868 1359 1939 ἐξέχεας
1390 1872 1449 1923 τὸ
1478 1874 1568 1926 σὸν
1591 1870 1750 1944 αἷμα.

196 1950 331 2003 Ἰδοὺ
383 1953 493 2021 γὰρ
549 1955 617 2006 τὰ
667 1955 1033 2029 ϐοσιαστήριὰ
1088 1977 1182 2011 σου
1241 1963 1644 2031 κατέσκαπται,
1699 1967 1760 2018 τὸ

179 2044 435 2114 ἁγίασμά
476 2064 571 2100 σου
606 2051 1023 2120 ὲμπέπρῃσται,
1076 2055 1168 2105 καὶ
1214 2056 1246 2123 ὴ
1302 2058 1605 2123 εὐπρέπεια
1664 2060 1755 2110 τοῦ

177 2134 332 2187 οἴκου
382 2153 476 2189 σου
523 2137 880 2209 περιῄρηται,
930 2142 1025 2194 καὶ
1071 2142 1132 2194 τὸ
1170 2138 1307 2213 αἷμα
1354 2144 1451 2213 τῆς
1490 2146 1755 2217 διαθήκης

177 2245 277 2279 σου
318 2228 671 2292 ἐξουδένωται
703 2232 787 2284 διὰ
812 2236 910 2296 τὰς
941 2234 1214 2303 ἁμαρτίας
1243 2236 1421 2306 ἡμῶν.
1466 2238 1631 2292 Ἀλλὰ
1665 2244 1750 2303 σὺ,

180 2322 511 2391 μακρόθυμε
551 2323 743 2392 Κύριε,
794 2328 992 2395 στῆσον
1030 2328 1128 2397 τὴν
1184 2330 1308 2384 καθ’
1361 2332 1516 2401 ἡμῶν
1548 2336 1753 2401 ἀγανά-

175 2431 395 2482 κτησιν,
421 2422 512 2468 καὶ
540 2416 724 2477 ἐλέους
763 2420 821 2471 ὲν
848 2420 983 2491 ὀργῇ
1020 2422 1311 2493 μνήσθητι,
1343 2425 1437 2477 καὶ
1468 2426 1557 2478 τὸν
1582 2426 1754 2495 θυμόν

174 2523 273 2558 σου
299 2507 510 2575 σϐέσον,
541 2509 599 2562 ὃν
624 2511 783 2580 ἡμεῖς
809 2511 1190 2582 ὲξεκαύσαμεν
1217 2518 1273 2566 ἐν
1301 2515 1375 2584 τῷ
1396 2517 1752 2584 παροργίζειν

173 2615 237 2651 σε
268 2600 359 2653 τὸν
389 2602 791 2673 φιλάνθρωπον.
814 2605 1060 2674 Ops-330v
1085 2607 1524 2679 εἱδωλολατριίας
1549 2610 1751 2681 ὑπιρήο

172 2708 347 2759 φανον
373 2697 634 2765 κεφαλὴν,
668 2699 766 2769 τὴν
795 2700 889 2753 νῦν
918 2701 1077 2755 πάλιν
1110 2703 1456 2773 κινουμένην,
1488 2706 1581 2758 καὶ
1609 2707 1750 2759 κατὰ

167 2787 285 2840 τῶν
321 2788 429 2841 σῶν
461 2787 662 2842 δούλων
694 2793 1088 2864 ἐπαιρομένην.
1150 2796 1250 2857 Δὸς
1277 2797 1633 2868 ὲδαφισθῆναι
1681 2798 1747 2853 τὰ

170 2880 390 2948 πονηρᾶ
424 2878 631 2951 ταύτης
665 2882 857 2950 νήπια,
897 2884 1002 2936 ὑπὸ
1027 2886 1127 2953 τὴν
1153 2887 1374 2958 ἀρραγῆ
1406 2892 1616 2956 πέτραν
1647 2890 1749 2960 τῆς

172 2976 276 3040 σῆς
316 2975 603 3046 ὁμολογὶας
630 2978 723 3029 καὶ
756 2977 1014 3043 πίστεως,
1039 2979 1124 3032 ἵνα
1159 2982 1214 3033 ἐν
1252 2983 1412 3034 παντὶ
1452 2982 1602 3051 τόπῳ
1644 2983 1745 3053 τῆς

167 3068 491 3133 δεσποτείας
525 3088 641 3151 eos,
684 3071 903 3142 καθαρὰ
932 3075 1027 3126 καὶ
1064 3073 1367 3144 ἀμώμητος
1402 3061 1744 3144 προσάγηταί

1868 593 2056 647 mundi
2106 594 2307 658 lucem,
2352 603 2408 648 et
2446 610 2569 648 eum
2614 604 2837 649 secutus
2869 602 2972 658 est,
3009 597 3101 665 qui
3144 598 3318 666 ipsum
3360 615 3448 653 se-

1866 685 2042 748 duxit,
2096 684 2396 742 diabolum.
2448 688 2560 756 Ago
2604 687 2699 741 tibi
2745 686 2970 756 gratias,
3026 688 3302 758 unigenite
3347 684 3444 744 Fiii

1867 779 2066 841 Patris,
2099 778 2243 847 quod
2278 794 2365 832 me
2396 779 2647 849 dignatus
2681 778 2755 833 sis
2786 779 2975 833 brat-io
3006 794 3259 848 supernae
3286 794 3447 833 voca-

1866 872 2051 935 tionis,
2085 880 2138 924 et
2165 870 2336 924 choro
2369 881 2681 925 sanctorum
2713 880 2952 935 tuorum,
2986 878 3042 924 et
3071 885 3158 925 me
3189 884 3450 925 consum~

1864 964 2100 1019 maveris
2152 964 2205 1018 in
2254 973 2344 1018 tua
2401 964 2767 1019 Confessione.
2817 963 2882 1017 Et
2929 979 3074 1018 nunc
3127 964 3321 1018 invoco
3369 973 3437 1031 te,

1866 1058 2116 1123 Domine,
2166 1057 2351 1126 aspice
2404 1073 2571 1126 super
2620 1072 2706 1109 me
2763 1066 2820 1111 et
2864 1073 3033 1128 super
3083 1058 3445 1112 humilitatem

1865 1166 2066 1213 meum,
2097 1160 2152 1204 et
2184 1151 2249 1204 da
2293 1148 2638 1216 refrigerium
2689 1148 2994 1203 haereditati
3030 1160 3154 1214 tua),
3190 1148 3446 1217 quoniam

1863 1251 1949 1297 est
1983 1241 2279 1301 imbecilla,
2313 1252 2369 1295 et
2411 1257 2519 1295 non
2551 1240 2831 1308 perfecisti
2867 1255 3009 1295 eam.
3057 1259 3076 1293 ι
3120 1242 3260 1295 Ecce
3301 1241 3446 1294 enim

1865 1335 2072 1389 inimici
2123 1334 2197 1387 tui
2250 1344 2641 1396 resonuerunt,
2692 1344 2747 1388 et
2821 1335 2910 1404 qui
2974 1342 3029 1387 te
3067 1332 3192 1387 odio
3244 1332 3449 1387 habent

1864 1429 2211 1484 sustulerunt
2256 1437 2460 1496 caput,
2504 1438 2558 1484 et
2602 1428 2894 1484 consilium
2952 1436 3216 1497 ceperunt
3257 1435 3445 1481 contra

1863 1532 2085 1577 sanctos
2120 1534 2261 1587 tuos,
2294 1523 2545 1577 dicentes
2572 1540 2588 1579 :
2626 1522 2842 1586 Venite,
2872 1522 3303 1576 extertuint-mus
3330 1535 3445 1579 eos.

1862 1625 1916 1670 et
1959 1631 2068 1670 non
2124 1615 2215 1669 fiat
2257 1615 2463 1669 mentio
2506 1616 2750 1669 nominis
2786 1613 2997 1670 Christi
3046 1616 3280 1685 amplius
3308 1613 3373 1666 ".
3422 1631 3440 1662 ι

1863 1709 2177 1777 Haecjactat
2200 1708 2451 1763 Julianus
2482 1725 2496 1761 :
2526 1707 2645 1761 haec
2674 1707 2994 1775 blasphema
3021 1707 3204 1775 lingua
3230 1705 3445 1760 ell‘utit:

1867 1802 1979 1859 haec
2033 1802 2272 1855 minatur
2315 1800 2519 1870 populo
2560 1808 2676 1863 tuo,
2721 1798 2967 1860 Domine,
3015 1813 3113 1866 pro
3147 1813 3255 1867 quo
3292 1807 3447 1852 tuum

1865 1896 2185 1966 sanguinem
2232 1895 2497 1950 elTudisti.
2548 1893 2688 1948 Ecce
2739 1894 2884 1947 enim
2946 1892 3133 1946 altaria
3185 1901 3276 1945 tua
3319 1900 3448 1946 sunt

1863 1989 2060 2042 εσοεεει
2119 2006 2131 2042 ι
2193 1988 2575 2041 sanetuariunt
2636 1994 2786 2038 tuum
2840 1994 2925 2039 εει
2985 1983 3270 2037 ἰηοεηειιιιι
3318 1998 3333 2038 2
3391 1990 3447 2036 et

1860 2082 2073 2134 ablatus
2093 2090 2173 2134 est
2197 2080 2362 2133 decor
2386 2078 2582 2132 domus
2608 2086 2713 2131 tua:
2746 2094 2758 2127 :
2792 2086 2848 2131 et
2882 2076 3107 2145 sanguis
3135 2074 3445 2128 testamenti

1860 2172 1935 2225 tui
1971 2186 2066 2239 pro
2104 2170 2278 2223 nihilo
2319 2177 2402 2222 est
2444 2166 2666 2220 habitus
2706 2173 2934 2235 propter
2975 2173 3197 2232 peccata
3229 2167 3440 2216 nostra.

1860 2264 1965 2317 Sed
1994 2272 2071 2327 tu,
2101 2262 2315 2327 patiens
2346 2259 2592 2322 Domine,
2627 2259 2757 2314 siste
2787 2266 2934 2310 tuam
2969 2256 3025 2309 in
3063 2269 3162 2308 nos
3195 2253 3443 2322 indignato

1859 2358 2086 2419 tionem,
2128 2365 2183 2409 et
2232 2354 2286 2408 in
2338 2355 2417 2407 ira
2461 2360 2738 2407 memento
2783 2346 3199 2407 misericordiae,
3245 2354 3301 2399 et
3343 2359 3442 2398 ex-

1856 2450 2066 2519 stingue
2090 2447 2328 2502 furorem
2355 2455 2533 2509 tuum,
2566 2460 2727 2514 quem
2771 2456 2871 2497 nos
2908 2439 3280 2498 accendimus,
3311 2437 3440 2491 dum

1855 2552 1906 2597 te
1937 2540 2235 2609 benignum
2270 2549 2323 2593 et
2355 2540 2683 2591 clementem
2717 2536 2784 2590 ad
2818 2535 2953 2589 iram
2988 2542 3439 2602 prorocaremus.

1852 2634 2141 2704 Confringe
2172 2632 2468 2700 superbum
2520 2636 2684 2697 caput
2725 2626 3065 2686 idololatriae,
3094 2621 3241 2691 quod
3289 2635 3437 2674 nunc

1852 2739 2043 2779 rursus
2072 2732 2321 2777 movetur
2376 2730 2429 2774 et
2460 2716 2745 2772 extollitur
2770 2714 3036 2769 adversus
3069 2725 3256 2765 servos
3290 2719 3435 2763 tuos.

1853 2816 1955 2882 Da,
1990 2824 2050 2869 ut
2094 2813 2247 2867 humi
2283 2810 2579 2865 allidantur
2621 2806 2749 2863 mali
2783 2805 2906 2875 ejus
2957 2802 3195 2858 infantes
3241 2801 3308 2856 ab
3349 2801 3441 2854 in-

1849 2910 2020 2964 fracta
2054 2917 2207 2978 petra
2246 2917 2353 2960 tuae
2386 2902 2748 2957 confessionis
2783 2909 2836 2951 et
2877 2898 2999 2953 ﬁdei
3034 2915 3047 2951 :
3087 2905 3146 2949 ut
3193 2896 3246 2948 in
3273 2894 3436 2956 omni

1846 2999 1967 3052 loco
2004 3000 2077 3051 tui
2113 2996 2449 3057 dominatus,
2494 3006 2689 3062 P'trum
2734 2999 2791 3044 et
2839 2986 2974 3042 nulli
3019 2982 3437 3057 reprehensioni

1846 3088 2141 3145 obnoxium
2202 3085 2466 3139 otl‘eratur
2522 3083 2854 3137 sacriﬁcium
2917 3096 2932 3133 :
2991 3086 3045 3132 et
3104 3074 3439 3147 gloriﬁretur

170 3178 257 3214 σοι
294 3162 472 3225 θυσία,
511 3166 605 3217 καὶ
650 3164 941 3233 δοξάζηται
978 3183 1073 3217 σου
1129 3169 1187 3218 τὺ
1228 3166 1494 3235 πανάγιον
1545 3168 1742 3239 ὄνομα,

1855 3194 2005 3239 tuum
2040 3178 2442 3235 sanctissimum
2478 3189 2703 3237 nomen,
2735 3173 2932 3237 Patris,
2960 3179 3015 3225 et
3044 3165 3190 3233 Filii,
3220 3174 3275 3221 et
3310 3164 3438 3235 Spi-

169 3253 267 3304 τοῦ
298 3254 529 3322 Πατρὶς,
565 3257 657 3306 καὶ
678 3256 770 3306 τοῦ
796 3255 944 3321 Flor},
971 3260 1067 3309 καὶ
1089 3258 1180 3311 τοῦ
1208 3258 1368 3326 ἁγίου
1403 3259 1744 3330 Πνεύματος,

169 3346 272 3397 νῦν
304 3350 397 3399 καὶ
425 3349 503 3409 εἰς
531 3347 657 3410 τοὺς
690 3348 909 3413 αἰῶνας.

244 3527 377 3580 MA'.
421 3528 530 3581 Καὶ
558 3528 747 3593 κλίνας
778 3531 845 3583 τὰ
879 3534 1082 3599 γόνατα
1130 3536 1336 3601 τρίτον,
1374 3539 1466 3592 καὶ
1504 3557 1746 3611 προσκυ-

167 3620 345 3688 νήσας
376 3622 513 3671 κατὰ
551 3623 836 3688 ἀνατολὰς,
861 3623 960 3677 Θεὲ
991 3626 1052 3677 ἐκ
1074 3627 1231 3690 Θεοῦ,
1256 3630 1418 3682 πάλιν
1441 3628 1581 3695 εἶπε,
1615 3636 1744 3703 μόνε

167 3715 236 3762 ἐκ
265 3712 448 3778 μόνον,
480 3712 701 3782 βασιλεῦ
730 3720 790 3767 ἐκ
828 3716 1111 3785 βασιλέως,
1140 3723 1165 3772 ὁ
1198 3725 1252 3773 ὲν
1274 3725 1522 3792 οὐρανοῖς
1553 3725 1627 3779 ὢν
1653 3730 1743 3780 καὶ

167 3801 536 3872 καθεζόμενος
583 3809 646 3860 ἐκ
697 3810 886 3873 δεξιῶν
950 3813 1044 3865 τοῦ
1082 3829 1141 3866 σε
1189 3820 1550 3887 γεννήσαντος
1604 3821 1742 3875 θεοῦ

167 3898 267 3948 καὶ
330 3897 559 3968 Πατρὸς,
613 3903 639 3952 ὁ
694 3903 785 3953 ἐπὶ
835 3903 935 3972 γῆς
983 3903 1463 3977 πολιτευσάμενος,
1514 3913 1598 3965 διὰ
1645 3914 1742 3983 τὴν

167 3988 429 4043 ἁπάντων
470 3992 627 4061 ἡμῶν
677 3995 970 4064 σωτηρεχν,
1035 3997 1064 4048 ὁ
1125 4000 1391 4068 στέφανος
1438 4006 1546 4058 τῶν
1600 4007 1741 4076 ὑπὲρ

170 4083 269 4137 σοῦ
308 4084 549 4144 εὐσεϐῶς
578 4084 907 4149 ἀθλούντωι,
949 4092 1256 4147 ἐπάκουσον
1293 4113 1395 4165 μου
1424 4098 1517 4150 τοῦ
1550 4116 1745 4151 ταπειδ

165 4174 264 4227 νοῦ
300 4175 391 4227 καὶ
420 4174 639 4238 ἀναξίου
669 4174 855 4228 δούλου
883 4196 974 4230 σου
1007 4182 1266 4252 σήμερον,
1298 4186 1393 4238 καὶ
1426 4186 1546 4252 μετ’
1590 4190 1742 4257 εἰρή-

166 4286 270 4346 νης
323 4266 471 4330 δέξαι
527 4285 629 4337 μου
684 4270 783 4340 τὴν
834 4269 1012 4340 ψυχὴν
1056 4274 1151 4325 καὶ
1203 4276 1519 4331 ἀνάπαυσον
1573 4281 1741 4351 αὐτὴν

174 4365 314 4434 μετὰ
342 4364 455 4417 τῶν
482 4364 654 4432 ἁγίων
690 4366 798 4418 τῶν
862 4365 955 4419 ἀπ’
1001 4368 1197 4431 αἰῶνός
1226 4385 1306 4422 σοι
1339 4372 1743 4441 εὐαρεστησάν-

166 4474 300 4511 των.
347 4458 454 4509 Καὶ
491 4460 642 4528 φωνὴ
685 4459 833 4528 αὐτῷ
869 4459 927 4523 ἐξ
960 4459 1189 4530 οὐρανοῦ
1232 4462 1448 4529 ἐγένετο
1485 4465 1737 4533 λέγουσιν

174 4551 422 4602 ’Ἤκουσε
489 4549 689 4619 Κύριος
749 4553 854 4602 τῶν
888 4551 1064 4619 εὐχῶν
1112 4569 1225 4614 σου,
1300 4553 1574 4625 ’Λρτέμιε,
1652 4560 1747 4613 καὶ

164 4641 268 4710 τὴν
293 4640 451 4709 χάριν
490 4641 596 4690 τῶν
641 4641 883 4710 ἰαμάτων
924 4659 1006 4693 σοι
1053 4643 1367 4713 ἑχαρξσατο.
1404 4646 1610 4701 Σπεῦδε
1636 4650 1749 4703 τοί-

165 4749 263 4785 νυν
312 4730 601 4784 τελειῶσαι
656 4733 747 4784 τὸν
798 4730 997 4801 δρόμον
1040 4744 1154 4795 σοι),
1194 4736 1291 4786 καὶ
1348 4735 1646 4792 ἀπολαϐεῖν
1688 4741 1749 4795 τὸ

171 4821 433 4893 βραϐεῖον
468 4822 529 4873 τὸ
563 4826 967 4893 ἡτοιμασμένον
990 4829 1102 4888 τοῖς
1138 4827 1313 4894 ἁγίοις
1344 4830 1439 4881 καὶ
1471 4834 1604 4884 πᾶσι
1634 4836 1747 4896 τοῖς

163 4918 479 4985 ἠγαπηκόσι
513 4915 608 4984 τὴν
648 4920 980 4985 ἑπιφὲινειαν
1022 4919 1115 4970 τοῦ
1161 4920 1422 4990 Χριστοῦ.
1459 4924 1675 4995 Ταύτης
1710 4929 1737 4980 ὁ

168 5011 446 5079 μακάριος
470 5008 771 5079 τῆςφωνῆς
804 5011 1068 5075 ἀκούσας,
1106 5014 1200 5065 καὶ
1227 5014 1604 5085 πληροφορίαν
1632 5017 1740 5071 ὦσ-

168 5106 279 5167 ττῖειρ
316 5101 633 5171 δεξάμενος,
664 5102 824 5171 δῆλος
855 5099 922 5174 ἦν
957 5104 1151 5173 ἡδονῆς
1202 5105 1463 5175 πλησθεὶς
1498 5111 1596 5180 τὴν
1641 5112 1744 5181 ψυ-

167 5194 272 5268 χὴν
303 5198 397 5246 καὶ
447 5196 548 5265 ἤδη
580 5195 679 5264 τὴν
726 5197 939 5266 τρυφὴν
973 5200 1068 5250 καὶ
1125 5198 1286 5262 δόξαν
1329 5194 1396 5271 ἦς
1446 5201 1742 5257 ἀπολαύειν

163 5286 387 5355 ἱμελλε,
419 5290 844 5360 φανταζόμενος.
868 5292 1031 5345 Ὅθεν
1057 5298 1147 5346 καὶ
1170 5294 1404 5364 ἄσμενον
1426 5296 1515 5348 τὸν
1540 5298 1743 5367 αὐχένα

164 5379 475 5453 προτείνας,
495 5382 824 5454 δέχεταιτὴν
847 5384 1084 5452 πληγὴν,
1132 5389 1321 5440 εἰκάδα
1338 5392 1459 5442 τότε
1490 5389 1583 5441 τοῦ
1620 5391 1740 5444 Ὀκ-

161 5476 402 5548 τωϐρίον
437 5478 606 5546 μηνὸς
639 5479 888 5546 ἄγοντος,
921 5482 1013 5533 καὶ
1044 5480 1204 5543 αὐτὸς
1233 5482 1331 5549 μὲν
1364 5485 1445 5546 εἰς
1472 5485 1738 5555 οὐρανοὺς

163 5569 365 5632 ἄνεισι,
407 5567 485 5638 τῷ
533 5569 811 5641 προσώπῳ
870 5572 1106 5642 Χριστοῦ
1159 5574 1724 5648 ὲμφκνισοησόμενος,

232 5817 277 5850 ⁸⁸
308 5818 444 5875 Psal.
479 5837 674 5888 LXXXII,
701 5823 751 5887 5,
786 5820 839 5878 εί.

1856 3273 1992 3324 ritus
2016 3268 2212 3334 sancti,
2247 3282 2394 3322 nunc
2431 3274 2486 3320 et
2516 3262 2572 3318 in
2603 3261 2827 3320 saecula.

1922 3550 2107 3609 XLIV.
2150 3551 2213 3607 Et
2254 3563 2374 3603 cmn
2411 3556 2493 3602 ter
2523 3560 2695 3618 genua
2739 3542 3001 3606 ﬂexisset,
3046 3552 3103 3597 et
3148 3542 3434 3598 adorasset

1850 3647 1918 3701 ad
1948 3649 2238 3708 orientem,
2296 3642 2441 3697 Deus
2471 3655 2536 3695 ex
2586 3640 2714 3701 Deo,
2747 3650 2943 3690 rursus
2983 3634 3139 3699 dixit,
3172 3634 3320 3689 solus
3366 3652 3431 3689 ex

1852 3742 1987 3803 solo,
2032 3738 2142 3793 Rex
2191 3752 2257 3790 ex
2302 3734 2470 3805 Rege,
2505 3732 2596 3802 qui
2637 3748 2696 3785 es
2740 3732 2795 3783 in
2832 3728 3009 3794 caelis,
3061 3738 3116 3782 et
3163 3728 3320 3783 sedes
3364 3729 3430 3781 ad

1851 3835 2129 3886 dexteram
2163 3826 2357 3886 Patris,
2395 3825 2485 3893 qui
2534 3833 2586 3876 te
2618 3823 2828 3885 genuit,
2867 3822 3069 3889 quique
3108 3821 3160 3872 iu
3203 3830 3344 3873 terra
3372 3834 3433 3874 es

1851 3932 2099 3979 versatus
2134 3928 2353 3990 propter
2384 3929 2627 3971 omnium
2664 3921 2908 3967 nostrum
2943 3911 3196 3975 salutem,
3229 3923 3430 3965 ςοτοησ

1849 4034 2034 4074 eorum
2105 4014 2196 4083 qui
2247 4028 2345 4081 pro
2389 4021 2440 4063 te
2478 4009 2564 4077 pie
2613 4008 2919 4069 decertant,
2965 4004 3087 4058 audi
3131 4018 3214 4058 me
3267 4003 3431 4059 hodie

1851 4101 2110 4163 humilem
2152 4115 2205 4159 et
2242 4102 2526 4172 indignum
2582 4109 2735 4152 tuum
2779 4096 3063 4159 famulum,
3106 4102 3163 4148 et
3199 4093 3251 4147 in
3300 4110 3431 4161 pace

1848 4200 2064 4267 suscipe
2091 4198 2327 4251 animum
2354 4208 2529 4248 meum
2572 4211 2587 4245 :
2620 4201 2675 4246 et
2704 4189 2788 4243 fac
2823 4204 2944 4243 eam
2980 4190 3262 4258 quiescere
3304 4199 3429 4243 eum

1849 4291 2053 4347 sanctis
2094 4289 2224 4353 tuis,
2253 4287 2345 4354 qui
2383 4286 2476 4338 tibi
2517 4282 2843 4351 placuerunt
2874 4297 2902 4333 a
2938 4279 3157 4333 smeulo.
3196 4278 3303 4333 Vox
3332 4295 3431 4334 au-

1849 4395 1955 4439 tem
1988 4401 2016 4436 e
2050 4382 2189 4436 etrlo
2221 4379 2447 4439 exstitit,
2480 4376 2671 4431 dicens
2707 4390 2720 4428 :
2760 4369 2981 4426 Audivi!
3015 4369 3277 4425 Dominus
3309 4381 3431 4428 tuas

1851 4489 2064 4546 preces,
2104 4487 2135 4526 ο
2166 4469 2395 4531 Artemi,
2438 4476 2492 4521 et
2527 4466 2619 4520 tibi
2652 4460 2875 4518 donavit
2921 4460 3146 4530 gratiam
3184 4462 3430 4518 curatio-

1852 4584 2004 4623 num.
2047 4563 2262 4619 Festina
2306 4576 2434 4630 ergo
2472 4571 2853 4612 consummare
2895 4572 3117 4613 cursum
3165 4566 3342 4623 tuum,
3374 4566 3431 4611 et

1849 4660 2101 4727 accipere
2153 4655 2403 4710 brevium
2456 4660 2704 4721 paratum
2760 4651 2962 4706 sanctis
3014 4648 3287 4712 omnibus,
3334 4651 3428 4720 qui

1845 4751 2158 4805 dilexerunt
2210 4745 2510 4799 adventum
2568 4742 2791 4798 Christi.
2846 4742 2999 4796 Hanc
3058 4756 3243 4797 vocem
3303 4756 3427 4796 cunt

1843 4841 2105 4896 audiisset
2146 4838 2338 4891 beatus
2373 4836 2671 4898 Artemius,
2703 4844 2757 4889 et
2791 4833 3194 4904 quodammodo
3227 4835 3428 4888 Certior

1843 4944 1987 4992 esset
2046 4932 2237 4995 factus,
2289 4942 2473 5001 aperte
2514 4929 2839 4985 ostendebat
2888 4944 2946 4985 se
2989 4944 3113 4985 esse
3161 4930 3425 4998 repletum

1841 5031 2054 5103 gaudio,
2107 5037 2161 5081 et
2197 5026 2307 5094 jam
2356 5023 2565 5077 visione
2627 5022 3045 5091 apprehendere
3093 5020 3321 5075 delicias
3370 5031 3426 5076 et

1840 5123 2088 5192 gloriam,
2125 5133 2228 5185 qua
2278 5123 2396 5168 erat
2439 5113 2726 5167 fruiturus.
2771 5110 2925 5167 Unde
2955 5112 3118 5165 etiam
3152 5126 3277 5166 cum
3308 5112 3423 5167 col-

1838 5215 1951 5269 lum
1993 5212 2227 5265 libenter
2269 5208 2639 5278 perrexisset,
2691 5206 2859 5260 ictum
2901 5204 3097 5273 accipit
3164 5205 3421 5259 vicesimo

1843 5306 2043 5361 mensis
2076 5302 2346 5358 Octobris.
2380 5301 2443 5353 Et
2476 5300 2589 5369 ipse
2619 5298 2836 5368 quidem
2865 5297 3110 5351 ascendit
3144 5295 3195 5349 in
3226 5297 3419 5361 cazlos,

1842 5396 2191 5468 appariturus
2245 5402 2371 5449 ante
2418 5390 2621 5447 Christi
2665 5389 2881 5453 faciem,
2940 5403 3039 5460 pro
3092 5404 3200 5459 quo
3258 5390 3419 5443 etiam

1844 5498 2074 5542 mortem
2108 5485 2350 5556 suscepit
2383 5482 2656 5538 alacriter.
2710 5479 2922 5550 Corpus
2959 5488 3140 5532 autem
3172 5489 3229 5534 et
3257 5490 3422 5549 caput

1848 5581 1897 5634 in
1951 5587 2092 5631 terra
2147 5576 2399 5646 reliquit,
2459 5586 2715 5646 magnum
2765 5569 3096 5626 Christianis
3141 5569 3417 5635 solatium,
