4198 6312
179 374 312 438 1‘213

1468 385 1634 442 \‘lTA
1678 387 1737 446 S.
1773 388 2101 447 ABERCII.

3253 393 3386 458 12M

167 484 540 552 διαχεομένην,
579 485 812 553 χαλεπὸν
866 487 926 541 τὸ
975 489 1203 558 πρᾶγμα
1253 489 1346 542 καὶ
1375 489 1562 554 δεινῶς
1593 493 1718 547 ἆτο-

1750 507 1792 561 Α
1828 500 1948 556 bus.
1989 514 2112 553 cum
2163 499 2414 568 lacrymis
2449 499 2614 554 Deum
2647 514 2890 556 seorsum
2926 503 3268 572 precabatur,
3301 506 3380 560 di-

167 592 266 624 πον
296 575 662 642 ἡγησάμενος,
713 575 806 627 καὶ
858 572 945 628 οἷα
1005 577 1143 646 ὑπὲρ
1196 578 1438 645 ἀδελφῶν
1491 582 1722 651 πληγεὶς

164 665 264 732 τὴν
291 665 487 731 ψυχήν,
525 667 580 716 ὲν
614 665 840 734 δάκρυσι
869 665 945 730 τῷ
987 666 1447 736 Θεῷσκαταμόνας
1480 674 1719 741 apocrth—

168 771 310 819 χετο,
343 753 464 816 Θεὲ,
485 753 677 820 λέγων,
703 755 810 806 τῶν
833 753 1065 824 αίώνων,
1093 757 1185 806 καὶ
1211 756 1380 824 Κύριε
1407 760 1498 810 τοῦ
1517 760 1720 825 ἐλέους,

165 843 258 894 καὶ
286 845 578 911 δημιουργὲ
633 845 725 896 τοῦ
763 845 1070 913 σύμπαντος
1102 847 1253 901 τοῦδε
1289 851 1378 900 καὶ
1435 851 1717 919 συνοχεύς,

159 936 188 986 ὁ
234 933 653 1002 ἐνανθρωπῆσαι
709 935 796 985 τὸν
847 938 1106 1006 μονογενῆ
1137 938 1230 990 σοῦ
1261 941 1430 993 Παῖδα
1478 942 1544 994 δι’
1576 945 1720 1008 ἡμᾶς

161 1024 482 1090 εὐδοκήσας,
511 1026 656 1077 ἔπιδε
694 1027 786 1078 καὶ
831 1027 924 1079 νύν
957 1029 1038 1096 ἐφ’
1069 1029 1127 1082 ὃν
1159 1030 1598 1101 ἐδημιούργησας
1632 1035 1719 1087 κό-

167 1132 335 1182 σμον,
378 1118 509 1185 μηδὲ
535 1118 632 1184 τὴν
665 1117 764 1186 σὴν
812 1118 1015 1189 ταύτην
1038 1121 1191 1173 πόλιν
1231 1123 1287 1174 ἐν
1390 1141 1457 1192 pe
1489 1126 1722 1192 ποιμένα

161 1206 271 1256 τῶν
301 1207 406 1258 σῶν
437 1207 560 1258 ἔθου
590 1209 900 1277 προϐάτων,
933 1212 1025 1262 καὶ
1053 1206 1120 1281 ἦς
1141 1210 1216 1278 τῷ
1252 1213 1455 1282 ἀναξίῳ
1479 1214 1599 1280 ἐμοὶ
1624 1215 1721 1280 τὴν

161 1298 464 1364 ἐπισκοπὴν
485 1298 839 1367 ἐνεχείρισας,
880 1301 1274 1369 χειροποιήτοις
1305 1301 1448 1353 οὕτω
1474 1304 1721 1373 περιίδῃς

162 1383 498 1451 βὸελύγμασι
532 1389 968 1457 προσκειμένην
1007 1389 1140 1440 ἀλλὰ
1173 1391 1268 1440 τοῦ
1304 1392 1721 1455 ἐπισκοτοῦντος

158 1473 298 1545 αὑτῇ
351 1477 446 1546 τῆς
471 1478 685 1548 ἀπάτης
726 1482 924 1547 νέφους
975 1482 1316 1548 ἀπαλλάξας,
1353 1483 1431 1554 τῷ
1466 1484 1542 1552 σῷ
1580 1485 1718 1552 φωτὶ

164 1573 609 1639 προσοικείωσον.

229 1659 302 1712 B'.
338 1661 520 1714 Ταῦτα
553 1665 646 1716 ἐπὶ
685 1665 817 1718 πολὺ
865 1664 963 1732 τῆς
1001 1664 1208 1732 ἡμέρας
1254 1665 1716 1733 προσευξάμενος,

159 1753 254 1802 καὶ
291 1751 442 1819 ὕπνῳ
492 1755 612 1815 δοὺς
646 1757 855 1817 ἑαυτὸν,
890 1757 992 1823 ὁρᾷ
1043 1755 1258 1807 νεανίαν
1292 1755 1488 1818 ὡραῖόν
1531 1774 1590 1808 τε
1623 1759 1718 1809 καὶ

159 1843 322 1894 καλὸν
344 1845 404 1896 τὸ
433 1841 589 1908 εἶδος,
611 1846 802 1914 ῥάϐδον
821 1845 966 1914 αὖτῴ
994 1846 1382 1918 ἐγχειρίζοντα,
1408 1850 1499 1901 καὶ
1532 1849 1618 1900 Ἐν
1643 1848 1720 1918 τῷ

156 1935 381 2001 ὀνόματί
413 1953 535 2004 μου,
578 1936 844 2005 Ἀϐἐρκιε,
871 1937 1118 2004 λεγοντα,
1159 1941 1453 2008 πορεύθητι
1484 1940 1597 2002 νῦν,
1627 1939 1720 1992 καὶ

159 2024 446 2092 σύντριψον
503 2028 567 2094 τῇ
618 2025 887 2096 βακτηρία
947 2030 1122 2098 ταύτῃ
1184 2031 1309 2090 τοὺς
1364 2031 1459 2097 τῆς
1512 2030 1718 2098 πλάνης

155 2117 384 2176 αἰτίους·
455 2117 794 2181 NHV-“05“;
859 2115 972 2181 οὖν,
1041 2122 1134 2173 καὶ
1187 2120 1269 2172 ὅτι
1317 2120 1515 2187 Κύριος
1561 2115 1628 2189 ἦν
1692 2123 1718 2172 ὁ

157 2208 345 2272 φανεὶς
386 2207 529 2276 αύτῷ
591 2209 764 2270 καλῶς
799 2212 1078 2278 ἐννοήσας,
1139 2211 1299 2273 εὐθὺς
1359 2212 1716 2275 διανίσταται,

159 2301 255 2351 καὶ
326 2299 557 2367 θάρσους
639 2303 998 2370 ἐμπίπλαται,
1089 2303 1181 2354 καὶ
1259 2303 1610 2372 παμμέγεθες
1669 2322 1720 2356 τι

159 2390 318 2452 ξύλον
375 2393 650 2462 ἁρπάσας,
705 2393 888 2445 ἄπεισι
941 2395 1119 2445 πνέων
1169 2393 1332 2462 ζήλου
1390 2397 1484 2447 καὶ
1546 2394 1716 2464 ὀργῆς

149 2483 360 2543 ἐκεῖνος
419 2485 566 2553 παρᾶ
609 2487 666 2536 τὸ
710 2483 802 2535 τοῦ
867 2485 1196 2546 ’Λπόλλωνος
1247 2485 1412 2553 ἱερὸν,
1473 2485 1600 2536 ἔνθα
1658 2486 1715 2536 αἱ

151 2575 404 2626 πλεῖσιαι
432 2577 649 2628 σπονδαί
683 2593 740 2628 τε
777 2577 868 2630 καὶ
909 2577 1090 2630 θυσίαι
1127 2577 1480 2634 διετελοῦντο.
1509 2572 1617 2628 Ἦν
1649 2576 1706 2630 δὲ

151 2670 286 2734 περί
314 2686 414 2722 που
463 2671 558 2739 τὴν
593 2671 789 2740 ἐνάτην
837 2670 984 2740 ὥραν
1019 2672 1049 2740 ὴ
1083 2671 1197 2736 νὺξ,
1235 2671 1326 2723 καὶ
1361 2673 1425 2740 τῇ
1468 2671 1584 2740 θεία
1616 2687 1715 2722 πε·-

150 2756 356 2819 ποιθὼς
389 2761 678 2826 ἐμςςανεία,
735 2761 922 2827 πρῶτα
956 2760 1053 2826 μὲν
1081 2761 1268 2820 αὑταῖς
1297 2763 1454 2831 χερσὶ
1475 2763 1570 2822 τὰς
1619 2761 1712 2815 τοῦ

150 2851 258 2898 νεὼ
293 2847 464 2908 πύλας
505 2846 668 2900 ὠθεῖ·
701 2849 792 2898 καὶ
823 2850 943 2899 ἐπεὶ
973 2849 1032 2902 αἵ
1074 2867 1134 2900 τε
1163 2850 1367 2914 κλεῖδες
1418 2850 1567 2919 αὑτῷ
1620 2851 1714 2903 καὶ

149 2939 202 2990 oi
252 2939 438 3006 μοχλοὶ
476 2939 888 3008 συνετρίϐησαν,
943 2943 1034 2990 καὶ
1063 2941 1120 2992 αἱ
1153 2939 1316 2992 πύλαι
1343 2940 1715 3010 ἀνεπετάσθη-

153 3046 277 3093 σαν,
309 3033 387 3092 είς
421 3033 583 3098 μέσον
601 3031 689 3080 τὸν
719 3030 842 3082 ναὸν
865 3030 1196 3100 εἰσδραμὼν,
1228 3032 1288 3083 τὸ
1317 3029 1487 3091 ἑστὼς
1531 3031 1710 3082 ἐκεῖσε

142 3123 250 3175 τοῦ
299 3122 626 3184 Ἀπόλλωνος
670 3122 886 3175 εἴδωλον
928 3123 1158 3188 κατέαξὲ
1191 3142 1245 3176 τε
1278 3128 1368 3177 καὶ
1395 3126 1473 3188 είς
1533 3123 1708 3176 λεπτὰ

150 3215 368 3266 διεῖλεν.
435 3211 568 3266 Εἶτα
601 3211 694 3264 καὶ
734 3215 800 3265 τά
832 3214 939 3264 τῶν
985 3215 1156 3266 ἄλλων
1193 3215 1330 3266 θεῶν
1389 3214 1706 3284 περιελθὼν,

147 3304 345 3372 ἐπίσης
384 3303 620 3367 διέθηκε.
659 3303 764 3353 Καὶ
797 3303 842 3352 οἱ
873 3302 983 3353 θεοὶ
1029 3303 1126 3354 οὑκ
1183 3303 1480 3370 ἠμύναντο,
1515 3304 1607 3353 καὶ
1643 3303 1706 3352 τὰ

145 3396 306 3463 κωφὰ
331 3397 420 3448 καὶ
453 3397 677 3465 μάταια,
708 3397 858 3463 κωφὰ
892 3394 1031 3449 οὕτω
1059 3398 1150 3449 καὶ
1185 3397 1371 3463 ἄφωνα
1397 3390 1461 3464 ἦν
1481 3412 1494 3425 ·
1529 3395 1708 3463 φωνὴν

151 3491 416 3558 μεγίστην
454 3488 560 3540 ἀπὸ
603 3489 711 3539 τῶν
762 3488 942 3558 ἔργων
971 3490 1222 3554 ἀφιέντα,
1257 3488 1338 3540 ὅτι
1402 3488 1710 3558 μῖμήνασιν

145 3583 424 3649 ἄνθρωποι
483 3582 748 3642 τοιούτοις
799 3579 917 3631 οὖσι
963 3585 1342 3646 προσέχοντες,
1412 3581 1505 3630 καὶ
1555 3578 1708 3640 θεοὺς

144 3676 346 3734 αότοὺς
380 3673 755 3740 ὀνομάζοντες,
800 3674 892 3722 καὶ
939 3673 1018 3722 ὅτι
1062 3669 1234 3722 ταῦτα
1280 3669 1314 3720 ἂ
1357 3669 1552 3736 πάσχει
1590 3667 1706 3732 νῦν,

142 3764 366 3821 δικαίως
395 3763 578 3813 ἐκεῖνα
609 3761 801 3828 πάσχει
851 3760 943 3812 καὶ
977 3760 1096 3812 λίαν
1145 3759 1471 3818 ἐπαινετῶς.

207 3855 306 3905 Τ’.
360 3852 426 3905 Οἱ
466 3854 644 3921 μέντοι
680 3852 1010 3920 θεραπευταὶ
1050 3852 1154 3903 τῶν
1187 3851 1322 3901 θεῶν
1355 3853 1447 3902 καὶ
1495 3850 1587 3902 τοῦ
1605 3851 1708 3904 νεὼ

143 3946 438 4015 ὑπηρέται,
466 3949 531 3996 τά
557 3945 896 4012 γεγενημένα
919 3943 1088 3994 ταῦτα
1118 3943 1259 3994 κατὰ
1289 3940 1486 4010 πολλὴν
1502 3943 1706 4010 τόλμαν

148 4039 369 4100 ἰδόντες,
407 4038 594 4106 μεστοὶ
640 4036 952 4104 ἐκπλήξεως
1015 4035 1107 4084 καὶ
1153 4035 1386 4102 ἀπορίας
1432 4033 1704 4104 εἱστήκει-

145 4119 271 4186 σίαν,
333 4129 392 4181 ’0
440 4129 682 4198 δὲ.πρὸς
745 4129 940 4187 αὐτοὺς
993 4128 1366 4191 ἐπιστραφεὶς»
1446 4126 1582 4194 ὀργῇ
1647 4143 1706 4177 τε

140 4222 328 4288 δικαία
361 4221 388 4268 ὁ
417 4219 620 4278 δίκαιος
649 4217 874 4279 ἀπιδὼν,
903 4217 1116 4278 "Am-.5,
1150 4214 1302 4282 φησὶ,
1329 4217 1390 4283 τῇ
1429 4214 1587 4282 βουλῇ
1616 4216 1706 4266 καὶ

139 4311 222 4381 ’τῷ
257 4311 414 4379 δήμῳ
443 4309 605 4360 παντὶ
656 4299 1046 4372 ἀπαγγείλατε,
1101 4307 1173 4366 ὡς
1217 4307 1263 4357 οἱ
1298 4305 1409 4358 θεοὶ
1453 4305 1602 4374 ὑμῶν
1636 4308 1700 4373 τῇ

142 4402 515 4472 ’παρατεθείση
549 4399 672 4469 χθὲς
704 4397 884 4457 αὐτοῖς
939 4397 1137 4464 εὐωχία
1193 4398 1285 4448 καὶ
1338 4394 1484 4464 αὐτῷ
1536 4395 1706 4463 κώμῳ

144 4492 507 4564 μεθύσαντες,
529 4487 852 4557 συνέτριψαν
882 4503 938 4537 τε
971 4487 1256 4554 ἀλλήλους,
1281 4487 1373 4535 καὶ
1407 4487 1484 4546 εἰς
1509 4484 1702 4551 ἔδαφος

138 4587 286 4636 οὕτω
309 4583 691 4634 κατέσπασαν.
743 4579 881 4631 Ἀλλ’
913 4580 1088 4648 ὑμεῖς,
1126 4579 1177 4630 εί
1221 4594 1281 4644 γε
1314 4567 1384 4646 δη
1417 4577 1508 4626 καὶ.
1545 4576 1698 4640 ὀλίγα

140 4676 356 4744 φρενῶν
413 4675 688 4741 μετέχετε,
743 4674 808 4724 τά
864 4671 1243 4739 συντρίμματα
1299 4670 1402 4721 τῶν
1468 4666 1699 4719 εἰδώλων

135 4767 312 4820 ταῦτα
356 4764 566 4830 καμίνῳ
616 4764 881 4834 παράδοτε
945 4766 1036 4813 καὶ
1076 4763 1225 4830 πυρί.
1275 4762 1424 4830 Τάχα
1459 4761 1566 4830 γὰρ
1637 4762 1701 4813 ἂν

137 4861 314 4920 οὕτως
362 4861 488 4926 ὑμῖν
519 4861 567 4910 οἱ
614 4859 722 4910 θεοὶ
764 4861 1024 4928 χρήσιμοί
1052 4873 1148 4907 που
1182 4856 1420 4922 ὀφθεῖεν,
1463 4857 1550 4908 διὰ.
1602 4852 1718 4924 τῆς¹

137 4953 429 5014 ἀσϐέστου,
456 4952 617 5019 φημὶ,
648 4949 745 5016 τῆς
778 4951 836 5014 ἐξ
864 4949 1038 5000 αὐτῶν
1064 4947 1284 5000 ἐκείνων
1307 4947 1698 5015 γενησομένης.

138 5045 324 5097 Ταῦτα
348 5044 558 5112 πράξας
590 5041 867 5110 Ἀϐἐρκιος
893 5040 984 5090 καὶ
1007 5038 1193 5101 εἰπὼν,
1219 5038 1394 5090 οἶκαδε
1437 5037 1698 5105 ἐπανῆκε,

139 5137 394 5204 καθάπερ
445 5151 528 5192 τις
576 5132 830 5200 ἀριστεὺς
887 5130 1098 5192 κοινοὺς
1131 5129 1333 5179 ἀνελὼν
1384 5128 1696 5205 πολεμίους,

138 5227 349 5278 πολλῶν
382 5225 547 5284 ὅντως
577 5221 762 5290 ψυχῶν
794 5217 1061 5279 ἀπωλείας
1091 5218 1317 5278 αἰτίους.
1356 5214 1699 5268 Ἐπανελθὼν

135 5320 194 5370 δὲ
230 5315 354 5376 τοὺς
395 5315 528 5382 πρὸς
602 5313 763 5364 αὑτὸν
802 5310 1127 5382 συρρέοντας
1175 5307 1452 5359 ἐδίδασκεν
1507 5307 1699 5374 ὄχλους

139 5409 452 5468 Θεοσεὸείας
507 5403 738 5471 ἀληθοῦς
798 5401 1034 5469 ἔχεσθαι,
1093 5400 1186 5450 καὶ
1251 5400 1365 5466 βίου
1424 5399 1703 5475 σώφρονος

138 5498 542 5568 ἐπιμελεῖσθαι.
581 5493 793 5544 Ύπὸδὲ
830 5491 926 5557 τὴν
959 5489 1123 5559 αὐτὴν
1150 5489 1338 5555 νύκτα,
1373 5491 1508 5542 οἵτε
1541 5491 1696 5544 θύται

138 5595 233 5644 καὶ
279 5591 329 5641 οἱ
363 5587 622 5654 νεωκόροι
655 5584 910 5646 προσίασι
949 5586 1012 5650 τῇ
1061 5582 1243 5650 βουλῇ,
1303 5583 1395 5633 καὶ
1447 5599 1697 5648 προσαγς

136 5685 389 5752 γέλλευσι
416 5681 512 5746 μὲν
545 5678 846 5744 ἐνείρκιον⁹
872 5674 1283 5726 ἀναδιδάσκουσι
1315 5673 1369 5724 δὲ
1387 5676 1454 5726 τά
1476 5691 1699 5743 γεγενη-

143 5779 302 5845 μένα,
335 5775 425 5824 καὶ
453 5770 562 5838 ἅμα
591 5768 724 5836 φωτὶ
754 5765 904 5832 λόγος
931 5765 1090 5827 εὐθὺς
1113 5765 1197 5817 διὰ
1231 5766 1443 5818 πάντων
1477 5766 1694 5836 ἐχώρει,

1831 605 2000 643 cens:
2033 589 2175 642 Deus
2210 591 2554 654 saeculorum,
2603 601 2658 646 et
2714 593 2939 646 Domine
2971 595 3382 658 misericordiae,

1826 681 1916 748 qui
1949 679 2052 733 hoc
2077 682 2394 736 universum
2425 683 2716 738 fabricatus
2775 685 2824 739 id
2857 685 3142 739 contines:
3177 690 3266 755 qui
3295 703 3385 742 vo.

1825 771 1994 833 luisti,
2027 783 2086 825 ιιι
2116 774 2426 842 unigenitus
2459 785 2582 830 tuus
2609 775 2776 830 Filius
2831 771 3052 845 propter
3088 793 3189 832 nos
3221 777 3383 833 homo

1827 861 1998 926 ﬁeret,
2026 879 2169 917 nunc
2199 880 2415 933 quoque
2446 867 2634 935 aspice‘
2656 868 2939 928 mundum,
2973 884 3131 937 quem
3163 877 3216 922 tu
3254 885 3384 923 con-

1823 952 2049 1008 didisti:
2097 970 2273 1024 neque
2321 957 2460 1010 hanc
2513 968 2658 1012 tuam
2709 959 3003 1024 civitatem,
3041 961 3094 1013 in
3140 976 3244 1029 qna
3298 978 3383 1016 me

1826 1046 2056 1112 posuisti
2109 1061 2378 1114 pastorem
2431 1059 2642 1103 tuarum
2689 1052 2892 1114 ovium,
2941 1062 2996 1106 et
3041 1055 3198 1120 cujus
3249 1055 3380 1107 mihi

1826 1134 2046 1204 indigno
2080 1139 2399 1194 commisisti
2432 1141 2821 1210 epiSCOpatum,
2857 1143 3126 1212 despicias
3158 1144 3235 1196 sic
3266 1160 3378 1196 ma-

1825 1225 2059 1282 nulactis
2106 1229 2343 1282 deditam
2385 1232 2921 1287 abominationibus:
2975 1234 3068 1287 sed
3102 1249 3196 1287 eos
3247 1235 3384 1287 libe-

1827 1323 1970 1370 ratos
2016 1335 2044 1372 a
2094 1321 2235 1374 nube
2279 1323 2501 1387 erroris,
2539 1339 2659 1392 quae
2707 1323 2788 1376 eis
2829 1323 3058 1378 oﬂundit
3103 1324 3375 1389 tenebras,

1823 1410 2057 1480 adjunge
2086 1413 2178 1465 luo
2214 1413 2430 1467 lumini.

1893 1669 1956 1725 ll.
2001 1668 2121 1724 Haec
2157 1688 2277 1724 cum
2310 1688 2499 1742 magna
2527 1675 2633 1728 diei
2665 1687 2817 1744 parte
2850 1686 2994 1732 esset
3023 1688 3296 1746 precatus,
3323 1689 3378 1733 et

1823 1777 1880 1816 se
1929 1779 2120 1817 somno
2163 1764 2416 1828 dedisset,
2467 1766 2613 1819 videt
2645 1766 3044 1822 adolescentem
3076 1770 3373 1838 elegantem

1823 1868 1887 1907 ac
1917 1854 2245 1921 speciosum,
2300 1855 2503 1925 virgam
2538 1855 2586 1910 ei
2619 1856 2672 1910 in
2708 1873 2924 1910 manum
2961 1859 3290 1922 tradentem,
3325 1871 3379 1914 et

1821 1942 2091 1996 dicentem
2121 1962 2134 1995 :
2176 1943 2232 1996 In
2266 1947 2486 2013 nomine
2531 1961 2670 2007 meo,
2706 1948 2918 2009 Aberci,
2952 1963 3098 2001 nunc
3135 1950 3374 2009 ambula,

1818 2043 1872 2086 et
1909 2034 2011 2087 hoc
2045 2035 2236 2087 baculo
2270 2046 2493 2091 contere
2552 2047 2804 2091 auctores
2851 2039 3072 2093 erroris.
3113 2040 3150 2092 l“.
3185 2055 3376 2093 somno

1818 2137 1944 2191 ergo
1985 2125 2272 2186 excitatus,
2316 2141 2438 2178 cum
2481 2139 2626 2180 recte
2697 2129 3049 2182 intellexisset
3091 2129 3373 2181 Dominum

1820 2211 1919 2264 sibi
1953 2213 2286 2280 apparuisse,
2338 2215 2516 2270 statim
2550 2218 2740 2285 surgit,
2775 2227 2827 2270 et
2862 2219 3114 2286 impletur
3153 2217 3372 2281 ﬁducia,

1821 2311 1874 2355 et
1901 2305 2134 2356 maximo
2167 2305 2311 2375 ligno
2351 2317 2592 2376 arrepto,
2621 2308 2754 2362 abiit
2804 2308 2912 2369 ille,
2954 2309 3124 2362 zelum
3163 2309 3377 2376 Spirans

1821 2400 1874 2443 et
1901 2390 2054 2452 iram,
2089 2391 2153 2444 ad
2200 2395 2459 2461 templum
2511 2395 2797 2462 Apollinis,
2855 2395 2941 2448 ubi
2981 2397 3376 2464 peragebantur

1820 2479 1970 2548 plura
2003 2481 2267 2534 sacrilicia
2305 2492 2357 2535 et
2384 2482 2664 2546 libamina.
2706 2485 2836 2538 Erat
2886 2496 3065 2543 autem
3100 2486 3243 2539 circa
3278 2502 3367 2538 no-

1818 2585 1940 2620 nam
1969 2569 2152 2622 horam
2180 2576 2378 2627 noctis.
2407 2573 2588 2640 Itaque
2611 2575 2794 2628 divina
2823 2575 2994 2629 frctus
3013 2577 3371 2644 apparitione,

1817 2660 2047 2727 primum
2076 2663 2290 2729 quidem
2315 2665 2444 2731 ipsis
2470 2666 2718 2719 manibus
2741 2667 2918 2734 pulsat
2941 2669 3120 2736 templi
3154 2679 3334 2736 portas
3361 2690 3371 2723 :

1817 2763 1871 2805 et
1901 2769 2020 2808 cum
2075 2755 2253 2808 claves
2284 2765 2337 2810 et
2385 2768 2564 2811 vectes
2595 2757 2663 2810 ab
2712 2774 2776 2812 eo
2826 2768 3010 2812 essent
3044 2759 3287 2820 contriti,
3318 2769 3373 2813 et

1817 2854 2016 2914 apertae
2069 2857 2251 2902 essent
2284 2859 2470 2918 portae,
2527 2851 2578 2902 in
2627 2851 2862 2903 medium
2908 2866 3196 2904 accurrens
3234 2861 3372 2904 tem-

1815 2939 1985 3006 plum,
2015 2940 2296 3008 Apollinis,
2328 2943 2469 3010 quod
2497 2941 2602 2994 illic
2633 2942 2829 3005 Stabat,
2864 2943 3212 2996 simulacrum
3237 2958 3371 2996 con-

1815 3029 1973 3098 fregit
2009 3046 2070 3084 ac
2105 3032 2445 3085 comminuit.
2483 3033 2688 3086 Deinde
2717 3035 2820 3087 alia
2872 3047 3088 3102 quoque
3140 3034 3366 3087 aliorum

1817 3121 2036 3174 deorum
2070 3123 2358 3176 simulacra
2389 3124 2602 3187 obiens,
2635 3125 2815 3179 affecit
2848 3125 3231 3180 similiterxbii
3273 3124 3367 3177 au-

1814 3226 1921 3268 tem
1948 3229 2057 3267 non
2084 3230 2142 3268 se
2173 3213 2554 3278 defenderunt,
2583 3227 2634 3269 et
2664 3231 2782 3289 qua:
2815 3228 2942 3269 sunt
2971 3218 3130 3270 surda
3166 3225 3222 3269 et
3255 3219 3371 3268 ina-

1813 3307 1921 3369 nia,
1953 3309 2029 3362 sic
2073 3307 2414 3376 erantplane
2462 3306 2621 3362 surda
2663 3315 2717 3360 et
2761 3317 2928 3370 muta,
2966 3322 3152 3360 vocem
3187 3316 3367 3359 tamen

1813 3397 2102 3449 maximam
2152 3399 2310 3449 rebus
2346 3398 2478 3464 ipsis
2508 3400 2833 3464 emittentia,
2869 3400 3088 3453 insanos
3115 3413 3234 3452 esse
3270 3401 3366 3451 ho-

1811 3489 2005 3552 mines,
2039 3486 2131 3555 qui
2182 3501 2274 3540 eos
2313 3489 2516 3548 colunt,
2547 3497 2601 3540 et
2649 3489 2778 3542 deos
2810 3491 3132 3543 nominant:
3164 3501 3217 3544 et
3249 3507 3367 3558 qua:

1811 3595 1957 3633 nunc
1992 3579 2290 3645 patiuntur,
2341 3579 2429 3632 illa
2481 3579 2696 3648 quidem
2747 3580 2891 3648 juste
2939 3580 3071 3648 pati,
3117 3589 3170 3632 et
3215 3581 3368 3633 valde

1811 3671 2176 3725 laudabiliter.

1879 3847 1964 3901 Ill.
2009 3845 2240 3900 Deorum
2271 3855 2450 3898 autem
2494 3848 2754 3912 cultores,
2788 3856 2841 3901 et
2888 3846 3072 3916 templi
3106 3845 3365 3910 ministri,

1808 3956 1929 3994 cum
1958 3941 2074 3994 haec
2096 3954 2287 4008 magna
2312 3938 2535 3991 audacia
2565 3937 2708 3991 facta
2744 3953 2863 3992 esse
2896 3939 3180 4004 vidissent,
3210 3951 3366 3994 erant

1809 4032 1953 4100 pleni
1977 4040 2196 4096 stupore
2221 4040 2275 4084 et
2304 4029 2657 4084 dubitatione.
2686 4029 2731 4082 Is
2764 4044 2890 4082 vero
2920 4029 2984 4082 ad
3008 4044 3104 4083 eos
3136 4045 3367 4084 conver-

1808 4138 1922 4186 sus,
1951 4123 2166 4192 etjusta
2201 4136 2321 4173 cum
2344 4122 2442 4183 ira,
2473 4120 2650 4187 justus
2682 4120 2933 4172 intuens:
2961 4120 3138 4183 Abite,
3171 4123 3363 4190 inquit,

1807 4217 1872 4268 ad
1896 4225 2164 4275 senatum,
2183 4224 2236 4267 et
2262 4202 2358 4268 toti
2386 4213 2582 4283 populo
2606 4214 2932 4276 renuntiate,
2951 4214 3092 4280 quod
3109 4213 3180 4266 dii
3203 4215 3364 4266 vestri

1810 4307 2065 4358 hesterno
2098 4304 2353 4357 inebriati
2385 4306 2636 4359 convivio
2667 4317 2720 4359 et
2752 4307 3165 4370 comessationc,
3194 4322 3252 4360 se
3284 4309 3365 4359 in-

1809 4395 1976 4448 vicem
2009 4393 2409 4457 contriverunt,
2449 4405 2502 4446 et
2550 4394 2629 4446 sic
2678 4397 2732 4446 in
2794 4403 2990 4446 terram
3024 4394 3363 4464 dejecerunt.

1739 4519 1777 4569 υ
1813 4482 1919 4538 Sed
1953 4483 2069 4545 vos,
2101 4485 2142 4536 si
2172 4485 2300 4553 quid
2329 4485 2402 4536 'sit
2428 4485 2482 4537 in
2515 4486 2663 4537 vobis
2693 4499 2909 4547 sensus,
2945 4485 3220 4539 confracta
3252 4487 3366 4541 haec

1809 4577 2095 4631 simulacra
2142 4576 2360 4631 camino
2399 4575 2651 4631 mandate
2696 4585 2752 4629 et
2803 4575 2932 4645 igni.
2983 4577 3075 4630 Sic
3106 4577 3248 4630 enim
3288 4577 3360 4630 dii

1807 4672 1968 4724 vestri
1993 4671 2142 4724 vobis
2164 4670 2297 4724 forte
2323 4671 2525 4724 fuerint
2547 4669 2722 4732 utiles,
2756 4684 2852 4736 per
2875 4668 3096 4733 calcem,
3121 4667 3360 4737 inquam,

1807 4778 1923 4833 quae
1976 4773 2055 4815 est
2110 4777 2173 4814 ex
2214 4761 2316 4814 illis
2361 4760 2628 4814 iacienda.
2689 4759 2814 4812 Haec
2862 4773 2983 4813 cum
3043 4758 3260 4812 iecisset
3309 4770 3362 4814 et

1808 4853 2348 4915 dixisset-Abercius,
2378 4852 2601 4904 domum
2639 4850 2818 4913 rediit,
2854 4860 3105 4918 tanquam
3137 4853 3216 4902 vir
3252 4852 3362 4904 for-

1809 4950 2068 5012 tissimus,
2099 4946 2211 5001 suis
2236 4944 2530 5014 peremptis
2561 4942 2827 5004 hostibus,
2858 4940 2949 5010 qui
2984 4949 3142 4994 erant
3173 4955 3357 4992 revera

1806 5050 2055 5093 auctores
2084 5037 2234 5091 exitii
2274 5036 2562 5087 multarum
2599 5033 2923 5085 animarum.
2952 5031 3224 5086 Reversus
3260 5048 3360 5085 au-

1808 5143 1914 5186 tem
1945 5130 2174 5183 dooebat
2209 5127 2631 5189 multitudinem,
2667 5141 2784 5195 quae
2815 5125 2879 5176 ad
2916 5125 3089 5190 ipsum
3127 5125 3360 5180 conﬂuc-

1805 5228 1916 5284 bat.
1951 5240 2129 5280 veram
2161 5224 2312 5291 sequi
2347 5217 2681 5291 religionem,
2713 5230 2764 5273 et
2797 5219 3086 5272 moderata:
3115 5218 3236 5271 vitte
3263 5233 3358 5271 cu-

1807 5331 1918 5370 ram
1952 5331 2162 5385 gcrerc.
2193 5313 2304 5367 Sub
2353 5313 2523 5381 ipsam
2554 5321 2793 5372 noctem,
2828 5310 3055 5364 sacriﬁci
3090 5322 3143 5363 et
3175 5310 3359 5363 aeditui

1805 5405 2069 5459 accedunt
2112 5404 2486 5462 adsenatum,
2522 5409 2577 5479 et
2623 5401 2876 5456 delerunt
2928 5399 3144 5466 quidem
3187 5399 3359 5453 Aber-

1804 5484 1972 5560 ciutn,
2026 5496 2221 5551 docent
2251 5506 2428 5548 autem
2467 5510 2551 5555 ea,
2585 5509 2705 5562 qua:
2736 5491 2873 5544 facta
2902 5490 3141 5544 fuerant.
3177 5489 3358 5556 Itaque

1804 5603 1923 5641 cum
1950 5587 2181 5654 primum
2211 5585 2406 5648 illuxit,
2438 5583 2574 5636 fama
2607 5598 2699 5650 per
2725 5595 2912 5634 omnes
2940 5577 3194 5647 pervasit,
3215 5579 3358 5645 quod

1805 5693 2031 5747 magnus
2063 5677 2280 5746 quidem
2332 5675 2596 5730 Abercius
2627 5675 2679 5727 in
2714 5686 2968 5743 magnum
3003 5685 3243 5724 errorem
3274 5671 3357 5724 in-

1805 5771 2044 5837 cidisset,
2080 5769 2132 5822 in
2174 5771 2303 5823 deos
2336 5775 2520 5822 autem
2559 5763 2964 5829 iusurrexissct,
3013 5771 3068 5815 et
3120 5761 3264 5830 quod
3292 5777 3358 5817 ea
