4198 6312
204 372 331 441 1221
1500 376 1675 438 νιΤΑ
1719 374 1777 434 S.
1808 374 1862 432 A'

1808 374 2117 437 ABERCII
3310 376 3442 442 1222

206 494 468 557 εξιὸντος,
503 493 534 562 ἡ
572 491 734 561 ὲνάτη
766 490 865 560 τῆς
909 488 1124 562 ἡμέρας
1148 489 1264 561 ὥρα
1319 487 1450 558 πρὶς
1502 490 1562 541 τὸ
1620 487 1773 549 τέλος
1805 490 1846 545 Α

1805 490 1846 545 Α
1878 488 2012 551 eius,
2050 505 2190 542 nona
2227 490 2358 544 hora
2389 490 2496 545 diei
2528 490 2677 545 ‘tlnita
2725 490 2773 544 ei
2822 505 3037 560 quoque
3083 490 3239 545 οὔρει-ι
3283 492 3441 545 tinem

195 586 298 656 ἥδη
332 586 597 656 γενομένη
620 627 634 649 ,
663 586 818 650 τέλος
848 586 995 654 αὐτῴ
1044 583 1136 638 καὶ
1170 584 1245 654 τῷ
1289 583 1397 634 τῶν
1458 581 1627 648 λόγων
1677 583 1769 632 ἐπι

1875 580 2089 633 dicendi
2144 598 2156 633 :
2204 592 2258 635 et
2302 583 2351 633 iu
2420 584 2501 636 his
2555 583 2713 636 solvit
2777 598 3104 645 sermonem,
3170 586 3443 640 consuetis

199 682 343 748 ἁγει,
399 680 491 732 καὶ
526 679 766 733 διέλυσεν
798 682 855 732 ἐν
890 684 1101 741 τούτοις
1126 677 1225 746 τὴν
1253 677 1492 746 ὁμιλίαν,
1523 678 1619 746 τῆς
1651 693 1773 727 συν-

1872 673 2125 740 precibus
2158 688 2280 725 eum
2310 672 2655 727 trahentibus
2682 675 2746 727 ad
2789 675 2954 727 alium
3001 691 3309 728 sermonem
3352 677 3445 737 ha.-

199 772 366 840 ἦθους
399 772 561 825 αὐτὸν
612 771 923 842 προσευχῆς
958 771 1239 840 ἑλκούσης,
1265 771 1344 833 είς
1360 769 1575 839 ὁμιλίαν
1605 770 1771 836 ἄλλην

1872 763 2106 817 bendum
2149 780 2272 817 cum
2312 780 2399 828 eo,
2425 781 2584 833 quem
2616 766 2981 819 desiderabat.
3011 764 3108 820 Ille
3141 782 3269 837 ergo
3317 784 3442 821 sur-

195 861 289 913 τοῦ
326 862 688 930 ποθουμένου.
734 862 795 918 Ὀ
827 865 926 931 μὲν
960 861 1052 915 οὖν
1104 863 1303 930 ἀνέστη
1354 860 1450 913 καὶ
1482 860 1581 921 τάς
1617 860 1768 927 ἱερὰς

1874 854 2131 918 rexit;et
2180 870 2303 907 cum
2363 872 2546 909 sacras
2594 872 2787 910 manus
2825 858 3172 924 imposuisset
3222 860 3307 920 iis,
3350 866 3438 928 qut

196 947 413 1012 ὲκείνας
445 954 630 1020 χεῖρας
658 953 768 1012 τοῖς
799 950 985 1013 κακῶς
1015 950 1231 1019 ἔχουσιν
1284 949 1519 1011 ὲπιθείς,
1573 948 1766 999 ἐσϐεσέ

1871 946 2012 995 male
2048 960 2108 998 se
2148 946 2441 1009 habebant,
2478 958 2533 999 et
2561 962 2747 1000 eorum
2791 948 3053 1002 exstinxit
3100 950 3335 1010 dolores,
3388 963 3442 1003 et

191 1058 252 1093 τε
288 1043 469 1103 αὐτοῖς
491 1044 587 1105 τάς
618 1042 807 1105 ὀδύνας
834 1043 924 1094 καὶ
960 1042 1095 1112 πρὸς
1124 1044 1337 1094 τελείαν
1373 1042 1585 1107 ὑγίειάν
1607 1043 1769 1091 ὲπαν-
1822 1068 1849 1079 η

1822 1034 1932 1085 .ad
1978 1035 2274 1101 perfectam
2307 1036 2524 1087 reduxit
2566 1039 2875 1090 sanitatem.
2914 1037 3117 1092 Deinde
3148 1054 3269 1092 cum
3302 1039 3440 1092 bene.

193 1138 423 1203 ἡγαγεν.
490 1130 621 1186 Εἶτα
675 1134 839 1186 πᾶσιν
878 1134 1245 1203 ὲπευξάμενός
1302 1153 1360 1187 τε
1410 1138 1506 1187 καὶ
1540 1122 1765 1200 εὐλογή-

1871 1134 2128 1195 precatus
2193 1136 2338 1178 esset
2395 1127 2665 1190 omnibus,
2725 1136 2779 1179 et
2848 1128 3232 1192 benedixisset,
3309 1131 3437 1199 quin

196 1239 316 1285 σας,
350 1224 487 1275 ἀλλά
522 1224 626 1293 μὴν
658 1224 752 1276 καὶ
797 1223 893 1277 τοῦ
931 1225 989 1275 ὲν
1021 1224 1210 1295 Κυρίῳ
1244 1225 1547 1293 φιλήματος
1600 1238 1765 1290 μετα·

1870 1214 2040 1267 eriam
2093 1216 2282 1269 osculo
2315 1217 2364 1268 in
2431 1216 2658 1271 Domino
2720 1218 3093 1288 impertiisset,
3149 1230 3203 1274 et
3276 1222 3437 1274 veluti

195 1319 338 1380 δοὺς,
366 1316 459 1368 καὶ
491 1310 601 1368 οἷόν
628 1334 746 1368 τινα
777 1318 1047 1388 σφραγῖδα
1093 1316 1249 1369 τοῦτο
1278 1317 1458 1377 αὐτοῖς
1509 1314 1719 1373 ἐπιθεὶς
1748 1354 1762 1378 ,

1868 1307 2139 1374 quoddam
2176 1308 2517 1377 signaculum
2543 1310 2624 1363 eis
2660 1311 3026 1379 imposuisset,
3062 1320 3120 1364 ut
3155 1326 3275 1379 quae
3298 1313 3438 1367 dicta

195 1408 335 1460 ὥστε
393 1407 575 1470 καλῶς
631 1408 973 1478 φυλαχθῆναι
1023 1408 1175 1478 παρᾶ
1228 1407 1441 1469 τούτοις
1490 1407 1556 1458 τὰ
1614 1406 1766 1473 εἰρη-

1869 1408 2033 1463 sunt,
2055 1411 2203 1453 recte
2236 1401 2303 1453 ab
2335 1402 2411 1454 eis
2438 1398 2871 1465 custodirentur,
2911 1403 3131 1456 domum
3180 1406 3289 1457 ibat
3315 1416 3436 1458 eum

199 1501 337 1567 μένα
360 1540 373 1559 ,
406 1500 587 1551 οἶκαδε
662 1499 759 1551 σὺν
796 1502 908 1561 τοῖς
930 1498 1177 1565 ἀδελφοῖς
1206 1497 1400 1567 ἐχώρει
1425 1511 1439 1527 ⁸
1471 1497 1531 1548 τὸ
1553 1497 1608 1549 δὲ
1638 1497 1768 1563 πλῆ-

1867 1492 2128 1546 l‘ratribus
2175 1511 2186 1546 :
2229 1494 2519 1548 multitudo
2574 1507 2754 1548 autem
2808 1512 2931 1549 ettm
2982 1500 3335 1564 sequebatur,
3388 1506 3441 1549 et

195 1591 285 1651 θος
346 1589 768 1654 ἐπηκολούθουν,
824 1589 919 1642 καὶ
981 1587 1348 1657 βαπτισθῆναι
1410 1588 1501 1640 ὑπ’
1553 1589 1763 1640 ἐκείνου

1865 1587 2108 1655 rogabat,
2141 1586 2224 1644 ut.
2251 1588 2318 1639 ab
2360 1588 2451 1641 illo
2493 1587 2884 1655 baptizaretur.
2920 1590 3014 1642 ille
3066 1599 3248 1643 autem
3296 1590 3440 1645 acci-

194 1682 425 1732 ὲδέοντο.
472 1680 528 1732 Ὀ
555 1682 607 1732 δὲ
642 1681 961 1750 ἀποδέχεται
998 1678 1096 1747 μὲν
1139 1679 1199 1728 τὸ
1243 1678 1548 1749 πρόθυμον,
1576 1681 1762 1751 ῶσπερ
1846 1664 1852 1678 ’

1846 1664 1943 1746 ’ρὶι
1984 1680 2229 1747 quidem,
2274 1689 2333 1732 ut
2369 1696 2467 1749 par
2494 1689 2633 1743 erat,
2681 1692 2988 1749 promptum
3036 1698 3225 1735 eorum
3271 1681 3438 1735 animi

195 1773 365 1835 εξκδς,
396 1772 576 1841 πολλῷ
622 1772 841 1823 πλείονα
872 1772 966 1823 καὶ
999 1772 1160 1834 αὐτὸς
1195 1772 1333 1841 ἔχων
1365 1776 1420 1825 ἐν
1468 1772 1640 1841 τούτῳ
1666 1773 1763 1839 τὴν
1793 1822 1836 1842 ἢ

1793 1822 1836 1842 ἢ
1867 1770 2130 1835 studium,
2161 1770 2277 1837 ipse
2314 1788 2529 1840 quoque
2587 1774 2640 1825 in
2695 1788 2761 1825 eo
2809 1774 3015 1828 habens
3067 1774 3224 1842 longe
3266 1774 3438 1840 majo-

194 1864 538 1933 προθυμίαν·
569 1864 690 1914 ἐπεὶ
732 1861 785 1913 δὲ
824 1863 896 1933 μὴ
931 1861 1027 1916 καὶ
1073 1865 1141 1915 τά
1169 1867 1264 1933 τῆς
1323 1864 1472 1932 ῶρας
1533 1864 1761 1932 συμϐαί-
1792 1861 1838 1880 ⁵⁷

1792 1861 1838 1880 ν
1870 1877 2006 1925 rem,
2038 1876 2198 1930 quam
2220 1863 2251 1914 ii
2279 1862 2571 1925 habebant,
2600 1864 2763 1916 animi
2784 1864 3115 1919 alacritatem
3154 1884 3166 1919 :
3194 1869 3288 1919 sed
3308 1881 3442 1933 quo-

191 1972 353 2007 νοντα
407 1951 495 2021 ἢν,
534 1956 615 2015 είς
658 1953 755 2019 τὴν
783 1954 973 2023 αὔριον
1023 1956 1084 2007 τὸ
1120 1956 1402 2024 βάπτισμα
1451 1956 1762 2009 ἀνεὸἀλετο.

1870 1954 2014 2006 niam
2058 1969 2165 2007 non
2193 1965 2309 2008 erat
2335 1963 2549 2025 tempus
2581 1958 2936 2022 conveniens,
2970 1960 3294 2023 baptismum
3337 1958 3439 2011 dif-

191 2046 257 2094 Oi
295 2046 391 2111 μὲν
427 2043 524 2095 οὖν
551 2044 735 2096 πολλοὶ
761 2046 965 2098 τούτων
996 2047 1071 2116 τῷ
1107 2046 1295 2117 θερμῷ
1340 2046 1503 2114 ἔρωτι
1546 2045 1638 2097 τοῦ
1672 2045 1767 2113 βα-

1871 2047 1975 2098 fert
2014 2045 2064 2098 in
2108 2046 2250 2100 diem
2293 2059 2638 2115 sequentem.
2689 2050 2864 2118 Atque
2907 2051 3059 2103 multi
3121 2053 3338 2120 quidem
3372 2067 3438 2106 ex

190 2138 518 2204 πείσματος,
541 2136 661 2189 οὐδὲ
674 2137 966 2207 τὴνόἶκαδε
985 2139 1329 2209 ὑποστροφὴν
1355 2139 1763 2208 ὑπομείναντες,

1870 2137 1937 2188 iis
1974 2147 2195 2206 propter
2230 2153 2485 2207 maguum
2525 2140 2776 2208 baptismi
2817 2142 3170 2205 desiderium,
3204 2159 3326 2197 cum
3371 2158 3441 2197 ne

193 2229 360 2280 αὐτοῦ
398 2246 499 2284 που
535 2231 688 2302 παρά
717 2232 775 2283 τὸ
804 2231 1077 2302 δωμάτιον
1110 2233 1506 2302 ἐκοιμήθησαν.
1541 2230 1763 2297 Ἐπειδὴ

1868 2226 2086 2281 domum
2125 2229 2343 2296 quidem
2395 2231 2571 2286 redire
2630 2233 3044 2295 sustinuissent,
3101 2236 3443 2289 dormierunt.

190 2321 247 2371 δὲ
282 2316 348 2391 ἦν
378 2323 440 2373 ὲκ
472 2324 652 2391 μέσων
678 2323 910 2389 νυκτῶν,
943 2325 970 2377 ὁ
1007 2323 1259 2375 τοσοῦτον
1306 2325 1363 2375 ἐν
1394 2323 1575 2393 χάριτι
1622 2322 1765 2391 λάμ·

1869 2320 1976 2390 illic
2034 2337 2205 2391 prope
2269 2324 2678 2379 domunculam.
2737 2326 2873 2380 Cum
2916 2338 3095 2382 autem
3156 2340 3297 2383 esset
3328 2345 3440 2383 me-

186 2410 298 2478 silvai;
375 2413 674 2482 Ἀὁέρκιος,
719 2413 1158 2483 προσευξάμενος
1194 2413 1269 2483 τῷ
1324 2412 1442 2482 Θεῷ
1469 2413 1635 2476 ἔξεισι
1667 2412 1764 2481 τῆς

1868 2414 2015 2467 dium
2061 2416 2262 2475 noctis,
2314 2418 2486 2485 gratia
2555 2419 2907 2486 t'espiendcns
2967 2421 3255 2485 Abercius,
3316 2438 3437 2475 cum

192 2506 399 2567 οἰκίας,
430 2508 525 2558 καὶ
560 2507 648 2557 τὸν
680 2505 836 2573 ὄχλον
893 2504 1265 2573 περιεστῶτας
1319 2522 1379 2555 τε
1412 2506 1506 2556 καὶ
1559 2505 1765 2573 ὑπομέ-

1870 2503 2036 2558 Deum
2071 2516 2327 2572 precatus
2362 2507 2573 2568 fuisset,
2606 2524 2633 2561 c
2666 2510 2828 2562 domo
2860 2512 3135 2578 egreditur
3168 2530 3179 2562 :
3229 2521 3283 2563 et
3315 2524 3434 2565 cum

190 2617 387 2661 νοντας
418 2602 777 2668 θεασάμενος,
808 2602 873 2652 τὰ
905 2601 1130 2668 ὄμματα
1184 2602 1263 2661 εὶς
1319 2601 1583 2669 οὐρανοὺς
1630 2604 1766 2654 ἀνα-

1866 2596 2360 2651 circumsistentem
2407 2600 2631 2654 vidisset
2669 2602 2903 2665 turbam,
2958 2611 3011 2655 et
3052 2604 3435 2665 sustinentem,

193 2693 363 2763 σχὼν,
408 2693 728 2762 Εὐχαριστῶ
763 2710 865 2754 σοι,
902 2694 1147 2746 Δέσποτα
1179 2694 1274 2744 καὶ
1306 2694 1425 2758 Θεὲ,
1474 2689 1649 2757 εἶπεν,
1684 2696 1763 2746 ὅτι

1865 2690 2093 2744 sublatis
2131 2692 2183 2743 in
2209 2691 2375 2743 caelos
2406 2692 2576 2744 oculis
2618 2710 2630 2746 :
2674 2694 2785 2763 Ago
2813 2693 2906 2746 tibi
2946 2696 3166 2763 gratias,
3213 2694 3437 2749 Domine

197 2801 268 2851 με
299 2786 390 2837 τὸν
428 2788 664 2852 ποιμένα
696 2786 802 2839 τῶν
853 2787 963 2837 σῶν
1002 2786 1239 2855 λογικῶν
1272 2787 1562 2855 προϐάτων
1597 2787 1761 2855 ἠλέη-

1866 2780 2028 2844 Deus,
2092 2781 2290 2851 inquit,
2346 2784 2488 2850 quod
2552 2783 2804 2837 misertus
2852 2786 2926 2838 sis
2985 2787 3114 2848 tnei,
3170 2787 3260 2853 qui
3318 2802 3435 2841 Sum

192 2889 319 2938 σας,
347 2876 555 2926 καὶτὸν
607 2877 999 2944 ἀγρυπνοῦντα
1034 2878 1156 2930 καθ’
1187 2880 1345 2946 ἡμῶν
1378 2879 1561 2942 λύκον,
1595 2895 1758 2945 κεχη-

1864 2884 2051 2944 pastor
2085 2883 2299 2928 tuarum
2333 2877 2514 2929 ovium
2569 2877 2797 2930 rationis
2835 2889 3147 2945 compotqu
3188 2898 3199 2931 :
3240 2890 3311 2941 et,
3345 2881 3434 2948 qui

189 2967 321 3017 νότα
353 2968 527 3036 μάτην
555 2967 864 3032 ἀπέδειξας,
918 2970 1010 3019 καὶ
1048 2969 1143 3038 τὴν
1171 2969 1600 3021 διασπασθεῖσαν
1656 2968 1763 3020 ἀπὸ

1867 2968 1918 3018 in
1954 2981 2052 3020 nos
2087 2966 2363 3036 vigilabat,
2398 2967 2581 3034 lupum
2617 2967 2817 3021 frustra
2883 2969 3124 3022 hiantem
3182 2972 3436 3024 reddide-

188 3063 292 3128 τῆς
318 3057 575 3128 ἀληθείας
612 3059 705 3110 τοῦ
760 3060 1012 3129 ποιμνίου
1050 3063 1243 3129 μοῖραν
1278 3062 1610 3125 ἀνεκαλέσω,
1669 3064 1761 3113 καὶ

1866 3056 1961 3119 ris,
2002 3065 2057 3109 et
2088 3072 2117 3109 a
2147 3057 2375 3112 veritate
2417 3057 2682 3113 divulsam
2729 3061 2868 3114 hanc
2895 3061 3070 3131 gregis
3104 3075 3312 3129 partem
3346 3077 3436 3115 re-

192 3152 295 3218 τῆς
332 3152 419 3204 διὰ
449 3150 543 3203 τοῦ
594 3151 975 3221 βαπτίσματος
1008 3152 1279 3213 υἱοθεσίας
1319 3152 1419 3222 ἤδη
1474 3151 1759 3218 κατηξίου.
1788 3160 1833 3223 ς,

1788 3160 1833 3223 C
1866 3150 2100 3213 vocaris,
2142 3158 2195 3203 et
2242 3152 2355 3218 jam
2409 3153 2643 3206 filiorum
2701 3155 2992 3221 adoptione
3046 3156 3286 3225 digneris
3340 3173 3436 3226 per

191 3242 384 3294 Ταῦτα
442 3242 520 3312 τῷ
570 3245 678 3295 τῶν
729 3244 866 3296 ὅλων
921 3243 1396 3314 Θεῴδιαλεχθεὶς,
1450 3244 1760 3297 ἀκολουθεῖν

1865 3243 2218 3310 baptismum.
2272 3242 2395 3297 Haec
2430 3260 2555 3298 cum
2604 3246 2829 3299 dixisset
2877 3246 2984 3300 Deo
3032 3249 3431 3313 universorum,

190 3333 343 3401 αὐτῷ
380 3333 515 3403 πρὸς
547 3334 645 3401 τὴν
693 3334 992 3400 ἐκκλησίαν
1035 3336 1096 3386 τὸ
1133 3337 1335 3404 πλῆθος
1368 3338 1758 3406 προτρέπεται.

1858 3336 2014 3405 jubet
2048 3336 2450 3391 multitudinem
2490 3354 2612 3392 cum
2666 3340 2817 3406 sequi
2866 3340 2931 3392 ad
2957 3342 3263 3394 ecclesiam.
3298 3343 3433 3395 Cum

201 3420 424 3489 Ἐπειδὴ
455 3423 511 3473 δὲ
536 3424 794 3490 ἀφίκοντο
821 3423 944 3491 ἤδη,
974 3424 1072 3485 τὰς
1098 3427 1351 3493 συνήθεις
1386 3429 1569 3488 αὐτοῖς
1598 3430 1761 3493 εὐχὰς

1865 3436 2045 3480 autem
2082 3428 2192 3495 jam
2248 3430 2548 3493 venissent,
2601 3432 2879 3485 consuetis
2938 3432 3097 3486 dictis
3154 3435 3431 3501 precibus,

187 3513 459 3579 ὶπειπὼν,
491 3516 687 3585 τελειοί
745 3514 822 3585 τῷ
858 3505 1196 3585 βαπτίσματι
1243 3517 1441 3586 ἄνδρας
1494 3534 1761 3571 πεντακοο

1865 3516 2135 3584 baptismn
2164 3517 2339 3570 initiat
2369 3521 2514 3572 viros
2542 3535 2769 3573 numero
2800 3523 3150 3591 quingentos.
3192 3526 3266 3578 Ex
3301 3526 3430 3579 hinc

189 3610 347 3669 σίους
376 3608 463 3657 τὸν
506 3608 761 3676 ἀριθμόν,
816 3608 999 3660 πολλοὶ
1032 3608 1125 3661 οὖν
1177 3617 1325 3681 παρα
1364 3612 1454 3662 τὸν
1483 3611 1654 3679 ἄνδρα
1700 3612 1762 3664 τὸ

1866 3616 2046 3659 autem
2078 3606 2230 3661 multi
2276 3608 2343 3662 ad
2395 3608 2544 3662 illum
2598 3610 2959 3673 conﬂuebant,
3002 3629 3107 3666 non
3139 3616 3311 3668 solum
3367 3633 3432 3670 ex

188 3700 290 3752 ἀπ’
322 3702 529 3752 ἐκείνου
563 3704 873 3770 συνέρρεον,
910 3704 968 3751 οὐ
1005 3702 1102 3770 τῆς
1141 3704 1385 3771 μεγάλης
1436 3706 1596 3771 μόνον
1624 3706 1763 3775 Φρυ-

1865 3712 2058 3766 magna
2099 3698 2349 3767 Phrygia,
2385 3713 2437 3753 et
2473 3701 2727 3754 universa
2780 3703 3009 3758 linitima
3057 3706 3299 3774 regione,
3338 3710 3432 3761 sed

191 3794 321 3858 γίας
354 3794 445 3844 καὶ
476 3795 570 3861 τῆς
603 3794 911 3861 περιχώρου
963 3794 1164 3864 πάσης,
1197 3796 1333 3848 ἁ).λά
1365 3799 1458 3849 καὶ
1508 3798 1619 3850 ὅσοι
1666 3798 1762 3869 τὴν

1864 3790 2024 3843 etiam
2054 3790 2144 3859 qui
2169 3790 2345 3844 Asiam
2371 3792 2707 3857 habitabant,
2733 3805 2787 3848 et
2821 3797 2911 3863 qui
2937 3800 3204 3865 degebant
3230 3799 3282 3851 in
3306 3817 3431 3867 pro~

200 3884 393 3936 Ἀσίαν
423 3882 621 3952 ᾠκουν,
649 3886 763 3935 ὅσοι
794 3901 850 3937 τε
880 3889 942 3953 τῇ
974 3889 1165 3956 Λυδίᾳ,
1204 3891 1297 3940 καὶ
1329 3892 1441 3941 ὅσοι
1474 3892 1538 3957 τῇ
1578 3892 1761 3959 Καρίᾳ

1864 3881 2057 3933 vinciis
2075 3880 2239 3949 Lydia
2262 3892 2314 3934 et
2335 3882 2515 3936 Caria.
2550 3886 2757 3937 Etenim
2784 3902 2876 3953 per
2910 3889 3214 3941 universam
3239 3893 3428 3944 civita-

189 3979 317 4037 ταῖς
349 3978 637 4048 ἐπαρχίαις
667 3979 997 4049 ἐπεδήμουν.
1036 3982 1141 4031 Καὶ
1187 3982 1295 4050 γὰρ
1324 3982 1409 4044 διὰ
1456 3984 1632 4052 πάσης
1664 3985 1761 4035 πό-

1867 3980 1969 4023 tem
1999 3970 2063 4024 de
2102 3971 2218 4038 ipso
2251 3974 2504 4026 manabat
2531 3989 2728 4037 sermo,
2758 3980 2846 4045 qui
2882 3993 2988 4031 non
3024 3989 3140 4032 erat
3172 3996 3341 4033 vanus
3378 3991 3433 4034 et

187 4069 330 4130 λεως
358 4074 481 4138 περὶ
517 4070 679 4124 αὑτοῦ
705 4072 857 4139 λόγος
890 4072 1107 4141 ἐχώρει,
1135 4075 1195 4126 οὐ
1225 4076 1378 4137 κενὸς
1417 4075 1492 4127 ὢν
1531 4082 1623 4127 καί
1656 4078 1762 4144 μάο

1866 4064 2048 4117 iuanis
2094 4073 2147 4118 et
2193 4065 2318 4119 ideo
2350 4067 2456 4120 cito
2488 4078 2695 4135 paterat
2724 4071 3017 4141 exstingui,
3096 4073 3188 4126 sed
3242 4074 3331 4142 qui
3366 4090 3427 4126 ex

189 4177 344 4222 ταιος
379 4166 471 4214 καὶ
500 4163 585 4214 διὰ
620 4158 777 4215 τοῦτο
804 4166 895 4216 καὶ
929 4166 1216 4233 σϐεσθῆναι
1245 4167 1302 4217 τὸ
1334 4170 1492 4234 τάχος
1524 4169 1758 4235 δυναμε-

1865 4158 2092 4209 veritate
2138 4173 2356 4228 magnas
2386 4161 2617 4212 habebat
2650 4162 2809 4214 vires.
2849 4164 2927 4214 Ad
2977 4178 3101 4214 eum
3135 4181 3261 4234 ergo
3297 4180 3430 4217 con-

190 4273 285 4319 νος
311 4292 327 4319 ,
360 4254 496 4306 ἀλλὰ
548 4254 747 4323 πολλὴν
780 4260 917 4324 ἔχων
967 4259 1065 4325 τὴν
1112 4259 1303 4325 ῥώμην
1345 4259 1451 4308 οπο
1496 4257 1592 4326 τῆς
1629 4260 1761 4326 ἀλη-

1864 4248 2121 4313 ﬂuebant,
2155 4251 2241 4303 alii
2276 4251 2493 4319 quidem
2546 4262 2603 4305 ut
2643 4253 2917 4307 discerent
2964 4272 3082 4323 quae
3119 4267 3279 4324 erant
3340 4274 3430 4313 sa-

188 4349 365 4408 θείας.
402 4348 697 4415 Συνέρρεον
750 4349 928 4397 τοίνυν
976 4347 1105 4414 παρ’
1142 4348 1320 4409 αὑτὸν,
1375 4350 1420 4399 οί
1476 4350 1571 4417 μὲν
1618 4351 1759 4403 ὥστε

1867 4343 2083 4404 lutaria,
2119 4338 2207 4396 alii
2241 4352 2419 4396 autem
2449 4354 2507 4397 ut
2534 4345 2896 4418 liberarentur
2936 4349 3003 4400 ab
3042 4348 3127 4411 iis,
3173 4366 3291 4418 quae
3351 4355 3431 4405 eis

184 4440 263 4493 τὰ
300 4441 542 4510 σωτήρια
576 4435 916 4505 διδαχθῆναι,
958 4438 1006 4489 οἱ
1036 4437 1090 4489 δὲ
1123 4440 1218 4490 καί
1252 4439 1361 4491 τῶν
1400 4442 1759 4510 ἐνοχλούντων
1793 4489 1838 4510 n

1793 4436 2168 4510 naﬂ'erebaut
2227 4437 2528 4489 molestiam
2593 4456 2606 4490 :
2673 4454 2806 4505 quos
2873 4435 3079 4493 scilicet
3155 4446 3430 4510 premebat

184 4489 575 4602 ἀπαλλαέῆναι
625 4489 799 4589 δσᾷἶδξ
829 4489 1028 4598 δηλαδὴ
1079 4532 1233 4592 νόσος
1293 4489 1618 4595 ἐπίεζέἠτις,
1648 4535 1678 4601 ἦ
1709 4551 1758 4585 τι
1793 4489 1840 4547 D

2596 4489 2602 4490 ,
2691 4489 2703 4505 ,
2788 4489 2799 4491 ἡ
3155 4489 3427 4510 ,----.---..

1793 4489 1840 4547 Β
1868 4526 2111 4586 morbus,
2146 4530 2435 4581 autetiam
2482 4529 2699 4598 aliquod
2749 4530 2894 4583 aliud
2953 4533 3172 4588 tenebat
3207 4538 3427 4590 malum.

187 4625 288 4675 καὶ
325 4622 452 4675 ἄλλο
488 4623 705 4688 κατεῖχε
752 4620 941 4671 κακόν.
972 4614 1079 4671 ἾΙν
1126 4623 1235 4689 γὰρ
1262 4621 1464 4683 διδάξαι
1519 4626 1608 4674 τὸν
1660 4625 1759 4691 τῆς

1864 4616 1994 4671 Erat
2019 4618 2161 4670 enim
2204 4619 2523 4685 aptissimus
2558 4620 2625 4675 ad
2680 4621 2983 4676 docendum
3015 4626 3240 4679 verbum
3287 4630 3432 4681 νει-ί-

185 4715 450 4783 ἀληθείας
476 4714 631 4777 λόγον
664 4711 1006 4778 δεξιώτατος,
1056 4715 1149 4763 καὶ
1197 4713 1583 4765 οἰκειώσασθαι
1635 4718 1759 4777 τοὺς

1866 4710 2010 4770 tatis,
2046 4718 2100 4761 et
2151 4708 2533 4777 paratissimus
2584 4703 2881 4767 familiares
2934 4713 3156 4769 Christo
3204 4717 3429 4771 reddere

188 4808 521 4879 προσιόντας
549 4805 635 4856 διὰ
667 4804 899 4873 Χριστὸν
924 4803 1291 4872 ἑτοιμότατος,
1331 4805 1423 4857 καὶ
1455 4805 1760 4873 ἀπαλλάξαι

827 4804 899 4857 τὸν
924 4803 1291 4872 ἑτοιμότατος,
1331 4805 1423 4857 καὶ
1455 4805 1760 4873 ἀπαλλάξαι
1864 4816 1977 4864 eos,
2010 4802 2102 4870 qui
2135 4802 2485 4856 accedebant.

190 4898 386 4954 κακῶν
413 4895 693 4957 ὀξύτατος.

257 4989 335 5042 θ’.
398 4988 604 5054 Ὀλίγαι
664 4986 797 5051 γοῦν
851 4986 1126 5056 παρῆλθον
1185 4988 1413 5056 ἡμέραι,
1472 4990 1565 5040 καὶ
1630 4993 1756 5053 τοὺς

1935 5004 2026 5059 IX.
2083 5004 2247 5059 Pauci
2315 5006 2431 5062 dies
2486 5012 2885 5079 prteterieruut.
2946 5031 3068 5067 cum
3132 5022 3429 5089 assumptis

189 5083 604 5155 πρεσϐυτέρους
652 5080 747 5131 καὶ
783 5079 1084 5145 διακόνους,
1123 5083 1258 5148 πρὸς
1289 5080 1344 5130 δὲ
1402 5081 1497 5131 καὶ
1526 5082 1624 5151 τὴν
1654 5085 1759 5134 λοι-

1865 5095 2193 5166 presbyteris
2227 5107 2281 5153 et
2328 5100 2606 5167 diaconis,
2658 5111 2712 5155 ct
2762 5105 2961 5172 reliqua
3023 5121 3278 5175 praeterea
3322 5114 3430 5167 tra-

191 5180 304 5247 ςτὴν
333 5176 670 5242 ἀδελφότητα
714 5170 1069 5241 παραλαϐὼν,
1100 5174 1336 5249 πρόεισι,
1384 5176 1478 5226 καὶ
1529 5177 1758 5237 καθίσας

1866 5192 2141 5255 ternitate,
2208 5192 2450 5260 procedit
2488 5210 2501 5245 :
2539 5203 2593 5245 et
2647 5193 2843 5249 sedens
2878 5197 2929 5249 iu
2971 5214 3036 5252 eo
3062 5202 3203 5262 loco,
3235 5206 3285 5256 in
3319 5221 3425 5273 quo

191 5273 276 5333 εἰς
312 5272 479 5338 ὅνπερ
530 5266 709 5319 εἰώθει
762 5267 945 5328 τόπον,
999 5262 1186 5334 ὥσπερ
1247 5266 1308 5318 ἐκ
1359 5283 1503 5328 τινος
1538 5268 1757 5337 ἡδίστης

1864 5293 2245 5346 consueverat,
2296 5294 2551 5351 tanquam
2585 5300 2649 5338 ex
2682 5288 2865 5356 aliquo
2897 5290 3045 5342 fonte
3075 5295 3425 5361 suavissimo,

193 5363 383 5432 πηγῆς
416 5363 481 5413 τὰ
511 5358 823 5427 γλυκύτατα
852 5357 949 5426 τῆς
974 5356 1324 5420 διδασκαλίας
1371 5360 1559 5429 ῥεῖθρα
1584 5362 1760 5429 προΐει

1863 5389 1928 5427 ex
1956 5390 2048 5428 ore
2077 5374 2356 5442 profundit
2406 5376 2664 5430 doctrina:
2704 5378 2903 5434 ﬂuenta
2950 5386 3288 5441 suavissima.
3335 5388 3423 5441 lu-

188 5457 287 5510 τοῦ
324 5456 613 5523 στόματος.
661 5452 751 5503 Ἐν
779 5452 957 5521 τούτῳ
1001 5450 1057 5502 δὲ
1084 5451 1356 5521 προσῆλθέ
1386 5470 1470 5514 τις
1516 5455 1619 5505 ὑπὸ
1649 5472 1762 5523 χει·

1865 5475 2009 5519 terea
2040 5477 2218 5519 autem
2251 5468 2481 5520 accessit
2514 5469 2744 5523 adducta
2780 5473 3005 5528 illustris
3055 5479 3297 5543 quadam
3344 5481 3424 5532 fe.-

196 5548 434 5622 ραγωγῴ
492 5546 627 5612 γυνη
679 5545 787 5596 τῶν
868 5543 1173 5611 ἐπιφανῶν,
1213 5547 1597 5615 ἐκκεκομμένη
1631 5550 1757 5610 τοὺς

1868 5558 2033 5620 mina,
2102 5559 2275 5611 oculis
2325 5561 2534 5622 orbata,
2594 5564 2815 5617 nomine
2894 5564 3197 5635 [’hrygclla,
3252 5582 3424 5624 mater

192 5641 507 5709 ὀφθαλμοὺς
538 5677 553 5703 ,
598 5637 767 5703 ὄνομα
821 5636 1125 5705 Φρύγελλα,
1176 5637 1522 5700 Εὑξεινιανοῦ
1577 5645 1759 5710 μήτηρ

1864 5647 2166 5702 Euxeniani
2200 5650 2494 5719 Poplionis.
2573 5652 2623 5706 ls
2658 5671 2783 5708 vero
2813 5654 3035 5721 Poplion
3069 5662 3210 5727 apud
3248 5661 3422 5729 impeo

196 5734 529 5792 Ποπλίωνος.
574 5730 635 5781 Ὀ
672 5730 727 5781 δὲ
759 5727 825 5801 ἦν
853 5730 959 5782 τῶν
996 5730 1147 5799 παρὰ
1181 5732 1260 5799 τῷ
1307 5732 1671 5804 αὐτοκρατορί
1700 5753 1757 5786 τε

1866 5750 2097 5793 ratorem
2156 5749 2208 5794 et
2265 5743 2570 5796 universam
2623 5746 2896 5800 civitatein
2954 5749 3185 5817 primum
3246 5751 3422 5807 locum

195 5828 292 5881 καί
321 5825 566 5898 τῇπόλει
621 5825 788 5897 πάσῃ,
826 5823 923 5885 τὰς
960 5823 1178 5893 πρώτας
1237 5824 1467 5893 ἑχόντων
1511 5827 1673 5894 τιμὰς
1726 5832 1751 5880 ο

1863 5835 1913 5887 ἰη
1954 5835 2156 5891 honore
2184 5836 2477 5893 obtinebat.
2523 5839 2762 5893 Adducta
2796 5857 2943 5911 ergo,
2979 5844 3119 5897 sicut
3158 5844 3417 5913 diximus,
