4198 6312
193 362 326 425 1225

1455 365 1631 426 VITA
1664 366 1725 428 S.
1763 362 2088 426 ABERCII.

3266 360 3396 425 1226

185 486 290 523 σιν.
342 470 398 524 '0
451 472 633 526 τοίνυν
683 470 1058 543 περιεστηκὼς
1107 472 1257 541 δχλος
1313 472 1383 549 τὸ,
1423 472 1607 525 καινὸν
1639 472 1731 525 τοῦ

1768 476 1810 535 Α
1838 474 2059 543 Magnus
2088 488 2165 538 es,
2202 473 2345 529 Deus
2383 467 2843 535 Christianorum,
2906 485 3030 523 nam
3080 469 3114 523 ii
3178 485 3394 540 quoque

183 561 463 632 θαύματος
492 563 879 630 ἐκπλαγέντες,
912 564 1099 631 Μέγας
1132 561 1196 625 εἷ,
1260 566 1353 617 καὶ
1383 561 1545 631 οὗτοι,
1576 568 1604 618 ὁ
1630 565 1737 618 τῶν

182 651 527 723 Χριστιανῶν
583 652 737 716 Θεὸς,
795 652 1116 721 ἀνεϐόησαν,
1166 655 1290 707 ἐπεὶ
1340 657 1437 709 καὶ
1490 656 1738 725 μεγάλων

180 744 350 805 εντως
385 742 714 797 ἀπολαύουσι
750 744 857 797 τῶν
882 744 1120 814 χαρίτων
1167 748 1214 797 οί
1240 744 1303 798 τὸ
1334 745 1423 798 σδν
1457 747 1742 799 ἐπικαλού-

182 849 333 903 μενοι
363 833 551 902 ὄνομα.
591 834 677 886 Ἐν
710 834 882 901 τούτῳ
913 834 968 886 δὲ
1000 834 1025 886 ὁ
1060 834 1200 898 θεῖος
1245 836 1550 905 Ἀδέρκιος.
1582 837 1736 898 Ἰδοὺ,

177 926 361 992 γύναι,
404 927 587 995 φησὶν,
645 925 813 992 ἔγνως
858 927 1007 989 ὅπως
1039 928 1067 977 ὁ
1099 928 1226 988 ἐμὸς
1260 928 1535 996 Δεσπότης
1581 930 1739 998 ἀμεί-

174 1017 336 1072 ϐεται
380 1019 679 1087 φιλοτίμως
732 1018 858 1079 τοὺς
890 1016 1204 1081 έλπὲζοντας
1259 1018 1346 1069 ἐπ’
1402 1018 1587 1072 αύτόν.
1642 1021 1743 1072 [Ιο-

180 1109 342 1175 ρεύου
381 1110 667 1179 τοιγαροῦν
692 1113 770 1171 είς
801 1111 1045 1179 εἰρήνην,
1073 1111 1235 1178 ἑαυτῇ
1272 1126 1329 1161 τε
1370 1110 1737 1177 προσέχουσα,

174 1204 413 1271 κάκείνῳ
454 1205 835 1272 προσήκουσαν
871 1202 966 1269 τήν
1006 1201 1357 1272 εὐχαριστίαν
1388 1202 1734 1255 ἀποδιδοῦσα.

174 1295 358 1347 Ταῦτα
414 1296 441 1347 ὁ
505 1295 604 1363 μὲν
655 1296 870 1359 ἔλεγεν·
934 1295 966 1363 η
1028 1294 1082 1345 δὲ
1142 1292 1277 1361 πρὸς
1313 1293 1411 1361 μὲν
1456 1292 1517 1345 τὸ
1560 1294 1732 1362 παρὸν

173 1387 461 1451 ἀφίστατο·
496 1383 660 1437 πάλιν
710 1386 765 1437 δὲ
805 1386 1168 1454 ἐπανήρχετο,
1196 1386 1289 1438 καὶ
1331 1385 1471 1437 κατὰ
1507 1385 1641 1437 πολὺ
1676 1387 1731 1437 τὸ

175 1484 339 1537 σέϐας
372 1483 536 1536 αὐτοῦ
580 1484 776 1552 εἴχετο,
828 1484 921 1536 καὶ
969 1484 1221 1553 οὐδαμῶς
1276 1484 1334 1535 τὸ
1387 1484 1524 1554 μετα
1563 1486 1753 1536 ταῦτα
1811 1484 2088 1538 διῖστατο·

172 1583 370 1653 γήθους
402 1583 774 1647 διδασκαλίας.

247 1674 349 1729 1Α⁹.
406 1676 511 1726 Τοῦ
544 1676 598 1725 δὲ
654 1676 794 1727 κατὰ
829 1675 925 1745 τὴν
977 1674 1289 1743 Φρύγελλαν
1342 1674 1617 1745 θαύματος
1655 1676 1735 1739 εἰς

173 1768 347 1817 πολλὰ
395 1768 493 1835 τῆς
568 1766 672 1832 γῆς
725 1766 863 1835 μέρη
925 1766 1278 1832 διαδοθέντος,
1340 1768 1735 1837 προσέρχονται

168 1857 319 1926 αὐτῷ
353 1856 708 1926 πρεσϐύτιδες
744 1860 910 1927 τρεῖς,
942 1858 1038 1919 τὰς
1063 1858 1210 1925 δψεις
1243 1859 1335 1910 καὶ
1369 1854 1527 1912 αὗται
1556 1876 1734 1929 πεπη-

168 1950 419 2018 ρωμέναι
456 1964 469 1978 ⁸
506 1949 857 2017 Πιστεύομεν,
906 1950 1184 2017 λέγουσαι,
1220 1952 1312 2003 καὶ
1344 1953 1500 2021 ἡμεῖς
1532 1952 1610 2011 εἱς
1640 1952 1730 2002 τὸν

168 2041 275 2092 ὑπὸ
310 2040 404 2092 σοῦ
435 2040 837 2110 κηρυττόμενον
857 2040 1083 2109 Ἰησοῦν·
1136 2043 1358 2111 φανήτω
1390 2040 1676 2109 τοιγαροῦν
1702 2042 1733 2109 ἡ

168 2133 542 2201 εὐσπλαγχνία
568 2132 719 2183 τοῦδε
746 2134 838 2185 καὶ
868 2134 951 2199 ἐφ’
985 2133 1152 2201 ἡμᾶς,
1183 2135 1275 2185 καὶ
1306 2132 1496 2196 δεῖξον,
1530 2127 1575 2183 ὧ
1603 2133 1734 2183 θαυ-

171 2229 356 2292 μάσιε,
388 2225 481 2274 καὶ
509 2226 656 2293 ήμίν,
694 2223 882 2292 ὥσπερ
913 2224 1021 2294 ἄρα
1055 2229 1146 2277 καὶ
1172 2224 1472 2297 Φρυγέλλῃ,
1509 2225 1567 2277 τὺ
1597 2225 1732 2293 φὼς.

179 2318 240 2368 ’0
268 2318 348 2380 δὲ,
405 2317 463 2367 Εἰ
493 2317 522 2382 ἡ
558 2319 731 2375 πίστις
769 2317 922 2384 ὑμῶν
960 2319 1091 2386 πρὸς
1120 2316 1211 2369 τὸν
1240 2317 1413 2387 ἀληθῆ
1443 2317 1574 2369 Θεὸν
1606 2318 1737 2385 άλη-

167 2410 267 2477 θής
298 2411 464 2469 ἐστιν,
490 2406 562 2467 ὥς
594 2423 746 2474 φατε,
784 2410 892 2469 τοῖς
920 2411 1123 2477 νοητοῖς
1154 2409 1316 2460 αὐτὸν
1363 2412 1459 2478 τῆς
1510 2410 1759 2478 καρδίας

165 2500 365 2567 δψεσθε
397 2497 709 2565 ὀφθαλμοῖς.
740 2496 924 2548 Ταῦτά
949 2512 1008 2548 τε
1039 2497 1247 2566 εἴρηκε,
1275 2499 1512 2560 καὶτοὺς
1541 2499 1736 2566 ὀφθαλο

169 2591 303 2657 μους
340 2590 621 2647 ἀνατείνας
651 2603 663 2617 ο
698 2584 867 2654 Κύριε
916 2584 1087 2652 Ἰησοῦ
1122 2585 1345 2656 Χριστὲ,
1381 2585 1570 2653 δέομαί
1607 2603 1723 2650 σου,

167 2682 298 2749 ἔφη,
337 2679 592 2731 ξδέτωσαν
641 2679 733 2731 καὶ
778 2674 938 2731 αὗται
968 2679 1026 2730 τὸ
1059 2677 1172 2747 φῶς
1222 2679 1316 2745 τῆς
1353 2681 1451 2747 σῆς
1501 2680 1734 2745 ἐπιγνώ-

168 2787 330 2835 σεως,
366 2771 459 2821 καὶ
512 2770 607 2836 τῆς
647 2770 1001 2839 ἐπικειμένης
1026 2771 1214 2832 αὐταῖς
1252 2769 1448 2840 ἀχλύος
1514 2771 1735 2837 ἀνενεγ-

170 2864 402 2925 κοῦσαι,
457 2860 927 2929 διαόλεψατωσαν,
986 2860 1252 2923 Δέσποτα,
1310 2861 1446 2928 πρὸς
1485 2862 1583 2922 τὰς
1640 2864 1738 2921 σὰς

167 2954 267 3018 τῆς
299 2950 561 3018 ἀληθείας
612 2950 806 3017 αὐγάς.
859 2948 1042 3009 Οὕτως
1081 2946 1305 3018 ηὔξατο,
1348 2951 1441 3000 καὶ
1482 2948 1591 3000 ιδοὺ
1644 2950 1735 3000 τὸν

168 3045 333 3095 τόπον
372 3042 496 3095 ἔνθα
531 3042 594 3112 δὴ
627 3042 720 3094 καὶ
768 3041 1114 3110 εἱστήκεσαν,
1152 3038 1266 3105 φῶς
1308 3039 1512 3093 ἀνωθεν
1547 3040 1737 3113 περιή’

169 3150 415 3205 στραπτε
478 3134 640 3203 μέγα,
674 3133 769 3185 καὶ
804 3134 1009 3192 πάντας
1038 3127 1146 3200 εἷχε
1187 3132 1443 3196 πεσόντας
1472 3134 1505 3203 ἡ
1536 3136 1627 3203 γῆ,
1659 3132 1736 3202 τῷ

168 3226 463 3296 παραδόξῳ
491 3226 587 3292 τῆς
622 3223 749 3286 θέας
783 3224 1237 3288 καταπλαγέντας
1262 3239 1275 3251 ’
1314 3224 1372 3275 τὸ
1403 3224 1457 3275 δὲ
1491 3226 1604 3291 φῶς
1635 3226 1732 3295 οὐχ

168 3317 283 3374 οἷον
311 3322 369 3384 ἐξ
406 3321 556 3391 ἡλίου
612 3320 707 3371 καὶ
762 3319 1054 3387 ἀστραπῆς
1108 3317 1347 3387 ἔρχεται,
1386 3319 1522 3369 ἀλλὰ
1551 3322 1734 3371 καινὸν

169 3412 348 3474 ἄλλως
376 3414 469 3465 καὶ
501 3411 725 3481 φρικτὸν
757 3411 849 3463 καὶ
902 3409 1193 3480 ἀσύνηθες.
1262 3408 1508 3463 Ἲσταντο
1556 3412 1735 3464 τοίνυν

170 3508 415 3569 ἁκλινεῖς
451 3500 642 3567 αὗται,
678 3504 900 3558 πάντων
949 3504 1027 3575 τῷ
1060 3504 1244 3572 ἐδάφει
1296 3504 1735 3568 καταπεσόντων,

168 3600 268 3651 καὶ
302 3598 362 3649 τὸ
398 3598 565 3667 φανὲν
599 3600 774 3648 ἐκεῖνο
810 3595 924 3663 φῶς
960 3596 1113 3661 πολὺ,
1142 3598 1262 3656 ταῖς
1319 3595 1474 3662 ὄψεσι
1533 3595 1736 3647 τούτων

170 3690 603 3761 ἐγκατασκήψας)
623 3730 639 3755 ,
677 3689 982 3758 ἀναϐλέψαι
1013 3705 1071 3741 τε
1103 3687 1270 3748 αὑτὰς
1301 3686 1523 3756 ἐποίησε
1562 3703 1736 3756 παρα-

169 3783 387 3853 χρῆμα.
538 3782 597 3833 τι
627 3781 850 3851 ἡλιακὸν
876 3781 1031 3833 τοῦτο
1051 3779 1161 3847 φῶς
1191 3779 1250 3829 τδ
1270 3776 1441 3845 γλυκὺ
1588 3779 1738 3847 φίλον

172 3874 488 3945 ἀνθρώποις
525 3873 669 3931 ἰδεῖν.
707 3874 766 3925 ’0
795 3872 849 3923 δὲ
880 3871 953 3933 ὼς
1011 3870 1183 3931 οὕτως
1212 3868 1377 3936 ύγιῶς
1420 3869 1526 3920 τῶν
1556 3869 1740 3939 ὀμμα-

169 3984 285 4020 των
318 3967 545 4035 ἐχούσας
586 3961 693 4015 εἶδε
723 3978 737 3994 ο
780 3962 844 4014 Τί
882 3962 991 4031 ἄρα
1040 3961 1100 4013 τὸ
1135 3962 1301 4031 φανὲν
1361 3961 1509 4031 ὑμῖν,
1545 3962 1726 4031 ἤρετο,

171 4060 272 4110 καὶ
300 4058 352 4111 τί
385 4057 598 4125 πρῶτον
623 4052 982 4123 διαϐλέψασαι
1014 4052 1216 4117 είδετε;
1255 4051 1319 4104 ἸΙ
1340 4051 1438 4120 μὲν
1454 4050 1566 4113 οὖν,
1601 4051 1740 4118 Πρε-

176 4151 412 4221 stitit-qv,
443 4149 570 4219 ἔφη,
606 4147 665 4200 τὸ
693 4143 851 4210 εἶδος,
892 4146 1129 4215 ἄρρητον
1160 4147 1257 4212 τὴν
1292 4141 1461 4212 ὤραν,
1493 4142 1737 4212 φαιδρόν·

174 4246 207 4313 ἡ
248 4243 329 4304 δὲ,
362 4241 661 4299 Νεανίσκος
681 4236 839 4305 ὤφθη
874 4254 962 4305 μοι
1003 4252 1015 4265 ο
1050 4236 1165 4304 ἠδὲ
1204 4235 1393 4303 ἑτέρα,
1449 4234 1740 4303 Παιδὰριον

181 4334 412 4404 κομιδῆ,
447 4333 633 4402 φησὶν,
670 4329 847 4400 ἣψατό
884 4344 983 4398 μου
1014 4328 1125 4381 τῶν
1155 4326 1473 4396 ὀφθαλμῶν.
1522 4327 1738 4378 Τούτων

174 4427 422 4487 ἁκ..ύσας
464 4424 771 4492 Ἀὂέρκιος,
800 4420 895 4472 καὶ
948 4419 1026 4489 τῷ
1056 4420 1162 4471 τῶν
1212 4420 1531 4484 θαυμασίων
1580 4421 1737 4487 χάριν

172 4519 519 4588 ὁμολογήσας
551 4515 689 4584 Θεῷ,
722 4514 931 4565 διέλυσε
958 4513 1053 4579 τὴν
1086 4510 1459 4562 διδασκαλίαν.

251 4612 351 4665 lD’.
406 4609 499 4659 Ἐκ
520 4608 577 4658 δὲ
602 4607 710 4656 τῶν
750 4602 1035 4672 παρόντων
1071 4604 1194 4663 τους
1252 4598 1503 4668 συνήθεις
1555 4616 1735 4670 παρα-

174 4700 386 4761 λαϐὼν,
419 4698 598 4750 οἴκαδε
624 4696 890 4765 ἐπανῆκε,
938 4691 1033 4745 καὶ
1066 4692 1191 4753 τοὺς
1220 4692 1318 4760 τῆς
1367 4690 1560 4759 ἐνάτης
1594 4691 1742 4759 ὥρας

173 4794 381 4861 ὕμνους
445 4788 676 4850 ἀποδοὺς
723 4787 901 4857 (τοῦτο
920 4784 1027 4853 γὰρ
1053 4781 1362 4851 αὑτῲέθος,
1394 4782 1555 4833 οἱονεὶ
1606 4781 1745 4833 κατὰ

179 4888 463 4951 πάρεργον
501 4886 593 4930 καί
645 4880 776 4946 πρὸς
811 4876 889 4945 τῷ
918 4874 1061 4927 τέλει
1094 4873 1191 4940 τῆς
1222 4872 1439 4941 ἡμέρας
1474 4869 1746 4922 ποιεῖσθαι

174 4984 275 5028 καὶ
305 4975 401 5026 τοῦ
431 4970 681 5040 σώματος
715 4966 918 5035 λόγον,)
952 4964 1121 5035 βραχύ
1144 4980 1193 5015 τι
1234 4965 1400 5032 ἄρτου
1455 4959 1737 5030 μεταλαμ-

173 5070 355 5129 βάνει.
418 5064 633 5117 Τούτων
689 5060 868 5111 τοίνυν
915 5060 1002 5109 ὑπ’
1060 5054 1226 5109 αὑτοῦ
1276 5054 1605 5121 γενομένων,
1646 5051 1743 5117 τῆς

177 5156 493 5229 περιχώρου
543 5154 770 5214 πολλοὺς
820 5148 886 5221 ἦν
921 5151 1052 5220 ὁρᾷν
1113 5149 1249 5217 πρὸς
1281 5147 1370 5198 τὸν
1416 5144 1581 5214 ἄνδρα
1618 5143 1745 5213 συρ-

180 5257 410 5326 ρέοντας
443 5249 538 5302 καὶ
568 5252 645 5309 εἰς
677 5247 846 5311 δνομα
881 5243 1117 5312 Πατρὺς,
1142 5241 1271 5292 Υἱού
1299 5240 1391 5293 καὶ
1430 5236 1743 5304 Πνεύματος

174 5346 339 5412 ἁγίου
390 5336 839 5408 βαπτιζομένους.
892 5334 978 5384 Ἐν
1007 5332 1241 5399 τοσούτῳ
1278 5332 1332 5382 δὲ
1373 5332 1437 5382 τὰ
1477 5331 1614 5382 κατὰ
1640 5330 1738 5399 τὴν

178 5436 398 5507 μητέρα
427 5431 585 5496 γνοὺς
640 5425 1003 5491 Εὑξεινιοινὸς,
1059 5425 1201 5482 ὅπως
1254 5437 1311 5471 τε
1366 5437 1736 5489 χειραγωγου-

181 5535 324 5601 μένη
355 5524 643 5596 προσέλθοι
672 5520 748 5586 τῷ
794 5520 953 5587 ἁγίῳ,
1009 5517 1103 5568 καὶ
1132 5516 1275 5573 ὅπως
1324 5516 1738 5580 πεπηρωμένον)

176 5625 323 5691 αὐτῇ
373 5619 482 5670 τῶν
515 5611 809 5683 ὀφθαλμῶν
870 5606 1242 5675 ἀναϐλέψειεν,
1278 5604 1517 5672 ἀκριὸως
1566 5603 1740 5653 πάντα

180 5711 245 5775 ἐξ
275 5713 444 5779 αὐτῆς
478 5706 803 5774 πυθόμενος,
831 5700 1017 5753 ἄπεισι
1050 5699 1200 5768 παρὰ
1220 5695 1427 5758 τοῦτον,
1451 5695 1544 5744 καὶ
1570 5694 1743 5746 ἀσπά-

180 5782 440 5871 σέιμενος,
490 5800 555 5853 Εἴ
593 5815 651 5850 σε
704 5795 873 5864 ᾔδειν,
920 5791 1115 5859 πάτερ,
1175 5787 1302 5856 ἐγὼ,
1338 5786 1523 5856 φησὶν,
1570 5785 1741 5854 ἡδέως

465 5896 730 5953 Parnm“
779 5889 896 5946 Gn.
946 5884 1128 5944 CXV.

1834 566 2043 636 magnis
2072 581 2197 622 vere
2266 566 2518 621 fruuntur
2558 565 2764 635 gratiis,
2821 563 2912 634 qui
2983 571 3130 617 tuum
3193 576 3391 614 nomen

1837 663 2112 718 invocant.
2177 660 2332 714 Tunc
2384 670 2563 713 autem
2618 658 2833 711 divinus
2898 657 3195 710 Abercius:
3232 652 3394 714 Ecce.

1839 753 2047 823 inquit,
2114 750 2332 815 mulier,
2398 748 2735 818 cognovisti,
2776 762 2933 816 quam
2990 744 3285 799 liberaliter
3335 760 3398 797 ac

1838 840 2092 895 muniﬁce
2159 839 2417 894 Dominus
2485 855 2638 893 meus
2694 854 2788 895 eos
2841 846 3252 899 remuneratur,
3306 836 3396 904 qui

1840 942 2060 1000 Sperant
2094 932 2145 985 in
2176 932 2375 999 ipsum.
2410 931 2556 985 Vade
2580 947 2708 1000 ergo
2741 930 2793 983 in
2835 945 2985 999 pace,
3026 929 3118 980 tibi
3154 929 3393 981 animmn

1836 1025 2125 1081 adhibens.
2168 1032 2222 1077 et
2275 1024 2346 1077 illi
2407 1037 2571 1092 agens
2594 1037 2709 1085 eas,
2753 1036 2887 1091 quas
2912 1038 3009 1090 par
3039 1030 3141 1085 est,
3175 1019 3398 1090 gratias.

1834 1115 1959 1170 Haec
2011 1117 2100 1169 illc
2153 1131 2274 1169 cum
2337 1116 2582 1179 dixisset,
2619 1114 2892 1185 Plirygella
2924 1114 3150 1168 recessit
3177 1112 3396 1181 quidem

1833 1206 1884 1259 in
1919 1208 2243 1275 prresentia:
2302 1223 2493 1261 rursus
2538 1218 2715 1262 autem
2773 1208 2951 1263 rediit.
2998 1215 3203 1259 etcum
3245 1202 3397 1255 valde

1836 1296 2013 1349 colere
2042 1299 2426 1364 perseveravit.
2460 1298 2633 1365 Atque.
2659 1310 2847 1350 rursus
2878 1294 3090 1365 quidem
3115 1306 3399 1364 aggressus

1838 1394 1920 1446 est
1962 1387 2221 1440 Abcrcius
2259 1395 2574 1441 consuetam
2606 1388 2930 1441 doctrinam.

2149 1486 2352 1554 ἥπτετο
2404 1485 2504 1553 μὲν
2544 1486 2635 1539 οὖν
2680 1485 2959 1555 ’Λὸέρκιος
2992 1479 3145 1547 αὖθις
3176 1483 3275 1553 τῆς
3308 1500 3404 1535 συ-

1910 1676 2001 1729 ΧΙ.
2048 1674 2182 1728 Cum
2238 1684 2416 1727 autem
2456 1670 2600 1742 quod
2658 1668 2711 1723 in
2756 1668 3035 1739 Plirygella
3065 1667 3265 1722 factum
3300 1670 3403 1725 fuit

1842 1767 2185 1827 miraculum,
2241 1766 2294 1819 in
2349 1764 2546 1819 multas
2616 1772 2773 1816 terrae
2828 1769 3007 1830 partes
3048 1762 3395 1830 pervasisset,

1837 1860 2103 1914 accedunt
2133 1858 2199 1912 ad
2260 1872 2383 1910 eum
2438 1866 2547 1910 tres
2589 1856 2800 1916 vetulie,
2859 1868 2978 1922 qua:
3029 1854 3159 1922 ipsa:
3188 1870 3403 1924 quoque

1837 1960 1992 2004 erant
2060 1949 2263 2003 orbatae
2323 1947 2515 2011 oculis,
2560 1947 2806 2000 dicentes
2838 1963 2851 1998 :
2888 1943 2997 1999 Nos
3027 1945 3188 1999 etiam
3219 1948 3399 2000 credi-

1834 2059 1954 2096 mus
1986 2043 2037 2094 in
2069 2042 2273 2104 Jesum,
2301 2040 2391 2107 qui
2422 2056 2450 2091 a
2479 2049 2528 2092 te
2562 2038 2907 2107 prmdicatur.
2955 2040 3226 2107 Apparcat
3268 2056 3398 2110 ergo

1835 2134 1888 2187 in
1914 2148 2012 2187 nos
2054 2148 2267 2202 quoque
2307 2133 2426 2199 ejus
2470 2129 2778 2192 clementia,
2837 2138 2891 2183 et
2942 2129 3097 2183 nobis
3128 2130 3324 2189 lucem.
3365 2146 3397 2184 ο

1834 2233 1916 2282 vir
1946 2228 2279 2289 admirande,
2305 2225 2549 2289 ostende,
2574 2224 2714 2278 sicut
2736 2222 3047 2293 Plirygellae.
3070 2221 3164 2277 llle
3192 2232 3395 2287 autem,

1836 2319 1891 2373 Si
1937 2320 2069 2373 lides
2098 2329 2298 2377 vestra,
2361 2317 2557 2385 inquit,
2615 2330 2736 2368 vera
2771 2324 2855 2368 est
2905 2316 2957 2367 in
2988 2328 3173 2368 verum
3207 2315 3397 2376 Deum.

1833 2414 1975 2467 sicut
2005 2412 2207 2474 dicitis,
2279 2425 2403 2463 eum
2438 2407 2688 2461 videbitis
2743 2406 2920 2461 cordis
2948 2407 3141 2471 oculis,
3173 2407 3264 2475 qui
3305 2421 3399 2458 ca-

1834 2504 1969 2556 dunt
2020 2503 2120 2556 sub
2157 2500 2587 2571 intelligentiam.
2639 2496 2759 2553 Ilaec
2800 2497 2953 2557 dixit.
3015 2507 3221 2552 etcum
3277 2513 3400 2552 sus-

1835 2591 2048 2644 tulisset
2107 2591 2294 2643 oculos
2364 2608 2376 2643 :
2441 2588 2666 2643 Domine
2725 2586 2848 2642 Jesu
2902 2589 3135 2648 Christe,
3206 2588 3400 2657 inquit,

1834 2694 1969 2751 rogo
2034 2690 2105 2743 te,
2139 2679 2356 2732 videant
2407 2679 2534 2746 ipsa:
2592 2692 2806 2746 quoque
2856 2678 3031 2730 lucem
3088 2687 3191 2731 tua:
3251 2678 3402 2749 agni-

1837 2775 2001 2828 tionis
2036 2791 2048 2827 :
2078 2782 2131 2825 et
2173 2772 2239 2826 ab
2266 2786 2347 2825 ea.
2375 2786 2493 2840 qure
2530 2778 2609 2823 est
2654 2768 2735 2823 eis
2777 2768 2967 2834 oﬂ'usa,
3037 2770 3275 2825 liberatzn
3312 2786 3402 2825 ca-

1840 2864 2024 2935 ligine,
2072 2863 2361 2933 aspiciant,
2432 2860 2678 2924 Domine,
2736 2860 2919 2913 radios
2981 2868 3084 2916 tuze
3132 2863 3397 2917 veritatis.

1838 2956 1929 3008 Sic
1966 2964 2049 3008 est
2102 2963 2356 3023 precatus
2386 2969 2399 3006 :
2441 2961 2493 3007 et
2526 2966 2654 3006 ecce
2678 2952 2877 3013 locum,
2940 2951 2995 3005 in
3022 2968 3129 3021 quo
3162 2952 3399 3015 stabant,

1840 3059 2030 3113 magna
2067 3044 2154 3096 lux
2192 3043 2557 3097 circumfulsit
2582 3043 2817 3113 desuper
2848 3061 2861 3096 :
2889 3052 2943 3097 et
2970 3059 3159 3098 omnes
3190 3045 3243 3096 in
3287 3055 3398 3098 ter-

1765 3173 1808 3234 C
1840 3150 1953 3190 ram
1975 3133 2289 3188 ceciderunt
2311 3133 2671 3202 obstupefacti
2688 3135 3017 3203 spectaculo,
3040 3136 3181 3207 quod
3206 3147 3401 3207 praeter

1839 3225 2151 3295 opinionem
2183 3233 2456 3279 evenerat.
2504 3222 2621 3278 Non
2669 3233 2785 3278 erat
2846 3236 3026 3280 autem
3082 3229 3192 3289 lux,
3222 3228 3406 3298 cujus-

1837 3320 1979 3373 modi
2012 3336 2073 3374 ea
2107 3329 2209 3384 est,
2255 3337 2373 3389 qua:
2430 3321 2580 3375 venit
2640 3336 2705 3375 ex
2764 3320 2879 3375 sole
2940 3328 2995 3373 et
3022 3319 3261 3390 fulgure,
3305 3321 3399 3374 sed

1837 3424 1973 3463 nova
2033 3426 2277 3480 prorsus.
2315 3420 2370 3464 et
2416 3412 2701 3479 stupenda,
2767 3422 2822 3464 et
2886 3412 3125 3464 insueta.
3158 3410 3247 3465 Eae
3273 3428 3402 3481 ergo

1840 3501 2053 3556 stabant
2082 3502 2334 3565 immotae,
2369 3516 2491 3555 cum
2524 3514 2712 3554 omnes
2735 3499 2881 3552 humi
2921 3499 3244 3553 cecidissent
3284 3517 3296 3551 :
3345 3509 3400 3553 et

1841 3594 1931 3649 lux
1962 3594 2070 3659 illa,
2100 3609 2218 3662 qua:
2246 3594 2513 3662 apparuit,
2546 3608 2669 3647 cum
2716 3593 2870 3646 valde
2901 3592 2952 3646 in
2987 3607 3177 3647 eorum
3211 3593 3401 3647 oculos

1843 3688 2199 3749 incubuisset,
2236 3702 2328 3740 eas
2363 3687 2544 3740 statim
2589 3686 2715 3740 fecit
2764 3686 2969 3747 videre,
3016 3695 3069 3740 et
3103 3687 3243 3739 hanc
3272 3703 3400 3739 sua-

1842 3794 1961 3830 vem
2002 3790 2054 3831 et
2110 3778 2420 3831 hominibus
2488 3788 2694 3846 gratam
2765 3779 2896 3831 solis
2950 3779 3122 3831 lucem
3176 3779 3399 3831 intueri.

1845 3868 1937 3923 llle
1972 3877 2151 3921 autem
2189 3882 2311 3921 cum
2336 3876 2443 3920 tam
2472 3866 2617 3921 sanis
2648 3882 2737 3920 eas
2761 3867 2987 3921 vidisset
3013 3868 3185 3922 oculis
3223 3886 3235 3922 :
3262 3866 3401 3933 Quid

1841 3967 1945 4020 est,
1981 3958 2207 4026 rogavit,
2243 3957 2386 4027 quod
2419 3958 2569 4013 vobis
2589 3959 2856 4028 apparuit,
2884 3969 2938 4013 et
2984 3962 3111 4029 quid
3160 3961 3397 4019 vidistis.

1841 4064 1964 4104 cum
2006 4051 2239 4118 primum
2269 4051 2593 4119 aspexistis?
2624 4050 2738 4105 Una
2772 4061 2954 4104 autem
2989 4070 3003 4103 :
3050 4050 3271 4115 Senem,
3308 4053 3396 4105 in-

1843 4140 1976 4209 quit,
2004 4139 2134 4204 vidi,
2179 4140 2334 4209 cujus
2365 4140 2551 4194 forma:
2582 4155 2691 4193 non
2738 4149 2915 4209 potest
2946 4140 3135 4196 referri
3160 4142 3401 4211 pulchri-

1844 4231 1973 4285 tudo
1997 4239 2052 4284 et
2094 4231 2365 4285 alacritas.
2427 4232 2604 4284 Altera
2670 4242 2849 4285 autem
2884 4249 2896 4283 :
2935 4230 3093 4285 Visus
3148 4242 3230 4287 est
3267 4236 3398 4287 mihi

1845 4323 2179 4375 adolescens.
2215 4321 2391 4375 Tertia
2425 4338 2551 4375 vero
2580 4338 2592 4375 :
2630 4321 2788 4388 Puer,
2816 4323 3010 4394 inquit,
3047 4340 3193 4380 meos
3225 4326 3401 4397 attigit

1846 4413 2048 4466 oculos.
2095 4411 2200 4466 Has
2230 4428 2353 4466 cum
2416 4414 2657 4467 audisset
2707 4415 2993 4477 Abercius,
3019 4424 3274 4470 etrerum
3303 4418 3397 4470 ad-

1772 4526 1814 4580 ι)
1846 4505 2170 4558 mirabilium
2211 4504 2317 4557 Deo
2351 4503 2542 4573 egisset
2584 4504 2804 4574 gratias,
2846 4507 3142 4562 intermisit
3176 4511 3395 4564 docere.

1912 4595 2033 4650 XII.
2068 4595 2138 4647 Ex
2178 4595 2242 4647 iis
2292 4600 2499 4657 autem,
2551 4598 2642 4665 qui
2693 4597 2939 4663 aderant,
2983 4599 3048 4653 iis
3080 4604 3397 4667 assumptis.

1842 4688 1933 4757 qui
1960 4695 2116 4741 erant
2146 4686 2456 4749 familiares,
2500 4688 2718 4741 domum
2780 4690 2959 4747 rediit.
3006 4701 3061 4742 et
3091 4706 3212 4744 cum
3252 4691 3400 4746 hom

1845 4796 2003 4835 norm
2038 4781 2266 4850 hymnos
2328 4781 2667 4844 absolvisset,
2725 4796 2913 4850 parum
2942 4781 3099 4851 panis
3145 4785 3398 4837 assumit.

1846 4871 1919 4924 lta
1953 4873 2097 4923 enim
2134 4870 2359 4934 solebat,
2390 4881 2642 4938 tanquam
2672 4872 2813 4925 aliud
2858 4873 3087 4941 agendo.
3119 4886 3171 4927 et
3196 4875 3247 4925 in
3296 4874 3401 4927 line

1844 4960 1971 5026 diei,
2007 4963 2248 5030 corporis
2290 4962 2494 5015 habere
2530 4964 2812 5014 rationem.
2853 4965 2975 5016 Hac
3003 4981 3121 5016 cum
3174 4965 3242 5018 ab
3281 4965 3398 5033 ipso

1846 5055 1987 5110 facta
2028 5064 2231 5116 essent,
2276 5055 2468 5106 licebat
2504 5054 2684 5107 videre
2717 5056 2914 5107 multos
2950 5071 3011 5107 ex
3044 5072 3129 5115 ea,
3165 5074 3284 5126 quae
3322 5068 3403 5112 est

1842 5147 2214 5209 circumcirca,
2242 5150 2461 5214 regione
2519 5145 2583 5198 ad
2622 5161 2745 5197 eum
2799 5147 3093 5204 confluere.
3126 5158 3179 5200 et
3234 5149 3406 5216 bapti.

1841 5242 1948 5293 zari
1983 5242 2031 5291 in
2071 5238 2290 5291 nomine
2331 5239 2527 5297 Patris,
2572 5247 2624 5291 et
2655 5237 2791 5298 Filii.
2828 5249 2878 5291 et
2910 5238 3145 5306 Spiritus
3202 5244 3397 5294 sancti.

1845 5331 2059 5384 Interim
2092 5338 2270 5381 autem
2306 5345 2427 5382 cum
2455 5344 2572 5396 qua:
2605 5330 2760 5380 matri
2810 5328 3139 5388 evenissent,
3202 5345 3403 5397 cogno-

1849 5421 2403 5483 vissetEuxenianus,
2447 5430 2501 5474 et
2557 5420 3008 5489 quemadmodum
3051 5420 3279 5475 deducta
3312 5438 3402 5476 ac-

1848 5513 2095 5567 cessisset
2140 5512 2205 5565 ad
2265 5524 2531 5574 sanctum,
2580 5522 2633 5565 et
2691 5514 3145 5582 quemadmodum
3211 5516 3399 5569 orbata

1850 5604 2019 5656 visum
2082 5609 2474 5667 recuperasset,
2535 5605 2715 5656 omnia
2780 5619 2845 5655 ex
2902 5603 3015 5672 ipsa
3071 5604 3399 5667 sciscitatus.

1849 5694 1995 5748 venit
2021 5694 2086 5747 ad
2119 5694 2291 5757 illum,
2324 5708 2386 5746 ac
2431 5712 2444 5748 :
2485 5693 2537 5747 Si
2581 5704 2632 5748 te
2666 5695 2880 5757 scirem,
2943 5696 3134 5764 inquit,
3171 5711 3202 5747 ο
3230 5708 3400 5763 pater,

1850 5785 2080 5841 libenter
2138 5783 2380 5853 aspicere
2436 5784 2501 5840 ad
2558 5788 2837 5853 pecunias,
2871 5802 2978 5841 non
3004 5786 3402 5843 distribuissem

3015 5878 3087 5936 39
