4198 6312
203 382 338 445 1229

1487 387 1656 446 VITA
1703 387 1756 444 S.
1799 385 2122 448 ABERCH.

3273 381 3404 445 1230

193 497 327 569 ἔφη,
362 499 657 568 αὑτόνομὸν
681 516 736 552 τε
769 495 906 554 εἶναι
948 504 1039 553 καὶ
1082 501 1448 565 αὐτεξούσιον,
1487 505 1578 554 καὶ
1619 499 1752 552 κατᾶ
1782 501 1825 559 Α

1749 520 1752 551 ι
1782 501 1825 559 Α
1855 509 2046 570 Sponte
2073 503 2253 555 venire
2281 505 2345 557 ad
2379 503 2728 573 peccandum.
2760 500 2862 556 Sed
2899 501 3020 554 dum
3046 503 3110 555 de
3144 501 3222 554 his
3250 501 3407 554 rebus

198 589 426 657 γνώμην
454 588 544 640 ἐπὶ
567 589 623 640 τὺ
650 590 986 660 ἁμαρτάνειν
1019 591 1290 660 ἔρχεσθαι.
1337 591 1572 644 Τοιαῦτα
1617 592 1751 660 πρὸς

199 679 460 746 ἀλλήλους
489 680 932 750 διαμιλλωμένων
957 683 1157 745 αὐτῶν,
1190 685 1221 753 ἡ
1251 684 1436 750 ἐνάτη,
1467 686 1624 736 πάλιν
1656 701 1751 733 κα-

195 771 525 834 ταλαϐοῦσα,
563 772 768 824 διέλυσε
797 775 893 835 τὰς
931 775 1207 843 ζητήσεις.
1270 776 1531 836 Ἀναστάς
1563 776 1668 844 γὰρ
1723 775 1748 824 ὁ

199 863 341 925 Οεῑος
393 865 673 934 ’Λϐἐρκιος
708 865 1008 928 ἀσπάζεται
1060 867 1183 928 τοὺς
1236 867 1623 938 περιεστῶτας,
1658 870 1748 919 καὶ

198 957 524 1024 εὐλογήσας,
565 957 744 1007 οἴκαδε
785 958 881 1008 σὺν
908 958 1233 1027 Ιίὑξςινιανῷ
1265 960 1489 1028 πέμπει.

271 1048 369 1098 1Δ’.
416 1048 623 1114 Ὀλίγαι
654 1046 713 1098 τὺ
748 1047 885 1116 μετά
910 1049 1084 1102 ταῦτα
1118 1050 1333 1118 διῆλοον
1385 1051 1606 1120 ἡμέραι,
1655 1052 1746 1102 καὶ

193 1137 293 1198 τὰς
333 1137 493 1206 πέριξ
519 1137 707 1205 κώμας
741 1139 834 1190 καὶ
870 1140 968 1210 πρό
990 1158 1050 1206 γε
1076 1141 1182 1193 τῶν
1213 1141 1384 1195 ἄλλων
1416 1144 1511 1203 τὰς
1535 1144 1590 1192 ἐν
1635 1158 1744 1207 γει-

189 1228 384 1288 τόνων,
413 1229 525 1296 ἅμα
575 1231 685 1291 τοῖς
735 1231 982 1298 ἀδελφοῖς
1035 1232 1285 1301 περιῄει’
1319 1232 1582 1300 ἐμάνθανε
1638 1233 1742 1299 γὰρ

189 1317 292 1385 ἤδη
325 1319 552 1380 πολλοὺς
585 1321 700 1372 ἐκεῖ
740 1321 1014 1392 διαφόροις
1072 1323 1356 1384 πιέζεσθαι
1405 1327 1599 1387 νόσοις.
1644 1326 1744 1376 Πε-

189 1409 418 1480 ριελοὼν
445 1406 535 1463 οὖν
565 1413 657 1464 καὶ
684 1412 1020 1483 Θεραπεύσας
1052 1415 1182 1482 εὖχῇ
1213 1417 1304 1466 καὶ
1333 1417 1532 1485 χειρῶν
1561 1417 1742 1468 ἐπιθέ-

191 1516 295 1560 σει,
333 1502 454 1552 ἐπεὶ
485 1501 766 1570 βαλανείου
796 1504 996 1572 ἄπορον
1020 1503 1164 1575 ἐώρα
1195 1505 1286 1558 τὸν
1306 1508 1488 1569 τόπον,
1513 1509 1742 1578 πρᾶγμα

190 1592 408 1643 νοσοῦσι
445 1593 617 1656 δεξιὸν
651 1594 1020 1662 παραμύθιον.
1053 1596 1132 1658 είς
1165 1614 1283 1649 τινα
1347 1598 1520 1666 χῶρον
1574 1599 1744 1650 ἐλθὼν

186 1677 232 1749 ᾧ
268 1684 460 1754 ’Λγρδς
492 1686 587 1754 μὲν
612 1689 641 1755 ἡ
669 1687 876 1753 κλῆσις,
904 1688 1144 1756 ποταμὸς
1173 1689 1228 1740 δὲ
1254 1690 1398 1753 αὐτῷ
1418 1691 1738 1760 παραρρέει,

189 1778 257 1826 τά
300 1777 501 1841 γόνατα
528 1778 602 1845 τῷ
625 1779 739 1845 Θεῷ
763 1779 968 1842 κλίνας,
997 1778 1088 1830 τοῦ
1119 1780 1343 1848 ἐδάφους
1379 1781 1605 1846 γίνετιι.
1637 1783 1741 1833 Καὶ

195 1869 303 1919 ἰδοὺ
343 1870 537 1938 βροντὴ
576 1872 672 1936 μὲν
718 1871 776 1934 ἐξ
841 1872 1100 1942 ἀκριϐοῦς
1157 1875 1598 1943 καταρρήγνυται
1647 1875 1744 1942 τῆς

193 1961 410 2028 αἰθρίας
436 1976 450 1990 ·
477 1961 760 2013 ἀναδίδωσι
792 1962 852 2015 δὲ
889 1963 1072 2031 πηγὰς
1109 1963 1330 2033 θερμῶν
1362 1964 1566 2016 ὑδάτων
1599 1965 1744 2032 ήγῆ,

189 2054 286 2103 καὶ
319 2051 404 2101 διὰ
431 2051 642 2103 πάντων
668 2053 890 2122 ὑμνεῖτο
911 2055 1061 2119 Θεὸς,
1088 2057 1322 2125 ἐπήκοος
1350 2055 1492 2106 οὕτω
1522 2054 1744 2106 δικαίων

185 2141 396 2207 ἀνδρῶν
416 2141 718 2207 γινόμενος.
749 2143 810 2195 ἸΙ
834 2143 1014 2210 μέντοι
1039 2143 1283 2211 μακαρία
1308 2143 1488 2210 ἐκείνη
1507 2142 1745 2209 γλῶσσα,

185 2232 425 2292 λάκκους
476 2231 666 2301 ὀρύξαι
718 2237 828 2295 τοῖς
885 2235 1147 2304 παροῦσιν
1197 2236 1573 2304 ἐντειλαμένη,
1607 2235 1746 2288 ὥστε

186 2322 450 2390 σύρροιαν
484 2325 541 2375 ἐν
565 2325 774 2386 τούτοις
822 2325 1066 2390 γίνεσθαι
1109 2326 1216 2378 τῶν
1249 2325 1466 2394 Θερμῶν
1520 2327 1743 2388 ὑδάτων,

185 2414 280 2462 καί
308 2413 386 2474 είς
414 2413 708 2482 ἀνάκτησιν
729 2415 868 2466 αὐτὰ
886 2418 1151 2483 σωμάτων
1177 2410 1314 2468 εἶναι
1344 2418 1746 2486 πεπονηκότων,

185 2505 418 2575 ἐπανῄει
455 2507 591 2577 πρὸς
614 2507 710 2576 τὴν
742 2509 936 2560 οἰκίαν.
982 2509 1067 2559 Ἐν
1102 2509 1275 2578 τούτῳ
1300 2507 1392 2562 οὖν
1425 2510 1453 2562 ὁ
1488 2513 1594 2562 τὼν
1632 2529 1747 2565 πει-

188 2600 418 2668 ρασμῶν
445 2601 540 2652 καὶ
568 2602 670 2670 τῆς
693 2602 906 2670 ἀπάτης
943 2601 1143 2672 πατὴρ,
1175 2605 1201 2655 ὁ
1242 2603 1474 2673 πονηρὸς
1515 2603 1744 2673 δαίμων,

183 2691 508 2756 γυναικείαν
545 2693 858 2762 ὑποκριοεὶς
899 2694 1135 2764 μορςςὴν,
1167 2695 1412 2761 πρόσεισι
1451 2696 1524 2761 τῷ
1584 2695 1740 2764 ἁγίῳ,

181 2783 436 2847 εὐλογίας
467 2787 648 2851 τυχεῖν
677 2785 836 2849 δῆοεν
866 2787 994 2856 παρ’
1021 2788 1187 2841 αὑτοῦ
1213 2789 1562 2858 βουλόμενος.
1609 2791 1666 2843 Ὀ
1690 2790 1743 2843 δὲ

179 2873 462 2926 ἐπιϐαλὼν
493 2875 689 2944 ἐκείνῳ
714 2877 838 2938 τοὺς
861 2877 1192 2945 ὀφθαλμοὺς,
1216 2885 1304 2930 καί
1333 2882 1420 2932 τὸν
1456 2882 1582 2932 εἵσω
1615 2899 1746 2951 κρυ-

182 2969 456 3034 πτόμενον
487 2966 651 3020 λύκον
688 2970 786 3021 οὐκ
818 2971 1109 3038 ἀγνοήσας,
1142 2973 1189 3022 εί
1221 2974 1315 3022 καὶ
1355 2973 1452 3041 τὴν
1477 2975 1572 3025 τοῦ
1607 2990 1744 3043 προ-

180 3058 353 3110 ϐάτου
389 3058 551 3127 δορὰν
592 3061 921 3130 περιέκειτο,
954 3061 1115 3125 εὐθῦς
1163 3068 1615 3134 μεταστρέφεται,
1650 3065 1744 3118 καὶ

184 3150 322 3218 λίθῳ
363 3155 690 3220 προσπταίει
727 3155 817 3207 τὸν
846 3155 981 3208 πόδα
1039 3155 1130 3208 τὸν
1187 3155 1382 3220 δεξιόν.
1437 3158 1745 3230 Περιαλγὴς
1771 3174 1813 3234 c
1848 3157 1990 3210 enim

177 3243 278 3296 οὖν
302 3244 615 3312 γενόμενος,
653 3246 884 3298 ἅπτεται
926 3249 993 3315 τῇ
1023 3250 1164 3316 χειρὶ
1212 3250 1305 3300 τοῦ
1351 3251 1694 3317 ἀστραγάλου
1721 3267 1736 3283 ο

181 3333 350 3388 αὑτὸν
372 3335 479 3405 γάρ
510 3331 579 3404 ἦν
612 3335 929 3404 πεπληγώς.
961 3336 1118 3390 Καὶό
1152 3338 1409 3406 πονηρδς,
1431 3342 1510 3400 είς
1548 3341 1739 3392 ἑαυτὸν

186 3425 354 3480 πάλιν
391 3425 728 3496 μεταϐαλὼν,
759 3426 974 3498 ἥδιστόν
1007 3445 1067 3481 τε
1117 3430 1210 3482 καὶ
1251 3428 1449 3498 θερμὸν
1490 3431 1735 3497 ἁνεγέλα,

181 3521 282 3575 καὶ
308 3521 416 3574 ἀπὸ
447 3521 548 3592 τῆς
582 3521 741 3592 φίλης
787 3523 947 3585 εὐθὺς
991 3523 1398 3593 ὑπερηφανίας·
1445 3525 1623 3594 Μήτοι
1673 3543 1740 3594 με

174 3615 392 3682 νόμιζε,
414 3615 580 3679 λέγει,
601 3614 708 3665 τῶν
731 3613 1002 3665 ταπεινῶν
1020 3609 1157 3666 εἶναι
1180 3617 1401 3666 ἐκείνων
1427 3616 1736 3684 δαιμονίων,

174 3704 212 3757 ἃ.
249 3705 314 3754 σὺ
350 3704 607 3764 πολλάκις
641 3703 966 3770 φυγαδεύειν
1000 3700 1168 3770 οἶδας,
1216 3705 1309 3757 καὶ
1345 3707 1489 3776 μόνῳ
1533 3705 1610 3774 τῷ
1642 3707 1740 3776 ρή-

177 3806 334 3862 ματι·
364 3793 476 3845 ἀλλ’
512 3794 671 3854 αὐτὸς
703 3794 819 3862 είμι
850 3796 1008 3858 αὐτὸς
1035 3797 1448 3864 ἑκατόνταρχος,
1479 3791 1539 3848 οὗ
1567 3796 1740 3865 δήκαὶ

179 3884 279 3937 νῦν
309 3885 387 3948 είς
422 3886 615 3954 πεῖραν
643 3883 830 3947 ἐλθὼν,
883 3883 1016 3951 ὁρᾷς
1073 3882 1189 3945 πῶς
1236 3883 1497 3952 χαλεπαῖς
1547 3882 1738 3951 βέϐλη-

181 3996 277 4037 σαι
305 3978 703 4048 περιωδυνίαις,
737 3976 763 4027 ὁ
799 3975 1014 4036 πολλοῖς
1037 3976 1246 4043 ἑτέροις
1297 3975 1598 4044 λυσάμενος
1643 3974 1738 4036 τὰς

180 4071 397 4130 ὀδύνας.
429 4069 610 4133 Οὕτως
633 4069 740 4122 άπὸ
761 4067 852 4121 τοῦ
884 4068 1141 4137 βλάπτειν
1164 4069 1191 4118 ὁ
1235 4069 1448 4135 μιαρῦς,
1487 4067 1738 4118 οὐδέποτε

179 4163 242 4218 δὲ
278 4164 386 4215 ἀπὸ
423 4163 512 4215 τοῦ
541 4163 773 4228 ὼφελείν
803 4165 1012 4224 οὐδένα,
1043 4161 1219 4230 ἐαυτῷ
1258 4160 1347 4211 τὸν
1375 4160 1592 4211 ἔπαινον
1638 4178 1739 4213 πε-

183 4254 451 4323 ριτίθησι.
484 4253 669 4304 Ταῦτα
699 4253 878 4303 τοίνυν
913 4254 1050 4320 πρὸς
1081 4252 1170 4302 τὸν
1199 4249 1507 4318 Θαυμαστὸν
1549 4250 1736 4319 Ἀϐέρ-

178 4359 304 4397 κιον
343 4337 486 4408 εἷπε,
525 4342 618 4395 καί
649 4359 757 4394 τινι
781 4341 890 4394 τῶν
917 4341 1359 4410 περιεστηκότων
1415 4342 1573 4394 αὑτὸν
1620 4359 1738 4394 νεα·

175 4435 384 4487 νίσκων
415 4435 685 4505 ἐπιπηδᾷ’
721 4435 780 4486 ὃν
813 4435 1062 4504 χαλεπῶς
1093 4436 1374 4502 σπαράξας
1400 4453 1458 4487 τε
1492 4438 1586 4489 καὶ
1619 4437 1705 4488 δια

174 4525 449 4594 ταράξας,
486 4525 688 4595 μεταξὺ
724 4528 938 4577 πάντων
970 4526 1214 4586 ἐλεεινῶς
1247 4527 1594 4581 καταϐάλλει.

253 4616 353 4672 ΙΕ’.
395 4618 453 4668 '0
485 4617 672 4685 μέντοι
717 4616 892 4684 μέγας
947 4616 1220 4684 ’Λϐέρκιος
1256 4615 1398 4666 ὲλεον
1425 4617 1618 4668 αὐτίκα
1640 4615 1734 4669 τοῦ

172 4710 468 4762 νεανίσκου
521 4709 705 4762 λαϐὼν
758 4708 852 4759 καὶ
896 4706 1106 4776 δεηθεὶς
1143 4707 1235 4759 τοῦ
1293 4708 1426 4759 Θεοῦ
1470 4709 1619 4760 λύσιν
1677 4725 1734 4760 τε

175 4799 332 4870 αὐτῷ
360 4799 543 4852 δίδωσι
573 4801 666 4852 τοῦ
695 4799 888 4862 κακοῦ,
925 4801 1017 4853 καὶ
1049 4800 1139 4852 τδν
1172 4801 1585 4869 μιαρὸνέκείνον
1619 4801 1733 4854 δαί-

177 4907 323 4960 μονα.
375 4887 617 4941 ἐκποδὼν
638 4889 872 4956 τίθησιν,
899 4890 1044 4959 ἔργῳ
1069 4889 1309 4958 δηλώσας
1335 4891 1413 4951 τί,
1439 4893 1466 4942 ὁ
1483 4890 1572 4942 τοῦ
1597 4892 1732 4957 άγα-

177 4983 280 5036 θοῦ
317 4981 560 5054 μαθητὴς
599 4982 694 5033 καὶ
717 4981 1008 5048 άγαΟύνειν
1029 4981 1434 5048 δεδιδαγμένος,
1467 4983 1557 5034 καὶ
1595 4983 1674 5041 τίς
1707 4985 1733 5034 ό

171 5074 239 5134 ἐξ
270 5073 439 5140 ἀρχῆς
473 5071 726 5139 πονηρὸς,
763 5072 852 5122 καὶ
886 5069 980 5121 τοῦ
1016 5073 1274 5138 πράττειν
1300 5071 1490 5133 ἄλλους
1518 5071 1582 5122 τά
1637 5089 1730 5122 πο-

171 5165 320 5234 νηρὰ
351 5165 685 5226 διδάσκαλος.
739 5162 975 5225 Ἐκεῖνος
1003 5163 1056 5214 δὲ
1091 5163 1204 5215 ἀλλ’
1228 5164 1287 5215 οὔ
1331 5164 1490 5235 μέχρι
1543 5165 1730 5217 τούτου

170 5263 327 5328 ἔστη,
359 5257 477 5309 οὐδὲ
506 5258 596 5308 ἐπὶ
631 5259 765 5326 μόνῃ
793 5259 856 5324 τῇ
892 5255 1115 5324 τοιαύτῃ
1146 5257 1355 5326 ἔμεινεν
1408 5259 1564 5326 ἥττῃ,
1599 5259 1730 5308 ἀλλὰ

173 5351 272 5404 καὶ
304 5351 496 5419 ἑτέραν
529 5349 675 5417 αὐτῷ
705 5347 1069 5417 προκηρύτ;ει
1106 5349 1284 5418 πάλην
1305 5363 1318 5379 ο
1353 5345 1412 5401 οὗ
1464 5351 1593 5418 μηδὲ
1634 5350 1729 5419 τὴν

171 5442 400 5509 πρώτην
429 5443 746 5506 ὑπενεγκεῖν
799 5442 1035 5508 ἴσχυσεν.
1080 5441 1294 5509 Ἐπειδὴ
1327 5442 1429 5511 γὰρ
1458 5449 1548 5494 καὶ
1585 5443 1730 5493 ἄκων

172 5535 342 5602 ἀπῄει
380 5536 470 5586 τὸν
491 5533 775 5584 νεανίσκον
814 5532 1097 5584 ἀπολιπὼν
1128 5535 1358 5602 τραχείᾳ
1386 5535 1458 5594 ὼς
1491 5531 1603 5602 εἶχε
1638 5537 1725 5585 καὶ

170 5625 377 5681 ἀναιδεῖ
404 5625 742 5693 χρησάαενος
771 5626 834 5691 τῇ
865 5627 1014 5693 φωνῇ
1043 5640 1056 5654 ο
1084 5623 1230 5690 Ἰάχύ
1258 5641 1336 5685 σε,
1371 5627 1497 5692 ἔφη,
1543 5625 1728 5691 Ἀδέρ-

171 5735 283 5780 κιε,
311 5718 404 5770 καὶ
432 5719 634 5771 ἄκοντα
693 5719 1098 5786 παρασκευάσω
1127 5718 1223 5787 τὴν
1266 5715 1547 5782 Ῥωμαίων
1576 5717 1718 5767 ἰδεῖν.

172 5813 249 5863 Τὸ
294 5812 348 5863 δὲ
384 5812 485 5880 ἄρα
517 5811 577 5860 οὖ
621 5809 792 5878 πολλῷ
820 5809 1042 5877 ὕστερον
1068 5810 1246 5877 ἐξέϐη,
1281 5809 1352 5868 ῶς
1385 5811 1446 5860 τά
1473 5809 1597 5877 ἑξῆς
1634 5810 1722 5860 τοῦ

1762 4512 1812 4570 D

1857 591 1993 643 inter
2039 608 2093 644 se
2125 593 2505 661 disceptarent,
2566 593 2695 645 hora
2743 607 2882 644 nona
2931 607 3114 644 rursus
3164 592 3407 655 veniens,

1855 683 1985 734 liniit
2018 684 2355 750 quazstiones.
2384 684 2572 738 Statim
2593 684 2734 737 enim
2760 699 2984 754 surgens
3008 683 3221 735 divinus
3241 685 3407 736 Aber-

1855 773 1987 834 cius,
2022 776 2209 827 salutat
2249 791 2362 838 eos,
2392 776 2478 844 qui
2501 775 2938 837 circumstabant,
3009 782 3204 826 etcum
3244 775 3408 826 bene-

1854 863 2092 928 dixisset,
2123 867 2338 920 dormint
2375 868 2539 920 mittit
2567 882 2688 920 cum
2735 866 3064 918 Euxeniano.

1923 1063 2056 1115 XIV.
2095 1063 2249 1118 Pauci
2303 1066 2413 1118 dies
2448 1076 2627 1135 postea
2675 1067 3061 1134 praeterierunt,
3106 1081 3226 1118 cum
3267 1065 3408 1119 vicos

1849 1157 2194 1210 circumcirca
2251 1158 2470 1226 positos,
2527 1165 2580 1209 et
2617 1170 2741 1210 ante
2775 1159 2926 1220 alios,
2983 1173 3076 1210 eos
3115 1157 3204 1226 qui
3255 1167 3407 1210 erant

1852 1248 2155 1316 propinqui,
2184 1250 2315 1302 obiit
2341 1265 2460 1302 cum
2517 1249 2790 1304 fratribus.
2841 1249 2958 1302 Jam
2995 1250 3137 1301 enim
3180 1263 3404 1314 accepe—

1851 1347 1949 1398 rat,
1987 1336 2182 1390 multos
2211 1337 2369 1390 variis
2397 1337 2504 1390 illic
2531 1337 2732 1389 morbis
2767 1336 3026 1389 laborare.
3061 1334 3193 1386 Cum
3227 1341 3404 1385 autem

1848 1427 2084 1488 abiisset,
2117 1436 2170 1480 et
2200 1443 2291 1480 eos
2343 1438 2582 1481 curasset
2625 1426 2874 1494 precibus
2920 1434 2973 1478 et
3029 1438 3279 1476 manuum
3311 1422 3408 1474 im-

1849 1518 2131 1586 positione,
2163 1531 2440 1587 postquam
2465 1519 2594 1572 vidit
2619 1519 2792 1571 locum
2823 1531 2979 1586 egere
3009 1515 3219 1580 balneo,
3243 1512 3406 1583 (quod

1847 1610 2063 1676 quidem
2095 1611 2480 1678 aegrotantibus
2519 1619 2598 1663 est
2643 1620 2823 1677 aptum
2885 1607 3153 1662 solatium)
3186 1604 3404 1659 veniens

1847 1701 1898 1752 in
1931 1701 2216 1767 quemdam
2263 1700 2461 1759 locum,
2518 1699 2605 1768 qui
2665 1699 2964 1767 appellatur
3015 1699 3173 1766 Ager,
3210 1694 3405 1749 ﬂuvius

1848 1801 2024 1846 autem
2064 1808 2228 1860 prope
2259 1807 2382 1844 eum
2441 1791 2573 1853 ﬂuit,
2635 1790 2785 1844 ﬂexis
2843 1790 2948 1844 Deo
2999 1789 3222 1857 genibus
3256 1787 3403 1840 humi

1850 1885 2100 1952 procidit.
2136 1883 2199 1935 Et
2225 1899 2350 1936 ecce
2392 1882 2623 1950 erumpit
2677 1880 2888 1950 quidem
2920 1881 3119 1933 tonitru
3155 1880 3292 1933 cmlo
3323 1894 3406 1933 se-

1850 1989 2000 2032 reno,
2036 1973 2228 2026 emittit
2283 1983 2458 2025 autem
2499 1982 2637 2026 terra
2679 1971 2855 2024 fontes
2885 1986 3142 2039 aquarum
3206 1971 3407 2023 calida-

1848 2078 2000 2115 rum:
2030 2072 2082 2114 et
2122 2078 2214 2129 per
2244 2062 2420 2115 omnia
2451 2062 2770 2114 laudabatur
2833 2061 2993 2121 Dens,
3022 2060 3112 2126 qui
3134 2061 3303 2127 justas
3329 2059 3406 2114 sic

1845 2154 2082 2208 exaudit.
2119 2153 2253 2206 Cum
2297 2153 2450 2206 beata
2488 2164 2664 2207 autem
2705 2152 2788 2204 illa
2851 2153 3026 2218 lingua
3068 2153 3148 2208 iis,
3191 2151 3277 2216 qui
3307 2149 3404 2202 ad-

1847 2255 2024 2307 erant,
2047 2245 2297 2312 jussisset
2327 2244 2506 2298 fodere
2533 2244 2814 2304 cisternas,
2842 2251 2901 2295 ut
2946 2256 3095 2310 aquae
3124 2239 3307 2293 calida:
3349 2239 3401 2292 in

1847 2351 1938 2388 eas
1971 2336 2324 2399 conﬂuerent,
2361 2346 2413 2390 et
2433 2351 2509 2388 ea:
2538 2344 2720 2389 essent
2759 2335 2822 2387 ad
2864 2331 3150 2386 recreanda
3177 2345 3404 2398 corpora

1846 2426 2166 2493 laborantia,
2199 2428 2415 2483 domum
2477 2427 2782 2481 revertitur.
2839 2423 3052 2478 Interim
3086 2432 3262 2476 autem
3289 2431 3405 2475 ten-

1847 2522 2111 2573 tationum
2160 2531 2214 2574 ct
2265 2520 2596 2589 deceptibilis
2646 2529 2797 2590 pater
2858 2517 3122 2584 malignus
3169 2513 3401 2578 daemon,

1846 2609 2069 2662 indutus
2103 2610 2274 2664 forma
2307 2611 2577 2675 muliebri,
2629 2611 2769 2662 venit
2809 2607 2871 2660 ad
2926 2614 3190 2669 sanctum,
3219 2604 3404 2656 volens

1845 2702 1913 2755 ab
1941 2702 2060 2770 ipso
2121 2701 2374 2770 consequi
2430 2701 2879 2755 benedictionem.
2943 2697 3036 2751 Ille
3067 2708 3243 2750 autem
3272 2709 3403 2748 con-

1847 2793 2010 2861 jectis
2042 2793 2092 2844 in
2123 2793 2268 2846 illum
2298 2792 2486 2851 oculis,
2511 2793 2600 2859 qui
2631 2792 2772 2845 intus
2801 2789 3020 2852 latebat,
3068 2787 3250 2856 lupum
3295 2801 3398 2838 non

1851 2885 2127 2954 ignorans,
2179 2884 2384 2938 etiamsi
2443 2885 2557 2937 ovis
2585 2883 2776 2951 pellent
2813 2880 3095 2943 induisset,
3157 2877 3402 2946 protinus

1847 2974 2135 3041 avertitur,
2205 2984 2260 3028 et
2323 2975 2496 3041 lapide
2561 2973 2779 3028 oﬂeinlit
2847 2973 3036 3042 pedem
3095 2969 3398 3024 dexterum.

1850 3064 2043 3118 Dolore
2104 3083 2232 3134 ergo
2289 3066 2531 3128 aﬂ'ectus,
2579 3081 2739 3119 manu
2772 3064 2939 3134 tangit
2975 3063 3135 3117 talum
3177 3061 3400 3130 :ipsum

2081 3167 2438 3223 percusserat.
2527 3156 2784 3225 Malignus
2859 3165 3038 3206 autem
3096 3167 3282 3206 rursus
3343 3150 3399 3204 in

1847 3249 2086 3318 seipsum
2121 3258 2377 3310 mutatus,
2408 3247 2724 3300 suavissime
2775 3245 2910 3307 risit,
2940 3254 2992 3299 et
3032 3243 3401 3298 vehementis-

1839 3341 1994 3402 sime,
2029 3350 2083 3392 et
2107 3341 2260 3392 solita
2287 3340 2532 3408 protinus
2563 3338 2846 3405 superbia:
2877 3335 2954 3390 Ne
2991 3351 3074 3390 me
3103 3336 3394 3397 existimes,

1841 3427 2033 3496 inquit,
2067 3443 2188 3482 esse
2221 3444 2283 3482 ex
2325 3430 2432 3482 illis
2487 3428 2780 3482 humilibus
2826 3427 3128 3488 daemoniis.
3183 3441 3302 3494 quin
3341 3435 3397 3479 tu

1841 3521 1946 3574 scis
1999 3536 2142 3590 saepe
2207 3519 2391 3591 fugare
2454 3519 2537 3574 vel
2591 3519 2755 3574 verbo
2811 3519 2926 3573 solo
2964 3536 2978 3572 :
3010 3519 3104 3572 sed
3137 3535 3252 3572 sum
3283 3520 3396 3588 ipse

1839 3612 2110 3673 centurio,
2147 3614 2303 3678 cujus
2335 3628 2458 3665 cum
2491 3628 2633 3666 nunc
2665 3611 2839 3666 iecisti
2881 3611 3203 3683 periculum,
3245 3612 3395 3665 vides

1840 3716 2000 3768 quam
2034 3701 2285 3772 gravibus
2307 3702 2381 3756 sis
2437 3701 2666 3756 aﬂ'ectus
2716 3702 3011 3762 doloribus,
3037 3703 3127 3770 qui
3157 3691 3392 3756 liberasti

1841 3794 2038 3846 multos
2066 3809 2093 3846 a
2138 3795 2419 3847 molestiis.
2467 3794 2557 3848 Sic
2612 3794 2971 3849 exsecrandus
3025 3809 3091 3848 ex
3135 3809 3220 3858 eo,
3252 3809 3322 3863 qu
3359 3793 3394 3848 d

1842 3884 2021 3948 ladat,
2082 3901 2356 3954 nunquam
2409 3895 2588 3939 autem
2644 3903 2709 3940 ex
2776 3901 2858 3949 eo,
2898 3887 3038 3954 quod
3072 3886 3259 3953 prosit,
3291 3885 3392 3939 sibi

1840 3976 2047 4032 laudem
2078 3978 2286 4032 tribuit.
2320 3975 2440 4031 Hice
2474 3993 2600 4047 ergo
2633 3975 2934 4034 admirabili
2975 3977 3109 4032 dixit
3137 3977 3390 4042 Abercio,

1836 4080 1889 4122 et
1917 4070 2172 4138 impetum
2237 4069 2362 4123 facit
2413 4071 2464 4124 in
2525 4071 2810 4138 quemdam
2872 4085 2938 4124 ex
2975 4071 3058 4136 iis,
3089 4072 3180 4139 qui
3210 4071 3388 4139 ipsum

1838 4161 2325 4224 circumsistebant,
2369 4161 2846 4216 adolescentibus:
2902 4177 3062 4230 quem
3097 4177 3219 4216 cum
3273 4178 3393 4231 gra-

1839 4251 1974 4304 viter
2005 4251 2396 4321 discerpsisset,
2417 4254 2795 4308 miserabiliter
2827 4254 3038 4324 projicit
3068 4262 3120 4308 in
3154 4255 3390 4309 medium

1838 4353 2101 4394 omnium.

1907 4629 2019 4684 XV.
2050 4630 2268 4701 Magnus
2297 4641 2474 4686 autem
2517 4635 2775 4689 Abercius
2804 4639 2982 4690 statim
3021 4637 3388 4692 misericordia

1837 4732 2014 4776 motus
2061 4724 2440 4788 adolescentis,
2487 4735 2535 4777 et
2577 4725 2739 4778 Deum
2791 4739 3058 4796 precatus,
3091 4747 3213 4786 eum
3248 4733 3387 4787 malo

1834 4814 2022 4874 solvit,
2077 4823 2128 4865 et
2188 4814 2577 4867 exsecrandum
2643 4816 2792 4870 illum
2849 4818 3144 4875 daemonem
3202 4825 3385 4882 procul

1834 4903 2077 4970 expellit,
2118 4919 2173 4954 re
2203 4905 2314 4970 ipsa
2345 4905 2656 4967 ostendens,
2691 4909 2936 4975 quisnam
2969 4911 3035 4962 sit
3067 4913 3190 4964 boni
3219 4914 3385 4968 disci-

1835 4994 2012 5063 pulus,
2048 5003 2102 5046 et
2133 4996 2221 5062 qui
2281 4996 2416 5048 bene
2463 4995 2634 5050 facere
2689 4998 2980 5052 didicerit:
3033 5011 3087 5054 et
3135 5006 3382 5070 quisnam

1834 5085 1878 5138 is
1903 5085 1990 5144 sit,
2023 5085 2110 5154 qui
2160 5095 2241 5138 est
2293 5087 2464 5139 malus
2501 5087 2566 5139 ab
2611 5088 2782 5152 initio,
2833 5100 2886 5142 et
2939 5093 3193 5158 magister
3245 5097 3384 5150 male

1834 5177 2060 5229 faciendi
2091 5177 2227 5230 aliis.
2272 5177 2358 5230 Ille
2409 5187 2588 5230 autem
2641 5196 2746 5231 non
2793 5195 2855 5232 eo
2903 5197 3070 5250 usque
3114 5186 3378 5251 constitit,

1832 5283 2004 5335 neque
2037 5268 2198 5321 semel
2250 5277 2558 5333 superatum
2602 5284 2720 5321 esse
2756 5272 2885 5324 satis
2931 5273 3116 5327 habuit
3152 5293 3166 5328 :
3198 5275 3291 5329 sed
3324 5277 3376 5330 ei

1833 5374 2019 5410 rursus
2049 5358 2245 5412 bellum
2275 5359 2577 5424 denuntiat,
2619 5363 2772 5429 cujus
2806 5364 3035 5431 primum
3072 5366 3376 5421 conﬂictum

1831 5465 1936 5502 non
1971 5453 2139 5519 potuit
2181 5455 2468 5506 sustinere.
2510 5454 2736 5517 Quando
2771 5457 2915 5509 enim
2961 5458 3161 5510 invitus
3203 5473 3378 5513 reces-

1831 5541 1917 5601 sit,
1958 5541 2142 5593 relicto
2187 5541 2548 5606 adolescente,
2594 5560 2779 5612 aspera
2817 5556 2871 5598 et
2921 5546 3214 5615 impudenti
3248 5564 3380 5602 voce

1833 5647 1958 5684 usus
1997 5650 2009 5685 :
2043 5633 2158 5684 Cito
2203 5646 2270 5695 re,
2301 5633 2490 5700 inquit,
2517 5650 2547 5685 ο
2584 5637 2792 5698 Aberci,
2826 5637 2907 5690 vel
2935 5638 3156 5691 invitum
3185 5639 3378 5694 faciam

1833 5724 2011 5777 videre
2076 5723 2436 5776 Romanorum
2508 5726 2802 5780 civitatem.
2857 5729 2968 5782 Iloc
3038 5739 3215 5782 autem
3271 5746 3379 5784 non

1833 5817 1997 5870 multo
2028 5825 2146 5882 post
2181 5810 2378 5880 evenit,
2409 5827 2466 5871 ut
2489 5817 2740 5884 deinceps
2765 5821 3130 5877 ostendemus.
3156 5820 3376 5877 Divinus
