  <div class='ocr_page' id='page_1' title='image "/cluster/home/n/w/nwhite01/storage/ocr_20150623/115/pst.000005714285/755.png"; bbox 0 0 4198 6312; ppageno 0'>
   <div class='ocr_carea' id='block_1_1' title="bbox 822 374 947 440">
    <p class='ocr_par' dir='ltr' id='par_1_1' title="bbox 822 374 947 440">
     <span class='ocr_line' id='line_1_1' title="bbox 822 374 947 440; baseline 0.04 -5"><span class='ocrx_word' id='word_1_1' title='bbox 822 374 947 440; x_wconf 77' lang='lat'><strong>1231</strong></span> 
     </span>
    </p>
   </div>
   <div class='ocr_carea' id='block_1_2' title="bbox 2099 368 2778 436">
    <p class='ocr_par' dir='ltr' id='par_1_2' title="bbox 2099 368 2778 436">
     <span class='ocr_line' id='line_1_2' title="bbox 2099 368 2778 436; baseline 0.007 -6"><span class='ocrx_word' id='word_1_2' title='bbox 2099 368 2379 430; x_wconf 77' lang='lat' dir='ltr'><strong>MENSIS</strong></span> <span class='ocrx_word' id='word_1_3' title='bbox 2416 368 2778 436; x_wconf 84' lang='lat' dir='ltr'><strong>OCTOBER.</strong></span> 
     </span>
    </p>
   </div>
   <div class='ocr_carea' id='block_1_3' title="bbox 3932 379 4045 444">
    <p class='ocr_par' dir='ltr' id='par_1_3' title="bbox 3932 379 4045 444">
     <span class='ocr_line' id='line_1_3' title="bbox 3932 379 4045 444; baseline 0.009 -1"><span class='ocrx_word' id='word_1_4' title='bbox 3932 379 4045 444; x_wconf 72' lang='lat' dir='ltr'><strong>i232</strong></span> 
     </span>
    </p>
   </div>
   <div class='ocr_carea' id='block_1_4' title="bbox 814 490 2424 563">
    <p class='ocr_par' dir='ltr' id='par_1_4' title="bbox 814 494 2395 560">
     <span class='ocr_line' id='line_1_4' title="bbox 814 494 2395 560; baseline -0.005 -9"><span class='ocrx_word' id='word_1_5' title='bbox 814 500 960 551; x_wconf 80' lang='lat' dir='ltr'><strong>enim</strong></span> <span class='ocrx_word' id='word_1_6' title='bbox 988 495 1247 551; x_wconf 84' lang='lat' dir='ltr'><strong>Abercius</strong></span> <span class='ocrx_word' id='word_1_7' title='bbox 1270 494 1491 549; x_wconf 90' lang='lat' dir='ltr'><strong>domum</strong></span> <span class='ocrx_word' id='word_1_8' title='bbox 1524 505 1676 545; x_wconf 74' lang='lat' dir='ltr'><strong>suam</strong></span> <span class='ocrx_word' id='word_1_9' title='bbox 1716 506 1986 553; x_wconf 83' lang='lat' dir='ltr'><strong>reversus,</strong></span> <span class='ocrx_word' id='word_1_10' title='bbox 2022 498 2161 545; x_wconf 89' lang='lat' dir='ltr'><strong>totos</strong></span> <span class='ocrx_word' id='word_1_11' title='bbox 2188 498 2395 560; x_wconf 87' lang='lat' dir='ltr'><strong>septem</strong></span> 
     </span>
    </p>
   </div>
   <div class='ocr_carea' id='block_1_5' title="bbox 2454 490 4045 563">
    <p class='ocr_par' dir='ltr' id='par_1_5' title="bbox 2454 490 4045 563">
     <span class='ocr_line' id='line_1_5' title="bbox 2454 490 4045 563; baseline 0.006 -24"><span class='ocrx_word' id='word_1_12' title='bbox 2454 498 2471 551; x_wconf 59' lang='grc' dir='ltr'>λ</span> <span class='ocrx_word' id='word_1_13' title='bbox 2500 490 2661 556; x_wconf 77' lang='grc' dir='ltr'>λόγου</span> <span class='ocrx_word' id='word_1_14' title='bbox 2683 491 2936 558; x_wconf 81' lang='grc' dir='ltr'><strong>δηλώσει.</strong></span> <span class='ocrx_word' id='word_1_15' title='bbox 2984 490 3041 544; x_wconf 86' lang='grc' dir='ltr'>Ὀ</span> <span class='ocrx_word' id='word_1_16' title='bbox 3076 494 3176 562; x_wconf 75' lang='grc' dir='ltr'>μὲν</span> <span class='ocrx_word' id='word_1_17' title='bbox 3211 496 3317 563; x_wconf 75' lang='grc' dir='ltr'>γὰρ</span> <span class='ocrx_word' id='word_1_18' title='bbox 3346 495 3483 558; x_wconf 83' lang='grc' dir='ltr'>θεῖος</span> <span class='ocrx_word' id='word_1_19' title='bbox 3527 495 3833 563; x_wconf 73' lang='grc' dir='ltr'>’Λῦἑρκιος,</span> <span class='ocrx_word' id='word_1_20' title='bbox 3865 498 3935 558; x_wconf 69' lang='lat' dir='ltr'><strong>ei;</strong></span> <span class='ocrx_word' id='word_1_21' title='bbox 3963 500 4045 563; x_wconf 78' lang='grc' dir='ltr'><strong>τὴν</strong></span> 
     </span>
    </p>
   </div>
   <div class='ocr_carea' id='block_1_6' title="bbox 814 580 2384 658">
    <p class='ocr_par' dir='ltr' id='par_1_6' title="bbox 814 580 2384 658">
     <span class='ocr_line' id='line_1_6' title="bbox 814 580 2384 658; baseline -0.008 -13"><span class='ocrx_word' id='word_1_22' title='bbox 814 592 931 645; x_wconf 84' lang='lat' dir='ltr'><strong>dies</strong></span> <span class='ocrx_word' id='word_1_23' title='bbox 969 588 1227 658; x_wconf 76' lang='lat' dir='ltr'><strong>transegit</strong></span> <span class='ocrx_word' id='word_1_24' title='bbox 1259 586 1313 641; x_wconf 88' lang='lat' dir='ltr'><strong>in</strong></span> <span class='ocrx_word' id='word_1_25' title='bbox 1342 584 1564 657; x_wconf 82' lang='lat' dir='ltr'><strong>jejuniis</strong></span> <span class='ocrx_word' id='word_1_26' title='bbox 1591 594 1645 637; x_wconf 87' lang='lat' dir='ltr'><strong>et</strong></span> <span class='ocrx_word' id='word_1_27' title='bbox 1685 582 1967 638; x_wconf 84' lang='lat' dir='ltr'><strong>nocturnis</strong></span> <span class='ocrx_word' id='word_1_28' title='bbox 1994 582 2187 652; x_wconf 79' lang='lat' dir='ltr'><strong>vigiliis</strong></span> <span class='ocrx_word' id='word_1_29' title='bbox 2221 580 2384 635; x_wconf 87' lang='lat' dir='ltr'><strong>simul</strong></span> 
     </span>
    </p>
   </div>
   <div class='ocr_carea' id='block_1_7' title="bbox 814 673 2382 745">
    <p class='ocr_par' dir='ltr' id='par_1_7' title="bbox 814 673 2382 745">
     <span class='ocr_line' id='line_1_7' title="bbox 814 673 2382 745; baseline -0.005 -13"><span class='ocrx_word' id='word_1_30' title='bbox 814 694 936 733; x_wconf 85' lang='lat' dir='ltr'><strong>cum</strong></span> <span class='ocrx_word' id='word_1_31' title='bbox 984 678 1258 737; x_wconf 84' lang='lat' dir='ltr'><strong>fratribus.</strong></span> <span class='ocrx_word' id='word_1_32' title='bbox 1305 692 1500 745; x_wconf 79' lang='lat' dir='ltr'><strong>rogans</strong></span> <span class='ocrx_word' id='word_1_33' title='bbox 1557 692 1623 729; x_wconf 92' lang='lat' dir='ltr'><strong>ne</strong></span> <span class='ocrx_word' id='word_1_34' title='bbox 1673 687 1822 729; x_wconf 74' lang='lat' dir='ltr'><strong>esset</strong></span> <span class='ocrx_word' id='word_1_35' title='bbox 1871 683 2013 727; x_wconf 84' lang='lat' dir='ltr'><strong>tanta</strong></span> <span class='ocrx_word' id='word_1_36' title='bbox 2073 674 2274 727; x_wconf 89' lang='lat' dir='ltr'><strong>inimici</strong></span> <span class='ocrx_word' id='word_1_37' title='bbox 2329 673 2382 725; x_wconf 90' lang='lat' dir='ltr'><strong>in</strong></span> 
     </span>
    </p>
   </div>
   <div class='ocr_carea' id='block_1_8' title="bbox 814 765 2377 839">
    <p class='ocr_par' dir='ltr' id='par_1_8' title="bbox 814 765 2377 839">
     <span class='ocr_line' id='line_1_8' title="bbox 814 765 2377 839; baseline -0.006 -14"><span class='ocrx_word' id='word_1_38' title='bbox 814 786 935 825; x_wconf 86' lang='lat' dir='ltr'><strong>eum</strong></span> <span class='ocrx_word' id='word_1_39' title='bbox 975 771 1236 839; x_wconf 85' lang='lat' dir='ltr'><strong>potentia.</strong></span> <span class='ocrx_word' id='word_1_40' title='bbox 1272 779 1328 823; x_wconf 91' lang='lat' dir='ltr'><strong>ut</strong></span> <span class='ocrx_word' id='word_1_41' title='bbox 1351 785 1456 838; x_wconf 92' lang='lat' dir='ltr'><strong>quo</strong></span> <span class='ocrx_word' id='word_1_42' title='bbox 1488 769 1572 821; x_wconf 88' lang='lat' dir='ltr'><strong>ille</strong></span> <span class='ocrx_word' id='word_1_43' title='bbox 1603 782 1725 820; x_wconf 77' lang='lat' dir='ltr'><strong>eum</strong></span> <span class='ocrx_word' id='word_1_44' title='bbox 1757 767 1995 821; x_wconf 80' lang='lat' dir='ltr'><strong>duceret.</strong></span> <span class='ocrx_word' id='word_1_45' title='bbox 2036 765 2148 834; x_wconf 77' lang='lat' dir='ltr'><strong>ipse</strong></span> <span class='ocrx_word' id='word_1_46' title='bbox 2184 780 2377 833; x_wconf 84' lang='lat' dir='ltr'><strong>seque-</strong></span> 
     </span>
    </p>
   </div>
   <div class='ocr_carea' id='block_1_9' title="bbox 816 859 2376 932">
    <p class='ocr_par' dir='ltr' id='par_1_9' title="bbox 816 859 2376 932">
     <span class='ocr_line' id='line_1_9' title="bbox 816 859 2376 932; baseline -0.003 -16"><span class='ocrx_word' id='word_1_47' title='bbox 816 875 984 917; x_wconf 86' lang='lat' dir='ltr'><strong>retur.</strong></span> <span class='ocrx_word' id='word_1_48' title='bbox 1024 863 1260 932; x_wconf 83' lang='lat' dir='ltr'><strong>Septima</strong></span> <span class='ocrx_word' id='word_1_49' title='bbox 1307 878 1433 917; x_wconf 86' lang='lat' dir='ltr'><strong>vero</strong></span> <span class='ocrx_word' id='word_1_50' title='bbox 1479 873 1635 915; x_wconf 78' lang='lat' dir='ltr'><strong>nocte</strong></span> <span class='ocrx_word' id='word_1_51' title='bbox 1673 862 1717 912; x_wconf 73' lang='lat' dir='ltr'><strong>ei</strong></span> <span class='ocrx_word' id='word_1_52' title='bbox 1766 860 1816 911; x_wconf 93' lang='lat' dir='ltr'><strong>in</strong></span> <span class='ocrx_word' id='word_1_53' title='bbox 1864 859 2069 912; x_wconf 88' lang='lat' dir='ltr'><strong>somnis</strong></span> <span class='ocrx_word' id='word_1_54' title='bbox 2113 872 2376 927; x_wconf 72' lang='lat' dir='ltr'><strong>apparens</strong></span> 
     </span>
    </p>
   </div>
   <div class='ocr_carea' id='block_1_10' title="bbox 816 950 2376 1014">
    <p class='ocr_par' dir='ltr' id='par_1_10' title="bbox 816 950 2376 1014">
     <span class='ocr_line' id='line_1_10' title="bbox 816 950 2376 1014; baseline -0.003 -9"><span class='ocrx_word' id='word_1_55' title='bbox 816 955 1095 1014; x_wconf 80' lang='lat' dir='ltr'><strong>Dominus,</strong></span> <span class='ocrx_word' id='word_1_56' title='bbox 1138 954 1316 1009; x_wconf 75' lang='lat' dir='ltr'><strong>dixit:</strong></span> <span class='ocrx_word' id='word_1_57' title='bbox 1374 955 1617 1008; x_wconf 84' lang='lat' dir='ltr'><strong>Romam.</strong></span> <span class='ocrx_word' id='word_1_58' title='bbox 1677 971 1706 1002; x_wconf 78' lang='grc' dir='ltr'>(ι</span> <span class='ocrx_word' id='word_1_59' title='bbox 1756 950 1971 1012; x_wconf 79' lang='lat' dir='ltr'><strong>Aberci,</strong></span> <span class='ocrx_word' id='word_1_60' title='bbox 2024 965 2138 1003; x_wconf 86' lang='lat' dir='ltr'><strong>mea</strong></span> <span class='ocrx_word' id='word_1_61' title='bbox 2192 950 2376 1003; x_wconf 81' lang='lat' dir='ltr'><strong>venies</strong></span> 
     </span>
    </p>
   </div>
   <div class='ocr_carea' id='block_1_11' title="bbox 814 1044 2377 1113">
    <p class='ocr_par' dir='ltr' id='par_1_11' title="bbox 814 1044 2377 1113">
     <span class='ocr_line' id='line_1_11' title="bbox 814 1044 2377 1113; baseline -0.003 -17"><span class='ocrx_word' id='word_1_62' title='bbox 814 1045 1171 1113; x_wconf 74' lang='lat' dir='ltr'><strong>providentia,</strong></span> <span class='ocrx_word' id='word_1_63' title='bbox 1209 1054 1265 1098; x_wconf 92' lang='lat' dir='ltr'><strong>ut</strong></span> <span class='ocrx_word' id='word_1_64' title='bbox 1293 1046 1379 1109; x_wconf 86' lang='lat' dir='ltr'><strong>qui</strong></span> <span class='ocrx_word' id='word_1_65' title='bbox 1419 1044 1469 1096; x_wconf 93' lang='lat' dir='ltr'><strong>in</strong></span> <span class='ocrx_word' id='word_1_66' title='bbox 1502 1058 1563 1097; x_wconf 88' lang='lat' dir='ltr'><strong>ea</strong></span> <span class='ocrx_word' id='word_1_67' title='bbox 1592 1054 1736 1105; x_wconf 85' lang='lat' dir='ltr'><strong>sunt,</strong></span> <span class='ocrx_word' id='word_1_68' title='bbox 1773 1057 1949 1095; x_wconf 89' lang='lat' dir='ltr'><strong>meum</strong></span> <span class='ocrx_word' id='word_1_69' title='bbox 1985 1056 2181 1096; x_wconf 85' lang='lat' dir='ltr'><strong>nomen</strong></span> <span class='ocrx_word' id='word_1_70' title='bbox 2213 1055 2377 1110; x_wconf 82' lang='lat' dir='ltr'><strong>agno-</strong></span> 
     </span>
    </p>
   </div>
   <div class='ocr_carea' id='block_1_12' title="bbox 814 1133 2379 1204">
    <p class='ocr_par' dir='ltr' id='par_1_12' title="bbox 814 1133 2379 1204">
     <span class='ocr_line' id='line_1_12' title="bbox 814 1133 2379 1204; baseline -0.001 -18"><span class='ocrx_word' id='word_1_71' title='bbox 814 1144 985 1187; x_wconf 87' lang='lat' dir='ltr'><strong>scant.</strong></span> <span class='ocrx_word' id='word_1_72' title='bbox 1012 1134 1160 1189; x_wconf 83' lang='lat' dir='ltr'><strong>-Esto</strong></span> <span class='ocrx_word' id='word_1_73' title='bbox 1192 1150 1318 1204; x_wconf 77' lang='lat' dir='ltr'><strong>ergo</strong></span> <span class='ocrx_word' id='word_1_74' title='bbox 1354 1134 1494 1188; x_wconf 84' lang='lat' dir='ltr'><strong>bono</strong></span> <span class='ocrx_word' id='word_1_75' title='bbox 1530 1134 1730 1197; x_wconf 84' lang='lat' dir='ltr'><strong>animo,</strong></span> <span class='ocrx_word' id='word_1_76' title='bbox 1758 1133 1925 1202; x_wconf 79' lang='lat' dir='ltr'><strong>gratia</strong></span> <span class='ocrx_word' id='word_1_77' title='bbox 1959 1134 2101 1185; x_wconf 87' lang='lat' dir='ltr'><strong>enim</strong></span> <span class='ocrx_word' id='word_1_78' title='bbox 2149 1146 2265 1185; x_wconf 85' lang='lat' dir='ltr'><strong>mea</strong></span> <span class='ocrx_word' id='word_1_79' title='bbox 2303 1140 2379 1185; x_wconf 62' lang='grc' dir='ltr'>ιον</span> 
     </span>
    </p>
   </div>
   <div class='ocr_carea' id='block_1_13' title="bbox 811 1221 2373 1285">
    <p class='ocr_par' dir='ltr' id='par_1_13' title="bbox 811 1221 2373 1285">
     <span class='ocr_line' id='line_1_13' title="bbox 811 1221 2373 1285; baseline -0.003 -7"><span class='ocrx_word' id='word_1_80' title='bbox 811 1242 932 1278; x_wconf 81' lang='lat' dir='ltr'><strong>cum</strong></span> <span class='ocrx_word' id='word_1_81' title='bbox 962 1227 1083 1279; x_wconf 91' lang='lat' dir='ltr'><strong>erit.</strong></span> <span class='ocrx_word' id='word_1_82' title='bbox 1117 1225 1268 1279; x_wconf 84' lang='lat' dir='ltr'><strong>Tunc</strong></span> <span class='ocrx_word' id='word_1_83' title='bbox 1303 1236 1526 1279; x_wconf 79' lang='lat' dir='ltr'><strong>sanctus</strong></span> <span class='ocrx_word' id='word_1_84' title='bbox 1576 1238 1606 1277; x_wconf 90' lang='lat' dir='ltr'><strong>e</strong></span> <span class='ocrx_word' id='word_1_85' title='bbox 1653 1239 1844 1276; x_wconf 88' lang='lat' dir='ltr'><strong>somno</strong></span> <span class='ocrx_word' id='word_1_86' title='bbox 1887 1225 2154 1277; x_wconf 82' lang='lat' dir='ltr'><strong>excitatus</strong></span> <span class='ocrx_word' id='word_1_87' title='bbox 2188 1239 2201 1275; x_wconf 88' lang='lat'><strong>:</strong></span> <span class='ocrx_word' id='word_1_88' title='bbox 2242 1221 2373 1285; x_wconf 84' lang='lat' dir='ltr'><strong>Fiat,</strong></span> 
     </span>
    </p>
   </div>
   <div class='ocr_carea' id='block_1_14' title="bbox 811 1312 2379 1387">
    <p class='ocr_par' dir='ltr' id='par_1_14' title="bbox 811 1312 2379 1387">
     <span class='ocr_line' id='line_1_14' title="bbox 811 1312 2379 1387; baseline -0.004 -15"><span class='ocrx_word' id='word_1_89' title='bbox 811 1320 1010 1387; x_wconf 84' lang='lat' dir='ltr'><strong>inquit,</strong></span> <span class='ocrx_word' id='word_1_90' title='bbox 1038 1316 1288 1369; x_wconf 85' lang='lat' dir='ltr'><strong>voluntas</strong></span> <span class='ocrx_word' id='word_1_91' title='bbox 1318 1326 1429 1379; x_wconf 85' lang='lat' dir='ltr'><strong>tua,</strong></span> <span class='ocrx_word' id='word_1_92' title='bbox 1468 1314 1684 1369; x_wconf 83' lang='lat' dir='ltr'><strong>Christe</strong></span> <span class='ocrx_word' id='word_1_93' title='bbox 1723 1331 1735 1365; x_wconf 88' lang='lat'>:</span> <span class='ocrx_word' id='word_1_94' title='bbox 1774 1322 1830 1368; x_wconf 90' lang='lat' dir='ltr'><strong>et</strong></span> <span class='ocrx_word' id='word_1_95' title='bbox 1879 1312 2117 1367; x_wconf 82' lang='lat' dir='ltr'><strong>divinam</strong></span> <span class='ocrx_word' id='word_1_96' title='bbox 2163 1314 2379 1382; x_wconf 80' lang='lat' dir='ltr'><strong>appari-</strong></span> 
     </span>
    </p>
   </div>
   <div class='ocr_carea' id='block_1_15' title="bbox 811 1404 2377 1474">
    <p class='ocr_par' dir='ltr' id='par_1_15' title="bbox 811 1404 2377 1474">
     <span class='ocr_line' id='line_1_15' title="bbox 811 1404 2377 1474; baseline -0.004 -9"><span class='ocrx_word' id='word_1_97' title='bbox 811 1414 1010 1468; x_wconf 86' lang='lat' dir='ltr'><strong>tionem</strong></span> <span class='ocrx_word' id='word_1_98' title='bbox 1064 1409 1397 1463; x_wconf 77' lang='lat' dir='ltr'><strong>renuntiavit</strong></span> <span class='ocrx_word' id='word_1_99' title='bbox 1446 1408 1718 1462; x_wconf 79' lang='lat' dir='ltr'><strong>fratribus.</strong></span> <span class='ocrx_word' id='word_1_100' title='bbox 1771 1404 1875 1460; x_wconf 86' lang='lat' dir='ltr'><strong>Sed</strong></span> <span class='ocrx_word' id='word_1_101' title='bbox 1926 1404 1973 1460; x_wconf 92' lang='lat' dir='ltr'><strong>ei</strong></span> <span class='ocrx_word' id='word_1_102' title='bbox 2017 1405 2234 1474; x_wconf 84' lang='lat' dir='ltr'><strong>quidem</strong></span> <span class='ocrx_word' id='word_1_103' title='bbox 2298 1406 2377 1458; x_wconf 90' lang='lat' dir='ltr'><strong>sic</strong></span> 
     </span>
    </p>
   </div>
   <div class='ocr_carea' id='block_1_16' title="bbox 808 1497 2373 1571">
    <p class='ocr_par' dir='ltr' id='par_1_16' title="bbox 808 1497 2373 1571">
     <span class='ocr_line' id='line_1_16' title="bbox 808 1497 2373 1571; baseline -0.002 -17"><span class='ocrx_word' id='word_1_104' title='bbox 808 1504 1124 1571; x_wconf 70' lang='lat' dir='ltr'><strong>praedictum</strong></span> <span class='ocrx_word' id='word_1_105' title='bbox 1156 1512 1239 1558; x_wconf 88' lang='lat' dir='ltr'><strong>est</strong></span> <span class='ocrx_word' id='word_1_106' title='bbox 1275 1501 1409 1567; x_wconf 85' lang='lat' dir='ltr'><strong>fore,</strong></span> <span class='ocrx_word' id='word_1_107' title='bbox 1439 1510 1497 1556; x_wconf 91' lang='lat' dir='ltr'><strong>ut</strong></span> <span class='ocrx_word' id='word_1_108' title='bbox 1522 1501 1731 1555; x_wconf 79' lang='lat' dir='ltr'><strong>veniret</strong></span> <span class='ocrx_word' id='word_1_109' title='bbox 1764 1499 1828 1552; x_wconf 87' lang='lat' dir='ltr'><strong>ad</strong></span> <span class='ocrx_word' id='word_1_110' title='bbox 1875 1497 2243 1551; x_wconf 77' lang='lat' dir='ltr'><strong>Romanorum</strong></span> <span class='ocrx_word' id='word_1_111' title='bbox 2298 1498 2373 1552; x_wconf 87' lang='lat' dir='ltr'><strong>ci-</strong></span> 
     </span>
    </p>
   </div>
   <div class='ocr_carea' id='block_1_17' title="bbox 811 1593 1051 1647">
    <p class='ocr_par' dir='ltr' id='par_1_17' title="bbox 811 1593 1051 1647">
     <span class='ocr_line' id='line_1_17' title="bbox 811 1593 1051 1647; baseline 0.008 -5"><span class='ocrx_word' id='word_1_112' title='bbox 811 1593 1051 1647; x_wconf 72' lang='lat' dir='ltr'><strong>vitarem.</strong></span> 
     </span>
    </p>
   </div>
   <div class='ocr_carea' id='block_1_18' title="bbox 876 1791 2368 1865">
    <p class='ocr_par' dir='ltr' id='par_1_18' title="bbox 876 1791 2368 1865">
     <span class='ocr_line' id='line_1_18' title="bbox 876 1791 2368 1865; baseline -0.003 -18"><span class='ocrx_word' id='word_1_113' title='bbox 876 1793 1014 1847; x_wconf 76' lang='lat' dir='ltr'><strong>XVI.</strong></span> <span class='ocrx_word' id='word_1_114' title='bbox 1064 1793 1327 1865; x_wconf 76' lang='lat' dir='ltr'><strong>Malignus</strong></span> <span class='ocrx_word' id='word_1_115' title='bbox 1380 1804 1561 1849; x_wconf 88' lang='lat' dir='ltr'><strong>autem</strong></span> <span class='ocrx_word' id='word_1_116' title='bbox 1602 1796 1836 1859; x_wconf 71' lang='lat' dir='ltr'><strong>daemon,</strong></span> <span class='ocrx_word' id='word_1_117' title='bbox 1885 1792 1974 1861; x_wconf 88' lang='lat' dir='ltr'><strong>qui</strong></span> <span class='ocrx_word' id='word_1_118' title='bbox 2029 1791 2185 1861; x_wconf 87' lang='lat' dir='ltr'><strong>paulo</strong></span> <span class='ocrx_word' id='word_1_119' title='bbox 2243 1799 2368 1844; x_wconf 87' lang='lat' dir='ltr'><strong>ante</strong></span> 
     </span>
    </p>
   </div>
   <div class='ocr_carea' id='block_1_19' title="bbox 802 1879 2368 1946">
    <p class='ocr_par' dir='ltr' id='par_1_19' title="bbox 802 1879 2368 1946">
     <span class='ocr_line' id='line_1_19' title="bbox 802 1879 2368 1946; baseline -0.001 -9"><span class='ocrx_word' id='word_1_120' title='bbox 802 1901 928 1939; x_wconf 71' lang='lat' dir='ltr'><strong>eum</strong></span> <span class='ocrx_word' id='word_1_121' title='bbox 967 1897 1032 1938; x_wconf 87' lang='lat' dir='ltr'><strong>eo</strong></span> <span class='ocrx_word' id='word_1_122' title='bbox 1087 1897 1376 1939; x_wconf 85' lang='lat' dir='ltr'><strong>venturum</strong></span> <span class='ocrx_word' id='word_1_123' title='bbox 1449 1896 1533 1939; x_wconf 86' lang='lat' dir='ltr'><strong>est</strong></span> <span class='ocrx_word' id='word_1_124' title='bbox 1581 1886 1880 1946; x_wconf 75' lang='lat' dir='ltr'><strong>minitatus,</strong></span> <span class='ocrx_word' id='word_1_125' title='bbox 1935 1881 2070 1935; x_wconf 86' lang='lat' dir='ltr'><strong>nihil</strong></span> <span class='ocrx_word' id='word_1_126' title='bbox 2114 1879 2368 1935; x_wconf 79' lang='lat' dir='ltr'><strong>differens</strong></span> 
     </span>
    </p>
   </div>
   <div class='ocr_carea' id='block_1_20' title="bbox 804 1973 2365 2048">
    <p class='ocr_par' dir='ltr' id='par_1_20' title="bbox 804 1973 2365 2048">
     <span class='ocr_line' id='line_1_20' title="bbox 804 1973 2365 2048; baseline -0.005 -15"><span class='ocrx_word' id='word_1_127' title='bbox 804 1982 950 2035; x_wconf 87' lang='lat' dir='ltr'><strong>venit</strong></span> <span class='ocrx_word' id='word_1_128' title='bbox 982 1981 1226 2043; x_wconf 81' lang='lat' dir='ltr'><strong>Romam,</strong></span> <span class='ocrx_word' id='word_1_129' title='bbox 1260 1989 1312 2034; x_wconf 85' lang='lat' dir='ltr'><strong>et</strong></span> <span class='ocrx_word' id='word_1_130' title='bbox 1356 1979 1696 2048; x_wconf 84' lang='lat' dir='ltr'><strong>imperatoris</strong></span> <span class='ocrx_word' id='word_1_131' title='bbox 1748 1975 2007 2030; x_wconf 81' lang='lat' dir='ltr'><strong>Antonini</strong></span> <span class='ocrx_word' id='word_1_132' title='bbox 2057 1973 2219 2027; x_wconf 85' lang='lat' dir='ltr'><strong>ﬁliam</strong></span> <span class='ocrx_word' id='word_1_133' title='bbox 2256 1974 2365 2042; x_wconf 81' lang='lat' dir='ltr'><strong>jam</strong></span> 
     </span>
    </p>
   </div>
   <div class='ocr_carea' id='block_1_21' title="bbox 803 2063 2366 2136">
    <p class='ocr_par' dir='ltr' id='par_1_21' title="bbox 803 2063 2366 2136">
     <span class='ocr_line' id='line_1_21' title="bbox 803 2063 2366 2136; baseline -0.004 -11"><span class='ocrx_word' id='word_1_134' title='bbox 803 2072 1065 2135; x_wconf 84' lang='lat' dir='ltr'><strong>nubilem,</strong></span> <span class='ocrx_word' id='word_1_135' title='bbox 1103 2081 1157 2125; x_wconf 90' lang='lat' dir='ltr'><strong>et</strong></span> <span class='ocrx_word' id='word_1_136' title='bbox 1194 2071 1469 2125; x_wconf 78' lang='lat' dir='ltr'><strong>sexdecim</strong></span> <span class='ocrx_word' id='word_1_137' title='bbox 1502 2085 1674 2123; x_wconf 82' lang='lat' dir='ltr'><strong>annos</strong></span> <span class='ocrx_word' id='word_1_138' title='bbox 1712 2077 1890 2120; x_wconf 84' lang='lat' dir='ltr'><strong>natam</strong></span> <span class='ocrx_word' id='word_1_139' title='bbox 1926 2066 2026 2136; x_wconf 89' lang='lat' dir='ltr'><strong>(l),</strong></span> <span class='ocrx_word' id='word_1_140' title='bbox 2056 2080 2173 2134; x_wconf 76' lang='lat' dir='ltr'><strong>quae</strong></span> <span class='ocrx_word' id='word_1_141' title='bbox 2202 2063 2366 2119; x_wconf 81' lang='lat' dir='ltr'><strong>Lucio</strong></span> 
     </span>
    </p>
   </div>
   <div class='ocr_carea' id='block_1_22' title="bbox 800 2156 2364 2230">
    <p class='ocr_par' dir='ltr' id='par_1_22' title="bbox 800 2156 2364 2230">
     <span class='ocr_line' id='line_1_22' title="bbox 800 2156 2364 2230; baseline -0.006 -14"><span class='ocrx_word' id='word_1_142' title='bbox 800 2164 1020 2230; x_wconf 86' lang='lat' dir='ltr'><strong>quidem</strong></span> <span class='ocrx_word' id='word_1_143' title='bbox 1077 2162 1217 2216; x_wconf 85' lang='lat' dir='ltr'><strong>Vero</strong></span> <span class='ocrx_word' id='word_1_144' title='bbox 1268 2160 1448 2214; x_wconf 82' lang='lat' dir='ltr'><strong>fuerat</strong></span> <span class='ocrx_word' id='word_1_145' title='bbox 1506 2161 1796 2229; x_wconf 83' lang='lat' dir='ltr'><strong>desponsa,</strong></span> <span class='ocrx_word' id='word_1_146' title='bbox 1842 2156 2134 2211; x_wconf 80' lang='lat' dir='ltr'><strong>vocabatur</strong></span> <span class='ocrx_word' id='word_1_147' title='bbox 2184 2164 2364 2208; x_wconf 89' lang='lat' dir='ltr'><strong>autem</strong></span> 
     </span>
    </p>
   </div>
   <div class='ocr_carea' id='block_1_23' title="bbox 800 2246 2367 2320">
    <p class='ocr_par' dir='ltr' id='par_1_23' title="bbox 800 2246 2367 2320">
     <span class='ocr_line' id='line_1_23' title="bbox 800 2246 2367 2320; baseline -0.006 -13"><span class='ocrx_word' id='word_1_148' title='bbox 800 2251 1026 2315; x_wconf 83' lang='lat' dir='ltr'><strong>Lucilla,</strong></span> <span class='ocrx_word' id='word_1_149' title='bbox 1066 2262 1120 2307; x_wconf 91' lang='lat' dir='ltr'><strong>et</strong></span> <span class='ocrx_word' id='word_1_150' title='bbox 1164 2260 1387 2306; x_wconf 74' lang='lat' dir='ltr'><strong>caeteras</strong></span> <span class='ocrx_word' id='word_1_151' title='bbox 1434 2266 1560 2305; x_wconf 86' lang='lat' dir='ltr'><strong>suas</strong></span> <span class='ocrx_word' id='word_1_152' title='bbox 1601 2250 1833 2320; x_wconf 68' lang='lat' dir='ltr'><strong>aequales</strong></span> <span class='ocrx_word' id='word_1_153' title='bbox 1879 2246 2282 2317; x_wconf 84' lang='lat' dir='ltr'><strong>pulchritudine</strong></span> <span class='ocrx_word' id='word_1_154' title='bbox 2311 2252 2367 2297; x_wconf 81' lang='lat' dir='ltr'><strong>et</strong></span> 
     </span>
    </p>
   </div>
   <div class='ocr_carea' id='block_1_24' title="bbox 798 2334 2366 2414">
    <p class='ocr_par' dir='ltr' id='par_1_24' title="bbox 798 2334 2366 2414">
     <span class='ocr_line' id='line_1_24' title="bbox 798 2334 2366 2414; baseline -0.006 -16"><span class='ocrx_word' id='word_1_155' title='bbox 798 2342 1170 2414; x_wconf 74' lang='lat' dir='ltr'><strong>magnitudine</strong></span> <span class='ocrx_word' id='word_1_156' title='bbox 1213 2341 1528 2411; x_wconf 82' lang='lat' dir='ltr'><strong>superabat,</strong></span> <span class='ocrx_word' id='word_1_157' title='bbox 1576 2339 1873 2408; x_wconf 77' lang='lat' dir='ltr'><strong>ingreditur</strong></span> <span class='ocrx_word' id='word_1_158' title='bbox 1905 2356 1915 2389; x_wconf 94' lang='lat'>:</span> <span class='ocrx_word' id='word_1_159' title='bbox 1950 2344 2003 2390; x_wconf 91' lang='lat' dir='ltr'><strong>et</strong></span> <span class='ocrx_word' id='word_1_160' title='bbox 2048 2334 2228 2390; x_wconf 87' lang='lat' dir='ltr'><strong>statim</strong></span> <span class='ocrx_word' id='word_1_161' title='bbox 2261 2334 2366 2389; x_wconf 90' lang='lat' dir='ltr'><strong>ciet</strong></span> 
     </span>
    </p>
   </div>
   <div class='ocr_carea' id='block_1_25' title="bbox 798 2421 2363 2501">
    <p class='ocr_par' dir='ltr' id='par_1_25' title="bbox 798 2421 2363 2501">
     <span class='ocr_line' id='line_1_25' title="bbox 798 2421 2363 2501; baseline -0.005 -11"><span class='ocrx_word' id='word_1_162' title='bbox 798 2441 999 2499; x_wconf 86' lang='lat' dir='ltr'><strong>furore,</strong></span> <span class='ocrx_word' id='word_1_163' title='bbox 1033 2445 1089 2489; x_wconf 93' lang='lat' dir='ltr'><strong>ut</strong></span> <span class='ocrx_word' id='word_1_164' title='bbox 1139 2448 1198 2488; x_wconf 90' lang='lat' dir='ltr'><strong>se</strong></span> <span class='ocrx_word' id='word_1_165' title='bbox 1228 2434 1561 2501; x_wconf 76' lang='lat' dir='ltr'><strong>discerperet</strong></span> <span class='ocrx_word' id='word_1_166' title='bbox 1612 2444 1661 2485; x_wconf 89' lang='lat' dir='ltr'><strong>et</strong></span> <span class='ocrx_word' id='word_1_167' title='bbox 1699 2431 1977 2499; x_wconf 70' lang='lat' dir='ltr'><strong>dejiceret,</strong></span> <span class='ocrx_word' id='word_1_168' title='bbox 2025 2438 2078 2483; x_wconf 92' lang='lat' dir='ltr'><strong>et</strong></span> <span class='ocrx_word' id='word_1_169' title='bbox 2110 2421 2363 2483; x_wconf 78' lang='lat' dir='ltr'><strong>dentibus</strong></span> 
     </span>
    </p>
   </div>
   <div class='ocr_carea' id='block_1_26' title="bbox 797 2518 2364 2590">
    <p class='ocr_par' dir='ltr' id='par_1_26' title="bbox 797 2518 2364 2590">
     <span class='ocr_line' id='line_1_26' title="bbox 797 2518 2364 2590; baseline -0.006 -9"><span class='ocrx_word' id='word_1_170' title='bbox 797 2529 1070 2581; x_wconf 80' lang='lat' dir='ltr'><strong>morderet</strong></span> <span class='ocrx_word' id='word_1_171' title='bbox 1114 2541 1327 2590; x_wconf 85' lang='lat' dir='ltr'><strong>manus,</strong></span> <span class='ocrx_word' id='word_1_172' title='bbox 1372 2532 1427 2579; x_wconf 85' lang='lat' dir='ltr'><strong>et</strong></span> <span class='ocrx_word' id='word_1_173' title='bbox 1459 2538 1584 2577; x_wconf 89' lang='lat' dir='ltr'><strong>suas</strong></span> <span class='ocrx_word' id='word_1_174' title='bbox 1626 2537 1813 2577; x_wconf 87' lang='lat' dir='ltr'><strong>carnes</strong></span> <span class='ocrx_word' id='word_1_175' title='bbox 1863 2519 2159 2574; x_wconf 84' lang='lat' dir='ltr'><strong>manderet.</strong></span> <span class='ocrx_word' id='word_1_176' title='bbox 2196 2518 2364 2573; x_wconf 86' lang='lat' dir='ltr'><strong>Mater</strong></span> 
     </span>
    </p>
   </div>
   <div class='ocr_carea' id='block_1_27' title="bbox 793 2614 2359 2687">
    <p class='ocr_par' dir='ltr' id='par_1_27' title="bbox 793 2614 2359 2687">
     <span class='ocr_line' id='line_1_27' title="bbox 793 2614 2359 2687; baseline -0.004 -16"><span class='ocrx_word' id='word_1_177' title='bbox 793 2629 973 2672; x_wconf 88' lang='lat' dir='ltr'><strong>autem</strong></span> <span class='ocrx_word' id='word_1_178' title='bbox 1029 2616 1283 2671; x_wconf 85' lang='lat' dir='ltr'><strong>Faustina</strong></span> <span class='ocrx_word' id='word_1_179' title='bbox 1329 2617 1456 2687; x_wconf 84' lang='lat' dir='ltr'><strong>(hoc</strong></span> <span class='ocrx_word' id='word_1_180' title='bbox 1501 2614 1643 2669; x_wconf 89' lang='lat' dir='ltr'><strong>enim</strong></span> <span class='ocrx_word' id='word_1_181' title='bbox 1698 2622 1812 2667; x_wconf 82' lang='lat' dir='ltr'><strong>erat</strong></span> <span class='ocrx_word' id='word_1_182' title='bbox 1852 2627 2047 2667; x_wconf 91' lang='lat' dir='ltr'><strong>nomen</strong></span> <span class='ocrx_word' id='word_1_183' title='bbox 2085 2614 2359 2682; x_wconf 73' lang='lat' dir='ltr'><strong>Augustae)</strong></span> 
     </span>
    </p>
   </div>
   <div class='ocr_carea' id='block_1_28' title="bbox 794 2700 2361 2774">
    <p class='ocr_par' dir='ltr' id='par_1_28' title="bbox 794 2700 2361 2774">
     <span class='ocr_line' id='line_1_28' title="bbox 794 2700 2361 2774; baseline -0.006 -12"><span class='ocrx_word' id='word_1_184' title='bbox 794 2709 959 2762; x_wconf 87' lang='lat' dir='ltr'><strong>simul</strong></span> <span class='ocrx_word' id='word_1_185' title='bbox 991 2722 1114 2761; x_wconf 92' lang='lat' dir='ltr'><strong>cum</strong></span> <span class='ocrx_word' id='word_1_186' title='bbox 1163 2708 1437 2761; x_wconf 84' lang='lat' dir='ltr'><strong>Antonino</strong></span> <span class='ocrx_word' id='word_1_187' title='bbox 1486 2706 1824 2774; x_wconf 77' lang='lat' dir='ltr'><strong>augebantur</strong></span> <span class='ocrx_word' id='word_1_188' title='bbox 1870 2704 2073 2765; x_wconf 90' lang='lat' dir='ltr'><strong>animo,</strong></span> <span class='ocrx_word' id='word_1_189' title='bbox 2125 2710 2177 2755; x_wconf 90' lang='lat' dir='ltr'><strong>et</strong></span> <span class='ocrx_word' id='word_1_190' title='bbox 2210 2700 2361 2756; x_wconf 83' lang='lat' dir='ltr'><strong>valde</strong></span> 
     </span>
    </p>
   </div>
   <div class='ocr_carea' id='block_1_29' title="bbox 792 2792 2363 2867">
    <p class='ocr_par' dir='ltr' id='par_1_29' title="bbox 792 2792 2363 2867">
     <span class='ocr_line' id='line_1_29' title="bbox 792 2792 2363 2867; baseline -0.006 -15"><span class='ocrx_word' id='word_1_191' title='bbox 792 2808 951 2853; x_wconf 85' lang='lat' dir='ltr'><strong>erant</strong></span> <span class='ocrx_word' id='word_1_192' title='bbox 984 2798 1136 2853; x_wconf 89' lang='lat' dir='ltr'><strong>dubii</strong></span> <span class='ocrx_word' id='word_1_193' title='bbox 1173 2813 1235 2851; x_wconf 89' lang='lat' dir='ltr'><strong>ac</strong></span> <span class='ocrx_word' id='word_1_194' title='bbox 1261 2796 1525 2867; x_wconf 78' lang='lat' dir='ltr'><strong>perplexi,</strong></span> <span class='ocrx_word' id='word_1_195' title='bbox 1556 2806 1613 2850; x_wconf 84' lang='lat' dir='ltr'><strong>et</strong></span> <span class='ocrx_word' id='word_1_196' title='bbox 1642 2810 1758 2849; x_wconf 88' lang='lat' dir='ltr'><strong>eam</strong></span> <span class='ocrx_word' id='word_1_197' title='bbox 1789 2809 1900 2848; x_wconf 88' lang='lat' dir='ltr'><strong>rem</strong></span> <span class='ocrx_word' id='word_1_198' title='bbox 1946 2792 2230 2847; x_wconf 83' lang='lat' dir='ltr'><strong>maximam</strong></span> <span class='ocrx_word' id='word_1_199' title='bbox 2261 2792 2363 2844; x_wconf 65' lang='lat' dir='ltr'><strong>duo</strong></span> 
     </span>
    </p>
   </div>
   <div class='ocr_carea' id='block_1_30' title="bbox 792 2886 2358 2953">
    <p class='ocr_par' dir='ltr' id='par_1_30' title="bbox 792 2886 2358 2953">
     <span class='ocr_line' id='line_1_30' title="bbox 792 2886 2358 2953; baseline -0.01 -6"><span class='ocrx_word' id='word_1_200' title='bbox 792 2894 988 2947; x_wconf 90' lang='lat' dir='ltr'><strong>cebant</strong></span> <span class='ocrx_word' id='word_1_201' title='bbox 1012 2891 1400 2944; x_wconf 79' lang='lat' dir='ltr'><strong>calamitatem.</strong></span> <span class='ocrx_word' id='word_1_202' title='bbox 1431 2887 1585 2953; x_wconf 84' lang='lat' dir='ltr'><strong>Quod</strong></span> <span class='ocrx_word' id='word_1_203' title='bbox 1618 2896 1795 2940; x_wconf 90' lang='lat' dir='ltr'><strong>autem</strong></span> <span class='ocrx_word' id='word_1_204' title='bbox 1822 2886 1903 2939; x_wconf 90' lang='lat' dir='ltr'><strong>eis</strong></span> <span class='ocrx_word' id='word_1_205' title='bbox 1933 2886 2166 2937; x_wconf 68' lang='lat' dir='ltr'><strong>maxime</strong></span> <span class='ocrx_word' id='word_1_206' title='bbox 2194 2895 2358 2949; x_wconf 81' lang='lat' dir='ltr'><strong>auge—</strong></span> 
     </span>
    </p>
   </div>
   <div class='ocr_carea' id='block_1_31' title="bbox 792 2974 2360 3053">
    <p class='ocr_par' dir='ltr' id='par_1_31' title="bbox 792 2974 2360 3053">
     <span class='ocr_line' id='line_1_31' title="bbox 792 2974 2360 3053; baseline -0.008 -13"><span class='ocrx_word' id='word_1_207' title='bbox 792 2987 883 3040; x_wconf 85' lang='lat' dir='ltr'><strong>bat</strong></span> <span class='ocrx_word' id='word_1_208' title='bbox 912 2985 1078 3040; x_wconf 86' lang='lat' dir='ltr'><strong>animi</strong></span> <span class='ocrx_word' id='word_1_209' title='bbox 1126 2982 1522 3053; x_wconf 72' lang='lat' dir='ltr'><strong>aegritudinem,</strong></span> <span class='ocrx_word' id='word_1_210' title='bbox 1573 2987 1709 3038; x_wconf 85' lang='lat' dir='ltr'><strong>erat,</strong></span> <span class='ocrx_word' id='word_1_211' title='bbox 1757 2978 1899 3047; x_wconf 89' lang='lat' dir='ltr'><strong>quod</strong></span> <span class='ocrx_word' id='word_1_212' title='bbox 1956 2976 2131 3045; x_wconf 89' lang='lat' dir='ltr'><strong>puella</strong></span> <span class='ocrx_word' id='word_1_213' title='bbox 2185 2974 2360 3028; x_wconf 82' lang='lat' dir='ltr'><strong>fuerat</strong></span> 
     </span>
    </p>
   </div>
   <div class='ocr_carea' id='block_1_32' title="bbox 789 3064 2358 3144">
    <p class='ocr_par' dir='ltr' id='par_1_32' title="bbox 789 3064 2358 3144">
     <span class='ocr_line' id='line_1_32' title="bbox 789 3064 2358 3144; baseline -0.006 -17"><span class='ocrx_word' id='word_1_214' title='bbox 789 3078 1059 3144; x_wconf 76' lang='lat' dir='ltr'><strong>desponsa</strong></span> <span class='ocrx_word' id='word_1_215' title='bbox 1115 3071 1301 3126; x_wconf 84' lang='lat' dir='ltr'><strong>Lucio.</strong></span> <span class='ocrx_word' id='word_1_216' title='bbox 1351 3069 1483 3124; x_wconf 86' lang='lat' dir='ltr'><strong>Nam</strong></span> <span class='ocrx_word' id='word_1_217' title='bbox 1534 3084 1657 3122; x_wconf 87' lang='lat' dir='ltr'><strong>eum</strong></span> <span class='ocrx_word' id='word_1_218' title='bbox 1709 3068 1926 3137; x_wconf 86' lang='lat' dir='ltr'><strong>quidem</strong></span> <span class='ocrx_word' id='word_1_219' title='bbox 1967 3067 2077 3136; x_wconf 91' lang='lat' dir='ltr'><strong>jam</strong></span> <span class='ocrx_word' id='word_1_220' title='bbox 2134 3064 2358 3119; x_wconf 88' lang='lat' dir='ltr'><strong>miserat</strong></span> 
     </span>
    </p>
   </div>
   <div class='ocr_carea' id='block_1_33' title="bbox 787 3161 2352 3230">
    <p class='ocr_par' dir='ltr' id='par_1_33' title="bbox 787 3161 2352 3230">
     <span class='ocr_line' id='line_1_33' title="bbox 787 3161 2352 3230; baseline -0.008 -10"><span class='ocrx_word' id='word_1_221' title='bbox 787 3170 1093 3221; x_wconf 84' lang='lat' dir='ltr'><strong>Antoninus</strong></span> <span class='ocrx_word' id='word_1_222' title='bbox 1142 3167 1205 3219; x_wconf 87' lang='lat' dir='ltr'><strong>ad</strong></span> <span class='ocrx_word' id='word_1_223' title='bbox 1246 3163 1543 3219; x_wconf 75' lang='lat' dir='ltr'><strong>Orientem.</strong></span> <span class='ocrx_word' id='word_1_224' title='bbox 1600 3161 1795 3214; x_wconf 85' lang='lat' dir='ltr'><strong>bellum</strong></span> <span class='ocrx_word' id='word_1_225' title='bbox 1846 3167 2119 3230; x_wconf 81' lang='lat' dir='ltr'><strong>gesturum</strong></span> <span class='ocrx_word' id='word_1_226' title='bbox 2168 3169 2352 3212; x_wconf 90' lang='lat' dir='ltr'><strong>contra</strong></span> 
     </span>
    </p>
   </div>
   <div class='ocr_carea' id='block_1_34' title="bbox 788 3254 2348 3328">
    <p class='ocr_par' dir='ltr' id='par_1_34' title="bbox 788 3254 2348 3328">
     <span class='ocr_line' id='line_1_34' title="bbox 788 3254 2348 3328; baseline -0.008 -16"><span class='ocrx_word' id='word_1_227' title='bbox 788 3275 970 3328; x_wconf 64' lang='lat' dir='ltr'><strong>regem</strong></span> <span class='ocrx_word' id='word_1_228' title='bbox 1008 3259 1324 3328; x_wconf 80' lang='lat' dir='ltr'><strong>Bulgessum</strong></span> <span class='ocrx_word' id='word_1_229' title='bbox 1357 3256 1455 3324; x_wconf 68' lang='grc'><strong>(2).</strong></span> <span class='ocrx_word' id='word_1_230' title='bbox 1483 3254 1629 3308; x_wconf 90' lang='lat' dir='ltr'><strong>lnter</strong></span> <span class='ocrx_word' id='word_1_231' title='bbox 1657 3268 1753 3307; x_wconf 91' lang='lat' dir='ltr'><strong>eos</strong></span> <span class='ocrx_word' id='word_1_232' title='bbox 1783 3262 1967 3304; x_wconf 88' lang='lat' dir='ltr'><strong>autem</strong></span> <span class='ocrx_word' id='word_1_233' title='bbox 2000 3257 2348 3311; x_wconf 87' lang='lat' dir='ltr'><strong>convenerat,</strong></span> 
     </span>
    </p>
   </div>
   <div class='ocr_carea' id='block_1_35' title="bbox 789 3339 2355 3413">
    <p class='ocr_par' dir='ltr' id='par_1_35' title="bbox 789 3339 2355 3413">
     <span class='ocr_line' id='line_1_35' title="bbox 789 3339 2355 3413; baseline -0.008 -9"><span class='ocrx_word' id='word_1_234' title='bbox 789 3363 847 3405; x_wconf 91' lang='lat' dir='ltr'><strong>ut</strong></span> <span class='ocrx_word' id='word_1_235' title='bbox 884 3362 1025 3406; x_wconf 86' lang='lat' dir='ltr'><strong>stato</strong></span> <span class='ocrx_word' id='word_1_236' title='bbox 1060 3351 1145 3405; x_wconf 89' lang='lat' dir='ltr'><strong>die</strong></span> <span class='ocrx_word' id='word_1_237' title='bbox 1176 3346 1375 3403; x_wconf 88' lang='lat' dir='ltr'><strong>Lucius</strong></span> <span class='ocrx_word' id='word_1_238' title='bbox 1405 3344 1621 3413; x_wconf 87' lang='lat' dir='ltr'><strong>quidem</strong></span> <span class='ocrx_word' id='word_1_239' title='bbox 1672 3344 1740 3396; x_wconf 87' lang='lat' dir='ltr'><strong>ab</strong></span> <span class='ocrx_word' id='word_1_240' title='bbox 1768 3340 2013 3405; x_wconf 89' lang='lat' dir='ltr'><strong>Oriente,</strong></span> <span class='ocrx_word' id='word_1_241' title='bbox 2047 3339 2355 3394; x_wconf 81' lang='lat' dir='ltr'><strong>Antoninus</strong></span> 
     </span>
    </p>
   </div>
   <div class='ocr_carea' id='block_1_36' title="bbox 786 3430 2349 3503">
    <p class='ocr_par' dir='ltr' id='par_1_36' title="bbox 786 3430 2349 3503">
     <span class='ocr_line' id='line_1_36' title="bbox 786 3430 2349 3503; baseline -0.007 -9"><span class='ocrx_word' id='word_1_242' title='bbox 786 3451 969 3494; x_wconf 84' lang='lat' dir='ltr'><strong>autem</strong></span> <span class='ocrx_word' id='word_1_243' title='bbox 1022 3438 1193 3491; x_wconf 73' lang='lat' dir='ltr'><strong>Roma</strong></span> <span class='ocrx_word' id='word_1_244' title='bbox 1253 3434 1503 3488; x_wconf 88' lang='lat' dir='ltr'><strong>venirent</strong></span> <span class='ocrx_word' id='word_1_245' title='bbox 1551 3431 1872 3503; x_wconf 86' lang='lat' dir='ltr'><strong>Ephesum:</strong></span> <span class='ocrx_word' id='word_1_246' title='bbox 1921 3441 1976 3484; x_wconf 90' lang='lat' dir='ltr'><strong>et</strong></span> <span class='ocrx_word' id='word_1_247' title='bbox 2029 3430 2083 3484; x_wconf 93' lang='lat' dir='ltr'><strong>in</strong></span> <span class='ocrx_word' id='word_1_248' title='bbox 2131 3431 2349 3499; x_wconf 91' lang='lat' dir='ltr'><strong>templo,</strong></span> 
     </span>
    </p>
   </div>
   <div class='ocr_carea' id='block_1_37' title="bbox 785 3521 2352 3602">
    <p class='ocr_par' dir='ltr' id='par_1_37' title="bbox 785 3521 2352 3602">
     <span class='ocr_line' id='line_1_37' title="bbox 785 3521 2352 3602; baseline -0.01 -15"><span class='ocrx_word' id='word_1_249' title='bbox 785 3532 930 3602; x_wconf 89' lang='lat' dir='ltr'><strong>quod</strong></span> <span class='ocrx_word' id='word_1_250' title='bbox 958 3531 1030 3584; x_wconf 87' lang='lat' dir='ltr'><strong>ibi</strong></span> <span class='ocrx_word' id='word_1_251' title='bbox 1060 3539 1194 3593; x_wconf 88' lang='lat' dir='ltr'><strong>erat,</strong></span> <span class='ocrx_word' id='word_1_252' title='bbox 1224 3526 1403 3582; x_wconf 75' lang='lat' dir='ltr'><strong>Diana:</strong></span> <span class='ocrx_word' id='word_1_253' title='bbox 1425 3528 1752 3587; x_wconf 83' lang='lat' dir='ltr'><strong>Antoninus,</strong></span> <span class='ocrx_word' id='word_1_254' title='bbox 1790 3526 1888 3577; x_wconf 89' lang='lat' dir='ltr'><strong>dea</strong></span> <span class='ocrx_word' id='word_1_255' title='bbox 1926 3532 2083 3581; x_wconf 86' lang='lat' dir='ltr'><strong>teste,</strong></span> <span class='ocrx_word' id='word_1_256' title='bbox 2116 3521 2352 3573; x_wconf 87' lang='lat' dir='ltr'><strong>traderet</strong></span> 
     </span>
    </p>
   </div>
   <div class='ocr_carea' id='block_1_38' title="bbox 786 3608 2353 3695">
    <p class='ocr_par' dir='ltr' id='par_1_38' title="bbox 786 3608 2353 3695">
     <span class='ocr_line' id='line_1_38' title="bbox 786 3608 2353 3695; baseline -0.011 -15"><span class='ocrx_word' id='word_1_257' title='bbox 786 3624 1037 3695; x_wconf 87' lang='lat' dir='ltr'><strong>puellam.</strong></span> <span class='ocrx_word' id='word_1_258' title='bbox 1070 3614 1269 3674; x_wconf 86' lang='lat' dir='ltr'><strong>Lucius</strong></span> <span class='ocrx_word' id='word_1_259' title='bbox 1289 3632 1414 3669; x_wconf 88' lang='lat' dir='ltr'><strong>vero</strong></span> <span class='ocrx_word' id='word_1_260' title='bbox 1432 3616 1720 3682; x_wconf 86' lang='lat' dir='ltr'><strong>acciperet.</strong></span> <span class='ocrx_word' id='word_1_261' title='bbox 1750 3610 1884 3665; x_wconf 85' lang='lat' dir='ltr'><strong>Cum</strong></span> <span class='ocrx_word' id='word_1_262' title='bbox 1905 3624 2032 3681; x_wconf 79' lang='lat' dir='ltr'><strong>ergo</strong></span> <span class='ocrx_word' id='word_1_263' title='bbox 2054 3608 2271 3674; x_wconf 87' lang='lat' dir='ltr'><strong>Lucius,</strong></span> <span class='ocrx_word' id='word_1_264' title='bbox 2296 3622 2353 3663; x_wconf 90' lang='lat' dir='ltr'><strong>ut</strong></span> 
     </span>
    </p>
   </div>
   <div class='ocr_carea' id='block_1_39' title="bbox 785 3703 2352 3778">
    <p class='ocr_par' dir='ltr' id='par_1_39' title="bbox 785 3703 2352 3778">
     <span class='ocr_line' id='line_1_39' title="bbox 785 3703 2352 3778; baseline -0.008 -9"><span class='ocrx_word' id='word_1_265' title='bbox 785 3720 1131 3774; x_wconf 84' lang='lat' dir='ltr'><strong>convenerat,</strong></span> <span class='ocrx_word' id='word_1_266' title='bbox 1191 3720 1420 3778; x_wconf 85' lang='lat' dir='ltr'><strong>propere</strong></span> <span class='ocrx_word' id='word_1_267' title='bbox 1466 3703 1740 3775; x_wconf 75' lang='lat' dir='ltr'><strong>navigaret</strong></span> <span class='ocrx_word' id='word_1_268' title='bbox 1774 3704 2069 3772; x_wconf 84' lang='lat' dir='ltr'><strong>Ephesum,</strong></span> <span class='ocrx_word' id='word_1_269' title='bbox 2103 3703 2352 3756; x_wconf 87' lang='lat' dir='ltr'><strong>nesciens</strong></span> 
     </span>
    </p>
   </div>
   <div class='ocr_carea' id='block_1_40' title="bbox 781 3796 2350 3877">
    <p class='ocr_par' dir='ltr' id='par_1_40' title="bbox 781 3796 2350 3877">
     <span class='ocr_line' id='line_1_40' title="bbox 781 3796 2350 3877; baseline -0.008 -17"><span class='ocrx_word' id='word_1_270' title='bbox 781 3807 909 3877; x_wconf 90' lang='lat' dir='ltr'><strong>quid</strong></span> <span class='ocrx_word' id='word_1_271' title='bbox 936 3800 1456 3874; x_wconf 77' lang='lat' dir='ltr'><strong>ageretAntoninus,</strong></span> <span class='ocrx_word' id='word_1_272' title='bbox 1476 3813 1597 3853; x_wconf 90' lang='lat' dir='ltr'><strong>cum</strong></span> <span class='ocrx_word' id='word_1_273' title='bbox 1618 3806 1761 3854; x_wconf 89' lang='lat' dir='ltr'><strong>esset</strong></span> <span class='ocrx_word' id='word_1_274' title='bbox 1784 3798 1900 3867; x_wconf 89' lang='lat' dir='ltr'><strong>ejus</strong></span> <span class='ocrx_word' id='word_1_275' title='bbox 1929 3798 2031 3850; x_wconf 86' lang='lat' dir='ltr'><strong>lilia</strong></span> <span class='ocrx_word' id='word_1_276' title='bbox 2051 3806 2079 3849; x_wconf 71' lang='grc' dir='ltr'><strong>ο</strong></span> <span class='ocrx_word' id='word_1_277' title='bbox 2107 3796 2350 3850; x_wconf 74' lang='lat' dir='ltr'><strong>daemone</strong></span> 
     </span>
    </p>
   </div>
   <div class='ocr_carea' id='block_1_41' title="bbox 784 3886 2349 3966">
    <p class='ocr_par' dir='ltr' id='par_1_41' title="bbox 784 3886 2349 3966">
     <span class='ocr_line' id='line_1_41' title="bbox 784 3886 2349 3966; baseline -0.008 -13"><span class='ocrx_word' id='word_1_278' title='bbox 784 3906 1052 3966; x_wconf 84' lang='lat' dir='ltr'><strong>correpta,</strong></span> <span class='ocrx_word' id='word_1_279' title='bbox 1078 3898 1287 3962; x_wconf 85' lang='lat' dir='ltr'><strong>tempus</strong></span> <span class='ocrx_word' id='word_1_280' title='bbox 1310 3889 1576 3961; x_wconf 81' lang='lat' dir='ltr'><strong>protrahit</strong></span> <span class='ocrx_word' id='word_1_281' title='bbox 1601 3890 1968 3955; x_wconf 83' lang='lat' dir='ltr'><strong>excusatione,</strong></span> <span class='ocrx_word' id='word_1_282' title='bbox 2004 3887 2248 3942; x_wconf 89' lang='lat' dir='ltr'><strong>scribens</strong></span> <span class='ocrx_word' id='word_1_283' title='bbox 2281 3886 2349 3943; x_wconf 83' lang='lat' dir='ltr'><strong>ad</strong></span> 
     </span>
    </p>
   </div>
   <div class='ocr_carea' id='block_1_42' title="bbox 783 3975 2349 4057">
    <p class='ocr_par' dir='ltr' id='par_1_42' title="bbox 783 3975 2349 4057">
     <span class='ocr_line' id='line_1_42' title="bbox 783 3975 2349 4057; baseline -0.01 -13"><span class='ocrx_word' id='word_1_284' title='bbox 783 3990 1032 4049; x_wconf 86' lang='lat' dir='ltr'><strong>Lucium,</strong></span> <span class='ocrx_word' id='word_1_285' title='bbox 1055 3986 1198 4057; x_wconf 82' lang='lat' dir='ltr'><strong>quod</strong></span> <span class='ocrx_word' id='word_1_286' title='bbox 1233 3980 1509 4046; x_wconf 85' lang='lat' dir='ltr'><strong>Germani,</strong></span> <span class='ocrx_word' id='word_1_287' title='bbox 1542 3980 1762 4049; x_wconf 81' lang='lat' dir='ltr'><strong>trajectu</strong></span> <span class='ocrx_word' id='word_1_288' title='bbox 1778 3979 1986 4040; x_wconf 77' lang='lat' dir='ltr'><strong>Rheno,</strong></span> <span class='ocrx_word' id='word_1_289' title='bbox 2017 3978 2210 4046; x_wconf 88' lang='lat' dir='ltr'><strong>oppida</strong></span> <span class='ocrx_word' id='word_1_290' title='bbox 2241 3975 2349 4029; x_wconf 76' lang='lat' dir='ltr'><strong>Ro-</strong></span> 
     </span>
    </p>
   </div>
   <div class='ocr_carea' id='block_1_43' title="bbox 784 4070 2349 4145">
    <p class='ocr_par' dir='ltr' id='par_1_43' title="bbox 784 4070 2349 4145">
     <span class='ocr_line' id='line_1_43' title="bbox 784 4070 2349 4145; baseline -0.008 -10"><span class='ocrx_word' id='word_1_291' title='bbox 784 4096 1065 4135; x_wconf 89' lang='lat' dir='ltr'><strong>manorum</strong></span> <span class='ocrx_word' id='word_1_292' title='bbox 1118 4086 1173 4129; x_wconf 92' lang='lat' dir='ltr'><strong>et</strong></span> <span class='ocrx_word' id='word_1_293' title='bbox 1198 4077 1343 4129; x_wconf 90' lang='lat' dir='ltr'><strong>vicos</strong></span> <span class='ocrx_word' id='word_1_294' title='bbox 1369 4073 1693 4145; x_wconf 86' lang='lat' dir='ltr'><strong>populantur</strong></span> <span class='ocrx_word' id='word_1_295' title='bbox 1731 4088 1745 4126; x_wconf 92' lang='lat'><strong>:</strong></span> <span class='ocrx_word' id='word_1_296' title='bbox 1777 4084 1829 4125; x_wconf 87' lang='lat' dir='ltr'><strong>et</strong></span> <span class='ocrx_word' id='word_1_297' title='bbox 1855 4070 1975 4125; x_wconf 88' lang='lat' dir='ltr'><strong>ideo</strong></span> <span class='ocrx_word' id='word_1_298' title='bbox 2003 4084 2107 4125; x_wconf 92' lang='lat' dir='ltr'><strong>non</strong></span> <span class='ocrx_word' id='word_1_299' title='bbox 2144 4076 2349 4138; x_wconf 85' lang='lat' dir='ltr'><strong>poterat</strong></span> 
     </span>
    </p>
   </div>
   <div class='ocr_carea' id='block_1_44' title="bbox 783 4162 2345 4238">
    <p class='ocr_par' dir='ltr' id='par_1_44' title="bbox 783 4162 2345 4238">
     <span class='ocr_line' id='line_1_44' title="bbox 783 4162 2345 4238; baseline -0.007 -10"><span class='ocrx_word' id='word_1_300' title='bbox 783 4189 929 4227; x_wconf 88' lang='lat' dir='ltr'><strong>nunc</strong></span> <span class='ocrx_word' id='word_1_301' title='bbox 955 4188 1075 4226; x_wconf 88' lang='lat' dir='ltr'><strong>cum</strong></span> <span class='ocrx_word' id='word_1_302' title='bbox 1108 4169 1213 4224; x_wconf 83' lang='lat' dir='ltr'><strong>lilia</strong></span> <span class='ocrx_word' id='word_1_303' title='bbox 1245 4169 1428 4224; x_wconf 89' lang='lat' dir='ltr'><strong>venire</strong></span> <span class='ocrx_word' id='word_1_304' title='bbox 1454 4167 1750 4238; x_wconf 84' lang='lat' dir='ltr'><strong>Ephesum,</strong></span> <span class='ocrx_word' id='word_1_305' title='bbox 1781 4175 1839 4219; x_wconf 92' lang='lat' dir='ltr'><strong>ut</strong></span> <span class='ocrx_word' id='word_1_306' title='bbox 1868 4175 2215 4229; x_wconf 85' lang='lat' dir='ltr'><strong>convenerat,</strong></span> <span class='ocrx_word' id='word_1_307' title='bbox 2250 4162 2345 4217; x_wconf 86' lang='lat' dir='ltr'><strong>sed</strong></span> 
     </span>
    </p>
   </div>
   <div class='ocr_carea' id='block_1_45' title="bbox 785 4256 2347 4330">
    <p class='ocr_par' dir='ltr' id='par_1_45' title="bbox 785 4256 2347 4330">
     <span class='ocr_line' id='line_1_45' title="bbox 785 4256 2347 4330; baseline -0.006 -12"><span class='ocrx_word' id='word_1_308' title='bbox 785 4269 992 4318; x_wconf 85' lang='lat' dir='ltr'><strong>tantum</strong></span> <span class='ocrx_word' id='word_1_309' title='bbox 1024 4279 1170 4317; x_wconf 89' lang='lat' dir='ltr'><strong>anno</strong></span> <span class='ocrx_word' id='word_1_310' title='bbox 1198 4261 1469 4330; x_wconf 82' lang='lat' dir='ltr'><strong>sequenti.</strong></span> <span class='ocrx_word' id='word_1_311' title='bbox 1499 4257 1560 4313; x_wconf 81' lang='lat' dir='ltr'><strong>Ei</strong></span> <span class='ocrx_word' id='word_1_312' title='bbox 1587 4269 1766 4312; x_wconf 86' lang='lat' dir='ltr'><strong>autem</strong></span> <span class='ocrx_word' id='word_1_313' title='bbox 1799 4274 1920 4312; x_wconf 88' lang='lat' dir='ltr'><strong>cuni</strong></span> <span class='ocrx_word' id='word_1_314' title='bbox 1948 4259 2001 4309; x_wconf 92' lang='lat' dir='ltr'><strong>in</strong></span> <span class='ocrx_word' id='word_1_315' title='bbox 2035 4256 2209 4310; x_wconf 87' lang='lat' dir='ltr'><strong>media</strong></span> <span class='ocrx_word' id='word_1_316' title='bbox 2248 4272 2347 4309; x_wconf 88' lang='lat' dir='ltr'><strong>na-</strong></span> 
     </span>
    </p>
   </div>
   <div class='ocr_carea' id='block_1_46' title="bbox 783 4346 2343 4424">
    <p class='ocr_par' dir='ltr' id='par_1_46' title="bbox 783 4346 2343 4424">
     <span class='ocr_line' id='line_1_46' title="bbox 783 4346 2343 4424; baseline -0.004 -19"><span class='ocrx_word' id='word_1_317' title='bbox 783 4358 1052 4424; x_wconf 67' lang='lat' dir='ltr'><strong>vigatione</strong></span> <span class='ocrx_word' id='word_1_318' title='bbox 1101 4352 1325 4404; x_wconf 80' lang='lat' dir='ltr'><strong>reddita:</strong></span> <span class='ocrx_word' id='word_1_319' title='bbox 1372 4350 1601 4404; x_wconf 81' lang='lat' dir='ltr'><strong>fuissent</strong></span> <span class='ocrx_word' id='word_1_320' title='bbox 1641 4349 1833 4401; x_wconf 77' lang='lat' dir='ltr'><strong>littera:</strong></span> <span class='ocrx_word' id='word_1_321' title='bbox 1885 4349 1951 4400; x_wconf 88' lang='lat' dir='ltr'><strong>ab</strong></span> <span class='ocrx_word' id='word_1_322' title='bbox 1997 4346 2343 4414; x_wconf 83' lang='lat' dir='ltr'><strong>imperatore,</strong></span> 
     </span>
    </p>
   </div>
   <div class='ocr_carea' id='block_1_47' title="bbox 783 4439 2341 4517">
    <p class='ocr_par' dir='ltr' id='par_1_47' title="bbox 783 4439 2341 4517">
     <span class='ocr_line' id='line_1_47' title="bbox 783 4439 2341 4517; baseline -0.005 -16"><span class='ocrx_word' id='word_1_323' title='bbox 783 4461 977 4517; x_wconf 62' lang='lat' dir='ltr'><strong>magno</strong></span> <span class='ocrx_word' id='word_1_324' title='bbox 1008 4444 1195 4498; x_wconf 87' lang='lat' dir='ltr'><strong>dolore</strong></span> <span class='ocrx_word' id='word_1_325' title='bbox 1225 4439 1465 4506; x_wconf 82' lang='lat' dir='ltr'><strong>affectus,</strong></span> <span class='ocrx_word' id='word_1_326' title='bbox 1500 4441 1661 4511; x_wconf 90' lang='lat' dir='ltr'><strong>idque</strong></span> <span class='ocrx_word' id='word_1_327' title='bbox 1700 4440 1882 4495; x_wconf 89' lang='lat' dir='ltr'><strong>ferens</strong></span> <span class='ocrx_word' id='word_1_328' title='bbox 1922 4440 2223 4510; x_wconf 61' lang='lat' dir='ltr'><strong>ingeniine,</strong></span> <span class='ocrx_word' id='word_1_329' title='bbox 2252 4453 2341 4493; x_wconf 89' lang='lat' dir='ltr'><strong>re-</strong></span> 
     </span>
    </p>
   </div>
   <div class='ocr_carea' id='block_1_48' title="bbox 782 4534 2424 4623">
    <p class='ocr_par' dir='ltr' id='par_1_48' title="bbox 782 4534 2424 4623">
     <span class='ocr_line' id='line_1_48' title="bbox 782 4534 2424 4623; baseline -0.005 -29"><span class='ocrx_word' id='word_1_330' title='bbox 782 4542 1010 4595; x_wconf 88' lang='lat' dir='ltr'><strong>vertitur</strong></span> <span class='ocrx_word' id='word_1_331' title='bbox 1047 4538 1414 4593; x_wconf 80' lang='lat' dir='ltr'><strong>Antiochiam.</strong></span> <span class='ocrx_word' id='word_1_332' title='bbox 1460 4535 1760 4605; x_wconf 83' lang='lat' dir='ltr'><strong>Imperator</strong></span> <span class='ocrx_word' id='word_1_333' title='bbox 1798 4544 1977 4586; x_wconf 87' lang='lat' dir='ltr'><strong>autem</strong></span> <span class='ocrx_word' id='word_1_334' title='bbox 2037 4534 2347 4587; x_wconf 85' lang='lat' dir='ltr'><strong>Antoninus</strong></span> <span class='ocrx_word' id='word_1_335' title='bbox 2380 4566 2424 4623; x_wconf 63' lang='grc' dir='ltr'><strong>ι)</strong></span> 
     </span>
    </p>
   </div>
   <div class='ocr_carea' id='block_1_49' title="bbox 785 4623 2345 4703">
    <p class='ocr_par' dir='ltr' id='par_1_49' title="bbox 785 4623 2345 4703">
     <span class='ocr_line' id='line_1_49' title="bbox 785 4623 2345 4703; baseline -0.006 -20"><span class='ocrx_word' id='word_1_336' title='bbox 785 4634 977 4703; x_wconf 80' lang='lat' dir='ltr'><strong>partim</strong></span> <span class='ocrx_word' id='word_1_337' title='bbox 1020 4633 1237 4702; x_wconf 86' lang='lat' dir='ltr'><strong>quidem</strong></span> <span class='ocrx_word' id='word_1_338' title='bbox 1268 4644 1365 4683; x_wconf 84' lang='lat' dir='ltr'><strong>sua</strong></span> <span class='ocrx_word' id='word_1_339' title='bbox 1402 4637 1593 4697; x_wconf 90' lang='lat' dir='ltr'><strong>sponte</strong></span> <span class='ocrx_word' id='word_1_340' title='bbox 1633 4626 1785 4678; x_wconf 84' lang='lat' dir='ltr'><strong>valde</strong></span> <span class='ocrx_word' id='word_1_341' title='bbox 1807 4626 1873 4677; x_wconf 89' lang='lat' dir='ltr'><strong>de</strong></span> <span class='ocrx_word' id='word_1_342' title='bbox 1906 4623 2013 4676; x_wconf 82' lang='lat' dir='ltr'><strong>filia</strong></span> <span class='ocrx_word' id='word_1_343' title='bbox 2061 4624 2345 4685; x_wconf 87' lang='lat' dir='ltr'><strong>sollicitus,</strong></span> 
     </span>
    </p>
   </div>
   <div class='ocr_carea' id='block_1_50' title="bbox 783 4714 2341 4797">
    <p class='ocr_par' dir='ltr' id='par_1_50' title="bbox 783 4714 2341 4797">
     <span class='ocr_line' id='line_1_50' title="bbox 783 4714 2341 4797; baseline -0.01 -16"><span class='ocrx_word' id='word_1_344' title='bbox 783 4741 979 4797; x_wconf 82' lang='lat' dir='ltr'><strong>parum</strong></span> <span class='ocrx_word' id='word_1_345' title='bbox 1015 4740 1142 4779; x_wconf 89' lang='lat' dir='ltr'><strong>vero</strong></span> <span class='ocrx_word' id='word_1_346' title='bbox 1189 4738 1218 4777; x_wconf 86' lang='lat' dir='ltr'><strong>a</strong></span> <span class='ocrx_word' id='word_1_347' title='bbox 1263 4721 1492 4791; x_wconf 79' lang='lat' dir='ltr'><strong>conjuge</strong></span> <span class='ocrx_word' id='word_1_348' title='bbox 1534 4718 1810 4783; x_wconf 86' lang='lat' dir='ltr'><strong>incitatus,</strong></span> <span class='ocrx_word' id='word_1_349' title='bbox 1861 4717 2040 4770; x_wconf 80' lang='lat' dir='ltr'><strong>omnia</strong></span> <span class='ocrx_word' id='word_1_350' title='bbox 2090 4714 2341 4777; x_wconf 75' lang='lat' dir='ltr'><strong>faciebat,</strong></span> 
     </span>
    </p>
   </div>
   <div class='ocr_carea' id='block_1_51' title="bbox 783 4809 2171 4881">
    <p class='ocr_par' dir='ltr' id='par_1_51' title="bbox 783 4809 2171 4881">
     <span class='ocr_line' id='line_1_51' title="bbox 783 4809 2171 4881; baseline -0.011 -7"><span class='ocrx_word' id='word_1_351' title='bbox 783 4832 838 4874; x_wconf 86' lang='lat' dir='ltr'><strong>et</strong></span> <span class='ocrx_word' id='word_1_352' title='bbox 872 4836 901 4874; x_wconf 84' lang='lat' dir='ltr'><strong>a</strong></span> <span class='ocrx_word' id='word_1_353' title='bbox 929 4819 1075 4872; x_wconf 90' lang='lat' dir='ltr'><strong>nullo</strong></span> <span class='ocrx_word' id='word_1_354' title='bbox 1110 4816 1439 4875; x_wconf 78' lang='lat' dir='ltr'><strong>abstinebat,</strong></span> <span class='ocrx_word' id='word_1_355' title='bbox 1470 4811 1611 4881; x_wconf 81' lang='lat' dir='ltr'><strong>quod</strong></span> <span class='ocrx_word' id='word_1_356' title='bbox 1633 4810 1857 4864; x_wconf 82' lang='lat' dir='ltr'><strong>haberet</strong></span> <span class='ocrx_word' id='word_1_357' title='bbox 1885 4809 2171 4861; x_wconf 87' lang='lat' dir='ltr'><strong>rationein.</strong></span> 
     </span>
    </p>
   </div>
   <div class='ocr_carea' id='block_1_52' title="bbox 854 5223 2335 5298">
    <p class='ocr_par' dir='ltr' id='par_1_52' title="bbox 854 5223 2335 5298">
     <span class='ocr_line' id='line_1_52' title="bbox 854 5223 2335 5298; baseline -0.01 -10"><span class='ocrx_word' id='word_1_358' title='bbox 854 5235 1008 5288; x_wconf 74' lang='lat' dir='ltr'><strong>XVII.</strong></span> <span class='ocrx_word' id='word_1_359' title='bbox 1048 5232 1306 5287; x_wconf 85' lang='lat' dir='ltr'><strong>Adductis</strong></span> <span class='ocrx_word' id='word_1_360' title='bbox 1354 5230 1535 5298; x_wconf 82' lang='lat' dir='ltr'><strong>itaque</strong></span> <span class='ocrx_word' id='word_1_361' title='bbox 1579 5226 1943 5281; x_wconf 80' lang='lat' dir='ltr'><strong>Romanorum</strong></span> <span class='ocrx_word' id='word_1_362' title='bbox 1990 5236 2042 5277; x_wconf 84' lang='lat' dir='ltr'><strong>et</strong></span> <span class='ocrx_word' id='word_1_363' title='bbox 2088 5223 2335 5279; x_wconf 80' lang='lat' dir='ltr'><strong>Italorum</strong></span> 
     </span>
    </p>
   </div>
   <div class='ocr_carea' id='block_1_53' title="bbox 779 5317 2339 5388">
    <p class='ocr_par' dir='ltr' id='par_1_53' title="bbox 779 5317 2339 5388">
     <span class='ocr_line' id='line_1_53' title="bbox 779 5317 2339 5388; baseline -0.008 -8"><span class='ocrx_word' id='word_1_364' title='bbox 779 5321 1172 5388; x_wconf 78' lang='lat' dir='ltr'><strong>sacerdotibus,</strong></span> <span class='ocrx_word' id='word_1_365' title='bbox 1207 5332 1261 5377; x_wconf 87' lang='lat' dir='ltr'><strong>et</strong></span> <span class='ocrx_word' id='word_1_366' title='bbox 1307 5338 1372 5375; x_wconf 87' lang='lat' dir='ltr'><strong>ex</strong></span> <span class='ocrx_word' id='word_1_367' title='bbox 1413 5320 1627 5375; x_wconf 82' lang='lat' dir='ltr'><strong>Etruria</strong></span> <span class='ocrx_word' id='word_1_368' title='bbox 1663 5319 1937 5371; x_wconf 89' lang='lat' dir='ltr'><strong>accersitis</strong></span> <span class='ocrx_word' id='word_1_369' title='bbox 1977 5317 2339 5385; x_wconf 84' lang='lat' dir='ltr'><strong>aruspicibus,</strong></span> 
     </span>
    </p>
   </div>
   <div class='ocr_carea' id='block_1_54' title="bbox 780 5408 2339 5490">
    <p class='ocr_par' dir='ltr' id='par_1_54' title="bbox 780 5408 2339 5490">
     <span class='ocr_line' id='line_1_54' title="bbox 780 5408 2339 5490; baseline -0.008 -19"><span class='ocrx_word' id='word_1_370' title='bbox 780 5436 873 5490; x_wconf 81' lang='lat' dir='ltr'><strong>per</strong></span> <span class='ocrx_word' id='word_1_371' title='bbox 902 5424 1045 5488; x_wconf 85' lang='lat' dir='ltr'><strong>ipsos</strong></span> <span class='ocrx_word' id='word_1_372' title='bbox 1072 5416 1355 5484; x_wconf 70' lang='lat' dir='ltr'><strong>adiurabat</strong></span> <span class='ocrx_word' id='word_1_373' title='bbox 1392 5416 1718 5474; x_wconf 68' lang='lat' dir='ltr'><strong>daemonem,</strong></span> <span class='ocrx_word' id='word_1_374' title='bbox 1741 5419 1793 5464; x_wconf 91' lang='lat' dir='ltr'><strong>et</strong></span> <span class='ocrx_word' id='word_1_375' title='bbox 1826 5410 1958 5463; x_wconf 92' lang='lat' dir='ltr'><strong>nihil</strong></span> <span class='ocrx_word' id='word_1_376' title='bbox 1990 5426 2095 5463; x_wconf 88' lang='lat' dir='ltr'><strong>non</strong></span> <span class='ocrx_word' id='word_1_377' title='bbox 2127 5408 2339 5475; x_wconf 72' lang='lat' dir='ltr'><strong>excogi-</strong></span> 
     </span>
    </p>
   </div>
   <div class='ocr_carea' id='block_1_55' title="bbox 781 5501 2341 5564">
    <p class='ocr_par' dir='ltr' id='par_1_55' title="bbox 781 5501 2341 5564">
     <span class='ocr_line' id='line_1_55' title="bbox 781 5501 2341 5564; baseline -0.008 1"><span class='ocrx_word' id='word_1_378' title='bbox 781 5515 925 5564; x_wconf 86' lang='lat' dir='ltr'><strong>tabat</strong></span> <span class='ocrx_word' id='word_1_379' title='bbox 954 5511 1018 5562; x_wconf 89' lang='lat' dir='ltr'><strong>ad</strong></span> <span class='ocrx_word' id='word_1_380' title='bbox 1049 5508 1173 5562; x_wconf 89' lang='lat' dir='ltr'><strong>mali</strong></span> <span class='ocrx_word' id='word_1_381' title='bbox 1206 5507 1562 5562; x_wconf 82' lang='lat' dir='ltr'><strong>curationem.</strong></span> <span class='ocrx_word' id='word_1_382' title='bbox 1591 5503 1681 5557; x_wconf 89' lang='lat' dir='ltr'><strong>llla</strong></span> <span class='ocrx_word' id='word_1_383' title='bbox 1706 5511 1883 5554; x_wconf 84' lang='lat' dir='ltr'><strong>autem</strong></span> <span class='ocrx_word' id='word_1_384' title='bbox 1928 5508 1979 5553; x_wconf 82' lang='lat' dir='ltr'><strong>et</strong></span> <span class='ocrx_word' id='word_1_385' title='bbox 2012 5501 2189 5553; x_wconf 83' lang='lat' dir='ltr'><strong>inania</strong></span> <span class='ocrx_word' id='word_1_386' title='bbox 2222 5512 2341 5552; x_wconf 86' lang='lat' dir='ltr'><strong>esse</strong></span> 
     </span>
    </p>
   </div>
   <div class='ocr_carea' id='block_1_56' title="bbox 850 5689 2336 5758">
    <p class='ocr_par' dir='ltr' id='par_1_56' title="bbox 850 5689 2336 5758">
     <span class='ocr_line' id='line_1_56' title="bbox 850 5689 2336 5758; baseline 0.001 -19"><span class='ocrx_word' id='word_1_387' title='bbox 850 5692 923 5758; x_wconf 67' lang='lat'><strong>(1)</strong></span> <span class='ocrx_word' id='word_1_388' title='bbox 952 5693 1104 5742; x_wconf 81' lang='lat' dir='ltr'><strong>Anno</strong></span> <span class='ocrx_word' id='word_1_389' title='bbox 1151 5689 1269 5752; x_wconf 73' lang='grc'>163,</span> <span class='ocrx_word' id='word_1_390' title='bbox 1303 5698 1443 5742; x_wconf 83' lang='lat' dir='ltr'><strong>teste</strong></span> <span class='ocrx_word' id='word_1_391' title='bbox 1482 5690 1710 5747; x_wconf 82' lang='lat' dir='ltr'><strong>Baronio</strong></span> <span class='ocrx_word' id='word_1_392' title='bbox 1743 5690 1900 5745; x_wconf 83' lang='lat' dir='ltr'><strong>Marci</strong></span> <span class='ocrx_word' id='word_1_393' title='bbox 1940 5690 2139 5744; x_wconf 87' lang='lat' dir='ltr'><strong>Aurelii</strong></span> <span class='ocrx_word' id='word_1_394' title='bbox 2173 5690 2336 5740; x_wconf 87' lang='lat' dir='ltr'><strong>Anto-</strong></span> 
     </span>
    </p>
   </div>
   <div class='ocr_carea' id='block_1_57' title="bbox 776 5762 2049 5828">
    <p class='ocr_par' dir='ltr' id='par_1_57' title="bbox 776 5762 2049 5828">
     <span class='ocr_line' id='line_1_57' title="bbox 776 5762 2049 5828; baseline -0.002 -13"><span class='ocrx_word' id='word_1_395' title='bbox 776 5775 888 5815; x_wconf 85' lang='lat' dir='ltr'><strong>nini</strong></span> <span class='ocrx_word' id='word_1_396' title='bbox 916 5762 1258 5828; x_wconf 81' lang='lat' dir='ltr'><strong>imperatoris</strong></span> <span class='ocrx_word' id='word_1_397' title='bbox 1288 5762 1393 5813; x_wconf 86' lang='lat' dir='ltr'><strong>lilia</strong></span> <span class='ocrx_word' id='word_1_398' title='bbox 1418 5764 1696 5815; x_wconf 83' lang='lat' dir='ltr'><strong>obsidetur</strong></span> <span class='ocrx_word' id='word_1_399' title='bbox 1727 5777 1753 5811; x_wconf 86' lang='lat' dir='ltr'><strong>a</strong></span> <span class='ocrx_word' id='word_1_400' title='bbox 1786 5763 2049 5814; x_wconf 61' lang='grc' dir='ltr'><strong>(Ιέιιιτιηε.</strong></span> 
     </span>
    </p>
   </div>
   <div class='ocr_carea' id='block_1_58' title="bbox 850 5827 2337 5900">
    <p class='ocr_par' dir='ltr' id='par_1_58' title="bbox 850 5827 2337 5900">
     <span class='ocr_line' id='line_1_58' title="bbox 850 5827 2337 5900; baseline 0.001 -21"><span class='ocrx_word' id='word_1_401' title='bbox 850 5832 924 5898; x_wconf 68' lang='lat'><strong>(‘2)</strong></span> <span class='ocrx_word' id='word_1_402' title='bbox 971 5827 1310 5898; x_wconf 77' lang='lat' dir='ltr'><strong>Votagewm,</strong></span> <span class='ocrx_word' id='word_1_403' title='bbox 1364 5831 1455 5900; x_wconf 81' lang='lat' dir='ltr'><strong>qui</strong></span> <span class='ocrx_word' id='word_1_404' title='bbox 1504 5843 1615 5887; x_wconf 79' lang='lat' dir='ltr'><strong>erat</strong></span> <span class='ocrx_word' id='word_1_405' title='bbox 1650 5832 1966 5886; x_wconf 83' lang='lat' dir='ltr'><strong>Parthorum</strong></span> <span class='ocrx_word' id='word_1_406' title='bbox 2028 5846 2136 5885; x_wconf 79' lang='lat' dir='ltr'><strong>rex.</strong></span> <span class='ocrx_word' id='word_1_407' title='bbox 2208 5828 2337 5881; x_wconf 82' lang='lat' dir='ltr'><strong>Vide</strong></span> 
     </span>
    </p>
   </div>
   <div class='ocr_carea' id='block_1_59' title="bbox 2494 582 4044 658">
    <p class='ocr_par' dir='ltr' id='par_1_59' title="bbox 2494 582 4044 658">
     <span class='ocr_line' id='line_1_59' title="bbox 2494 582 4044 658; baseline 0.005 -24"><span class='ocrx_word' id='word_1_408' title='bbox 2494 582 2689 635; x_wconf 78' lang='grc' dir='ltr'>ἑαυτοῦ</span> <span class='ocrx_word' id='word_1_409' title='bbox 2725 584 2901 635; x_wconf 77' lang='grc' dir='ltr'>οἰκίαν</span> <span class='ocrx_word' id='word_1_410' title='bbox 2934 585 3268 651; x_wconf 82' lang='grc' dir='ltr'>ἐπανελθὼν,</span> <span class='ocrx_word' id='word_1_411' title='bbox 3303 587 3443 639; x_wconf 76' lang='grc' dir='ltr'>ἑπτὰ</span> <span class='ocrx_word' id='word_1_412' title='bbox 3474 589 3598 649; x_wconf 79' lang='grc' dir='ltr'>ὅλας</span> <span class='ocrx_word' id='word_1_413' title='bbox 3622 583 3811 639; x_wconf 74' lang='grc' dir='ltr'>εἷλκεν</span> <span class='ocrx_word' id='word_1_414' title='bbox 3858 590 4044 658; x_wconf 79' lang='grc' dir='ltr'>ἡμέρας</span> 
     </span>
    </p>
   </div>
   <div class='ocr_carea' id='block_1_60' title="bbox 2493 676 4044 747">
    <p class='ocr_par' dir='ltr' id='par_1_60' title="bbox 2493 676 4044 747">
     <span class='ocr_line' id='line_1_60' title="bbox 2493 676 4044 747; baseline 0.003 -22"><span class='ocrx_word' id='word_1_415' title='bbox 2493 676 2549 726; x_wconf 83' lang='grc' dir='ltr'><strong>ἐν</strong></span> <span class='ocrx_word' id='word_1_416' title='bbox 2581 676 2861 745; x_wconf 79' lang='grc' dir='ltr'><strong>νηστείαις</strong></span> <span class='ocrx_word' id='word_1_417' title='bbox 2895 676 2989 729; x_wconf 76' lang='grc' dir='ltr'><strong>καὶ</strong></span> <span class='ocrx_word' id='word_1_418' title='bbox 3020 677 3335 747; x_wconf 81' lang='grc' dir='ltr'>παννυχίσιν</span> <span class='ocrx_word' id='word_1_419' title='bbox 3363 677 3477 746; x_wconf 79' lang='grc' dir='ltr'><strong>ἅμα</strong></span> <span class='ocrx_word' id='word_1_420' title='bbox 3506 680 3617 740; x_wconf 79' lang='grc' dir='ltr'>τοῖς</span> <span class='ocrx_word' id='word_1_421' title='bbox 3662 679 3936 745; x_wconf 74' lang='grc' dir='ltr'>ἀδελφοῖς,</span> <span class='ocrx_word' id='word_1_422' title='bbox 3971 680 4044 730; x_wconf 78' lang='grc' dir='ltr'><strong>δι-</strong></span> 
     </span>
    </p>
   </div>
   <div class='ocr_carea' id='block_1_61' title="bbox 2492 768 4044 841">
    <p class='ocr_par' dir='ltr' id='par_1_61' title="bbox 2492 768 4044 841">
     <span class='ocr_line' id='line_1_61' title="bbox 2492 768 4044 841; baseline 0.003 -22"><span class='ocrx_word' id='word_1_423' title='bbox 2492 769 2685 838; x_wconf 82' lang='grc' dir='ltr'>ὁμενος</span> <span class='ocrx_word' id='word_1_424' title='bbox 2724 769 2797 837; x_wconf 76' lang='grc' dir='ltr'>μὴ</span> <span class='ocrx_word' id='word_1_425' title='bbox 2822 768 3072 837; x_wconf 80' lang='grc' dir='ltr'>τοιαύτην</span> <span class='ocrx_word' id='word_1_426' title='bbox 3123 769 3374 837; x_wconf 79' lang='grc' dir='ltr'>γενέσθαι</span> <span class='ocrx_word' id='word_1_427' title='bbox 3419 771 3539 822; x_wconf 81' lang='grc' dir='ltr'>κατ’</span> <span class='ocrx_word' id='word_1_428' title='bbox 3586 771 3754 823; x_wconf 71' lang='grc' dir='ltr'>αὐτοῦ</span> <span class='ocrx_word' id='word_1_429' title='bbox 3792 773 3945 841; x_wconf 75' lang='grc' dir='ltr'>ἰσχὺν</span> <span class='ocrx_word' id='word_1_430' title='bbox 3980 773 4044 840; x_wconf 78' lang='grc' dir='ltr'><strong>τῷ</strong></span> 
     </span>
    </p>
   </div>
   <div class='ocr_carea' id='block_1_62' title="bbox 2493 854 4039 934">
    <p class='ocr_par' dir='ltr' id='par_1_62' title="bbox 2493 854 4039 934">
     <span class='ocr_line' id='line_1_62' title="bbox 2493 854 4039 934; baseline 0.005 -25"><span class='ocrx_word' id='word_1_431' title='bbox 2493 859 2671 929; x_wconf 79' lang='grc' dir='ltr'>ἐχθρῷ</span> <span class='ocrx_word' id='word_1_432' title='bbox 2707 859 2778 920; x_wconf 83' lang='grc' dir='ltr'>ὡς</span> <span class='ocrx_word' id='word_1_433' title='bbox 2809 854 2951 932; x_wconf 80' lang='grc' dir='ltr'>ᾗπερ</span> <span class='ocrx_word' id='word_1_434' title='bbox 2986 860 3051 913; x_wconf 86' lang='grc' dir='ltr'><strong>ἂν</strong></span> <span class='ocrx_word' id='word_1_435' title='bbox 3076 861 3278 924; x_wconf 81' lang='grc' dir='ltr'>ἐκεῖνος</span> <span class='ocrx_word' id='word_1_436' title='bbox 3309 862 3421 934; x_wconf 70' lang='grc' dir='ltr'><strong>ἄγῃ</strong></span> <span class='ocrx_word' id='word_1_437' title='bbox 3451 863 3542 914; x_wconf 76' lang='grc' dir='ltr'>καὶ</span> <span class='ocrx_word' id='word_1_438' title='bbox 3586 861 3756 915; x_wconf 78' lang='grc' dir='ltr'>αὐτὸν</span> <span class='ocrx_word' id='word_1_439' title='bbox 3792 864 4039 917; x_wconf 76' lang='grc' dir='ltr'>ἔπεσθαι·</span> 
     </span>
    </p>
   </div>
   <div class='ocr_carea' id='block_1_63' title="bbox 2493 952 4042 1025">
    <p class='ocr_par' dir='ltr' id='par_1_63' title="bbox 2493 952 4042 1025">
     <span class='ocr_line' id='line_1_63' title="bbox 2493 952 4042 1025; baseline 0.002 -21"><span class='ocrx_word' id='word_1_440' title='bbox 2493 954 2595 1004; x_wconf 77' lang='grc' dir='ltr'><strong>ὑπό</strong></span> <span class='ocrx_word' id='word_1_441' title='bbox 2629 952 2802 1023; x_wconf 75' lang='grc' dir='ltr'>δὲτὴν</span> <span class='ocrx_word' id='word_1_442' title='bbox 2834 952 3071 1021; x_wconf 72' lang='grc' dir='ltr'>ἐδεόμην</span> <span class='ocrx_word' id='word_1_443' title='bbox 3120 953 3288 1005; x_wconf 81' lang='grc' dir='ltr'>νύκτα</span> <span class='ocrx_word' id='word_1_444' title='bbox 3337 954 3470 1023; x_wconf 79' lang='grc' dir='ltr'>ὄναρ</span> <span class='ocrx_word' id='word_1_445' title='bbox 3521 953 3673 1021; x_wconf 74' lang='grc' dir='ltr'>αὑτῷ</span> <span class='ocrx_word' id='word_1_446' title='bbox 3714 957 3810 1006; x_wconf 64' lang='grc' dir='ltr'>τὶν</span> <span class='ocrx_word' id='word_1_447' title='bbox 3858 956 4042 1025; x_wconf 77' lang='grc' dir='ltr'>Κύριον</span> 
     </span>
    </p>
   </div>
   <div class='ocr_carea' id='block_1_64' title="bbox 2487 1045 4042 1116">
    <p class='ocr_par' dir='ltr' id='par_1_64' title="bbox 2487 1045 4042 1116">
     <span class='ocr_line' id='line_1_64' title="bbox 2487 1045 4042 1116; baseline 0.002 -20"><span class='ocrx_word' id='word_1_448' title='bbox 2487 1045 2802 1103; x_wconf 69' lang='grc' dir='ltr'>ἐπιστάντα.</span> <span class='ocrx_word' id='word_1_449' title='bbox 2840 1047 2931 1097; x_wconf 71' lang='grc' dir='ltr'><strong>καὶ</strong></span> <span class='ocrx_word' id='word_1_450' title='bbox 2962 1046 3054 1106; x_wconf 83' lang='grc' dir='ltr'><strong>Εἰς</strong></span> <span class='ocrx_word' id='word_1_451' title='bbox 3104 1045 3341 1114; x_wconf 84' lang='grc' dir='ltr'><strong>Ῥώμην,</strong></span> <span class='ocrx_word' id='word_1_452' title='bbox 3372 1048 3556 1113; x_wconf 72' lang='grc' dir='ltr'>φάναι,</span> <span class='ocrx_word' id='word_1_453' title='bbox 3607 1048 3886 1116; x_wconf 75' lang='grc' dir='ltr'>’Δεέρκιε,</span> <span class='ocrx_word' id='word_1_454' title='bbox 3916 1050 4042 1099; x_wconf 67' lang='lat' dir='ltr'><strong>olito-</strong></span> 
     </span>
    </p>
   </div>
   <div class='ocr_carea' id='block_1_65' title="bbox 2482 1137 4041 1209">
    <p class='ocr_par' dir='ltr' id='par_1_65' title="bbox 2482 1137 4041 1209">
     <span class='ocr_line' id='line_1_65' title="bbox 2482 1137 4041 1209; baseline 0.002 -22"><span class='ocrx_word' id='word_1_455' title='bbox 2482 1139 2644 1206; x_wconf 72' lang='grc' dir='ltr'>νομὲᾳ</span> <span class='ocrx_word' id='word_1_456' title='bbox 2677 1140 2737 1206; x_wconf 81' lang='grc' dir='ltr'>τῇ</span> <span class='ocrx_word' id='word_1_457' title='bbox 2769 1140 2873 1206; x_wconf 81' lang='grc' dir='ltr'><strong>ἐμῇ</strong></span> <span class='ocrx_word' id='word_1_458' title='bbox 2904 1137 3070 1208; x_wconf 78' lang='grc' dir='ltr'>ἀφίξῃ</span> <span class='ocrx_word' id='word_1_459' title='bbox 3095 1154 3107 1168; x_wconf 77' lang='grc'><strong><em>⁸</em></strong></span> <span class='ocrx_word' id='word_1_460' title='bbox 3147 1137 3286 1190; x_wconf 74' lang='grc' dir='ltr'>ὥστε</span> <span class='ocrx_word' id='word_1_461' title='bbox 3340 1138 3404 1208; x_wconf 78' lang='grc' dir='ltr'><strong>δὴ</strong></span> <span class='ocrx_word' id='word_1_462' title='bbox 3442 1140 3533 1190; x_wconf 72' lang='grc' dir='ltr'>καὶ</span> <span class='ocrx_word' id='word_1_463' title='bbox 3563 1142 3691 1199; x_wconf 65' lang='grc' dir='ltr'>τοὺς</span> <span class='ocrx_word' id='word_1_464' title='bbox 3731 1140 3793 1190; x_wconf 87' lang='grc' dir='ltr'><strong>ἐν</strong></span> <span class='ocrx_word' id='word_1_465' title='bbox 3824 1143 3960 1209; x_wconf 77' lang='grc' dir='ltr'>αὐτῇ</span> <span class='ocrx_word' id='word_1_466' title='bbox 3991 1144 4041 1190; x_wconf 65' lang='grc' dir='ltr'><strong>τὸ</strong></span> 
     </span>
    </p>
   </div>
   <div class='ocr_carea' id='block_1_66' title="bbox 2481 1229 4043 1301">
    <p class='ocr_par' dir='ltr' id='par_1_66' title="bbox 2481 1229 4043 1301">
     <span class='ocr_line' id='line_1_66' title="bbox 2481 1229 4043 1301; baseline 0.002 -21"><span class='ocrx_word' id='word_1_467' title='bbox 2481 1230 2611 1298; x_wconf 79' lang='grc' dir='ltr'>ἐμὸν</span> <span class='ocrx_word' id='word_1_468' title='bbox 2639 1231 2814 1297; x_wconf 75' lang='grc' dir='ltr'>ὁνομα</span> <span class='ocrx_word' id='word_1_469' title='bbox 2855 1230 3171 1297; x_wconf 82' lang='grc' dir='ltr'>ἐπιγνῶναι.</span> <span class='ocrx_word' id='word_1_470' title='bbox 3206 1229 3407 1301; x_wconf 65' lang='grc' dir='ltr'>Θάρρει</span> <span class='ocrx_word' id='word_1_471' title='bbox 3429 1230 3739 1299; x_wconf 71' lang='grc' dir='ltr'><strong>τοιγαροῦν⁹</strong></span> <span class='ocrx_word' id='word_1_472' title='bbox 3768 1232 3932 1300; x_wconf 71' lang='grc' dir='ltr'>ἡγὰρ</span> <span class='ocrx_word' id='word_1_473' title='bbox 3958 1234 4043 1300; x_wconf 73' lang='grc' dir='ltr'>χά-</span> 
     </span>
    </p>
   </div>
   <div class='ocr_carea' id='block_1_67' title="bbox 2484 1321 4041 1391">
    <p class='ocr_par' dir='ltr' id='par_1_67' title="bbox 2484 1321 4041 1391">
     <span class='ocr_line' id='line_1_67' title="bbox 2484 1321 4041 1391; baseline 0.001 -20"><span class='ocrx_word' id='word_1_474' title='bbox 2484 1339 2567 1389; x_wconf 79' lang='grc' dir='ltr'><strong>ρις</strong></span> <span class='ocrx_word' id='word_1_475' title='bbox 2602 1339 2704 1391; x_wconf 77' lang='grc' dir='ltr'><strong>μου</strong></span> <span class='ocrx_word' id='word_1_476' title='bbox 2746 1321 2883 1390; x_wconf 66' lang='grc' dir='ltr'>μετὰ</span> <span class='ocrx_word' id='word_1_477' title='bbox 2944 1321 3039 1374; x_wconf 82' lang='grc' dir='ltr'>σοῦ</span> <span class='ocrx_word' id='word_1_478' title='bbox 3099 1323 3273 1374; x_wconf 73' lang='grc' dir='ltr'>ἔσται.</span> <span class='ocrx_word' id='word_1_479' title='bbox 3343 1323 3473 1374; x_wconf 77' lang='grc' dir='ltr'>Τότε</span> <span class='ocrx_word' id='word_1_480' title='bbox 3532 1323 3923 1376; x_wconf 76' lang='grc' dir='ltr'>διυπνισθέντα</span> <span class='ocrx_word' id='word_1_481' title='bbox 3962 1326 4041 1376; x_wconf 66' lang='grc' dir='ltr'>τὸν</span> 
     </span>
    </p>
   </div>
   <div class='ocr_carea' id='block_1_68' title="bbox 2482 1414 4042 1486">
    <p class='ocr_par' dir='ltr' id='par_1_68' title="bbox 2482 1414 4042 1486">
     <span class='ocr_line' id='line_1_68' title="bbox 2482 1414 4042 1486; baseline 0 -20"><span class='ocrx_word' id='word_1_482' title='bbox 2482 1414 2638 1480; x_wconf 76' lang='grc' dir='ltr'>ἆγιον</span> <span class='ocrx_word' id='word_1_483' title='bbox 2662 1453 2675 1475; x_wconf 90' lang='grc'><strong>,</strong></span> <span class='ocrx_word' id='word_1_484' title='bbox 2713 1414 2946 1477; x_wconf 83' lang='grc' dir='ltr'>Γένοιτο,</span> <span class='ocrx_word' id='word_1_485' title='bbox 2987 1415 3172 1483; x_wconf 69' lang='grc' dir='ltr'>φάναι,</span> <span class='ocrx_word' id='word_1_486' title='bbox 3204 1415 3263 1466; x_wconf 80' lang='grc' dir='ltr'>τὸ</span> <span class='ocrx_word' id='word_1_487' title='bbox 3296 1414 3509 1483; x_wconf 81' lang='grc' dir='ltr'>θέλημά</span> <span class='ocrx_word' id='word_1_488' title='bbox 3547 1431 3659 1474; x_wconf 83' lang='grc' dir='ltr'>σου,</span> <span class='ocrx_word' id='word_1_489' title='bbox 3699 1417 3870 1486; x_wconf 73' lang='grc' dir='ltr'>Κύριε</span> <span class='ocrx_word' id='word_1_490' title='bbox 3896 1432 3909 1445; x_wconf 91' lang='grc'><strong>·</strong></span> <span class='ocrx_word' id='word_1_491' title='bbox 3957 1417 4042 1467; x_wconf 78' lang='grc' dir='ltr'>καὶ</span> 
     </span>
    </p>
   </div>
   <div class='ocr_carea' id='block_1_69' title="bbox 2480 1508 4044 1579">
    <p class='ocr_par' dir='ltr' id='par_1_69' title="bbox 2480 1508 4044 1579">
     <span class='ocr_line' id='line_1_69' title="bbox 2480 1508 4044 1579; baseline 0.003 -21"><span class='ocrx_word' id='word_1_492' title='bbox 2480 1510 2579 1575; x_wconf 76' lang='grc' dir='ltr'>τὴν</span> <span class='ocrx_word' id='word_1_493' title='bbox 2613 1508 2765 1559; x_wconf 82' lang='grc' dir='ltr'>θείαν</span> <span class='ocrx_word' id='word_1_494' title='bbox 2799 1509 3016 1577; x_wconf 76' lang='grc' dir='ltr'>ἐκείνην</span> <span class='ocrx_word' id='word_1_495' title='bbox 3050 1510 3352 1579; x_wconf 76' lang='grc' dir='ltr'>ἐμφάνειαν</span> <span class='ocrx_word' id='word_1_496' title='bbox 3406 1512 3518 1570; x_wconf 86' lang='grc' dir='ltr'>τοῖς</span> <span class='ocrx_word' id='word_1_497' title='bbox 3562 1509 3817 1575; x_wconf 52' lang='grc' dir='ltr'>ἀδελφοῖς</span> <span class='ocrx_word' id='word_1_498' title='bbox 3872 1513 4044 1575; x_wconf 75' lang='grc' dir='ltr'>ἀπαγο</span> 
     </span>
    </p>
   </div>
   <div class='ocr_carea' id='block_1_70' title="bbox 2479 1600 4041 1673">
    <p class='ocr_par' dir='ltr' id='par_1_70' title="bbox 2479 1600 4041 1673">
     <span class='ocr_line' id='line_1_70' title="bbox 2479 1600 4041 1673; baseline 0.003 -23"><span class='ocrx_word' id='word_1_499' title='bbox 2479 1601 2677 1665; x_wconf 80' lang='grc' dir='ltr'>γεῑλαι.</span> <span class='ocrx_word' id='word_1_500' title='bbox 2721 1600 2882 1653; x_wconf 74' lang='grc' dir='ltr'><strong>Ἀλλὰ</strong></span> <span class='ocrx_word' id='word_1_501' title='bbox 2914 1601 2992 1671; x_wconf 81' lang='grc' dir='ltr'>τῷ</span> <span class='ocrx_word' id='word_1_502' title='bbox 3022 1601 3122 1670; x_wconf 82' lang='grc' dir='ltr'><strong>μὲν</strong></span> <span class='ocrx_word' id='word_1_503' title='bbox 3154 1601 3295 1654; x_wconf 75' lang='grc' dir='ltr'>οὕτω</span> <span class='ocrx_word' id='word_1_504' title='bbox 3320 1603 3412 1654; x_wconf 69' lang='grc' dir='ltr'>καὶ</span> <span class='ocrx_word' id='word_1_505' title='bbox 3438 1602 3592 1671; x_wconf 71' lang='grc' dir='ltr'>παρὰ</span> <span class='ocrx_word' id='word_1_506' title='bbox 3624 1601 3725 1670; x_wconf 75' lang='grc' dir='ltr'><strong>τὴν</strong></span> <span class='ocrx_word' id='word_1_507' title='bbox 3762 1602 4041 1673; x_wconf 76' lang='grc' dir='ltr'>Ῥωμαίων</span> 
     </span>
    </p>
   </div>
   <div class='ocr_carea' id='block_1_71' title="bbox 2478 1693 3303 1765">
    <p class='ocr_par' dir='ltr' id='par_1_71' title="bbox 2478 1693 3303 1765">
     <span class='ocr_line' id='line_1_71' title="bbox 2478 1693 3303 1765; baseline 0.008 -22"><span class='ocrx_word' id='word_1_508' title='bbox 2478 1693 2629 1744; x_wconf 74' lang='grc' dir='ltr'>πόλιν</span> <span class='ocrx_word' id='word_1_509' title='bbox 2663 1693 2957 1761; x_wconf 72' lang='grc' dir='ltr'><strong>ἀφικέσθαι</strong></span> <span class='ocrx_word' id='word_1_510' title='bbox 2983 1694 3303 1765; x_wconf 81' lang='grc' dir='ltr'>προείρητο.</span> 
     </span>
    </p>
   </div>
   <div class='ocr_carea' id='block_1_72' title="bbox 2545 1785 4041 1858">
    <p class='ocr_par' dir='ltr' id='par_1_72' title="bbox 2545 1785 4041 1858">
     <span class='ocr_line' id='line_1_72' title="bbox 2545 1785 4041 1858; baseline 0 -19"><span class='ocrx_word' id='word_1_511' title='bbox 2545 1785 2658 1851; x_wconf 66' lang='grc' dir='ltr'><strong>ΚΤ.</strong></span> <span class='ocrx_word' id='word_1_512' title='bbox 2702 1786 2760 1838; x_wconf 82' lang='grc' dir='ltr'>Ὀ</span> <span class='ocrx_word' id='word_1_513' title='bbox 2793 1786 2847 1840; x_wconf 79' lang='grc' dir='ltr'>δὲ</span> <span class='ocrx_word' id='word_1_514' title='bbox 2890 1787 3125 1858; x_wconf 80' lang='grc' dir='ltr'>πονηρὸς</span> <span class='ocrx_word' id='word_1_515' title='bbox 3155 1789 3365 1855; x_wconf 81' lang='grc' dir='ltr'>δαίμων</span> <span class='ocrx_word' id='word_1_516' title='bbox 3389 1790 3596 1850; x_wconf 82' lang='grc' dir='ltr'>ἐκεῖνος</span> <span class='ocrx_word' id='word_1_517' title='bbox 3620 1790 3647 1840; x_wconf 85' lang='grc' dir='ltr'><em>ὁ</em></span> <span class='ocrx_word' id='word_1_518' title='bbox 3674 1787 3861 1857; x_wconf 67' lang='grc' dir='ltr'>μικρῷ</span> <span class='ocrx_word' id='word_1_519' title='bbox 3911 1788 4041 1856; x_wconf 68' lang='grc' dir='ltr'>προ-</span> 
     </span>
    </p>
   </div>
   <div class='ocr_carea' id='block_1_73' title="bbox 2476 1875 4038 1950">
    <p class='ocr_par' dir='ltr' id='par_1_73' title="bbox 2476 1875 4038 1950">
     <span class='ocr_line' id='line_1_73' title="bbox 2476 1875 4038 1950; baseline 0.001 -21"><span class='ocrx_word' id='word_1_520' title='bbox 2476 1875 2599 1929; x_wconf 85' lang='grc' dir='ltr'>σθεν</span> <span class='ocrx_word' id='word_1_521' title='bbox 2633 1877 2710 1948; x_wconf 83' lang='grc' dir='ltr'><strong>τῷ</strong></span> <span class='ocrx_word' id='word_1_522' title='bbox 2740 1878 2880 1946; x_wconf 82' lang='grc' dir='ltr'>ἁγίῳ</span> <span class='ocrx_word' id='word_1_523' title='bbox 2905 1878 3002 1949; x_wconf 81' lang='grc' dir='ltr'>τὴν</span> <span class='ocrx_word' id='word_1_524' title='bbox 3053 1879 3239 1949; x_wconf 61' lang='grc' dir='ltr'>ἄφιξιν</span> <span class='ocrx_word' id='word_1_525' title='bbox 3295 1880 3500 1950; x_wconf 79' lang='grc' dir='ltr'>ταύτην</span> <span class='ocrx_word' id='word_1_526' title='bbox 3540 1881 3829 1943; x_wconf 79' lang='grc' dir='ltr'>ἐπισείσας</span> <span class='ocrx_word' id='word_1_527' title='bbox 3850 1920 3865 1942; x_wconf 87' lang='grc'><strong>,</strong></span> <span class='ocrx_word' id='word_1_528' title='bbox 3896 1882 4038 1932; x_wconf 69' lang='grc' dir='ltr'>οὐδὲν</span> 
     </span>
    </p>
   </div>
   <div class='ocr_carea' id='block_1_74' title="bbox 2474 1969 4039 2044">
    <p class='ocr_par' dir='ltr' id='par_1_74' title="bbox 2474 1969 4039 2044">
     <span class='ocr_line' id='line_1_74' title="bbox 2474 1969 4039 2044; baseline -0.001 -21"><span class='ocrx_word' id='word_1_529' title='bbox 2474 1969 2905 2039; x_wconf 75' lang='grc' dir='ltr'>ἀναϐαλόμενος,</span> <span class='ocrx_word' id='word_1_530' title='bbox 2938 1973 3017 2034; x_wconf 83' lang='grc' dir='ltr'>εἰς</span> <span class='ocrx_word' id='word_1_531' title='bbox 3059 1972 3280 2043; x_wconf 74' lang='grc' dir='ltr'>Ῥώμην</span> <span class='ocrx_word' id='word_1_532' title='bbox 3314 1975 3491 2044; x_wconf 78' lang='grc' dir='ltr'>φοιτᾷ,</span> <span class='ocrx_word' id='word_1_533' title='bbox 3528 1974 3621 2025; x_wconf 74' lang='grc' dir='ltr'><strong>καὶ</strong></span> <span class='ocrx_word' id='word_1_534' title='bbox 3649 1974 3748 2040; x_wconf 69' lang='grc' dir='ltr'>τὴν</span> <span class='ocrx_word' id='word_1_535' title='bbox 3776 1974 3868 2024; x_wconf 76' lang='grc' dir='ltr'>τοῦ</span> <span class='ocrx_word' id='word_1_536' title='bbox 3893 1972 4039 2042; x_wconf 77' lang='grc' dir='ltr'>βασιο</span> 
     </span>
    </p>
   </div>
   <div class='ocr_carea' id='block_1_75' title="bbox 2472 2063 4035 2137">
    <p class='ocr_par' dir='ltr' id='par_1_75' title="bbox 2472 2063 4035 2137">
     <span class='ocr_line' id='line_1_75' title="bbox 2472 2063 4035 2137; baseline 0.001 -22"><span class='ocrx_word' id='word_1_537' title='bbox 2472 2063 2608 2127; x_wconf 70' lang='grc' dir='ltr'><strong>λέως</strong></span> <span class='ocrx_word' id='word_1_538' title='bbox 2649 2065 2964 2117; x_wconf 79' lang='grc' dir='ltr'>’Δντωνίνου</span> <span class='ocrx_word' id='word_1_539' title='bbox 2996 2066 3177 2127; x_wconf 84' lang='grc' dir='ltr'>παῖδα,</span> <span class='ocrx_word' id='word_1_540' title='bbox 3220 2066 3491 2135; x_wconf 80' lang='grc' dir='ltr'>ὲπίγαμόν</span> <span class='ocrx_word' id='word_1_541' title='bbox 3519 2084 3576 2119; x_wconf 89' lang='grc' dir='ltr'><strong>τε</strong></span> <span class='ocrx_word' id='word_1_542' title='bbox 3608 2067 3708 2137; x_wconf 70' lang='grc' dir='ltr'><strong>ἤδη</strong></span> <span class='ocrx_word' id='word_1_543' title='bbox 3739 2065 3833 2119; x_wconf 72' lang='grc' dir='ltr'><strong>καὶ</strong></span> <span class='ocrx_word' id='word_1_544' title='bbox 3858 2067 4035 2117; x_wconf 62' lang='lat' dir='ltr'><strong>Exui-</strong></span> 
     </span>
    </p>
   </div>
   <div class='ocr_carea' id='block_1_76' title="bbox 2470 2151 4032 2227">
    <p class='ocr_par' dir='ltr' id='par_1_76' title="bbox 2470 2151 4032 2227">
     <span class='ocr_line' id='line_1_76' title="bbox 2470 2151 4032 2227; baseline -0.017 -20"><span class='ocrx_word' id='word_1_545' title='bbox 2470 2154 2684 2207; x_wconf 82' lang='grc' dir='ltr'>δεκέτιν</span> <span class='ocrx_word' id='word_1_546' title='bbox 2714 2151 2898 2219; x_wconf 83' lang='grc' dir='ltr'>οὖσαν,</span> <span class='ocrx_word' id='word_1_547' title='bbox 2942 2157 2975 2225; x_wconf 82' lang='grc' dir='ltr'>ἠ</span> <span class='ocrx_word' id='word_1_548' title='bbox 3009 2154 3172 2224; x_wconf 75' lang='grc' dir='ltr'><strong>Βήρῳ</strong></span> <span class='ocrx_word' id='word_1_549' title='bbox 3209 2157 3309 2224; x_wconf 75' lang='grc' dir='ltr'><strong>μὲν</strong></span> <span class='ocrx_word' id='word_1_550' title='bbox 3350 2158 3563 2227; x_wconf 73' lang='grc' dir='ltr'>Λευκίῳ</span> <span class='ocrx_word' id='word_1_551' title='bbox 3617 2156 3774 2227; x_wconf 53' lang='grc' dir='ltr'>ἀνδρὶ</span> <span class='ocrx_word' id='word_1_552' title='bbox 3828 2173 4032 2224; x_wconf 41' lang='lat' dir='ltr'><strong>Ian”.</strong></span> 
     </span>
    </p>
   </div>
   <div class='ocr_carea' id='block_1_77' title="bbox 2472 2245 4031 2317">
    <p class='ocr_par' dir='ltr' id='par_1_77' title="bbox 2472 2245 4031 2317">
     <span class='ocr_line' id='line_1_77' title="bbox 2472 2245 4031 2317; baseline 0 -19"><span class='ocrx_word' id='word_1_553' title='bbox 2472 2245 2677 2317; x_wconf 80' lang='grc' dir='ltr'>γύητο,</span> <span class='ocrx_word' id='word_1_554' title='bbox 2716 2247 2985 2301; x_wconf 83' lang='grc' dir='ltr'>Λουκίλλα</span> <span class='ocrx_word' id='word_1_555' title='bbox 3024 2248 3079 2301; x_wconf 85' lang='grc' dir='ltr'><strong>δὲ</strong></span> <span class='ocrx_word' id='word_1_556' title='bbox 3110 2249 3356 2302; x_wconf 81' lang='grc' dir='ltr'>ἐκαλεῖτο</span> <span class='ocrx_word' id='word_1_557' title='bbox 3382 2290 3397 2311; x_wconf 86' lang='grc'><strong>,</strong></span> <span class='ocrx_word' id='word_1_558' title='bbox 3449 2249 3637 2302; x_wconf 78' lang='grc' dir='ltr'>κάλλει</span> <span class='ocrx_word' id='word_1_559' title='bbox 3674 2251 3771 2302; x_wconf 68' lang='grc' dir='ltr'>καὶ</span> <span class='ocrx_word' id='word_1_560' title='bbox 3813 2248 4031 2317; x_wconf 75' lang='grc' dir='ltr'><strong>μεγέθει</strong></span> 
     </span>
    </p>
   </div>
   <div class='ocr_carea' id='block_1_78' title="bbox 2470 2339 4030 2411">
    <p class='ocr_par' dir='ltr' id='par_1_78' title="bbox 2470 2339 4030 2411">
     <span class='ocr_line' id='line_1_78' title="bbox 2470 2339 4030 2411; baseline 0.001 -20"><span class='ocrx_word' id='word_1_561' title='bbox 2470 2341 2568 2402; x_wconf 69' lang='grc' dir='ltr'><strong>τὰς</strong></span> <span class='ocrx_word' id='word_1_562' title='bbox 2599 2340 2720 2392; x_wconf 81' lang='grc' dir='ltr'>κατ’</span> <span class='ocrx_word' id='word_1_563' title='bbox 2760 2339 2928 2411; x_wconf 77' lang='grc' dir='ltr'>αὐτὴν</span> <span class='ocrx_word' id='word_1_564' title='bbox 2956 2340 3451 2411; x_wconf 78' lang='grc' dir='ltr'>ὑπερενεγκοῦσαν,</span> <span class='ocrx_word' id='word_1_565' title='bbox 3486 2341 3782 2407; x_wconf 73' lang='grc' dir='ltr'>είςδυεται,</span> <span class='ocrx_word' id='word_1_566' title='bbox 3819 2344 3911 2394; x_wconf 74' lang='grc' dir='ltr'><strong>καὶ</strong></span> <span class='ocrx_word' id='word_1_567' title='bbox 3941 2342 4030 2394; x_wconf 68' lang='grc' dir='ltr'><strong>αὒ-</strong></span> 
     </span>
    </p>
   </div>
   <div class='ocr_carea' id='block_1_79' title="bbox 2468 2431 4032 2502">
    <p class='ocr_par' dir='ltr' id='par_1_79' title="bbox 2468 2431 4032 2502">
     <span class='ocr_line' id='line_1_79' title="bbox 2468 2431 4032 2502; baseline 0 -17"><span class='ocrx_word' id='word_1_568' title='bbox 2468 2432 2594 2485; x_wconf 86' lang='grc' dir='ltr'>τίκα</span> <span class='ocrx_word' id='word_1_569' title='bbox 2618 2432 2863 2498; x_wconf 85' lang='grc' dir='ltr'>ὲκμαίνει</span> <span class='ocrx_word' id='word_1_570' title='bbox 2892 2448 2906 2463; x_wconf 76' lang='grc' dir='ltr'><strong>ο</strong></span> <span class='ocrx_word' id='word_1_571' title='bbox 2949 2431 3024 2495; x_wconf 86' lang='grc' dir='ltr'>ὡς</span> <span class='ocrx_word' id='word_1_572' title='bbox 3055 2432 3418 2502; x_wconf 74' lang='grc' dir='ltr'>ταράττεσθαί</span> <span class='ocrx_word' id='word_1_573' title='bbox 3461 2450 3519 2485; x_wconf 83' lang='grc' dir='ltr'><strong>τε</strong></span> <span class='ocrx_word' id='word_1_574' title='bbox 3564 2433 3657 2485; x_wconf 78' lang='grc' dir='ltr'><strong>καὶ</strong></span> <span class='ocrx_word' id='word_1_575' title='bbox 3696 2434 4032 2491; x_wconf 65' lang='grc' dir='ltr'>καταϐάλλε-</span> 
     </span>
    </p>
   </div>
   <div class='ocr_carea' id='block_1_80' title="bbox 2469 2525 4032 2597">
    <p class='ocr_par' dir='ltr' id='par_1_80' title="bbox 2469 2525 4032 2597">
     <span class='ocr_line' id='line_1_80' title="bbox 2469 2525 4032 2597; baseline 0.001 -21"><span class='ocrx_word' id='word_1_576' title='bbox 2469 2525 2613 2589; x_wconf 85' lang='grc' dir='ltr'>σθαι,</span> <span class='ocrx_word' id='word_1_577' title='bbox 2647 2527 2738 2580; x_wconf 64' lang='grc' dir='ltr'><strong>καὶ</strong></span> <span class='ocrx_word' id='word_1_578' title='bbox 2768 2526 2947 2579; x_wconf 80' lang='grc' dir='ltr'><strong>ὀδοῦσι</strong></span> <span class='ocrx_word' id='word_1_579' title='bbox 2970 2525 3077 2578; x_wconf 89' lang='grc' dir='ltr'><strong>τῶν</strong></span> <span class='ocrx_word' id='word_1_580' title='bbox 3091 2526 3289 2597; x_wconf 85' lang='grc' dir='ltr'>χειρῶν</span> <span class='ocrx_word' id='word_1_581' title='bbox 3313 2526 3597 2587; x_wconf 78' lang='grc' dir='ltr'>ἅπτεσθαι,</span> <span class='ocrx_word' id='word_1_582' title='bbox 3628 2527 3725 2579; x_wconf 72' lang='grc' dir='ltr'><strong>καί⁵</strong></span> <span class='ocrx_word' id='word_1_583' title='bbox 3746 2530 3847 2588; x_wconf 75' lang='grc' dir='ltr'>τὰς</span> <span class='ocrx_word' id='word_1_584' title='bbox 3871 2529 4032 2595; x_wconf 72' lang='grc' dir='ltr'>αὐτῆς</span> 
     </span>
    </p>
   </div>
   <div class='ocr_carea' id='block_1_81' title="bbox 2470 2616 4037 2688">
    <p class='ocr_par' dir='ltr' id='par_1_81' title="bbox 2470 2616 4037 2688">
     <span class='ocr_line' id='line_1_81' title="bbox 2470 2616 4037 2688; baseline -0.001 -18"><span class='ocrx_word' id='word_1_585' title='bbox 2470 2618 2681 2688; x_wconf 83' lang='grc' dir='ltr'>σάρκας</span> <span class='ocrx_word' id='word_1_586' title='bbox 2704 2618 3103 2687; x_wconf 79' lang='grc' dir='ltr'>διαμασᾶσθαι.</span> <span class='ocrx_word' id='word_1_587' title='bbox 3144 2618 3208 2669; x_wconf 83' lang='grc' dir='ltr'><strong><em>Ἦ</em></strong></span> <span class='ocrx_word' id='word_1_588' title='bbox 3235 2616 3327 2670; x_wconf 80' lang='grc' dir='ltr'><strong>οὖν</strong></span> <span class='ocrx_word' id='word_1_589' title='bbox 3356 2619 3536 2686; x_wconf 74' lang='grc' dir='ltr'>μήτηρ</span> <span class='ocrx_word' id='word_1_590' title='bbox 3563 2618 3843 2669; x_wconf 76' lang='grc' dir='ltr'>Φαυστίνα</span> <span class='ocrx_word' id='word_1_591' title='bbox 3864 2620 4037 2683; x_wconf 71' lang='grc' dir='ltr'>(τοῦτο</span> 
     </span>
    </p>
   </div>
   <div class='ocr_carea' id='block_1_82' title="bbox 2466 2706 4038 2778">
    <p class='ocr_par' dir='ltr' id='par_1_82' title="bbox 2466 2706 4038 2778">
     <span class='ocr_line' id='line_1_82' title="bbox 2466 2706 4038 2778; baseline 0 -17"><span class='ocrx_word' id='word_1_592' title='bbox 2466 2708 2574 2777; x_wconf 83' lang='grc' dir='ltr'>γὰρ</span> <span class='ocrx_word' id='word_1_593' title='bbox 2613 2706 2681 2778; x_wconf 75' lang='grc' dir='ltr'>ἦν</span> <span class='ocrx_word' id='word_1_594' title='bbox 2704 2710 2872 2776; x_wconf 79' lang='grc' dir='ltr'>ὄνομα</span> <span class='ocrx_word' id='word_1_595' title='bbox 2890 2712 2954 2777; x_wconf 84' lang='grc' dir='ltr'>τῇ</span> <span class='ocrx_word' id='word_1_596' title='bbox 2980 2706 3288 2777; x_wconf 77' lang='grc' dir='ltr'>Αὑγούστῃ)</span> <span class='ocrx_word' id='word_1_597' title='bbox 3310 2709 3452 2777; x_wconf 79' lang='grc' dir='ltr'><strong>λύπῃ</strong></span> <span class='ocrx_word' id='word_1_598' title='bbox 3479 2708 3575 2759; x_wconf 79' lang='grc' dir='ltr'><strong>σὺν</strong></span> <span class='ocrx_word' id='word_1_599' title='bbox 3621 2708 3931 2778; x_wconf 77' lang='grc' dir='ltr'>’Δντωνίνῳ</span> <span class='ocrx_word' id='word_1_600' title='bbox 3955 2712 4038 2761; x_wconf 80' lang='grc' dir='ltr'><strong>καί</strong></span> 
     </span>
    </p>
   </div>
   <div class='ocr_carea' id='block_1_83' title="bbox 2466 2800 4041 2873">
    <p class='ocr_par' dir='ltr' id='par_1_83' title="bbox 2466 2800 4041 2873">
     <span class='ocr_line' id='line_1_83' title="bbox 2466 2800 4041 2873; baseline 0.002 -21"><span class='ocrx_word' id='word_1_601' title='bbox 2466 2802 2668 2871; x_wconf 74' lang='grc' dir='ltr'>ἀπορίᾳ</span> <span class='ocrx_word' id='word_1_602' title='bbox 2698 2800 2887 2863; x_wconf 84' lang='grc' dir='ltr'>δεινῶς</span> <span class='ocrx_word' id='word_1_603' title='bbox 2923 2800 3148 2871; x_wconf 73' lang='grc' dir='ltr'>εἴχοντο,</span> <span class='ocrx_word' id='word_1_604' title='bbox 3200 2801 3294 2853; x_wconf 82' lang='grc' dir='ltr'>καὶ</span> <span class='ocrx_word' id='word_1_605' title='bbox 3348 2801 3634 2871; x_wconf 68' lang='grc' dir='ltr'>συμφορὰν</span> <span class='ocrx_word' id='word_1_606' title='bbox 3685 2803 3933 2873; x_wconf 75' lang='grc' dir='ltr'>ἐσχάτην</span> <span class='ocrx_word' id='word_1_607' title='bbox 3984 2807 4041 2856; x_wconf 68' lang='grc' dir='ltr'>τὸ</span> 
     </span>
    </p>
   </div>
   <div class='ocr_carea' id='block_1_84' title="bbox 2467 2891 4040 2965">
    <p class='ocr_par' dir='ltr' id='par_1_84' title="bbox 2467 2891 4040 2965">
     <span class='ocr_line' id='line_1_84' title="bbox 2467 2891 4040 2965; baseline 0.002 -22"><span class='ocrx_word' id='word_1_608' title='bbox 2467 2895 2697 2963; x_wconf 72' lang='grc' dir='ltr'>πρᾶγμα</span> <span class='ocrx_word' id='word_1_609' title='bbox 2724 2892 2970 2947; x_wconf 77' lang='grc' dir='ltr'>ἐτίθεντο</span> <span class='ocrx_word' id='word_1_610' title='bbox 2999 2909 3014 2925; x_wconf 78' lang='lat'><strong><em>°</em></strong></span> <span class='ocrx_word' id='word_1_611' title='bbox 3050 2891 3117 2965; x_wconf 81' lang='grc' dir='ltr'>ἦν</span> <span class='ocrx_word' id='word_1_612' title='bbox 3139 2893 3193 2947; x_wconf 82' lang='grc' dir='ltr'><strong>δὲ</strong></span> <span class='ocrx_word' id='word_1_613' title='bbox 3226 2893 3286 2946; x_wconf 82' lang='grc' dir='ltr'>τὸ</span> <span class='ocrx_word' id='word_1_614' title='bbox 3335 2895 3572 2963; x_wconf 79' lang='grc' dir='ltr'>μάλιστα</span> <span class='ocrx_word' id='word_1_615' title='bbox 3604 2895 3797 2959; x_wconf 77' lang='grc' dir='ltr'>αὐτοῖς</span> <span class='ocrx_word' id='word_1_616' title='bbox 3840 2899 4040 2951; x_wconf 77' lang='grc' dir='ltr'>ἐπιτεῖ-</span> 
     </span>
    </p>
   </div>
   <div class='ocr_carea' id='block_1_85' title="bbox 2464 2985 4039 3057">
    <p class='ocr_par' dir='ltr' id='par_1_85' title="bbox 2464 2985 4039 3057">
     <span class='ocr_line' id='line_1_85' title="bbox 2464 2985 4039 3057; baseline 0.001 -19"><span class='ocrx_word' id='word_1_617' title='bbox 2464 3002 2553 3038; x_wconf 83' lang='grc' dir='ltr'><strong>νον</strong></span> <span class='ocrx_word' id='word_1_618' title='bbox 2613 2986 2710 3056; x_wconf 83' lang='grc' dir='ltr'><strong>τὴν</strong></span> <span class='ocrx_word' id='word_1_619' title='bbox 2746 2986 2985 3057; x_wconf 82' lang='grc' dir='ltr'>ἀθυμίαν</span> <span class='ocrx_word' id='word_1_620' title='bbox 3030 2988 3061 3056; x_wconf 80' lang='grc' dir='ltr'>ὴ</span> <span class='ocrx_word' id='word_1_621' title='bbox 3099 2985 3234 3056; x_wconf 80' lang='grc' dir='ltr'>πρὸς</span> <span class='ocrx_word' id='word_1_622' title='bbox 3278 2988 3369 3040; x_wconf 75' lang='grc' dir='ltr'><strong>τὸν</strong></span> <span class='ocrx_word' id='word_1_623' title='bbox 3431 2987 3667 3039; x_wconf 75' lang='grc' dir='ltr'>Λεύκιον</span> <span class='ocrx_word' id='word_1_624' title='bbox 3714 2988 3817 3053; x_wconf 74' lang='grc' dir='ltr'>τῆς</span> <span class='ocrx_word' id='word_1_625' title='bbox 3876 2988 4039 3056; x_wconf 78' lang='grc' dir='ltr'>κόρης</span> 
     </span>
    </p>
   </div>
   <div class='ocr_carea' id='block_1_86' title="bbox 2469 3074 4037 3145">
    <p class='ocr_par' dir='ltr' id='par_1_86' title="bbox 2469 3074 4037 3145">
     <span class='ocr_line' id='line_1_86' title="bbox 2469 3074 4037 3145; baseline 0 -18"><span class='ocrx_word' id='word_1_626' title='bbox 2469 3078 2757 3145; x_wconf 73' lang='grc' dir='ltr'>μνηστεία.</span> <span class='ocrx_word' id='word_1_627' title='bbox 2801 3075 3002 3128; x_wconf 80' lang='grc' dir='ltr'>Τοῦτον</span> <span class='ocrx_word' id='word_1_628' title='bbox 3029 3076 3136 3144; x_wconf 78' lang='grc' dir='ltr'>γὰρ</span> <span class='ocrx_word' id='word_1_629' title='bbox 3169 3074 3497 3128; x_wconf 78' lang='grc' dir='ltr'>ἀπεστάλκει</span> <span class='ocrx_word' id='word_1_630' title='bbox 3560 3076 3658 3142; x_wconf 86' lang='grc' dir='ltr'><strong>μὲν</strong></span> <span class='ocrx_word' id='word_1_631' title='bbox 3722 3078 4037 3139; x_wconf 74' lang='grc' dir='ltr'>Ἀντωνῖνος</span> 
     </span>
    </p>
   </div>
   <div class='ocr_carea' id='block_1_87' title="bbox 2463 3164 4038 3238">
    <p class='ocr_par' dir='ltr' id='par_1_87' title="bbox 2463 3164 4038 3238">
     <span class='ocr_line' id='line_1_87' title="bbox 2463 3164 4038 3238; baseline 0.004 -25"><span class='ocrx_word' id='word_1_632' title='bbox 2463 3169 2562 3236; x_wconf 66' lang='grc' dir='ltr'><strong>ἤδη</strong></span> <span class='ocrx_word' id='word_1_633' title='bbox 2596 3169 2731 3237; x_wconf 66' lang='grc' dir='ltr'>πρὸς</span> <span class='ocrx_word' id='word_1_634' title='bbox 2776 3167 2874 3235; x_wconf 87' lang='grc' dir='ltr'>τὴν</span> <span class='ocrx_word' id='word_1_635' title='bbox 2916 3164 3085 3235; x_wconf 81' lang='grc' dir='ltr'>Ἐᾠαν</span> <span class='ocrx_word' id='word_1_636' title='bbox 3121 3165 3360 3235; x_wconf 76' lang='grc' dir='ltr'>πόλεμον</span> <span class='ocrx_word' id='word_1_637' title='bbox 3397 3166 3791 3235; x_wconf 79' lang='grc' dir='ltr'>συμϐαλοῦντα</span> <span class='ocrx_word' id='word_1_638' title='bbox 3835 3168 3918 3238; x_wconf 77' lang='grc' dir='ltr'>τῷ</span> <span class='ocrx_word' id='word_1_639' title='bbox 3949 3169 4038 3235; x_wconf 79' lang='grc' dir='ltr'><strong>βα-</strong></span> 
     </span>
    </p>
   </div>
   <div class='ocr_carea' id='block_1_88' title="bbox 2462 3255 4038 3328">
    <p class='ocr_par' dir='ltr' id='par_1_88' title="bbox 2462 3255 4038 3328">
     <span class='ocr_line' id='line_1_88' title="bbox 2462 3255 4038 3328; baseline 0.001 -20"><span class='ocrx_word' id='word_1_640' title='bbox 2462 3256 2598 3309; x_wconf 80' lang='grc' dir='ltr'>σιλεῖ</span> <span class='ocrx_word' id='word_1_641' title='bbox 2629 3256 2964 3325; x_wconf 80' lang='grc' dir='ltr'>Βουλγέσσῳ.</span> <span class='ocrx_word' id='word_1_642' title='bbox 3020 3255 3266 3327; x_wconf 78' lang='grc' dir='ltr'>’Υπῆρχε</span> <span class='ocrx_word' id='word_1_643' title='bbox 3301 3258 3357 3310; x_wconf 81' lang='grc' dir='ltr'><strong>δὲ</strong></span> <span class='ocrx_word' id='word_1_644' title='bbox 3386 3256 3635 3326; x_wconf 79' lang='grc' dir='ltr'>ἀλλήλοις</span> <span class='ocrx_word' id='word_1_645' title='bbox 3670 3261 4038 3328; x_wconf 64' lang='grc' dir='ltr'>συγκείμενον</span> 
     </span>
    </p>
   </div>
   <div class='ocr_carea' id='block_1_89' title="bbox 2458 3345 4037 3419">
    <p class='ocr_par' dir='ltr' id='par_1_89' title="bbox 2458 3345 4037 3419">
     <span class='ocr_line' id='line_1_89' title="bbox 2458 3345 4037 3419; baseline 0.005 -23"><span class='ocrx_word' id='word_1_646' title='bbox 2458 3345 2601 3398; x_wconf 86' lang='grc' dir='ltr'>κατά</span> <span class='ocrx_word' id='word_1_647' title='bbox 2631 3361 2781 3409; x_wconf 78' lang='grc' dir='ltr'>τινας</span> <span class='ocrx_word' id='word_1_648' title='bbox 2830 3347 2999 3416; x_wconf 73' lang='grc' dir='ltr'>ῥητὰς</span> <span class='ocrx_word' id='word_1_649' title='bbox 3027 3348 3264 3416; x_wconf 78' lang='grc' dir='ltr'>ἡμέρας,</span> <span class='ocrx_word' id='word_1_650' title='bbox 3308 3347 3400 3399; x_wconf 69' lang='grc' dir='ltr'>τὸν</span> <span class='ocrx_word' id='word_1_651' title='bbox 3447 3348 3545 3417; x_wconf 83' lang='grc' dir='ltr'>μὲν</span> <span class='ocrx_word' id='word_1_652' title='bbox 3580 3350 3691 3401; x_wconf 80' lang='grc' dir='ltr'><strong>ἀπὸ</strong></span> <span class='ocrx_word' id='word_1_653' title='bbox 3750 3350 3857 3419; x_wconf 81' lang='grc' dir='ltr'>τῆς</span> <span class='ocrx_word' id='word_1_654' title='bbox 3906 3352 4037 3414; x_wconf 82' lang='grc' dir='ltr'><strong>Ἕω,</strong></span> 
     </span>
    </p>
   </div>
   <div class='ocr_carea' id='block_1_90' title="bbox 2455 3435 4039 3508">
    <p class='ocr_par' dir='ltr' id='par_1_90' title="bbox 2455 3435 4039 3508">
     <span class='ocr_line' id='line_1_90' title="bbox 2455 3435 4039 3508; baseline -0.006 -18"><span class='ocrx_word' id='word_1_655' title='bbox 2455 3440 2545 3490; x_wconf 77' lang='grc' dir='ltr'><strong>τὸν</strong></span> <span class='ocrx_word' id='word_1_656' title='bbox 2573 3440 2821 3499; x_wconf 83' lang='grc' dir='ltr'>Λεύκιον,</span> <span class='ocrx_word' id='word_1_657' title='bbox 2849 3438 2940 3489; x_wconf 83' lang='grc' dir='ltr'><strong>τὸν</strong></span> <span class='ocrx_word' id='word_1_658' title='bbox 2964 3437 3019 3488; x_wconf 86' lang='grc' dir='ltr'><strong>δὲ</strong></span> <span class='ocrx_word' id='word_1_659' title='bbox 3047 3437 3153 3488; x_wconf 79' lang='grc' dir='ltr'>ἀπὸ</span> <span class='ocrx_word' id='word_1_660' title='bbox 3195 3435 3413 3506; x_wconf 82' lang='grc' dir='ltr'><strong>Ῥώμης</strong></span> <span class='ocrx_word' id='word_1_661' title='bbox 3462 3442 3561 3507; x_wconf 74' lang='grc' dir='ltr'>τὴν</span> <span class='ocrx_word' id='word_1_662' title='bbox 3607 3441 3851 3508; x_wconf 74' lang='grc' dir='ltr'>Ἔφεσον</span> <span class='ocrx_word' id='word_1_663' title='bbox 3875 3460 4039 3495; x_wconf 65' lang='grc' dir='ltr'><strong>κατα.</strong></span> 
     </span>
    </p>
   </div>
   <div class='ocr_carea' id='block_1_91' title="bbox 2456 3527 4035 3603">
    <p class='ocr_par' dir='ltr' id='par_1_91' title="bbox 2456 3527 4035 3603">
     <span class='ocr_line' id='line_1_91' title="bbox 2456 3527 4035 3603; baseline 0.006 -25"><span class='ocrx_word' id='word_1_664' title='bbox 2456 3528 2639 3580; x_wconf 75' lang='grc' dir='ltr'>λαῦεῖν</span> <span class='ocrx_word' id='word_1_665' title='bbox 2664 3546 2678 3560; x_wconf 84' lang='grc'><em>’</em></span> <span class='ocrx_word' id='word_1_666' title='bbox 2709 3529 2804 3581; x_wconf 78' lang='grc' dir='ltr'><strong>καὶ</strong></span> <span class='ocrx_word' id='word_1_667' title='bbox 2842 3529 2899 3580; x_wconf 80' lang='grc' dir='ltr'><strong>ἐν</strong></span> <span class='ocrx_word' id='word_1_668' title='bbox 2933 3527 3010 3598; x_wconf 85' lang='grc' dir='ltr'>τῷ</span> <span class='ocrx_word' id='word_1_669' title='bbox 3039 3529 3163 3581; x_wconf 83' lang='grc' dir='ltr'>κατ’</span> <span class='ocrx_word' id='word_1_670' title='bbox 3192 3528 3364 3595; x_wconf 82' lang='grc' dir='ltr'>αὐτὴν</span> <span class='ocrx_word' id='word_1_671' title='bbox 3395 3530 3506 3598; x_wconf 68' lang='grc' dir='ltr'><strong>ναῷ</strong></span> <span class='ocrx_word' id='word_1_672' title='bbox 3534 3529 3636 3599; x_wconf 81' lang='grc' dir='ltr'>τῆς</span> <span class='ocrx_word' id='word_1_673' title='bbox 3687 3534 4035 3603; x_wconf 78' lang='grc' dir='ltr'>Ἀρτέμιδος.</span> 
     </span>
    </p>
   </div>
   <div class='ocr_carea' id='block_1_92' title="bbox 2454 3620 4037 3693">
    <p class='ocr_par' dir='ltr' id='par_1_92' title="bbox 2454 3620 4037 3693">
     <span class='ocr_line' id='line_1_92' title="bbox 2454 3620 4037 3693; baseline 0.002 -20"><span class='ocrx_word' id='word_1_674' title='bbox 2454 3620 2545 3673; x_wconf 75' lang='grc' dir='ltr'><strong>τὸν</strong></span> <span class='ocrx_word' id='word_1_675' title='bbox 2607 3622 2706 3689; x_wconf 86' lang='grc' dir='ltr'><strong>μὲν</strong></span> <span class='ocrx_word' id='word_1_676' title='bbox 2743 3622 2845 3674; x_wconf 85' lang='grc' dir='ltr'>ὑπὸ</span> <span class='ocrx_word' id='word_1_677' title='bbox 2892 3621 3129 3693; x_wconf 84' lang='grc' dir='ltr'>μάρτυρι</span> <span class='ocrx_word' id='word_1_678' title='bbox 3170 3624 3237 3692; x_wconf 79' lang='grc' dir='ltr'>τῇ</span> <span class='ocrx_word' id='word_1_679' title='bbox 3291 3620 3395 3692; x_wconf 83' lang='grc' dir='ltr'>θεῷ</span> <span class='ocrx_word' id='word_1_680' title='bbox 3432 3624 3774 3677; x_wconf 72' lang='grc' dir='ltr'>καταθέσθαι</span> <span class='ocrx_word' id='word_1_681' title='bbox 3822 3630 4037 3693; x_wconf 73' lang='grc' dir='ltr'>Λευκίῳ</span> 
     </span>
    </p>
   </div>
   <div class='ocr_carea' id='block_1_93' title="bbox 2453 3710 4035 3781">
    <p class='ocr_par' dir='ltr' id='par_1_93' title="bbox 2453 3710 4035 3781">
     <span class='ocr_line' id='line_1_93' title="bbox 2453 3710 4035 3781; baseline 0.004 -18"><span class='ocrx_word' id='word_1_682' title='bbox 2453 3710 2553 3781; x_wconf 81' lang='grc' dir='ltr'><strong>τὴν</strong></span> <span class='ocrx_word' id='word_1_683' title='bbox 2576 3711 2763 3775; x_wconf 82' lang='grc' dir='ltr'>παῖδα,</span> <span class='ocrx_word' id='word_1_684' title='bbox 2791 3712 2881 3765; x_wconf 84' lang='grc' dir='ltr'><strong>τὸν</strong></span> <span class='ocrx_word' id='word_1_685' title='bbox 2904 3712 2961 3765; x_wconf 86' lang='grc' dir='ltr'><strong>δέ</strong></span> <span class='ocrx_word' id='word_1_686' title='bbox 2987 3713 3267 3778; x_wconf 78' lang='grc' dir='ltr'>δέξασθαι.</span> <span class='ocrx_word' id='word_1_687' title='bbox 3301 3713 3450 3766; x_wconf 78' lang='grc' dir='ltr'>Ἐπεὶ</span> <span class='ocrx_word' id='word_1_688' title='bbox 3473 3712 3565 3767; x_wconf 81' lang='grc' dir='ltr'><strong>οὖν</strong></span> <span class='ocrx_word' id='word_1_689' title='bbox 3581 3716 3610 3767; x_wconf 82' lang='grc' dir='ltr'>ὁ</span> <span class='ocrx_word' id='word_1_690' title='bbox 3630 3714 3873 3780; x_wconf 68' lang='grc' dir='ltr'>Λεύκιος</span> <span class='ocrx_word' id='word_1_691' title='bbox 3905 3723 4035 3771; x_wconf 55' lang='grc' dir='ltr'>κατὰ</span> 
     </span>
    </p>
   </div>
   <div class='ocr_carea' id='block_1_94' title="bbox 2453 3802 4035 3877">
    <p class='ocr_par' dir='ltr' id='par_1_94' title="bbox 2453 3802 4035 3877">
     <span class='ocr_line' id='line_1_94' title="bbox 2453 3802 4035 3877; baseline 0 -16"><span class='ocrx_word' id='word_1_692' title='bbox 2453 3808 2550 3870; x_wconf 85' lang='grc' dir='ltr'>τὰς</span> <span class='ocrx_word' id='word_1_693' title='bbox 2577 3805 2853 3874; x_wconf 79' lang='grc' dir='ltr'>συνθήκας</span> <span class='ocrx_word' id='word_1_694' title='bbox 2890 3802 3042 3857; x_wconf 76' lang='grc' dir='ltr'><strong>ἔπλει</strong></span> <span class='ocrx_word' id='word_1_695' title='bbox 3072 3805 3210 3873; x_wconf 85' lang='grc' dir='ltr'>πρὸς</span> <span class='ocrx_word' id='word_1_696' title='bbox 3234 3805 3333 3874; x_wconf 85' lang='grc' dir='ltr'>τὴν</span> <span class='ocrx_word' id='word_1_697' title='bbox 3370 3805 3608 3873; x_wconf 77' lang='grc' dir='ltr'>Ἔφεσον</span> <span class='ocrx_word' id='word_1_698' title='bbox 3643 3808 4035 3877; x_wconf 78' lang='grc' dir='ltr'>ἐπειγόμενος,</span> 
     </span>
    </p>
   </div>
   <div class='ocr_carea' id='block_1_95' title="bbox 2454 3898 4035 3970">
    <p class='ocr_par' dir='ltr' id='par_1_95' title="bbox 2454 3898 4035 3970">
     <span class='ocr_line' id='line_1_95' title="bbox 2454 3898 4035 3970; baseline 0 -18"><span class='ocrx_word' id='word_1_699' title='bbox 2454 3901 2553 3952; x_wconf 81' lang='grc' dir='ltr'>οὐκ</span> <span class='ocrx_word' id='word_1_700' title='bbox 2584 3899 2723 3968; x_wconf 72' lang='grc' dir='ltr'>ἔχων</span> <span class='ocrx_word' id='word_1_701' title='bbox 2747 3899 2775 3951; x_wconf 86' lang='grc' dir='ltr'><strong><em>ὃ</em></strong></span> <span class='ocrx_word' id='word_1_702' title='bbox 2800 3914 2853 3950; x_wconf 86' lang='grc' dir='ltr'><strong>τι</strong></span> <span class='ocrx_word' id='word_1_703' title='bbox 2883 3900 3149 3967; x_wconf 84' lang='grc' dir='ltr'>χρήσαιτο</span> <span class='ocrx_word' id='word_1_704' title='bbox 3176 3898 3352 3968; x_wconf 82' lang='grc' dir='ltr'>ἐαυτῷ</span> <span class='ocrx_word' id='word_1_705' title='bbox 3398 3899 3721 3960; x_wconf 81' lang='grc' dir='ltr'>Ἀντωνῖνος</span> <span class='ocrx_word' id='word_1_706' title='bbox 3758 3900 4035 3970; x_wconf 74' lang='grc' dir='ltr'>δαιμονῶ-</span> 
     </span>
    </p>
   </div>
   <div class='ocr_carea' id='block_1_96' title="bbox 2456 3978 4035 4060">
    <p class='ocr_par' dir='ltr' id='par_1_96' title="bbox 2456 3978 4035 4060">
     <span class='ocr_line' id='line_1_96' title="bbox 2456 3978 4035 4060; baseline 0 -19"><span class='ocrx_word' id='word_1_707' title='bbox 2456 4008 2554 4060; x_wconf 62' lang='lat' dir='ltr'><strong>om;</strong></span> <span class='ocrx_word' id='word_1_708' title='bbox 2587 3989 2733 4058; x_wconf 80' lang='grc' dir='ltr'>αὑτῷ</span> <span class='ocrx_word' id='word_1_709' title='bbox 2759 3979 2855 4057; x_wconf 79' lang='grc' dir='ltr'><strong>τῆς</strong></span> <span class='ocrx_word' id='word_1_710' title='bbox 2878 3989 3068 4050; x_wconf 85' lang='grc' dir='ltr'>παιδὸς</span> <span class='ocrx_word' id='word_1_711' title='bbox 3095 3991 3367 4058; x_wconf 72' lang='grc' dir='ltr'>προφάσει</span> <span class='ocrx_word' id='word_1_712' title='bbox 3396 3978 3757 4060; x_wconf 64' lang='grc' dir='ltr'>διακρούεται</span> <span class='ocrx_word' id='word_1_713' title='bbox 3791 3994 3894 4043; x_wconf 63' lang='grc' dir='ltr'><strong>τον</strong></span> <span class='ocrx_word' id='word_1_714' title='bbox 3920 4010 4035 4042; x_wconf 76' lang='grc' dir='ltr'>και-</span> 
     </span>
    </p>
   </div>
   <div class='ocr_carea' id='block_1_97' title="bbox 2455 4078 4034 4155">
    <p class='ocr_par' dir='ltr' id='par_1_97' title="bbox 2455 4078 4034 4155">
     <span class='ocr_line' id='line_1_97' title="bbox 2455 4078 4034 4155; baseline -0.003 -19"><span class='ocrx_word' id='word_1_715' title='bbox 2455 4086 2568 4155; x_wconf 86' lang='grc' dir='ltr'>ρὸν,</span> <span class='ocrx_word' id='word_1_716' title='bbox 2604 4081 2822 4151; x_wconf 75' lang='grc' dir='ltr'>γράψας</span> <span class='ocrx_word' id='word_1_717' title='bbox 2861 4080 3077 4148; x_wconf 81' lang='grc' dir='ltr'>Λευκίῳ</span> <span class='ocrx_word' id='word_1_718' title='bbox 3131 4078 3205 4140; x_wconf 79' lang='grc' dir='ltr'>ὠς</span> <span class='ocrx_word' id='word_1_719' title='bbox 3232 4081 3294 4132; x_wconf 75' lang='grc' dir='ltr'>τὸ</span> <span class='ocrx_word' id='word_1_720' title='bbox 3324 4079 3622 4150; x_wconf 80' lang='grc' dir='ltr'>Γερμανῶν</span> <span class='ocrx_word' id='word_1_721' title='bbox 3654 4081 3818 4146; x_wconf 71' lang='grc' dir='ltr'>ἔθνος</span> <span class='ocrx_word' id='word_1_722' title='bbox 3846 4084 4034 4136; x_wconf 67' lang='grc' dir='ltr'>διαῦαν</span> 
     </span>
    </p>
   </div>
   <div class='ocr_carea' id='block_1_98' title="bbox 2451 4171 4032 4246">
    <p class='ocr_par' dir='ltr' id='par_1_98' title="bbox 2451 4171 4032 4246">
     <span class='ocr_line' id='line_1_98' title="bbox 2451 4171 4032 4246; baseline 0 -16"><span class='ocrx_word' id='word_1_723' title='bbox 2451 4177 2542 4231; x_wconf 81' lang='grc' dir='ltr'>τὸν</span> <span class='ocrx_word' id='word_1_724' title='bbox 2580 4176 2792 4246; x_wconf 81' lang='grc' dir='ltr'>Ῥῆνον,</span> <span class='ocrx_word' id='word_1_725' title='bbox 2824 4175 2923 4237; x_wconf 85' lang='grc' dir='ltr'><strong>τάς</strong></span> <span class='ocrx_word' id='word_1_726' title='bbox 2952 4189 3012 4226; x_wconf 86' lang='grc' dir='ltr'><strong>τε</strong></span> <span class='ocrx_word' id='word_1_727' title='bbox 3045 4172 3228 4235; x_wconf 75' lang='grc' dir='ltr'>πόλεις</span> <span class='ocrx_word' id='word_1_728' title='bbox 3264 4171 3552 4243; x_wconf 81' lang='grc' dir='ltr'>Ῥωμαίων</span> <span class='ocrx_word' id='word_1_729' title='bbox 3575 4176 3674 4228; x_wconf 79' lang='grc' dir='ltr'><strong>καὶ</strong></span> <span class='ocrx_word' id='word_1_730' title='bbox 3708 4178 3816 4240; x_wconf 74' lang='grc' dir='ltr'><strong>τὰς</strong></span> <span class='ocrx_word' id='word_1_731' title='bbox 3845 4178 4032 4245; x_wconf 71' lang='grc' dir='ltr'>κώμας</span> 
     </span>
    </p>
   </div>
   <div class='ocr_carea' id='block_1_99' title="bbox 2452 4266 4031 4339">
    <p class='ocr_par' dir='ltr' id='par_1_99' title="bbox 2452 4266 4031 4339">
     <span class='ocr_line' id='line_1_99' title="bbox 2452 4266 4031 4339; baseline 0 -18"><span class='ocrx_word' id='word_1_732' title='bbox 2452 4272 2728 4339; x_wconf 74' lang='grc' dir='ltr'>λη’ἰζεταιο</span> <span class='ocrx_word' id='word_1_733' title='bbox 2767 4267 3061 4321; x_wconf 76' lang='grc' dir='ltr'>κάντεῦθεν</span> <span class='ocrx_word' id='word_1_734' title='bbox 3104 4266 3239 4337; x_wconf 82' lang='grc' dir='ltr'><strong>μηδὲ</strong></span> <span class='ocrx_word' id='word_1_735' title='bbox 3270 4268 3412 4319; x_wconf 80' lang='grc' dir='ltr'>κατᾶ</span> <span class='ocrx_word' id='word_1_736' title='bbox 3444 4267 3512 4319; x_wconf 75' lang='grc' dir='ltr'><strong>τά</strong></span> <span class='ocrx_word' id='word_1_737' title='bbox 3560 4269 3921 4339; x_wconf 72' lang='grc' dir='ltr'>συγκείμενα</span> <span class='ocrx_word' id='word_1_738' title='bbox 3949 4271 4031 4321; x_wconf 74' lang='grc' dir='ltr'><strong>δύ-</strong></span> 
     </span>
    </p>
   </div>
   <div class='ocr_carea' id='block_1_100' title="bbox 2450 4358 4028 4433">
    <p class='ocr_par' dir='ltr' id='par_1_100' title="bbox 2450 4358 4028 4433">
     <span class='ocr_line' id='line_1_100' title="bbox 2450 4358 4028 4433; baseline -0.001 -20"><span class='ocrx_word' id='word_1_739' title='bbox 2450 4359 2646 4415; x_wconf 85' lang='grc' dir='ltr'>νασθαι</span> <span class='ocrx_word' id='word_1_740' title='bbox 2673 4358 2765 4411; x_wconf 82' lang='grc' dir='ltr'>νῦν</span> <span class='ocrx_word' id='word_1_741' title='bbox 2787 4359 2867 4418; x_wconf 84' lang='grc' dir='ltr'><strong>είς</strong></span> <span class='ocrx_word' id='word_1_742' title='bbox 2894 4359 3129 4426; x_wconf 77' lang='grc' dir='ltr'>Ἔφεσον</span> <span class='ocrx_word' id='word_1_743' title='bbox 3172 4360 3307 4429; x_wconf 78' lang='grc' dir='ltr'><strong>μετὰ</strong></span> <span class='ocrx_word' id='word_1_744' title='bbox 3336 4359 3433 4427; x_wconf 84' lang='grc' dir='ltr'>τῆς</span> <span class='ocrx_word' id='word_1_745' title='bbox 3453 4360 3646 4423; x_wconf 77' lang='grc' dir='ltr'>παιδὸς</span> <span class='ocrx_word' id='word_1_746' title='bbox 3670 4365 4028 4433; x_wconf 75' lang='grc' dir='ltr'>συνδραμεῖν,</span> 
     </span>
    </p>
   </div>
   <div class='ocr_carea' id='block_1_101' title="bbox 2454 4448 4028 4521">
    <p class='ocr_par' dir='ltr' id='par_1_101' title="bbox 2454 4448 4028 4521">
     <span class='ocr_line' id='line_1_101' title="bbox 2454 4448 4028 4521; baseline -0.001 -15"><span class='ocrx_word' id='word_1_747' title='bbox 2454 4451 2569 4506; x_wconf 76' lang='grc' dir='ltr'><strong>ἀλλ’</strong></span> <span class='ocrx_word' id='word_1_748' title='bbox 2599 4456 2675 4513; x_wconf 78' lang='grc' dir='ltr'>εἰς</span> <span class='ocrx_word' id='word_1_749' title='bbox 2704 4450 2765 4503; x_wconf 78' lang='grc' dir='ltr'><strong>τὸ</strong></span> <span class='ocrx_word' id='word_1_750' title='bbox 2792 4448 2945 4504; x_wconf 81' lang='grc' dir='ltr'>ἐπιὸν</span> <span class='ocrx_word' id='word_1_751' title='bbox 2972 4448 3110 4511; x_wconf 70' lang='grc' dir='ltr'>ἔτος.</span> <span class='ocrx_word' id='word_1_752' title='bbox 3140 4448 3229 4519; x_wconf 85' lang='grc' dir='ltr'><strong>Τῷ</strong></span> <span class='ocrx_word' id='word_1_753' title='bbox 3253 4449 3331 4512; x_wconf 84' lang='grc' dir='ltr'><strong>δέ,</strong></span> <span class='ocrx_word' id='word_1_754' title='bbox 3356 4449 3540 4518; x_wconf 82' lang='grc' dir='ltr'>ἐπειδὴ</span> <span class='ocrx_word' id='word_1_755' title='bbox 3569 4455 3719 4505; x_wconf 78' lang='grc' dir='ltr'><strong>κατὰ</strong></span> <span class='ocrx_word' id='word_1_756' title='bbox 3752 4456 3927 4521; x_wconf 74' lang='grc' dir='ltr'>μέσον</span> <span class='ocrx_word' id='word_1_757' title='bbox 3952 4459 4028 4506; x_wconf 67' lang='grc' dir='ltr'><strong>τιν</strong></span> 
     </span>
    </p>
   </div>
   <div class='ocr_carea' id='block_1_102' title="bbox 2455 4542 4028 4617">
    <p class='ocr_par' dir='ltr' id='par_1_102' title="bbox 2455 4542 4028 4617">
     <span class='ocr_line' id='line_1_102' title="bbox 2455 4542 4028 4617; baseline -0.003 -17"><span class='ocrx_word' id='word_1_758' title='bbox 2455 4547 2621 4601; x_wconf 79' lang='grc' dir='ltr'>πλοῦν</span> <span class='ocrx_word' id='word_1_759' title='bbox 2651 4547 2716 4600; x_wconf 85' lang='grc' dir='ltr'>τὰ</span> <span class='ocrx_word' id='word_1_760' title='bbox 2751 4544 2901 4615; x_wconf 82' lang='grc' dir='ltr'>παρὰ</span> <span class='ocrx_word' id='word_1_761' title='bbox 2939 4542 3203 4614; x_wconf 75' lang='grc' dir='ltr'>βασιλέως</span> <span class='ocrx_word' id='word_1_762' title='bbox 3246 4542 3458 4611; x_wconf 78' lang='grc' dir='ltr'>ὑπήντα</span> <span class='ocrx_word' id='word_1_763' title='bbox 3492 4543 3816 4612; x_wconf 73' lang='grc' dir='ltr'>γράμματα</span> <span class='ocrx_word' id='word_1_764' title='bbox 3842 4565 3860 4581; x_wconf 76' lang='grc' dir='ltr'><strong>ο</strong></span> <span class='ocrx_word' id='word_1_765' title='bbox 3916 4549 4028 4617; x_wconf 63' lang='grc' dir='ltr'>σειξέ-</span> 
     </span>
    </p>
   </div>
   <div class='ocr_carea' id='block_1_103' title="bbox 2450 4633 4027 4708">
    <p class='ocr_par' dir='ltr' id='par_1_103' title="bbox 2450 4633 4027 4708">
     <span class='ocr_line' id='line_1_103' title="bbox 2450 4633 4027 4708; baseline 0.004 -26"><span class='ocrx_word' id='word_1_766' title='bbox 2450 4637 2555 4706; x_wconf 61' lang='lat'><strong>693</strong></span> <span class='ocrx_word' id='word_1_767' title='bbox 2582 4652 2641 4687; x_wconf 79' lang='grc' dir='ltr'><strong>τε</strong></span> <span class='ocrx_word' id='word_1_768' title='bbox 2666 4635 2955 4704; x_wconf 81' lang='grc' dir='ltr'>ἀθυμήσας</span> <span class='ocrx_word' id='word_1_769' title='bbox 2997 4633 3093 4687; x_wconf 78' lang='grc' dir='ltr'>καὶ</span> <span class='ocrx_word' id='word_1_770' title='bbox 3125 4633 3375 4703; x_wconf 82' lang='grc' dir='ltr'>χαλεπῶς</span> <span class='ocrx_word' id='word_1_771' title='bbox 3408 4634 3679 4701; x_wconf 86' lang='grc' dir='ltr'>ἐνεγκὼν,</span> <span class='ocrx_word' id='word_1_772' title='bbox 3726 4639 3810 4699; x_wconf 82' lang='grc' dir='ltr'><strong>εἰς</strong></span> <span class='ocrx_word' id='word_1_773' title='bbox 3838 4639 3941 4708; x_wconf 69' lang='grc' dir='ltr'><strong>τὴν</strong></span> <span class='ocrx_word' id='word_1_774' title='bbox 3983 4642 4027 4689; x_wconf 80' lang='grc' dir='ltr'><strong>ἐν</strong></span> 
     </span>
    </p>
   </div>
   <div class='ocr_carea' id='block_1_104' title="bbox 2451 4723 4027 4797">
    <p class='ocr_par' dir='ltr' id='par_1_104' title="bbox 2451 4723 4027 4797">
     <span class='ocr_line' id='line_1_104' title="bbox 2451 4723 4027 4797; baseline -0.002 -19"><span class='ocrx_word' id='word_1_775' title='bbox 2451 4728 2635 4797; x_wconf 66' lang='grc' dir='ltr'>Δάφνῃ</span> <span class='ocrx_word' id='word_1_776' title='bbox 2671 4724 3000 4795; x_wconf 80' lang='grc' dir='ltr'>Ἀντιόχειαν</span> <span class='ocrx_word' id='word_1_777' title='bbox 3023 4723 3654 4793; x_wconf 74' lang='grc' dir='ltr'>ὑποστρέφει.Βασιλεὺς</span> <span class='ocrx_word' id='word_1_778' title='bbox 3680 4725 3744 4778; x_wconf 84' lang='grc' dir='ltr'><strong>δὲ</strong></span> <span class='ocrx_word' id='word_1_779' title='bbox 3780 4728 4027 4781; x_wconf 79' lang='grc' dir='ltr'><strong>’Δντωνῐ-</strong></span> 
     </span>
    </p>
   </div>
   <div class='ocr_carea' id='block_1_105' title="bbox 2450 4814 4027 4889">
    <p class='ocr_par' dir='ltr' id='par_1_105' title="bbox 2450 4814 4027 4889">
     <span class='ocr_line' id='line_1_105' title="bbox 2450 4814 4027 4889; baseline -0.003 -18"><span class='ocrx_word' id='word_1_780' title='bbox 2450 4837 2533 4881; x_wconf 78' lang='grc' dir='ltr'><strong>νος</strong></span> <span class='ocrx_word' id='word_1_781' title='bbox 2571 4819 2728 4871; x_wconf 83' lang='grc' dir='ltr'>τοῦτο</span> <span class='ocrx_word' id='word_1_782' title='bbox 2760 4818 2859 4885; x_wconf 83' lang='grc' dir='ltr'><strong>μὲν</strong></span> <span class='ocrx_word' id='word_1_783' title='bbox 2885 4819 2977 4870; x_wconf 73' lang='grc' dir='ltr'><strong>καὶ</strong></span> <span class='ocrx_word' id='word_1_784' title='bbox 3002 4819 3113 4876; x_wconf 79' lang='grc' dir='ltr'>τοῖς</span> <span class='ocrx_word' id='word_1_785' title='bbox 3152 4816 3371 4877; x_wconf 76' lang='grc' dir='ltr'>οἰκείοις</span> <span class='ocrx_word' id='word_1_786' title='bbox 3401 4814 3742 4886; x_wconf 78' lang='grc' dir='ltr'>σπλάγχνοις</span> <span class='ocrx_word' id='word_1_787' title='bbox 3786 4824 3916 4889; x_wconf 71' lang='grc' dir='ltr'>περὶ</span> <span class='ocrx_word' id='word_1_788' title='bbox 3940 4822 4027 4889; x_wconf 69' lang='grc' dir='ltr'>τὴν</span> 
     </span>
    </p>
   </div>
   <div class='ocr_carea' id='block_1_106' title="bbox 2449 4904 4027 4977">
    <p class='ocr_par' dir='ltr' id='par_1_106' title="bbox 2449 4904 4027 4977">
     <span class='ocr_line' id='line_1_106' title="bbox 2449 4904 4027 4977; baseline 0.002 -16"><span class='ocrx_word' id='word_1_789' title='bbox 2449 4911 2544 4976; x_wconf 66' lang='grc' dir='ltr'>τῆς</span> <span class='ocrx_word' id='word_1_790' title='bbox 2583 4909 2771 4970; x_wconf 73' lang='grc' dir='ltr'>παιδὸς</span> <span class='ocrx_word' id='word_1_791' title='bbox 2801 4906 3056 4977; x_wconf 79' lang='grc' dir='ltr'>φροντίδα</span> <span class='ocrx_word' id='word_1_792' title='bbox 3094 4908 3258 4965; x_wconf 83' lang='grc' dir='ltr'>πολὺς</span> <span class='ocrx_word' id='word_1_793' title='bbox 3281 4904 3377 4971; x_wconf 85' lang='grc' dir='ltr'><strong>ὢν,</strong></span> <span class='ocrx_word' id='word_1_794' title='bbox 3407 4906 3564 4961; x_wconf 81' lang='grc' dir='ltr'>τοῦτο</span> <span class='ocrx_word' id='word_1_795' title='bbox 3584 4910 3642 4962; x_wconf 81' lang='grc' dir='ltr'><strong>δὲ</strong></span> <span class='ocrx_word' id='word_1_796' title='bbox 3666 4911 3770 4962; x_wconf 67' lang='grc' dir='ltr'>καὶ</span> <span class='ocrx_word' id='word_1_797' title='bbox 3801 4913 3911 4964; x_wconf 71' lang='grc' dir='ltr'>ὑπὸ</span> <span class='ocrx_word' id='word_1_798' title='bbox 3940 4914 4027 4977; x_wconf 76' lang='grc' dir='ltr'>τῆς</span> 
     </span>
    </p>
   </div>
   <div class='ocr_carea' id='block_1_107' title="bbox 2451 5000 4026 5069">
    <p class='ocr_par' dir='ltr' id='par_1_107' title="bbox 2451 5000 4026 5069">
     <span class='ocr_line' id='line_1_107' title="bbox 2451 5000 4026 5069; baseline 0 -17"><span class='ocrx_word' id='word_1_799' title='bbox 2451 5003 2682 5069; x_wconf 69' lang='grc' dir='ltr'>συζύγου</span> <span class='ocrx_word' id='word_1_800' title='bbox 2719 5000 3176 5068; x_wconf 54' lang='grc' dir='ltr'>παροξυνόμενος,</span> <span class='ocrx_word' id='word_1_801' title='bbox 3210 5001 3385 5052; x_wconf 78' lang='grc' dir='ltr'>πάντα</span> <span class='ocrx_word' id='word_1_802' title='bbox 3419 5016 3474 5052; x_wconf 84' lang='grc' dir='ltr'><strong>τε</strong></span> <span class='ocrx_word' id='word_1_803' title='bbox 3500 5001 3702 5065; x_wconf 84' lang='grc' dir='ltr'>ἐποίει,</span> <span class='ocrx_word' id='word_1_804' title='bbox 3750 5005 3851 5055; x_wconf 81' lang='grc' dir='ltr'><strong>καὶ</strong></span> <span class='ocrx_word' id='word_1_805' title='bbox 3884 5004 4026 5054; x_wconf 67' lang='lat'><strong>0&#39;16:-</strong></span> 
     </span>
    </p>
   </div>
   <div class='ocr_carea' id='block_1_108' title="bbox 2447 5090 3422 5159">
    <p class='ocr_par' dir='ltr' id='par_1_108' title="bbox 2447 5090 3422 5159">
     <span class='ocr_line' id='line_1_108' title="bbox 2447 5090 3422 5159; baseline 0.001 -17"><span class='ocrx_word' id='word_1_806' title='bbox 2447 5093 2532 5152; x_wconf 78' lang='grc' dir='ltr'>νὸς</span> <span class='ocrx_word' id='word_1_807' title='bbox 2567 5090 2819 5157; x_wconf 80' lang='grc' dir='ltr'>ἀπείχετο</span> <span class='ocrx_word' id='word_1_808' title='bbox 2849 5092 2958 5142; x_wconf 81' lang='grc' dir='ltr'><strong>τῶν</strong></span> <span class='ocrx_word' id='word_1_809' title='bbox 2984 5092 3141 5157; x_wconf 81' lang='grc' dir='ltr'>λόγον</span> <span class='ocrx_word' id='word_1_810' title='bbox 3172 5091 3422 5159; x_wconf 78' lang='grc' dir='ltr'>ἐχόντων.</span> 
     </span>
    </p>
   </div>
   <div class='ocr_carea' id='block_1_109' title="bbox 2518 5180 4025 5256">
    <p class='ocr_par' dir='ltr' id='par_1_109' title="bbox 2518 5180 4025 5256">
     <span class='ocr_line' id='line_1_109' title="bbox 2518 5180 4025 5256; baseline 0.003 -23"><span class='ocrx_word' id='word_1_811' title='bbox 2518 5184 2613 5234; x_wconf 82' lang='lat' dir='ltr'><strong>lZ&#39;.</strong></span> <span class='ocrx_word' id='word_1_812' title='bbox 2640 5180 2774 5243; x_wconf 77' lang='grc' dir='ltr'>Τοὺς</span> <span class='ocrx_word' id='word_1_813' title='bbox 2807 5182 3096 5249; x_wconf 86' lang='grc' dir='ltr'>Ῥωμαίων</span> <span class='ocrx_word' id='word_1_814' title='bbox 3122 5183 3301 5233; x_wconf 90' lang='grc' dir='ltr'>τοίνυν</span> <span class='ocrx_word' id='word_1_815' title='bbox 3328 5184 3418 5235; x_wconf 74' lang='grc' dir='ltr'>καὶ</span> <span class='ocrx_word' id='word_1_816' title='bbox 3449 5183 3672 5236; x_wconf 83' lang='grc' dir='ltr'>Ἰταλῶν</span> <span class='ocrx_word' id='word_1_817' title='bbox 3708 5186 3885 5256; x_wconf 79' lang='grc' dir='ltr'>ἱερεῖς</span> <span class='ocrx_word' id='word_1_818' title='bbox 3914 5205 4025 5240; x_wconf 73' lang='grc' dir='ltr'>συν-</span> 
     </span>
    </p>
   </div>
   <div class='ocr_carea' id='block_1_110' title="bbox 3490 5276 4025 5346">
    <p class='ocr_par' dir='ltr' id='par_1_110' title="bbox 3490 5276 4025 5346">
     <span class='ocr_line' id='line_1_110' title="bbox 3490 5276 4025 5346; baseline 0 -19"><span class='ocrx_word' id='word_1_819' title='bbox 3490 5276 3843 5346; x_wconf 75' lang='grc' dir='ltr'>Τυρρηνίας</span> <span class='ocrx_word' id='word_1_820' title='bbox 3872 5295 4025 5346; x_wconf 77' lang='grc' dir='ltr'>μετα·</span> 
     </span>
    </p>
   </div>
   <div class='ocr_carea' id='block_1_111' title="bbox 2447 5361 4022 5435">
    <p class='ocr_par' dir='ltr' id='par_1_111' title="bbox 2447 5361 4022 5435">
     <span class='ocr_line' id='line_1_111' title="bbox 2447 5361 4022 5435; baseline 0.004 -20"><span class='ocrx_word' id='word_1_821' title='bbox 2447 5364 2816 5431; x_wconf 70' lang='grc' dir='ltr'>στειλάμενος,</span> <span class='ocrx_word' id='word_1_822' title='bbox 2848 5361 3113 5433; x_wconf 74' lang='grc' dir='ltr'>ἐξώρκιζέ</span> <span class='ocrx_word' id='word_1_823' title='bbox 3137 5380 3198 5416; x_wconf 87' lang='grc' dir='ltr'><strong>τε</strong></span> <span class='ocrx_word' id='word_1_824' title='bbox 3220 5365 3309 5418; x_wconf 77' lang='grc' dir='ltr'><strong>τὸν</strong></span> <span class='ocrx_word' id='word_1_825' title='bbox 3331 5364 3564 5435; x_wconf 87' lang='grc' dir='ltr'>δαίμονα</span> <span class='ocrx_word' id='word_1_826' title='bbox 3595 5368 3665 5420; x_wconf 84' lang='grc' dir='ltr'><strong>δι’</strong></span> <span class='ocrx_word' id='word_1_827' title='bbox 3694 5370 3904 5434; x_wconf 73' lang='grc' dir='ltr'>αὐτῶν,</span> <span class='ocrx_word' id='word_1_828' title='bbox 3932 5372 4022 5421; x_wconf 74' lang='grc' dir='ltr'>καὶ</span> 
     </span>
    </p>
   </div>
   <div class='ocr_carea' id='block_1_112' title="bbox 2443 5456 4023 5533">
    <p class='ocr_par' dir='ltr' id='par_1_112' title="bbox 2443 5456 4023 5533">
     <span class='ocr_line' id='line_1_112' title="bbox 2443 5456 4023 5533; baseline 0.004 -23"><span class='ocrx_word' id='word_1_829' title='bbox 2443 5458 2594 5510; x_wconf 70' lang='grc' dir='ltr'>οὐδὲν</span> <span class='ocrx_word' id='word_1_830' title='bbox 2625 5459 2652 5510; x_wconf 83' lang='grc' dir='ltr'>ὀ</span> <span class='ocrx_word' id='word_1_831' title='bbox 2683 5475 2731 5510; x_wconf 89' lang='grc' dir='ltr'><strong>τι</strong></span> <span class='ocrx_word' id='word_1_832' title='bbox 2771 5460 2869 5510; x_wconf 79' lang='grc' dir='ltr'><strong>οὐκ</strong></span> <span class='ocrx_word' id='word_1_833' title='bbox 2908 5456 3117 5510; x_wconf 76' lang='grc' dir='ltr'>ἐπενόει</span> <span class='ocrx_word' id='word_1_834' title='bbox 3161 5457 3295 5528; x_wconf 82' lang='grc' dir='ltr'>πρὸς</span> <span class='ocrx_word' id='word_1_835' title='bbox 3327 5457 3422 5527; x_wconf 79' lang='grc' dir='ltr'><strong>τὴν</strong></span> <span class='ocrx_word' id='word_1_836' title='bbox 3472 5458 3568 5512; x_wconf 79' lang='grc' dir='ltr'>τοῦ</span> <span class='ocrx_word' id='word_1_837' title='bbox 3636 5464 3818 5515; x_wconf 82' lang='grc' dir='ltr'>κακοῦ</span> <span class='ocrx_word' id='word_1_838' title='bbox 3867 5464 4023 5533; x_wconf 67' lang='lat' dir='ltr'><strong>etpa-</strong></span> 
     </span>
    </p>
   </div>
   <div class='ocr_carea' id='block_1_113' title="bbox 2445 5270 3419 5337">
    <p class='ocr_par' dir='ltr' id='par_1_113' title="bbox 2445 5270 3419 5337">
     <span class='ocr_line' id='line_1_113' title="bbox 2445 5270 3419 5337; baseline 0.002 -14"><span class='ocrx_word' id='word_1_839' title='bbox 2445 5270 2667 5337; x_wconf 74' lang='grc' dir='ltr'>αγαγὼν</span> <span class='ocrx_word' id='word_1_840' title='bbox 2700 5275 2793 5323; x_wconf 74' lang='grc' dir='ltr'>καὶ</span> <span class='ocrx_word' id='word_1_841' title='bbox 2852 5273 3249 5335; x_wconf 79' lang='grc' dir='ltr'>οἰωνοσκόπους</span> <span class='ocrx_word' id='word_1_842' title='bbox 3312 5274 3419 5326; x_wconf 71' lang='grc' dir='ltr'><strong>ἀπὸ</strong></span> 
     </span>
    </p>
   </div>
   <div class='ocr_carea' id='block_1_114' title="bbox 2444 5686 4017 5811">
    <p class='ocr_par' dir='ltr' id='par_1_114' title="bbox 2444 5686 4017 5811">
     <span class='ocr_line' id='line_1_114' title="bbox 2444 5686 4017 5811; baseline 0.005 -73"><span class='ocrx_word' id='word_1_843' title='bbox 2444 5687 2699 5811; x_wconf 60' lang='grc' dir='ltr'>ῡὶοιι¹.6ξι</span> <span class='ocrx_word' id='word_1_844' title='bbox 2759 5686 2956 5741; x_wconf 86' lang='lat' dir='ltr'><strong>Julium</strong></span> <span class='ocrx_word' id='word_1_845' title='bbox 3021 5686 3382 5757; x_wconf 83' lang='lat' dir='ltr'><strong>Capitolinum</strong></span> <span class='ocrx_word' id='word_1_846' title='bbox 3433 5688 3486 5743; x_wconf 86' lang='lat' dir='ltr'><strong>iii</strong></span> <span class='ocrx_word' id='word_1_847' title='bbox 3542 5690 3763 5752; x_wconf 85' lang='lat' dir='ltr'><strong>Marco;</strong></span> <span class='ocrx_word' id='word_1_848' title='bbox 3825 5692 4017 5748; x_wconf 81' lang='lat' dir='ltr'><strong>Baron.</strong></span> 
     </span>
     <span class='ocr_line' id='line_1_115' title="bbox 2444 5776 2689 5811; baseline -0.004 -1"><span class='ocrx_word' id='word_1_849' title='bbox 2444 5776 2525 5811; x_wconf 76' lang='lat' dir='ltr'><strong>an.</strong></span> <span class='ocrx_word' id='word_1_850' title='bbox 2675 5795 2689 5809; x_wconf 74' lang='grc' dir='ltr'>ι</span> 
     </span>
    </p>
   </div>
   <div class='ocr_carea' id='block_1_115' title="bbox 2440 5776 2689 5811">
    <p class='ocr_par' dir='ltr' id='par_1_115' title="bbox 2440 5776 2689 5811">
     <span class='ocr_line' id='line_1_116' title="bbox 2440 5776 2689 5811; baseline -0.004 -1"><span class='ocrx_word' id='word_1_851' title='bbox 2440 5776 2525 5811; x_wconf 80' lang='lat' dir='ltr'><strong>an.</strong></span> <span class='ocrx_word' id='word_1_852' title='bbox 2573 5776 2689 5811; x_wconf 76' lang='grc'><strong>10).</strong></span> 
     </span>
    </p>
   </div>
  </div>
