4198 6312
168 372 188 431 i
206 372 303 434 1³33

1450 370 1619 428 νιτΑ
1665 369 1721 427 S.
1767 369 1804 425 Α
1820 368 1908 428 ΒΕ
1922 371 2034 429 RCI
2054 371 2096 427 I.

3270 371 3406 437 1234

164 486 351 537 πείαν.
376 481 458 535 Τὰ
478 483 531 535 δὲ
557 483 688 535 κενά
707 500 763 535 τε
788 482 1067 551 ἠλέγχετο,
1090 482 1180 535 καὶ
1203 480 1537 550 ἀγριώτερον
1564 478 1737 532 ἐποίει

1843 482 2347 547 convincebantm',
2404 494 2456 539 et
2517 484 2809 554 malignum
2874 484 3179 539 daemonem
3239 485 3407 554 magis

164 576 254 628 τὸν
287 574 521 643 πονηρὸν
547 573 781 642 δαίμονα
838 576 899 643 τῇ
931 574 1087 643 κόρῃ.
1142 571 1356 641 Ἀμέλει
1391 572 1483 623 καὶ
1521 571 1730 623 τοιάνδε

163 666 285 719 τινὰ
315 666 406 717 διά
430 664 527 733 τῆς
562 665 752 727 παιδὸς
782 664 993 734 ἐκείνης
1018 664 1171 732 ἠφίει
1202 663 1407 733 φωνήν·
1442 663 1537 725 ὠς,
1571 663 1632 715 El
1659 662 1733 732 μὴ

178 757 515 827 Ἀὁέρκιοςὸ
541 757 640 827 τῆς
676 760 732 810 ἐν
776 759 839 827 τῇ
875 757 1046 827 μικρᾷ
1074 756 1284 826 Φρυγίᾳ
1334 755 1442 807 τῶν
1486 755 1733 825 Ἱεραπο-

164 853 334 906 λιτῶν
363 854 662 915 ἐπίσκοπος
693 851 855 913 ἔλθοι,
890 850 989 903 οὐκ
1020 851 1084 903 ἂν
1117 852 1225 903 ἀπὸ
1253 849 1345 902 τοῦ
1379 847 1735 919 σκηνώματος

164 944 441 1015 ἐξέλθοιμι
475 944 651 998 τοῦδε.
698 942 784 1007 Ὠς
815 943 907 997 οὖν
937 944 1028 996 ἐπὶ
1069 942 1264 1013 συχνὰς
1294 942 1507 1014 ἡμέρας
1559 940 1735 995 ταῦτα

162 1037 319 1103 ἐϐόα,
345 1038 657 1107 διηπορεῖτο
695 1035 818 1089 καθ’
846 1035 1039 1089 ἐαυτὸν
1081 1036 1417 1097 Ἀντωνῖνος,
1453 1034 1506 1085 τί
1555 1033 1621 1086 ἂν
1649 1032 1733 1102 εῐη

162 1129 325 1182 τοῦτο
353 1127 743 1193 σκοπούμενος,
770 1128 864 1180 καί
887 1145 1015 1182 ποτε
1041 1126 1359 1190 είσκαλέσας
1388 1126 1476 1179 τὸν
1498 1126 1735 1196 ἔπαρχον

164 1222 265 1290 τῆς
292 1220 464 1288 αὐλῆς
495 1220 885 1289 Κορνηλιανδν,
950 1220 1351 1275 ἀνεπυνθάνετο
1384 1219 1438 1272 εί
1491 1220 1592 1272 πού
1653 1236 1736 1281 τις

176 1310 483 1381 Ἱεράπολις
539 1311 641 1366 ὑπὸ
682 1313 885 1382 μικρὰν
918 1313 1157 1381 Φρυγίαν
1185 1312 1349 1364 ἐστίν.
1392 1310 1451 1364 Ὀ
1498 1311 1579 1377 δέ,
1626 1310 1736 1362 Καὶ

168 1404 339 1473 μάλα,
366 1403 623 1469 δέσποτα,
658 1404 786 1474 ἔφη,
821 1405 917 1457 καὶ
942 1404 1036 1458 ἀπ’
1067 1405 1233 1474 αὐτῆς
1266 1403 1611 1469 Εὐξεινιανὺν
1640 1406 1735 1475 ὁρ-

169 1495 405 1563 μᾶσθαι,
462 1489 506 1563 ᾧ
574 1495 836 1560 πολλάκις
903 1497 1031 1567 περὶ
1096 1495 1371 1566 δημοσίων
1416 1496 1736 1559 ἐπέστειλας

165 1588 535 1655 πραγμάτων.
594 1588 764 1641 Τοῦτο
800 1588 1035 1651 ἀκούσας
1088 1589 1117 1640 ό
1161 1589 1471 1649 Ἀντωνῖνος
1502 1586 1642 1657 ἥσθη
1675 1603 1735 1639 τε

166 1671 258 1729 οἷα
282 1677 382 1746 τῆς
423 1677 703 1748 φροντίδος
732 1677 1023 1741 ἀπολυθεὶς
1047 1679 1237 1745 ὅτιπερ
1265 1676 1601 1744 Εὐξεινιανδς
1624 1677 1739 1729 ἐκεῖ

165 1769 481 1839 διατρίϐων,
505 1767 678 1833 δεξιὸς
717 1769 864 1839 αὑτῷ
887 1768 1040 1822 ἐσται
1067 1768 1161 1822 τοῦ
1188 1769 1512 1840 πράγματος
1535 1770 1739 1823 οἰκονό-

171 1877 273 1929 μος
303 1875 316 1889 ’
355 1862 447 1914 καὶ
494 1860 791 1930 Οὐαλέριον
847 1862 939 1914 καὶ
985 1862 1250 1916 Βασιανὸν
1312 1865 1737 1935 μαγιστριανοὺς

166 1952 337 2014 εὐθὺς
407 1952 830 2022 εὐτρεπισθῆναι
889 1953 1173 2020 κελεύσας,
1231 1956 1538 2009 ἐπιστέλλει
1588 1956 1738 2027 αύτῷ

164 2043 362 2097 ταῦταο
434 2044 748 2110 Ἀντωνῖνος
820 2048 1184 2119 αὐτοκράτωρ
1253 2048 1514 2110 σεϐαστὸς
1553 2047 1739 2113 Εὑξει-

166 2134 337 2205 νιανῴ
365 2136 638 2191 Ποπλίωνι
682 2139 914 2209 χαίρειν.
966 2139 1106 2208 Ἐγὼ
1152 2142 1231 2203 είς
1284 2141 1479 2208 πεῖραν
1510 2140 1605 2207 τῆς
1640 2139 1740 2206 σῆς

164 2228 447 2295 ἀγχινοίας
482 2230 663 2300 ἔργοις
712 2233 896 2298 αὐτοῖς
931 2232 1223 2296 καταστὰς,
1260 2233 1353 2285 καὶ
1396 2232 1628 2303 μάλιστα
1658 2229 1739 2295 οἷς

164 2320 398 2392 ἔναρχος
436 2324 725 2390 προστάξει
749 2326 842 2377 τοῦ
886 2327 1157 2396 ἡμετέρου
1191 2328 1425 2399 κράτους
1463 2325 1740 2399 διεπράξω

163 2419 309 2468 κατὰ
340 2415 438 2487 τὴν
477 2416 766 2485 Σμύρναν·
800 2420 1157 2486 ἐπικουφίσας
1186 2421 1516 2489 Σμυρναίοις
1546 2422 1643 2490 τὴν
1678 2422 1741 2474 ἐκ

161 2505 263 2557 τοῦ
291 2507 480 2559 κλόνου
512 2510 610 2577 τῆς
642 2508 743 2577 γῆς
777 2508 1177 2579 ἐπιγενομένην
1200 2512 1382 2573 αὐτοῖς
1428 2513 1735 2582 συμφοράν,

162 2596 344 2666 ἥσθην
374 2614 454 2663 τε,
475 2597 665 2669 ὥσπερ
708 2599 872 2664 εἰκὸς,
908 2600 1001 2654 καί
1024 2618 1081 2654 σε
1115 2600 1217 2671 τῆς
1246 2602 1357 2655 τῶν
1400 2604 1739 2673 πραγμάτων

164 2688 487 2758 ἐπιμελείας
507 2689 749 2761 ἐπῄνεσα
770 2709 783 2723 ·
811 2693 1016 2762 ἔμαθον
1033 2694 1141 2764 γὰρ
1167 2696 1382 2749 ἅπαντα
1413 2696 1550 2766 μετά
1578 2698 1738 2768 ἀκριο

163 2778 344 2841 6είας,
395 2779 583 2851 ὥσπερ
646 2785 711 2836 ἂν
746 2788 792 2836 εί
825 2788 1033 2855 παρών.
1072 2789 1145 2840 ’Ἡ
1181 2806 1240 2840 τε
1270 2790 1378 2857 γάρ
1442 2790 1593 2859 παρὰ
1646 2790 1738 2843 σού

170 2870 487 2939 πεμφθεῖσα
546 2873 819 2943 ἀναφορὰ,
872 2877 899 2928 ὅ
942 2894 1000 2929 τε
1054 2878 1341 2941 ἀποδιδοὺς
1374 2881 1603 2950 ταύτην,
1646 2882 1740 2935 καὶ

170 2962 369 3026 Κέλιος
400 2965 428 3016 ὀ
463 2964 756 3035 ἐπίτροπος
780 2966 936 3036 ὑμῶν
957 2966 1176 3023 ἅπαντά
1204 2987 1295 3038 μοι
1328 2971 1516 3039 σαφῶς
1547 2971 1739 3042 διηγή-

172 3070 332 3109 σατο.
376 3054 500 3109 Ἐπὶ
534 3057 588 3111 δέ
619 3057 713 3111 τοῦ
745 3059 1011 3130 παρόντος
1063 3061 1305 3130 γνωσθὲν
1355 3062 1431 3130 τῲ
1482 3063 1740 3136 ἡμετέρῳ

1836 572 2129 626 θίΪριύἱωηι
2174 574 2222 626 in
2270 576 2520 642 puellam.
2561 578 2830 631 Craterum
2880 578 2924 629 is
2981 577 3139 630 talem
3192 589 3406 644 quoque

1837 680 2021 718 vocem
2068 667 2348 721 emittebat
2402 684 2495 737 per
2556 670 2808 738 puellam,
2853 668 3020 737 quod.
3069 669 3168 720 nisi
3202 667 3409 720 veniret

1836 758 2098 812 Abercius
2158 757 2727 830 Ilicrapolitanorum,
2802 762 2891 829 qui
2951 770 3076 813 sunt
3128 761 3180 812 in
3241 775 3405 828 parva

1838 848 2086 920 Phrygia,
2121 851 2427 921 cpiscopus.
2455 869 2517 906 ex
2558 868 2623 907 eo
2672 870 2775 907 non
2819 854 2986 906 exiret
3031 851 3401 906 tabernaculo.

1836 937 1972 992 Cum
2002 940 2116 994 haec
2145 956 2274 1011 ergo
2300 942 2497 996 multos
2539 943 2657 997 dies
2700 942 3115 1007 vociferaretur,
3159 942 3298 1009 apud
3348 957 3405 995 se

1837 1030 2115 1086 dubitabat
2146 1019 2469 1099 Antoninus,
2506 1037 2767 1105 quidnam
2814 1036 2919 1092 hoc
2947 1049 3110 1097 esset.
3152 1037 3407 1091 consido-

1838 1138 1983 1186 rans,
2017 1134 2070 1177 et
2115 1125 2402 1194 aliquando
2454 1130 2720 1183 accersito
2766 1129 3099 1184 Corneliano
3155 1130 3408 1199 praefecto

1837 1217 2099 1283 praetorii,
2130 1220 2339 1288 rogavit
2368 1236 2437 1273 an
2492 1220 2545 1274 in
2598 1236 2757 1290 parva
2807 1220 3041 1289 Phrygia
3092 1230 3237 1274 esset
3281 1221 3409 1275 urbs

1839 1308 2056 1363 nomine
2104 1309 2422 1381 Hierapolis.
2482 1312 2533 1367 Is
2587 1322 2812 1368 autem:
2874 1312 3134 1377 Maxime,
3193 1314 3406 1381 inquit,

1837 1395 2075 1460 domine,
2110 1407 2162 1452 et
2212 1416 2274 1453 ex
2333 1417 2394 1454 ea
2430 1413 2581 1456 ortus
2615 1412 2697 1458 est
2736 1403 3107 1466 Euxenianus,
3139 1408 3203 1457 ad
3248 1419 3407 1471 quem

1836 1505 1979 1558 saepe
2016 1491 2283 1560 scripsisti
2334 1495 2401 1549 de
2448 1496 2608 1550 rebus
2654 1498 2906 1565 publicis.
2952 1497 3063 1552 Hoc
3102 1513 3223 1551 cum
3257 1499 3409 1549 audi-

1836 1583 2004 1638 visset
2036 1585 2364 1651 Antoninus,
2418 1588 2630 1641 laetatus
2662 1600 2745 1642 est
2785 1591 2941 1659 quasi
2978 1605 3004 1642 a
3042 1603 3171 1641 cura
3217 1589 3410 1642 libera-

1842 1684 1948 1736 tus.
1985 1691 2201 1747 ,nempe
2241 1679 2382 1747 quod
2424 1679 2812 1743 Euxenianus,
2862 1680 2954 1749 qui
3012 1681 3117 1733 illic
3161 1680 3405 1749 degebat,

1842 1767 1987 1823 hanc
2021 1785 2133 1823 rem
2159 1770 2384 1840 pulchre
2428 1772 2474 1826 ei
2512 1780 2850 1840 procuraret.
2881 1771 2946 1826 Et
2975 1770 3189 1826 Valerio
3230 1784 3284 1826 et
3313 1772 3410 1827 Ba-

1841 1861 1992 1915 siano
2025 1862 2386 1933 magistrianis
2415 1880 2536 1920 mox
2571 1875 2763 1934 praesto
2786 1881 2906 1919 esse
2937 1865 3123 1935 jussis.
3169 1865 3281 1918 Inec
3332 1866 3410 1918 sic

1843 1953 2030 2008 scribit
2057 1970 2071 2007 :
2101 1955 2409 2012 Antoninus
2435 1959 2737 2026 imperator
2764 1958 3064 2028 Augustus,
3093 1957 3411 2010 Euxeniano

1843 2046 2090 2115 Poplioni
2118 2048 2344 2103 salutem
2378 2067 2390 2102 :
2429 2048 2538 2122 Ego
2564 2052 2636 2106 tui
2667 2051 2866 2120 ingenii
2901 2052 3178 2106 solertiam
3206 2068 3262 2104 re
3291 2053 3409 2119 ipsa

1841 2148 2117 2207 expertus,
2154 2149 2209 2194 et
2256 2143 2489 2198 maxime
2523 2144 2604 2209 iis,
2653 2146 2948 2214 quaejussu
2987 2156 3185 2200 nostra
3221 2154 3409 2213 poten-

1843 2229 1928 2283 tiae
1962 2244 2136 2299 nuper
2192 2229 2369 2287 fecisti
2419 2233 2680 2304 Smyrnae,
2737 2233 2911 2287 levata
2981 2233 3412 2302 Smyruensibus

1842 2322 2166 2389 calamitate,
2212 2342 2329 2395 qua:
2359 2325 2439 2381 eis
2469 2341 2530 2380 ex
2562 2337 2718 2381 terra:
2746 2336 2893 2380 motu
2921 2336 3201 2388 evenerat,
3235 2333 3290 2377 ut
3318 2339 3413 2393 par

1842 2424 1979 2481 erat,
2008 2431 2126 2470 sum
2162 2417 2391 2484 laetatus,
2429 2428 2484 2473 et
2526 2428 2669 2472 tuam
2723 2418 2775 2471 in
2824 2417 2987 2471 rebus
3012 2414 3263 2486 gerendis
3301 2415 3415 2467 lau-

1841 2508 1962 2561 davi
2025 2509 2383 2580 diligentiam.
2432 2509 2627 2564 Omnia
2679 2510 2826 2564 enim
2896 2518 3150 2563 accurate
3209 2507 3411 2569 didici,

1840 2600 2069 2668 perinde
2103 2615 2165 2653 ac
2194 2600 2237 2653 si
2277 2601 2593 2655 adfuissem.
2621 2599 2752 2654 Nam
2784 2611 2836 2655 et
2870 2616 2899 2653 a
2926 2610 2976 2653 te
3003 2600 3165 2653 missa
3200 2600 3410 2664 relatio,

1842 2699 1897 2744 et
1940 2693 2028 2758 qui
2064 2706 2183 2744 eam
2237 2692 2474 2745 reddidit
2523 2691 2796 2756 Caelicius,
2856 2701 3173 2760 procurator
3203 2701 3410 2753 noster,

1842 2785 2021 2838 omnia
2064 2784 2196 2837 mihi
2241 2793 2426 2854 aperte
2466 2790 2723 2839 narravit.
2776 2784 2829 2837 ln
2888 2785 3178 2853 praesentia
3230 2792 3411 2834 autem

1842 2894 1964 2933 cum
2001 2880 2069 2932 sit
2126 2878 2379 2948 potentiae
2408 2889 2605 2933 nostrae
2665 2878 3064 2950 significatum,
3121 2877 3410 2932 Abercium

1842 2973 2133 3036 quemdam
2166 2974 2482 3041 episcopum
2534 2972 3005 3040 Hierapolitanum
3037 2977 3177 3039 apud
3212 2978 3263 3023 te
3296 2984 3416 3023 ver—

1841 3064 1968 3123 sari,
2000 3062 2172 3114 virum
2223 3066 2359 3116 adeo
2403 3064 2550 3130 pium
2583 3065 2635 3116 in
2673 3062 2984 3116 Christiana
3039 3063 3319 3132 religione,
3357 3070 3415 3113 ut

171 3147 368 3218 κράτει
409 3149 691 3223 Ἀϐέρκιόν
733 3171 852 3206 τινα
885 3154 983 3224 τῆς
1030 3156 1414 3226 Ἰεραπολιτῶν
1445 3159 1742 3212 ἐπίσκοπον

1847 3154 2127 3210 medeatur
2154 3155 2523 3216 daemoniacis,
2559 3166 2613 3208 et
2641 3155 2777 3209 alios
2812 3156 3030 3209 morbos
3074 3164 3226 3207 curet
3270 3152 3416 3207 facil-

170 3239 329 3309 παρὰ
362 3241 446 3293 σοὶ
491 3242 829 3311 διατρίϐειν,
866 3244 1038 3315 ἄνδρα
1087 3248 1284 3317 εὐσεΘῆ
1340 3248 1485 3301 οὕτω
1541 3251 1608 3302 τὰ
1632 3251 1741 3303 τῶν

168 3331 539 3401 Χριστιανῶν,
577 3335 651 3398 ὡς
676 3336 1044 3406 δαιμονῶντάς
1085 3356 1141 3391 τε
1179 3339 1383 3403 ἰᾶσθαι,
1419 3343 1512 3394 καὶ
1547 3346 1739 3405 νόσους

166 3427 339 3492 ἄλλας
384 3426 733 3484 εὐκολώτατα
805 3431 1168 3501 θεραπεύειν·
1235 3434 1429 3489 τοῦτον
1490 3438 1634 3491 κατὰ
1680 3437 1740 3491 τὸ

166 3520 470 3588 ἀναγκαῖον
517 3523 681 3592 ἡμεῖς
727 3525 1041 3596 χρῄζοντες,
1098 3528 1396 3601 Οὐαλέριον
1455 3531 1549 3583 καὶ
1598 3530 1739 3585 Βασ-

167 3609 359 3664 σιανδν
414 3616 846 3683 μαγιστριανοὺς
901 3616 1011 3667 τῶν
1072 3616 1232 3668 θείων
1283 3620 1439 3687 ἡμῶν
1471 3622 1739 3689 όφφικίων

165 3704 526 3773 ἐπέμψαμεν,
561 3707 651 3758 τὸν
681 3706 850 3779 ἄνδρα
879 3708 1000 3778 μετ’
1036 3707 1216 3771 αίδοῦς
1249 3713 1341 3763 καὶ
1383 3713 1551 3780 τιμῆς
1591 3715 1739 3770 άπά-

167 3811 274 3863 σης
304 3796 378 3859 ὡς
416 3797 564 3866 ἡμᾶς
619 3800 868 3868 ἀγαγεῖν.
908 3801 1223 3869 Κελεύομεν
1267 3801 1359 3855 οὖν
1384 3806 1448 3873 τῇ
1479 3807 1544 3875 σῇ
1580 3809 1739 3877 στερ-

164 3889 363 3959 ρότητι
412 3892 603 3944 πεῖσαι
641 3892 732 3945 τὸν
763 3892 930 3962 ἄνδρα
961 3894 1057 3947 σὺν
1097 3895 1381 3969 προθυμίᾳ
1417 3899 1564 3971 πάσῃ
1601 3901 1741 3972 πρὸς

162 3982 321 4050 ἡμᾶς
351 3980 649 4050 ἀφικέσθαι
683 3980 742 4037 εὖ
771 3984 937 4038 εἰδότι
993 3985 1068 4049 ὡς
1094 3988 1153 4040 οὐ
1183 3990 1406 4061 μέτριός
1445 4010 1528 4046 σοι
1559 3994 1740 4047 κεῖσε·
1780 4044 1789 4050 .

162 4092 257 4126 ται
282 4075 413 4145 παρ’
441 4077 571 4145 ἡμῖν
608 4076 702 4130 καὶ
727 4078 867 4148 ὑπὲρ
899 4079 1089 4134 τούτου
1124 4083 1152 4133 ὁ
1186 4081 1430 4144 ἔπαινος.
1464 4085 1737 4154 Ἔρρωσθ.

239 4166 323 4224 Η’.
361 4170 581 4242 Ταύτην
623 4175 737 4235 τοῖς
776 4179 1192 4244 μαγιστριανοῖς
1226 4175 1352 4239 δοὺς
1390 4176 1485 4245 τὴν
1516 4180 1738 4233 ἐπιστο-

161 4264 286 4332 λὴν,
323 4263 649 4330 ἀπέπεμψεν
702 4264 812 4316 ἀπὸ
876 4264 1115 4334 Ῥώμης,
1172 4265 1343 4320 εἰπὼν
1416 4268 1498 4321 ὃτι
1538 4270 1742 4327 Πολλαο

163 4351 416 4406 πλάσιον’
435 4354 565 4423 ὑμῖν
585 4352 740 4423 θήσει
780 4354 878 4426 τὴν
900 4357 981 4427 είς
1006 4358 1104 4427 ἐμὲ
1134 4357 1435 4427 θεραπείαν
1453 4363 1515 4414 τὸ
1554 4363 1741 4434 Ἀϐερ-

164 4463 291 4498 κιον
316 4448 586 4510 ἐνεγκεῖν,
612 4448 911 4517 προστεθὲν
940 4453 1032 4503 καὶ
1064 4453 1120 4505 τὸ
1154 4453 1335 4522 τάχος.
1367 4456 1432 4505 Ol
1462 4455 1517 4507 δὲ
1551 4456 1744 4510 λαϐόν-

1854 3248 2000 3311 lime,
2033 3262 2099 3302 eo
2131 3263 2253 3303 cum
2282 3261 2378 3302 nos
2404 3247 2710 3303 necessario
2745 3262 2883 3317 opus
2906 3246 3218 3308 habeamus,
3258 3246 3415 3300 Vale-

1844 3341 1980 3392 rium
2029 3352 2083 3393 ct
2157 3341 2444 3395 Basiannm
2512 3340 2894 3412 magistrianos
2965 3343 3040 3411 (5)
3101 3341 3411 3395 divinorum

1840 3442 2152 3485 nostrorum
2180 3433 2478 3486 ofﬁciorum
2518 3437 2790 3496 misimus,
2840 3448 2897 3489 ut
2928 3452 3051 3489 eum
3084 3451 3208 3489 cum
3263 3436 3413 3489 omni

1844 3528 2049 3582 honore
2099 3537 2153 3582 et
2192 3528 2493 3582 reverentia
2527 3528 2589 3581 ad
2639 3544 2737 3582 nos
2792 3532 3084 3582 adducant.
3130 3530 3257 3583 Tuae
3287 3545 3415 3599 ergo

1838 3620 2090 3689 jubemus
2121 3622 2462 3691 praestantiae.
2502 3632 2557 3676 ut
2588 3623 2633 3677 ei
2666 3622 2991 3692 persuadeas
3015 3622 3081 3676 ad
3104 3636 3203 3676 nos
3227 3622 3415 3677 venire

1842 3728 1965 3767 cum
2019 3730 2227 3768 summa
2258 3714 2421 3768 animi
2468 3714 2768 3775 alacritate,
2809 3716 2986 3771 sciens
3032 3731 3138 3770 non
3192 3731 3413 3783 parvam

1843 3806 1946 3858 hoc
1994 3807 2215 3859 nomine
2252 3806 2347 3860 tibi
2402 3808 2635 3859 futuram
2680 3822 2804 3863 esse
2847 3808 2991 3876 apud
3035 3823 3134 3862 nos
3176 3806 3412 3861 laudent.

1846 3896 1996 3952 Vale.

1916 4189 2105 4247 XVIII.
2143 4189 2288 4246 Hane
2344 4207 2463 4244 cum
2517 4192 2882 4260 magistrianis
2926 4192 3168 4243 dedisset
3209 4192 3415 4258 episto-

1845 4285 1974 4344 lam,
2008 4284 2174 4337 Roma
2212 4283 2377 4348 misit,
2405 4282 2590 4336 dicens
2621 4301 2632 4334 :
2667 4282 2798 4335 Rem
2820 4280 2950 4334 mihi
2984 4284 3140 4352 longe
3163 4283 3413 4352 gratissi-

1848 4390 1987 4430 mam
2015 4376 2274 4437 feeeritis,
2323 4376 2364 4428 si
2413 4377 2701 4430 Ahereium
2742 4378 2807 4430 ad
2843 4393 2927 4429 me
2969 4392 3131 4444 quam
3183 4376 3414 4430 maxima

1848 4468 2122 4520 celeritate
2145 4465 2491 4518 adduxeritis.
2525 4467 2599 4518 Illi
2634 4475 2812 4518 autem
2840 4468 2917 4518 eis
2943 4468 3180 4530 acceptis
3199 4468 3413 4530 litteris,

162 4554 287 4601 τες,
314 4536 470 4590 οὐδὲν
521 4542 720 4609 τάχους
778 4543 870 4594 καὶ
924 4544 1205 4605 συντονίας
1263 4544 1545 4599 ἐνέλιπον·
1601 4549 1738 4601 ἀλλὰ

1844 4557 1976 4612 nihil
2008 4558 2309 4611 omiserunt
2354 4558 2652 4611 celeritatis
2683 4567 2739 4611 et
2784 4558 3099 4629 diligentiae.
3140 4560 3243 4612 Sed
3290 4574 3414 4614 eum

163 4631 297 4683 δυσὶ
324 4630 385 4683 τὸ
416 4631 729 4699 Βρεντίσιον
793 4634 1033 4704 ἡμέραις
1065 4636 1491 4703 καταλαϐόντες,
1553 4641 1741 4693 πλοίου

161 4741 227 4777 τε
258 4725 352 4775 ἐπὶ
375 4724 552 4796 τούτῳ
577 4730 1113 4797 παρεσκευασμένου
1162 4732 1315 4799 παρὰ
1344 4732 1439 4785 τοῦ
1494 4734 1739 4805 ὑπάρχου

163 4816 545 4887 Κορνηλιανοῦ
576 4822 892 4887 ἐπιϐάντες,
934 4824 1073 4875 κοιτά
1113 4826 1375 4895 πρύμναν
1418 4827 1605 4890 αὐτοῖς
1642 4829 1737 4881 τοῦ

168 4908 491 4977 πνεύματος
530 4911 849 4979 ἱσταμένου,
888 4916 956 4984 τῇ
990 4914 1195 4985 ἐϐδόμῃ
1242 4917 1334 4969 τὸν
1406 4918 1594 4971 Ἰόνιον
1623 4921 1739 4972 δια-

164 5001 529 5064 πλεύσαντες,
559 5005 919 5075 καταίρουσιν
963 5010 1020 5059 ἐν
1058 5008 1442 5081 Πελοπονὴσῳ.
1495 5013 1739 5066 Ἐκεῖθεν

169 5095 228 5145 δὲ
266 5093 551 5162 δημοσίοις
613 5097 804 5159 ἵπποις
860 5101 1220 5169 χρησάμενοι,
1254 5103 1608 5171 ἀφικνοῦνται
1642 5111 1741 5175 τῆς

168 5189 676 5259 πεντεκαιδεκάτης
710 5195 786 5253 εἰς
841 5191 901 5244 τὸ
935 5193 1249 5257 Βυζάντιον.
1292 5195 1421 5251 Εἶτα
1475 5202 1611 5269 πρὸς
1643 5206 1741 5270 τὴν

169 5281 534 5348 Νικομηδέων
577 5285 893 5354 αὐθημερὸν
956 5290 1384 5356 περαιωθέντες,
1440 5296 1534 5344 καὶ
1586 5289 1743 5356 αὖθις

163 5374 422 5443 δημοτίῳ
452 5378 790 5447 χρησάμενοι
829 5379 1041 5449 δρόμῳ.
1082 5383 1161 5446 εἰς
1222 5386 1423 5437 Σύναόα
1464 5389 1738 5457 μητρόπο-

172 5468 257 5519 λιν
306 5468 505 5537 ἥκουσι
545 5470 648 5537 τῆς
682 5473 926 5541 Φρυγίας
1011 5477 1283 5541 ἡγεμόνας
1340 5497 1396 5530 τε
1464 5480 1563 5546 τῆς
1622 5482 1740 5535 ὁδοῦ

166 5563 328 5632 παρὰ
367 5561 460 5614 τοῦ
490 5563 923 5634 ἡγεμονεύοντος
955 5572 1070 5623 ἐκεῖ
1101 5572 1410 5644 Σπινθῆρος
1439 5574 1695 5638 λαϐόντες
1726 5593 1739 5608 ·

1846 4653 2224 4723 pervenissent
2269 4650 2657 4715 Brundusium,
2696 4664 2750 4709 et
2785 4670 2977 4707 navem
3038 4662 3276 4722 paratam
3328 4669 3418 4707 as-

1845 4744 2189 4806 cendissent,
2263 4757 2425 4797 vento
2492 4744 2571 4798 usi
2637 4746 2879 4798 secundo
2942 4756 3148 4812 septem
3224 4745 3420 4799 diebus

1846 4838 2165 4893 transmisso
2224 4837 2404 4898 Ionio,
2468 4837 2749 4906 appellunt
2827 4835 2879 4889 in
2954 4834 3418 4906 Peloponnesum.

1847 4932 1993 4985 Illinc
2020 4940 2200 4982 autem
2235 4931 2390 4998 equis
2420 4931 2499 4984 usi
2550 4930 2847 4992 velocibus,
2894 4930 2999 4983 cito
3041 4930 3267 4979 veniunt
3310 4928 3415 4998 By-

1847 5024 2107 5076 zantium.
2136 5021 2339 5075 Deinde
2371 5038 2492 5075 cum
2526 5021 2641 5091 ipso
2669 5022 2756 5075 die
2795 5020 3134 5087 traiecissent
3162 5021 3213 5072 in
3258 5016 3421 5072 Nico-

1845 5115 2097 5175 mediam,
2128 5123 2181 5166 ct
2211 5115 2292 5167 usi
2318 5125 2500 5169 essent
2526 5130 2716 5168 rursus
2734 5131 2896 5168 cursu
2929 5115 3163 5182 publico,
3191 5112 3419 5167 veniunt

1848 5205 2108 5275 Synadem
2162 5203 2404 5275 Phrygia:
2469 5206 2854 5283 metropolitn:
2904 5215 2955 5258 et
3014 5204 3251 5273 acceptis
3317 5206 3416 5258 viae

1848 5298 2076 5352 ducibus
2103 5312 2130 5349 a
2159 5298 2407 5366 praeside,
2445 5298 2536 5367 qui
2585 5297 2695 5352 illic
2743 5309 2883 5356 erat.
2918 5296 3202 5368 Spinthere
3246 5297 3417 5357 dicto.

1852 5403 1909 5445 ut
1940 5389 2183 5444 fueratei
2216 5390 2535 5457 imperatum
2577 5407 2605 5443 a
2649 5390 2993 5452 Corneliauo,
3044 5391 3186 5441 circa
3229 5389 3416 5442 horam

1852 5484 2048 5536 nonam
2082 5484 2305 5538 veniunt
2340 5484 2393 5537 in
2423 5485 2701 5538 civitatem
2748 5482 3295 5549 Hierapolitanorum.
3336 5480 3417 5534 In-

1855 5576 2163 5650 gredientes
2184 5594 2312 5648 ergo
2340 5578 2611 5633 civitatem
2642 5586 2935 5633 occurrunt
2968 5578 3218 5640 Abercio,
3252 5575 3415 5629 veluti

246 5740 324 5833 (ξ)
355 5742 737 5833 ⁸Μιιείειιοτίιιηὶ
766 5749 957 5830 _aliter
1010 5753 1361 5833 diceban_tur_
1386 5756 1632 5833 Agentes
1666 5762 1746 5833 fin
1791 5762 1970 5821 rebus.
2031 5764 2228 5833 quibus
2259 5781 2380 5821 cum
2434 5768 2558 5828 alia,
2609 5775 2720 5819 tum
2761 5765 2921 5822 etiam
2966 5764 3275 5819 erectiones
3317 5773 3421 5828 pa-

169 5808 310 5867 blici
346 5808 540 5873 cursus
579 5819 883 5876 commissae
921 5808 1117 5879 erantf
1146 5808 1295 5883 Vide
1329 5808 1737 5887 BarisvaiiI-ltig.
