4198 6312
812 378 942 438 12³35

2077 380 2353 439 MENSIS
2392 380 2750 441 OCTOBER.

3899 372 4027 436 1236

805 491 1005 558 optima
1044 489 1164 542 data
1220 489 1530 543 occasione.
1584 487 1803 541 Solebat
1857 489 1998 542 enim
2051 489 2179 542 hora
2227 504 2367 542 nona
2399 497 2438 550 Α

2473 487 2561 548 οἷα
2628 494 3107 562 προστεταγμένον
3172 490 3321 562 αὐτῷ
3375 489 3524 559 παρά
3578 483 3894 558 Κορνηλίου
3934 484 4025 536 τοῦ

807 581 1023 634 domum
1059 580 1230 634 redire
1264 597 1291 632 a
1335 580 1599 645 docendo,
1635 581 1820 633 solitas
1867 596 2051 646 preces
2103 579 2208 634 Deo
2243 582 2363 634 red-

806 671 1034 725 diturus.
1068 676 1239 740 Atque
1287 673 1359 726 illi
1403 673 1619 741 quidem
1655 673 1703 725 ei
1753 672 1877 724 facti
1940 673 2175 733 ebriam,
2208 688 2361 742 roga-

806 773 930 817 runt
967 766 1182 817 ubinam
1212 776 1354 820 esset
1391 767 1758 829 Euxenianus,
1793 777 1846 818 et
1875 781 2107 834 quonam
2152 766 2226 818 ire
2268 767 2362 819 de-

802 855 1016 918 berent,
1059 867 1116 909 ut
1153 871 1272 910 eum
1324 858 1706 910 convenirent.
1764 855 2050 924 Postquam
2100 871 2224 909 vero
2273 857 2363 910 ille

807 949 1035 1016 rogavit,
1070 949 1195 1016 quid
1240 956 1566 1017 quaererent,
1608 957 1656 1001 el
1690 963 1786 1001 cur
1817 947 2084 1008 venirent,
2126 947 2242 1014 ejus
2279 948 2362 998 in-

807 1040 1218 1110 terrogationem
1264 1055 1402 1110 aegre
1443 1039 1620 1094 ferens
1667 1039 1928 1101 Valerius,
1978 1038 2207 1106 etquod
2257 1053 2362 1091 non

805 1129 912 1182 cito
965 1129 1032 1182 ad
1095 1131 1313 1197 quesita
1377 1130 1776 1199 respondisset,
1836 1127 2098 1182 audacius
2161 1126 2362 1195 aliquid

807 1220 988 1284 audet,
1025 1221 1161 1275 forte
1198 1231 1375 1274 n'mtus
1423 1238 1450 1272 a
1486 1222 1739 1289 maligno,
1794 1228 1846 1273 et
1887 1217 2130 1271 extendit
2178 1217 2363 1270 dexte-

807 1325 917 1362 ram
941 1310 1206 1364 adversus
1242 1319 1512 1372 sanctum,
1546 1309 1732 1362 volens
1767 1321 1888 1361 eum
1929 1305 2138 1376 ﬂagello
2170 1321 2364 1376 percu-

806 1411 938 1454 lere.
975 1400 1165 1453 Manus
1215 1409 1432 1462 autem,
1475 1415 1592 1468 quae
1643 1414 1766 1452 eum
1807 1399 2042 1468 desuper
2091 1399 2362 1460 servabat,

805 1505 913 1543 non
949 1489 1047 1543 fuit
1081 1491 1378 1560 negligens.
1413 1491 1504 1544 sed
1537 1493 1710 1544 audax
1759 1491 2083 1559 puniebatur
2113 1490 2359 1552 dextera,

803 1586 858 1630 et
891 1587 1008 1631 erat
1039 1578 1350 1643 immobilis,
1383 1589 1635 1649 tanquam
1665 1581 1840 1633 vincta
1875 1580 2053 1649 aliquo
2083 1580 2363 1648 compede.

803 1668 1014 1723 Invadit
1046 1670 1271 1725 alterum
1302 1687 1518 1741 quoque
1559 1679 1734 1727 metus
1768 1682 1987 1742 propter
2033 1688 2231 1724 novum
2267 1672 2369 1725 hoc

803 1767 1164 1828 spectaculum
1186 1781 1198 1817 :
1218 1773 1272 1818 et
1301 1766 1462 1819 ambo
1484 1766 1551 1819 ab
1583 1766 1735 1834 equis
1766 1767 2173 1825 descendentes,
2195 1764 2370 1834 proci-

802 1853 1018 1907 duntad
1040 1855 1205 1908 sancti
1237 1855 1422 1922 pedes,
1445 1866 1499 1909 et
1529 1856 1724 1908 liuntei
1754 1855 2042 1924 supplices,
2077 1865 2128 1910 ut
2156 1871 2364 1921 manus,

801 1957 921 2011 qu:e
953 1955 1310 2008 emarcuerat,
1341 1957 1392 1999 et
1423 1956 1540 1999 erat
1565 1947 1718 2016 quasi
1749 1957 1978 2009 mortua,
2004 1947 2366 2002 eﬂloresceret

804 2049 992 2088 rursus
1022 2043 1078 2089 et
1110 2036 1477 2103 revivisceret,
1519 2053 1690 2107 neque
1741 2037 1818 2093 sic
1863 2050 2166 2093 remaneret
2223 2055 2366 2094 mor-

802 2132 913 2181 tua.

2467 584 2705 654 ἐπάρχου
2739 586 2865 655 περί
2900 603 2999 638 που
3025 583 3124 654 τὴν
3153 583 3347 650 ἐνάτην
3374 582 3523 650 ὥραν
3574 579 3674 649 τὴν
3719 575 4024 646 Ἱεραπολι-

2463 679 2572 730 τῶν
2613 677 3147 746 καταλαμϐάνουσιν.
3185 676 3459 735 Είσιόντες
3485 670 3779 739 τοιγαροῦν
3806 668 3906 735 τὴν
3929 665 4025 717 πόα

2464 770 2569 833 λιν,
2608 769 2888 821 ὑπαντῶσι
2931 769 3009 838 τῷ
3047 767 3338 836 Ἀδερκίῳ,
3398 764 3494 818 καὶ
3551 761 3723 814 ταῦτα
3776 759 3888 811 ἀπὸ
3932 755 4023 808 τοῦ

2468 862 2808 928 παρήκοντος
2837 875 2850 890 ⁸
2885 858 3066 912 είώθει
3095 861 3203 927 γὰρ
3237 858 3376 910 κατὰ
3405 856 3502 924 τὴν
3531 853 3730 920 ἐνάτην
3779 850 3933 920 ὤραν
3963 850 4023 899 ἐκ

2465 953 2566 1020 τῆς
2595 951 2948 1013 διδασκαλίας
2977 951 3160 1003 οἴκαδε
3218 948 3580 1017 ἀναστρέφειν
3631 944 3732 1006 τὰς
3771 941 4024 1009 συνήθεις

2467 1044 2764 1097 ἀποδώσων
2796 1044 2962 1112 εὐχᾶς
2983 1042 3062 1113 τῷ
3093 1041 3234 1110 Θεῷ.
3265 1043 3325 1093 Ol
3365 1041 3462 1108 μὲν
3490 1035 3582 1091 οὖν
3615 1036 4025 1102 ὑπαντήσαντες

2469 1136 2642 1205 αὐτῷ,
2683 1135 3140 1200 ἀνεπυνθάνοντο,
3175 1133 3278 1187 ποῦ
3303 1149 3434 1185 ποτε
3467 1130 3705 1198 ὑπάρχοι
3739 1125 4024 1189 Εὖξεινια-

2468 1228 2579 1288 νὸς,
2610 1229 2704 1280 καὶ
2737 1229 2842 1296 ὅπη
2873 1228 3173 1296 γενόμενοι,
3208 1226 3484 1294 ἐντύχοιεν
3515 1222 3592 1289 τῷ
3626 1218 3808 1287 ἀνδρί.
3851 1217 3912 1266 Ὁ
3940 1214 4017 1270 δὲ.

2469 1317 2659 1384 ἐπειδὴ
2686 1317 2780 1368 καὶ
2811 1317 2972 1379 αὐτὸς
3003 1317 3083 1379 τίς
3132 1333 3188 1368 τε
3224 1317 3255 1383 ἠ
3308 1315 3538 1383 ζήτησις
3576 1310 3670 1362 τοῦ
3701 1306 3901 1376 ἀνδρὸς
3935 1304 4030 1354 καὶ

2467 1405 2553 1473 ἐφ’
2577 1405 2685 1474 ὅτῳ
2717 1407 2904 1474 ἥκοιεν
2950 1408 3136 1476 ἡρετο,
3183 1407 3280 1474 τὴν
3313 1404 3525 1456 ἐκείνου
3567 1400 3839 1471 ἐρώτησιν
3873 1398 4032 1467 χαλε-

2471 1494 2585 1558 πῶς
2617 1497 2858 1563 ἐνεγκὼν
2895 1497 3212 1563 Οὐαλέριος.
3251 1498 3335 1548 ὅτι
3372 1495 3445 1565 μὴ
3483 1498 3621 1563 ταχῦ
3665 1491 4029 1560 ἀπεκρίνατο.

2468 1587 2642 1657 τολμᾷ
2671 1604 2722 1642 τι
2758 1591 2852 1640 καὶ
2884 1586 3240 1657 θρασύτερον,
3295 1587 3427 1647 ἴσως
3479 1585 3583 1636 ὑπὸ
3637 1583 3732 1636 τοῦ
3787 1578 4031 1647 πονηριιῦ

2471 1678 2734 1746 κινηθεὶς,
2772 1679 2866 1729 καὶ
2891 1677 3164 1729 ἀνατείνει
3199 1676 3338 1727 κατὰ
3368 1674 3461 1726 τοῦ
3493 1676 3650 1739 ἀγίου
3679 1674 3782 1738 τὴν
3824 1671 4031 1732 δεξιὰν,

2473 1768 2671 1835 πλῆξαι
2697 1768 2886 1821 τοῦτον
2937 1772 3003 1837 τῇ
3043 1769 3271 1837 μάστιγι
3309 1764 3624 1836 βουληθείς·
3666 1763 3764 1814 καὶ
3803 1759 3968 1820 εὐθὺς
4001 1761 4033 1824 ἡ

2475 1859 2790 1928 φρουροῦσα
2825 1860 2948 1928 χεὶρ
2977 1857 3183 1911 ἀνωθεν
3217 1859 3315 1909 οὐκ
3339 1858 3552 1926 ἠμέλει,
3581 1856 3676 1907 καὶ
3720 1853 3751 1922 ἡ
3782 1851 4035 1918 τολμηρά

2471 1949 2762 2012 ἐκολάζετο
2789 1964 2802 1978 ’
2864 1949 2962 2001 καὶ
2995 1949 3251 2018 ἀκίνητος
3280 1944 3345 2016 ἦν
3377 1949 3564 2016 ὥσπερ
3593 1949 3700 1997 τινὶ
3755 1958 4035 2012 προκαταα

2475 2041 2733 2110 σχεθεῖσα
2768 2042 2922 2112 πέδῃ.
2947 2039 3232 2110 Λαμϐἀνει
3287 2040 3382 2091 καὶ
3435 2037 3526 2090 τὸν
3553 2040 3744 2105 ἓτερον
3772 2036 3894 2095 δέος
3941 2033 4032 2085 ἐπὶ

2471 2133 2551 2199 τῷ
2583 2133 2752 2202 καινῷ
2781 2132 2954 2202 τούτῳ
2984 2132 3243 2200 θεάματι,
3273 2132 3368 2184 καὶ
3401 2129 3707 2189 ἀποβάντες
3733 2129 3903 2194 ἄμφω
3925 2123 4035 2175 τῶν

802 2215 1006 2284 ἵππων,
1067 2222 1472 2291 προσπίπτουσί
1531 2241 1585 2276 τε
1645 2227 1758 2290 τοῖς
1796 2224 1889 2277 τοῦ
1938 2225 2094 2292 ἀγίου
2141 2223 2287 2288 ποσὶ,
2313 2224 2407 2277 καὶ
2457 2225 2631 2276 ἱκέται
2663 2225 2904 2292 γίνονται
2931 2225 3180 2278 ταπεινοὶ
3212 2223 3354 2289 λίαν,
3386 2222 3530 2273 ὥστε
3577 2220 3676 2288 τὴν
3708 2219 4041 2285 ἀπομαραν-

802 2312 988 2367 θεῖσαν
1023 2318 1180 2383 χεῖρα
1206 2318 1300 2370 καὶ
1355 2321 1518 2372 οἱονεὶ
1548 2320 1876 2389 τεθνηκυῖαν
1931 2321 2196 2388 ἀναθῆλαι
2250 2321 2410 2372 πᾶλιν
2448 2322 2539 2373 καὶ
2567 2323 2859 2390 ἀναζῆσαι,
2899 2323 3034 2392 μηδὲ
3066 2321 3241 2383 οὕτως
3275 2319 3669 2388 ἀπολειφθῆναι
3701 2312 3932 2382 νεκράν.

874 2405 1015 2461 XIX.
1047 2408 1140 2462 llle
1162 2418 1342 2464 autem
1374 2409 1425 2462 in
1458 2410 1561 2464 hoc
1592 2425 1807 2479 quoque
1843 2421 2102 2465 consueta
2138 2426 2264 2465 usus
2287 2418 2373 2463 est

803 2498 1198 2563 misericordia,
1235 2510 1289 2555 et
1347 2501 1520 2570 tangit
1558 2503 1776 2571 quidem
1814 2519 2034 2556 manum
2069 2503 2204 2556 male
2234 2501 2364 2554 all‘e-

803 2600 970 2653 ctam,
1018 2605 1208 2644 sanam
1256 2608 1383 2647 vero
1429 2609 1547 2648 eam
1607 2595 1778 2649 reddit
1841 2596 2107 2663 protinus.
2166 2595 2370 2648 Deinde

806 2697 994 2736 rursus
1038 2682 1349 2741 sciscitatus
1385 2699 1620 2753 quanam
1659 2684 1726 2739 de
1756 2701 1920 2738 causa
1953 2697 2094 2738 esset
2123 2686 2200 2736 eis
2229 2700 2366 2753 opus

803 2787 926 2826 eum
965 2775 1292 2838 convenire,
1342 2784 1395 2828 et
1451 2776 1806 2830 intellexiSSet
1863 2777 2004 2844 quod
2063 2778 2129 2830 ad
2193 2778 2370 2846 ipsum

805 2863 1012 2918 ferrent
1041 2864 1250 2920 litteras
1301 2866 1663 2936 imperatoris,
1705 2867 1763 2921 ﬁt
1804 2869 1883 2922 eis
1907 2870 2013 2922 dux
2047 2869 2276 2934 itineris,
2317 2881 2372 2923 et

805 2955 1024 3009 deducit
1059 2957 1460 3026 quamprimum
1503 2960 1566 3011 ad
1608 2961 1751 3012 aedes
1774 2958 2092 3013 Euxcniani.
2138 2960 2231 3012 Ille
2277 2977 2374 3014 au-

807 3057 936 3111 tem,
966 3047 1204 3117 acceptis
1249 3048 1460 3112 litteris,
1511 3064 1632 3103 cum
1687 3067 1805 3120 qua:
1845 3052 2258 3106 continebantur
2311 3053 2362 3106 in

2541 2410 2643 2467 16'.
2690 2415 2750 2467 ’0
2773 2416 2828 2467 δέ
2863 2415 2964 2482 τῆς
2996 2413 3261 2483 συνήθους
3291 2414 3395 2464 κάν
3427 2410 3603 2477 τούτῳ
3645 2407 3864 2476 γίνεται
3893 2422 4038 2472 συμ-

2472 2506 2720 2570 παθείας,
2750 2509 2846 2560 καὶ
2873 2509 3113 2561 ἅπτεται
3154 2505 3252 2574 μὲν
3284 2504 3383 2572 τῆς
3407 2501 3781 2570 πηρωθείσηςο
3819 2498 3954 2564 ὑγιᾶ
3983 2497 4038 2547 δὲ

2469 2600 2638 2670 αὐτὴν
2662 2601 2826 2662 εὐθὺς
2857 2599 3157 2653 δείκνυσιν.
3194 2594 3327 2650 Εἶτα
3357 2597 3456 2666 τὴν
3492 2594 3675 2647 αἰτίαν
3714 2594 3808 2645 καὶ
3864 2591 4031 2644 πάλιν

2470 2691 2565 2756 τῆς
2597 2689 2689 2742 τοῦ
2721 2690 2914 2760 ἀνδρὸς
2944 2691 3132 2760 χρείας
3159 2689 3442 2758 ἐρόμενος,
3475 2684 3570 2736 καὶ
3601 2683 3788 2753 μαθὼν
3821 2684 3906 2732 ὅτι
3943 2683 4040 2748 βα-

2472 2780 2655 2831 σιλικὰ
2686 2781 2818 2849 πρὸς
2859 2780 3024 2832 αὐτὸν
3057 2777 3334 2848 κομίζοιεν
3361 2777 3687 2844 γράμματα,
3717 2772 3915 2839 ὁδηγὸς
3946 2772 4035 2837 γε·

2471 2888 2625 2923 νεται
2654 2871 2761 2924 τῶν
2787 2871 3020 2942 ἀνδρῶν,
3047 2871 3142 2924 καὶ
3182 2872 3263 2932 εἷς
3294 2869 3384 2922 τὸν
3413 2865 3763 2932 Εὑξεινιανοῦ
3796 2861 3951 2916 οἷκον
3981 2862 4041 2912 τὸ

2467 2963 2631 3032 τάχος
2673 2965 2891 3028 ἐπάγει.
2940 2965 3178 3025 Ἐκεῖνος
3235 2962 3423 3029 μέντοι
3478 2959 3545 3010 τὰ
3583 2956 3900 3025 γράμματα
3961 2955 4039 3012 εἰς

2465 3057 2654 3124 χεῖρας
2682 3053 2882 3116 λαϐὼν,
2915 3055 3006 3106 καὶ
3031 3052 3099 3106 τὰ
3143 3051 3438 3118 ἐγκείμενα
3487 3045 3814 3111 ἐπεξελθὼν,
3875 3059 4042 3111 μετα-

806 3139 908 3204 eis,
941 3140 1283 3209 perlegisset,
1319 3148 1507 3193 sancto
1541 3141 1720 3195 statim
1767 3143 1930 3197 tradit
1975 3144 2282 3213 epistolam,
2317 3143 2438 3199 etC

2473 3145 2652 3198 δίδωσι
2681 3145 2782 3214 τὴν
2827 3143 3124 3210 ἐπιστολὴν
3186 3139 3345 3202 εὐθὺς
3399 3138 3478 3209 τῷ
3531 3136 3694 3205 ἁγίῳ,
3754 3135 3853 3187 καὶ
3884 3132 4038 3201 ἠξίου

807 3238 976 3298 rogat,
1010 3237 1069 3282 ut
1099 3229 1236 3282 nihil
1277 3229 1517 3296 dill‘erat,
1550 3232 1644 3285 sed
1689 3233 1831 3286 sicut
1882 3233 2178 3304 imperator
2224 3237 2370 3288 vole—

808 3321 940 3385 bat,
1000 3321 1104 3374 iter
1159 3321 1561 3392 quamprimum
1622 3323 1788 3375 ineat.
1843 3321 2012 3386 Quam
2074 3339 2198 3377 cum
2259 3324 2374 3394 ipse

806 3428 1023 3482 quoque
1072 3411 1329 3482 legisset:
1369 3410 1616 3477 Veniam,
1667 3413 1860 3482 inquit,
1916 3425 2269 3485 promptaque
2319 3428 2374 3471 et

809 3502 973 3557 alacri
1010 3503 1190 3556 animo
1219 3504 1320 3556 iter
1352 3504 1654 3558 conﬁciam.
1695 3502 1780 3558 Fit
1828 3508 1972 3560 enim
2005 3508 2105 3560 hoc
2149 3509 2237 3560 Dei
2275 3524 2373 3561 vo-

807 3593 1038 3657 luntate,
1087 3606 1145 3648 ut
1186 3593 1316 3648 mihi
1351 3611 1566 3662 quoque
1597 3597 1707 3662 jam
1755 3613 1785 3646 a
1844 3597 2068 3649 Domino
2121 3609 2238 3652 meo
2270 3599 2370 3652 fuit

809 3686 1189 3754 signiﬁcatum.
1221 3686 1286 3738 Et
1331 3686 1664 3753 Inagistriani
1699 3687 1917 3755 quidem
1973 3691 2225 3756 praeclare
2275 3692 2373 3743 de-

808 3775 954 3828 ducti
988 3776 1051 3828 ad
1091 3773 1485 3838 Euxeuiauum,
1535 3787 1588 3829 et
1617 3776 1685 3830 ab
1723 3793 1788 3830 eo
1824 3775 2124 3831 honoriﬁce
2166 3781 2372 3848 accepti

811 3865 1064 3932 hospitio,
1095 3881 1218 3918 cum
1253 3864 1388 3918 duos
1415 3867 1530 3920 dies
1564 3866 1704 3936 apud
1737 3867 1909 3935 ipsum
1939 3871 2290 3933 mansissent,
2321 3879 2376 3922 et

808 3957 856 4009 ei
885 3966 1052 4008 totum
1083 3958 1203 4020 iter,
1224 3967 1274 4008 et
1313 3959 1706 4024 navigationem
1755 3958 2181 4023 renuntiassent,
2223 3961 2373 4013 abie-

809 4056 936 4100 runt
990 4046 1146 4098 tertio
1192 4046 1302 4108 die,
1350 4047 1588 4113 acceptis
1634 4047 1700 4099 ab
1747 4061 1811 4099 eo
1848 4046 2085 4102 litteris:
2121 4064 2247 4102 cum
2297 4047 2376 4102 eis
2421 4038 2427 4046 ’

809 4145 954 4192 esset
983 4135 1253 4203 pollicitus
1287 4135 1639 4188 admirandus
1667 4136 1950 4202 Abercius,
1985 4147 2102 4203 post
2143 4137 2374 4206 quadra-

807 4225 955 4294 ginta
997 4224 1134 4288 dies,
1183 4224 1234 4276 in
1283 4226 1468 4288 Portu,
1511 4225 1599 4293 qui
1645 4227 1860 4290 dicitur,
1906 4229 1995 4294 qui
2045 4228 2260 4296 quidem
2293 4239 2376 4282 est

810 4331 978 4385 prope
1005 4316 1253 4379 Romam,
1280 4333 1336 4370 se
1363 4332 1484 4370 esse
1512 4317 1742 4371 invicem
1791 4327 2180 4382 conventuros,
2217 4330 2270 4372 et
2301 4320 2377 4374 sic

810 4409 969 4462 simul
1025 4424 1147 4462 cum
1202 4409 1308 4461 illis
1368 4407 1596 4461 Romam
1659 4423 1779 4462 esse
1841 4410 2232 4477 ingressurum.
2294 4411 2373 4464 Illi

810 4510 988 4554 autem
1018 4513 1138 4551 cum
1181 4514 1288 4552 nou
1315 4508 1533 4567 possent
1579 4515 1686 4554 non
1731 4500 1972 4562 credere,
2029 4502 2196 4571 (recte
2226 4504 2370 4557 enim
2408 4486 2450 4540 ῧ

807 4589 1122 4656 judicabant
1149 4602 1212 4640 ex
1247 4586 1332 4647 iis,
1360 4604 1476 4654 qua:
1511 4597 1810 4648 senserant,
1840 4598 1894 4642 et
1927 4591 2194 4655 viderant,
2228 4593 2370 4661 quod

812 4680 922 4732 lieri
965 4695 1074 4732 non
1118 4689 1320 4748 posset,
1373 4691 1429 4732 ut
1461 4682 1560 4742 vir,
1607 4681 1696 4748 qui
1753 4681 1946 4736 talibus
1983 4694 2037 4736 et
2073 4686 2233 4738 tantis
2261 4697 2378 4740 erat

811 4771 1098 4839 dignatus,
1153 4771 1543 4825 conscientiam
1597 4775 1652 4826 et
1701 4773 1934 4842 linguam
1991 4774 2211 4832 habere!
2266 4792 2377 4829 non

809 4865 1020 4928 sanam)
1045 4863 1284 4928 publicos
1300 4879 1486 4916 rursus
1503 4880 1668 4931 equos
1687 4870 2058 4932 ascendentes,
2082 4869 2383 4922 redierunt.

881 4951 993 5004 XX.
1034 4951 1253 5004 [livinns
1279 4963 1456 5004 autem
1492 4954 1754 5006 Abercius
1786 4972 1905 5008 curn
1938 4957 2142 5020 vinum,
2173 4970 2225 5011 et
2257 4975 2380 5011 ace—

812 5049 922 5091 tum
944 5042 1190 5094 ctoleum
1213 5042 1263 5092 in
1292 5057 1454 5094 unum
1478 5042 1786 5094 eteuindem
1815 5054 1985 5095 utrem
2010 5045 2301 5111 iniecisset,
2331 5057 2384 5099 et

821 5144 1022 5195 paucos
1059 5145 1224 5195 panes
1261 5140 1516 5195 pra'lerea
1549 5133 1886 5197 sumpsisset,
1923 5142 1974 5184 et
2015 5132 2212 5188 deinde
2241 5145 2383 5188 esset

811 5231 1025 5282 loeutus
1052 5236 1174 5273 cum
1219 5219 1492 5286 fratribus,
1537 5238 1656 5289 qua:
1714 5239 1807 5290 par
1856 5234 1971 5276 erat
2015 5236 2066 5279 et
2116 5226 2257 5279 illius
2299 5243 2380 5280 re-

812 5325 1030 5365 Cessum
1099 5314 1478 5367 miserabiliter
1525 5315 1784 5368 deﬂenti-5
1833 5319 2194 5384 pulcherrime
2243 5331 2384 5373 esset

819 5403 1152 5464 consolatus,
1197 5406 1440 5457 ascendit
1474 5406 1776 5459 vehiculum
1824 5408 2115 5475 publicum,
2152 5420 2204 5461 et
2232 5426 2383 5478 egre-

810 5495 956 5549 ditur
988 5511 1017 5547 e
1046 5497 1286 5550 civitate.
1328 5497 1460 5548 (lum
1507 5507 1684 5551 autem
1715 5515 1902 5568 parum
1930 5505 2279 5568 processisset
2326 5504 2377 5554 in

809 5588 916 5648 via,
953 5585 1096 5640 videt
1133 5588 1418 5654 quemdam
1457 5588 1738 5642 vinitorem
1784 5591 2096 5654 fodientem,
2141 5603 2194 5644 et
2244 5595 2377 5646 vites

807 5676 1094 5745 diligenter
1123 5678 1417 5740 colentem,
1471 5681 1541 5748 (ei
1587 5695 1781 5731 nomen
1817 5689 1932 5732 erat
1979 5681 2373 5748 'l‘mphirrzion).

809 5769 926 5833 Qun
962 5771 1276 5827 noluinatim
1310 5781 1496 5824 vocato
1533 5787 1545 5824 ι
1598 5770 1860 5842 Agedum,
1899 5772 2090 5841 inqut,
2128 5777 2225 5827 iter
2259 5792 2376 5829 me-

2478 3238 2639 3306 μηδέν
2670 3235 3023 3306 ὑπερθέσοαι,
3076 3233 3191 3287 ἀλλ’
3241 3231 3429 3302 ὥσπερ
3461 3228 3600 3298 αὐτη
3633 3227 3921 3298 ἠϐούλετο,
3942 3225 4040 3292 τὴν

2473 3329 2735 3400 ταχίστην
2763 3327 3034 3382 ἅπτεσθαι
3069 3324 3313 3396 πορείας.
3366 3322 3425 3375 Ὀ
3454 3322 3530 3383 δὲ,
3560 3321 3656 3372 καὶ
3703 3319 3871 3379 αὒτὶς
3905 3318 4037 3368 ἀναο

2476 3417 3020 3490 γνοὺς,Ἐλεύσομαι,
3053 3416 3179 3484 ἔφη,
3211 3417 3302 3466 καὶ
3326 3414 3425 3465 οὐκ
3456 3409 3793 3481 ἀπροθύμως
3817 3408 3917 3474 τὴν
3946 3422 4041 3458 πο-

2478 3512 2629 3580 ρείαν
2661 3509 2863 3571 ἀνύσω,
2898 3510 3020 3558 ἐπεὶ
3046 3506 3189 3558 κατὰ
3219 3503 3443 3572 γνώμην
3471 3500 3606 3553 Θεοῦ
3637 3503 3699 3552 τὸ
3729 3500 4040 3566 γινόμενον.

2473 3602 2547 3668 ὡς
2579 3601 2746 3670 κάμοὶ
2775 3600 2872 3670 ἠδη
2909 3601 3060 3671 παρά
3110 3599 3205 3653 τοῦ
3263 3597 3469 3670 Κυρίου
3517 3614 3619 3666 μου
3674 3592 3946 3662 ἐδηλώθη.
3981 3593 4041 3643 ΟΞ

2479 3694 2575 3762 μὲν
2608 3691 2700 3745 οὖν
2759 3694 3150 3761 μαγιστριανοὶ
3201 3691 3471 3760 λαμπρῶς
3532 3685 3666 3757 παρ’
3710 3682 4044 3749 Εὑξεινιανῷ

2476 3784 2810 3850 ξενισθέντες
2836 3823 2849 3845 ,
2887 3783 2980 3834 δύο
3009 3784 3068 3836 τέ
3097 3799 3250 3844 τινας
3301 3783 3510 3850 ἡμέρας
3561 3778 3692 3847 παρ’
3729 3776 3883 3845 αὐτῷ
3926 3775 4049 3845 μείς

2477 3893 2688 3939 ναντες,
2721 3875 2817 3944 τὴν
2842 3875 3069 3945 πορείαν
3095 3891 3152 3926 τε
3187 3876 3371 3926 πᾶσαν
3406 3868 3555 3937 αὐτῷ
3601 3868 3695 3921 καὶ
3725 3867 3820 3918 τὸν
3875 3865 4042 3916 πλοῦν

2476 3971 2938 4038 ἀπαγγείλαντες,
3005 3971 3068 4039 τῇ
3150 3970 3314 4039 τρίτῃ
3390 3967 3704 4032 ἀντίγραφα
3763 3960 4041 4022 λαϐόντες,

2477 4060 2744 4130 ἀπῄεσαν,
2785 4063 3166 4130 ὑπεσχημένον
3203 4061 3384 4120 αὐτοῖς
3418 4059 3522 4110 ὑπὸ
3567 4056 3665 4108 τοῦ
3713 4052 4040 4123 θαυμαστοῦ

2489 4152 2774 4222 Ἀϐερκίου
2830 4152 2968 4221 μετὰ
2998 4151 3412 4220 τεσσαράκοντα
3461 4149 3588 4207 ὅλας
3652 4148 3876 4215 ἡμέρας
3906 4145 4044 4197 κατὰ

2475 4248 2566 4299 τὶν
2593 4247 2884 4315 λεγόμενον
2922 4244 3126 4312 Πὸρτον
3157 4243 3214 4307 ὃς
3287 4243 3546 4312 ἐχόμενος
3589 4241 3817 4309 Ῥώμης
3873 4239 4041 4301 ἐστὶν,

2477 4338 2730 4406 ἀλλήλοις
2764 4340 3035 4406 ἐντυχεῖν,
3076 4339 3168 4389 καὶ
3196 4336 3366 4399 οὕτως
3394 4337 3510 4403 ἅμα
3553 4334 3791 4395 ἐκείνοις
3820 4334 3923 4398 τῆς
3956 4332 4047 4381 πέρ

2479 4428 2614 4488 λεως
2646 4428 2920 4495 ἐπιϐῆναι.
2954 4431 3016 4480 Οἱ
3046 4429 3103 4479 δὲ
3134 4430 3384 4480 ἀπιστεῖν
3414 4429 3512 4478 οὐκ
3536 4426 3756 4494 ἔχοντες
3813 4423 4046 4490 (ἔκρινον

2479 4525 2588 4593 γὰρ
2618 4521 2793 4591 ὀρθῶς
2829 4519 2886 4585 ἐξ
2916 4514 2987 4572 ὧν
3011 4520 3214 4572 ἔπαθόν
3241 4537 3299 4572 τε
3324 4519 3420 4572 καὶ
3452 4514 3638 4584 εἶδον),
3669 4516 3754 4568 ὃτι
3783 4515 4047 4568 ἀὸν’νατον

2480 4614 2651 4684 ἄνδρα
2680 4613 2936 4665 τοιούτων
2975 4613 3280 4680 ἠξιωμένον
3348 4611 3411 4662 τό
3445 4627 3505 4661 τε
3547 4607 3792 4669 συνειδὸς
3829 4610 3923 4658 καὶ
3952 4610 4046 4671 τὴν

2481 4706 2728 4772 γλῶτταν
2763 4705 2908 4776 ἔχειν
2945 4705 3042 4772 οὐχ
3086 4701 3236 4768 ὑγιᾶ)
3294 4704 3404 4762 τοῖς
3436 4700 3724 4768 δημοσίοις
3761 4703 3860 4753 καὶ
3898 4695 4046 4758 αὖθις

2482 4798 2766 4859 ἐπιϐάντες
2807 4797 2992 4858 ἵπποις
3018 4793 3348 4864 ἐπανῄεσαν.

2555 4954 2640 5010 Κ’.
2690 4953 2974 5022 ’Λεέρκιος
3013 4956 3065 5006 δὲ
3096 4955 3121 5004 ὀ
3157 4956 3318 5011 θεῖος,
3377 4947 3520 5003 οἶνόν
3575 4969 3637 5004 τε
3669 4954 3770 5004 καὶ
3800 4953 3922 5014 ὄξος
3962 4953 4047 5002 καὶ

2485 5050 2663 5099 ἔλαιον
2700 5049 2779 5108 εἰς
2811 5048 2904 5097 ἕνα
2934 5046 3023 5097 καὶ
3056 5046 3147 5096 τὸν
3181 5045 3342 5096 αὐτὸν
3380 5043 3547 5096 ἀσκὸν
3588 5043 3878 5108 ἐμϐαλὼν,
3921 5045 4044 5110 προς

2484 5140 2540 5191 δὲ
2579 5140 2675 5191 καὶ
2727 5139 2924 5206 ἄρτους
2963 5137 3175 5201 ὀλίγους
3224 5134 3424 5195 λαϐὼν,
3483 5133 3603 5186 εἶτα
3646 5137 3764 5193 τοῖς
3805 5135 4046 5201 saneea,-

2484 5229 2787 5296 διαλεχθεὶς
2834 5229 2899 5279 τὰ
2951 5227 3152 5287 εἰκότα,
3219 5229 3314 5293 τὴν
3360 5226 3575 5277 ἐκείνου
3627 5239 3686 5273 τε
3741 5224 4044 5291 ἀποδημίαν

2487 5321 2732 5383 ἐλεεινῶς
2762 5319 3198 5387 ἁποόυρομὲνους
3238 5317 3537 5381 δεξιώτατα
3565 5317 4044 5386 παραμυθησάμε-

2485 5429 2593 5475 νος,
2627 5410 2903 5480 ὀχήματος
2935 5409 3216 5460 ποὶιτικοῦ
3250 5409 3541 5466 ἐπιῦαίνει,
3573 5409 3671 5459 καὶ
3709 5408 3810 5472 τῆς
3847 5408 4043 5460 πόλεως

2486 5502 2672 5567 ἔξεισι.
2718 5502 2898 5571 Βραγρ
2927 5500 2979 5551 δέ
3013 5501 3108 5565 τῆς
3134 5499 3257 5550 ὁδοῦ
3321 5496 3626 5565 προελθὼν,
3662 5497 3771 5568 δρᾷ
3797 5514 3921 5549 τινα
3949 5496 4042 5559 ἀμ·

2486 5594 2789 5661 πελουργὺν
2823 5594 3157 5653 σκάπτοντα,
3185 5590 3279 5642 καὶ
3304 5590 3432 5659 περῖ
3466 5589 3568 5651 τὰς
3596 5591 3890 5658 ἀμπέ)ους
3935 5589 4042 5636 ἐπει

2491 5684 2664 5751 μελιῖις
2698 5683 2885 5752 ἔχοντα
2920 5685 3110 5750 (metu
3147 5680 3223 5748 τῷ
3255 5675 3408 5750 ἀνδρὶ
3435 5681 3787 5749 Τροιξιμίων)
3817 5693 3829 5704 ·
3870 5675 4044 5728 τοῦτον

2494 5777 2752 5842 ὁνομασιὶ
2791 5776 3047 5835 καλέσας,
3081 5771 3266 5843 Δεῦρο,
3303 5773 3486 5840 φησὶν,
3517 5769 3746 5838 ἀεεὶφὶ,
3777 5768 4040 5823 comitiva-
