4198 6312
207 333 337 397 1241

1509 339 1682 402 νιϊΑ
1727 341 1788 400 S.
1828 339 2155 404 ABERCII.

3310 344 3442 405 1242

279 449 402 502 Kl".
435 449 499 502 Ἢ
524 450 577 502 δὲ
602 450 732 520 κόρη
754 450 848 503 τοῦ
882 453 1223 522 ἐνοχλοῦντος
1270 453 1644 520 ἀπαλλαγεῖσαι
1670 453 1747 504 δαί

1849 497 1850 505 χ
1955 453 2141 510 XXIII.
2178 455 2359 510 Puella
2391 466 2571 510 autem
2607 457 2827 511 liberata
2853 471 2880 510 a
2912 457 3174 521 diemone,
3200 458 3288 526 qui
3321 474 3440 513 eam

207 559 387 610 μονος,
417 543 628 609 ἄφωνος
661 544 752 594 ἐπὶ
785 546 952 598 πολὺν
1000 549 1190 614 χρόνον
1231 549 1340 600 τῶν
1389 549 1562 600 ποδῶν
1595 549 1770 616 εἴχετο

202 631 300 683 τοῦ
332 633 489 698 ἁγίου
513 649 526 664 ⁸
570 634 596 684 ὃ
641 636 736 687 καὶ
756 637 995 714 μάλιστα
1025 638 1123 707 τὴν
1157 641 1367 707 μητέρα
1395 642 1487 692 καὶ
1523 641 1647 703 τοὺς
1676 657 1770 690 παι

205 723 401 788 ρόντας
464 725 736 795 ἐθορύϐει,
790 728 1098 791 δεδοικότας
1135 731 1209 800 μὴ
1246 733 1340 784 καὶ
1384 732 1480 801 τὴν
1527 732 1704 801 ψυχὴν
1743 733 1770 784 ὁ

201 814 414 884 δαίμων
438 818 687 885 ἀφείλετο
729 823 826 888 τῆς
857 823 1061 884 παιδός.
1094 824 1206 892 Τὴν
1250 824 1431 892 μέντοι
1465 824 1768 877 Φαυστίναν

205 907 282 976 μὴ
309 908 600 979 δυνηθῆναι
640 916 812 980 σιωπῇ
845 913 1005 966 τοῦτο
1045 915 1339 984 διενεγκεῖν
1365 959 1377 981 ,
1404 917 1537 969 ἀλλὰ
1564 918 1768 986 μεστὴν

201 998 441 1064 ἀγωνίας
464 1001 690 1070 ἔχουσαν
720 1003 815 1072 τὴν
847 1008 1094 1075 καρδίαν,
1114 1009 1249 1077 πρὸς
1274 1009 1361 1060 τὸν
1393 1009 1544 1076 ἆγιον
1567 1011 1731 1078 φάναι
1749 1025 1761 1039 ’

201 1085 278 1141 Ἢ
308 1107 408 1143 που
443 1093 578 1160 μετὰ
613 1095 705 1145 τοῦ
763 1096 1028 1166 δαίμονος
1081 1099 1395 1168 ἀπήλλαξας
1442 1101 1540 1166 τὴν
1598 1101 1765 1152 παῖδα

201 1183 296 1232 καὶ
334 1183 430 1249 τῆς
467 1184 630 1253 ζωῆς.
678 1186 738 1237 '0
767 1187 822 1238 δὲ
849 1188 1020 1252 οὕτως
1047 1192 1215 1261 αὐτὴν
1236 1191 1583 1262 διακειμένην
1617 1193 1763 1258 ἰδὼν,

200 1274 295 1322 καὶ
335 1275 627 1341 οἰκτείρας,
652 1277 750 1347 τὴν
781 1281 934 1347 χεῖρα
963 1284 1026 1350 τῇ
1062 1283 1213 1334 παιδὶ
1243 1287 1552 1352 προτείνας,
1574 1286 1763 1357 ὥσπερ

199 1366 306 1414 ὑπὸ
345 1363 499 1432 βαθεῖ
525 1368 676 1438 ὕπνῳ
726 1373 1188 1443 κατειλημμένην,
1243 1378 1520 1444 νήφουσαν
1562 1381 1765 1450 ἐγείρει

197 1459 293 1506 καὶ
334 1459 732 1526 σωφρονοῦσαν,
764 1465 855 1514 καὶ
887 1465 1020 1532 πρὸς
1051 1466 1148 1535 τὴν
1177 1469 1480 1523 Φαυστίναν
1502 1472 1762 1541 ἐπιστρα-

198 1548 355 1613 975“;-
406 1550 559 1615 Ἰδοὺ,
609 1555 764 1622 φησὶ,
793 1558 1107 1627 παρέστηκέ
1143 1576 1220 1611 σοι
1263 1562 1294 1628 ή
1326 1565 1472 1628 παῖς,
1492 1563 1614 1616 οὔτε
1667 1567 1763 1635 τῆς

196 1639 347 1708 ζωῆς
383 1644 724 1714 στερηθεῖσα,
770 1650 861 1699 καὶ
910 1649 1005 1718 τῆς
1045 1650 1138 1702 τοῦ
1191 1652 1440 1722 δαίμονος
1501 1659 1763 1727 ἐπηρείας

194 1732 592 1800 ἀπαλλαγεῖσα.
629 1735 715 1798 Ὧς
752 1734 842 1791 οὖν
872 1739 1014 1793 οὕτω
1043 1742 1136 1808 τὴν
1161 1746 1323 1797 παῖδα
1349 1749 1380 1815 ἡ
1418 1749 1598 1818 μήτηρ
1633 1744 1736 1801 εἶδε

193 1827 572 1895 περιϐαλοῦσα
608 1831 842 1900 ταύτην,
868 1836 962 1887 καὶ
993 1836 1202 1907 δάκρυα
1231 1842 1405 1908 χαρᾶς
1437 1843 1571 1912 αὐτῇ
1601 1859 1764 1896 κατα-

191 1917 388 1985 ximat,
449 1923 681 1990 παρειάν
717 1939 772 1974 τε
815 1929 1022 1998 παρειᾷ
1074 1930 1334 1992 ἐπετίθει,
1391 1933 1482 1982 καὶ
1537 1933 1761 2001 στόματι

193 2008 390 2076 στόμα,
420 2011 572 2078 χερσί
603 2029 658 2063 τε
699 2014 952 2068 ἐνέὸαλλε
992 2020 1199 2088 χεῖρας,
1229 2020 1321 2072 καὶ
1375 2020 1560 2090 ὥσπερ
1615 2022 1761 2073 ἔνδον

189 2100 376 2152 λαϐεῖν
401 2103 495 2154 καὶ
531 2109 709 2176 γυμνῇ
753 2108 890 2178 αὐτῇ
927 2113 1284 2176 συγγενέσθαι
1317 2115 1380 2182 τῇ
1407 2115 1550 2182 ψυχῇ
1579 2114 1761 2183 γλιχο-

192 2191 358 2258 μένη,
382 2194 479 2245 οὐκ
505 2191 649 2263 εἶχεν
681 2197 708 2248 ὃ
747 2215 797 2250 τι
832 2201 924 2252 καὶ
953 2203 1182 2267 γένοιτο.
1221 2205 1436 2274 Ἐπειδὴ
1466 2205 1522 2256 δὲ
1561 2205 1762 2268 ἱκανῶς

189 2282 329 2351 αὐτῇ
364 2285 459 2354 ἤδη
491 2287 556 2338 τα
590 2290 725 2356 πρὸς
757 2292 855 2360 τὴν
887 2294 1048 2345 παῖδα
1088 2290 1253 2363 εἶχεν,
1283 2298 1434 2365 ἠξίου
1485 2299 1576 2352 τὸν
1621 2299 1762 2352 θεῖον

203 2376 484 2446 Ἀῧέρκιον
540 2381 848 2451 Θερμότατα
902 2387 1020 2439 λίαν
1077 2390 1349 2459 ᾑβασιλὶς
1385 2395 1459 2462 μὴ
1495 2397 1762 2466 παραιτή-

189 2470 389 2524 σασθαι
421 2474 550 2540 παρ’
579 2477 792 2545 ἐκείνης
827 2479 1008 2532 λαϐεῖν
1040 2483 1294 2553 ἀμοιϐὴν,
1325 2481 1466 2558 ᾗτινι
1519 2489 1760 2558 μεγάλης

185 2561 362 2625 οὕτως
392 2566 552 2630 αὐτὸς
583 2569 677 2620 καὶ
719 2572 1031 2639 ἀναγκαίας
1073 2576 1281 2645 ὑπῆρξε
1342 2579 1585 2647 χάριτος.
1617 2578 1676 2634 '0
1703 2582 1758 2633 δὲ

186 2657 486 2722 χρημάτων
522 2661 622 2726 μὲν
650 2663 769 2714 οὐδὲ
813 2667 1034 2733 μνήμην
1075 2669 1316 2739 ἀτεχνῶς
1359 2671 1612 2740 ἠνέσχετο
1638 2715 1650 2736 ,
1681 2675 1759 2725 εί-

190 2743 375 2813 ρηκὼς
426 2749 507 2800 ὅτι
548 2751 612 2801 Τί
648 2753 828 2820 δεήσοι
858 2759 1156 2824 χρημάτων
1215 2754 1365 2833 ᾧπερ
1444 2763 1606 2833 ἄρτος
1669 2767 1758 2817 καὶ

186 2835 333 2904 ὕδωρ
391 2837 677 2902 πολυτελὲς
732 2842 990 2911 ἀριστον;
1042 2851 1464 2920 οἰκοδομηθῆναι
1498 2856 1553 2906 δὲ
1590 2856 1754 2924 βαλα-

183 2929 329 2980 νεῖον
353 2930 491 2981 αίτεῖ
523 2931 616 2983 ἐπὶ
646 2933 720 3002 τῷ
753 2937 903 3005 παρά
936 2940 1181 3006 ποταμὸν
1210 2943 1388 3010 ἀγρῷ,
1412 2942 1538 2996 ἔνθα
1570 2945 1756 3008 κλίνας

183 3021 348 3084 αὐτὸς
381 3025 446 3075 τὰ
500 3025 701 3090 γόνατα
742 3027 966 3098 ηῠξατο,
1002 3035 1094 3085 καὶ
1131 3035 1162 3104 ἡ
1197 3034 1269 3104 γῆ
1327 3037 1510 3106 πηγὰς
1547 3038 1754 3091 ὑδάτων

1747 1788 1760 1812 ⁹
1793 1791 1839 1850 Β

1875 548 2116 611 vexabat,
2154 559 2296 603 muta
2329 550 2486 620 longo
2519 558 2758 618 tempore
2807 550 2983 603 tenuit
3025 551 3192 604 sancti
3230 552 3437 620 pedes;

1872 640 2013 706 quod
2046 651 2292 705 matrem,
2331 653 2383 696 et
2433 657 2545 706 eos,
2605 643 2692 711 qui
2738 643 2982 706 aderant,
3035 643 3265 698 maxime
3308 660 3441 697 eon-

1873 728 2143 793 turbabat,
2189 730 2442 785 timentes
2495 746 2562 784 ne
2614 731 2807 800 puellte
2855 732 3088 785 animam
3125 733 3441 788 abstulisset

1872 819 2100 872 daemon.
2144 819 2399 874 Faustina
2451 833 2632 876 autem
2687 837 2792 876 non
2827 823 3003 891 potuit
3049 824 3152 879 hoc
3188 824 3328 878 ferre
3365 823 3440 878 si-

1872 907 2035 969 lentio
2067 929 2078 962 :
2111 912 2201 965 sed
2236 913 2438 966 habens
2469 929 2562 966 cor
2603 915 2820 977 plenum
2875 914 3104 969 tristitia
3151 924 3204 969 et
3239 930 3439 984 angore

1871 1004 2058 1062 animi.
2108 1005 2244 1057 dixit
2315 1002 2735 1059 sancto:Certe
2797 1021 2920 1059 cum
2978 1007 3220 1060 dmmone
3273 1007 3435 1058 vitam

1870 1111 2080 1164 quoque
2113 1096 2361 1150 ademisti
2396 1097 2535 1151 ﬁliae.
2567 1097 2660 1151 Ille
2687 1109 2866 1151 autem
2901 1114 3024 1153 cum
3054 1116 3173 1154 eam
3214 1100 3438 1155 vidisset

1871 1188 1953 1240 sic
1985 1186 2255 1250 alit-ctam,
2285 1188 2476 1255 etejus
2509 1199 2654 1242 esset
2692 1191 3181 1260 misertus,puellae
3217 1208 3436 1246 manum

1872 1281 2146 1349 praebens,
2200 1289 2453 1350 tanquam
2528 1282 2796 1349 profundo
2853 1297 3045 1335 somno
3097 1298 3434 1350 Oppressam,

1869 1385 1987 1425 eam
2019 1372 2148 1426 facit
2169 1388 2389 1440 surgere
2424 1388 2568 1426 same
2609 1373 2806 1426 mentis
2836 1386 3160 1441 compotem.
3201 1374 3268 1426 Et
3309 1389 3439 1426 con-

1867 1480 2060 1519 versus
2104 1465 2171 1519 ad
2228 1466 2588 1520 Faustinam:
2650 1465 2810 1522 Ecce.
2872 1465 3083 1533 inquit,
3142 1466 3292 1518 adest
3345 1467 3433 1519 tihi

1868 1556 2049 1627 puella
2081 1572 2256 1626 neque
2279 1558 2383 1611 vita
2411 1557 2638 1626 privata,
2677 1566 2730 1610 et
2757 1557 2921 1609 libera
2956 1557 3022 1610 ab
3059 1558 3262 1612 insultu
3328 1557 3436 1611 dae-

1869 1650 2064 1705 monis.
2092 1648 2381 1718 Postquam
2415 1663 2544 1718 ergo
2580 1659 2752 1701 mater
2781 1648 2859 1702 sic
2907 1649 3039 1703 vidit
3090 1649 3280 1713 ﬁliam,
3313 1665 3433 1703 eam

1870 1743 2169 1813 complexa,
2198 1752 2253 1797 et
2291 1758 2400 1814 pra:
2428 1743 2623 1814 gaudio
2659 1742 2892 1796 fundens
2920 1742 3206 1813 lacrymas,
3241 1727 3431 1810 genam

1866 1850 2014 1906 genae
2042 1835 2323 1904 imposuit,
2353 1845 2406 1888 et
2435 1849 2496 1888 os
2531 1834 2634 1896 ori,
2682 1841 2737 1887 et
2767 1832 3016 1886 manibus
3059 1848 3253 1887 manus
3301 1849 3432 1888 con-

1865 1927 2050 1985 seruit.
2084 1935 2138 1980 et
2179 1926 2342 1980 veluti
2391 1926 2618 1993 cupiens
2671 1940 2790 1980 eam
2849 1925 3176 1980 intrinsecus
3236 1940 3432 1994 apprc-

1866 2017 2125 2080 hendere,
2153 2026 2208 2071 et
2235 2031 2356 2070 cum
2384 2017 2528 2070 nuda
2569 2015 2681 2085 ipsa
2713 2015 2968 2086 congredi
2998 2016 3194 2077 anima,
3220 2017 3432 2070 nescie-

1864 2111 1954 2166 bat
2001 2112 2129 2178 quid
2187 2121 2392 2181 ageret.
2450 2112 2586 2166 Cum
2621 2121 2800 2166 autem
2836 2111 3013 2181 puella
3057 2111 3277 2180 quidem
3320 2112 3430 2180 jam

1864 2212 2009 2257 recte
2045 2217 2102 2256 se
2141 2201 2389 2266 haberet,
2429 2201 2676 2257 divinum
2723 2200 3013 2256 Abel-cium
3063 2202 3433 2256 vehementis-

1864 2297 1998 2350 sime
2031 2295 2238 2363 rogavit
2265 2292 2601 2362 imperatrix,
2637 2309 2707 2347 ne
2748 2302 3032 2348 recusaret
3061 2292 3128 2346 ab
3172 2309 3235 2348 ea
3287 2293 3433 2348 acci-

1863 2401 1992 2454 pere
2043 2384 2559 2447 remunerationem,
2607 2385 2693 2438 cui
2725 2385 2841 2453 ipse
2873 2384 2974 2438 fuit
3013 2399 3177 2441 causa
3227 2401 3433 2455 magna:

1861 2486 1916 2530 et
1944 2476 2261 2530 necessaria:
2292 2477 2500 2546 gratiae.
2531 2475 2623 2529 Ille
2672 2485 2854 2530 autem
2892 2476 3140 2546 pecuniae
3172 2493 3239 2532 ne
3271 2480 3431 2533 sueti-

1859 2572 1977 2624 nuit
2008 2571 2227 2638 quidem
2277 2571 2436 2624 ullam
2479 2571 2594 2624 fieri
2634 2572 2987 2636 mentionem,
3022 2572 3248 2626 dicens:
3286 2572 3424 2637 Quid

1860 2664 1907 2718 ei
1938 2679 2073 2731 opus
2099 2661 2261 2716 fuerit
2291 2663 2552 2732 pecuniis,
2586 2663 2672 2716 cui
2714 2663 2866 2731 panis
2907 2673 2962 2717 et
3009 2678 3144 2734 aqua
3183 2675 3265 2719 est
3312 2665 3429 2718 lau-

1862 2764 1972 2809 tum
2023 2766 2077 2810 et
2128 2756 2468 2826 magnificum
2523 2754 2848 2824 prandium?
2922 2753 3064 2809 Petit
3117 2764 3318 2820 autem,
3371 2767 3432 2812 ut

1860 2864 2026 2917 prope
2060 2847 2386 2915 Hierapolim
2421 2853 2730 2898 exstruatur
2762 2845 3014 2898 balneum
3052 2846 3108 2900 in
3140 2862 3291 2917 agro,
3337 2849 3431 2916 qui

1858 2951 1941 2994 est
1974 2951 2192 3008 propter
2225 2939 2474 3001 fluvium,
2510 2937 2598 2991 ubi
2626 2937 2742 3006 ipse
2774 2940 2946 2991 oravit
2978 2936 3128 2993 ﬂexis
3179 2941 3427 3011 genibus,

1857 3037 1909 3080 et
1957 3038 2097 3080 terra
2143 3027 2325 3081 emisit
2361 3025 2538 3079 fontes
2585 3039 2848 3093 aquarum
2881 3024 3222 3090 calidarum;
3274 3039 3329 3082 et
3372 3025 3432 3083 ut

183 3115 355 3184 ἀνῆκε
392 3116 609 3184 θερμῶν
635 3133 647 3146 ·
680 3123 989 3188 σιτηρέσιον
1016 3143 1073 3177 τε
1111 3129 1222 3188 τοῖς
1250 3129 1306 3180 ἐν
1341 3131 1406 3198 τῇ
1445 3129 1599 3182 πόλει
1656 3133 1747 3183 αὺ-

1857 3117 2136 3182 mendicis,
2188 3119 2280 3185 qui
2329 3125 2486 3170 erant
2526 3114 2580 3168 in
2627 3128 2690 3167 ea
2738 3115 2979 3180 civitate,
3025 3117 3292 3172 darentur
3347 3127 3431 3173 ter

180 3205 280 3257 τοῦ
332 3212 565 3278 πτωχοῖς
623 3211 703 3272 εἰς
765 3214 1093 3282 τρισχιλίους
1137 3219 1350 3285 μοδίους
1385 3221 1745 3292 ἀποταγῆναι.

259 3301 381 3351 KA'.
413 3302 628 3354 Τούτων
663 3305 694 3372 ἡ
732 3303 942 3372 βασιλὶς
981 3308 1095 3376 ἅμα
1121 3327 1178 3360 τε
1213 3312 1435 3382 ἤκουσε,
1463 3317 1554 3367 καὶ
1581 3315 1750 3385 ἀσμέ-

179 3409 289 3455 νως
322 3393 555 3462 ἁρπάζει
578 3394 637 3447 τδ
665 3397 905 3469 αἰτηθὲν,
937 3400 1300 3471 Κορνηλιανόν
1337 3421 1395 3457 τε
1429 3407 1520 3458 τὸν
1575 3407 1749 3479 επαρη

178 3487 286 3553 χοιῖ
306 3486 379 3547 ὡς
420 3487 580 3556 τάχος
612 3492 998 3557 μετακαλεῖται
1030 3496 1123 3545 καὶ
1147 3497 1382 3566 σπουδὴν
1418 3499 1597 3551 πᾶσαν
1625 3501 1709 3552 είσ
1729 3531 1745 3541 -

179 3581 424 3645 σνεγκεῖν
457 3583 590 3648 πρὸς
617 3583 683 3633 τὰ
703 3583 989 3650 αἰτηθέντα
1012 3585 1246 3650 κελεύει,
1269 3587 1406 3640 ὥστε
1441 3589 1515 3658 μὴ
1543 3592 1751 3660 ἀμδλῦ-

178 3686 273 3720 ναι
300 3669 396 3737 τὴν
426 3671 584 3739 χάριν
611 3671 720 3723 τῶν
749 3672 956 3743 ταχέως
1005 3675 1412 3747 ὑποσχεθέντων
1458 3679 1750 3753 βραδυτῆτι

176 3760 476 3825 διακονίας.
503 3763 655 3816 Οὕτω
705 3765 862 3832 φύσει
913 3767 1008 3818 καὶ
1065 3771 1227 3823 πάθει
1250 3774 1426 3841 ψυχῆς
1459 3775 1505 3825 σί
1537 3775 1749 3843 ἄνθρω-

178 3868 274 3904 ποι
305 3855 413 3915 τοῖς
441 3853 656 3907 ὀκνοῦσι
686 3856 783 3918 τὰς
809 3856 1017 3927 δωρεὰς
1055 3860 1253 3928 μᾶλλον
1285 3861 1316 3931 ἢ
1345 3865 1458 3926 τοῖς
1502 3862 1635 3933 πρὸς
1690 3863 1750 3917 τὸ

177 3944 369 3998 λαϐεῖν
396 3947 634 4015 ἑτοίμοις
661 3948 897 4017 ἡδόμεθα
950 3951 1300 4022 χαριζόμενοι
1327 3955 1455 4019 τοὺς
1514 3955 1613 4023 μὲν
1661 3955 1749 4010 διὰ

174 4038 241 4089 τὸ
272 4038 462 4107 ἥττους
509 4039 735 4104 ὁρᾶσθαι
764 4041 873 4091 τῶν
926 4041 1216 4109 διδομένων
1264 4045 1746 4115 περιφρονοῦντες,

175 4130 289 4183 τῶν
316 4131 372 4182 δὲ
401 4131 460 4182 τὸ
495 4131 699 4202 ὑψηλὸν
726 4133 1117 4201 ἀσπαζόμενοι.
1166 4135 1222 4188 '0
1268 4135 1511 4207 ἔπαρχος
1543 4140 1750 4208 μέντοι,

178 4221 456 4293 μελλήσας
487 4225 660 4288 οὐδὲν,
690 4225 778 4277 τὸν
797 4226 1152 4296 ἀρχιτέκτονα
1180 4228 1317 4298 πρὸς
1346 4231 1436 4282 τὸν
1460 4231 1576 4284 κατ’
1612 4233 1751 4285 ἐκεῖ·

175 4331 239 4368 νο
274 4316 464 4386 καιροῦ
486 4316 722 4385 ἄρχοντα
738 4319 975 4389 Φρυγίας
994 4321 1290 4392 ἐκπέμπει,
1313 4324 1398 4393 ἐφ’
1420 4318 1464 4392 ᾧ
1493 4327 1750 4396 χρήματα

175 4406 363 4460 λαϐεῖν
397 4406 527 4477 παρ’
578 4406 743 4459 αὑτοῦ
777 4406 1054 4480 πρὸς’τὴν
1084 4411 1178 4463 τοῦ
1215 4412 1499 4480 βαλανείου
1538 4418 1745 4469 οίκοδο-

179 4497 308 4566 μὴν,
329 4499 451 4549 ὅσον
472 4498 664 4561 δέοιτο,
696 4499 785 4550 καὶ
819 4497 1032 4568 μοδίους
1078 4503 1189 4566 τοῖς
1242 4504 1298 4555 ἐν
1339 4507 1404 4575 τῇ
1444 4505 1743 4576 Ἱεραπόλει

177 4590 370 4657 πένησι
420 4591 750 4660 τρισχιλίους
779 4581 1062 4662 ἀπονέμει.
1107 4595 1326 4668 Ἐπειδὴ
1351 4597 1407 4650 δὲ
1440 4601 1533 4651 καὶ
1562 4601 1621 4652 τὸ
1645 4599 1743 4669 βα·-

175 4683 384 4734 λανεῖον
417 4684 863 4752 οίκοδομοῦμενον
891 4686 1042 4746 τέλος
1088 4683 1256 4757 εἶχεν,
1301 4689 1401 4742 οὐκ
1454 4689 1534 4743 ἔτι
1561 4691 1621 4742 τὸ
1650 4691 1744 4744 ἀπ’

175 4776 384 4829 ἐκείνου
408 4777 558 4841 παρα
576 4777 816 4845 ποταμὸν
843 4779 1171 4848 Ἀγρὺς,ἀλλ’
1211 4782 1401 4852 Ἀγρὸς
1429 4784 1646 4853 θερμῶν
1667 4785 1744 4851 τῷ

174 4873 328 4939 τόπῳ
357 4870 419 4920 τὸ
445 4868 616 4936 ὄνομα
636 4884 648 4896 ·
679 4870 771 4920 καὶ
801 4871 860 4921 τὸ
895 4872 1201 4942 σιτηρέσιον
1224 4874 1278 4925 δὲ
1305 4875 1545 4943 διέμεινε
1586 4893 1746 4944 χορηο

170 4965 438 5033 γούμενον
493 4963 596 5026 ἕως
619 4963 725 5015 τῶν
767 4962 1049 5017 Ἰουλιανοῦ
1068 4966 1272 5035 χρόνων
1297 4968 1390 5019 τοῦ
1415 4969 1736 5032 δυσσεόοῦς.

183 5057 424 5118 Ἐκεῖνος
473 5057 549 5120 δὲ,
582 5057 830 5127 καθάπερ
887 5059 994 5110 τῶν
1041 5061 1214 5113 ἄλλων
1244 5061 1464 5127 ἀγαυῶν
1504 5063 1740 5128 πάντων,

168 5149 413 5220 οὓτωιδὴ
454 5151 544 5201 καὶ
585 5150 774 5202 τούτου
821 5149 1092 5220 φθονήσας
1142 5152 1622 5223 Χριστιανοῖς,τὴν
1652 5173 1743 5225 χο-

172 5243 374 5311 ρηγίαν
401 5241 558 5302 εὐθὺς
593 5242 803 5311 ἵστησιν

245 5512 378 5565 KE'.
414 5511 474 5562 '0
507 5509 648 5571 θεῖος
701 5510 990 5578 τοιγαροῦν
1033 5509 1335 5580 Ἀὁέρκιος,
1363 5514 1429 5564 ἵν’
1463 5517 1547 5567 ἐπ’
1577 5517 1738 5572 αὺτὸν

172 5603 507 5668 δπανίωμεν,
537 5598 828 5666 Ῥωμαίοις
859 5601 1047 5668 χρόνον
1089 5602 1271 5654 ἱκανὸν
1321 5606 1737 5676 συγγενόμενος,

171 5695 268 5747 καὶ
300 5694 391 5746 τὸν
417 5692 725 5759 ὑγιαίνοντα
754 5693 853 5760 τῆς
921 5696 1158 5757 πίστεως
1200 5695 1356 5765 λόγον
1398 5699 1737 5766 Χριστιανῶν

175 5787 449 5856 παραδοὺς
471 5786 802 5856 ἐκκλησίαις,
823 5789 951 5858 ὖναρ
971 5790 1095 5842 ποτὶ
1117 5790 1205 5844 τὸν
1225 5791 1424 5861 Κύριον
1444 5794 1737 5852 ἐπιστάντα

1852 3213 1998 3265 mille
2028 3211 2191 3265 modii
2230 3209 2511 3265 frumenti.

1922 3303 2110 3357 XXIV.
2152 3304 2272 3358 Haec
2316 3304 2476 3358 simul
2522 3315 2684 3375 atque
2736 3305 2943 3359 audivit
2990 3304 3332 3374 imperatrix,
3371 3303 3436 3356 li-

1849 3395 2038 3449 henter
2080 3395 2351 3457 concedit,
2396 3397 2540 3462 quod
2589 3397 2767 3450 fuerat
2805 3397 3031 3465 petitum
3071 3416 3083 3450 :
3122 3408 3174 3450 et
3220 3396 3428 3450 Corne-

1851 3487 2053 3540 liannm
2098 3485 2353 3555 praetorio
2386 3484 2700 3554 prinfectum
2740 3488 3136 3555 quamprimum
3177 3487 3428 3550 accersit,

1851 3588 1902 3631 et
1937 3577 2092 3644 jubet
2143 3577 2209 3630 ad
2255 3591 2316 3628 ea
2353 3577 2676 3645 praestanda,
2703 3593 2821 3645 quae
2870 3586 2996 3632 sunt
3038 3576 3224 3646 petita,
3268 3592 3430 3631 omne

1852 3667 2114 3721 adhibere
2171 3665 2430 3732 studium,
2489 3681 2557 3720 ne
2608 3667 2717 3720 cito
2771 3669 3160 3736 promissorum
3206 3668 3430 3736 gratiam

1852 3761 2068 3814 hebetet
2118 3770 2172 3812 et
2223 3760 2476 3814 obscuret
2533 3760 2759 3814 tarditas
2816 3759 3120 3814 ministerii.
3176 3759 3305 3813 Tale
3346 3770 3431 3815 est

1853 3850 2132 3906 hominum
2167 3851 2462 3922 ingenium,
2514 3860 2570 3904 et
2617 3852 2688 3904 ita
2729 3863 2855 3905 sunt
2897 3853 3098 3907 aﬂ‘ecti.
3135 3853 3206 3905 Iis
3254 3853 3430 3906 liben-

1856 3946 1962 4000 tius
1993 3944 2378 4014 gratiﬁcamur,
2403 3948 2493 4013 qui
2524 3944 2665 3998 dona
2692 3943 2942 3997 dubitant
2966 3944 3235 4012 accipere,
3264 3961 3426 4014 quam

1852 4037 1940 4100 iis,
1969 4037 2058 4105 qui
2090 4049 2222 4092 sunt
2249 4037 2485 4107 prompti
2519 4037 2584 4100 ad
2618 4037 2992 4106 accipiendum
3030 4054 3043 4090 :
3079 4039 3177 4091 hos
3210 4039 3430 4107 quidem

1850 4130 2234 4199 despicientes,
2286 4131 2430 4198 quod
2477 4130 2764 4182 videantur
2801 4129 2928 4182 victi
2981 4146 3009 4181 a
3059 4130 3424 4183 muneribus:

1854 4224 2068 4278 illorum
2124 4231 2304 4277 autem
2345 4223 2735 4290 amplectentes
2775 4221 2941 4274 animi
2974 4221 3423 4290 magnitudinem.

1853 4314 2147 4370 Praefectus
2200 4323 2380 4368 autem
2414 4314 2649 4384 praetorii
2690 4314 2824 4368 nihil
2874 4325 3186 4377 cunctatus,
3230 4313 3428 4368 emittit

1851 4407 2204 4461 architectum
2253 4407 2318 4458 ad
2369 4406 2649 4474 praesidem
2695 4404 2976 4475 Phrygiae,
3028 4406 3121 4474 qui
3165 4415 3280 4458 erat
3332 4406 3422 4458 illo

1853 4509 2115 4565 tempore,
2146 4506 2202 4550 ut
2227 4497 2486 4566 pecunias
2526 4498 2594 4552 ab
2634 4512 2698 4552 eo
2725 4497 3015 4566 acciperet,
3049 4498 3264 4566 quantis
3286 4513 3424 4565 opus

1845 4606 1965 4650 erat
1986 4593 2053 4648 ad
2087 4592 2338 4648 balneum
2369 4590 2759 4646 cxstruendum
2795 4606 2810 4644 :
2845 4597 2900 4646 et
2930 4600 3012 4645 ter
3042 4589 3189 4644 mille
3216 4589 3423 4644 modios

1846 4685 2106 4742 frumenti
2147 4684 2496 4738 distribueret
2530 4683 2883 4751 pauperibus,
2923 4682 3014 4749 qui
3046 4692 3199 4736 erant
3230 4682 3421 4735 Hiera-

1845 4781 1976 4851 poli.
2021 4779 2309 4847 Postquam
2359 4787 2537 4832 aulem
2584 4775 2684 4830 fuit
2723 4775 3006 4845 impositus
3043 4773 3166 4828 linis
3205 4774 3420 4839 balneo,

1844 4873 1986 4942 quod
2029 4872 2418 4936 aedificabatur,
2463 4869 2532 4925 ab
2578 4870 2666 4924 illo
2703 4877 2943 4937 tempore
2982 4885 3088 4921 non
3131 4868 3423 4921 vocabatur

1846 4965 2078 5034 amplius
2108 4965 2260 5019 locus
2314 4965 2402 5018 ille
2452 4966 2614 5030 Ager,
2662 4960 2754 5029 qui
2795 4968 2878 5014 est
2908 4969 3132 5028 propter
3172 4958 3420 5023 fluvium,

1845 5056 1938 5110 sed
1974 5057 2113 5124 Ager
2145 5054 2460 5109 calidarum.
2499 5052 2720 5106 Duravit
2752 5058 2932 5103 autem
2982 5049 3130 5102 illius
3164 5048 3422 5103 frumenti

1844 5147 2159 5202 distributio
2215 5161 2386 5215 usque
2442 5144 2507 5198 ad
2552 5154 2798 5210 tempora
2855 5139 3004 5209 impii
3052 5138 3276 5193 Iuliani.
3327 5137 3422 5192 Ille

1845 5255 2101 5309 namque,
2129 5239 2402 5307 quomodo
2444 5237 2548 5290 alia
2580 5237 2740 5298 bona,
2781 5233 2852 5287 ita
2885 5234 2986 5286 hoc
3029 5245 3244 5301 quoque
3276 5228 3422 5283 invi-

1846 5334 1980 5386 dens
2041 5331 2363 5387 Christianis
2413 5331 2596 5385 statim
2650 5342 2864 5382 cessare
2925 5326 3054 5380 facit
3108 5323 3420 5392 suppedita-

1844 5427 2070 5480 tionem.

1914 5517 2074 5571 XXV.
2121 5517 2343 5571 Divinus
2365 5529 2492 5585 ergo
2521 5513 2804 5578 Abercius,
2842 5525 2899 5569 ut
2924 5514 2990 5568 ad
3022 5529 3145 5570 eum
3178 5528 3419 5571 reverta-

1844 5628 1983 5674 mur,
2046 5626 2169 5665 cum
2225 5609 2385 5680 longo
2434 5619 2676 5677 tempore
2732 5604 2925 5662 fuisset
2986 5616 3235 5663 versatus
3287 5624 3414 5665 cum

1844 5705 2112 5766 Romanis,
2146 5715 2201 5758 et
2231 5719 2414 5756 sanam
2446 5701 2565 5755 ﬁdei
2594 5698 2856 5754 rationem
2889 5701 3198 5756 tradidisset
3227 5701 3413 5757 Eccle-

1846 5798 1939 5853 siis
1959 5796 2405 5860 Christianorum,
2435 5793 2576 5848 videt
2606 5791 2892 5861 aliquando
2915 5792 2965 5849 in
2995 5794 3199 5851 somnis
3221 5794 3410 5849 adesse
