4198 6312
228 364 365 429 1245

1522 366 1699 428 VITA
1736 369 1794 424 S.
1837 366 2167 428 ABERCII.

3319 366 3451 430 1246

217 482 428 534 ἀνεῖναι
470 481 606 550 πρὸς
666 479 841 550 βραχὺ
889 481 1075 534 τόπον.
1112 482 1176 534 Οί
1216 480 1272 533 δὲ
1330 481 1429 550 οὐχ
1455 479 1729 547 ὑπήκουον
1759 489 1773 505 ⁸
1809 484 1853 537 Δ

1809 484 2062 537 Δειιιεηι
2116 496 2220 532 non
2270 480 2649 535 exaudierunt.
2703 480 2908 534 Deinde
2953 487 3175 534 sanctus
3227 477 3447 545 quidem

219 566 341 623 εἶτα
372 573 399 623 6
434 573 531 640 μὲν
564 576 836 642 προσευχῇ
879 575 1015 644 μόνῃ
1052 574 1111 626 τὸ
1137 572 1352 642 πνεῦμα
1382 572 1643 637 κοιμίζει,
1666 572 1776 632 τοῖς

218 662 278 715 δέ
310 663 401 715 καὶ
428 664 653 714 ἄκουσιν
690 664 924 716 ἐπαύετο
963 666 994 731 ή
1043 664 1269 733 σπουδή.
1306 663 1397 732 Μὴ
1427 663 1644 732 ἔχοντες
1688 659 1780 712 οὖν

222 754 250 805 ὃ
276 770 324 803 τι
356 753 448 803 καὶ
480 753 687 815 ἐαυτοῖς
712 759 1025 823 χρήσονται,
1058 756 1103 807 οί
1136 754 1235 823 μέν
1286 754 1378 805 ἐπὶ
1406 752 1617 804 δεῖπνον
1653 748 1779 817 τρέ-

222 860 434 909 πονται,
475 846 501 895 ὀ
534 845 610 906 δὲ,
642 845 735 896 καὶ
771 845 873 913 γάρ
899 847 1053 914 ἔτυχε
1106 844 1247 913 δίψει
1276 844 1455 907 ἁλοὺς,
1484 842 1627 913 ὕδωρ
1651 839 1783 909 παρ’

221 933 401 986 αὐτῶν
439 934 576 1004 ᾔτει.
621 934 761 986 Ἀλλ’
802 937 1001 988 ἐκεῖνοι
1035 937 1223 1000 δεινῶς
1272 936 1449 1000 ἄξενοι
1484 935 1657 998 ὄντες,
1690 932 1783 985 καὶ

224 1025 464 1094 ἀκριϐῶς
509 1026 777 1095 ἄγροικοι,
822 1027 1206 1097 παρεθεῶρουν
1254 1027 1352 1098 τὴν
1398 1027 1635 1095 αἴτησιν,
1687 1025 1783 1076 καὶ

223 1117 417 1186 χλεύην
445 1118 505 1169 τὸ
542 1121 771 1187 πρᾶγμα
802 1118 1021 1174 ἐποίουν
1048 1138 1063 1153 ο
1103 1121 1165 1174 Εί
1187 1120 1253 1172 δι’
1279 1120 1371 1171 ἕνα
1411 1119 1660 1188 γέροντα,
1693 1117 1782 1167 λέ-

222 1224 431 1275 γοντες,
483 1209 793 1277 ἀφεξόμεθα
840 1210 1137 1279 τραπέζης.
1195 1207 1509 1277 Ἐμέμψατο
1550 1202 1644 1259 οὖν
1684 1204 1782 1274 τὴν

222 1300 617 1368 ἀπανθρωπίαν
693 1300 897 1370 ταύτην
944 1303 971 1353 6
1016 1299 1523 1369 φιλανθρωπότατος
1573 1294 1782 1364 ἀνδρῶν

234 1391 536 1459 Ἀδέρκιος,
596 1392 689 1442 καὶ
738 1392 798 1442 τὸ
836 1391 971 1461 μηδὲ
1027 1408 1155 1442 ποτε
1189 1390 1539 1459 κορέννυσθαι
1600 1388 1782 1449 αὐτοῖς

219 1482 637 1549 ὲπηρὰσατο.⁸0
658 1484 750 1534 καὶ
779 1483 936 1554 ἔσχον
955 1485 1034 1544 εἰς
1060 1482 1217 1551 δεῦρο
1243 1481 1557 1551 παραμένον
1582 1479 1782 1541 αὐτοῖς,

223 1574 639 1648 μισανθρωπίας
715 1577 1097 1647 φιλάνθρωπον
1169 1573 1409 1643 ἀτεχνῶς
1486 1572 1781 1639 ἐπιτίμιον.

221 1665 358 1722 Εἶτα
397 1670 494 1739 τῆς
526 1673 731 1740 πέτρας
761 1668 1098 1732 ἀπαναστὰς,
1131 1667 1228 1737 τὴν
1268 1664 1462 1717 ἑαυτοῦ
1503 1664 1653 1715 πόλιν
1684 1678 1784 1714 κα-

218 1760 583 1830 ταλαμϐάνει.
620 1761 692 1811 Τὸ
752 1759 884 1827 γοῦν
937 1758 1138 1826 πλῆθος
1177 1756 1491 1824 αἰσθόμενοι
1540 1753 1640 1822 τῆς
1689 1752 1784 1805 τοῦ

221 1852 415 1922 ἀνδρὸς
448 1852 771 1923 παρουσίας,
807 1853 1097 1922 συνέρρεον
1132 1850 1425 1918 πανδημεὶ,
1477 1846 1787 1916 γλιχόμενοι

220 1944 348 2013 ὄψιν
383 1961 440 1996 τε
469 1943 567 2013 τὴν
597 1942 852 2009 γλυκεῖαν
902 1945 1048 2009 ἰδεῖν,
1102 1943 1196 1994 καὶ
1226 1943 1407 2010 φωνῆς
1439 1940 1664 1991 ἀκοῦσαι
1689 1938 1787 2005 τῆς

225 2036 586 2105 ποθουμένης.
636 2035 693 2088 Ὀ
726 2037 827 2105 μὲν
852 2032 944 2088 οὖν
982 2036 1235 2103 ἀσμένως
1262 2033 1460 2094 αὐτοὺς
1485 2031 1787 2099 εὐλογήσας

223 2129 320 2179 καὶ
346 2127 751 2195 ἀσπασάμενος,
785 2126 998 2197 περιῄει
1037 2128 1133 2193 τὴν
1164 2126 1316 2176 πόλιν
1355 2125 1447 2175 καὶ
1484 2118 1658 2183 αὖθις,
1707 2121 1785 2172 δι-

219 2217 438 2269 δάσκων
456 2233 512 2268 τε
530 2217 618 2269 τὸν
653 2216 810 2284 λόγον
830 2218 929 2288 τῆς
955 2217 1210 2285 ἀληθείας
1240 2217 1332 2268 σὺν
1366 2213 1668 2285 παρρησία,
1692 2212 1785 2264 καὶ

220 2312 350 2373 τοὺς
376 2311 698 2381 πρισιόντας
730 2310 817 2363 διά
844 2312 938 2363 τοῦ
972 2312 1115 2363 θείου
1139 2310 1515 2380 βαπτίσματος
1543 2305 1785 2371 τελειῶν,

219 2402 518 2473 δαιμονῶσι
551 2402 704 2456 λύσιν
736 2402 830 2455 τοῦ
863 2402 1034 2456 κακοῦ
1068 2403 1346 2474 παρέχων,
1400 2401 1589 2463 νόσους
1624 2399 1787 2468 ίὼμε-

221 2511 337 2560 νος,
384 2494 479 2548 καὶ
516 2494 718 2557 παντὸς
776 2495 1130 2564 ίσχυροτέραν
1166 2496 1373 2555 πάθους
1406 2495 1506 2565 τὴν
1538 2494 1598 2546 ἐν
1639 2491 1790 2561 αύτῷ

221 2584 320 2640 τοῦ
355 2585 661 2655 πνεύματος
699 2583 927 2654 δύναμιν
975 2582 1426 2653 προϐαλλόμενος.
1481 2581 1700 2648 Συνθεὶς
1731 2580 1789 2632 δέ

228 2694 328 2732 και
371 2677 556 2747 βίϐλον
592 2677 944 2741 διδασκαλίας
994 2678 1137 2733 πάνυ
1205 2676 1494 2746 ὠφελίμως
1535 2674 1786 2745 ἔχουσαν,

225 2770 550 2822 καταλείπει
591 2774 702 2833 τοῖς
760 2771 852 2822 ὑπ’
904 2770 1068 2824 αὑτὸν
1124 2770 1518 2841 πρεσϐυτέροις
1550 2769 1667 2838 ἅμα
1698 2768 1791 2822 καὶ

225 2862 521 2927 διακόνοις,
553 2862 640 2915 ¹ίνα
669 2864 765 2915 καὶ
800 2862 942 2931 μετὰ
985 2864 1214 2918 θάνατον
1268 2863 1574 2933 φθέγγηται
1602 2861 1672 2914 δι’
1695 2862 1793 2915 αύ-

227 2954 352 3024 τῆς,
390 2956 483 3007 καὶ
525 2954 726 3025 τρόπον
766 2956 889 3008 τινὰ
944 2955 1215 3026 μηδέποτε
1255 2954 1479 3024 ὠφελῶν
1527 2954 1788 3025 παύηται.

299 3043 434 3099 KH’.
475 3046 739 3101 ’Δνελθὼν
791 3042 886 3101 οὖν
925 3063 1056 3100 ποτε
1096 3048 1177 3110 εἰς
1220 3045 1345 3117 δρος
1396 3045 1599 3116 ὑψηλὸν
1647 3045 1788 3098 οὕτω

1884 569 2015 623 solis
2044 571 2297 639 precibus
2328 572 2473 640 SOpil
2502 571 2776 639 spiritum,
2810 572 2915 625 illis
2947 581 3123 623 autem
3158 570 3238 621 vel
3271 568 3455 620 invitis

1883 662 2118 715 cessavit
2151 663 2412 717 studium.
2438 662 2571 717 Cum
2595 679 2719 731 ergo
2747 662 3015 715 nescirent
3046 661 3170 729 quid
3204 668 3448 728 agerent.

1885 753 1920 807 ii
1966 768 2023 807 se
2076 765 2402 809 convertunt
2450 756 2519 808 ad
2570 771 2775 808 uenam
2813 771 2827 808 :
2880 753 2994 823 ipse
3035 762 3215 805 autem
3259 765 3451 819 aquam

1886 845 1993 913 (siti
2042 845 2188 899 enim
2243 846 2551 915 laborabat)
2606 848 2674 901 ab
2705 847 2784 899 eis
2813 846 2985 914 petiit.
3046 844 3151 897 Sed
3206 842 3451 911 agricola:

1884 952 2006 990 cum
2055 946 2240 992 essent
2270 938 2423 993 valde
2474 939 2851 1007 inhospitales,
2896 947 2949 991 et
3001 937 3159 1005 plane
3191 944 3451 1003 agrestes.

1884 1028 2159 1093 despectui
2217 1030 2491 1084 habebant
2543 1030 2888 1099 petitionem,
2940 1037 2994 1082 et
3042 1043 3153 1080 rem
3212 1027 3453 1079 ludiﬁca-

1882 1118 2077 1172 bantur
2127 1138 2140 1174 :
2176 1119 2406 1180 scilicet.
2457 1130 2676 1190 prepter
2720 1136 2888 1173 unum
2936 1133 3145 1181 senem,
3185 1118 3449 1176 dieentes,

1883 1226 1911 1263 a
1940 1226 2123 1264 mensa
2151 1211 2565 1267 abstinebimus.
2597 1210 2767 1281 [F.gre
2798 1211 2921 1265 tulit
2953 1212 3092 1264 hanc
3143 1209 3458 1262 inhumani-

1886 1310 2050 1355 tatem
2084 1304 2510 1359 humanissimus
2544 1305 2785 1358 virorum
2821 1303 3086 1357 Abercius
3121 1317 3136 1355 :
3174 1310 3229 1354 et
3262 1301 3341 1353 eis
3372 1309 3458 1354 est

1886 1390 2232 1461 imprecatus.
2271 1404 2330 1449 ut
2379 1411 2656 1464 nunquam
2705 1397 3056 1449 satiarentur.
3105 1391 3256 1457 Quod
3290 1391 3455 1444 etiam

1887 1486 1963 1537 eis
1996 1485 2272 1555 hucusque
2314 1488 2647 1555 permansit:
2690 1488 2927 1541 humana
2973 1486 3131 1556 plane
3174 1500 3328 1554 paena
3372 1483 3455 1534 in-

1888 1577 2258 1631 humanitatis.
2314 1577 2517 1631 Deinde
2566 1594 2595 1630 a
2657 1586 2804 1645 petra
2855 1577 3137 1637 recedens,
3190 1575 3338 1629 venit
3388 1573 3456 1625 ad

1888 1683 2038 1721 suam
2080 1668 2369 1721 civitatem.
2416 1667 2551 1721 Cum
2602 1684 2729 1737 ergo
2770 1670 3030 1722 sensisset
3077 1667 3306 1736 populus
3342 1665 3461 1733 ejus

1890 1756 2205 1819 adventum,
2256 1756 2401 1810 omni
2453 1771 2516 1809 ex
2563 1767 2715 1825 parte
2758 1756 3123 1819 conﬂuebant,
3174 1754 3458 1824 cupientes

1894 1848 2074 1902 videre
2119 1849 2328 1903 dulcem
2372 1850 2600 1913 vultum,
2643 1859 2694 1905 et
2728 1850 2917 1904 audire
2965 1863 3154 1906 vocem
3186 1848 3463 1902 desidera-

1893 1951 2017 1994 tam.
2048 1943 2140 1995 Ille
2171 1958 2301 2012 ergo
2333 1956 2452 1995 cum
2488 1943 2719 1997 libenter
2740 1943 2817 1997 eis
2850 1940 3234 2004 benedixisset,
3285 1947 3338 1992 et
3365 1952 3461 1991 eos

1887 2035 2191 2097 salutasset,
2244 2051 2429 2087 rursus
2483 2035 2666 2088 obibat
2729 2035 3003 2087 civitatem
3049 2032 3220 2085 libere
3262 2030 3465 2084 docens

1889 2128 2116 2180 verbum
2156 2128 2419 2182 veritatis.
2455 2135 2507 2178 et
2538 2144 2652 2191 eos,
2694 2127 2781 2195 qui
2816 2125 3169 2187 accedebant,
3203 2138 3300 2191 per
3329 2121 3467 2175 divi—

1888 2234 2016 2272 num
2063 2219 2392 2288 baptismum
2447 2220 2691 2283 initians,
2741 2228 2794 2272 et
2824 2214 3177 2272 daemoniacis
3212 2212 3462 2282 prazbens

1890 2310 2014 2365 mali
2048 2309 2375 2365 solutionem
2427 2329 2440 2365 :
2488 2311 2708 2365 morbos
2745 2324 2965 2375 curans,
3009 2316 3066 2361 et
3094 2303 3286 2375 quavis
3331 2301 3466 2356 affe-

1888 2405 2070 2457 ctione
2099 2402 2377 2458 fortiorem
2427 2403 2677 2472 spiritus,
2726 2417 2849 2471 qua:
2884 2400 2937 2454 in
2970 2401 3089 2468 ipso
3120 2403 3257 2457 erat,
3291 2394 3464 2446 virtu-

1892 2503 1999 2550 tem
2058 2494 2359 2566 proferens.
2408 2494 2540 2550 Cum
2587 2502 2767 2547 autem
2813 2490 2969 2545 valde
3023 2500 3238 2557 quoque
3277 2483 3462 2537 utilem

1889 2589 2150 2644 doctrina:
2196 2588 2394 2643 librum
2447 2586 2866 2656 composuisset,
2916 2595 3041 2637 eum
3080 2579 3171 2633 dat
3227 2575 3314 2638 iis,
3371 2579 3463 2643 qni

1888 2681 1991 2736 sub
2040 2680 2161 2750 ipso
2196 2688 2374 2739 erant.
2425 2677 2757 2748 presbyteris
2810 2672 2972 2729 simul
3019 2680 3074 2726 et
3107 2667 3373 2726 diaconis,
3408 2676 3469 2721 ut

1894 2773 1977 2828 eis
2020 2771 2103 2827 vel
2154 2778 2275 2841 post
2327 2780 2554 2824 mortem
2599 2769 2936 2836 loqueretur,
2973 2770 3027 2815 et
3079 2762 3260 2831 aliquo
3305 2756 3466 2810 modo

1893 2878 2168 2933 nunquam
2196 2861 2275 2917 eis
2306 2866 2544 2914 cessaret
2571 2857 2852 2930 prodesse.

1956 3057 2193 3114 XXVIII.
2236 3059 2542 3126 Aliquando
2580 3058 2634 3111 in
2665 3063 2905 3110 montem
2935 3052 3234 3113 excelsum,
3266 3063 3367 3101 usu
3392 3045 3468 3101 ita

223 3136 445 3207 δεῆσαν,
501 3139 620 3191 ἐπεὶ
658 3139 784 3209 δίψῃ
835 3138 981 3210 δεινῇ
1041 3138 1200 3201 αὐτός
1238 3155 1298 3190 τε
1340 3136 1435 3191 καὶ
1484 3137 1596 3190 ὅσοι
1642 3133 1789 3204 αύτῷ
1817 3142 1860 3200 c

1817 3142 1860 3200 C
1892 3151 2221 3224 postulante,
2257 3146 2504 3201 ascendit
2530 3163 2542 3199 :
2574 3146 2795 3215 ipseque
2826 3154 2881 3198 et
2917 3142 3007 3212 qui
3036 3157 3159 3197 eum
3191 3154 3257 3195 eo
3287 3146 3465 3201 erant,

227 3230 472 3298 συνῆσαν
495 3230 729 3300 ἣλωσαν,
762 3232 853 3282 ἐπὶ
882 3231 973 3283 τὸν
1000 3230 1177 3284 πάντα
1193 3230 1492 3298 δυνάμενον
1513 3225 1789 3294 καταφεύο

228 3330 339 3390 γει.
370 3324 478 3376 Καὶ
501 3323 661 3385 αὐτὸς
686 3324 784 3391 μὲν
808 3324 885 3383 είς
912 3323 1216 3391 προσευχὴν
1240 3321 1462 3385 κλιθεὶς,
1494 3322 1559 3372 τὰ
1587 3319 1792 3387 γόνατα

228 3416 308 3484 τῷ
336 3414 518 3482 ἐδάφει
568 3413 811 3466 δίδωσιν
844 3413 985 3484 ὕδωρ
1018 3413 1075 3465 δὲ
1113 3414 1341 3482 πότιμον
1402 3412 1561 3474 εὐθὺς
1591 3412 1792 3482 ἀνῆκεν

234 3510 268 3577 ἡ
298 3508 388 3576 γῆ.
416 3508 525 3559 Καὶ
555 3507 582 3558 ό
611 3506 774 3569 τόπος
814 3507 873 3571 ἐξ
900 3506 1105 3561 ἐκείνου
1167 3506 1329 3571 τόπος
1356 3506 1703 3575 γονυκλισίας
1736 3503 1796 3557 τὸ

232 3600 417 3653 λοιπὸν
461 3600 684 3670 ἐκλήθη.
736 3600 881 3669 Πλὴν
925 3600 1059 3653 ἀλλᾶ
1108 3600 1227 3653 τότε
1265 3601 1363 3668 μὲν
1414 3601 1493 3661 είς
1530 3601 1619 3652 τὸν
1648 3594 1797 3652 οἷκον

235 3692 399 3747 αὐτοῦ
467 3694 772 3758 ἐπανῆκεν·
804 3694 865 3744 ού
910 3691 1085 3762 πολλῴ
1137 3691 1195 3744 δὲ
1237 3689 1458 3761 ὕστερον
1487 3692 1587 3761 ὁρᾷ
1635 3692 1797 3744 πάλιν

233 3784 367 3853 ὄναρ
399 3781 546 3853 αὐτῷ
579 3782 668 3833 τὸν
705 3781 909 3852 Κύριον
941 3782 1237 3835 ἐπιστάντα
1265 3781 1377 3844 καὶ,
1416 3781 1682 3851 ’Λϐἐρκιε,
1711 3781 1797 3834 λέ-

236 3888 424 3941 γοντα,
461 3874 689 3942 ῆγγικεν
738 3874 838 3943 ἤδη
871 3876 898 3924 6
944 3871 1155 3940 καιρὸς,
1187 3869 1325 3921 ὥστε
1383 3871 1799 3924 ἀναπαύσασθαί

237 3978 301 4014 σε
328 3962 437 4014 τῶν
473 3963 648 4014 πόνων
681 3979 773 4013 σου
811 3961 916 4013 τῶν
961 3962 1205 4030 μακρῶν.
1234 3964 1685 4032 Διαγρηγορήσας
1740 3960 1798 4014 δὲ

237 4054 335 4106 καὶ
360 4054 518 4123 γνοὺς
551 4054 648 4122 τὴν
681 4052 936 4123 τελευτὴν
966 4053 1112 4124 αὐτῷ
1160 4054 1573 4124 προδηλοῦσθαι,
1614 4056 1671 4106 τὸ
1705 4072 1797 4123 φασ

238 4147 327 4200 νέν
352 4149 461 4209 τοῖς
491 4146 735 4215 ἀδελφοῖς
762 4146 1052 4216 διηγεῖται,
1090 4148 1180 4199 καὶ
1203 4146 1345 4199 λίθον
1380 4146 1502 4197 τινὰ
1526 4147 1803 4214 τετράγω-

238 4256 330 4293 νον
366 4240 539 4309 μῆκός
566 4256 622 4290 τε
658 4241 753 4290 καὶ
798 4241 993 4300 πλάτος
1025 4241 1159 4303 ἴσον,
1193 4242 1366 4307 τάφον
1429 4238 1607 4309 ἐαυτῷ
1638 4257 1805 4293 καταο

237 4332 493 4395 σκευάζει
510 4347 522 4360 °
550 4330 743 4384 καὶτὸν
769 4330 947 4401 βωμὸν
972 4330 1030 4395 ὃς
1054 4330 1261 4384 ἐκείνου
1282 4333 1674 4402 προστάξαντος
1698 4333 1805 4386 ἀπὸ

252 4427 469 4496 Ῥώμης
504 4426 607 4478 ὑπὸ
642 4426 735 4478 τοῦ
769 4426 1020 4495 δαίμονος
1059 4428 1174 4478 ἐκεῖ
1201 4426 1528 4495 μετηνέχθη,
1561 4426 1640 4494 τῷ
1668 4425 1799 4493 λίθῳ

236 4515 514 4600 ἐφίστησι,
567 4520 766 4572 τοιόνδε
804 4536 853 4570 τι
898 4520 1221 4590 ἐπίγραμμα
1274 4520 1422 4588 αύτῴ
1469 4520 1795 4590 ἐγχαράξας·

257 4613 547 4677 Ἐκλεκτῆς
573 4612 778 4673 πόλεως
822 4612 1044 4679 πολίτης
1074 4611 1179 4661 τόδ’
1203 4610 1429 4677 ἐποίησα
1460 4612 1587 4674 ζῶν,
1610 4612 1674 4662 ἵν’
1698 4612 1803 4679 ἔχω

243 4702 419 4771 καιρῷ
449 4704 697 4768 σώματος
723 4702 908 4753 ἐνθάδε
958 4702 1124 4761 θέσιν,
1153 4699 1388 4769 τοῦνομα
1430 4702 1703 4769 ’Λϐέρκιος
1731 4718 1742 4731 ·
1777 4704 1804 4754 6

242 4796 319 4849 ῶν
357 4794 601 4865 μαθητὴς
663 4796 915 4863 ποιμένος
952 4793 1135 4862 ἁγνοῦ,
1174 4793 1230 4854 ὃς
1289 4793 1471 4860 βόσκει
1520 4793 1804 4863 προϐάτων

243 4888 467 4957 ἀγέλας,
518 4886 667 4956 ὅρεσι
700 4888 898 4948 πεδίοις
932 4905 1011 4948 τε,
1043 4886 1354 4954 ὀφθαλμοὺς
1386 4887 1443 4947 ὃς
1491 4887 1598 4955 ἔχει
1635 4886 1804 4954 μεγεί.

244 4981 392 5044 Doug,
455 4981 628 5032 πάντα
689 4978 1051 5045 καθορῶντας.
1111 4972 1277 5038 Οὗτος
1336 4979 1442 5047 γάρ
1486 4995 1549 5047 με
1603 4978 1804 5041 ἐδίδαξε

247 5072 550 5139 γράμματα
584 5069 771 5129 πιστὰ,
804 5069 878 5129 εἰς
921 5068 1136 5137 Ῥώμην
1168 5070 1223 5130 ὃς
1248 5067 1492 5136 ἔπεμψεν
1522 5071 1621 5137 ἐμὲ
1656 5070 1809 5138 βασι-

247 5162 399 5213 λείαν
454 5164 712 5234 ἀθρῆσαι,
768 5163 859 5214 καὶ
901 5162 1217 5229 βασίλισσαν
1252 5167 1376 5216 ἰδεῖν
1428 5165 1804 5231 χρυσόστολον,

249 5256 652 5325 χρυσοπέδιλον.
687 5259 826 5309 Λαόν
860 5256 905 5308 δ’
934 5253 1072 5307 εἶδον
1103 5258 1217 5308 ἐκεῖ
1244 5257 1505 5325 λαμπράν
1540 5258 1806 5325 σφραγῖδα

249 5349 440 5417 ἔχοντα
468 5364 481 5377 ο
515 5350 605 5399 καὶ
638 5349 833 5417 Συρίης
866 5350 1024 5400 πέδον
1074 5348 1253 5417 χώρας
1286 5348 1422 5401 εἶδον
1446 5368 1457 5379 ·
1496 5351 1589 5400 καὶ
1644 5351 1810 5403 ἄστεα

254 5441 428 5491 πάντα
470 5439 685 5489 Νίσιϐιν
718 5438 1004 5509 Εύρρατην
1046 5440 1254 5502 διαϐάς.
1312 5443 1520 5501 Πάντας
1568 5442 1611 5492 δ’
1656 5442 1810 5508 ἔσχον

250 5531 602 5599 συνηγόρους.
629 5528 834 5583 Παῦλον
865 5532 1081 5585 ἔσωθεν.
1114 5532 1294 5592 Uini;
1321 5533 1369 5583 δὲ
1396 5534 1550 5583 παντὶ.
1581 5535 1808 5600 προῆγε,

252 5626 345 5674 καὶ
372 5623 653 5691 παρέθηκε
679 5627 881 5692 τροφήν
906 5643 919 5654 ο
948 5626 1098 5693 ἰχθὺν
1122 5626 1227 5677 ἀπὸ
1255 5626 1428 5691 πηγῆς
1454 5626 1807 5693 παμμεγέθη,

254 5712 491 5781 καθαρόν
521 5732 531 5742 ·
566 5715 623 5764 ὃν
657 5714 913 5784 ἐδράξατο
974 5717 1237 5781 παρθένος
1280 5717 1437 5783 ἁγνὴ,
1479 5718 1569 5766 καὶ
1624 5717 1810 5769 τοῦτον

256 5803 490 5857 ἐπέδωκε
549 5808 716 5874 pilai;
769 5807 967 5861 ἐσθίειν
1023 5810 1328 5871 διαπαντὸς,
1410 5804 1545 5861 οἶνον
1580 5812 1809 5875 γρηστὸν

1895 3245 1987 3301 siti
2016 3242 2354 3299 laborabant.
2388 3238 2643 3309 Confugit
2676 3247 2857 3292 autem
2893 3236 2959 3290 ad
2990 3247 3136 3298 eum,
3165 3234 3256 3303 qui
3291 3239 3468 3301 potest

1895 3339 2097 3395 omnia.
2134 3336 2319 3406 Itaque
2348 3347 2647 3388 conversus
2671 3331 2738 3385 ad
2773 3331 3096 3391 orationem,
3128 3327 3271 3380 humi
3314 3324 3467 3378 incli-

1900 3440 1993 3485 nat
2026 3444 2199 3499 genna
2236 3448 2248 3481 :
2283 3426 2627 3495 poculentam
2665 3433 2847 3478 autem
2881 3436 3073 3492 aquam
3110 3429 3251 3474 terra
3283 3416 3466 3470 statim

1896 3521 2099 3578 emisit.
2144 3519 2224 3574 Ab
2259 3518 2350 3572 illo
2380 3526 2560 3571 autem
2593 3525 2838 3583 tempore
2882 3514 3035 3566 locus
3079 3512 3168 3564 ille
3214 3508 3472 3573 deinceps

1897 3614 1998 3667 fuit
2039 3612 2344 3681 appellatus
2389 3612 2539 3665 locus
2582 3605 2996 3678 genuflexionis.
3024 3602 3293 3659 Czeterum
3339 3609 3472 3651 tunc

1898 3705 2118 3774 quidem
2169 3702 2326 3757 rediit
2369 3702 2422 3754 in
2463 3700 2684 3754 domum
2730 3715 2881 3752 suam
2918 3714 2934 3751 :
2984 3712 3091 3751 non
3137 3692 3308 3747 multo
3353 3699 3473 3760 post

1899 3803 2081 3849 autem
2112 3794 2261 3846 videt
2290 3806 2477 3845 rursus
2509 3788 2821 3852 Dominum,
2846 3786 2938 3856 qui
2971 3786 3019 3840 ei
3057 3785 3112 3838 in
3139 3781 3343 3838 somnis
3374 3795 3475 3847 ap-

1901 3889 2101 3961 paruit,
2134 3898 2187 3943 et
2217 3889 2267 3941 ei
2301 3887 2438 3941 dixit
2466 3902 2480 3938 :
2515 3885 2735 3947 Abcrci,
2768 3883 2878 3951 jam
2912 3895 3081 3950 prope
3121 3888 3203 3933 est
3236 3886 3477 3942 tempus.

1903 3994 1961 4038 ut
2014 3997 2195 4037 cesses
2252 3995 2280 4034 a
2327 3978 2503 4048 longis
2550 3977 2657 4030 tuis
2703 3975 2998 4029 laboribus.
3050 3972 3184 4026 Cum
3234 3976 3414 4022 autem
3444 3981 3475 4019 e

1904 4090 2096 4131 somno
2153 4083 2298 4127 esset
2345 4071 2650 4131 excitatus,
2703 4078 2759 4122 et
2803 4067 3145 4137 cognovisset
3190 4062 3474 4115 decessum

1905 4166 2005 4221 sibi
2042 4162 2468 4234 priesignificari,
2504 4168 2691 4213 narrat
2729 4158 2991 4213 fratribus
3027 4155 3098 4217 id,
3134 4152 3277 4223 quod
3315 4166 3477 4219 appa-

1905 4268 2084 4313 ruerat
2122 4276 2134 4312 :
2177 4266 2233 4312 et
2261 4254 2549 4324 quemdam
2583 4261 2906 4323 quadratum
2952 4248 3212 4319 lapidein,
3238 4247 3475 4314 longitu-

1905 4358 2030 4411 dine
2082 4363 2137 4407 et
2184 4350 2467 4405 latitudine
2522 4348 2801 4417 aequalem,
2847 4345 2948 4400 sibi
2997 4343 3303 4413 sepulcrum
3345 4354 3477 4392 con-

1910 4448 2067 4503 struit
2110 4463 2123 4498 ς
2177 4454 2231 4497 et
2287 4458 2455 4503 aram.
2516 4456 2655 4509 quae,
2691 4439 2784 4493 illo
2831 4438 3075 4505 iubente,
3133 4436 3301 4487 Roma
3352 4430 3478 4485 illuc

1906 4536 2158 4593 translata
2189 4534 2385 4592 fuerat,
2418 4532 2582 4600 lapidi
2614 4530 2860 4597 imponit,
2898 4528 2946 4580 ei
2977 4526 3133 4579 talem
3164 4523 3479 4592 insculpens

1904 4627 2310 4697 inscriptionem
2347 4641 2358 4676 :
2396 4624 2592 4678 Electre
2634 4621 2784 4673 urbis
2818 4617 2952 4671 civis
2988 4616 3091 4670 hoc
3130 4616 3315 4668 vivens
3352 4614 3474 4675 feci,

1906 4729 1963 4773 ut
1990 4720 2073 4772 hic
2107 4729 2347 4784 tempore
2379 4714 2605 4767 habeam
2640 4711 2933 4780 posituram
2959 4706 3223 4775 corporis,
3258 4703 3479 4755 nomine

1905 4809 2183 4865 Abercius.
2216 4806 2317 4873 Qui
2348 4820 2466 4857 sum
2499 4803 2801 4870 discipulus
2834 4798 3065 4867 pastoris
3087 4796 3219 4850 casti
3251 4809 3483 4864 pascen-

1909 4902 1977 4956 tis
2010 4900 2189 4955 ovium
2235 4912 2421 4967 greges
2458 4895 2513 4948 in
2554 4894 2830 4947 montibus
2864 4900 2917 4942 et
2957 4889 3121 4959 agris,
3166 4903 3228 4941 ac
3257 4900 3478 4954 magnos

1910 4992 2157 5047 habentis
2212 4988 2423 5050 oculos,
2479 4987 2659 5038 omnia
2726 4985 3023 5036 intuentes.
3086 4980 3136 5032 Is
3190 4977 3334 5031 enim
3392 4991 3481 5028 me

1911 5082 2095 5138 docuit
2145 5080 2355 5132 litteras
2401 5078 2619 5137 fideles,
2661 5073 2886 5127 Romam
2943 5071 3033 5140 qui
3081 5085 3166 5122 me
3217 5068 3366 5121 misit
3411 5066 3480 5119 ad

1912 5174 2200 5229 videndum
2235 5170 2543 5240 imperium,
2576 5177 2629 5221 et
2665 5163 3062 5233 imperatricem
3101 5160 3341 5213 indutam
3379 5171 3478 5207 au-

1913 5265 2020 5318 reis
2044 5262 2283 5317 vestibus
2329 5270 2383 5313 et
2418 5256 2635 5310 calceis.
2682 5255 2789 5305 Illic
2835 5261 3015 5305 autem
3062 5249 3171 5301 vidi
3215 5247 3477 5315 populum

1912 5356 2247 5425 przeclarum,
2280 5351 2516 5418 insignes
2540 5347 2768 5399 annnlos
2800 5346 2852 5398 in
2887 5343 3135 5396 manibus
3158 5340 3478 5410 gestantem.

1916 5449 1979 5502 Et
2020 5445 2187 5514 Syria).
2231 5443 2461 5510 regionis
2506 5454 2757 5507 campum
2810 5435 2939 5497 vidi,
2972 5443 3027 5486 et
3056 5432 3235 5486 omnia
3282 5428 3479 5495 oppida

1915 5537 2120 5591 Nisibin
2180 5544 2233 5586 et
2289 5532 2728 5598 MeSOpotamiae,
2796 5526 3114 5580 transmisso
3174 5521 3477 5591 Euphrate.

1916 5629 2087 5688 Habui
2128 5637 2305 5681 autem
2338 5640 2527 5678 omnes
2564 5623 2629 5676 ad
2664 5620 2911 5675 eamdem
2951 5617 3233 5671 venientes
3262 5612 3480 5669 concio-

1918 5738 2058 5780 nem.
2096 5730 2151 5774 et
2185 5717 2407 5772 Paulum
2454 5714 2801 5768 intrinsecus.
2844 5708 3004 5763 Fides
3044 5720 3222 5763 autem
3251 5704 3478 5759 omnino

1921 5811 2162 5879 produxit
2203 5819 2251 5864 et
2282 5806 2530 5879 apposuit
2562 5804 2971 5860 nutrimentum.
3001 5801 3203 5870 piscem
3230 5812 3293 5851 ex
3329 5796 3474 5851 fonte
