4198 6312
727 352 859 415 1247

2005 355 2291 417 MENSIS
2328 359 2692 420 UC'I'OBER.

3831 365 3964 430 1248

722 470 1025 542 ingentem,
1073 487 1237 542 quem
1281 487 1474 541 purum
1512 469 1874 542 apprehendit
1905 469 2056 542 virgo
2099 480 2250 528 casta
2287 487 2300 524 :

2420 475 2628 546 ἔχουσα,
2655 480 2907 550 κέρασμα
2936 479 3154 533 διδοῦσα
3200 485 3315 550 μετ’
3339 483 3523 552 ἄρτου.
3569 483 3754 540 Ταῦτα
3802 506 3971 559 παρετ

722 575 778 619 et
823 581 946 619 eum
983 577 1256 634 perpetuo
1296 565 1564 620 edendum
1604 565 1828 620 tradidit
1865 564 2083 632 amicis,
2116 567 2301 620 viuum

723 658 931 713 habens
975 658 1198 722 bonum,
1249 658 1390 725 quod
1425 657 1518 712 dat
1566 673 1687 712 cum
1737 670 1876 727 pane
1925 665 2300 726 temperatum.

722 748 848 803 Haec
892 748 1116 802 adstans
1155 748 1418 803 Abercius
1461 747 1645 818 jussit,
1669 757 1728 800 ut
1777 746 2172 810 scriberentur,
2212 761 2302 800 se-

722 840 1127 912 ptuagesimum
1181 841 1481 896 secundum
1531 854 1732 894 annum
1781 853 1906 895 vere
1956 853 2138 909 agens.
2182 837 2308 893 Haec

723 936 970 1003 cogitans
1006 934 1245 986 oraverit
1275 947 1372 999 pro
1399 931 1650 996 Abercio,
1678 931 1988 1000 quicunque
2017 931 2307 985 uobiscum

725 1028 912 1082 sentit.
961 1025 1078 1080 Non
1129 1035 1308 1077 tamen
1359 1023 1586 1077 alterum
1623 1023 1891 1077 tumulum
1933 1023 2086 1086 mibi,
2131 1036 2308 1090 neQue

725 1119 873 1173 hunc
911 1119 965 1170 in
1007 1115 1274 1185 superiori
1331 1115 1450 1169 loco
1496 1117 1745 1183 imponet
1795 1113 2012 1182 aliquis.
2057 1112 2208 1177 Quod
2260 1113 2302 1167 si

727 1209 940 1270 fecerit,
976 1207 1222 1262 Romano
1252 1208 1445 1261 aerario
1478 1208 1657 1260 solvet
1700 1205 1785 1259 bis
1828 1206 1975 1260 mille
2005 1221 2217 1263 aureos.
2251 1216 2306 1260 et

727 1306 881 1359 bona:
944 1309 1131 1374 patria:
1192 1303 1460 1371 Hierapoli
1528 1303 1674 1356 mille
1731 1317 1951 1356 aureos.
2013 1302 2305 1370 Inscriptio

2401 569 2539 629 στὼς
2569 562 2723 620 εἴπεν
2773 569 3054 639 Ἀϐέρκιος
3087 564 3188 623 ὧδε
3229 574 3522 641 γραφῆναι,
3574 575 3971 646 ἑϐδομηκοστὸν

2400 658 2516 721 ἔτος
2551 661 2646 712 καὶ
2677 661 2925 730 δεύτερον
2966 664 3114 730 ἄγων
3149 663 3383 732 άληθῶς.
3439 667 3544 718 Τοῦ
3577 670 3620 722 θ’
3658 672 3684 720 6
3718 670 3854 722 νοῶν
3885 672 3971 723 εὖ·

2404 750 2551 815 ξαιτο
2599 752 2740 821 ὑπὲρ
2800 751 3085 822 ’Λϐερκίου
3131 756 3238 817 πᾶς
3287 757 3314 807 ὁ
3355 758 3605 827 συνῳδός.
3664 763 3741 814 Οὐ
3790 762 3972 831 μέντοι

2403 841 2609 910 τύμϐον
2638 843 2825 912 ἕτερόν
2842 860 2924 904 τις
2956 845 3050 896 ἀπ’
3082 845 3217 912 ἐμοῦ
3244 847 3430 899 ἐπάνω
3465 848 3617 917 θήσει
3645 867 3658 880 ο
3693 855 3740 904 εί
3774 853 3819 905 δ’
3864 853 3972 919 οὖν,

2416 929 2705 999 Ῥωμαίων
2730 932 2942 1001 ταμείῳ
2969 932 3124 996 θήσει
3152 937 3383 1006 δισχίλια
3414 942 3612 1007 χρυσᾶ,
3647 943 3740 993 καὶ
3767 946 3973 1012 χρηστῇ

2406 1024 2624 1093 πατρίδι
2665 1025 2960 1095 Ἱεραπόλει
3018 1027 3164 1097 χίλια
3192 1032 3384 1099 χρυσᾶ.
3415 1033 3492 1083 Τὰ
3527 1034 3624 1101 μὲν
3651 1033 3712 1103 δὴ
3737 1034 3830 1087 τοῦ
3861 1040 3974 1088 ἐπι-

2404 1118 2728 1187 γράμματος
2755 1112 2855 1173 ὦδέ
2892 1137 3006 1181 πως
3030 1121 3123 1173 ἐπὶ
3146 1121 3341 1185 λέξεως
3368 1119 3516 1192 εἶχεν
3541 1140 3553 1154 ·
3586 1126 3666 1177 ὅτι
3697 1128 3772 1196 μὴ
3805 1129 3830 1174 ὁ
3857 1129 3976 1196 χρόο

2403 1227 2489 1272 νος
2520 1212 2703 1279 ὑφεῖλε
2731 1213 2853 1264 κατ’
2884 1201 3064 1279 ὀλίγον
3093 1213 3192 1279 τῆς
3222 1215 3527 1284 ἀκριϐείας,
3583 1220 3675 1270 καὶ
3730 1222 3977 1290 ἡμαρτηο

2403 1302 2577 1370 μὲνως
2611 1301 2752 1370 ἔχειν
2779 1306 2877 1372 τὴν
2904 1303 3120 1374 γραφὴν
3157 1307 3587 1374 παρεσκεύασεν,

726 1397 943 1465 quidem
975 1397 1054 1450 sic
1099 1411 1158 1448 se
1198 1393 1434 1448 habebat
1474 1394 1542 1447 ad
1585 1393 1833 1459 verbum,
1871 1394 1966 1447 sed
2010 1403 2222 1462 tempus
2247 1408 2310 1446 ex
2365 1407 2426 1446 ea
2481 1393 2684 1462 aliquid
2735 1394 2991 1460 detraxit,
3048 1403 3102 1449 et
3154 1395 3336 1450 eIIecit
3390 1406 3448 1450 ut
3500 1401 3750 1455 nonnihil
3796 1415 3977 1472 postea

725 1489 1149 1542 desideraretur.

799 1580 991 1633 XXIX.
1035 1579 1156 1650 Ipse
1209 1581 1424 1635 tandem
1471 1596 1595 1636 cum
1645 1579 1994 1650 presbyteros
2043 1578 2202 1632 simul
2249 1586 2304 1632 et

724 1671 1008 1733 diaconos,
1050 1683 1106 1725 et
1137 1673 1400 1740 quosdam
1433 1681 1682 1729 vocasset
1718 1686 1782 1725 ex
1817 1670 2017 1740 populo
2051 1689 2064 1725 :
2105 1671 2302 1732 Filioli,

723 1762 925 1830 inquit,
962 1761 1095 1816 mihi
1127 1763 1342 1830 quidem
1387 1766 1493 1836 jam
1522 1765 1675 1818 adest
1720 1764 1841 1815 vitae
1871 1763 2015 1826 linis,
2062 1769 2116 1815 et
2149 1763 2301 1826 alwo,

724 1869 757 1908 o
796 1869 927 1924 grex
960 1855 1091 1908 mihi
1115 1855 1310 1910 dilecte
1344 1873 1357 1909 :
1390 1857 1525 1910 abeo
1558 1856 1625 1912 ad
1679 1855 1754 1921 id,
1786 1856 1928 1924 quod
1967 1853 2052 1908 vel
2104 1855 2171 1906 ab
2224 1854 2306 1906 in-

727 1954 898 1996 eunte
957 1952 1115 1997 aetate
1151 1941 1560 2008 desiderabam,
1596 1944 1719 1997 vita:
1752 1959 1921 2015 genus
1960 1961 1974 1997 :
2009 1955 2059 1998 et
2089 1944 2154 1997 ad
2187 1960 2307 1997 eum

727 2035 886 2104 cujus
935 2052 1036 2105 ego
1070 2037 1238 2090 solius
1283 2046 1472 2091 teneor
1504 2037 1793 2101 desiderio,
1839 2048 1893 2092 et
1927 2037 2083 2107 cujus
2129 2035 2310 2091 divino

727 2144 916 2183 amore
973 2130 1327 2184 vehementer
1370 2131 1680 2185 incendor:
1725 2131 1860 2185 abeo
1898 2146 2023 2184 eum
2071 2132 2307 2184 visurus.

729 2222 894 2277 Vobis
939 2231 1123 2278 autem
1180 2224 1641 2278 considerandum
1694 2233 1798 2288 est,
1848 2239 2140 2292 quemnam
2193 2222 2311 2277 sitis

729 2314 884 2368 vobis
916 2315 1142 2368 electuri
1166 2317 1506 2384 episcopum,
1530 2316 1620 2383 qui
1652 2317 1706 2368 et
1729 2329 1824 2367 vos
1853 2325 1973 2383 post
1996 2329 2081 2367 me
2104 2325 2309 2383 pascet.

727 2417 783 2459 et
815 2407 971 2476 cujus
999 2421 1183 2460 vocem
1213 2406 1441 2475 pulchre
1480 2408 1708 2460 audient
1743 2421 1877 2460 mea:
1900 2421 2050 2468 oves,
2078 2423 2220 2477 quae,
2257 2418 2314 2462 ut

734 2495 850 2551 Deo
876 2497 1072 2566 placet,
1110 2499 1178 2552 ab
1214 2513 1278 2552 eo
1315 2508 1631 2568 pascentur.
1667 2497 1790 2552 llzec
1827 2514 1951 2553 cum
1981 2509 2205 2554 sanctus
2235 2502 2314 2555 eis

735 2589 988 2652 dixisset,
1024 2590 1096 2643 illi
1129 2605 1252 2644 cum
1292 2605 1460 2658 pauca
1494 2591 1633 2644 inter
1669 2606 1727 2644 se
1760 2591 2123 2646 communiter
2148 2591 2311 2646 locuti

734 2689 940 2744 essent,
965 2679 1500 2749 arcliiprcsbyterum
1529 2681 1791 2742 ecclesiae,
1817 2680 1902 2732 cui
1922 2681 2085 2733 etiam
2116 2696 2313 2737 nomen

732 2781 850 2825 erat
901 2771 1184 2834 Abercius,
1220 2772 1584 2825 communiter
1631 2771 1931 2840 elegerunt.
1984 2770 2125 2837 Quin
2151 2772 2314 2826 etiam

735 2879 862 2916 cum
922 2864 1038 2932 ipse
1081 2877 1300 2932 quoque
1359 2863 1407 2917 ei
1460 2879 1560 2918 sua
1615 2865 1888 2921 sententia
1939 2863 2318 2918 conﬁrmasset

732 2954 1136 3023 episcopatum,
1194 2955 1244 3008 ei
1288 2956 1521 3024 imponit
1573 2971 1764 3007 manus
1817 2972 1831 3007 :
1873 2965 1926 3008 et
1975 2969 2098 3008 cum
2151 2956 2316 3010 bene-

733 3043 962 3098 dixisset
987 3063 1000 3098 :
1032 3043 1136 3108 Tu,
1169 3044 1370 3113 inquit,
1397 3059 1428 3096 ο
1455 3043 1670 3108 Aberci,
1697 3057 1840 3096 nunc
1871 3042 2160 3112 episcopus
2185 3057 2315 3096 con-

2482 1576 2613 1630 KG’.
2637 1575 2806 1637 Αὐτὸς
2832 1575 2908 1641 δὲ,
2942 1575 3063 1638 τοὺς
3097 1577 3500 1648 πρεσϐυτέρους
3546 1581 3624 1644 είς
3651 1584 3851 1634 ταυτὸν
3895 1586 3983 1637 καὶ

2410 1670 2533 1731 τοὺς
2585 1668 2888 1733 διακόνους,
2942 1666 3035 1720 καί
3081 1685 3233 1732 τινας
3285 1670 3380 1721 τοῦ
3419 1671 3660 1740 πλήθους
3711 1675 3982 1738 καλέσας·

2412 1759 2608 1822 Τέκνα,
2638 1757 2763 1826 ἔφη,
2796 1758 2917 1826 ἐμοὶ
2949 1759 3048 1827 μὲν
3081 1759 3138 1812 τὸ
3158 1761 3252 1812 τοῦ
3279 1760 3394 1829 βίου
3425 1761 3575 1821 τέλος
3601 1763 3700 1832 ἤδη
3734 1766 3981 1831 πάρεστι,

2413 1851 2506 1904 καὶ
2538 1850 2756 1919 ἄπειμι,
2794 1843 2839 1902 ὦ
2871 1852 3022 1918 φίλον
3047 1852 3172 1921 ἐμοὶ
3209 1854 3478 1923 ποίμνιον,
3509 1855 3704 1923 ἄπειμι
3760 1857 3900 1924 πρὸς
3923 1859 3987 1925 ἣν

2412 1943 2640 1996 ἐπόθουν
2670 1946 2736 1997 ὲκ
2767 1943 2886 1996 νέου
2945 1944 3240 2014 διαγωγὴν,
3278 1948 3369 1999 καὶ
3415 1948 3548 2015 πρὸς
3575 1948 3633 1999 δν
3669 1947 3829 2017 μόνον
3879 1948 3986 2013 ἐγὼ

2410 2037 2510 2108 τὴν
2537 2037 2722 2104 ἔφεσιν
2753 2038 2881 2106 ἔχω,
2918 2038 3010 2090 καὶ
3035 2031 3096 2092 οὗ
3124 2055 3189 2107 με
3219 2037 3462 2106 σφοδρῶς
3483 2042 3511 2092 δ
3534 2040 3671 2103 θεῖος
3696 2040 3988 2104 ἐξέκαυσεν

2413 2120 2572 2202 ἔρως,
2605 2130 2824 2202 ἄπειμι,
2857 2132 3045 2183 τοῦτον
3091 2131 3375 2201 ὀψόμενος.
3431 2130 3605 2200 Ὕμᾶς
3637 2133 3689 2184 δὲ
3723 2134 3828 2202 χρὴ
3859 2150 3986 2185 σκο-

2412 2228 2556 2287 πεῖν,
2585 2225 2642 2277 ὃν
2685 2242 2806 2276 τινα
2842 2225 3052 2285 ἑαυτοῖς
3082 2224 3383 2276 ἐπίσκοπον
3413 2223 3705 2291 ψηφιεῖσθε
3733 2241 3747 2256 ·
3776 2225 3835 2285 ὃς
3868 2241 3988 2275 ποι-

2419 2321 2582 2387 μανεῖ
2604 2333 2663 2369 τε
2716 2317 2857 2386 ὑμᾶς
2886 2317 3003 2386 μετ’
3037 2318 3159 2385 ἐμὲ,
3199 2317 3294 2370 καὶ
3344 2312 3404 2370 οὗ
3431 2315 3529 2382 τῆς
3558 2315 3743 2383 φωνῆς
3770 2315 3990 2367 ἀκούσει

2415 2408 2483 2462 τὰ
2517 2408 2624 2476 ἐμὰ
2662 2408 2910 2478 πρόϐατα
2941 2408 3121 2471 καλῶς
3149 2411 3242 2461 καὶ
3265 2409 3338 2469 ὡς
3369 2407 3488 2477 Θεῷ
3521 2408 3672 2475 φίλον
3704 2406 3793 2458 ὑπ’
3822 2406 3990 2459 αὑτοῦ

2417 2500 2838 2570 ποιμαινόμενα.
2871 2499 3056 2552 Ταῦτα
3083 2499 3174 2552 τοῦ
3205 2500 3361 2567 ἁγίου
3399 2501 3534 2568 πρὸς
3568 2499 3766 2561 αὐτοὺς
3810 2498 3994 2550 εἰπόν-

2416 2609 2528 2658 τος,
2566 2592 2769 2663 βραχέα
2831 2594 3030 2645 ἐκείνοι
3089 2593 3226 2663 πρὸς
3274 2591 3533 2661 ἀλλήλους
3565 2591 3725 2653 εὐθὺς
3760 2589 3998 2642 κοινολο-

2418 2685 2738 2756 γησάμενοι,
2787 2689 2878 2739 τδν
2937 2682 3445 2753 ἀρχιπρεσϐύτερον
3521 2682 3619 2751 τῆς
3674 2682 3993 2749 ἐκκλησίας,

2418 2779 2589 2846 ὄνομα
2615 2779 2710 2832 καὶ
2740 2779 2900 2830 αὑτὸν
2939 2777 3249 2847 ’Λϐέρκιον,
3292 2775 3487 2838 κοινῶς
3513 2775 3870 2844 ἐψηφίσαντο·
3901 2773 3996 2825 καὶ

2420 2871 2580 2933 αὐτὸς
2621 2871 2676 2923 δὲ
2711 2871 2787 2941 τῷ
2832 2869 2985 2941 ἀνδρὶ
3023 2869 3121 2941 τὴν
3149 2867 3449 2938 ἐπισκοπὴν
3500 2867 3996 2934 ἐπιψηφισάμενος,

2421 2964 2692 3033 ἐπιτίθησι
2739 2981 2795 3016 τε
2835 2963 2984 3035 αὐτῷ
3020 2963 3116 3024 τὰς
3151 2966 3361 3032 χεῖρας,
3386 2963 3476 3012 καὶ
3508 2961 3836 3029 εὐλογήσας,
3880 2959 3994 3020 Σοὶ,

2422 3060 2546 3129 ἔφη,
2575 3052 2618 3109 ὦ
2663 3058 2935 3128 Ἀϐἐρκιε,
2992 3057 3276 3124 ὲπισκόπῳ
3328 3049 3466 3106 εἶναι
3513 3052 3728 3121 δίδωμι,
3763 3050 3897 3108 Θεοῦ
3935 3067 3993 3103 τε

735 3135 1003 3199 stitueris,
1039 3134 1152 3189 Deo
1183 3136 1368 3197 dante,
1413 3141 1467 3187 et
1516 3148 1603 3187 me
1648 3146 1887 3201 quoque,
1939 3140 2201 3200 quantum
2235 3140 2311 3184 est

2420 3151 2652 3213 διδόντος
2678 3152 2771 3203 καὶ
2808 3149 2942 3219 ἐμοῦ
2979 3150 3103 3201 ὅσον
3149 3147 3237 3200 ἐπ’
3279 3147 3424 3217 ἐμοί.
3466 3141 3597 3198 Εἶτα
3630 3147 3709 3206 είς
3733 3145 3998 3212 οὐρανοὺς

735 3227 792 3280 in
841 3243 960 3282 mea
1005 3227 1291 3296 potestate.
1350 3227 1555 3280 Deinde
1600 3241 1722 3280 cum
1760 3225 1920 3278 simul
1969 3239 2092 3277 eum
2148 3223 2318 3276 oculis

735 3334 931 3372 manus
972 3320 1025 3372 in
1067 3320 1234 3374 etelos
1263 3319 1596 3381 sustulisset,
1633 3328 1689 3370 et
1729 3317 1896 3368 Deum
1939 3324 2170 3374 orasset.
2209 3312 2320 3384 spi-

737 3412 848 3465 ritu
889 3412 1018 3464 bine
1063 3412 1296 3472 recedit,
1329 3421 1382 3463 et
1417 3409 1610 3463 transit
1650 3409 1715 3462 ad
1754 3408 2054 3474 Christum,
2088 3407 2154 3461 ad
2185 3408 2317 3462 cbo-

739 3516 833 3556 ros
861 3502 1178 3573 angelorum
1231 3501 1604 3568 transmissus,
1651 3501 1741 3571 qui
1794 3515 1982 3554 revera
2020 3501 2222 3551 vixerat
2261 3509 2320 3552 ut

738 3596 988 3667 angelus.
1035 3595 1278 3665 Populus
1320 3605 1525 3659 autem,
1558 3594 1647 3661 qui
1693 3592 1971 3646 habitabat
2015 3590 2316 3654 civitatem,

740 3698 1105 3757 congregatus
1146 3687 1212 3739 ad
1248 3700 1461 3739 sacrum
1502 3684 1631 3740 illud
1667 3685 1765 3737 viri
1812 3699 2045 3752 corpus,
2088 3697 2211 3735 cum
2241 3682 2316 3734 illi

741 3795 896 3833 sacra
945 3778 1234 3832 cecinisset
1285 3778 1518 3839 cantica,
1571 3786 1627 3829 et
1666 3785 1921 3844 tanquam
1975 3787 2318 3827 communem

742 3873 978 3943 aliquem
1011 3872 1330 3928 thesaurum
1365 3870 1695 3933 sustulisset,
1726 3867 1980 3938 deposuit
2016 3867 2069 3919 in
2109 3865 2312 3934 lapide,

742 3969 1004 4022 vicesimo
1063 3967 1308 4021 secundo
1360 3966 1563 4018 mensis
1615 3960 1888 4015 Octobris.
1943 3959 2147 4013 Deinde
2193 3973 2316 4013 cum

744 4074 899 4120 eum,
944 4057 1036 4126 qui
1074 4057 1141 4110 ab
1182 4055 1301 4126 ipso
1340 4062 1626 4124 acceperat
1666 4053 2063 4122 episcopatum,
2116 4050 2168 4102 in
2201 4050 2319 4118 ejus

743 4152 1004 4204 thronum
1050 4149 1426 4212 deduxissent,
1475 4146 1840 4202 communiter
1900 4141 2320 4214 niagnilicarunt

743 4242 935 4306 Deum,
966 4241 1057 4312 qui
1096 4251 1178 4296 est
1209 4257 1375 4311 super
1415 4241 1671 4295 thronum
1714 4239 1899 4310 gloriae
1930 4237 2078 4306 regni
2113 4254 2128 4290 :
2157 4249 2319 4304 quem

742 4334 900 4390 decet
955 4338 1133 4391 omnis
1185 4337 1380 4400 honor,
1442 4334 1608 4406 gloria
1659 4342 1714 4388 et
1761 4332 2029 4397 adoratio,
2082 4343 2231 4384 nunc
2268 4337 2323 4382 et

743 4441 979 4496 semper,
1003 4436 1058 4481 et
1085 4428 1140 4481 in
1174 4427 1367 4482 saecula
1399 4426 1742 4481 saeculorum.
1773 4425 1966 4479 Amen.

2423 3247 2519 3296 σὺν
2549 3246 2659 3306 τοῖς
2682 3244 2892 3312 δμμασι
2927 3242 3019 3295 καὶ
3050 3243 3238 3312 χεῖρας
3266 3239 3539 3308 ἀνασχὼν,
3572 3239 3664 3290 καὶ
3696 3233 4001 3305 προσευξά-

2423 3354 2582 3406 μενος
2613 3337 2690 3405 τῷ
2725 3331 2864 3406 Θεῷ,
2902 3335 3124 3403 ἀπαίρει
3180 3351 3239 3386 τε
3295 3333 3402 3385 τῶν
3446 3330 3684 3384 ἐνταῦθα
3723 3327 3802 3397 τῷ
3838 3330 4001 3379 πνεύ-

2425 3447 2575 3500 ματι,
2635 3431 2729 3481 καὶ
2761 3429 2898 3497 πρὸς
2929 3425 3165 3494 Χριστδν
3203 3425 3490 3487 διαϐαίνει,
3537 3425 3719 3493 χοροῖς
3754 3421 4002 3488 ἀγγέλων

2421 3525 2449 3574 δ
2488 3522 2608 3574 κατ’
2639 3521 2868 3589 ἄγγελον
2921 3519 3136 3588 ἀληθῶς
3191 3518 3394 3587 βιώσας
3469 3517 4001 3584 παραπεμπόμενος.

2423 3615 2494 3667 Τὸ
2524 3614 2709 3684 μέντοι
2746 3615 2844 3685 τὴν
2894 3612 3047 3666 πόλιν
3081 3610 3264 3666 oliton
3301 3610 3502 3678 πλῆθος
3540 3609 3692 3678 παρὰ
3729 3607 3791 3659 τὸ
3863 3607 4005 3673 ἱερὸν

2423 3711 2597 3761 ἐκεῖνο
2635 3707 2726 3758 τοῦ
2759 3706 2949 3775 ἀνδρὸς
3016 3706 3174 3776 σῶμα
3218 3702 3728 3772 συναθροισθέντες,
3777 3699 3900 3769 ἱερά
3951 3717 4006 3750 τε

2424 3801 2572 3870 αὐτῷ
2631 3801 2927 3870 ὲπᾴσαντες
2961 3798 3204 3870 ᾄσματα,
3237 3797 3328 3848 καὶ
3393 3796 3664 3865 λαμπρῶς
3695 3796 4007 3865 ἀνελόμενοι

2424 3893 2614 3963 ῶσπερ
2657 3895 2775 3945 τινα
2807 3892 2986 3944 κοινὸν
3018 3889 3290 3956 θησαυρὸν
3317 3889 3374 3939 ὲν
3403 3886 3479 3954 τῷ
3515 3885 3653 3954 λίθῳ
3686 3887 4005 3948 κατέθεντο,

2423 3985 2681 4054 δευτέραν
2711 3982 2803 4033 τοῦ
2850 3978 3180 4047 Ὀιιτωϐρὶου
3213 3980 3348 4050 πρὸς
3377 3983 3499 4041 ταῖς
3523 3980 3738 4031 εἴκοσιν
3761 3979 4007 4044 ἄγοντος·

2423 4072 2542 4128 εἶτα
2581 4076 2670 4127 τὸν
2707 4075 2797 4127 ὑπ’
2832 4073 2999 4128 αὑτοῦ
3047 4071 3340 4140 δεξάμενον
3381 4071 3483 4141 τὴν
3549 4073 3888 4142 ἐπισκοπὴν,
3927 4074 4014 4124 ἐπὶ

2421 4168 2512 4220 τὸν
2544 4165 2710 4219 αὑτοῦ
2748 4165 2936 4235 θρόνον
2971 4161 3362 4229 ἀναγαγόντες,
3391 4165 3546 4233 κοινῇ
3580 4162 3676 4214 τὸν
3702 4163 3798 4215 ἐπὶ
3827 4164 4007 4233 θρὲνου

2421 4259 2578 4328 δόξης
2630 4258 2729 4325 τῆς
2786 4256 3062 4327 βασιλείας
3092 4255 3227 4312 Θεὸν
3291 4255 3667 4326 ὲμεγάλυνον,
3723 4250 3767 4324 ᾧ
3811 4260 4010 4327 πρέπει

2423 4353 2575 4403 πᾶσα
2620 4351 2765 4415 δόξα,
2791 4348 2926 4418 τιμὴ
2957 4351 3048 4401 καὶ
3082 4348 3457 4417 προσκύνησις

2424 4442 2502 4504 είς
2533 4441 2658 4504 τοὺς
2687 4441 2884 4504 αίῶνας
2913 4439 3022 4492 τῶν
3051 4438 3282 4493 αἰώνων.
3321 4440 3519 4512 Ἀμήν,

3529 4348 3630 4402 νῦν
3663 4353 3763 4402 καὶ
3801 4351 3890 4402 ἀεὶ
3926 4351 4014 4401 x21
