4198 6312
246 335 381 398 1249
1383 349 1741 410 MARTYRI'

1890 351 1948 412 S.
1985 352 2336 412 ARETIL‘E.
3355 360 3490 424 1250

243 510 3482 572 Ἢ

1419 687 2289 808 ΜΑΡΤΥΡΙΟΝ

1689 902 1776 956 ΤΟ
1791 904 1825 955 Υ
1858 902 2061 956 ΛΓΙΟΥ

704 1076 2315 1218 ΜΕΓΑΛΟΜΑΡΤΥΡΟΣ
2427 1084 2983 1224 ΑΡΕΘΑ

1260 1314 1379 1366 ΚΑΙ
1415 1314 1550 1367 “mu
1590 1316 1726 1368 2m
1761 1318 1942 1390 ΛΥΤῼ
1988 1316 2451 1372 ΑθΑιιΣΑΝτοΝ

1349 1475 1686 1567 ΑΓΙΩΝ
1763 1486 1914 1570 MA
1927 1484 2351 1572 ΡΤΥΡΩΝ

905 1655 1031 1708 ΚΑΙ
1071 1655 1365 1714 ΙΣΤΟΡΙΑ
1414 1663 1553 1714 ΤΩΝ
1600 1666 1774 1718 ΚΑΤΑ
1807 1667 2051 1722 ΧΩΡΑΣ
2102 1670 2281 1723 ΤΟΤΕ
2305 1673 2805 1730 ΠΡΑΧΘΕΝΊὩΝ.

1483 2014 2216 2108 MARTYRIUM

1709 2204 1954 2262 SANCTI

207 2387 454 2535 ET
614 2384 1229 2543 MAGNI
1392 2388 2396 2552 MARTYRIS
2559 2398 3479 2565 ARETHXE.

1084 2675 1171 2732 ET
1217 2677 1456 2736 EORUM
1494 2678 1613 2748 QUI
1664 2679 1808 2737 CUM
1868 2681 1956 2738 ΕΟ
2009 2683 2524 2742 DECERTARUNT

941 2852 1795 2944 SANCTORUM
1888 2857 2690 2951 MARTYRUM

199 3041 304 3103 ET
376 3047 748 3107 HISTORIA
827 3046 1102 3108 EORUM
1176 3045 1363 3120 QUAE.
1446 3045 1650 3106 TUNC
1735 3045 1994 3108 FACTA
2059 3048 2263 3109 sum
2343 3051 2424 3112 m
2511 3054 2870 3116 REGIONE
2947 3058 3452 3125 HOMERITIDE

1528 3149 1690 3210 VEL
1739 3149 2015 3210 SABIEA

749 3309 944 3371 (Latine
973 3322 1052 3368 ap.
1081 3307 1279 3357 Surium
1311 3309 1370 3357 ad
1402 3309 1533 3358 diem
1560 3309 1619 3357 24
1643 3309 1900 3372 Octobris;
1945 3315 2114 3365 Grece
2148 3330 2208 3365 ex
2245 3318 2354 3367 cod.
2380 3331 2469 3368 ms.
2499 3319 2651 3371 Paris.
2683 3334 2714 3370 n
2762 3322 2922 3386 N83.)

244 3652 319 3706 A'.
351 3651 506 3711 Ἔτος
535 3649 633 3716 μὲν
667 3647 767 3717 ήδη
802 3646 1060 3715 πέμπτον
1095 3647 1404 3718 ἐνειστήκει
1435 3645 1513 3712 τῷ
1542 3645 1741 3699 causa:

1934 3647 1970 3701 ι.
2015 3648 2256 3704 Instabat
2285 3649 2395 3719 jam
2429 3650 2655 3720 quintus
2701 3667 2900 3720 annus,
2946 3670 3009 3708 ex
3041 3670 3150 3725 quo
3193 3654 3445 3714 Justinus

197 3742 492 3810 Ἰουστίνῳ,
561 3743 659 3810 τῆς
716 3738 999 3810 Ῥωμαίων
1052 3739 1229 3810 ἀρχῆς
1293 3741 1404 3793 τῶν
1463 3743 1741 3812 σκήπτρωι

1863 3753 2153 3809 acceperat
2198 3752 2412 3812 sceptra
2469 3741 2699 3797 Romani
2748 3744 2963 3813 imperii
3004 3761 3017 3797 :
3068 3761 3174 3815 quo
3222 3746 3442 3816 quidem

183 3835 599 3905 ἑπειλημμένῳ,
624 3833 787 3903 ἡνίκα
816 3832 910 3885 καὶ
932 3830 1209 3883 Αἰθιόπων
1247 3831 1542 3885 Ἐλεσσαὰν
1565 3828 1741 3901 ἦρχεν

1861 3842 2102 3902 tempore
2129 3834 2429 3904 imperabat
2451 3835 2613 3888 etiam
2641 3834 2992 3904 Ethiopibus
3017 3836 3300 3899 Elesbaan,
3337 3841 3436 3905 vir,

180 3927 326 3996 ἀνὴρ
406 3929 492 3980 ἐπ’
527 3927 781 3996 εὐσεϐείᾳ
824 3925 919 3978 καὶ
947 3921 1264 3995 δικαιοσύνῃ
1305 3924 1559 3978 πλείστου
1608 3924 1741 3995 παρέ

1858 3927 1948 3997 qui
1974 3935 2196 3997 propter
2219 3927 2475 3997 pietatem
2501 3936 2554 3982 et
2573 3927 2866 3997 justitiam,
2895 3929 3034 3998 apud
3057 3943 3247 3982 omnes
3271 3931 3442 3984 maxi-

179 4024 352 4075 πᾶσιν
390 4021 691 4090 ἠξιωμένος
743 4020 1026 4088 ὀνόματος,
1077 4019 1133 4071 ὲν
1178 4017 1438 4091 Αὺξούμῃ
1483 4018 1637 4071 πόλει
1692 4019 1741 4071 τὲ

1860 4035 2007 4074 mum
2055 4034 2252 4074 nomen
2298 4019 2399 4073 fuit
2450 4028 2821 4074 consecutus:
2876 4019 2930 4073 in
2982 4019 3203 4074 civitate
3252 4031 3436 4077 autem

179 4113 433 4184 βασίλεια
514 4111 959 4174 κατεσκευακὼς.
1025 4110 1280 4180 Ἐκρατει
1348 4111 1404 4161 δὲ
1498 4110 1593 4161 κα)⁵
1659 4111 1741 4179 τῆς

1858 4116 2104 4166 Auxume
2137 4112 2339 4181 regiam
2370 4121 2770 4167 construxerat.
2807 4112 3018 4165 Ditione
3049 4113 3265 4167 tenebat
3297 4114 3436 4168 Ara-

176 4208 516 4273 Εὑδαίμονος
580 4203 860 4274 ’Λρασὶας,
900 4205 997 4272 τῆς
1054 4201 1218 4252 πάλαι
1268 4199 1369 4269 μὲν
1419 4201 1589 4262 Σαὸἆ,
1640 4204 1741 4254 vavi

1855 4205 1998 4260 biam
2031 4201 2260 4258 Felicem
2301 4218 2421 4272 quae
2444 4203 2570 4256 olim
2607 4203 2822 4274 quidem
2858 4201 3018 4268 Saba,
3068 4220 3215 4261 nunc
3248 4215 3431 4262 autem

174 4299 236 4352 δὲ
280 4293 634 4367 ὐμηρίτιδος
687 4293 1053 4361 καλουμένης,
1095 4293 1337 4347 Δουναὰν
1369 4310 1453 4356 τις
1503 4293 1741 4362 Ἐϐραῖος

1855 4307 2077 4352 vocatur
2101 4296 2410 4360 Homeritis,
2449 4296 2676 4350 Dunaan
2705 4297 2984 4361 Hebraaus,
3020 4298 3101 4351 vir
3132 4299 3348 4366 impius,
3373 4308 3430 4353 et

172 4390 317 4459 ἀνὴρ
349 4386 612 4455 δυσσεϐὴς
677 4384 772 4436 καὶ
807 4383 882 4453 τῷ
913 4383 1021 4436 τῶν
1059 4383 1406 4452 Χριστιανῶν
1440 4381 1586 4449 γένει
1632 4381 1741 4434 δια-

1852 4387 2288 4443 Christianorum
2343 4389 2526 4458 generi
2581 4389 2990 4443 inimicissimus
3043 4409 3056 4442 :
3116 4390 3209 4459 qui
3262 4391 3427 4447 etiam

173 4481 452 4549 φερόντως
490 4477 771 4544 πολέμιος.
815 4475 910 4536 Ὃς
937 4475 1034 4527 καὶ
1057 4475 1183 4535 τοὺς
1216 4474 1320 4525 ὑπὸ
1351 4475 1513 4540 χεῖρα
1547 4473 1750 4532 πάντας

169 4572 572 4641 ὲκπεριτὸμους
626 4564 794 4637 εἶχεν,
843 4564 937 4627 οὓς
979 4566 1080 4635 μὲν
1138 4564 1529 4627 ἰουδαΐζοντας,
1575 4562 1667 4626 οὓς
1693 4563 1747 4615 δὲ

119 4660 126 4666 ’
169 4671 268 4720 καὶ
300 4667 546 4736 ἀκριῦῶς
592 4661 995 4734 ὲλληνίζοντας,
1054 4660 1285 4723 θύοντας
1329 4659 1464 4729 ἡλίῳ
1513 4661 1608 4710 καὶ
1663 4675 1750 4710 σε-

165 4763 308 4832 λήνῃ
336 4761 429 4812 καὶ
453 4759 723 4827 δαίμοσιν,
757 4756 848 4818 οὓς
878 4755 985 4824 ἄρα
1013 4753 1110 4806 καὶ
1151 4755 1292 4806 κατὰ
1337 4754 1424 4805 τὸν
1454 4752 1746 4823 ἐπιχώριον

163 4855 371 4923 τρόπον
425 4851 707 4918 ἀγάλμασι
740 4851 834 4900 καί
863 4847 1083 4917 στήλαις
1112 4844 1335 4914 ἐτίμων.
1379 4844 1745 4913 Ἀπηχθάνετο

161 4946 220 4996 δὲ
283 4945 379 4996 καὶ
435 4941 510 5011 τῷ
555 4937 849 4993 Ἐλεσϐαὰν
882 4940 908 4988 ό
951 4937 1223 5005 Ἐϐραῖος,
1265 4935 1345 4986 ὅτι
1401 4935 1463 5004 δὴ
1523 4936 1741 4988 πάντων

1852 4496 2061 4545 omnes,
2110 4480 2386 4546 quierant
2441 4482 2493 4533 in
2544 4495 2640 4533 sua
2675 4488 2966 4549 potestate,
3015 4479 3248 4537 habebat
3316 4485 3427 4538 cir-

1852 4572 2140 4636 cumcisos,
2194 4571 2391 4642 partim
2442 4570 2658 4639 quidem
2693 4568 2972 4626 Iudaicam
3005 4585 3293 4642 sequentes
3325 4589 3422 4628 su-

1851 4665 2249 4734 perstitionem,
2303 4665 2502 4732 partim
2549 4675 2728 4718 autem
2781 4665 2938 4733 plane
2984 4667 3208 4734 gentiles
3237 4666 3333 4719 soli
3368 4676 3423 4719 et

1848 4757 1990 4809 lunae
2019 4756 2388 4810 sacrificantes
2415 4765 2469 4808 et
2511 4755 2871 4820 damnonibus,
2900 4773 3035 4825 quos
3074 4760 3235 4810 etiam
3269 4772 3421 4812 more

1847 4846 2020 4919 gentis
2053 4847 2390 4901 honorabant
2423 4848 2617 4903 statuis
2639 4856 2693 4902 et
2722 4849 3009 4903 columnis.
3043 4849 3210 4905 Porro
3236 4859 3418 4906 autem

1847 4943 1914 4993 ab
1955 4935 2214 4993 Elesbaan
2247 4938 2369 4994 odio
2404 4937 2703 4993 habebatur
2736 4939 3013 5002 llebrzeus,
3066 4942 3206 5008 quod
3239 4941 3419 4994 omni-

163 5036 356 5105 σχεδὸν
396 5036 502 5086 τῶν
545 5034 637 5085 ὑπ’
672 5029 900 5100 οὐρανὸν
960 5030 1051 5082 τὸν
1082 5027 1322 5100 Χριστὸν
1359 5032 1739 5097 κηρυττόντων

1852 5033 1947 5086 bus
1974 5031 2104 5096 fere,
2136 5032 2227 5100 qui
2255 5039 2383 5085 sunt
2415 5031 2519 5085 sub
2569 5033 2728 5093 cmlo,
2761 5030 3038 5084 Christum
3069 5030 3237 5085 Deum
3276 5049 3414 5102 prae-

161 5130 296 5182 Θεὸν
344 5129 438 5178 καί
483 5125 617 5177 Θεοῦ
662 5126 789 5178 Υῐδν
821 5120 1022 5190 ἀληθῆ,
1057 5122 1152 5174 καὶ
1191 5122 1323 5190 ἡμῖν
1365 5121 1548 5190 ὅμοιον
1600 5120 1740 5174 κατὰ

160 5223 260 5289 τὴν
288 5220 466 5288 σάρκα
499 5217 813 5285 γενόμενον,
848 5215 1010 5277 αὐτὸς
1063 5216 1272 5269 ἀθετῶν
1305 5217 1606 5284 ἀπηρνεῖτο
1645 5217 1740 5267 καὶ

159 5313 254 5363 τὸν
290 5310 415 5361 Υιὸν
457 5309 551 5361 καὶ
592 5307 688 5375 τὴν
722 5310 1018 5376 σάρκωςιν,
1069 5307 1377 5371 συσκιάζων
1420 5307 1480 5360 τὸ
1517 5310 1610 5361 ἐπὶ
1664 5308 1741 5378 τῷ

160 5402 383 5471 σταυρῷ
433 5401 541 5453 τῶν
590 5400 839 5470 πατέρων
883 5399 1166 5469 ἀνόμημα,
1220 5401 1294 5463 ὠς
1339 5399 1432 5453 καὶ
1474 5400 1736 5463 πολλάκις

155 5496 306 5565 αὐτῴ
343 5496 688 5564 συμϐαλόντα
738 5495 830 5546 τὸν
885 5494 1086 5564 εὐσεθῆ
1138 5495 1387 5565 βασιλέα,
1427 5494 1734 5568 τρέψασθαι

153 5606 211 5639 τε
250 5585 547 5640 αὑτὸνοάνὰ
579 5586 798 5655 κράτος,
827 5586 916 5636 καὶ
949 5587 1149 5654 φόρους
1179 5585 1489 5653 ἀναγκάσαι
1535 5585 1729 5640 τελεῖν.

155 5677 271 5738 Εἶθ’
313 5679 488 5742 οὕτως
532 5680 738 5733 ἐκεῖνον
783 5677 879 5747 μὲν
930 5679 1028 5740 τὰς
1072 5677 1350 5746 συνθήκας
1397 5678 1727 5748 ἠθετηκότα,

156 5771 622 5840 κατεξαναστῆναι
655 5770 748 5822 τοῦ
809 5768 1072 5839 βασιλέως
1131 5771 1453 5828 Ἐλεσϐαάν.
1511 5772 1614 5824 Τὸν
1673 5771 1728 5824 δὲ

1843 5123 2171 5186 dicantibus,
2209 5133 2260 5177 et
2298 5138 2484 5177 verum
2533 5121 2627 5176 Dei
2667 5121 2889 5186 Filium,
2918 5132 2971 5175 et
3021 5123 3178 5177 nobis
3209 5123 3412 5178 factum

1843 5229 2004 5268 carne
2046 5214 2298 5278 similem,
2334 5214 2448 5284 ipse
2498 5228 2623 5267 eum
2671 5213 3031 5282 vilipendens,
3073 5213 3415 5267 inﬁciabatur

1843 5304 1956 5358 haec
1978 5305 2179 5369 omnia,
2215 5305 2401 5360 velans
2435 5313 2490 5359 et
2521 5307 2847 5359 adumbrans
2881 5319 3105 5358 suorum
3139 5306 3405 5374 majorum

1843 5401 2042 5459 scelus,
2077 5399 2218 5467 quod
2251 5401 2302 5451 in
2333 5412 2492 5452 cruce
2528 5398 2878 5461 admiserant,
2914 5397 3051 5451 adeo
3079 5407 3136 5450 ut
3163 5411 3255 5450 rex
3287 5398 3409 5465 pius

1831 5506 1972 5562 saepe
2002 5504 2125 5544 cum
2150 5505 2216 5544 eo
2238 5489 2376 5546 bello
2403 5503 2747 5560 congressus,
2782 5489 2829 5542 vi
2861 5488 3062 5542 fuderit
3087 5501 3149 5540 ac
3183 5486 3404 5559 fugarit,

1830 5597 1886 5640 et
1936 5584 2197 5638 tributum
2230 5583 2468 5653 pendere
2515 5583 2772 5653 coegerit.
2807 5579 3005 5634 Verum
3043 5579 3134 5635 ille
3182 5580 3402 5650 quidem

1829 5689 1936 5729 non
1962 5683 2112 5729 stans
2144 5675 2314 5745 pactis
2343 5672 2646 5738 conventis,
2679 5671 2974 5725 insurrexit
2999 5682 3186 5727 contra
3220 5684 3400 5742 regem

1831 5768 2112 5823 Elesbaan.
2150 5768 2413 5824 Elesbaan
2441 5777 2620 5822 autem
2654 5779 2777 5820 eum
2807 5780 2996 5820 rursus
3042 5763 3219 5819 valido
3246 5764 3404 5819 ador-
