4198 6312
745 334 873 399 1251

1993 330 2267 389 MENSIS
2308 328 2668 388 OCTOBER.

3828 326 3963 388 1252

744 458 830 500 tus
865 446 1123 511 exercitu,
1162 447 1370 501 fortiter
1401 447 1743 517 expugnavit.
1778 457 1831 500 et
1874 449 1923 497 in
1968 445 2143 513 fugam
2177 459 2273 497 con
2331 445 2379 504 Α

2331 445 2379 504 Α
2409 445 2569 497 πάλιν
2599 446 2758 514 βαρεῖ
2782 445 2999 515 στρατῷ
3032 444 3155 498 κατ’
3180 444 3344 497 αὑτοῦ
3373 446 3694 507 ἐπελθόντα,
3721 464 3966 511 καταγω-

745 536 921 591 vertit.
957 536 1196 605 Denique
1228 538 1290 589 ad
1320 538 1465 590 illum
1497 538 1793 591 cavendum
1830 536 2014 589 relicto
2037 536 2297 596 exercitu,

746 628 799 680 in
838 642 987 680 suam
1028 629 1185 681 rediit
1214 629 1494 683 ditionem.

817 800 880 853 ll.
926 800 1141 853 Interim
1178 816 1281 854 non
1318 808 1523 867 poterat
1555 799 1808 853 Helmeus
1854 800 2155 868 quiescere,
2210 796 2303 852 sed

748 906 805 945 ut
856 903 1087 961 acceptae
1134 893 1297 946 cladis
1346 892 1548 945 deleret
1598 892 1965 961 ignominiam,
2010 906 2128 943 cum
2180 904 2304 941 suos

752 984 1072 1053 collegisset,
1107 994 1158 1036 et
1192 998 1301 1047 eos,
1338 982 1427 1050 qui
1469 992 1621 1035 erant
1669 984 1722 1035 in
1767 981 2037 1050 praesidio,
2082 980 2307 1033 invasis-

750 1082 851 1139 set,
890 1091 1077 1130 omnes
1107 1076 1244 1128 bello
1287 1075 1539 1143 perdidit,
1568 1085 1622 1127 et
1664 1075 1823 1142 jussit
1859 1087 2064 1134 omnes,
2108 1074 2195 1141 qui
2227 1073 2308 1124 iii-

751 1166 1106 1219 veniebantur
1136 1166 1409 1219 Christum
1443 1181 1561 1218 esse
1594 1165 1757 1217 Deum
1792 1163 2133 1223 confitentes,
2173 1166 2305 1218 citra

754 1258 915 1311 ullam
954 1257 1173 1309 interire
1207 1255 1652 1308 misericordiam.
1688 1254 1877 1308 Nullus
1909 1265 2087 1307 autem
2116 1254 2213 1306 fuit
2243 1271 2306 1307 ex

754 1350 843 1411 iis,
879 1350 966 1416 qui
996 1358 1145 1400 erant
1179 1349 1276 1400 sub
1304 1350 1437 1416 ipso,
1475 1347 1815 1403 Christianis.
1844 1347 1931 1414 qui
1969 1362 2023 1398 se
2054 1362 2157 1397 non
2185 1347 2309 1398 huic

759 1440 926 1508 impio
959 1440 1135 1493 edicto
1164 1440 1471 1493 submiscrit
1502 1440 1642 1491 illius
1687 1440 1849 1491 animi
1888 1438 2182 1491 formidans
2215 1452 2312 1489 sa:-

758 1533 963 1585 vitiam.
993 1531 1241 1595 Quaedam
1267 1542 1445 1583 tamen
1467 1530 1654 1583 civitas
1682 1531 1934 1597 frequens
1964 1529 2180 1597 populo,
2213 1528 2310 1579 sita

759 1620 813 1671 in
847 1620 1193 1684 Homeritide,
1222 1635 1340 1687 qua:
1374 1629 1592 1674 vocatur
1620 1618 1850 1688 Nagran,
1877 1634 1993 1669 cum
2020 1619 2127 1686 jam
2157 1620 2313 1687 longo

760 1713 959 1766 abhinc
1010 1722 1247 1780 tempore
1281 1713 1513 1765 venisset
1559 1712 1622 1764 ad
1670 1711 1998 1781 agnitionem
2053 1711 2313 1771 veritatis,

758 1815 812 1858 et
840 1804 1092 1871 pietatem
1121 1803 1464 1872 suscepisset,
1504 1818 1695 1869 nempe
1729 1819 1790 1855 ex
1823 1818 1930 1870 quo
1958 1804 2305 1856 Constantius
2351 1789 2387 1842 υ

761 1896 938 1964 magni
971 1889 1305 1947 Constantini
1335 1894 1493 1957 filius,
1543 1894 1606 1945 ad
1644 1894 1884 1955 Sabaaos,
1918 1894 2004 1961 qni
2059 1908 2200 1944 nunc
2230 1908 2319 1945 vo-

762 1994 952 2039 cantur
987 1984 1299 2049 llomeritaz,
1325 1985 1431 2037 orti
1456 2000 1583 2038 vero
1613 1995 1822 2039 suntex
1854 1986 2044 2036 Cetura
2073 1985 2317 2045 Abrahte,

764 2078 908 2129 misit
937 2077 1179 2145 legatos:
1213 2086 1266 2128 et
1316 2091 1442 2145 rege
1478 2076 1621 2128 illius
1650 2075 1824 2145 geniis
1872 2075 2187 2128 muneribus
2218 2074 2316 2127 sibi

763 2167 1070 2230 conciliato,
1123 2165 1409 2219 aedificavit
1454 2166 1641 2218 hacin
1696 2166 1911 2218 civitate
1962 2166 2238 2225 ecclesias,
2270 2174 2321 2217 et

766 2256 1051 2323 quemdam
1110 2256 1286 2309 virum
1343 2258 1512 2322 pium,
1559 2258 1646 2323 qui
1702 2257 1766 2307 ad
1813 2259 1970 2308 vitam
2029 2257 2324 2309 declinarat

768 2346 1145 2408 monasticam,
1178 2358 1232 2400 et
1261 2347 1549 2400 moralibus
1586 2357 1638 2400 et
1666 2347 1854 2400 activis
1887 2348 2177 2401 virtutibus
2208 2357 2323 2399 erat

768 2452 1013 2507 magnus.
1047 2446 1206 2506 atque
1230 2437 1363 2490 adeo
1390 2436 1640 2489 omnibus
1667 2436 1747 2489 sui
1774 2438 2027 2505 temporis
2054 2438 2320 2504 superior,

770 2531 937 2587 misit.
993 2540 1050 2582 nt
1102 2541 1354 2598 pra-esset
1404 2530 1488 2591 iis,
1521 2530 1609 2597 qui
1658 2529 1723 2581 ad
1756 2546 1932 2582 veram
1986 2540 2326 2584 accesserant

770 2620 1105 2687 religionem.
1156 2619 1275 2681 Qno
1300 2619 1517 2687 quidem
1566 2630 1805 2688 tempore
1836 2619 2035 2673 Judanis
2072 2625 2329 2674 resisten-

772 2714 933 2775 tibus,
963 2721 1017 2764 et
1056 2706 1283 2764 barbaro
1315 2710 1688 2771 suadentibus,
1721 2726 1787 2763 ne
1810 2722 1915 2764 tam
1952 2711 2106 2764 facile
2148 2711 2330 2779 hospi-

771 2812 877 2856 tem
910 2801 1215 2855 admitteret
1261 2802 1314 2854 in
1360 2802 1655 2866 civitatem,
1691 2817 1861 2870 neque
1906 2802 2048 2854 circa
2082 2815 2166 2853 res
2197 2800 2328 2853 diviv

774 2908 870 2945 nas
916 2892 1118 2959 aliquid
1146 2893 1447 2951 innovarct,
1478 2892 1579 2943 nisi
1615 2892 1764 2957 prius
1798 2894 1878 2942 vir
1910 2889 2191 2957 religiosus
2229 2888 2330 2943 ali-

770 2984 914 3051 quod
958 2984 1169 3053 signuni
1202 2983 1531 3043 ostenderet,
1578 2982 1865 3051 (quomodo
1913 2983 2087 3037 solent
2120 2984 2204 3036 isti
2239 2999 2332 3053 pc-

775 3084 905 3138 tere,
938 3084 995 3127 ut
1023 3075 1112 3143 qui
1149 3075 1260 3128 sint
1289 3076 1570 3144 increduli)
1608 3076 1750 3143 quod
1784 3076 1999 3143 quidem
2044 3075 2088 3129 si
2122 3076 2332 3142 praesti—

775 3165 922 3227 terit,
958 3173 1085 3217 tunc
1116 3164 1164 3217 ei
1214 3165 1537 3218 concederet
1574 3167 1872 3232 ingressum
1910 3165 1963 3215 in
2014 3166 2287 3215 civitatem
2318 3181 2331 3217 :

776 3252 865 3307 ille
899 3252 1095 3306 divinis
1127 3254 1293 3307 fretus
1326 3253 1626 3323 promissis,
1660 3251 1803 3320 quod
1850 3251 2001 3322 signa
2041 3260 2337 3321 sequentur

775 3358 889 3401 eos.
912 3342 1002 3409 qui
1026 3342 1374 3403 crediderint,
1397 3340 1587 3393 annuit
1607 3340 1717 3393 eira
1735 3340 1890 3393 ullam
1908 3340 2330 3396 dubitationem:

775 3440 832 3481 et
877 3444 1064 3481 eorum
1109 3442 1228 3496 qua:
1272 3426 1607 3497 petebantur,
1656 3427 2036 3481 miraculorum
2087 3444 2333 3495 magnam

777 3516 1015 3569 ostendit
1044 3516 1440 3583 operationem.
1481 3514 1560 3564 Ab
1605 3513 1693 3564 illo
1729 3515 1837 3579 jam
1880 3521 2121 3581 tempore
2150 3515 2336 3568 civitas

783 3604 1067 3655 Dominum
1102 3614 1233 3668 pure
1258 3600 1462 3663 colens,
1492 3608 1546 3652 et
1573 3599 1873 3652 orthodoxa
1896 3600 2202 3654 divinorum
2236 3603 2337 3654 Pa-

781 3704 920 3746 trum
964 3708 1196 3761 seqnens
1224 3693 1492 3762 dogmata,
1542 3694 1940 3761 perseverabat,
1978 3692 2022 3746 si
2064 3694 2191 3763 quid
2224 3706 2338 3749 erat

784 3782 932 3843 mali,
979 3783 1262 3851 repellere,
1321 3790 1375 3834 et
1425 3781 1655 3835 alienam
1706 3781 1942 3851 effugere
2000 3782 2334 3851 religionem,

780 3875 914 3927 adeo
944 3884 999 3926 ut
1025 3876 1227 3927 sineret
1256 3874 1472 3941 quidem
1496 3890 1612 3926 eain
1647 3874 1713 3927 ad
1737 3889 1901 3926 aures
1930 3878 2232 3942 pervenire.

856 4096 940 4151 Ill.
984 4095 1232 4150 lnvidens
1259 4111 1387 4168 ergo
1415 4097 1701 4166 malignus,
1728 4106 1922 4161 totum,
1949 4109 2181 4165 quantus
2206 4108 2337 4164 erat,

782 4192 1004 4245 subiens
1053 4189 1355 4253 Hebraeum,
1383 4204 1509 4242 eum
1549 4198 1722 4240 armat
1748 4190 2005 4242 adversus
2048 4192 2338 4253 civitatem,

788 4283 982 4348 partim
1017 4280 1234 4347 quidem
1265 4282 1493 4346 opinans
1525 4276 1662 4339 fore,
1701 4288 1758 4330 ut
1791 4278 1841 4331 id
1883 4288 2027 4332 esset
2057 4280 2339 4333 molestum

786 4375 876 4441 pio
911 4375 1017 4442 regi
1046 4370 1365 4439 Ethiopuni
1396 4388 1411 4425 :
1450 4371 1645 4439 partim
1678 4380 1858 4425 autem
1895 4387 1961 4427 eo
1991 4383 2259 4441 spectans,
2288 4388 2344 4425 ut

2403 535 2652 587 νίσασθαί
2687 553 2745 588 τε
2802 536 3083 603 γενναίως,
3126 535 3219 586 καὶ
3280 536 3491 603 (ρυγάδα
3544 536 3967 603 παρασκευάσαι

2403 625 2679 690 γενέσθαι.
2718 623 2847 677 Εἶτα
2888 626 3021 695 πρὸς
3055 626 3303 692 φυλακὴν
3345 628 3555 677 ἐκείνου
3592 624 3967 677 καταλιπόντα

2407 718 2652 783 στρατὸν,
2695 719 2771 778 εἰς
2799 718 2895 785 τὴν
2926 717 3129 768 οἰκείαν
3156 716 3309 777 αὖθις
3343 716 3510 785 ἀρχὴν
3536 716 3899 783 ὑποστρέψαι.

2476 806 2548 857 Β’.
2598 806 2682 857 Ἐν
2700 806 2904 867 τούτοις
2920 806 3010 858 τὸν
3051 807 3295 873 Ἐϐραῖον
3323 808 3419 856 οὑκ
3447 802 3513 873 ἦν
3550 806 3777 872 ἠρεμεῖν
3803 823 3817 838 ·
3853 804 3969 859 ἀλλ’

2407 898 2591 966 ὥσπερ
2621 898 2718 967 τὴν
2741 894 2908 966 ἧτταν
2931 898 3393 965 ἀνακαλούμενον,
3423 895 3815 963 συλλεξάμενον
3846 897 3972 956 τοὶς

2407 990 2663 1052 οἰκείους,
2701 991 2795 1040 καὶ
2828 992 2940 1051 τοῖς
2970 990 3067 1057 τὴν
3102 989 3346 1056 φυλακὴν
3379 988 3591 1057 ἔχουσιν
3619 986 3969 1052 ἐπιθέμενον,

2410 1082 2631 1151 πολέμῳ
2670 1098 2723 1132 τε
2753 1080 2999 1144 ἅπαντας
3057 1080 3385 1147 διαφθεῖραι,
3418 1079 3513 1130 καὶ
3560 1076 3821 1129 κελεῦσαι
3844 1078 3969 1138 τοὶς

2412 1174 2827 1243 εὑρισκομένους
2844 1172 2974 1224 Θεὸν
3001 1174 3091 1224 τὸν
3118 1173 3348 1240 Χριστὸν
3373 1170 3768 1240 ὁμολογοῦντας
3820 1169 3971 1235 παρά

2412 1268 2518 1317 πᾶν
2554 1264 2696 1325 ἔλεος
2741 1263 3171 1331 διαφθείρεσθαι.
3222 1260 3328 1315 ἾΙν
3375 1260 3467 1316 οὖν
3504 1264 3676 1323 οὐδεὶς
3715 1261 3826 1311 τῶν
3879 1260 3973 1311 ὑπ’

2412 1358 2560 1427 αὐτῷ
2585 1355 2880 1408 τελούντων
2939 1357 3301 1425 Χριστιανῶν,
3357 1356 3415 1417 ὃς
3456 1355 3551 1422 οὑχ
3579 1354 3863 1406 ὑπέκυπτε
3896 1352 3972 1417 τῷ

2413 1451 2662 1504 δυσσεϐεῖ
2707 1451 2882 1519 τούτῳ
2943 1450 3346 1519 προστάγματι,
3398 1447 3492 1513 τῆς
3531 1445 3710 1513 ψυχῆς
3756 1443 3975 1510 ἐκείνης

2415 1543 2629 1611 τρέμων
2665 1544 2760 1611 τὴν
2782 1541 3103 1610 ἀγριότητα.
3143 1539 3299 1600 [ιὸλις
3337 1540 3397 1603 γέ
3433 1556 3513 1601 τις
3549 1535 3976 1603 πολυάνθρωπος

2418 1636 2519 1686 ὑπὸ
2542 1635 2631 1687 τὸν
2676 1634 2975 1703 Ὀμηρίτην
3000 1631 3224 1701 κειμένη
3259 1631 3566 1696 καλουμένη
3597 1628 3846 1695 Ναγρὰν,
3880 1644 3976 1677 συ-

2420 1728 2544 1797 χνὸν
2569 1728 2669 1796 ἤδη
2712 1728 2901 1795 χρόνον
2933 1726 3013 1785 εἰς
3063 1723 3357 1788 ἐπίγνωσιν
3420 1719 3645 1770 ἐλθοῦσα
3694 1718 3796 1784 τῆς
3846 1718 3979 1785 ἁλη-

2422 1819 2590 1882 θείας,
2651 1822 2743 1870 καὶ
2794 1818 2889 1884 τὴν
2946 1816 3228 1867 εὐσέϐειαν
3297 1812 3692 1879 ἐπανελομένη,
3746 1810 3802 1871 ἐξ
3854 1812 3978 1860 δτου

2423 1911 2795 1967 Κωνστάντιος
2863 1909 2890 1958 ό
2954 1906 3047 1957 τοῦ
3115 1904 3349 1974 μεγάλου
3421 1900 3834 1955 Kwnzavtlvou
3870 1903 3982 1962 υἱὸς

2422 2003 2554 2070 πρὸς
2586 1999 2852 2057 Σαῦαίους
2883 1998 3008 2058 τοὺς
3059 1994 3152 2047 νῦν
3217 1995 3539 2065 Ὀμηρίτας,
3585 1993 3708 2054 τοὺς
3769 1994 3832 2043 ἐκ
3884 1992 3983 2059 τῆς

2422 2091 2697 2159 Χετούρας
2722 2088 2800 2156 τῷ
2840 2087 3088 2157 Ἀϐραὰμ
3114 2088 3447 2156 γενομένους
3482 2085 3779 2155 πρεσϐείαν
3810 2087 3986 2136 ἐστεῖ-

2422 2184 2569 2247 λατο,
2607 2184 2698 2234 καὶ
2721 2182 2913 2248 δώροις
2938 2180 3357 2248 οἰκειωσάμενος
3386 2179 3476 2231 τὸν
3497 2178 3589 2231 τοῦ
3618 2179 3802 2239 ἔθνους
3830 2177 3984 2245 βασι-

2424 2276 2540 2337 λὲα,
2561 2272 2851 2341 ἐκκλησίας
2878 2288 2935 2323 τε
2967 2272 3242 2340 ἐδείματο,
3284 2271 3375 2323 καί
3403 2288 3519 2322 τινα
3548 2270 3793 2339 θεόφιλον
3819 2270 3989 2339 ἄνδρα

2428 2367 2561 2435 προς
2600 2368 2683 2417 τὶν
2734 2365 3020 2433 μοναδικδν
3065 2363 3436 2417 ἀποκλίναντα
3491 2363 3630 2432 βίον,
3677 2364 3771 2416 καὶ
3814 2366 3990 2432 μέγαν

2427 2460 2481 2510 ἐν
2504 2458 2718 2526 ἠθικαῖς
2772 2475 2828 2509 τε
2867 2457 2958 2509 καὶ
3007 2458 3340 2525 πρακτικαῖς
3394 2457 3644 2523 ἀρεταῖς,
3710 2457 3802 2506 καὶ
3852 2456 3992 2521 ὑπὲρ

2426 2555 2550 2615 τους
2572 2553 2693 2604 τότε
2726 2552 2932 2610 πάντας
2963 2550 3279 2616 γενόμενον,
3315 2550 3389 2608 εἰς
3428 2548 3763 2613 προστασίαν
3787 2545 3894 2597 τῶν
3926 2549 3990 2613 τῇ

2428 2644 2683 2711 εὐσεϐείᾳ
2731 2640 3128 2707 συντιθεμένων
3168 2638 3498 2706 ἐξέπεμπεν.
3556 2638 3691 2690 Ὀτε
3741 2639 3837 2689 καὶ
3882 2636 3990 2688 τῶν

2443 2735 2713 2787 Ἰουδαίων
2782 2731 3197 2801 ἀνθισταμένων
3270 2732 3365 2784 καὶ
3431 2731 3834 2785 ἀναπειθόντων
3901 2733 3994 2782 τὸν

2433 2826 2728 2898 βάρϐαρον,
2762 2829 2834 2897 μὴ
2877 2828 3183 2900 προχείρως
3212 2825 3354 2879 οὕτω
3382 2826 3530 2889 ξένον
3561 2826 3641 2888 είς
3692 2826 3791 2893 τὴν
3843 2825 3994 2874 πολι-

2431 2924 2581 2972 τείαν
2611 2921 2975 2984 εἰσδέξασθαι,
3016 2922 3152 2991 μηδὲ
3199 2923 3327 2990 περί
3358 2922 3424 2971 τὰ
3461 2919 3579 2971 θεῖα
3628 2919 3994 2986 νεωτερίζειν,

2434 3015 2480 3063 εἰ
2522 3015 2593 3080 μή
2632 3029 2683 3062 τι
2726 3013 2990 3081 πρότερον
3028 3014 3254 3080 σημεῖον
3288 3014 3315 3063 ὀ
3356 3010 3602 3077 θεὸφιλος
3642 3010 3996 3075 ἐπιδείξαιτο,

2435 3096 2522 3153 οἷα
2553 3103 2617 3170 δὴ
2660 3100 2827 3153 πολλὰ
2876 3100 3086 3164 τούτοις
3130 3100 3206 3164 ὡς
3256 3101 3504 3164 ἀπίστοις
3548 3103 3807 3154 ἀπαιτεῖν
3854 3102 3995 3163 ἔθος,

2437 3200 2529 3250 καὶ
2573 3199 2690 3250 τότε
2744 3198 3145 3267 παραχωρῆσαι
3201 3196 3351 3267 αὑτῷ
3398 3197 3497 3265 τῆς
3550 3198 3631 3259 είς
3680 3200 3781 3265 τὴν
3844 3199 3998 3249 πόλιν

2435 3289 2660 3353 εἰσόδου,
2692 3290 2898 3341 ἐκεῖνον
2917 3291 3033 3351 ταῖς
3056 3287 3224 3351 θείαις
3244 3289 3595 3357 ἐπαγγελίαις
3616 3288 3998 3359 θαρρήσαντα,

2433 3382 2516 3433 ὅτι
2554 3382 2753 3447 σημεῖα
2804 3381 2916 3440 τοῖς
2969 3378 3294 3430 πιστεύσασι
3341 3380 3842 3448 παρακολουθήσει,
3883 3383 4001 3431 ἐπι-

2436 3471 2624 3524 νεῦσαι
2662 3486 2721 3521 τε
2768 3468 3213 3532 ἀνεπιδοιάστως,
3274 3469 3367 3521 καὶ
3420 3470 3619 3538 πολλὴν
3672 3470 3784 3522 τῶν
3836 3474 4001 3522 ἀπαιο

2438 3562 2718 3632 τουμένων
2782 3561 3075 3632 θαυμάτων
3118 3561 3490 3626 ἐπιδείξασθαι
3540 3562 3638 3632 τὴν
3690 3564 4001 3631 ἐνέργειαν.

2450 3655 2539 3719 Ἐξ
2570 3654 2794 3706 ἐκείνων
2825 3656 2927 3725 ήδη
2955 3654 3064 3707 τῶν
3100 3657 3311 3724 χρόνων
3342 3656 3375 3723 ἡ
3421 3655 3573 3716 πόλις
3624 3654 3884 3724 καθαρῶς
3914 3655 4004 3708 λα-

2435 3748 2704 3815 τρεύουσα
2748 3747 2823 3815 τῷ
2863 3747 3003 3815 Θεῷ,
3050 3748 3279 3807 καὶτοῖς
3331 3747 3635 3814 ὀρθοδόξοις
3683 3748 3798 3799 τῶν
3847 3748 4005 3801 θείων

2448 3837 2709 3907 Πατέρων
2764 3838 3053 3907 στοιχοῦσα
3112 3838 3368 3905 δόγμασι,
3432 3836 3657 3888 διετέλει
3720 3840 3833 3890 πᾶν
3881 3841 3908 3891 δ
3954 3857 4008 3891 τι

2440 3930 2673 3998 πονηρὸν
2724 3930 3112 3998 ἀπωθουμένη,
3181 3928 3275 3979 καὶ
3332 3925 3633 3995 θρησκείαν
3709 3930 4005 3983 ἀλλόκοτον

2441 4019 2567 4088 ἄχρι
2596 4019 2725 4084 γοῦν
2759 4022 2852 4070 καὶ
2885 4018 3055 4086 ἀκοῆς
3110 4016 3515 4084 ἀποφεύγουσα.

2512 4109 2584 4165 Γ.
2629 4111 2903 4179 Φθονήσας
2947 4109 3124 4162 τοίνυν
3167 4110 3195 4161 ὁ
3230 4110 3481 4177 πονηρὸς,
3517 4110 3610 4161 καὶ
3651 4107 3782 4161 δλον
3819 4111 4007 4163 ὑπεισο

2440 4202 2531 4264 δὺς
2580 4203 2670 4254 τὸν
2710 4203 2987 4273 Ἐδραῖον,
3043 4201 3253 4266 ὁπλίζει
3296 4202 3434 4253 κατὰ
3484 4204 3585 4270 τῆς
3630 4204 3872 4266 πόλεως,
3916 4205 4009 4257 καὶ

2444 4293 2603 4355 αὐτὸς
2630 4293 2785 4343 τοῦτο
2816 4294 2914 4361 μὲν
2943 4293 3320 4361 προσδοκήσας
3349 4293 3538 4344 λυπεῖν
3568 4295 3657 4345 τὸν
3684 4297 3798 4345 τῶν
3835 4298 4009 4348 MM-

2449 4401 2564 4434 πων
2601 4382 2795 4451 εὐσεεῆ
2842 4382 3088 4450 βασιλέα,
3127 4384 3282 4434 τοῦτο
3326 4383 3383 4434 δέ
3433 4387 3522 4434 καὶ
3553 4383 3649 4451 τὴν
3694 4388 3843 4436 κατὰ
3884 4388 4011 4456 Χρι-

788 4464 842 4514 in
899 4464 1170 4515 Christum
1227 4477 1377 4514 suam
1426 4460 1667 4530 expleret
1714 4461 2003 4525 insaniam,
2065 4473 2121 4515 et
2182 4479 2346 4529 genus
2382 4508 2421 4563 υ

2382 4508 2421 4563 D
2454 4472 2579 4525 στοῦ
2606 4474 2804 4541 μανίαν
2838 4472 3153 4542 ἀποπλῆσαι
3188 4474 3426 4537 σκοπῶν,
3452 4476 3545 4525 καὶ
3572 4476 3635 4525 τὸ
3664 4476 4007 4543 Χριστιανῶν

788 4554 1222 4607 Christianorum
1256 4552 1479 4603 omnino
1511 4561 1800 4604 everteret.
1832 4552 2015 4620 Itaque
2044 4552 2190 4605 venit
2215 4552 2345 4605 vali-

787 4647 915 4696 dum
948 4642 1220 4695 adducens
1244 4640 1538 4694 exercitum
1564 4658 1576 4692 :
1603 4651 1657 4693 et
1686 4657 1804 4694 cuni
1828 4641 2178 4696 circumcirca
2206 4651 2346 4696 esset

786 4743 1222 4796 castrametatus,
1256 4732 1501 4801 valloque
1550 4742 1605 4786 et
1637 4733 1780 4786 fossa
1818 4732 2013 4786 muenia
2046 4735 2348 4788 circumde-

787 4826 977 4886 disset,
1014 4825 1223 4877 obsedit
1253 4824 1487 4892 Nagran,
1517 4824 1775 4878 minitans
1806 4839 1864 4877 se
1896 4826 2038 4876 illam
2074 4841 2348 4893 expugna-

786 4927 989 4975 turum,
1012 4926 1067 4968 et
1095 4930 1303 4974 omnes.
1325 4916 1416 4983 qui
1445 4915 1497 4967 in
1529 4914 1644 4983 ipsa
1669 4924 1848 4979 erant,
1873 4914 2343 4983 interempturum,

787 5009 890 5059 nisi
944 5022 1101 5059 cruce
1150 5006 1382 5067 Domini,
1438 5022 1467 5058 a
1516 5006 1726 5059 civibus
1782 5006 1844 5057 in
1884 5008 2098 5059 excelso
2147 5005 2343 5074 posita,

783 5113 943 5166 quam
976 5097 1361 5150 exsecrationis
1390 5098 1601 5164 signum
1620 5097 1775 5163 (proli
1799 5096 2008 5163 dolor!)
2037 5097 2229 5150 stultus
2256 5115 2346 5151 vo-

786 5191 963 5248 cabat.
997 5190 1062 5241 ad
1098 5188 1324 5241 nihilum
1378 5187 1615 5249 redacta,
1652 5186 1850 5240 deinde
1897 5189 2175 5242 Christum
2212 5204 2346 5256 quo-

781 5297 888 5355 que
916 5290 1222 5349 negassent,
1254 5281 1347 5349 qui
1379 5280 1557 5333 fuerat
1588 5281 1641 5332 in
1668 5295 1729 5333 ca
1761 5296 2076 5350 suspensus.
2107 5279 2257 5343 Quod
2283 5298 2346 5334 eo

782 5375 998 5441 quidem
1027 5375 1251 5425 consilio
1282 5372 1532 5433 faciebat,
1568 5385 1624 5426 ut
1648 5389 1769 5427 cum
1801 5390 1893 5428 eos
1922 5375 2033 5438 illo,
2058 5376 2198 5442 quod
2225 5376 2345 5427 inde

783 5465 1057 5528 veniebat,
1104 5464 1353 5532 praesidio
1405 5465 1683 5530 nudasset,
1734 5467 1835 5519 hoc
1886 5476 1990 5519 tam
2029 5466 2202 5519 valido
2249 5466 2343 5519 de-

785 5560 956 5611 fectus
993 5560 1193 5610 auxilio
1228 5559 1426 5612 deinde
1455 5560 1757 5613 invaderet.
1791 5560 2019 5625 Quidam
2048 5576 2172 5627 ergo
2194 5576 2345 5613 exse-

786 5652 967 5703 crandi
1028 5650 1187 5719 hujus
1228 5652 1370 5718 regis
1421 5653 1697 5715 satellites,
1755 5656 1805 5705 in
1861 5657 2045 5705 urbem
2084 5656 2345 5706 obeuntes

787 5743 1080 5806 civitatem,
1135 5742 1325 5798 eadem
1376 5747 1855 5801 vociferabantur:
1902 5760 1973 5807 et,
2024 5750 2065 5800 si
2099 5759 2344 5815 parerent

2449 4567 2601 4633 γένος
2626 4568 2702 4627 εἰς
2737 4569 2878 4618 ἀπαν
2908 4565 3181 4635 ἐκτρῖψαι,
3210 4565 3377 4633 βαρὺν
3405 4565 3747 4635 ἐπαγόμενος
3783 4572 4010 4637 στρατὸν

2447 4659 2780 4725 ἀφικνεῖται,
2815 4659 2905 4710 καὶ
2940 4658 3549 4727 στρατοπεδευσάμενος
3578 4661 3735 4728 παρὰ
3767 4663 3832 4712 τι,
3864 4663 4012 4730 περί-

2449 4747 2626 4810 ϐολον,
2657 4749 2749 4798 καὶ
2776 4747 2993 4816 χάρακα
3028 4746 3227 4816 βαλὼν,
3258 4748 3352 4799 καὶ
3393 4751 3867 4818 περιταφρεύσας,
3894 4757 4012 4806 ἐπο-

2448 4842 2654 4909 λιόρκει
2696 4839 2911 4908 Νεγράν
2940 4840 3081 4891 ἑλεῖν
3104 4855 3165 4890 τε
3218 4838 3389 4908 αὐτὴν
3412 4841 3675 4903 ἀπειλῶν,
3741 4847 3841 4894 καὶ
3892 4848 4010 4904 te);

2450 4936 2507 4984 ἐν
2544 4934 2679 5001 αὐτῇ
2724 4936 2928 4995 πάντας
2955 4931 3184 4996 ἀνελεῖν,
3212 4932 3261 4982 εί
3297 4931 3371 4999 μὴ
3400 4932 3490 4984 τὸν
3510 4933 3617 4994 ἔξω
3661 4934 3867 5002 τειχῶν
3901 4936 4012 4986 ἀνε-

2452 5021 2795 5089 στηλωμένον
2846 5023 2902 5073 ἐν
2938 5018 3203 5089 μετεώρῳ
3252 5019 3346 5071 τοῦ
3406 5021 3613 5087 Κυρίου
3670 5024 4009 5091 σταυρτ,ν,δν

2449 5112 2585 5180 ἀρᾶς
2619 5114 2808 5182 (οἴμοι)
2848 5112 3072 5178 σημεῖον
3114 5114 3142 5164 ὁ
3184 5109 3414 5178 ἀνόητος
3466 5111 3759 5174 ἀπεκάλει,
3806 5114 4006 5175 ἐξουδε-

2450 5203 2745 5267 νώσαντες,
2776 5199 2897 5255 εἶτα
2935 5202 3025 5253 τὸν
3061 5204 3116 5254 ἐν
3164 5202 3313 5269 αὑτῷ
3349 5201 3735 5269 κρεμασθέντα
3778 5202 4009 5271 Χριστὸν

2447 5297 2771 5364 ἀρνήσαιντο
2795 5312 2805 5323 ·
2841 5294 3026 5356 δεινῶς
3061 5294 3219 5347 τοῦτο
3247 5294 3338 5345 καὶ
3369 5294 3697 5361 πανούργως
3723 5297 4009 5365 ἐπινοήσας

2447 5390 2473 5439 ὁ
2499 5388 2798 5457 ἁλιτήριος,
2845 5388 2931 5438 ἵνα
2970 5391 3066 5455 τῆς
3102 5389 3311 5439 ἐκεῖθεν
3349 5388 3653 5453 ἀσφαλείας
3697 5391 4008 5456 γυμνώσας,

2452 5475 2551 5529 εἷθ’
2602 5480 2745 5530 οὕτω
2795 5480 2890 5546 τὴς
2948 5481 3171 5549 ἰσχυρᾶς
3224 5479 3425 5547 ταύτης
3466 5477 3723 5546 βοηθείας
3789 5483 4005 5551 ἐρήμοις

2449 5571 2599 5623 οὖσιν
2639 5571 2899 5623 ἐπίθοιτο.
2932 5573 3087 5634 Τινὲς
3129 5570 3223 5624 οὖν
3262 5572 3370 5625 τῶν
3441 5569 3537 5622 τοῦ
3582 5573 3781 5642 μιαροῦ
3828 5574 4007 5626 τούῖον

2454 5664 2714 5731 βασιλέως
2736 5665 3112 5728 ὑπασπιστῶν,
3140 5665 3485 5733 περιθέοντες
3513 5663 3701 5735 κύκλῳ
3726 5667 3826 5734 τὴν
3844 5667 4004 5725 πόλιν,

2458 5755 2520 5803 τζιι
2554 5754 2687 5805 αὐτὰ
2715 5754 2881 5806 ταῦτα
2912 5754 3107 5805 ἐϐόων·
3146 5755 3235 5806 καὶ
3268 5754 3626 5820 πειθομένους
3656 5757 3776 5825 μὲν,
3804 5752 4008 5823 δωρεῶν
