  <div class='ocr_page' id='page_1' title='image "/cluster/home/n/w/nwhite01/storage/ocr_20150623/115/pst.000005714285/767.png"; bbox 0 0 4198 6312; ppageno 0'>
   <div class='ocr_carea' id='block_1_1' title="bbox 787 351 921 416">
    <p class='ocr_par' dir='ltr' id='par_1_1' title="bbox 787 351 921 416">
     <span class='ocr_line' id='line_1_1' title="bbox 787 351 921 416; baseline -0.015 0"><span class='ocrx_word' id='word_1_1' title='bbox 787 351 921 416; x_wconf 80' lang='lat'><strong>1255</strong></span> 
     </span>
    </p>
   </div>
   <div class='ocr_carea' id='block_1_2' title="bbox 2069 335 2736 399">
    <p class='ocr_par' dir='ltr' id='par_1_2' title="bbox 2069 335 2736 399">
     <span class='ocr_line' id='line_1_2' title="bbox 2069 335 2736 399; baseline -0.004 1"><span class='ocrx_word' id='word_1_2' title='bbox 2069 336 2347 399; x_wconf 79' lang='lat' dir='ltr'><strong>MENSIS</strong></span> <span class='ocrx_word' id='word_1_3' title='bbox 2381 335 2736 397; x_wconf 80' lang='lat' dir='ltr'><strong>OCTOBER.</strong></span> 
     </span>
    </p>
   </div>
   <div class='ocr_carea' id='block_1_3' title="bbox 3886 333 4017 399">
    <p class='ocr_par' dir='ltr' id='par_1_3' title="bbox 3886 333 4017 399">
     <span class='ocr_line' id='line_1_3' title="bbox 3886 333 4017 399; baseline -0.015 0"><span class='ocrx_word' id='word_1_4' title='bbox 3886 333 4017 399; x_wconf 79' lang='lat'><strong>12.56</strong></span> 
     </span>
    </p>
   </div>
   <div class='ocr_carea' id='block_1_4' title="bbox 779 442 2437 526">
    <p class='ocr_par' dir='ltr' id='par_1_4' title="bbox 779 448 2422 526">
     <span class='ocr_line' id='line_1_4' title="bbox 779 448 2422 526; baseline -0.012 -12"><span class='ocrx_word' id='word_1_5' title='bbox 779 469 886 520; x_wconf 76' lang='lat' dir='ltr'><strong>set,</strong></span> <span class='ocrx_word' id='word_1_6' title='bbox 919 466 974 512; x_wconf 89' lang='lat' dir='ltr'><strong>et</strong></span> <span class='ocrx_word' id='word_1_7' title='bbox 1003 465 1343 526; x_wconf 81' lang='lat' dir='ltr'><strong>postremum</strong></span> <span class='ocrx_word' id='word_1_8' title='bbox 1388 452 1631 523; x_wconf 85' lang='lat' dir='ltr'><strong>jurasset</strong></span> <span class='ocrx_word' id='word_1_9' title='bbox 1667 448 2073 520; x_wconf 75' lang='lat' dir='ltr'><strong>jusjurandum,</strong></span> <span class='ocrx_word' id='word_1_10' title='bbox 2123 460 2349 517; x_wconf 84' lang='lat' dir='ltr'><strong>persua-</strong></span> <span class='ocrx_word' id='word_1_11' title='bbox 2381 449 2422 503; x_wconf 79' lang='grc' dir='ltr'><strong>Α</strong></span> 
     </span>
    </p>
   </div>
   <div class='ocr_carea' id='block_1_5' title="bbox 2354 442 4012 526">
    <p class='ocr_par' dir='ltr' id='par_1_5' title="bbox 2381 442 4012 515">
     <span class='ocr_line' id='line_1_5' title="bbox 2381 442 4012 515; baseline 0.001 -20"><span class='ocrx_word' id='word_1_12' title='bbox 2381 449 2422 503; x_wconf 80' lang='grc' dir='ltr'><strong>Α</strong></span> <span class='ocrx_word' id='word_1_13' title='bbox 2453 444 2547 495; x_wconf 79' lang='grc' dir='ltr'><strong>καὶ</strong></span> <span class='ocrx_word' id='word_1_14' title='bbox 2580 444 2922 504; x_wconf 79' lang='grc' dir='ltr'><strong>τελευταίους</strong></span> <span class='ocrx_word' id='word_1_15' title='bbox 2960 442 3214 511; x_wconf 65' lang='grc' dir='ltr'>ὑποσχὼν</span> <span class='ocrx_word' id='word_1_16' title='bbox 3236 444 3453 511; x_wconf 73' lang='grc' dir='ltr'>ὅρκους,</span> <span class='ocrx_word' id='word_1_17' title='bbox 3492 444 3670 497; x_wconf 76' lang='grc' dir='ltr'>πείθει</span> <span class='ocrx_word' id='word_1_18' title='bbox 3701 446 3831 507; x_wconf 66' lang='grc' dir='ltr'>τοὺς</span> <span class='ocrx_word' id='word_1_19' title='bbox 3860 448 3920 498; x_wconf 86' lang='grc' dir='ltr'><strong>ἐν</strong></span> <span class='ocrx_word' id='word_1_20' title='bbox 3950 450 4012 515; x_wconf 74' lang='grc' dir='ltr'>τῇ</span> 
     </span>
    </p>
   </div>
   <div class='ocr_carea' id='block_1_6' title="bbox 780 539 2346 607">
    <p class='ocr_par' dir='ltr' id='par_1_6' title="bbox 780 539 2346 607">
     <span class='ocr_line' id='line_1_6' title="bbox 780 539 2346 607; baseline -0.01 -6"><span class='ocrx_word' id='word_1_21' title='bbox 780 547 877 601; x_wconf 89' lang='lat' dir='ltr'><strong>det</strong></span> <span class='ocrx_word' id='word_1_22' title='bbox 904 548 992 607; x_wconf 87' lang='lat' dir='ltr'><strong>iis,</strong></span> <span class='ocrx_word' id='word_1_23' title='bbox 1018 546 1113 607; x_wconf 82' lang='lat' dir='ltr'><strong>qui</strong></span> <span class='ocrx_word' id='word_1_24' title='bbox 1158 553 1288 599; x_wconf 87' lang='lat' dir='ltr'><strong>sunt</strong></span> <span class='ocrx_word' id='word_1_25' title='bbox 1328 543 1385 597; x_wconf 88' lang='lat' dir='ltr'><strong>in</strong></span> <span class='ocrx_word' id='word_1_26' title='bbox 1435 542 1674 604; x_wconf 81' lang='lat' dir='ltr'><strong>civitate,</strong></span> <span class='ocrx_word' id='word_1_27' title='bbox 1708 554 1830 593; x_wconf 87' lang='lat' dir='ltr'><strong>cum</strong></span> <span class='ocrx_word' id='word_1_28' title='bbox 1879 539 1987 592; x_wconf 86' lang='lat' dir='ltr'><strong>Deo</strong></span> <span class='ocrx_word' id='word_1_29' title='bbox 2037 539 2346 590; x_wconf 81' lang='lat' dir='ltr'><strong>universum</strong></span> 
     </span>
    </p>
   </div>
   <div class='ocr_carea' id='block_1_7' title="bbox 786 629 2348 707">
    <p class='ocr_par' dir='ltr' id='par_1_7' title="bbox 786 629 2348 707">
     <span class='ocr_line' id='line_1_7' title="bbox 786 629 2348 707; baseline -0.008 -15"><span class='ocrx_word' id='word_1_30' title='bbox 786 637 1193 707; x_wconf 81' lang='lat' dir='ltr'><strong>permisissent,</strong></span> <span class='ocrx_word' id='word_1_31' title='bbox 1222 635 1315 704; x_wconf 91' lang='lat' dir='ltr'><strong>qui</strong></span> <span class='ocrx_word' id='word_1_32' title='bbox 1350 642 1433 687; x_wconf 84' lang='lat' dir='ltr'><strong>est</strong></span> <span class='ocrx_word' id='word_1_33' title='bbox 1464 634 1618 688; x_wconf 85' lang='lat' dir='ltr'><strong>testis</strong></span> <span class='ocrx_word' id='word_1_34' title='bbox 1646 630 1993 693; x_wconf 80' lang='lat' dir='ltr'><strong>sacramenti,</strong></span> <span class='ocrx_word' id='word_1_35' title='bbox 2041 641 2093 683; x_wconf 89' lang='lat' dir='ltr'><strong>et</strong></span> <span class='ocrx_word' id='word_1_36' title='bbox 2128 629 2230 683; x_wconf 88' lang='lat' dir='ltr'><strong>hoc</strong></span> <span class='ocrx_word' id='word_1_37' title='bbox 2261 644 2348 682; x_wconf 62' lang='lat' dir='ltr'><strong>so-</strong></span> 
     </span>
    </p>
   </div>
   <div class='ocr_carea' id='block_1_8' title="bbox 781 719 2349 795">
    <p class='ocr_par' dir='ltr' id='par_1_8' title="bbox 781 719 2349 795">
     <span class='ocr_line' id='line_1_8' title="bbox 781 719 2349 795; baseline -0.006 -15"><span class='ocrx_word' id='word_1_38' title='bbox 781 728 896 782; x_wconf 86' lang='lat' dir='ltr'><strong>lum</strong></span> <span class='ocrx_word' id='word_1_39' title='bbox 951 727 1230 788; x_wconf 88' lang='lat' dir='ltr'><strong>dixissent,</strong></span> <span class='ocrx_word' id='word_1_40' title='bbox 1260 725 1476 795; x_wconf 76' lang='lat' dir='ltr'><strong>regibus</strong></span> <span class='ocrx_word' id='word_1_41' title='bbox 1510 739 1607 777; x_wconf 88' lang='lat' dir='ltr'><strong>nos</strong></span> <span class='ocrx_word' id='word_1_42' title='bbox 1641 723 1832 776; x_wconf 88' lang='lat' dir='ltr'><strong>cedere</strong></span> <span class='ocrx_word' id='word_1_43' title='bbox 1861 721 2165 774; x_wconf 89' lang='lat' dir='ltr'><strong>didicimus.</strong></span> <span class='ocrx_word' id='word_1_44' title='bbox 2197 719 2349 785; x_wconf 83' lang='lat' dir='ltr'><strong>Quod</strong></span> 
     </span>
    </p>
   </div>
   <div class='ocr_carea' id='block_1_9' title="bbox 787 812 2353 881">
    <p class='ocr_par' dir='ltr' id='par_1_9' title="bbox 787 812 2353 881">
     <span class='ocr_line' id='line_1_9' title="bbox 787 812 2353 881; baseline -0.005 -11"><span class='ocrx_word' id='word_1_45' title='bbox 787 819 833 871; x_wconf 94' lang='lat' dir='ltr'><strong>si</strong></span> <span class='ocrx_word' id='word_1_46' title='bbox 868 831 925 871; x_wconf 84' lang='lat' dir='ltr'><strong>tu</strong></span> <span class='ocrx_word' id='word_1_47' title='bbox 978 833 1137 872; x_wconf 89' lang='lat' dir='ltr'><strong>secus</strong></span> <span class='ocrx_word' id='word_1_48' title='bbox 1178 819 1434 870; x_wconf 86' lang='lat' dir='ltr'><strong>statueris</strong></span> <span class='ocrx_word' id='word_1_49' title='bbox 1487 816 1683 877; x_wconf 86' lang='lat' dir='ltr'><strong>facere,</strong></span> <span class='ocrx_word' id='word_1_50' title='bbox 1731 829 1889 881; x_wconf 91' lang='lat' dir='ltr'><strong>quam</strong></span> <span class='ocrx_word' id='word_1_51' title='bbox 1940 812 2101 866; x_wconf 90' lang='lat' dir='ltr'><strong>nobis</strong></span> <span class='ocrx_word' id='word_1_52' title='bbox 2150 812 2353 871; x_wconf 83' lang='lat' dir='ltr'><strong>dixisti,</strong></span> 
     </span>
    </p>
   </div>
   <div class='ocr_carea' id='block_1_10' title="bbox 791 901 2356 976">
    <p class='ocr_par' dir='ltr' id='par_1_10' title="bbox 791 901 2356 976">
     <span class='ocr_line' id='line_1_10' title="bbox 791 901 2356 976; baseline -0.007 -14"><span class='ocrx_word' id='word_1_53' title='bbox 791 907 957 973; x_wconf 86' lang='lat' dir='ltr'><strong>Deus,</strong></span> <span class='ocrx_word' id='word_1_54' title='bbox 1009 909 1100 976; x_wconf 87' lang='lat' dir='ltr'><strong>qui</strong></span> <span class='ocrx_word' id='word_1_55' title='bbox 1153 916 1237 961; x_wconf 88' lang='lat' dir='ltr'><strong>est</strong></span> <span class='ocrx_word' id='word_1_56' title='bbox 1285 916 1560 975; x_wconf 86' lang='lat' dir='ltr'><strong>spectator</strong></span> <span class='ocrx_word' id='word_1_57' title='bbox 1603 903 1980 973; x_wconf 82' lang='lat' dir='ltr'><strong>jurisjurandi,</strong></span> <span class='ocrx_word' id='word_1_58' title='bbox 2029 903 2080 955; x_wconf 90' lang='lat' dir='ltr'><strong>id</strong></span> <span class='ocrx_word' id='word_1_59' title='bbox 2132 901 2356 953; x_wconf 88' lang='lat' dir='ltr'><strong>omnino</strong></span> 
     </span>
    </p>
   </div>
   <div class='ocr_carea' id='block_1_11' title="bbox 787 990 2355 1066">
    <p class='ocr_par' dir='ltr' id='par_1_11' title="bbox 787 990 2355 1066">
     <span class='ocr_line' id='line_1_11' title="bbox 787 990 2355 1066; baseline -0.004 -15"><span class='ocrx_word' id='word_1_60' title='bbox 787 1001 1102 1063; x_wconf 88' lang='lat' dir='ltr'><strong>ulciscetur,</strong></span> <span class='ocrx_word' id='word_1_61' title='bbox 1159 1013 1336 1066; x_wconf 92' lang='lat' dir='ltr'><strong>neque</strong></span> <span class='ocrx_word' id='word_1_62' title='bbox 1392 998 1481 1051; x_wconf 89' lang='lat' dir='ltr'><strong>diu</strong></span> <span class='ocrx_word' id='word_1_63' title='bbox 1554 997 1771 1050; x_wconf 79' lang='lat' dir='ltr'><strong>dlﬂeret</strong></span> <span class='ocrx_word' id='word_1_64' title='bbox 1821 996 2137 1047; x_wconf 85' lang='lat' dir='ltr'><strong>vindictam.</strong></span> <span class='ocrx_word' id='word_1_65' title='bbox 2192 990 2355 1046; x_wconf 81' lang='lat' dir='ltr'><strong>Nobis</strong></span> 
     </span>
    </p>
   </div>
   <div class='ocr_carea' id='block_1_12' title="bbox 785 1081 2357 1152">
    <p class='ocr_par' dir='ltr' id='par_1_12' title="bbox 785 1081 2357 1152">
     <span class='ocr_line' id='line_1_12' title="bbox 785 1081 2357 1152; baseline -0.008 -8"><span class='ocrx_word' id='word_1_66' title='bbox 785 1091 958 1152; x_wconf 90' lang='lat' dir='ltr'><strong>enim,</strong></span> <span class='ocrx_word' id='word_1_67' title='bbox 1000 1089 1273 1149; x_wconf 81' lang='lat' dir='ltr'><strong>dicebant.</strong></span> <span class='ocrx_word' id='word_1_68' title='bbox 1311 1087 1581 1140; x_wconf 86' lang='lat' dir='ltr'><strong>oCbriste</strong></span> <span class='ocrx_word' id='word_1_69' title='bbox 1625 1087 1895 1146; x_wconf 82' lang='lat' dir='ltr'><strong>Salvator,</strong></span> <span class='ocrx_word' id='word_1_70' title='bbox 1932 1092 1986 1136; x_wconf 84' lang='lat' dir='ltr'><strong>et</strong></span> <span class='ocrx_word' id='word_1_71' title='bbox 2007 1082 2101 1135; x_wconf 79' lang='lat' dir='ltr'><strong>Fili</strong></span> <span class='ocrx_word' id='word_1_72' title='bbox 2143 1081 2257 1142; x_wconf 76' lang='lat' dir='ltr'><strong>Dei,</strong></span> <span class='ocrx_word' id='word_1_73' title='bbox 2301 1089 2357 1133; x_wconf 88' lang='lat' dir='ltr'><strong>et</strong></span> 
     </span>
    </p>
   </div>
   <div class='ocr_carea' id='block_1_13' title="bbox 792 1172 2355 1250">
    <p class='ocr_par' dir='ltr' id='par_1_13' title="bbox 792 1172 2355 1250">
     <span class='ocr_line' id='line_1_13' title="bbox 792 1172 2355 1250; baseline -0.006 -15"><span class='ocrx_word' id='word_1_74' title='bbox 792 1183 960 1243; x_wconf 88' lang='lat' dir='ltr'><strong>Deus,</strong></span> <span class='ocrx_word' id='word_1_75' title='bbox 1022 1197 1123 1250; x_wconf 91' lang='lat' dir='ltr'><strong>pro</strong></span> <span class='ocrx_word' id='word_1_76' title='bbox 1175 1189 1225 1233; x_wconf 84' lang='lat' dir='ltr'><strong>te</strong></span> <span class='ocrx_word' id='word_1_77' title='bbox 1270 1180 1352 1232; x_wconf 77' lang='lat' dir='ltr'><strong>vel</strong></span> <span class='ocrx_word' id='word_1_78' title='bbox 1413 1180 1669 1232; x_wconf 89' lang='lat' dir='ltr'><strong>omnibus</strong></span> <span class='ocrx_word' id='word_1_79' title='bbox 1719 1176 1922 1245; x_wconf 86' lang='lat' dir='ltr'><strong>privari</strong></span> <span class='ocrx_word' id='word_1_80' title='bbox 1991 1172 2355 1234; x_wconf 73' lang='lat' dir='ltr'><strong>facultatibus,</strong></span> 
     </span>
    </p>
   </div>
   <div class='ocr_carea' id='block_1_14' title="bbox 787 1263 2357 1343">
    <p class='ocr_par' dir='ltr' id='par_1_14' title="bbox 787 1263 2357 1343">
     <span class='ocr_line' id='line_1_14' title="bbox 787 1263 2357 1343; baseline -0.008 -16"><span class='ocrx_word' id='word_1_81' title='bbox 787 1284 949 1343; x_wconf 88' lang='lat' dir='ltr'><strong>atque</strong></span> <span class='ocrx_word' id='word_1_82' title='bbox 982 1274 1120 1327; x_wconf 91' lang='lat' dir='ltr'><strong>adeo</strong></span> <span class='ocrx_word' id='word_1_83' title='bbox 1161 1273 1276 1338; x_wconf 87' lang='lat' dir='ltr'><strong>ipsa</strong></span> <span class='ocrx_word' id='word_1_84' title='bbox 1306 1274 1434 1332; x_wconf 84' lang='lat' dir='ltr'><strong>vita,</strong></span> <span class='ocrx_word' id='word_1_85' title='bbox 1463 1285 1572 1322; x_wconf 89' lang='lat' dir='ltr'><strong>non</strong></span> <span class='ocrx_word' id='word_1_86' title='bbox 1642 1270 1759 1322; x_wconf 77' lang='lat' dir='ltr'><strong>leve</strong></span> <span class='ocrx_word' id='word_1_87' title='bbox 1805 1276 1887 1321; x_wconf 91' lang='lat' dir='ltr'><strong>est</strong></span> <span class='ocrx_word' id='word_1_88' title='bbox 1935 1266 2167 1320; x_wconf 91' lang='lat' dir='ltr'><strong>lucrum.</strong></span> <span class='ocrx_word' id='word_1_89' title='bbox 2200 1263 2357 1317; x_wconf 79' lang='lat' dir='ltr'><strong>Absit</strong></span> 
     </span>
    </p>
   </div>
   <div class='ocr_carea' id='block_1_15' title="bbox 786 1358 2353 1429">
    <p class='ocr_par' dir='ltr' id='par_1_15' title="bbox 786 1358 2353 1429">
     <span class='ocr_line' id='line_1_15' title="bbox 786 1358 2353 1429; baseline -0.008 -10"><span class='ocrx_word' id='word_1_90' title='bbox 786 1376 990 1427; x_wconf 83' lang='lat' dir='ltr'><strong>autem,</strong></span> <span class='ocrx_word' id='word_1_91' title='bbox 1029 1375 1089 1416; x_wconf 92' lang='lat' dir='ltr'><strong>ut</strong></span> <span class='ocrx_word' id='word_1_92' title='bbox 1116 1374 1266 1415; x_wconf 91' lang='lat' dir='ltr'><strong>tuum</strong></span> <span class='ocrx_word' id='word_1_93' title='bbox 1301 1376 1498 1415; x_wconf 89' lang='lat' dir='ltr'><strong>nomen</strong></span> <span class='ocrx_word' id='word_1_94' title='bbox 1525 1376 1805 1429; x_wconf 77' lang='lat' dir='ltr'><strong>negemus,</strong></span> <span class='ocrx_word' id='word_1_95' title='bbox 1844 1368 1902 1412; x_wconf 89' lang='lat' dir='ltr'><strong>ut</strong></span> <span class='ocrx_word' id='word_1_96' title='bbox 1937 1369 2019 1412; x_wconf 91' lang='lat' dir='ltr'><strong>est</strong></span> <span class='ocrx_word' id='word_1_97' title='bbox 2067 1358 2353 1425; x_wconf 87' lang='lat' dir='ltr'><strong>impiorum</strong></span> 
     </span>
    </p>
   </div>
   <div class='ocr_carea' id='block_1_16' title="bbox 789 1446 2353 1521">
    <p class='ocr_par' dir='ltr' id='par_1_16' title="bbox 789 1446 2353 1521">
     <span class='ocr_line' id='line_1_16' title="bbox 789 1446 2353 1521; baseline -0.008 -12"><span class='ocrx_word' id='word_1_98' title='bbox 789 1455 1099 1509; x_wconf 87' lang='lat' dir='ltr'><strong>institutum</strong></span> <span class='ocrx_word' id='word_1_99' title='bbox 1139 1455 1151 1506; x_wconf 91' lang='lat'><strong>!</strong></span> <span class='ocrx_word' id='word_1_100' title='bbox 1191 1468 1294 1507; x_wconf 90' lang='lat' dir='ltr'><strong>nec</strong></span> <span class='ocrx_word' id='word_1_101' title='bbox 1325 1453 1369 1506; x_wconf 90' lang='lat' dir='ltr'><strong>si</strong></span> <span class='ocrx_word' id='word_1_102' title='bbox 1395 1452 1498 1506; x_wconf 83' lang='lat' dir='ltr'><strong>tale</strong></span> <span class='ocrx_word' id='word_1_103' title='bbox 1536 1452 1661 1521; x_wconf 89' lang='lat' dir='ltr'><strong>quid</strong></span> <span class='ocrx_word' id='word_1_104' title='bbox 1689 1452 1997 1512; x_wconf 77' lang='lat' dir='ltr'><strong>fecerimus,</strong></span> <span class='ocrx_word' id='word_1_105' title='bbox 2036 1462 2157 1510; x_wconf 92' lang='lat' dir='ltr'><strong>nos,</strong></span> <span class='ocrx_word' id='word_1_106' title='bbox 2192 1461 2223 1501; x_wconf 87' lang='grc' dir='ltr'><strong>ο</strong></span> <span class='ocrx_word' id='word_1_107' title='bbox 2252 1446 2353 1510; x_wconf 85' lang='lat' dir='ltr'><strong>sol,</strong></span> 
     </span>
    </p>
   </div>
   <div class='ocr_carea' id='block_1_17' title="bbox 788 1543 2352 1615">
    <p class='ocr_par' dir='ltr' id='par_1_17' title="bbox 788 1543 2352 1615">
     <span class='ocr_line' id='line_1_17' title="bbox 788 1543 2352 1615; baseline -0.006 -16"><span class='ocrx_word' id='word_1_108' title='bbox 788 1547 1041 1615; x_wconf 82' lang='lat' dir='ltr'><strong>aspicias.</strong></span> <span class='ocrx_word' id='word_1_109' title='bbox 1073 1546 1204 1609; x_wconf 68' lang='lat' dir='ltr'><strong>Quae</strong></span> <span class='ocrx_word' id='word_1_110' title='bbox 1245 1544 1404 1597; x_wconf 91' lang='lat' dir='ltr'><strong>simul</strong></span> <span class='ocrx_word' id='word_1_111' title='bbox 1452 1553 1614 1611; x_wconf 89' lang='lat' dir='ltr'><strong>atque</strong></span> <span class='ocrx_word' id='word_1_112' title='bbox 1664 1543 1949 1599; x_wconf 81' lang='lat' dir='ltr'><strong>dixissent.</strong></span> <span class='ocrx_word' id='word_1_113' title='bbox 1998 1549 2138 1592; x_wconf 91' lang='lat' dir='ltr'><strong>totas</strong></span> <span class='ocrx_word' id='word_1_114' title='bbox 2168 1548 2352 1607; x_wconf 89' lang='lat' dir='ltr'><strong>portas</strong></span> 
     </span>
    </p>
   </div>
   <div class='ocr_carea' id='block_1_18' title="bbox 789 1630 2351 1704">
    <p class='ocr_par' dir='ltr' id='par_1_18' title="bbox 789 1630 2351 1704">
     <span class='ocr_line' id='line_1_18' title="bbox 789 1630 2351 1704; baseline -0.003 -17"><span class='ocrx_word' id='word_1_115' title='bbox 789 1636 1043 1704; x_wconf 91' lang='lat' dir='ltr'><strong>aperiunt</strong></span> <span class='ocrx_word' id='word_1_116' title='bbox 1070 1644 1125 1688; x_wconf 89' lang='lat' dir='ltr'><strong>et</strong></span> <span class='ocrx_word' id='word_1_117' title='bbox 1154 1634 1293 1687; x_wconf 90' lang='lat' dir='ltr'><strong>intra</strong></span> <span class='ocrx_word' id='word_1_118' title='bbox 1325 1634 1495 1702; x_wconf 86' lang='lat' dir='ltr'><strong>ipsam</strong></span> <span class='ocrx_word' id='word_1_119' title='bbox 1538 1635 1839 1693; x_wconf 86' lang='lat' dir='ltr'><strong>civitatem,</strong></span> <span class='ocrx_word' id='word_1_120' title='bbox 1872 1642 2127 1699; x_wconf 84' lang='lat' dir='ltr'><strong>tanquam</strong></span> <span class='ocrx_word' id='word_1_121' title='bbox 2170 1630 2351 1697; x_wconf 91' lang='lat' dir='ltr'><strong>lupum</strong></span> 
     </span>
    </p>
   </div>
   <div class='ocr_carea' id='block_1_19' title="bbox 790 1718 2347 1787">
    <p class='ocr_par' dir='ltr' id='par_1_19' title="bbox 790 1718 2347 1787">
     <span class='ocr_line' id='line_1_19' title="bbox 790 1718 2347 1787; baseline -0.005 -12"><span class='ocrx_word' id='word_1_122' title='bbox 790 1724 845 1775; x_wconf 90' lang='lat' dir='ltr'><strong>in</strong></span> <span class='ocrx_word' id='word_1_123' title='bbox 881 1724 1182 1785; x_wconf 87' lang='lat' dir='ltr'><strong>stabulum,</strong></span> <span class='ocrx_word' id='word_1_124' title='bbox 1218 1721 1420 1774; x_wconf 88' lang='lat' dir='ltr'><strong>malum</strong></span> <span class='ocrx_word' id='word_1_125' title='bbox 1449 1735 1631 1787; x_wconf 87' lang='lat' dir='ltr'><strong>regem</strong></span> <span class='ocrx_word' id='word_1_126' title='bbox 1681 1719 1989 1771; x_wconf 81' lang='lat' dir='ltr'><strong>admittunt.</strong></span> <span class='ocrx_word' id='word_1_127' title='bbox 2045 1718 2132 1770; x_wconf 93' lang='lat' dir='ltr'><strong>llle</strong></span> <span class='ocrx_word' id='word_1_128' title='bbox 2170 1725 2347 1770; x_wconf 83' lang='lat' dir='ltr'><strong>autem</strong></span> 
     </span>
    </p>
   </div>
   <div class='ocr_carea' id='block_1_20' title="bbox 791 1808 2353 1881">
    <p class='ocr_par' dir='ltr' id='par_1_20' title="bbox 791 1808 2353 1881">
     <span class='ocr_line' id='line_1_20' title="bbox 791 1808 2353 1881; baseline -0.006 -12"><span class='ocrx_word' id='word_1_129' title='bbox 791 1829 917 1869; x_wconf 89' lang='lat' dir='ltr'><strong>cum</strong></span> <span class='ocrx_word' id='word_1_130' title='bbox 950 1822 1006 1866; x_wconf 91' lang='lat' dir='ltr'><strong>et</strong></span> <span class='ocrx_word' id='word_1_131' title='bbox 1033 1813 1282 1881; x_wconf 83' lang='lat' dir='ltr'><strong>ﬁguram,</strong></span> <span class='ocrx_word' id='word_1_132' title='bbox 1336 1819 1393 1864; x_wconf 85' lang='lat' dir='ltr'><strong>et</strong></span> <span class='ocrx_word' id='word_1_133' title='bbox 1440 1810 1629 1873; x_wconf 89' lang='lat' dir='ltr'><strong>situm,</strong></span> <span class='ocrx_word' id='word_1_134' title='bbox 1682 1819 1737 1862; x_wconf 91' lang='lat' dir='ltr'><strong>et</strong></span> <span class='ocrx_word' id='word_1_135' title='bbox 1783 1809 1925 1860; x_wconf 83' lang='lat' dir='ltr'><strong>illam</strong></span> <span class='ocrx_word' id='word_1_136' title='bbox 1974 1808 2207 1861; x_wconf 76' lang='lat' dir='ltr'><strong>civitatis</strong></span> <span class='ocrx_word' id='word_1_137' title='bbox 2238 1810 2353 1860; x_wconf 82' lang='lat' dir='ltr'><strong>Iau-</strong></span> 
     </span>
    </p>
   </div>
   <div class='ocr_carea' id='block_1_21' title="bbox 791 1900 2356 1974">
    <p class='ocr_par' dir='ltr' id='par_1_21' title="bbox 791 1900 2356 1974">
     <span class='ocr_line' id='line_1_21' title="bbox 791 1900 2356 1974; baseline -0.006 -13"><span class='ocrx_word' id='word_1_138' title='bbox 791 1909 976 1962; x_wconf 88' lang='lat' dir='ltr'><strong>dasset</strong></span> <span class='ocrx_word' id='word_1_139' title='bbox 1004 1904 1391 1974; x_wconf 78' lang='lat' dir='ltr'><strong>frequentiam,</strong></span> <span class='ocrx_word' id='word_1_140' title='bbox 1424 1912 1480 1956; x_wconf 92' lang='lat' dir='ltr'><strong>et</strong></span> <span class='ocrx_word' id='word_1_141' title='bbox 1508 1902 1706 1956; x_wconf 78' lang='lat' dir='ltr'><strong>civium</strong></span> <span class='ocrx_word' id='word_1_142' title='bbox 1742 1917 1955 1971; x_wconf 87' lang='lat' dir='ltr'><strong>quoque</strong></span> <span class='ocrx_word' id='word_1_143' title='bbox 1990 1900 2356 1971; x_wconf 88' lang='lat' dir='ltr'><strong>splendorem,</strong></span> 
     </span>
    </p>
   </div>
   <div class='ocr_carea' id='block_1_22' title="bbox 794 1994 2358 2070">
    <p class='ocr_par' dir='ltr' id='par_1_22' title="bbox 794 1994 2358 2070">
     <span class='ocr_line' id='line_1_22' title="bbox 794 1994 2358 2070; baseline -0.004 -17"><span class='ocrx_word' id='word_1_144' title='bbox 794 2014 1046 2070; x_wconf 85' lang='lat' dir='ltr'><strong>egressus</strong></span> <span class='ocrx_word' id='word_1_145' title='bbox 1095 2004 1199 2057; x_wconf 89' lang='lat' dir='ltr'><strong>est,</strong></span> <span class='ocrx_word' id='word_1_146' title='bbox 1245 1996 1298 2048; x_wconf 92' lang='lat' dir='ltr'><strong>in</strong></span> <span class='ocrx_word' id='word_1_147' title='bbox 1371 2009 1485 2057; x_wconf 83' lang='lat' dir='ltr'><strong>eos,</strong></span> <span class='ocrx_word' id='word_1_148' title='bbox 1537 1997 1629 2064; x_wconf 91' lang='lat' dir='ltr'><strong>qui</strong></span> <span class='ocrx_word' id='word_1_149' title='bbox 1691 1994 2009 2048; x_wconf 90' lang='lat' dir='ltr'><strong>habitabant</strong></span> <span class='ocrx_word' id='word_1_150' title='bbox 2061 1995 2358 2055; x_wconf 82' lang='lat' dir='ltr'><strong>civitatem,</strong></span> 
     </span>
    </p>
   </div>
   <div class='ocr_carea' id='block_1_23' title="bbox 740 2084 2359 2161">
    <p class='ocr_par' dir='ltr' id='par_1_23' title="bbox 740 2084 2359 2161">
     <span class='ocr_line' id='line_1_23' title="bbox 740 2084 2359 2161; baseline -0.006 -16"><span class='ocrx_word' id='word_1_151' title='bbox 740 2084 745 2087; x_wconf 73' lang='grc'><em>’</em></span> <span class='ocrx_word' id='word_1_152' title='bbox 794 2092 979 2161; x_wconf 83' lang='lat' dir='ltr'><strong>gravia</strong></span> <span class='ocrx_word' id='word_1_153' title='bbox 1015 2104 1268 2151; x_wconf 86' lang='lat' dir='ltr'><strong>versans,</strong></span> <span class='ocrx_word' id='word_1_154' title='bbox 1310 2097 1368 2140; x_wconf 92' lang='lat' dir='ltr'><strong>ut</strong></span> <span class='ocrx_word' id='word_1_155' title='bbox 1419 2088 1677 2141; x_wconf 82' lang='lat' dir='ltr'><strong>indicavit</strong></span> <span class='ocrx_word' id='word_1_156' title='bbox 1712 2089 1912 2147; x_wconf 87' lang='lat' dir='ltr'><strong>exitus,</strong></span> <span class='ocrx_word' id='word_1_157' title='bbox 1956 2086 2359 2157; x_wconf 83' lang='lat' dir='ltr'><strong>jusjurandum,</strong></span> 
     </span>
    </p>
   </div>
   <div class='ocr_carea' id='block_1_24' title="bbox 794 2166 2363 2251">
    <p class='ocr_par' dir='ltr' id='par_1_24' title="bbox 794 2166 2363 2251">
     <span class='ocr_line' id='line_1_24' title="bbox 794 2166 2363 2251; baseline -0.005 -13"><span class='ocrx_word' id='word_1_158' title='bbox 794 2196 849 2238; x_wconf 90' lang='lat' dir='ltr'><strong>et</strong></span> <span class='ocrx_word' id='word_1_159' title='bbox 880 2193 1036 2251; x_wconf 83' lang='lat' dir='ltr'><strong>pacta</strong></span> <span class='ocrx_word' id='word_1_160' title='bbox 1062 2190 1355 2239; x_wconf 88' lang='lat' dir='ltr'><strong>conventa,</strong></span> <span class='ocrx_word' id='word_1_161' title='bbox 1388 2188 1443 2231; x_wconf 90' lang='lat' dir='ltr'><strong>et</strong></span> <span class='ocrx_word' id='word_1_162' title='bbox 1480 2166 1818 2246; x_wconf 66' lang='lat' dir='ltr'><strong>quaecunque</strong></span> <span class='ocrx_word' id='word_1_163' title='bbox 1869 2179 1973 2231; x_wconf 84' lang='lat' dir='ltr'><strong>alia</strong></span> <span class='ocrx_word' id='word_1_164' title='bbox 2014 2181 2094 2231; x_wconf 84' lang='lat' dir='ltr'><strong>eis</strong></span> <span class='ocrx_word' id='word_1_165' title='bbox 2133 2176 2363 2245; x_wconf 66' lang='lat' dir='ltr'><strong>przbuit</strong></span> 
     </span>
    </p>
   </div>
   <div class='ocr_carea' id='block_1_25' title="bbox 796 2269 2360 2338">
    <p class='ocr_par' dir='ltr' id='par_1_25' title="bbox 796 2269 2360 2338">
     <span class='ocr_line' id='line_1_25' title="bbox 796 2269 2360 2338; baseline -0.006 -9"><span class='ocrx_word' id='word_1_166' title='bbox 796 2278 863 2329; x_wconf 87' lang='lat' dir='ltr'><strong>ad</strong></span> <span class='ocrx_word' id='word_1_167' title='bbox 904 2274 1066 2328; x_wconf 85' lang='lat' dir='ltr'><strong>fidem</strong></span> <span class='ocrx_word' id='word_1_168' title='bbox 1104 2271 1445 2335; x_wconf 80' lang='lat' dir='ltr'><strong>faciendam,</strong></span> <span class='ocrx_word' id='word_1_169' title='bbox 1478 2284 1539 2323; x_wconf 88' lang='lat' dir='ltr'><strong>ea</strong></span> <span class='ocrx_word' id='word_1_170' title='bbox 1567 2283 1687 2324; x_wconf 89' lang='lat' dir='ltr'><strong>esse</strong></span> <span class='ocrx_word' id='word_1_171' title='bbox 1736 2270 2051 2323; x_wconf 89' lang='lat' dir='ltr'><strong>existimans</strong></span> <span class='ocrx_word' id='word_1_172' title='bbox 2099 2269 2360 2338; x_wconf 90' lang='lat' dir='ltr'><strong>puerilem</strong></span> 
     </span>
    </p>
   </div>
   <div class='ocr_carea' id='block_1_26' title="bbox 796 2366 1201 2430">
    <p class='ocr_par' dir='ltr' id='par_1_26' title="bbox 796 2366 1201 2430">
     <span class='ocr_line' id='line_1_26' title="bbox 796 2366 1201 2430; baseline -0.012 -11"><span class='ocrx_word' id='word_1_173' title='bbox 796 2366 1201 2430; x_wconf 83' lang='lat' dir='ltr'><strong>deceptionem.</strong></span> 
     </span>
    </p>
   </div>
   <div class='ocr_carea' id='block_1_27' title="bbox 871 2448 2360 2521">
    <p class='ocr_par' dir='ltr' id='par_1_27' title="bbox 871 2448 2360 2521">
     <span class='ocr_line' id='line_1_27' title="bbox 871 2448 2360 2521; baseline -0.001 -15"><span class='ocrx_word' id='word_1_174' title='bbox 871 2454 980 2507; x_wconf 80' lang='lat' dir='ltr'><strong>\‘ll.</strong></span> <span class='ocrx_word' id='word_1_175' title='bbox 1000 2455 1132 2507; x_wconf 85' lang='lat' dir='ltr'><strong>Cum</strong></span> <span class='ocrx_word' id='word_1_176' title='bbox 1155 2459 1333 2505; x_wconf 91' lang='lat' dir='ltr'><strong>autem</strong></span> <span class='ocrx_word' id='word_1_177' title='bbox 1349 2451 1458 2520; x_wconf 88' lang='lat' dir='ltr'><strong>jam</strong></span> <span class='ocrx_word' id='word_1_178' title='bbox 1484 2466 1543 2506; x_wconf 86' lang='lat' dir='ltr'><strong>se</strong></span> <span class='ocrx_word' id='word_1_179' title='bbox 1566 2459 1780 2521; x_wconf 82' lang='lat' dir='ltr'><strong>pararet</strong></span> <span class='ocrx_word' id='word_1_180' title='bbox 1800 2448 1865 2503; x_wconf 87' lang='lat' dir='ltr'><strong>ad</strong></span> <span class='ocrx_word' id='word_1_181' title='bbox 1888 2463 1983 2504; x_wconf 90' lang='lat' dir='ltr'><strong>eos</strong></span> <span class='ocrx_word' id='word_1_182' title='bbox 2008 2450 2360 2513; x_wconf 80' lang='lat' dir='ltr'><strong>evertendos.</strong></span> 
     </span>
    </p>
   </div>
   <div class='ocr_carea' id='block_1_28' title="bbox 799 2542 2365 2612">
    <p class='ocr_par' dir='ltr' id='par_1_28' title="bbox 799 2542 2365 2612">
     <span class='ocr_line' id='line_1_28' title="bbox 799 2542 2365 2612; baseline -0.003 -12"><span class='ocrx_word' id='word_1_183' title='bbox 799 2554 959 2599; x_wconf 80' lang='lat' dir='ltr'><strong>vocat</strong></span> <span class='ocrx_word' id='word_1_184' title='bbox 1018 2553 1170 2597; x_wconf 82' lang='lat' dir='ltr'><strong>extra</strong></span> <span class='ocrx_word' id='word_1_185' title='bbox 1229 2543 1525 2597; x_wconf 86' lang='lat' dir='ltr'><strong>civitatem.</strong></span> <span class='ocrx_word' id='word_1_186' title='bbox 1601 2542 1841 2596; x_wconf 82' lang='lat' dir='ltr'><strong>Aderant</strong></span> <span class='ocrx_word' id='word_1_187' title='bbox 1890 2557 2019 2597; x_wconf 87' lang='lat' dir='ltr'><strong>vero</strong></span> <span class='ocrx_word' id='word_1_188' title='bbox 2060 2544 2365 2612; x_wconf 87' lang='lat' dir='ltr'><strong>quicunque</strong></span> 
     </span>
    </p>
   </div>
   <div class='ocr_carea' id='block_1_29' title="bbox 798 2634 2365 2705">
    <p class='ocr_par' dir='ltr' id='par_1_29' title="bbox 798 2634 2365 2705">
     <span class='ocr_line' id='line_1_29' title="bbox 798 2634 2365 2705; baseline -0.003 -15"><span class='ocrx_word' id='word_1_189' title='bbox 798 2646 955 2691; x_wconf 85' lang='lat' dir='ltr'><strong>erant</strong></span> <span class='ocrx_word' id='word_1_190' title='bbox 984 2635 1221 2705; x_wconf 78' lang='lat' dir='ltr'><strong>insignes</strong></span> <span class='ocrx_word' id='word_1_191' title='bbox 1255 2634 1451 2703; x_wconf 89' lang='lat' dir='ltr'><strong>opibus</strong></span> <span class='ocrx_word' id='word_1_192' title='bbox 1479 2642 1533 2689; x_wconf 90' lang='lat' dir='ltr'><strong>et</strong></span> <span class='ocrx_word' id='word_1_193' title='bbox 1561 2634 1750 2704; x_wconf 81' lang='lat' dir='ltr'><strong>gloria.</strong></span> <span class='ocrx_word' id='word_1_194' title='bbox 1788 2635 1905 2687; x_wconf 65' lang='lat' dir='ltr'><strong>Praa</strong></span> <span class='ocrx_word' id='word_1_195' title='bbox 1941 2634 2152 2687; x_wconf 77' lang='lat' dir='ltr'><strong>caeteris</strong></span> <span class='ocrx_word' id='word_1_196' title='bbox 2186 2643 2365 2687; x_wconf 91' lang='lat' dir='ltr'><strong>autem</strong></span> 
     </span>
    </p>
   </div>
   <div class='ocr_carea' id='block_1_30' title="bbox 799 2719 2366 2795">
    <p class='ocr_par' dir='ltr' id='par_1_30' title="bbox 799 2719 2366 2795">
     <span class='ocr_line' id='line_1_30' title="bbox 799 2719 2366 2795; baseline -0.005 -16"><span class='ocrx_word' id='word_1_197' title='bbox 799 2730 865 2788; x_wconf 88' lang='lat' dir='ltr'><strong>is,</strong></span> <span class='ocrx_word' id='word_1_198' title='bbox 887 2726 977 2795; x_wconf 92' lang='lat' dir='ltr'><strong>qui</strong></span> <span class='ocrx_word' id='word_1_199' title='bbox 1008 2734 1061 2778; x_wconf 90' lang='lat' dir='ltr'><strong>ct</strong></span> <span class='ocrx_word' id='word_1_200' title='bbox 1102 2723 1326 2787; x_wconf 89' lang='lat' dir='ltr'><strong>canitie,</strong></span> <span class='ocrx_word' id='word_1_201' title='bbox 1360 2729 1416 2776; x_wconf 92' lang='lat' dir='ltr'><strong>et</strong></span> <span class='ocrx_word' id='word_1_202' title='bbox 1446 2722 1730 2793; x_wconf 85' lang='lat' dir='ltr'><strong>sapientia,</strong></span> <span class='ocrx_word' id='word_1_203' title='bbox 1776 2730 1829 2774; x_wconf 92' lang='lat' dir='ltr'><strong>et</strong></span> <span class='ocrx_word' id='word_1_204' title='bbox 1856 2735 2067 2773; x_wconf 87' lang='lat' dir='ltr'><strong>morum</strong></span> <span class='ocrx_word' id='word_1_205' title='bbox 2106 2719 2366 2772; x_wconf 84' lang='lat' dir='ltr'><strong>modestia</strong></span> 
     </span>
    </p>
   </div>
   <div class='ocr_carea' id='block_1_31' title="bbox 802 2810 2365 2885">
    <p class='ocr_par' dir='ltr' id='par_1_31' title="bbox 802 2810 2365 2885">
     <span class='ocr_line' id='line_1_31' title="bbox 802 2810 2365 2885; baseline -0.006 -15"><span class='ocrx_word' id='word_1_206' title='bbox 802 2825 920 2870; x_wconf 89' lang='lat' dir='ltr'><strong>erat</strong></span> <span class='ocrx_word' id='word_1_207' title='bbox 980 2815 1485 2885; x_wconf 72' lang='lat' dir='ltr'><strong>praestantissimus,</strong></span> <span class='ocrx_word' id='word_1_208' title='bbox 1529 2814 1766 2876; x_wconf 85' lang='lat' dir='ltr'><strong>divinus,</strong></span> <span class='ocrx_word' id='word_1_209' title='bbox 1805 2812 2049 2881; x_wconf 89' lang='lat' dir='ltr'><strong>inquam,</strong></span> <span class='ocrx_word' id='word_1_210' title='bbox 2110 2810 2365 2873; x_wconf 81' lang='lat' dir='ltr'><strong>Arethas,</strong></span> 
     </span>
    </p>
   </div>
   <div class='ocr_carea' id='block_1_32' title="bbox 804 2901 2364 2976">
    <p class='ocr_par' dir='ltr' id='par_1_32' title="bbox 804 2901 2364 2976">
     <span class='ocr_line' id='line_1_32' title="bbox 804 2901 2364 2976; baseline -0.004 -16"><span class='ocrx_word' id='word_1_211' title='bbox 804 2909 894 2961; x_wconf 91' lang='lat' dir='ltr'><strong>cui</strong></span> <span class='ocrx_word' id='word_1_212' title='bbox 941 2907 1042 2976; x_wconf 86' lang='lat' dir='ltr'><strong>ipsi</strong></span> <span class='ocrx_word' id='word_1_213' title='bbox 1079 2920 1296 2974; x_wconf 85' lang='lat' dir='ltr'><strong>quoque</strong></span> <span class='ocrx_word' id='word_1_214' title='bbox 1336 2906 1513 2958; x_wconf 88' lang='lat' dir='ltr'><strong>fuerat</strong></span> <span class='ocrx_word' id='word_1_215' title='bbox 1560 2905 1849 2957; x_wconf 83' lang='lat' dir='ltr'><strong>commissa</strong></span> <span class='ocrx_word' id='word_1_216' title='bbox 1898 2906 2065 2955; x_wconf 86' lang='lat' dir='ltr'><strong>rectlo</strong></span> <span class='ocrx_word' id='word_1_217' title='bbox 2111 2901 2364 2955; x_wconf 86' lang='lat' dir='ltr'><strong>civitatis.</strong></span> 
     </span>
    </p>
   </div>
   <div class='ocr_carea' id='block_1_33' title="bbox 803 2992 2367 3068">
    <p class='ocr_par' dir='ltr' id='par_1_33' title="bbox 803 2992 2367 3068">
     <span class='ocr_line' id='line_1_33' title="bbox 803 2992 2367 3068; baseline -0.006 -15"><span class='ocrx_word' id='word_1_218' title='bbox 803 2998 1009 3053; x_wconf 86' lang='lat' dir='ltr'><strong>Omnes</strong></span> <span class='ocrx_word' id='word_1_219' title='bbox 1037 2999 1208 3068; x_wconf 82' lang='lat' dir='ltr'><strong>igitur</strong></span> <span class='ocrx_word' id='word_1_220' title='bbox 1257 2995 1733 3059; x_wconf 88' lang='lat' dir='ltr'><strong>commendabant,</strong></span> <span class='ocrx_word' id='word_1_221' title='bbox 1784 2993 2137 3055; x_wconf 81' lang='lat' dir='ltr'><strong>extollebant,</strong></span> <span class='ocrx_word' id='word_1_222' title='bbox 2194 2992 2367 3046; x_wconf 86' lang='lat' dir='ltr'><strong>laudi-</strong></span> 
     </span>
    </p>
   </div>
   <div class='ocr_carea' id='block_1_34' title="bbox 2390 1780 2431 1836">
    <p class='ocr_par' dir='ltr' id='par_1_34' title="bbox 2390 1780 2431 1836">
     <span class='ocr_line' id='line_1_34' title="bbox 2390 1780 2431 1836; baseline 0 0"><span class='ocrx_word' id='word_1_223' title='bbox 2390 1780 2431 1836; x_wconf 80' lang='grc' dir='ltr'><strong>Β</strong></span> 
     </span>
    </p>
   </div>
   <div class='ocr_carea' id='block_1_35' title="bbox 2451 536 4015 607">
    <p class='ocr_par' dir='ltr' id='par_1_35' title="bbox 2451 536 4015 607">
     <span class='ocr_line' id='line_1_35' title="bbox 2451 536 4015 607; baseline 0.001 -21"><span class='ocrx_word' id='word_1_224' title='bbox 2451 536 2624 597; x_wconf 69' lang='grc' dir='ltr'>πόλει.</span> <span class='ocrx_word' id='word_1_225' title='bbox 2671 536 2789 603; x_wconf 79' lang='grc' dir='ltr'><strong>Θεῷ</strong></span> <span class='ocrx_word' id='word_1_226' title='bbox 2836 537 2899 587; x_wconf 74' lang='grc' dir='ltr'>τὸ</span> <span class='ocrx_word' id='word_1_227' title='bbox 2942 537 3047 588; x_wconf 83' lang='grc' dir='ltr'>πᾶν</span> <span class='ocrx_word' id='word_1_228' title='bbox 3100 536 3500 605; x_wconf 65' lang='grc' dir='ltr'>ἐπιτρέψαντας</span> <span class='ocrx_word' id='word_1_229' title='bbox 3557 538 3637 603; x_wconf 76' lang='grc' dir='ltr'>τῷ</span> <span class='ocrx_word' id='word_1_230' title='bbox 3683 538 3797 590; x_wconf 83' lang='grc' dir='ltr'><strong>τῶν</strong></span> <span class='ocrx_word' id='word_1_231' title='bbox 3836 541 4015 607; x_wconf 77' lang='grc' dir='ltr'>ὅρκων</span> 
     </span>
    </p>
   </div>
   <div class='ocr_carea' id='block_1_36' title="bbox 2454 624 4018 694">
    <p class='ocr_par' dir='ltr' id='par_1_36' title="bbox 2454 624 4018 694">
     <span class='ocr_line' id='line_1_36' title="bbox 2454 624 4018 694; baseline 0.001 -19"><span class='ocrx_word' id='word_1_232' title='bbox 2454 626 2716 694; x_wconf 79' lang='grc' dir='ltr'>μάρτυρι,</span> <span class='ocrx_word' id='word_1_233' title='bbox 2762 626 2855 677; x_wconf 80' lang='grc' dir='ltr'><strong>καὶ</strong></span> <span class='ocrx_word' id='word_1_234' title='bbox 2908 624 3065 677; x_wconf 65' lang='grc' dir='ltr'>τοῦτο</span> <span class='ocrx_word' id='word_1_235' title='bbox 3117 625 3450 687; x_wconf 75' lang='grc' dir='ltr'>ὑπειπόντας</span> <span class='ocrx_word' id='word_1_236' title='bbox 3512 626 3692 694; x_wconf 72' lang='grc' dir='ltr'>μόνον,</span> <span class='ocrx_word' id='word_1_237' title='bbox 3754 629 3839 679; x_wconf 76' lang='grc' dir='ltr'>ὅτι</span> <span class='ocrx_word' id='word_1_238' title='bbox 3896 628 4018 689; x_wconf 76' lang='grc' dir='ltr'>Τοῖς</span> 
     </span>
    </p>
   </div>
   <div class='ocr_carea' id='block_1_37' title="bbox 2454 715 4016 787">
    <p class='ocr_par' dir='ltr' id='par_1_37' title="bbox 2454 715 4016 787">
     <span class='ocr_line' id='line_1_37' title="bbox 2454 715 4016 787; baseline 0 -19"><span class='ocrx_word' id='word_1_239' title='bbox 2454 718 2763 787; x_wconf 71' lang='grc' dir='ltr'>βασιλεῦσιν</span> <span class='ocrx_word' id='word_1_240' title='bbox 2810 715 3053 767; x_wconf 78' lang='grc' dir='ltr'>ὑπείκειν</span> <span class='ocrx_word' id='word_1_241' title='bbox 3095 717 3394 786; x_wconf 74' lang='grc' dir='ltr'><strong>ἐμάθομεν,</strong></span> <span class='ocrx_word' id='word_1_242' title='bbox 3455 719 3546 769; x_wconf 78' lang='grc' dir='ltr'>καὶ</span> <span class='ocrx_word' id='word_1_243' title='bbox 3598 718 3703 783; x_wconf 85' lang='grc' dir='ltr'>ὡς,</span> <span class='ocrx_word' id='word_1_244' title='bbox 3734 719 3803 770; x_wconf 66' lang='lat' dir='ltr'><strong>Et</strong></span> <span class='ocrx_word' id='word_1_245' title='bbox 3829 733 3881 771; x_wconf 89' lang='grc' dir='ltr'><strong>τι</strong></span> <span class='ocrx_word' id='word_1_246' title='bbox 3911 718 4016 770; x_wconf 75' lang='grc' dir='ltr'><strong>τῶν</strong></span> 
     </span>
    </p>
   </div>
   <div class='ocr_carea' id='block_1_38' title="bbox 2454 803 4018 877">
    <p class='ocr_par' dir='ltr' id='par_1_38' title="bbox 2454 803 4018 877">
     <span class='ocr_line' id='line_1_38' title="bbox 2454 803 4018 877; baseline -0.001 -16"><span class='ocrx_word' id='word_1_247' title='bbox 2454 811 2591 877; x_wconf 70' lang='grc' dir='ltr'>πρὸς</span> <span class='ocrx_word' id='word_1_248' title='bbox 2651 809 2801 875; x_wconf 72' lang='grc' dir='ltr'>ἡμᾶς</span> <span class='ocrx_word' id='word_1_249' title='bbox 2857 806 3035 873; x_wconf 72' lang='grc' dir='ltr'><strong>λόγων</strong></span> <span class='ocrx_word' id='word_1_250' title='bbox 3096 803 3253 870; x_wconf 66' lang='grc' dir='ltr'>οὗτος</span> <span class='ocrx_word' id='word_1_251' title='bbox 3310 808 3829 877; x_wconf 67' lang='grc' dir='ltr'>μεταϐουλεύσεται,</span> <span class='ocrx_word' id='word_1_252' title='bbox 3886 809 4018 861; x_wconf 69' lang='grc' dir='ltr'>ἀλλὰ</span> 
     </span>
    </p>
   </div>
   <div class='ocr_carea' id='block_1_39' title="bbox 2454 898 4013 968">
    <p class='ocr_par' dir='ltr' id='par_1_39' title="bbox 2454 898 4013 968">
     <span class='ocr_line' id='line_1_39' title="bbox 2454 898 4013 968; baseline -0.001 -16"><span class='ocrx_word' id='word_1_253' title='bbox 2454 901 2585 961; x_wconf 83' lang='grc' dir='ltr'>Θεὸς</span> <span class='ocrx_word' id='word_1_254' title='bbox 2615 900 2779 951; x_wconf 69' lang='grc' dir='ltr'>αὑτὸν</span> <span class='ocrx_word' id='word_1_255' title='bbox 2803 898 3021 961; x_wconf 84' lang='grc' dir='ltr'>πάντως</span> <span class='ocrx_word' id='word_1_256' title='bbox 3042 900 3070 950; x_wconf 85' lang='grc' dir='ltr'>ὁ</span> <span class='ocrx_word' id='word_1_257' title='bbox 3108 899 3217 950; x_wconf 67' lang='grc' dir='ltr'>τῶν</span> <span class='ocrx_word' id='word_1_258' title='bbox 3254 900 3431 967; x_wconf 78' lang='grc' dir='ltr'>ὅρκων</span> <span class='ocrx_word' id='word_1_259' title='bbox 3456 899 3654 968; x_wconf 79' lang='grc' dir='ltr'>ἔφορος</span> <span class='ocrx_word' id='word_1_260' title='bbox 3696 902 4013 965; x_wconf 80' lang='grc' dir='ltr'>ἀμυνεῖται,</span> 
     </span>
    </p>
   </div>
   <div class='ocr_carea' id='block_1_40' title="bbox 2457 991 4016 1062">
    <p class='ocr_par' dir='ltr' id='par_1_40' title="bbox 2457 991 4016 1062">
     <span class='ocr_line' id='line_1_40' title="bbox 2457 991 4016 1062; baseline -0.004 -15"><span class='ocrx_word' id='word_1_261' title='bbox 2457 996 2546 1047; x_wconf 78' lang='grc' dir='ltr'><strong>καὶ</strong></span> <span class='ocrx_word' id='word_1_262' title='bbox 2573 994 2631 1045; x_wconf 74' lang='grc' dir='ltr'><strong>οὐ</strong></span> <span class='ocrx_word' id='word_1_263' title='bbox 2665 993 2860 1062; x_wconf 67' lang='grc' dir='ltr'>βραδὺς</span> <span class='ocrx_word' id='word_1_264' title='bbox 2878 993 3029 1045; x_wconf 77' lang='grc' dir='ltr'>ἔσται</span> <span class='ocrx_word' id='word_1_265' title='bbox 3057 995 3193 1061; x_wconf 68' lang='grc' dir='ltr'>πρὸς</span> <span class='ocrx_word' id='word_1_266' title='bbox 3227 993 3323 1062; x_wconf 74' lang='grc' dir='ltr'><strong>τὴν</strong></span> <span class='ocrx_word' id='word_1_267' title='bbox 3350 993 3644 1061; x_wconf 80' lang='grc' dir='ltr'>ἐκδίκησιν.</span> <span class='ocrx_word' id='word_1_268' title='bbox 3696 991 3860 1059; x_wconf 75' lang='grc' dir='ltr'>Ἡμῖν</span> <span class='ocrx_word' id='word_1_269' title='bbox 3890 993 4016 1059; x_wconf 64' lang='grc' dir='ltr'>γὰρ,</span> 
     </span>
    </p>
   </div>
   <div class='ocr_carea' id='block_1_41' title="bbox 2454 1081 4019 1156">
    <p class='ocr_par' dir='ltr' id='par_1_41' title="bbox 2454 1081 4019 1156">
     <span class='ocr_line' id='line_1_41' title="bbox 2454 1081 4019 1156; baseline -0.002 -17"><span class='ocrx_word' id='word_1_270' title='bbox 2454 1081 2499 1139; x_wconf 79' lang='grc' dir='ltr'><strong>ὦ</strong></span> <span class='ocrx_word' id='word_1_271' title='bbox 2529 1087 2729 1156; x_wconf 79' lang='grc' dir='ltr'>Σῶτερ,</span> <span class='ocrx_word' id='word_1_272' title='bbox 2754 1086 2960 1153; x_wconf 66' lang='grc' dir='ltr'>ἔλεγον,</span> <span class='ocrx_word' id='word_1_273' title='bbox 2989 1086 3217 1155; x_wconf 82' lang='grc' dir='ltr'>Χριστέ,</span> <span class='ocrx_word' id='word_1_274' title='bbox 3250 1086 3344 1136; x_wconf 77' lang='grc' dir='ltr'><strong>καὶ</strong></span> <span class='ocrx_word' id='word_1_275' title='bbox 3380 1085 3513 1137; x_wconf 75' lang='grc' dir='ltr'>Θεοῦ</span> <span class='ocrx_word' id='word_1_276' title='bbox 3551 1085 3643 1137; x_wconf 72' lang='grc' dir='ltr'><strong>Υἱὲ</strong></span> <span class='ocrx_word' id='word_1_277' title='bbox 3684 1085 3779 1135; x_wconf 68' lang='grc' dir='ltr'>καὶ</span> <span class='ocrx_word' id='word_1_278' title='bbox 3810 1084 3933 1143; x_wconf 84' lang='grc' dir='ltr'>Θεὲ,</span> <span class='ocrx_word' id='word_1_279' title='bbox 3963 1086 4019 1136; x_wconf 78' lang='grc' dir='ltr'>τὸ</span> 
     </span>
    </p>
   </div>
   <div class='ocr_carea' id='block_1_42' title="bbox 2458 1178 4018 1249">
    <p class='ocr_par' dir='ltr' id='par_1_42' title="bbox 2458 1178 4018 1249">
     <span class='ocr_line' id='line_1_42' title="bbox 2458 1178 4018 1249; baseline -0.004 -17"><span class='ocrx_word' id='word_1_280' title='bbox 2458 1180 2599 1249; x_wconf 76' lang='grc' dir='ltr'>ὑπὲρ</span> <span class='ocrx_word' id='word_1_281' title='bbox 2628 1178 2721 1231; x_wconf 74' lang='grc' dir='ltr'>σοῦ</span> <span class='ocrx_word' id='word_1_282' title='bbox 2753 1180 2845 1232; x_wconf 74' lang='grc' dir='ltr'><strong>καὶ</strong></span> <span class='ocrx_word' id='word_1_283' title='bbox 2876 1181 3193 1247; x_wconf 70' lang='grc' dir='ltr'><strong>περιουσίας</strong></span> <span class='ocrx_word' id='word_1_284' title='bbox 3226 1181 3405 1247; x_wconf 80' lang='grc' dir='ltr'>πάσης</span> <span class='ocrx_word' id='word_1_285' title='bbox 3440 1178 3767 1246; x_wconf 75' lang='grc' dir='ltr'>στερηθῆναι</span> <span class='ocrx_word' id='word_1_286' title='bbox 3799 1178 3895 1228; x_wconf 75' lang='grc' dir='ltr'><strong>καὶ</strong></span> <span class='ocrx_word' id='word_1_287' title='bbox 3923 1178 4018 1238; x_wconf 73' lang='grc' dir='ltr'>τῆς</span> 
     </span>
    </p>
   </div>
   <div class='ocr_carea' id='block_1_43' title="bbox 2457 1269 4023 1341">
    <p class='ocr_par' dir='ltr' id='par_1_43' title="bbox 2457 1269 4023 1341">
     <span class='ocr_line' id='line_1_43' title="bbox 2457 1269 4023 1341; baseline -0.001 -20"><span class='ocrx_word' id='word_1_288' title='bbox 2457 1272 2601 1340; x_wconf 80' lang='grc' dir='ltr'><strong>ζωῆς</strong></span> <span class='ocrx_word' id='word_1_289' title='bbox 2668 1272 2859 1341; x_wconf 77' lang='grc' dir='ltr'><strong>κέρδος</strong></span> <span class='ocrx_word' id='word_1_290' title='bbox 2930 1272 3061 1323; x_wconf 65' lang='grc' dir='ltr'>αὐτὸ</span> <span class='ocrx_word' id='word_1_291' title='bbox 3115 1271 3295 1339; x_wconf 79' lang='grc' dir='ltr'>τυχόν.</span> <span class='ocrx_word' id='word_1_292' title='bbox 3352 1271 3500 1339; x_wconf 81' lang='grc' dir='ltr'><strong>Μηδέ</strong></span> <span class='ocrx_word' id='word_1_293' title='bbox 3552 1271 3763 1337; x_wconf 81' lang='grc' dir='ltr'>γένοιτο</span> <span class='ocrx_word' id='word_1_294' title='bbox 3813 1269 3876 1320; x_wconf 80' lang='grc' dir='ltr'><strong>τὸ</strong></span> <span class='ocrx_word' id='word_1_295' title='bbox 3937 1270 4023 1320; x_wconf 64' lang='grc' dir='ltr'><strong>σον</strong></span> 
     </span>
    </p>
   </div>
   <div class='ocr_carea' id='block_1_44' title="bbox 2456 1361 4012 1431">
    <p class='ocr_par' dir='ltr' id='par_1_44' title="bbox 2456 1361 4012 1431">
     <span class='ocr_line' id='line_1_44' title="bbox 2456 1361 4012 1431; baseline -0.002 -16"><span class='ocrx_word' id='word_1_296' title='bbox 2456 1365 2599 1431; x_wconf 75' lang='grc' dir='ltr'>ἡμᾶς</span> <span class='ocrx_word' id='word_1_297' title='bbox 2621 1361 3041 1430; x_wconf 78' lang='grc' dir='ltr'>ἀπαρνήσασθαι</span> <span class='ocrx_word' id='word_1_298' title='bbox 3065 1362 3257 1429; x_wconf 75' lang='grc' dir='ltr'>ὄνομα,</span> <span class='ocrx_word' id='word_1_299' title='bbox 3280 1361 3355 1423; x_wconf 82' lang='grc' dir='ltr'>ὡς</span> <span class='ocrx_word' id='word_1_300' title='bbox 3392 1366 3501 1425; x_wconf 82' lang='grc' dir='ltr'>τοῖς</span> <span class='ocrx_word' id='word_1_301' title='bbox 3528 1362 3751 1414; x_wconf 72' lang='grc' dir='ltr'>άσεεέσι</span> <span class='ocrx_word' id='word_1_302' title='bbox 3786 1362 4012 1421; x_wconf 73' lang='grc' dir='ltr'>σκοπὸς,</span> 
     </span>
    </p>
   </div>
   <div class='ocr_carea' id='block_1_45' title="bbox 2457 1449 4021 1523">
    <p class='ocr_par' dir='ltr' id='par_1_45' title="bbox 2457 1449 4021 1523">
     <span class='ocr_line' id='line_1_45' title="bbox 2457 1449 4021 1523; baseline -0.002 -16"><span class='ocrx_word' id='word_1_303' title='bbox 2457 1456 2591 1522; x_wconf 78' lang='grc' dir='ltr'><strong>μηδέ</strong></span> <span class='ocrx_word' id='word_1_304' title='bbox 2662 1455 2901 1506; x_wconf 65' lang='grc' dir='ltr'>τοιοῦτον</span> <span class='ocrx_word' id='word_1_305' title='bbox 2962 1454 3511 1523; x_wconf 81' lang='grc' dir='ltr'>καταπραξαμένους,</span> <span class='ocrx_word' id='word_1_306' title='bbox 3579 1449 3624 1506; x_wconf 77' lang='grc' dir='ltr'><strong>ὦ</strong></span> <span class='ocrx_word' id='word_1_307' title='bbox 3685 1456 3832 1522; x_wconf 76' lang='grc' dir='ltr'>ἥλιε,</span> <span class='ocrx_word' id='word_1_308' title='bbox 3891 1455 4021 1514; x_wconf 81' lang='grc' dir='ltr'>ῐδοις</span> 
     </span>
    </p>
   </div>
   <div class='ocr_carea' id='block_1_46' title="bbox 2452 1545 4021 1617">
    <p class='ocr_par' dir='ltr' id='par_1_46' title="bbox 2452 1545 4021 1617">
     <span class='ocr_line' id='line_1_46' title="bbox 2452 1545 4021 1617; baseline -0.003 -17"><span class='ocrx_word' id='word_1_309' title='bbox 2452 1549 2620 1617; x_wconf 76' lang='grc' dir='ltr'>ἡμᾶς.</span> <span class='ocrx_word' id='word_1_310' title='bbox 2658 1548 2762 1599; x_wconf 69' lang='grc' dir='ltr'>Καὶ</span> <span class='ocrx_word' id='word_1_311' title='bbox 2811 1546 2927 1613; x_wconf 75' lang='grc' dir='ltr'><strong>ἅμα</strong></span> <span class='ocrx_word' id='word_1_312' title='bbox 2984 1545 3238 1613; x_wconf 72' lang='grc' dir='ltr'>λέγοντες</span> <span class='ocrx_word' id='word_1_313' title='bbox 3271 1546 3399 1608; x_wconf 79' lang='grc' dir='ltr'>ὅλας</span> <span class='ocrx_word' id='word_1_314' title='bbox 3438 1549 3750 1600; x_wconf 81' lang='grc' dir='ltr'>ἀναπετῶσι</span> <span class='ocrx_word' id='word_1_315' title='bbox 3784 1546 3884 1606; x_wconf 74' lang='grc' dir='ltr'><strong>τάς</strong></span> <span class='ocrx_word' id='word_1_316' title='bbox 3919 1546 4021 1595; x_wconf 63' lang='grc' dir='ltr'>πεξ-</span> 
     </span>
    </p>
   </div>
   <div class='ocr_carea' id='block_1_47' title="bbox 2456 1636 4025 1705">
    <p class='ocr_par' dir='ltr' id='par_1_47' title="bbox 2456 1636 4025 1705">
     <span class='ocr_line' id='line_1_47' title="bbox 2456 1636 4025 1705; baseline -0.002 -15"><span class='ocrx_word' id='word_1_317' title='bbox 2456 1640 2573 1700; x_wconf 78' lang='grc' dir='ltr'>&gt;ας,</span> <span class='ocrx_word' id='word_1_318' title='bbox 2608 1638 2704 1690; x_wconf 71' lang='grc' dir='ltr'><strong>καὶ</strong></span> <span class='ocrx_word' id='word_1_319' title='bbox 2736 1637 2907 1703; x_wconf 66' lang='grc' dir='ltr'>αὐτῆς</span> <span class='ocrx_word' id='word_1_320' title='bbox 2940 1636 3089 1689; x_wconf 77' lang='grc' dir='ltr'>ἔνδον</span> <span class='ocrx_word' id='word_1_321' title='bbox 3120 1637 3221 1704; x_wconf 84' lang='grc' dir='ltr'>τῆς</span> <span class='ocrx_word' id='word_1_322' title='bbox 3244 1638 3453 1698; x_wconf 74' lang='grc' dir='ltr'>πόλεως</span> <span class='ocrx_word' id='word_1_323' title='bbox 3487 1638 3561 1698; x_wconf 84' lang='grc' dir='ltr'>ὡς</span> <span class='ocrx_word' id='word_1_324' title='bbox 3586 1638 3643 1687; x_wconf 89' lang='grc' dir='ltr'><strong>ἐν</strong></span> <span class='ocrx_word' id='word_1_325' title='bbox 3672 1636 3831 1705; x_wconf 77' lang='grc' dir='ltr'><strong>σηκῷ</strong></span> <span class='ocrx_word' id='word_1_326' title='bbox 3861 1638 4025 1688; x_wconf 68' lang='grc' dir='ltr'>λύκον</span> 
     </span>
    </p>
   </div>
   <div class='ocr_carea' id='block_1_48' title="bbox 2461 1727 4021 1797">
    <p class='ocr_par' dir='ltr' id='par_1_48' title="bbox 2461 1727 4021 1797">
     <span class='ocr_line' id='line_1_48' title="bbox 2461 1727 4021 1797; baseline -0.004 -14"><span class='ocrx_word' id='word_1_327' title='bbox 2461 1733 2552 1783; x_wconf 65' lang='grc' dir='ltr'><strong>τὸν</strong></span> <span class='ocrx_word' id='word_1_328' title='bbox 2590 1729 2825 1797; x_wconf 61' lang='grc' dir='ltr'>πονηρὸν</span> <span class='ocrx_word' id='word_1_329' title='bbox 2856 1728 3182 1796; x_wconf 76' lang='grc' dir='ltr'><strong>εἰσδέχονται</strong></span> <span class='ocrx_word' id='word_1_330' title='bbox 3205 1728 3449 1797; x_wconf 72' lang='grc' dir='ltr'>βασιλέα.</span> <span class='ocrx_word' id='word_1_331' title='bbox 3484 1727 3540 1780; x_wconf 90' lang='grc' dir='ltr'>Ὁ</span> <span class='ocrx_word' id='word_1_332' title='bbox 3569 1730 3645 1790; x_wconf 79' lang='grc' dir='ltr'><strong>δὲ,</strong></span> <span class='ocrx_word' id='word_1_333' title='bbox 3686 1729 3781 1781; x_wconf 80' lang='grc' dir='ltr'>καὶ</span> <span class='ocrx_word' id='word_1_334' title='bbox 3814 1728 4021 1797; x_wconf 72' lang='grc' dir='ltr'>σχῆμα,</span> 
     </span>
    </p>
   </div>
   <div class='ocr_carea' id='block_1_49' title="bbox 2461 1819 4023 1889">
    <p class='ocr_par' dir='ltr' id='par_1_49' title="bbox 2461 1819 4023 1889">
     <span class='ocr_line' id='line_1_49' title="bbox 2461 1819 4023 1889; baseline -0.003 -14"><span class='ocrx_word' id='word_1_335' title='bbox 2461 1824 2555 1874; x_wconf 69' lang='grc' dir='ltr'><strong>καὶ</strong></span> <span class='ocrx_word' id='word_1_336' title='bbox 2606 1822 2779 1883; x_wconf 76' lang='grc' dir='ltr'>θέσιν,</span> <span class='ocrx_word' id='word_1_337' title='bbox 2834 1821 2929 1872; x_wconf 66' lang='grc' dir='ltr'>καὶ</span> <span class='ocrx_word' id='word_1_338' title='bbox 2975 1820 3034 1870; x_wconf 76' lang='grc' dir='ltr'>τὸ</span> <span class='ocrx_word' id='word_1_339' title='bbox 3080 1819 3507 1889; x_wconf 73' lang='grc' dir='ltr'>πολυάνθριιιπον</span> <span class='ocrx_word' id='word_1_340' title='bbox 3558 1821 3737 1871; x_wconf 84' lang='grc' dir='ltr'>ἐκεῖνο</span> <span class='ocrx_word' id='word_1_341' title='bbox 3781 1820 3887 1887; x_wconf 71' lang='grc' dir='ltr'>τῆς</span> <span class='ocrx_word' id='word_1_342' title='bbox 3930 1820 4023 1870; x_wconf 78' lang='grc' dir='ltr'><strong>πό·</strong></span> 
     </span>
    </p>
   </div>
   <div class='ocr_carea' id='block_1_50' title="bbox 2461 1911 4026 1980">
    <p class='ocr_par' dir='ltr' id='par_1_50' title="bbox 2461 1911 4026 1980">
     <span class='ocr_line' id='line_1_50' title="bbox 2461 1911 4026 1980; baseline -0.004 -11"><span class='ocrx_word' id='word_1_343' title='bbox 2461 1917 2620 1978; x_wconf 77' lang='grc' dir='ltr'>λεως,</span> <span class='ocrx_word' id='word_1_344' title='bbox 2657 1913 2729 1975; x_wconf 79' lang='grc' dir='ltr'>ὡς</span> <span class='ocrx_word' id='word_1_345' title='bbox 2764 1914 2817 1965; x_wconf 86' lang='grc' dir='ltr'><strong>δέ</strong></span> <span class='ocrx_word' id='word_1_346' title='bbox 2865 1912 2958 1965; x_wconf 71' lang='grc' dir='ltr'>καὶ</span> <span class='ocrx_word' id='word_1_347' title='bbox 2996 1913 3055 1964; x_wconf 83' lang='grc' dir='ltr'><strong>τὸ</strong></span> <span class='ocrx_word' id='word_1_348' title='bbox 3098 1912 3395 1980; x_wconf 72' lang='grc' dir='ltr'>περιφανὲς</span> <span class='ocrx_word' id='word_1_349' title='bbox 3429 1912 3537 1962; x_wconf 83' lang='grc' dir='ltr'><strong>τῶν</strong></span> <span class='ocrx_word' id='word_1_350' title='bbox 3584 1911 3825 1963; x_wconf 74' lang='grc' dir='ltr'>πολιτῶν</span> <span class='ocrx_word' id='word_1_351' title='bbox 3865 1915 4026 1964; x_wconf 81' lang='grc' dir='ltr'>ἐπαι-</span> 
     </span>
    </p>
   </div>
   <div class='ocr_carea' id='block_1_51' title="bbox 2461 2003 4028 2074">
    <p class='ocr_par' dir='ltr' id='par_1_51' title="bbox 2461 2003 4028 2074">
     <span class='ocr_line' id='line_1_51' title="bbox 2461 2003 4028 2074; baseline -0.003 -14"><span class='ocrx_word' id='word_1_352' title='bbox 2461 2008 2642 2069; x_wconf 84' lang='grc' dir='ltr'>νέσας,</span> <span class='ocrx_word' id='word_1_353' title='bbox 2684 2004 2853 2074; x_wconf 77' lang='grc' dir='ltr'>ἐξῄει,</span> <span class='ocrx_word' id='word_1_354' title='bbox 2880 2004 3030 2056; x_wconf 70' lang='grc' dir='ltr'>δεινὰ</span> <span class='ocrx_word' id='word_1_355' title='bbox 3067 2004 3192 2055; x_wconf 78' lang='grc' dir='ltr'>κατ’</span> <span class='ocrx_word' id='word_1_356' title='bbox 3243 2003 3425 2055; x_wconf 70' lang='grc' dir='ltr'>αὐτῶν</span> <span class='ocrx_word' id='word_1_357' title='bbox 3472 2003 3577 2071; x_wconf 74' lang='grc' dir='ltr'>ἄρα</span> <span class='ocrx_word' id='word_1_358' title='bbox 3609 2004 3715 2055; x_wconf 80' lang='grc' dir='ltr'><strong>τῶν</strong></span> <span class='ocrx_word' id='word_1_359' title='bbox 3745 2003 3847 2073; x_wconf 77' lang='grc' dir='ltr'>τὴν</span> <span class='ocrx_word' id='word_1_360' title='bbox 3871 2003 4028 2055; x_wconf 72' lang='grc' dir='ltr'>πόλιν</span> 
     </span>
    </p>
   </div>
   <div class='ocr_carea' id='block_1_52' title="bbox 2462 2096 4027 2166">
    <p class='ocr_par' dir='ltr' id='par_1_52' title="bbox 2462 2096 4027 2166">
     <span class='ocr_line' id='line_1_52' title="bbox 2462 2096 4027 2166; baseline -0.003 -13"><span class='ocrx_word' id='word_1_361' title='bbox 2462 2099 2762 2153; x_wconf 76' lang='grc' dir='ltr'><strong>οἰκούντων</strong></span> <span class='ocrx_word' id='word_1_362' title='bbox 2821 2097 2897 2159; x_wconf 86' lang='grc' dir='ltr'>ὠς</span> <span class='ocrx_word' id='word_1_363' title='bbox 2926 2097 2985 2149; x_wconf 73' lang='grc' dir='ltr'>τὸ</span> <span class='ocrx_word' id='word_1_364' title='bbox 3028 2096 3209 2166; x_wconf 80' lang='grc' dir='ltr'>πέρας</span> <span class='ocrx_word' id='word_1_365' title='bbox 3245 2096 3437 2160; x_wconf 79' lang='grc' dir='ltr'>ἔδειξε,</span> <span class='ocrx_word' id='word_1_366' title='bbox 3497 2096 3768 2165; x_wconf 74' lang='grc' dir='ltr'>στρέφων,</span> <span class='ocrx_word' id='word_1_367' title='bbox 3829 2098 4027 2165; x_wconf 84' lang='grc' dir='ltr'>ὅρκους</span> 
     </span>
    </p>
   </div>
   <div class='ocr_carea' id='block_1_53' title="bbox 2464 2189 4029 2259">
    <p class='ocr_par' dir='ltr' id='par_1_53' title="bbox 2464 2189 4029 2259">
     <span class='ocr_line' id='line_1_53' title="bbox 2464 2189 4029 2259; baseline -0.003 -14"><span class='ocrx_word' id='word_1_368' title='bbox 2464 2192 2558 2245; x_wconf 56' lang='grc' dir='ltr'><strong>καὶ⁸</strong></span> <span class='ocrx_word' id='word_1_369' title='bbox 2600 2191 2897 2259; x_wconf 80' lang='grc' dir='ltr'>συνθήκας,</span> <span class='ocrx_word' id='word_1_370' title='bbox 2935 2191 3029 2241; x_wconf 74' lang='grc' dir='ltr'><strong>καὶ</strong></span> <span class='ocrx_word' id='word_1_371' title='bbox 3079 2191 3179 2242; x_wconf 76' lang='grc' dir='ltr'><strong>ὅσα</strong></span> <span class='ocrx_word' id='word_1_372' title='bbox 3240 2190 3374 2241; x_wconf 67' lang='grc' dir='ltr'><strong>ἄλλα</strong></span> <span class='ocrx_word' id='word_1_373' title='bbox 3427 2189 3564 2258; x_wconf 77' lang='grc' dir='ltr'>πρὸς</span> <span class='ocrx_word' id='word_1_374' title='bbox 3619 2189 3806 2239; x_wconf 80' lang='grc' dir='ltr'>πίστιν</span> <span class='ocrx_word' id='word_1_375' title='bbox 3846 2190 4029 2252; x_wconf 70' lang='grc' dir='ltr'>αὐτοῖς</span> 
     </span>
    </p>
   </div>
   <div class='ocr_carea' id='block_1_54' title="bbox 2466 2278 4024 2352">
    <p class='ocr_par' dir='ltr' id='par_1_54' title="bbox 2466 2278 4024 2352">
     <span class='ocr_line' id='line_1_54' title="bbox 2466 2278 4024 2352; baseline -0.001 -19"><span class='ocrx_word' id='word_1_376' title='bbox 2466 2283 2797 2352; x_wconf 74' lang='grc' dir='ltr'>παρέσχετο,</span> <span class='ocrx_word' id='word_1_377' title='bbox 2837 2280 3044 2333; x_wconf 82' lang='grc' dir='ltr'><strong>παίδων</strong></span> <span class='ocrx_word' id='word_1_378' title='bbox 3075 2280 3290 2348; x_wconf 72' lang='grc' dir='ltr'>ἀπάτην</span> <span class='ocrx_word' id='word_1_379' title='bbox 3323 2278 3462 2332; x_wconf 77' lang='grc' dir='ltr'>εἶναι</span> <span class='ocrx_word' id='word_1_380' title='bbox 3494 2279 3748 2346; x_wconf 77' lang='grc' dir='ltr'>νομίσας,</span> <span class='ocrx_word' id='word_1_381' title='bbox 3793 2284 3891 2334; x_wconf 70' lang='grc' dir='ltr'><strong>καὶ</strong></span> <span class='ocrx_word' id='word_1_382' title='bbox 3925 2281 4024 2350; x_wconf 67' lang='grc' dir='ltr'>ήδη</span> 
     </span>
    </p>
   </div>
   <div class='ocr_carea' id='block_1_55' title="bbox 2467 2368 3752 2443">
    <p class='ocr_par' dir='ltr' id='par_1_55' title="bbox 2467 2368 3752 2443">
     <span class='ocr_line' id='line_1_55' title="bbox 2467 2368 3752 2443; baseline -0.004 -17"><span class='ocrx_word' id='word_1_383' title='bbox 2467 2374 2599 2443; x_wconf 75' lang='grc' dir='ltr'>πρὸς</span> <span class='ocrx_word' id='word_1_384' title='bbox 2624 2373 2941 2442; x_wconf 78' lang='grc' dir='ltr'>ἀνατροπὴν</span> <span class='ocrx_word' id='word_1_385' title='bbox 2969 2372 3149 2423; x_wconf 72' lang='grc' dir='ltr'>αὐτῶν</span> <span class='ocrx_word' id='word_1_386' title='bbox 3174 2368 3752 2439; x_wconf 76' lang='grc' dir='ltr'>παρασκευαζόμενος.</span> 
     </span>
    </p>
   </div>
   <div class='ocr_carea' id='block_1_56' title="bbox 2538 2459 4027 2532">
    <p class='ocr_par' dir='ltr' id='par_1_56' title="bbox 2538 2459 4027 2532">
     <span class='ocr_line' id='line_1_56' title="bbox 2538 2459 4027 2532; baseline -0.006 -14"><span class='ocrx_word' id='word_1_387' title='bbox 2538 2463 2612 2519; x_wconf 91' lang='lat' dir='ltr'><strong>Z&#39;.</strong></span> <span class='ocrx_word' id='word_1_388' title='bbox 2666 2465 2875 2517; x_wconf 84' lang='grc' dir='ltr'>Ἕωθεν</span> <span class='ocrx_word' id='word_1_389' title='bbox 2918 2459 3011 2517; x_wconf 79' lang='grc' dir='ltr'><strong>οὖν</strong></span> <span class='ocrx_word' id='word_1_390' title='bbox 3049 2464 3164 2532; x_wconf 77' lang='grc' dir='ltr'>ἅμα</span> <span class='ocrx_word' id='word_1_391' title='bbox 3198 2463 3339 2530; x_wconf 76' lang='grc' dir='ltr'>φωτὶ</span> <span class='ocrx_word' id='word_1_392' title='bbox 3374 2462 3478 2527; x_wconf 81' lang='grc' dir='ltr'><strong>ἔξω</strong></span> <span class='ocrx_word' id='word_1_393' title='bbox 3512 2461 3712 2530; x_wconf 79' lang='grc' dir='ltr'>τειχῶν</span> <span class='ocrx_word' id='word_1_394' title='bbox 3738 2461 3840 2530; x_wconf 72' lang='grc' dir='ltr'><strong>τὴν</strong></span> <span class='ocrx_word' id='word_1_395' title='bbox 3874 2460 4027 2512; x_wconf 64' lang='grc' dir='ltr'>πόλιν</span> 
     </span>
    </p>
   </div>
   <div class='ocr_carea' id='block_1_57' title="bbox 2465 2551 4031 2624">
    <p class='ocr_par' dir='ltr' id='par_1_57' title="bbox 2465 2551 4031 2624">
     <span class='ocr_line' id='line_1_57' title="bbox 2465 2551 4031 2624; baseline -0.005 -14"><span class='ocrx_word' id='word_1_396' title='bbox 2465 2558 2650 2610; x_wconf 77' lang='grc' dir='ltr'>ἐκάλει</span> <span class='ocrx_word' id='word_1_397' title='bbox 2675 2572 2690 2586; x_wconf 84' lang='grc'>⁶</span> <span class='ocrx_word' id='word_1_398' title='bbox 2726 2558 2820 2608; x_wconf 73' lang='grc' dir='ltr'><strong>καὶ</strong></span> <span class='ocrx_word' id='word_1_399' title='bbox 2851 2556 3103 2624; x_wconf 74' lang='grc' dir='ltr'>παρῆσαν</span> <span class='ocrx_word' id='word_1_400' title='bbox 3141 2556 3251 2607; x_wconf 66' lang='grc' dir='ltr'>ὅσοι</span> <span class='ocrx_word' id='word_1_401' title='bbox 3292 2554 3509 2620; x_wconf 75' lang='grc' dir='ltr'>πλούτῳ</span> <span class='ocrx_word' id='word_1_402' title='bbox 3550 2555 3644 2604; x_wconf 71' lang='grc' dir='ltr'><strong>καὶ</strong></span> <span class='ocrx_word' id='word_1_403' title='bbox 3678 2552 3810 2620; x_wconf 76' lang='grc' dir='ltr'>δόξῃ</span> <span class='ocrx_word' id='word_1_404' title='bbox 3850 2551 4031 2619; x_wconf 81' lang='grc' dir='ltr'>διαφέ-</span> 
     </span>
    </p>
   </div>
   <div class='ocr_carea' id='block_1_58' title="bbox 2470 2642 4029 2721">
    <p class='ocr_par' dir='ltr' id='par_1_58' title="bbox 2470 2642 4029 2721">
     <span class='ocr_line' id='line_1_58' title="bbox 2470 2642 4029 2721; baseline -0.006 -21"><span class='ocrx_word' id='word_1_405' title='bbox 2470 2664 2653 2721; x_wconf 87' lang='grc' dir='ltr'>ροντες</span> <span class='ocrx_word' id='word_1_406' title='bbox 2686 2643 2827 2717; x_wconf 79' lang='grc' dir='ltr'>ἦσαν</span> <span class='ocrx_word' id='word_1_407' title='bbox 2852 2663 2864 2676; x_wconf 97' lang='grc'><strong>·</strong></span> <span class='ocrx_word' id='word_1_408' title='bbox 2891 2647 2988 2698; x_wconf 80' lang='grc' dir='ltr'>καὶ</span> <span class='ocrx_word' id='word_1_409' title='bbox 3024 2646 3129 2714; x_wconf 73' lang='grc' dir='ltr'>πρὸ</span> <span class='ocrx_word' id='word_1_410' title='bbox 3157 2644 3266 2695; x_wconf 82' lang='grc' dir='ltr'><strong>τῶν</strong></span> <span class='ocrx_word' id='word_1_411' title='bbox 3294 2642 3468 2696; x_wconf 74' lang='grc' dir='ltr'>ἄλλων</span> <span class='ocrx_word' id='word_1_412' title='bbox 3504 2642 3669 2704; x_wconf 67' lang='grc' dir='ltr'>αὐτὸς</span> <span class='ocrx_word' id='word_1_413' title='bbox 3711 2644 3739 2695; x_wconf 91' lang='grc' dir='ltr'>ὀ</span> <span class='ocrx_word' id='word_1_414' title='bbox 3775 2644 3876 2694; x_wconf 73' lang='grc' dir='ltr'>καὶ</span> <span class='ocrx_word' id='word_1_415' title='bbox 3898 2643 4029 2695; x_wconf 81' lang='grc' dir='ltr'>πάν-</span> 
     </span>
    </p>
   </div>
   <div class='ocr_carea' id='block_1_59' title="bbox 2466 2734 4031 2809">
    <p class='ocr_par' dir='ltr' id='par_1_59' title="bbox 2466 2734 4031 2809">
     <span class='ocr_line' id='line_1_59' title="bbox 2466 2734 4031 2809; baseline -0.006 -15"><span class='ocrx_word' id='word_1_416' title='bbox 2466 2758 2577 2794; x_wconf 88' lang='grc' dir='ltr'><strong>των</strong></span> <span class='ocrx_word' id='word_1_417' title='bbox 2600 2740 2762 2809; x_wconf 83' lang='grc' dir='ltr'>πολιᾷ</span> <span class='ocrx_word' id='word_1_418' title='bbox 2790 2740 2884 2791; x_wconf 66' lang='grc' dir='ltr'><strong>καὶ</strong></span> <span class='ocrx_word' id='word_1_419' title='bbox 2919 2736 3154 2799; x_wconf 83' lang='grc' dir='ltr'>συνέσει,</span> <span class='ocrx_word' id='word_1_420' title='bbox 3193 2737 3284 2789; x_wconf 64' lang='grc' dir='ltr'><strong>καῖ⁵</strong></span> <span class='ocrx_word' id='word_1_421' title='bbox 3316 2736 3391 2804; x_wconf 80' lang='grc' dir='ltr'>τῷ</span> <span class='ocrx_word' id='word_1_422' title='bbox 3434 2735 3542 2788; x_wconf 84' lang='grc' dir='ltr'>τῶν</span> <span class='ocrx_word' id='word_1_423' title='bbox 3576 2734 3723 2804; x_wconf 74' lang='grc' dir='ltr'>ἠθῶν</span> <span class='ocrx_word' id='word_1_424' title='bbox 3770 2736 4031 2804; x_wconf 76' lang='grc' dir='ltr'>εὐκόσμῳ</span> 
     </span>
    </p>
   </div>
   <div class='ocr_carea' id='block_1_60' title="bbox 2466 2825 4025 2900">
    <p class='ocr_par' dir='ltr' id='par_1_60' title="bbox 2466 2825 4025 2900">
     <span class='ocr_line' id='line_1_60' title="bbox 2466 2825 4025 2900; baseline -0.006 -17"><span class='ocrx_word' id='word_1_425' title='bbox 2466 2829 2893 2900; x_wconf 81' lang='grc' dir='ltr'>διαφορώτατος,</span> <span class='ocrx_word' id='word_1_426' title='bbox 2935 2827 3167 2899; x_wconf 79' lang='grc' dir='ltr'>Ἀρὲθας</span> <span class='ocrx_word' id='word_1_427' title='bbox 3186 2830 3213 2881; x_wconf 79' lang='grc' dir='ltr'><strong>ὁ</strong></span> <span class='ocrx_word' id='word_1_428' title='bbox 3242 2826 3407 2889; x_wconf 86' lang='grc' dir='ltr'>θεῖος,</span> <span class='ocrx_word' id='word_1_429' title='bbox 3434 2826 3601 2895; x_wconf 73' lang='grc' dir='ltr'>φημὶ,</span> <span class='ocrx_word' id='word_1_430' title='bbox 3655 2826 3684 2876; x_wconf 84' lang='grc' dir='ltr'><strong>δ</strong></span> <span class='ocrx_word' id='word_1_431' title='bbox 3710 2825 3827 2875; x_wconf 72' lang='grc' dir='ltr'><strong>καὶ</strong></span> <span class='ocrx_word' id='word_1_432' title='bbox 3858 2825 4025 2890; x_wconf 70' lang='grc' dir='ltr'>αὐτὴν</span> 
     </span>
    </p>
   </div>
   <div class='ocr_carea' id='block_1_61' title="bbox 2465 2913 4030 2989">
    <p class='ocr_par' dir='ltr' id='par_1_61' title="bbox 2465 2913 4030 2989">
     <span class='ocr_line' id='line_1_61' title="bbox 2465 2913 4030 2989; baseline -0.006 -16"><span class='ocrx_word' id='word_1_433' title='bbox 2465 2922 2637 2989; x_wconf 72' lang='grc' dir='ltr'>δήπου</span> <span class='ocrx_word' id='word_1_434' title='bbox 2665 2920 2765 2987; x_wconf 83' lang='grc' dir='ltr'>τὴν</span> <span class='ocrx_word' id='word_1_435' title='bbox 2798 2919 2970 2989; x_wconf 83' lang='grc' dir='ltr'>ἀρχὴν</span> <span class='ocrx_word' id='word_1_436' title='bbox 3004 2919 3106 2987; x_wconf 83' lang='grc' dir='ltr'>τῆς</span> <span class='ocrx_word' id='word_1_437' title='bbox 3176 2918 3385 2978; x_wconf 76' lang='grc' dir='ltr'>πόλεως</span> <span class='ocrx_word' id='word_1_438' title='bbox 3412 2917 3925 2984; x_wconf 79' lang='grc' dir='ltr'>ἐγκεχειρισμένος.</span> <span class='ocrx_word' id='word_1_439' title='bbox 3970 2913 4030 2966; x_wconf 80' lang='grc' dir='ltr'><strong>Οἱ</strong></span> 
     </span>
    </p>
   </div>
   <div class='ocr_carea' id='block_1_62' title="bbox 2469 3005 4033 3079">
    <p class='ocr_par' dir='ltr' id='par_1_62' title="bbox 2469 3005 4033 3079">
     <span class='ocr_line' id='line_1_62' title="bbox 2469 3005 4033 3079; baseline -0.006 -15"><span class='ocrx_word' id='word_1_440' title='bbox 2469 3014 2563 3064; x_wconf 81' lang='grc' dir='ltr'><strong>καὶ</strong></span> <span class='ocrx_word' id='word_1_441' title='bbox 2610 3007 2749 3079; x_wconf 77' lang='grc' dir='ltr'>ἦσαν</span> <span class='ocrx_word' id='word_1_442' title='bbox 2785 3010 3211 3073; x_wconf 74' lang='grc' dir='ltr'>ἐπιθειάζοντες,</span> <span class='ocrx_word' id='word_1_443' title='bbox 3253 3005 3653 3073; x_wconf 70' lang='grc' dir='ltr'>εὐφημοῦντες,</span> <span class='ocrx_word' id='word_1_444' title='bbox 3709 3009 3810 3058; x_wconf 70' lang='grc' dir='ltr'><strong>καὶ</strong></span> <span class='ocrx_word' id='word_1_445' title='bbox 3854 3008 4033 3058; x_wconf 76' lang='grc' dir='ltr'>πᾶσαν</span> 
     </span>
    </p>
   </div>
   <div class='ocr_carea' id='block_1_63' title="bbox 800 3083 2458 3182">
    <p class='ocr_par' dir='ltr' id='par_1_63' title="bbox 800 3083 2436 3182">
     <span class='ocr_line' id='line_1_63' title="bbox 800 3083 2436 3182; baseline -0.006 -38"><span class='ocrx_word' id='word_1_446' title='bbox 800 3091 1010 3158; x_wconf 87' lang='lat' dir='ltr'><strong>busque</strong></span> <span class='ocrx_word' id='word_1_447' title='bbox 1039 3090 1409 3150; x_wconf 87' lang='lat' dir='ltr'><strong>celebrabant,</strong></span> <span class='ocrx_word' id='word_1_448' title='bbox 1436 3097 1493 3141; x_wconf 88' lang='lat' dir='ltr'><strong>et</strong></span> <span class='ocrx_word' id='word_1_449' title='bbox 1518 3101 1735 3141; x_wconf 90' lang='lat' dir='ltr'><strong>omnem</strong></span> <span class='ocrx_word' id='word_1_450' title='bbox 1768 3084 2027 3137; x_wconf 89' lang='lat' dir='ltr'><strong>honorem</strong></span> <span class='ocrx_word' id='word_1_451' title='bbox 2062 3083 2369 3136; x_wconf 85' lang='lat' dir='ltr'><strong>tribuebant</strong></span> <span class='ocrx_word' id='word_1_452' title='bbox 2394 3125 2436 3182; x_wconf 57' lang='grc' dir='ltr'>ε</span> 
     </span>
    </p>
   </div>
   <div class='ocr_carea' id='block_1_64' title="bbox 2369 3083 4027 3182">
    <p class='ocr_par' dir='ltr' id='par_1_64' title="bbox 2394 3097 4027 3182">
     <span class='ocr_line' id='line_1_64' title="bbox 2394 3097 4027 3182; baseline -0.005 -26"><span class='ocrx_word' id='word_1_453' title='bbox 2394 3125 2436 3182; x_wconf 76' lang='lat' dir='ltr'><strong>c</strong></span> <span class='ocrx_word' id='word_1_454' title='bbox 2467 3104 2635 3172; x_wconf 78' lang='grc' dir='ltr'>τιμὴν</span> <span class='ocrx_word' id='word_1_455' title='bbox 2660 3104 3022 3169; x_wconf 85' lang='grc' dir='ltr'>ἀπονέμοντες</span> <span class='ocrx_word' id='word_1_456' title='bbox 3051 3100 3126 3168; x_wconf 80' lang='grc' dir='ltr'>τῷ</span> <span class='ocrx_word' id='word_1_457' title='bbox 3147 3097 3393 3151; x_wconf 79' lang='grc' dir='ltr'>δοκοῦντι</span> <span class='ocrx_word' id='word_1_458' title='bbox 3432 3097 3637 3164; x_wconf 69' lang='grc' dir='ltr'>σωτῆρι</span> <span class='ocrx_word' id='word_1_459' title='bbox 3667 3101 3763 3149; x_wconf 72' lang='grc' dir='ltr'><strong>καὶ</strong></span> <span class='ocrx_word' id='word_1_460' title='bbox 3798 3097 4027 3165; x_wconf 76' lang='grc' dir='ltr'>βασιλεῖ.</span> 
     </span>
    </p>
   </div>
   <div class='ocr_carea' id='block_1_65' title="bbox 803 3174 2359 3253">
    <p class='ocr_par' dir='ltr' id='par_1_65' title="bbox 803 3174 2359 3253">
     <span class='ocr_line' id='line_1_65' title="bbox 803 3174 2359 3253; baseline -0.008 -15"><span class='ocrx_word' id='word_1_461' title='bbox 803 3184 877 3246; x_wconf 92' lang='lat' dir='ltr'><strong>ei,</strong></span> <span class='ocrx_word' id='word_1_462' title='bbox 907 3183 1000 3253; x_wconf 85' lang='lat' dir='ltr'><strong>qui</strong></span> <span class='ocrx_word' id='word_1_463' title='bbox 1035 3181 1326 3235; x_wconf 87' lang='lat' dir='ltr'><strong>videbatur</strong></span> <span class='ocrx_word' id='word_1_464' title='bbox 1362 3194 1483 3235; x_wconf 87' lang='lat' dir='ltr'><strong>esse</strong></span> <span class='ocrx_word' id='word_1_465' title='bbox 1508 3189 1753 3232; x_wconf 85' lang='lat' dir='ltr'><strong>servator</strong></span> <span class='ocrx_word' id='word_1_466' title='bbox 1798 3187 1852 3230; x_wconf 91' lang='lat' dir='ltr'><strong>et</strong></span> <span class='ocrx_word' id='word_1_467' title='bbox 1884 3190 2002 3230; x_wconf 90' lang='lat' dir='ltr'><strong>rex.</strong></span> <span class='ocrx_word' id='word_1_468' title='bbox 2049 3174 2143 3227; x_wconf 89' lang='lat' dir='ltr'><strong>Ille</strong></span> <span class='ocrx_word' id='word_1_469' title='bbox 2174 3183 2359 3225; x_wconf 84' lang='lat' dir='ltr'><strong>autem</strong></span> 
     </span>
    </p>
   </div>
   <div class='ocr_carea' id='block_1_66' title="bbox 799 3262 2369 3343">
    <p class='ocr_par' dir='ltr' id='par_1_66' title="bbox 799 3262 2369 3343">
     <span class='ocr_line' id='line_1_66' title="bbox 799 3262 2369 3343; baseline -0.009 -13"><span class='ocrx_word' id='word_1_470' title='bbox 799 3275 905 3331; x_wconf 82' lang='lat' dir='ltr'><strong>sibi</strong></span> <span class='ocrx_word' id='word_1_471' title='bbox 962 3274 1136 3343; x_wconf 68' lang='lat' dir='ltr'><strong>culpae</strong></span> <span class='ocrx_word' id='word_1_472' title='bbox 1186 3271 1429 3327; x_wconf 88' lang='lat' dir='ltr'><strong>dandum</strong></span> <span class='ocrx_word' id='word_1_473' title='bbox 1469 3285 1590 3324; x_wconf 88' lang='lat' dir='ltr'><strong>esse</strong></span> <span class='ocrx_word' id='word_1_474' title='bbox 1636 3270 1904 3331; x_wconf 88' lang='lat' dir='ltr'><strong>tribuens,</strong></span> <span class='ocrx_word' id='word_1_475' title='bbox 1957 3263 2100 3332; x_wconf 93' lang='lat' dir='ltr'><strong>quod</strong></span> <span class='ocrx_word' id='word_1_476' title='bbox 2129 3262 2369 3317; x_wconf 73' lang='lat' dir='ltr'><strong>differret</strong></span> 
     </span>
    </p>
   </div>
   <div class='ocr_carea' id='block_1_67' title="bbox 800 3357 2367 3429">
    <p class='ocr_par' dir='ltr' id='par_1_67' title="bbox 800 3357 2367 3429">
     <span class='ocr_line' id='line_1_67' title="bbox 800 3357 2367 3429; baseline -0.006 -8"><span class='ocrx_word' id='word_1_477' title='bbox 800 3367 955 3421; x_wconf 90' lang='lat' dir='ltr'><strong>cerni</strong></span> <span class='ocrx_word' id='word_1_478' title='bbox 990 3367 1191 3428; x_wconf 86' lang='lat' dir='ltr'><strong>malus,</strong></span> <span class='ocrx_word' id='word_1_479' title='bbox 1229 3378 1339 3417; x_wconf 91' lang='lat' dir='ltr'><strong>non</strong></span> <span class='ocrx_word' id='word_1_480' title='bbox 1366 3361 1604 3429; x_wconf 87' lang='lat' dir='ltr'><strong>amplius</strong></span> <span class='ocrx_word' id='word_1_481' title='bbox 1682 3368 2011 3429; x_wconf 82' lang='lat' dir='ltr'><strong>exspectans</strong></span> <span class='ocrx_word' id='word_1_482' title='bbox 2054 3358 2245 3426; x_wconf 90' lang='lat' dir='ltr'><strong>aperit,</strong></span> <span class='ocrx_word' id='word_1_483' title='bbox 2277 3357 2367 3426; x_wconf 90' lang='lat' dir='ltr'><strong>qui</strong></span> 
     </span>
    </p>
   </div>
   <div class='ocr_carea' id='block_1_68' title="bbox 802 3451 2369 3522">
    <p class='ocr_par' dir='ltr' id='par_1_68' title="bbox 802 3451 2369 3522">
     <span class='ocr_line' id='line_1_68' title="bbox 802 3451 2369 3522; baseline -0.008 -8"><span class='ocrx_word' id='word_1_484' title='bbox 802 3461 951 3514; x_wconf 82' lang='lat' dir='ltr'><strong>intus</strong></span> <span class='ocrx_word' id='word_1_485' title='bbox 1005 3458 1230 3521; x_wconf 82' lang='lat' dir='ltr'><strong>latebat,</strong></span> <span class='ocrx_word' id='word_1_486' title='bbox 1281 3456 1527 3518; x_wconf 88' lang='lat' dir='ltr'><strong>Dunaan,</strong></span> <span class='ocrx_word' id='word_1_487' title='bbox 1580 3463 1637 3507; x_wconf 93' lang='lat' dir='ltr'><strong>et</strong></span> <span class='ocrx_word' id='word_1_488' title='bbox 1681 3453 1843 3522; x_wconf 88' lang='lat' dir='ltr'><strong>jussit</strong></span> <span class='ocrx_word' id='word_1_489' title='bbox 1892 3451 2144 3520; x_wconf 90' lang='lat' dir='ltr'><strong>protinus</strong></span> <span class='ocrx_word' id='word_1_490' title='bbox 2180 3463 2369 3502; x_wconf 88' lang='lat' dir='ltr'><strong>omnes</strong></span> 
     </span>
    </p>
   </div>
   <div class='ocr_carea' id='block_1_69' title="bbox 804 3538 2371 3610">
    <p class='ocr_par' dir='ltr' id='par_1_69' title="bbox 804 3538 2371 3610">
     <span class='ocr_line' id='line_1_69' title="bbox 804 3538 2371 3610; baseline -0.01 -4"><span class='ocrx_word' id='word_1_491' title='bbox 804 3553 1070 3606; x_wconf 88' lang='lat' dir='ltr'><strong>custodiri</strong></span> <span class='ocrx_word' id='word_1_492' title='bbox 1105 3552 1159 3605; x_wconf 91' lang='lat' dir='ltr'><strong>in</strong></span> <span class='ocrx_word' id='word_1_493' title='bbox 1193 3549 1444 3605; x_wconf 86' lang='lat' dir='ltr'><strong>vinculis.</strong></span> <span class='ocrx_word' id='word_1_494' title='bbox 1482 3547 1688 3600; x_wconf 85' lang='lat' dir='ltr'><strong>Deinde</strong></span> <span class='ocrx_word' id='word_1_495' title='bbox 1725 3544 1890 3596; x_wconf 87' lang='lat' dir='ltr'><strong>etiam</strong></span> <span class='ocrx_word' id='word_1_496' title='bbox 1940 3540 2167 3610; x_wconf 86' lang='lat' dir='ltr'><strong>privavit</strong></span> <span class='ocrx_word' id='word_1_497' title='bbox 2201 3538 2371 3594; x_wconf 84' lang='lat' dir='ltr'><strong>facul-</strong></span> 
     </span>
    </p>
   </div>
   <div class='ocr_carea' id='block_1_70' title="bbox 807 3633 2367 3710">
    <p class='ocr_par' dir='ltr' id='par_1_70' title="bbox 807 3633 2367 3710">
     <span class='ocr_line' id='line_1_70' title="bbox 807 3633 2367 3710; baseline -0.008 -14"><span class='ocrx_word' id='word_1_498' title='bbox 807 3646 1033 3704; x_wconf 83' lang='lat' dir='ltr'><strong>tatibus,</strong></span> <span class='ocrx_word' id='word_1_499' title='bbox 1091 3652 1149 3695; x_wconf 89' lang='lat' dir='ltr'><strong>et</strong></span> <span class='ocrx_word' id='word_1_500' title='bbox 1200 3640 1409 3710; x_wconf 81' lang='lat' dir='ltr'><strong>rogavit</strong></span> <span class='ocrx_word' id='word_1_501' title='bbox 1458 3636 1678 3691; x_wconf 88' lang='lat' dir='ltr'><strong>ubinam</strong></span> <span class='ocrx_word' id='word_1_502' title='bbox 1728 3644 1872 3688; x_wconf 85' lang='lat' dir='ltr'><strong>esset</strong></span> <span class='ocrx_word' id='word_1_503' title='bbox 1928 3633 2125 3687; x_wconf 89' lang='lat' dir='ltr'><strong>Paulus</strong></span> <span class='ocrx_word' id='word_1_504' title='bbox 2179 3646 2367 3685; x_wconf 90' lang='lat' dir='ltr'><strong>eorum</strong></span> 
     </span>
    </p>
   </div>
   <div class='ocr_carea' id='block_1_71' title="bbox 806 3721 2369 3804">
    <p class='ocr_par' dir='ltr' id='par_1_71' title="bbox 806 3721 2369 3804">
     <span class='ocr_line' id='line_1_71' title="bbox 806 3721 2369 3804; baseline -0.01 -16"><span class='ocrx_word' id='word_1_505' title='bbox 806 3735 1118 3804; x_wconf 83' lang='lat' dir='ltr'><strong>episcopus.</strong></span> <span class='ocrx_word' id='word_1_506' title='bbox 1174 3729 1308 3785; x_wconf 90' lang='lat' dir='ltr'><strong>Cum</strong></span> <span class='ocrx_word' id='word_1_507' title='bbox 1374 3736 1557 3781; x_wconf 88' lang='lat' dir='ltr'><strong>autem</strong></span> <span class='ocrx_word' id='word_1_508' title='bbox 1607 3725 1719 3795; x_wconf 87' lang='lat' dir='ltr'><strong>jam</strong></span> <span class='ocrx_word' id='word_1_509' title='bbox 1786 3722 1999 3775; x_wconf 87' lang='lat' dir='ltr'><strong>duobus</strong></span> <span class='ocrx_word' id='word_1_510' title='bbox 2039 3728 2167 3774; x_wconf 91' lang='lat' dir='ltr'><strong>ante</strong></span> <span class='ocrx_word' id='word_1_511' title='bbox 2212 3721 2369 3773; x_wconf 89' lang='lat' dir='ltr'><strong>annis</strong></span> 
     </span>
    </p>
   </div>
   <div class='ocr_carea' id='block_1_72' title="bbox 806 3812 2367 3881">
    <p class='ocr_par' dir='ltr' id='par_1_72' title="bbox 806 3812 2367 3881">
     <span class='ocr_line' id='line_1_72' title="bbox 806 3812 2367 3881; baseline -0.009 -2"><span class='ocrx_word' id='word_1_512' title='bbox 806 3840 931 3881; x_wconf 88' lang='lat' dir='ltr'><strong>eum</strong></span> <span class='ocrx_word' id='word_1_513' title='bbox 987 3821 1343 3877; x_wconf 75' lang='lat' dir='ltr'><strong>intellexisset</strong></span> <span class='ocrx_word' id='word_1_514' title='bbox 1392 3834 1513 3874; x_wconf 88' lang='lat' dir='ltr'><strong>esse</strong></span> <span class='ocrx_word' id='word_1_515' title='bbox 1564 3826 1863 3877; x_wconf 90' lang='lat' dir='ltr'><strong>mortuum,</strong></span> <span class='ocrx_word' id='word_1_516' title='bbox 1911 3829 2020 3867; x_wconf 91' lang='lat' dir='ltr'><strong>non</strong></span> <span class='ocrx_word' id='word_1_517' title='bbox 2064 3814 2264 3867; x_wconf 82' lang='lat' dir='ltr'><strong>habens</strong></span> <span class='ocrx_word' id='word_1_518' title='bbox 2315 3812 2367 3865; x_wconf 82' lang='lat' dir='ltr'><strong>in</strong></span> 
     </span>
    </p>
   </div>
   <div class='ocr_carea' id='block_1_73' title="bbox 810 3904 2371 3987">
    <p class='ocr_par' dir='ltr' id='par_1_73' title="bbox 810 3904 2371 3987">
     <span class='ocr_line' id='line_1_73' title="bbox 810 3904 2371 3987; baseline -0.01 -17"><span class='ocrx_word' id='word_1_519' title='bbox 810 3931 973 3987; x_wconf 89' lang='lat' dir='ltr'><strong>quem</strong></span> <span class='ocrx_word' id='word_1_520' title='bbox 1007 3916 1143 3967; x_wconf 88' lang='lat' dir='ltr'><strong>iratn</strong></span> <span class='ocrx_word' id='word_1_521' title='bbox 1170 3910 1511 3972; x_wconf 88' lang='lat' dir='ltr'><strong>immitteret,</strong></span> <span class='ocrx_word' id='word_1_522' title='bbox 1545 3909 1825 3963; x_wconf 89' lang='lat' dir='ltr'><strong>contendit</strong></span> <span class='ocrx_word' id='word_1_523' title='bbox 1850 3906 1919 3960; x_wconf 89' lang='lat' dir='ltr'><strong>ad</strong></span> <span class='ocrx_word' id='word_1_524' title='bbox 1963 3904 2263 3974; x_wconf 87' lang='lat' dir='ltr'><strong>pulverem,</strong></span> <span class='ocrx_word' id='word_1_525' title='bbox 2317 3910 2371 3954; x_wconf 86' lang='lat' dir='ltr'><strong>et</strong></span> 
     </span>
    </p>
   </div>
   <div class='ocr_carea' id='block_1_74' title="bbox 806 3991 2372 4076">
    <p class='ocr_par' dir='ltr' id='par_1_74' title="bbox 806 3991 2372 4076">
     <span class='ocr_line' id='line_1_74' title="bbox 806 3991 2372 4076; baseline -0.011 -16"><span class='ocrx_word' id='word_1_526' title='bbox 806 4008 969 4076; x_wconf 78' lang='lat' dir='ltr'><strong>jussit</strong></span> <span class='ocrx_word' id='word_1_527' title='bbox 998 4007 1314 4075; x_wconf 89' lang='lat' dir='ltr'><strong>sepulcrum</strong></span> <span class='ocrx_word' id='word_1_528' title='bbox 1348 4000 1607 4061; x_wconf 77' lang='lat' dir='ltr'><strong>effodere,</strong></span> <span class='ocrx_word' id='word_1_529' title='bbox 1638 4008 1691 4052; x_wconf 92' lang='lat' dir='ltr'><strong>et</strong></span> <span class='ocrx_word' id='word_1_530' title='bbox 1726 3999 1870 4050; x_wconf 89' lang='lat' dir='ltr'><strong>illius</strong></span> <span class='ocrx_word' id='word_1_531' title='bbox 1910 4008 2108 4063; x_wconf 90' lang='lat' dir='ltr'><strong>corpus</strong></span> <span class='ocrx_word' id='word_1_532' title='bbox 2148 3991 2372 4046; x_wconf 85' lang='lat' dir='ltr'><strong>combu-</strong></span> 
     </span>
    </p>
   </div>
   <div class='ocr_carea' id='block_1_75' title="bbox 808 4082 2371 4155">
    <p class='ocr_par' dir='ltr' id='par_1_75' title="bbox 808 4082 2371 4155">
     <span class='ocr_line' id='line_1_75' title="bbox 808 4082 2371 4155; baseline -0.01 -6"><span class='ocrx_word' id='word_1_533' title='bbox 808 4105 995 4149; x_wconf 88' lang='lat' dir='ltr'><strong>rentes</strong></span> <span class='ocrx_word' id='word_1_534' title='bbox 1028 4098 1082 4147; x_wconf 92' lang='lat' dir='ltr'><strong>in</strong></span> <span class='ocrx_word' id='word_1_535' title='bbox 1112 4107 1293 4147; x_wconf 90' lang='lat' dir='ltr'><strong>aerem</strong></span> <span class='ocrx_word' id='word_1_536' title='bbox 1330 4089 1609 4145; x_wconf 89' lang='lat' dir='ltr'><strong>ventilare.</strong></span> <span class='ocrx_word' id='word_1_537' title='bbox 1644 4086 1805 4140; x_wconf 78' lang='lat' dir='ltr'><strong>Aliud</strong></span> <span class='ocrx_word' id='word_1_538' title='bbox 1840 4097 2055 4155; x_wconf 85' lang='lat' dir='ltr'><strong>quoque</strong></span> <span class='ocrx_word' id='word_1_539' title='bbox 2105 4082 2371 4152; x_wconf 79' lang='lat' dir='ltr'><strong>excogitat</strong></span> 
     </span>
    </p>
   </div>
   <div class='ocr_carea' id='block_1_76' title="bbox 811 4172 2369 4246">
    <p class='ocr_par' dir='ltr' id='par_1_76' title="bbox 811 4172 2369 4246">
     <span class='ocr_line' id='line_1_76' title="bbox 811 4172 2369 4246; baseline -0.011 -7"><span class='ocrx_word' id='word_1_540' title='bbox 811 4186 1011 4239; x_wconf 86' lang='lat' dir='ltr'><strong>furiosa</strong></span> <span class='ocrx_word' id='word_1_541' title='bbox 1045 4183 1243 4245; x_wconf 88' lang='lat' dir='ltr'><strong>anima,</strong></span> <span class='ocrx_word' id='word_1_542' title='bbox 1280 4195 1379 4235; x_wconf 90' lang='lat' dir='ltr'><strong>nec</strong></span> <span class='ocrx_word' id='word_1_543' title='bbox 1410 4195 1529 4234; x_wconf 89' lang='lat' dir='ltr'><strong>eam</strong></span> <span class='ocrx_word' id='word_1_544' title='bbox 1571 4177 1714 4246; x_wconf 88' lang='lat' dir='ltr'><strong>capit</strong></span> <span class='ocrx_word' id='word_1_545' title='bbox 1746 4176 1968 4230; x_wconf 85' lang='lat' dir='ltr'><strong>satietas</strong></span> <span class='ocrx_word' id='word_1_546' title='bbox 2006 4172 2205 4240; x_wconf 87' lang='lat' dir='ltr'><strong>aliquid</strong></span> <span class='ocrx_word' id='word_1_547' title='bbox 2253 4186 2369 4223; x_wconf 88' lang='lat' dir='ltr'><strong>mo-</strong></span> 
     </span>
    </p>
   </div>
   <div class='ocr_carea' id='block_1_77' title="bbox 812 4262 2369 4336">
    <p class='ocr_par' dir='ltr' id='par_1_77' title="bbox 812 4262 2369 4336">
     <span class='ocr_line' id='line_1_77' title="bbox 812 4262 2369 4336; baseline -0.011 -6"><span class='ocrx_word' id='word_1_548' title='bbox 812 4278 975 4331; x_wconf 87' lang='lat' dir='ltr'><strong>liendi</strong></span> <span class='ocrx_word' id='word_1_549' title='bbox 1008 4277 1269 4329; x_wconf 86' lang='lat' dir='ltr'><strong>adversus</strong></span> <span class='ocrx_word' id='word_1_550' title='bbox 1298 4271 1660 4333; x_wconf 84' lang='lat' dir='ltr'><strong>Christianos,</strong></span> <span class='ocrx_word' id='word_1_551' title='bbox 1692 4266 1787 4322; x_wconf 88' lang='lat' dir='ltr'><strong>sed</strong></span> <span class='ocrx_word' id='word_1_552' title='bbox 1824 4265 1982 4336; x_wconf 91' lang='lat' dir='ltr'><strong>jubet</strong></span> <span class='ocrx_word' id='word_1_553' title='bbox 2012 4262 2238 4317; x_wconf 89' lang='lat' dir='ltr'><strong>accendi</strong></span> <span class='ocrx_word' id='word_1_554' title='bbox 2280 4277 2369 4313; x_wconf 87' lang='lat' dir='ltr'><strong>ro-</strong></span> 
     </span>
    </p>
   </div>
   <div class='ocr_carea' id='block_1_78' title="bbox 810 4352 2370 4439">
    <p class='ocr_par' dir='ltr' id='par_1_78' title="bbox 810 4352 2370 4439">
     <span class='ocr_line' id='line_1_78' title="bbox 810 4352 2370 4439; baseline -0.008 -22"><span class='ocrx_word' id='word_1_555' title='bbox 810 4384 957 4439; x_wconf 83' lang='lat' dir='ltr'><strong>gum,</strong></span> <span class='ocrx_word' id='word_1_556' title='bbox 991 4367 1081 4435; x_wconf 86' lang='lat' dir='ltr'><strong>qui</strong></span> <span class='ocrx_word' id='word_1_557' title='bbox 1115 4366 1283 4420; x_wconf 87' lang='lat' dir='ltr'><strong>multa</strong></span> <span class='ocrx_word' id='word_1_558' title='bbox 1330 4362 1564 4417; x_wconf 89' lang='lat' dir='ltr'><strong>aleretur</strong></span> <span class='ocrx_word' id='word_1_559' title='bbox 1594 4360 1839 4424; x_wconf 86' lang='lat' dir='ltr'><strong>materia,</strong></span> <span class='ocrx_word' id='word_1_560' title='bbox 1870 4366 1925 4412; x_wconf 91' lang='lat' dir='ltr'><strong>et</strong></span> <span class='ocrx_word' id='word_1_561' title='bbox 1966 4357 2149 4411; x_wconf 78' lang='lat' dir='ltr'><strong>statim</strong></span> <span class='ocrx_word' id='word_1_562' title='bbox 2176 4352 2370 4407; x_wconf 87' lang='lat' dir='ltr'><strong>civita-</strong></span> 
     </span>
    </p>
   </div>
   <div class='ocr_carea' id='block_1_79' title="bbox 814 4445 2451 4524">
    <p class='ocr_par' dir='ltr' id='par_1_79' title="bbox 814 4445 2451 4524">
     <span class='ocr_line' id='line_1_79' title="bbox 814 4445 2451 4524; baseline -0.01 -14"><span class='ocrx_word' id='word_1_563' title='bbox 814 4460 902 4517; x_wconf 88' lang='lat' dir='ltr'><strong>tis,</strong></span> <span class='ocrx_word' id='word_1_564' title='bbox 938 4466 991 4509; x_wconf 86' lang='lat' dir='ltr'><strong>et</strong></span> <span class='ocrx_word' id='word_1_565' title='bbox 1020 4458 1165 4524; x_wconf 85' lang='lat' dir='ltr'><strong>ejus.</strong></span> <span class='ocrx_word' id='word_1_566' title='bbox 1199 4468 1320 4522; x_wconf 69' lang='lat' dir='ltr'><strong>qua:</strong></span> <span class='ocrx_word' id='word_1_567' title='bbox 1350 4461 1431 4505; x_wconf 88' lang='lat' dir='ltr'><strong>est</strong></span> <span class='ocrx_word' id='word_1_568' title='bbox 1479 4449 1853 4511; x_wconf 86' lang='lat' dir='ltr'><strong>circumcirca,</strong></span> <span class='ocrx_word' id='word_1_569' title='bbox 1908 4445 2144 4516; x_wconf 85' lang='lat' dir='ltr'><strong>regionis</strong></span> <span class='ocrx_word' id='word_1_570' title='bbox 2193 4456 2374 4497; x_wconf 84' lang='lat' dir='ltr'><strong>sacer-</strong></span> <span class='ocrx_word' id='word_1_571' title='bbox 2407 4448 2451 4504; x_wconf 81' lang='grc' dir='ltr'>ι)</span> 
     </span>
    </p>
   </div>
   <div class='ocr_carea' id='block_1_80' title="bbox 812 4535 2372 4612">
    <p class='ocr_par' dir='ltr' id='par_1_80' title="bbox 812 4535 2372 4612">
     <span class='ocr_line' id='line_1_80' title="bbox 812 4535 2372 4612; baseline -0.01 -9"><span class='ocrx_word' id='word_1_572' title='bbox 812 4552 988 4612; x_wconf 85' lang='lat' dir='ltr'><strong>dotes,</strong></span> <span class='ocrx_word' id='word_1_573' title='bbox 1025 4558 1081 4601; x_wconf 91' lang='lat' dir='ltr'><strong>et</strong></span> <span class='ocrx_word' id='word_1_574' title='bbox 1121 4546 1444 4608; x_wconf 84' lang='lat' dir='ltr'><strong>monachos,</strong></span> <span class='ocrx_word' id='word_1_575' title='bbox 1470 4550 1525 4597; x_wconf 86' lang='lat' dir='ltr'><strong>et</strong></span> <span class='ocrx_word' id='word_1_576' title='bbox 1579 4542 1689 4595; x_wconf 88' lang='lat' dir='ltr'><strong>Deo</strong></span> <span class='ocrx_word' id='word_1_577' title='bbox 1739 4547 2082 4595; x_wconf 86' lang='lat' dir='ltr'><strong>consecratas</strong></span> <span class='ocrx_word' id='word_1_578' title='bbox 2113 4535 2372 4605; x_wconf 84' lang='lat' dir='ltr'><strong>virgines,</strong></span> 
     </span>
    </p>
   </div>
   <div class='ocr_carea' id='block_1_81' title="bbox 812 4624 2378 4709">
    <p class='ocr_par' dir='ltr' id='par_1_81' title="bbox 812 4624 2378 4709">
     <span class='ocr_line' id='line_1_81' title="bbox 812 4624 2378 4709; baseline -0.012 -15"><span class='ocrx_word' id='word_1_579' title='bbox 812 4641 943 4709; x_wconf 87' lang='lat' dir='ltr'><strong>quin</strong></span> <span class='ocrx_word' id='word_1_580' title='bbox 991 4639 1154 4691; x_wconf 89' lang='lat' dir='ltr'><strong>etiam</strong></span> <span class='ocrx_word' id='word_1_581' title='bbox 1189 4637 1419 4689; x_wconf 82' lang='lat' dir='ltr'><strong>feminas</strong></span> <span class='ocrx_word' id='word_1_582' title='bbox 1474 4647 1594 4700; x_wconf 72' lang='lat' dir='ltr'><strong>quae</strong></span> <span class='ocrx_word' id='word_1_583' title='bbox 1630 4630 1789 4683; x_wconf 88' lang='lat' dir='ltr'><strong>vitam</strong></span> <span class='ocrx_word' id='word_1_584' title='bbox 1817 4630 2089 4697; x_wconf 87' lang='lat' dir='ltr'><strong>elegerant</strong></span> <span class='ocrx_word' id='word_1_585' title='bbox 2118 4624 2378 4678; x_wconf 87' lang='lat' dir='ltr'><strong>monasti-</strong></span> 
     </span>
    </p>
   </div>
   <div class='ocr_carea' id='block_1_82' title="bbox 813 4716 2375 4794">
    <p class='ocr_par' dir='ltr' id='par_1_82' title="bbox 813 4716 2375 4794">
     <span class='ocr_line' id='line_1_82' title="bbox 813 4716 2375 4794; baseline -0.011 -10"><span class='ocrx_word' id='word_1_586' title='bbox 813 4746 956 4794; x_wconf 89' lang='lat' dir='ltr'><strong>cam,</strong></span> <span class='ocrx_word' id='word_1_587' title='bbox 989 4742 1181 4783; x_wconf 90' lang='lat' dir='ltr'><strong>omnes</strong></span> <span class='ocrx_word' id='word_1_588' title='bbox 1208 4724 1369 4781; x_wconf 91' lang='lat' dir='ltr'><strong>simul</strong></span> <span class='ocrx_word' id='word_1_589' title='bbox 1406 4725 1461 4778; x_wconf 93' lang='lat' dir='ltr'><strong>in</strong></span> <span class='ocrx_word' id='word_1_590' title='bbox 1497 4738 1622 4778; x_wconf 91' lang='lat' dir='ltr'><strong>eum</strong></span> <span class='ocrx_word' id='word_1_591' title='bbox 1675 4720 1846 4792; x_wconf 87' lang='lat' dir='ltr'><strong>injici.</strong></span> <span class='ocrx_word' id='word_1_592' title='bbox 1888 4718 1929 4773; x_wconf 89' lang='lat' dir='ltr'><strong>li</strong></span> <span class='ocrx_word' id='word_1_593' title='bbox 1977 4717 2145 4782; x_wconf 89' lang='lat' dir='ltr'><strong>enim,</strong></span> <span class='ocrx_word' id='word_1_594' title='bbox 2180 4716 2375 4785; x_wconf 84' lang='lat' dir='ltr'><strong>inquit,</strong></span> 
     </span>
    </p>
   </div>
   <div class='ocr_carea' id='block_1_83' title="bbox 816 4809 2378 4887">
    <p class='ocr_par' dir='ltr' id='par_1_83' title="bbox 816 4809 2378 4887">
     <span class='ocr_line' id='line_1_83' title="bbox 816 4809 2378 4887; baseline -0.009 -11"><span class='ocrx_word' id='word_1_595' title='bbox 816 4828 946 4876; x_wconf 88' lang='lat' dir='ltr'><strong>sunt</strong></span> <span class='ocrx_word' id='word_1_596' title='bbox 976 4819 1135 4887; x_wconf 90' lang='lat' dir='ltr'><strong>plane</strong></span> <span class='ocrx_word' id='word_1_597' title='bbox 1185 4832 1350 4872; x_wconf 88' lang='lat' dir='ltr'><strong>causa</strong></span> <span class='ocrx_word' id='word_1_598' title='bbox 1396 4816 1624 4868; x_wconf 90' lang='lat' dir='ltr'><strong>aliorum</strong></span> <span class='ocrx_word' id='word_1_599' title='bbox 1674 4811 1947 4875; x_wconf 87' lang='lat' dir='ltr'><strong>interitus,</strong></span> <span class='ocrx_word' id='word_1_600' title='bbox 1990 4809 2378 4880; x_wconf 84' lang='lat' dir='ltr'><strong>persuadentes</strong></span> 
     </span>
    </p>
   </div>
   <div class='ocr_carea' id='block_1_84' title="bbox 817 4901 2377 4973">
    <p class='ocr_par' dir='ltr' id='par_1_84' title="bbox 817 4901 2377 4973">
     <span class='ocr_line' id='line_1_84' title="bbox 817 4901 2377 4973; baseline -0.01 -6"><span class='ocrx_word' id='word_1_601' title='bbox 817 4911 1136 4967; x_wconf 84' lang='lat' dir='ltr'><strong>crucifixum</strong></span> <span class='ocrx_word' id='word_1_602' title='bbox 1173 4908 1374 4971; x_wconf 89' lang='lat' dir='ltr'><strong>colere,</strong></span> <span class='ocrx_word' id='word_1_603' title='bbox 1419 4914 1675 4973; x_wconf 87' lang='lat' dir='ltr'><strong>tanquam</strong></span> <span class='ocrx_word' id='word_1_604' title='bbox 1711 4903 1903 4956; x_wconf 90' lang='lat' dir='ltr'><strong>Deum.</strong></span> <span class='ocrx_word' id='word_1_605' title='bbox 1951 4901 2031 4953; x_wconf 83' lang='lat' dir='ltr'><strong>Ad</strong></span> <span class='ocrx_word' id='word_1_606' title='bbox 2078 4901 2193 4953; x_wconf 66' lang='lat' dir='ltr'><strong>haec</strong></span> <span class='ocrx_word' id='word_1_607' title='bbox 2251 4916 2377 4969; x_wconf 84' lang='lat' dir='ltr'><strong>per-</strong></span> 
     </span>
    </p>
   </div>
   <div class='ocr_carea' id='block_1_85' title="bbox 825 4991 2381 5063">
    <p class='ocr_par' dir='ltr' id='par_1_85' title="bbox 825 4991 2381 5063">
     <span class='ocr_line' id='line_1_85' title="bbox 825 4991 2381 5063; baseline -0.006 -9"><span class='ocrx_word' id='word_1_608' title='bbox 825 5001 949 5054; x_wconf 89' lang='lat' dir='ltr'><strong>inde</strong></span> <span class='ocrx_word' id='word_1_609' title='bbox 976 5014 1039 5052; x_wconf 88' lang='lat' dir='ltr'><strong>ac</strong></span> <span class='ocrx_word' id='word_1_610' title='bbox 1072 5001 1115 5053; x_wconf 93' lang='lat' dir='ltr'><strong>si</strong></span> <span class='ocrx_word' id='word_1_611' title='bbox 1146 5014 1253 5052; x_wconf 91' lang='lat' dir='ltr'><strong>non</strong></span> <span class='ocrx_word' id='word_1_612' title='bbox 1298 4997 1591 5061; x_wconf 77' lang='lat' dir='ltr'><strong>sufficeret,</strong></span> <span class='ocrx_word' id='word_1_613' title='bbox 1640 4994 1783 5063; x_wconf 89' lang='lat' dir='ltr'><strong>quod</strong></span> <span class='ocrx_word' id='word_1_614' title='bbox 1831 4991 2031 5047; x_wconf 87' lang='lat' dir='ltr'><strong>factum</strong></span> <span class='ocrx_word' id='word_1_615' title='bbox 2082 4992 2277 5054; x_wconf 89' lang='lat' dir='ltr'><strong>fuerat,</strong></span> <span class='ocrx_word' id='word_1_616' title='bbox 2314 4992 2381 5045; x_wconf 90' lang='lat' dir='ltr'><strong>ad</strong></span> 
     </span>
    </p>
   </div>
   <div class='ocr_carea' id='block_1_86' title="bbox 820 5086 2378 5164">
    <p class='ocr_par' dir='ltr' id='par_1_86' title="bbox 820 5086 2378 5164">
     <span class='ocr_line' id='line_1_86' title="bbox 820 5086 2378 5164; baseline -0.008 -17"><span class='ocrx_word' id='word_1_617' title='bbox 820 5094 938 5164; x_wconf 89' lang='lat' dir='ltr'><strong>ejus</strong></span> <span class='ocrx_word' id='word_1_618' title='bbox 986 5091 1462 5161; x_wconf 88' lang='lat' dir='ltr'><strong>incomparabilem</strong></span> <span class='ocrx_word' id='word_1_619' title='bbox 1508 5088 1899 5142; x_wconf 89' lang='lat' dir='ltr'><strong>ostendendam</strong></span> <span class='ocrx_word' id='word_1_620' title='bbox 1961 5086 2378 5155; x_wconf 85' lang='lat' dir='ltr'><strong>improbitatem,</strong></span> 
     </span>
    </p>
   </div>
   <div class='ocr_carea' id='block_1_87' title="bbox 828 5177 2381 5253">
    <p class='ocr_par' dir='ltr' id='par_1_87' title="bbox 828 5177 2381 5253">
     <span class='ocr_line' id='line_1_87' title="bbox 828 5177 2381 5253; baseline -0.005 -18"><span class='ocrx_word' id='word_1_621' title='bbox 828 5194 888 5236; x_wconf 94' lang='lat' dir='ltr'><strong>ut</strong></span> <span class='ocrx_word' id='word_1_622' title='bbox 926 5183 1060 5237; x_wconf 88' lang='lat' dir='ltr'><strong>alios</strong></span> <span class='ocrx_word' id='word_1_623' title='bbox 1087 5198 1303 5253; x_wconf 89' lang='lat' dir='ltr'><strong>quoque</strong></span> <span class='ocrx_word' id='word_1_624' title='bbox 1327 5183 1427 5236; x_wconf 90' lang='lat' dir='ltr'><strong>sibi</strong></span> <span class='ocrx_word' id='word_1_625' title='bbox 1463 5180 1834 5249; x_wconf 84' lang='lat' dir='ltr'><strong>subjungeret,</strong></span> <span class='ocrx_word' id='word_1_626' title='bbox 1869 5177 2220 5231; x_wconf 87' lang='lat' dir='ltr'><strong>vehementer</strong></span> <span class='ocrx_word' id='word_1_627' title='bbox 2252 5191 2381 5229; x_wconf 88' lang='lat' dir='ltr'><strong>cou-</strong></span> 
     </span>
    </p>
   </div>
   <div class='ocr_carea' id='block_1_88' title="bbox 827 5270 2384 5343">
    <p class='ocr_par' dir='ltr' id='par_1_88' title="bbox 827 5270 2384 5343">
     <span class='ocr_line' id='line_1_88' title="bbox 827 5270 2384 5343; baseline -0.005 -14"><span class='ocrx_word' id='word_1_628' title='bbox 827 5274 1025 5333; x_wconf 86' lang='lat' dir='ltr'><strong>tendit.</strong></span> <span class='ocrx_word' id='word_1_629' title='bbox 1058 5284 1111 5326; x_wconf 87' lang='lat' dir='ltr'><strong>et</strong></span> <span class='ocrx_word' id='word_1_630' title='bbox 1138 5277 1299 5342; x_wconf 79' lang='lat' dir='ltr'><strong>jussit</strong></span> <span class='ocrx_word' id='word_1_631' title='bbox 1332 5289 1611 5343; x_wconf 66' lang='lat' dir='ltr'><strong>prwcones</strong></span> <span class='ocrx_word' id='word_1_632' title='bbox 1642 5271 1795 5326; x_wconf 84' lang='lat' dir='ltr'><strong>obire</strong></span> <span class='ocrx_word' id='word_1_633' title='bbox 1825 5271 2102 5323; x_wconf 85' lang='lat' dir='ltr'><strong>civitatem</strong></span> <span class='ocrx_word' id='word_1_634' title='bbox 2132 5280 2184 5322; x_wconf 84' lang='lat' dir='ltr'><strong>et</strong></span> <span class='ocrx_word' id='word_1_635' title='bbox 2215 5270 2384 5338; x_wconf 75' lang='lat' dir='ltr'><strong>regio-</strong></span> 
     </span>
    </p>
   </div>
   <div class='ocr_carea' id='block_1_89' title="bbox 822 5362 2383 5433">
    <p class='ocr_par' dir='ltr' id='par_1_89' title="bbox 822 5362 2383 5433">
     <span class='ocr_line' id='line_1_89' title="bbox 822 5362 2383 5433; baseline -0.006 -11"><span class='ocrx_word' id='word_1_636' title='bbox 822 5382 945 5422; x_wconf 84' lang='lat' dir='ltr'><strong>nem</strong></span> <span class='ocrx_word' id='word_1_637' title='bbox 980 5366 1371 5433; x_wconf 75' lang='lat' dir='ltr'><strong>proclamantes</strong></span> <span class='ocrx_word' id='word_1_638' title='bbox 1411 5375 1469 5419; x_wconf 89' lang='lat' dir='ltr'><strong>ut</strong></span> <span class='ocrx_word' id='word_1_639' title='bbox 1499 5365 1774 5419; x_wconf 77' lang='lat' dir='ltr'><strong>Christum</strong></span> <span class='ocrx_word' id='word_1_640' title='bbox 1822 5372 2102 5429; x_wconf 82' lang='lat' dir='ltr'><strong>negarent,</strong></span> <span class='ocrx_word' id='word_1_641' title='bbox 2156 5371 2211 5413; x_wconf 90' lang='lat' dir='ltr'><strong>et</strong></span> <span class='ocrx_word' id='word_1_642' title='bbox 2241 5362 2383 5414; x_wconf 85' lang='lat' dir='ltr'><strong>vive-</strong></span> 
     </span>
    </p>
   </div>
   <div class='ocr_carea' id='block_1_90' title="bbox 823 5454 2024 5524">
    <p class='ocr_par' dir='ltr' id='par_1_90' title="bbox 823 5454 2024 5524">
     <span class='ocr_line' id='line_1_90' title="bbox 823 5454 2024 5524; baseline -0.008 -10"><span class='ocrx_word' id='word_1_643' title='bbox 823 5467 945 5514; x_wconf 87' lang='lat' dir='ltr'><strong>rent</strong></span> <span class='ocrx_word' id='word_1_644' title='bbox 966 5455 1207 5524; x_wconf 77' lang='lat' dir='ltr'><strong>Judaice,</strong></span> <span class='ocrx_word' id='word_1_645' title='bbox 1232 5455 1419 5509; x_wconf 88' lang='lat' dir='ltr'><strong>eadem</strong></span> <span class='ocrx_word' id='word_1_646' title='bbox 1444 5471 1561 5524; x_wconf 78' lang='lat' dir='ltr'><strong>quae</strong></span> <span class='ocrx_word' id='word_1_647' title='bbox 1593 5469 1684 5508; x_wconf 87' lang='lat' dir='ltr'><strong>rex</strong></span> <span class='ocrx_word' id='word_1_648' title='bbox 1707 5454 2024 5507; x_wconf 78' lang='lat' dir='ltr'><strong>sentientes.</strong></span> 
     </span>
    </p>
   </div>
   <div class='ocr_carea' id='block_1_91' title="bbox 898 5565 2386 5637">
    <p class='ocr_par' dir='ltr' id='par_1_91' title="bbox 898 5565 2386 5637">
     <span class='ocr_line' id='line_1_91' title="bbox 898 5565 2386 5637; baseline -0.007 -9"><span class='ocrx_word' id='word_1_649' title='bbox 898 5572 1034 5630; x_wconf 82' lang='lat' dir='ltr'><strong>Vill.</strong></span> <span class='ocrx_word' id='word_1_650' title='bbox 1066 5570 1241 5626; x_wconf 84' lang='lat' dir='ltr'><strong>Porro</strong></span> <span class='ocrx_word' id='word_1_651' title='bbox 1285 5579 1469 5625; x_wconf 89' lang='lat' dir='ltr'><strong>autem</strong></span> <span class='ocrx_word' id='word_1_652' title='bbox 1514 5569 1631 5637; x_wconf 90' lang='lat' dir='ltr'><strong>ipse</strong></span> <span class='ocrx_word' id='word_1_653' title='bbox 1660 5581 1877 5637; x_wconf 83' lang='lat' dir='ltr'><strong>quoque</strong></span> <span class='ocrx_word' id='word_1_654' title='bbox 1923 5580 2015 5618; x_wconf 80' lang='lat' dir='ltr'><strong>rex</strong></span> <span class='ocrx_word' id='word_1_655' title='bbox 2065 5565 2279 5620; x_wconf 72' lang='lat' dir='ltr'><strong>Arethze</strong></span> <span class='ocrx_word' id='word_1_656' title='bbox 2309 5566 2386 5620; x_wconf 85' lang='lat' dir='ltr'><strong>si-</strong></span> 
     </span>
    </p>
   </div>
   <div class='ocr_carea' id='block_1_92' title="bbox 826 5657 2385 5732">
    <p class='ocr_par' dir='ltr' id='par_1_92' title="bbox 826 5657 2385 5732">
     <span class='ocr_line' id='line_1_92' title="bbox 826 5657 2385 5732; baseline -0.006 -11"><span class='ocrx_word' id='word_1_657' title='bbox 826 5668 971 5721; x_wconf 90' lang='lat' dir='ltr'><strong>milia</strong></span> <span class='ocrx_word' id='word_1_658' title='bbox 1000 5661 1646 5732; x_wconf 85' lang='lat' dir='ltr'><strong>cousulebat,adjiciens,</strong></span> <span class='ocrx_word' id='word_1_659' title='bbox 1699 5662 1841 5727; x_wconf 92' lang='lat' dir='ltr'><strong>quod</strong></span> <span class='ocrx_word' id='word_1_660' title='bbox 1884 5657 1982 5726; x_wconf 89' lang='lat' dir='ltr'><strong>ipsi</strong></span> <span class='ocrx_word' id='word_1_661' title='bbox 2028 5673 2241 5726; x_wconf 87' lang='lat' dir='ltr'><strong>quoque</strong></span> <span class='ocrx_word' id='word_1_662' title='bbox 2286 5672 2385 5712; x_wconf 84' lang='lat' dir='ltr'><strong>no-</strong></span> 
     </span>
    </p>
   </div>
   <div class='ocr_carea' id='block_1_93' title="bbox 824 5751 2377 5827">
    <p class='ocr_par' dir='ltr' id='par_1_93' title="bbox 824 5751 2377 5827">
     <span class='ocr_line' id='line_1_93' title="bbox 824 5751 2377 5827; baseline -0.007 -12"><span class='ocrx_word' id='word_1_663' title='bbox 824 5770 944 5815; x_wconf 85' lang='lat' dir='ltr'><strong>rant</strong></span> <span class='ocrx_word' id='word_1_664' title='bbox 972 5758 1216 5827; x_wconf 80' lang='lat' dir='ltr'><strong>Romani,</strong></span> <span class='ocrx_word' id='word_1_665' title='bbox 1242 5753 1384 5811; x_wconf 86' lang='lat' dir='ltr'><strong>illius</strong></span> <span class='ocrx_word' id='word_1_666' title='bbox 1430 5751 1665 5823; x_wconf 84' lang='lat' dir='ltr'><strong>majores</strong></span> <span class='ocrx_word' id='word_1_667' title='bbox 1712 5752 1765 5803; x_wconf 89' lang='lat' dir='ltr'><strong>in</strong></span> <span class='ocrx_word' id='word_1_668' title='bbox 1814 5766 2031 5806; x_wconf 81' lang='lat' dir='ltr'><strong>crucem</strong></span> <span class='ocrx_word' id='word_1_669' title='bbox 2072 5751 2242 5820; x_wconf 83' lang='lat' dir='ltr'><strong>egisse</strong></span> <span class='ocrx_word' id='word_1_670' title='bbox 2279 5751 2377 5805; x_wconf 85' lang='lat' dir='ltr'><strong>ho-</strong></span> 
     </span>
    </p>
   </div>
   <div class='ocr_carea' id='block_1_94' title="bbox 2480 3188 4033 3262">
    <p class='ocr_par' dir='ltr' id='par_1_94' title="bbox 2480 3188 4033 3262">
     <span class='ocr_line' id='line_1_94' title="bbox 2480 3188 4033 3262; baseline -0.005 -14"><span class='ocrx_word' id='word_1_671' title='bbox 2480 3196 2539 3248; x_wconf 87' lang='grc'><strong>’0</strong></span> <span class='ocrx_word' id='word_1_672' title='bbox 2566 3195 2621 3246; x_wconf 86' lang='grc' dir='ltr'><strong>δέ</strong></span> <span class='ocrx_word' id='word_1_673' title='bbox 2652 3193 2859 3262; x_wconf 78' lang='grc' dir='ltr'>μέμψιν</span> <span class='ocrx_word' id='word_1_674' title='bbox 2882 3188 3022 3245; x_wconf 76' lang='grc' dir='ltr'>εἶναι</span> <span class='ocrx_word' id='word_1_675' title='bbox 3051 3191 3281 3261; x_wconf 83' lang='grc' dir='ltr'>νομίσας</span> <span class='ocrx_word' id='word_1_676' title='bbox 3311 3190 3371 3243; x_wconf 82' lang='grc' dir='ltr'>τὺ</span> <span class='ocrx_word' id='word_1_677' title='bbox 3396 3191 3474 3252; x_wconf 78' lang='grc' dir='ltr'>εἰς</span> <span class='ocrx_word' id='word_1_678' title='bbox 3494 3190 3767 3251; x_wconf 76' lang='grc' dir='ltr'>ἀναϐολὰς</span> <span class='ocrx_word' id='word_1_679' title='bbox 3802 3188 4033 3257; x_wconf 77' lang='grc' dir='ltr'>ὀφθῆναι</span> 
     </span>
    </p>
   </div>
   <div class='ocr_carea' id='block_1_95' title="bbox 2468 3279 4033 3354">
    <p class='ocr_par' dir='ltr' id='par_1_95' title="bbox 2468 3279 4033 3354">
     <span class='ocr_line' id='line_1_95' title="bbox 2468 3279 4033 3354; baseline -0.004 -16"><span class='ocrx_word' id='word_1_680' title='bbox 2468 3288 2659 3351; x_wconf 66' lang='grc' dir='ltr'>κακὸς,</span> <span class='ocrx_word' id='word_1_681' title='bbox 2707 3287 2800 3338; x_wconf 81' lang='grc' dir='ltr'>καὶ</span> <span class='ocrx_word' id='word_1_682' title='bbox 2860 3284 2935 3354; x_wconf 80' lang='grc' dir='ltr'><strong>μὴ</strong></span> <span class='ocrx_word' id='word_1_683' title='bbox 2994 3283 3315 3351; x_wconf 85' lang='grc' dir='ltr'>ἀναμείνας,</span> <span class='ocrx_word' id='word_1_684' title='bbox 3363 3281 3737 3335; x_wconf 69' lang='grc' dir='ltr'>ἀνακαλύπτει</span> <span class='ocrx_word' id='word_1_685' title='bbox 3768 3281 3865 3332; x_wconf 75' lang='grc' dir='ltr'>τὸν</span> <span class='ocrx_word' id='word_1_686' title='bbox 3892 3279 4033 3331; x_wconf 76' lang='grc' dir='ltr'>ἔνδον</span> 
     </span>
    </p>
   </div>
   <div class='ocr_carea' id='block_1_96' title="bbox 2468 3372 4033 3447">
    <p class='ocr_par' dir='ltr' id='par_1_96' title="bbox 2468 3372 4033 3447">
     <span class='ocr_line' id='line_1_96' title="bbox 2468 3372 4033 3447; baseline -0.005 -15"><span class='ocrx_word' id='word_1_687' title='bbox 2468 3378 2847 3447; x_wconf 77' lang='grc' dir='ltr'>κρυπτόμενον</span> <span class='ocrx_word' id='word_1_688' title='bbox 2896 3376 3163 3437; x_wconf 84' lang='grc' dir='ltr'>Δουναάν,</span> <span class='ocrx_word' id='word_1_689' title='bbox 3200 3374 3294 3425; x_wconf 75' lang='grc' dir='ltr'>καὶ</span> <span class='ocrx_word' id='word_1_690' title='bbox 3334 3374 3543 3434; x_wconf 81' lang='grc' dir='ltr'>πάντας</span> <span class='ocrx_word' id='word_1_691' title='bbox 3594 3372 3761 3433; x_wconf 72' lang='grc' dir='ltr'>εὐθὺς</span> <span class='ocrx_word' id='word_1_692' title='bbox 3817 3373 4033 3426; x_wconf 71' lang='grc' dir='ltr'>ἐκέὶευε</span> 
     </span>
    </p>
   </div>
   <div class='ocr_carea' id='block_1_97' title="bbox 2472 3461 4035 3536">
    <p class='ocr_par' dir='ltr' id='par_1_97' title="bbox 2472 3461 4035 3536">
     <span class='ocr_line' id='line_1_97' title="bbox 2472 3461 4035 3536; baseline -0.003 -16"><span class='ocrx_word' id='word_1_693' title='bbox 2472 3469 2725 3530; x_wconf 79' lang='grc' dir='ltr'>δεθέντας</span> <span class='ocrx_word' id='word_1_694' title='bbox 2775 3465 3154 3536; x_wconf 80' lang='grc' dir='ltr'>φρουρεῖσθαι.</span> <span class='ocrx_word' id='word_1_695' title='bbox 3206 3461 3336 3517; x_wconf 76' lang='grc' dir='ltr'>Εἶτα</span> <span class='ocrx_word' id='word_1_696' title='bbox 3384 3464 3479 3516; x_wconf 81' lang='grc' dir='ltr'>καὶ</span> <span class='ocrx_word' id='word_1_697' title='bbox 3529 3464 3637 3515; x_wconf 86' lang='grc' dir='ltr'><strong>τῶν</strong></span> <span class='ocrx_word' id='word_1_698' title='bbox 3679 3464 4035 3534; x_wconf 76' lang='grc' dir='ltr'>ὑπαρχόντων</span> 
     </span>
    </p>
   </div>
   <div class='ocr_carea' id='block_1_98' title="bbox 2471 3556 4037 3628">
    <p class='ocr_par' dir='ltr' id='par_1_98' title="bbox 2471 3556 4037 3628">
     <span class='ocr_line' id='line_1_98' title="bbox 2471 3556 4037 3628; baseline -0.001 -15"><span class='ocrx_word' id='word_1_699' title='bbox 2471 3558 2733 3628; x_wconf 82' lang='grc' dir='ltr'>ἐγύμνου,</span> <span class='ocrx_word' id='word_1_700' title='bbox 2780 3559 2875 3610; x_wconf 74' lang='grc' dir='ltr'><strong>καὶ</strong></span> <span class='ocrx_word' id='word_1_701' title='bbox 2918 3557 3325 3621; x_wconf 83' lang='grc' dir='ltr'>διεπυνθάνετο,</span> <span class='ocrx_word' id='word_1_702' title='bbox 3370 3556 3473 3608; x_wconf 77' lang='grc' dir='ltr'>ποῦ</span> <span class='ocrx_word' id='word_1_703' title='bbox 3510 3556 3577 3609; x_wconf 78' lang='grc' dir='ltr'>ἂν</span> <span class='ocrx_word' id='word_1_704' title='bbox 3631 3556 3721 3625; x_wconf 82' lang='grc' dir='ltr'><strong>εῐη</strong></span> <span class='ocrx_word' id='word_1_705' title='bbox 3765 3558 3981 3619; x_wconf 69' lang='grc' dir='ltr'>Παῦλος</span> <span class='ocrx_word' id='word_1_706' title='bbox 4012 3559 4037 3611; x_wconf 80' lang='grc' dir='ltr'><strong>δ</strong></span> 
     </span>
    </p>
   </div>
   <div class='ocr_carea' id='block_1_99' title="bbox 2467 3649 4037 3721">
    <p class='ocr_par' dir='ltr' id='par_1_99' title="bbox 2467 3649 4037 3721">
     <span class='ocr_line' id='line_1_99' title="bbox 2467 3649 4037 3721; baseline -0.003 -17"><span class='ocrx_word' id='word_1_707' title='bbox 2467 3652 2671 3704; x_wconf 83' lang='grc' dir='ltr'>τούτων</span> <span class='ocrx_word' id='word_1_708' title='bbox 2722 3651 3044 3712; x_wconf 85' lang='grc' dir='ltr'>ἐπίσκοπος.</span> <span class='ocrx_word' id='word_1_709' title='bbox 3080 3650 3169 3710; x_wconf 81' lang='grc' dir='ltr'>Ὠς</span> <span class='ocrx_word' id='word_1_710' title='bbox 3200 3649 3256 3701; x_wconf 85' lang='grc' dir='ltr'><strong>δέ</strong></span> <span class='ocrx_word' id='word_1_711' title='bbox 3297 3649 3547 3701; x_wconf 83' lang='grc' dir='ltr'>τεθνάναι</span> <span class='ocrx_word' id='word_1_712' title='bbox 3579 3649 3845 3721; x_wconf 86' lang='grc' dir='ltr'>δεύτερον</span> <span class='ocrx_word' id='word_1_713' title='bbox 3882 3652 4037 3703; x_wconf 69' lang='grc' dir='ltr'>αὑτὸν</span> 
     </span>
    </p>
   </div>
   <div class='ocr_carea' id='block_1_100' title="bbox 2469 3742 4039 3815">
    <p class='ocr_par' dir='ltr' id='par_1_100' title="bbox 2469 3742 4039 3815">
     <span class='ocr_line' id='line_1_100' title="bbox 2469 3742 4039 3815; baseline -0.001 -19"><span class='ocrx_word' id='word_1_714' title='bbox 2469 3745 2572 3815; x_wconf 64' lang='grc' dir='ltr'>ήδη</span> <span class='ocrx_word' id='word_1_715' title='bbox 2629 3745 2822 3813; x_wconf 83' lang='grc' dir='ltr'>χρόνον</span> <span class='ocrx_word' id='word_1_716' title='bbox 2876 3743 3169 3813; x_wconf 76' lang='grc' dir='ltr'>ἐμάνθανε,</span> <span class='ocrx_word' id='word_1_717' title='bbox 3220 3742 3295 3811; x_wconf 84' lang='grc' dir='ltr'>μὴ</span> <span class='ocrx_word' id='word_1_718' title='bbox 3342 3742 3481 3809; x_wconf 76' lang='grc' dir='ltr'>ἔχων</span> <span class='ocrx_word' id='word_1_719' title='bbox 3534 3742 3670 3793; x_wconf 77' lang='grc' dir='ltr'>ὅπου</span> <span class='ocrx_word' id='word_1_720' title='bbox 3725 3760 3830 3812; x_wconf 72' lang='grc' dir='ltr'><strong>την</strong></span> <span class='ocrx_word' id='word_1_721' title='bbox 3876 3743 4039 3813; x_wconf 72' lang='grc' dir='ltr'>ὀργὴν</span> 
     </span>
    </p>
   </div>
   <div class='ocr_carea' id='block_1_101' title="bbox 2470 3830 4039 3903">
    <p class='ocr_par' dir='ltr' id='par_1_101' title="bbox 2470 3830 4039 3903">
     <span class='ocr_line' id='line_1_101' title="bbox 2470 3830 4039 3903; baseline -0.001 -19"><span class='ocrx_word' id='word_1_722' title='bbox 2470 3835 2653 3903; x_wconf 80' lang='grc' dir='ltr'>ἐπαφῇ</span> <span class='ocrx_word' id='word_1_723' title='bbox 2695 3832 2830 3902; x_wconf 80' lang='grc' dir='ltr'>πρὸς</span> <span class='ocrx_word' id='word_1_724' title='bbox 2859 3833 2957 3901; x_wconf 74' lang='grc' dir='ltr'>τὴν</span> <span class='ocrx_word' id='word_1_725' title='bbox 3004 3833 3151 3882; x_wconf 86' lang='grc' dir='ltr'>κόνιν</span> <span class='ocrx_word' id='word_1_726' title='bbox 3196 3830 3415 3899; x_wconf 81' lang='grc' dir='ltr'>ἐχώρει,</span> <span class='ocrx_word' id='word_1_727' title='bbox 3448 3830 3543 3882; x_wconf 79' lang='grc' dir='ltr'>καὶ</span> <span class='ocrx_word' id='word_1_728' title='bbox 3593 3831 3929 3900; x_wconf 75' lang='grc' dir='ltr'>ἀνορύττειν</span> <span class='ocrx_word' id='word_1_729' title='bbox 3956 3835 4039 3883; x_wconf 66' lang='grc' dir='ltr'><strong>τὸν</strong></span> 
     </span>
    </p>
   </div>
   <div class='ocr_carea' id='block_1_102' title="bbox 2468 3921 4042 3992">
    <p class='ocr_par' dir='ltr' id='par_1_102' title="bbox 2468 3921 4042 3992">
     <span class='ocr_line' id='line_1_102' title="bbox 2468 3921 4042 3992; baseline 0.001 -18"><span class='ocrx_word' id='word_1_730' title='bbox 2468 3924 2639 3991; x_wconf 84' lang='grc' dir='ltr'>τάφον</span> <span class='ocrx_word' id='word_1_731' title='bbox 2679 3922 3038 3992; x_wconf 85' lang='grc' dir='ltr'>προσέταττε,</span> <span class='ocrx_word' id='word_1_732' title='bbox 3085 3921 3180 3973; x_wconf 73' lang='grc' dir='ltr'>καὶ</span> <span class='ocrx_word' id='word_1_733' title='bbox 3224 3922 3315 3975; x_wconf 81' lang='grc' dir='ltr'><strong>τὸν</strong></span> <span class='ocrx_word' id='word_1_734' title='bbox 3344 3921 3553 3974; x_wconf 81' lang='grc' dir='ltr'>ἐκείνου</span> <span class='ocrx_word' id='word_1_735' title='bbox 3615 3924 3822 3992; x_wconf 66' lang='grc' dir='ltr'>νεκρὸν</span> <span class='ocrx_word' id='word_1_736' title='bbox 3886 3941 4042 3975; x_wconf 82' lang='grc' dir='ltr'>κατα-</span> 
     </span>
    </p>
   </div>
   <div class='ocr_carea' id='block_1_103' title="bbox 2470 4010 4042 4081">
    <p class='ocr_par' dir='ltr' id='par_1_103' title="bbox 2470 4010 4042 4081">
     <span class='ocr_line' id='line_1_103' title="bbox 2470 4010 4042 4081; baseline -0.003 -16"><span class='ocrx_word' id='word_1_737' title='bbox 2470 4013 2746 4074; x_wconf 83' lang='grc' dir='ltr'>καίοντας,</span> <span class='ocrx_word' id='word_1_738' title='bbox 2781 4013 2861 4074; x_wconf 88' lang='grc' dir='ltr'>εἰς</span> <span class='ocrx_word' id='word_1_739' title='bbox 2890 4012 3027 4081; x_wconf 88' lang='grc' dir='ltr'>ἀέρα</span> <span class='ocrx_word' id='word_1_740' title='bbox 3056 4010 3278 4078; x_wconf 84' lang='grc' dir='ltr'>λικμᾷν.</span> <span class='ocrx_word' id='word_1_741' title='bbox 3302 4011 3560 4077; x_wconf 77' lang='grc' dir='ltr'>Εὑρίσκει</span> <span class='ocrx_word' id='word_1_742' title='bbox 3589 4015 3685 4063; x_wconf 66' lang='lat' dir='ltr'><strong>atati.</strong></span> <span class='ocrx_word' id='word_1_743' title='bbox 3720 4012 3901 4080; x_wconf 79' lang='grc' dir='ltr'>ἄλλην</span> <span class='ocrx_word' id='word_1_744' title='bbox 3930 4013 4042 4063; x_wconf 80' lang='grc' dir='ltr'>ἐπί-</span> 
     </span>
    </p>
   </div>
   <div class='ocr_carea' id='block_1_104' title="bbox 2469 4097 4043 4173">
    <p class='ocr_par' dir='ltr' id='par_1_104' title="bbox 2469 4097 4043 4173">
     <span class='ocr_line' id='line_1_104' title="bbox 2469 4097 4043 4173; baseline -0.003 -18"><span class='ocrx_word' id='word_1_745' title='bbox 2469 4121 2616 4156; x_wconf 90' lang='grc' dir='ltr'>νοιαν</span> <span class='ocrx_word' id='word_1_746' title='bbox 2642 4105 2672 4173; x_wconf 77' lang='grc' dir='ltr'>ὴ</span> <span class='ocrx_word' id='word_1_747' title='bbox 2702 4101 2984 4172; x_wconf 82' lang='grc' dir='ltr'>μανιώδης</span> <span class='ocrx_word' id='word_1_748' title='bbox 3010 4098 3176 4169; x_wconf 77' lang='grc' dir='ltr'>ψυχὴ,</span> <span class='ocrx_word' id='word_1_749' title='bbox 3204 4099 3298 4151; x_wconf 72' lang='grc' dir='ltr'><strong>καὶ</strong></span> <span class='ocrx_word' id='word_1_750' title='bbox 3324 4098 3385 4152; x_wconf 79' lang='grc' dir='ltr'><strong>οὐ</strong></span> <span class='ocrx_word' id='word_1_751' title='bbox 3408 4097 3682 4166; x_wconf 82' lang='grc' dir='ltr'>λαμόάνει</span> <span class='ocrx_word' id='word_1_752' title='bbox 3717 4100 3889 4167; x_wconf 81' lang='grc' dir='ltr'>κόρον</span> <span class='ocrx_word' id='word_1_753' title='bbox 3911 4100 4043 4151; x_wconf 83' lang='grc' dir='ltr'><strong>κατά</strong></span> 
     </span>
    </p>
   </div>
   <div class='ocr_carea' id='block_1_105' title="bbox 2469 4188 4042 4262">
    <p class='ocr_par' dir='ltr' id='par_1_105' title="bbox 2469 4188 4042 4262">
     <span class='ocr_line' id='line_1_105' title="bbox 2469 4188 4042 4262; baseline -0.003 -16"><span class='ocrx_word' id='word_1_754' title='bbox 2469 4193 2810 4262; x_wconf 83' lang='grc' dir='ltr'>Χριστιανῶν</span> <span class='ocrx_word' id='word_1_755' title='bbox 2871 4191 3019 4244; x_wconf 89' lang='grc' dir='ltr'><strong>κακά</strong></span> <span class='ocrx_word' id='word_1_756' title='bbox 3070 4189 3455 4243; x_wconf 86' lang='grc' dir='ltr'>τεκταίνουσα·</span> <span class='ocrx_word' id='word_1_757' title='bbox 3513 4188 3649 4243; x_wconf 81' lang='grc' dir='ltr'><strong>ἀλλά</strong></span> <span class='ocrx_word' id='word_1_758' title='bbox 3704 4192 3899 4260; x_wconf 84' lang='grc' dir='ltr'>πυράν</span> <span class='ocrx_word' id='word_1_759' title='bbox 3953 4192 4042 4259; x_wconf 70' lang='grc' dir='ltr'><strong>ὕλῃ</strong></span> 
     </span>
    </p>
   </div>
   <div class='ocr_carea' id='block_1_106' title="bbox 2471 4283 4043 4354">
    <p class='ocr_par' dir='ltr' id='par_1_106' title="bbox 2471 4283 4043 4354">
     <span class='ocr_line' id='line_1_106' title="bbox 2471 4283 4043 4354; baseline 0 -19"><span class='ocrx_word' id='word_1_760' title='bbox 2471 4286 2639 4354; x_wconf 74' lang='grc' dir='ltr'>πολλῇ</span> <span class='ocrx_word' id='word_1_761' title='bbox 2684 4285 3049 4353; x_wconf 84' lang='grc' dir='ltr'>τρεφομένην,</span> <span class='ocrx_word' id='word_1_762' title='bbox 3092 4283 3402 4335; x_wconf 81' lang='grc' dir='ltr'>ἀνακαῦσαι</span> <span class='ocrx_word' id='word_1_763' title='bbox 3430 4283 3668 4343; x_wconf 81' lang='grc' dir='ltr'>κελεύει,</span> <span class='ocrx_word' id='word_1_764' title='bbox 3725 4287 3828 4335; x_wconf 77' lang='grc' dir='ltr'><strong>καὶ</strong></span> <span class='ocrx_word' id='word_1_765' title='bbox 3878 4301 4043 4351; x_wconf 77' lang='grc' dir='ltr'>παρα·</span> 
     </span>
    </p>
   </div>
   <div class='ocr_carea' id='block_1_107' title="bbox 2476 4371 4043 4446">
    <p class='ocr_par' dir='ltr' id='par_1_107' title="bbox 2476 4371 4043 4446">
     <span class='ocr_line' id='line_1_107' title="bbox 2476 4371 4043 4446; baseline -0.003 -19"><span class='ocrx_word' id='word_1_766' title='bbox 2476 4376 2665 4446; x_wconf 81' lang='grc' dir='ltr'>χρῆμα</span> <span class='ocrx_word' id='word_1_767' title='bbox 2704 4376 2830 4436; x_wconf 77' lang='grc' dir='ltr'>τούς</span> <span class='ocrx_word' id='word_1_768' title='bbox 2860 4390 2920 4427; x_wconf 89' lang='grc' dir='ltr'><strong>τε</strong></span> <span class='ocrx_word' id='word_1_769' title='bbox 2968 4374 3067 4441; x_wconf 81' lang='grc' dir='ltr'>τῆς</span> <span class='ocrx_word' id='word_1_770' title='bbox 3115 4372 3320 4435; x_wconf 82' lang='grc' dir='ltr'>πόλεως</span> <span class='ocrx_word' id='word_1_771' title='bbox 3365 4371 3461 4423; x_wconf 82' lang='grc' dir='ltr'>καὶ</span> <span class='ocrx_word' id='word_1_772' title='bbox 3491 4372 3845 4441; x_wconf 85' lang='grc' dir='ltr'>περιοικίδας</span> <span class='ocrx_word' id='word_1_773' title='bbox 3886 4376 4043 4442; x_wconf 72' lang='grc' dir='ltr'>ἱερεῖς</span> 
     </span>
    </p>
   </div>
   <div class='ocr_carea' id='block_1_108' title="bbox 2479 4462 4044 4537">
    <p class='ocr_par' dir='ltr' id='par_1_108' title="bbox 2479 4462 4044 4537">
     <span class='ocr_line' id='line_1_108' title="bbox 2479 4462 4044 4537; baseline -0.004 -16"><span class='ocrx_word' id='word_1_774' title='bbox 2479 4472 2576 4522; x_wconf 75' lang='grc' dir='ltr'><strong>καὶ</strong></span> <span class='ocrx_word' id='word_1_775' title='bbox 2609 4467 2958 4537; x_wconf 81' lang='grc' dir='ltr'>μονάζοντας,</span> <span class='ocrx_word' id='word_1_776' title='bbox 2995 4465 3087 4527; x_wconf 83' lang='grc' dir='ltr'>τὰς</span> <span class='ocrx_word' id='word_1_777' title='bbox 3120 4462 3198 4533; x_wconf 85' lang='grc' dir='ltr'><strong>τῷ</strong></span> <span class='ocrx_word' id='word_1_778' title='bbox 3224 4462 3343 4532; x_wconf 84' lang='grc' dir='ltr'><strong>Θεῷ</strong></span> <span class='ocrx_word' id='word_1_779' title='bbox 3375 4462 3682 4533; x_wconf 80' lang='grc' dir='ltr'>ἱερωμένας</span> <span class='ocrx_word' id='word_1_780' title='bbox 3712 4464 4044 4531; x_wconf 76' lang='grc' dir='ltr'>παρθένους,</span> 
     </span>
    </p>
   </div>
   <div class='ocr_carea' id='block_1_109' title="bbox 2478 4553 4046 4631">
    <p class='ocr_par' dir='ltr' id='par_1_109' title="bbox 2478 4553 4046 4631">
     <span class='ocr_line' id='line_1_109' title="bbox 2478 4553 4046 4631; baseline -0.006 -18"><span class='ocrx_word' id='word_1_781' title='bbox 2478 4561 2615 4631; x_wconf 84' lang='grc' dir='ltr'>πρὸς</span> <span class='ocrx_word' id='word_1_782' title='bbox 2650 4559 2705 4611; x_wconf 81' lang='grc' dir='ltr'>δὲ</span> <span class='ocrx_word' id='word_1_783' title='bbox 2744 4559 2838 4611; x_wconf 84' lang='grc' dir='ltr'>καὶ</span> <span class='ocrx_word' id='word_1_784' title='bbox 2884 4558 3173 4625; x_wconf 82' lang='grc' dir='ltr'>γυναῖκας,</span> <span class='ocrx_word' id='word_1_785' title='bbox 3209 4555 3330 4608; x_wconf 84' lang='grc' dir='ltr'>ὅσαι</span> <span class='ocrx_word' id='word_1_786' title='bbox 3359 4555 3451 4606; x_wconf 76' lang='grc' dir='ltr'><strong>τὸν</strong></span> <span class='ocrx_word' id='word_1_787' title='bbox 3492 4553 3804 4621; x_wconf 71' lang='grc' dir='ltr'>ἀσκητικὸν</span> <span class='ocrx_word' id='word_1_788' title='bbox 3846 4555 4046 4606; x_wconf 58' lang='lat' dir='ltr'><strong>cam-.0</strong></span> 
     </span>
    </p>
   </div>
   <div class='ocr_carea' id='block_1_110' title="bbox 2479 4640 4045 4723">
    <p class='ocr_par' dir='ltr' id='par_1_110' title="bbox 2479 4640 4045 4723">
     <span class='ocr_line' id='line_1_110' title="bbox 2479 4640 4045 4723; baseline -0.006 -18"><span class='ocrx_word' id='word_1_789' title='bbox 2479 4654 2612 4723; x_wconf 83' lang='grc' dir='ltr'>βίον,</span> <span class='ocrx_word' id='word_1_790' title='bbox 2647 4651 2876 4721; x_wconf 82' lang='grc' dir='ltr'>ἀθρόους</span> <span class='ocrx_word' id='word_1_791' title='bbox 2897 4647 3032 4719; x_wconf 79' lang='grc' dir='ltr'>ὁμοῦ</span> <span class='ocrx_word' id='word_1_792' title='bbox 3064 4646 3270 4707; x_wconf 85' lang='grc' dir='ltr'>πάντας</span> <span class='ocrx_word' id='word_1_793' title='bbox 3303 4647 3363 4696; x_wconf 86' lang='grc' dir='ltr'><strong>ἐν</strong></span> <span class='ocrx_word' id='word_1_794' title='bbox 3390 4644 3528 4713; x_wconf 76' lang='grc' dir='ltr'>αὐτῇ</span> <span class='ocrx_word' id='word_1_795' title='bbox 3559 4645 3857 4721; x_wconf 69' lang='grc' dir='ltr'>ἐμϐαλεῖν.</span> <span class='ocrx_word' id='word_1_796' title='bbox 3894 4640 4045 4699; x_wconf 74' lang='grc' dir='ltr'>Οὗτοι</span> 
     </span>
    </p>
   </div>
   <div class='ocr_carea' id='block_1_111' title="bbox 2478 4737 4046 4815">
    <p class='ocr_par' dir='ltr' id='par_1_111' title="bbox 2478 4737 4046 4815">
     <span class='ocr_line' id='line_1_111' title="bbox 2478 4737 4046 4815; baseline -0.007 -17"><span class='ocrx_word' id='word_1_797' title='bbox 2478 4759 2609 4815; x_wconf 78' lang='grc' dir='ltr'>γαρ,</span> <span class='ocrx_word' id='word_1_798' title='bbox 2666 4744 2851 4811; x_wconf 67' lang='grc' dir='ltr'>φησιν,</span> <span class='ocrx_word' id='word_1_799' title='bbox 2888 4740 3131 4810; x_wconf 82' lang='grc' dir='ltr'>ἀτεχνῶς</span> <span class='ocrx_word' id='word_1_800' title='bbox 3179 4739 3341 4791; x_wconf 76' lang='grc' dir='ltr'>αἴτιοι</span> <span class='ocrx_word' id='word_1_801' title='bbox 3369 4738 3468 4806; x_wconf 82' lang='grc' dir='ltr'>τῆς</span> <span class='ocrx_word' id='word_1_802' title='bbox 3500 4737 3607 4788; x_wconf 86' lang='grc' dir='ltr'><strong>τῶν</strong></span> <span class='ocrx_word' id='word_1_803' title='bbox 3657 4738 3851 4789; x_wconf 73' lang='grc' dir='ltr'><strong>ἄλλων</strong></span> <span class='ocrx_word' id='word_1_804' title='bbox 3902 4740 4046 4789; x_wconf 83' lang='grc' dir='ltr'>ἀπω-</span> 
     </span>
    </p>
   </div>
   <div class='ocr_carea' id='block_1_112' title="bbox 2478 4828 4045 4903">
    <p class='ocr_par' dir='ltr' id='par_1_112' title="bbox 2478 4828 4045 4903">
     <span class='ocr_line' id='line_1_112' title="bbox 2478 4828 4045 4903; baseline -0.008 -12"><span class='ocrx_word' id='word_1_805' title='bbox 2478 4840 2650 4900; x_wconf 82' lang='grc' dir='ltr'>λείας,</span> <span class='ocrx_word' id='word_1_806' title='bbox 2682 4834 3073 4895; x_wconf 81' lang='grc' dir='ltr'>ἀναπείθοντες</span> <span class='ocrx_word' id='word_1_807' title='bbox 3097 4830 3457 4903; x_wconf 70' lang='grc' dir='ltr'>προσανέχειν</span> <span class='ocrx_word' id='word_1_808' title='bbox 3482 4829 3555 4890; x_wconf 82' lang='grc' dir='ltr'>ὼς</span> <span class='ocrx_word' id='word_1_809' title='bbox 3593 4828 3705 4898; x_wconf 85' lang='grc' dir='ltr'>θεῷ</span> <span class='ocrx_word' id='word_1_810' title='bbox 3741 4831 3826 4899; x_wconf 82' lang='grc' dir='ltr'>τῷ</span> <span class='ocrx_word' id='word_1_811' title='bbox 3859 4832 4045 4882; x_wconf 78' lang='grc' dir='ltr'>ἐσταυ-</span> 
     </span>
    </p>
   </div>
   <div class='ocr_carea' id='block_1_113' title="bbox 2480 4922 4046 5002">
    <p class='ocr_par' dir='ltr' id='par_1_113' title="bbox 2480 4922 4046 5002">
     <span class='ocr_line' id='line_1_113' title="bbox 2480 4922 4046 5002; baseline -0.006 -19"><span class='ocrx_word' id='word_1_812' title='bbox 2480 4936 2727 5002; x_wconf 82' lang='grc' dir='ltr'>ρωμένῳ.</span> <span class='ocrx_word' id='word_1_813' title='bbox 2774 4927 2906 4980; x_wconf 82' lang='grc' dir='ltr'>Ειτα</span> <span class='ocrx_word' id='word_1_814' title='bbox 2949 4925 3202 4993; x_wconf 88' lang='grc' dir='ltr'>καθάπερ</span> <span class='ocrx_word' id='word_1_815' title='bbox 3242 4924 3343 4977; x_wconf 80' lang='grc' dir='ltr'><strong>οὐκ</strong></span> <span class='ocrx_word' id='word_1_816' title='bbox 3391 4922 3701 4991; x_wconf 72' lang='grc' dir='ltr'>ἀρκοῦντος</span> <span class='ocrx_word' id='word_1_817' title='bbox 3749 4922 3853 4974; x_wconf 82' lang='grc' dir='ltr'>τοῦ</span> <span class='ocrx_word' id='word_1_818' title='bbox 3907 4938 4046 4992; x_wconf 67' lang='grc' dir='ltr'>γενο-</span> 
     </span>
    </p>
   </div>
   <div class='ocr_carea' id='block_1_114' title="bbox 2484 5013 4042 5088">
    <p class='ocr_par' dir='ltr' id='par_1_114' title="bbox 2484 5013 4042 5088">
     <span class='ocr_line' id='line_1_114' title="bbox 2484 5013 4042 5088; baseline -0.005 -17"><span class='ocrx_word' id='word_1_819' title='bbox 2484 5023 2645 5088; x_wconf 84' lang='grc' dir='ltr'>μένου</span> <span class='ocrx_word' id='word_1_820' title='bbox 2673 5015 3058 5086; x_wconf 79' lang='grc' dir='ltr'>ἀπαράμιλ).ον</span> <span class='ocrx_word' id='word_1_821' title='bbox 3084 5013 3249 5066; x_wconf 80' lang='grc' dir='ltr'>αὐτοῦ</span> <span class='ocrx_word' id='word_1_822' title='bbox 3277 5013 3557 5077; x_wconf 83' lang='grc' dir='ltr'>ἀποδεῖξαι</span> <span class='ocrx_word' id='word_1_823' title='bbox 3582 5013 3685 5082; x_wconf 79' lang='grc' dir='ltr'><strong>τὴν</strong></span> <span class='ocrx_word' id='word_1_824' title='bbox 3710 5014 4042 5083; x_wconf 64' lang='grc' dir='ltr'>μοχθηρίαν</span> 
     </span>
    </p>
   </div>
   <div class='ocr_carea' id='block_1_115' title="bbox 2482 5104 4044 5176">
    <p class='ocr_par' dir='ltr' id='par_1_115' title="bbox 2482 5104 4044 5176">
     <span class='ocr_line' id='line_1_115' title="bbox 2482 5104 4044 5176; baseline -0.005 -15"><span class='ocrx_word' id='word_1_825' title='bbox 2482 5111 2566 5162; x_wconf 83' lang='grc' dir='ltr'>ἴνα</span> <span class='ocrx_word' id='word_1_826' title='bbox 2605 5110 2707 5161; x_wconf 72' lang='grc' dir='ltr'>κᾶν</span> <span class='ocrx_word' id='word_1_827' title='bbox 2736 5107 2867 5176; x_wconf 82' lang='grc' dir='ltr'>γοῦν</span> <span class='ocrx_word' id='word_1_828' title='bbox 2896 5104 3021 5167; x_wconf 67' lang='grc' dir='ltr'>τοὺς,</span> <span class='ocrx_word' id='word_1_829' title='bbox 3050 5104 3242 5166; x_wconf 76' lang='grc' dir='ltr'>ἄλλους</span> <span class='ocrx_word' id='word_1_830' title='bbox 3275 5104 3698 5171; x_wconf 78' lang='grc' dir='ltr'>ὑποποιήσαιτο.</span> <span class='ocrx_word' id='word_1_831' title='bbox 3743 5104 3808 5156; x_wconf 84' lang='grc' dir='ltr'>Ὀ</span> <span class='ocrx_word' id='word_1_832' title='bbox 3846 5104 3927 5167; x_wconf 81' lang='grc' dir='ltr'><strong>δὲ,</strong></span> <span class='ocrx_word' id='word_1_833' title='bbox 3963 5108 4044 5155; x_wconf 75' lang='grc' dir='ltr'>καὶ</span> 
     </span>
    </p>
   </div>
   <div class='ocr_carea' id='block_1_116' title="bbox 2482 5194 4043 5271">
    <p class='ocr_par' dir='ltr' id='par_1_116' title="bbox 2482 5194 4043 5271">
     <span class='ocr_line' id='line_1_116' title="bbox 2482 5194 4043 5271; baseline -0.007 -17"><span class='ocrx_word' id='word_1_834' title='bbox 2482 5200 2971 5271; x_wconf 73' lang='grc' dir='ltr'>προσαγωνίζεται,</span> <span class='ocrx_word' id='word_1_835' title='bbox 3018 5197 3115 5249; x_wconf 74' lang='grc' dir='ltr'>καὶ</span> <span class='ocrx_word' id='word_1_836' title='bbox 3166 5197 3415 5265; x_wconf 82' lang='grc' dir='ltr'>κήρυκας</span> <span class='ocrx_word' id='word_1_837' title='bbox 3461 5194 3567 5246; x_wconf 86' lang='grc' dir='ltr'><strong>άνά</strong></span> <span class='ocrx_word' id='word_1_838' title='bbox 3606 5195 3711 5263; x_wconf 78' lang='grc' dir='ltr'>τὴν</span> <span class='ocrx_word' id='word_1_839' title='bbox 3757 5198 3919 5248; x_wconf 80' lang='grc' dir='ltr'>πόλιν</span> <span class='ocrx_word' id='word_1_840' title='bbox 3964 5212 4043 5247; x_wconf 79' lang='grc' dir='ltr'><strong>και</strong></span> 
     </span>
    </p>
   </div>
   <div class='ocr_carea' id='block_1_117' title="bbox 2483 5283 4043 5363">
    <p class='ocr_par' dir='ltr' id='par_1_117' title="bbox 2483 5283 4043 5363">
     <span class='ocr_line' id='line_1_117' title="bbox 2483 5283 4043 5363; baseline -0.008 -17"><span class='ocrx_word' id='word_1_841' title='bbox 2483 5296 2578 5363; x_wconf 83' lang='grc' dir='ltr'>τὴν</span> <span class='ocrx_word' id='word_1_842' title='bbox 2612 5294 2794 5361; x_wconf 85' lang='grc' dir='ltr'>χώραν</span> <span class='ocrx_word' id='word_1_843' title='bbox 2824 5288 3040 5342; x_wconf 77' lang='grc' dir='ltr'>ἐκέλευε</span> <span class='ocrx_word' id='word_1_844' title='bbox 3071 5285 3328 5351; x_wconf 86' lang='grc' dir='ltr'>ὅιαθέειν,</span> <span class='ocrx_word' id='word_1_845' title='bbox 3376 5283 3725 5352; x_wconf 69' lang='grc' dir='ltr'>ἐμϐοῶντας,</span> <span class='ocrx_word' id='word_1_846' title='bbox 3782 5288 4043 5354; x_wconf 80' lang='grc' dir='ltr'>ἀπαρνου-</span> 
     </span>
    </p>
   </div>
   <div class='ocr_carea' id='block_1_118' title="bbox 2488 5376 4042 5453">
    <p class='ocr_par' dir='ltr' id='par_1_118' title="bbox 2488 5376 4042 5453">
     <span class='ocr_line' id='line_1_118' title="bbox 2488 5376 4042 5453; baseline -0.005 -18"><span class='ocrx_word' id='word_1_847' title='bbox 2488 5386 2679 5453; x_wconf 85' lang='grc' dir='ltr'>μένους</span> <span class='ocrx_word' id='word_1_848' title='bbox 2705 5383 2795 5434; x_wconf 69' lang='grc' dir='ltr'>τὸν</span> <span class='ocrx_word' id='word_1_849' title='bbox 2838 5379 3072 5449; x_wconf 79' lang='grc' dir='ltr'>Χριστὸν</span> <span class='ocrx_word' id='word_1_850' title='bbox 3117 5379 3217 5447; x_wconf 71' lang='grc' dir='ltr'><strong>ζῇν</strong></span> <span class='ocrx_word' id='word_1_851' title='bbox 3256 5376 3569 5440; x_wconf 77' lang='grc' dir='ltr'>ίουδαϊκῶς,</span> <span class='ocrx_word' id='word_1_852' title='bbox 3603 5377 3679 5429; x_wconf 81' lang='grc' dir='ltr'><strong>τά</strong></span> <span class='ocrx_word' id='word_1_853' title='bbox 3725 5379 3871 5430; x_wconf 74' lang='grc' dir='ltr'>αὐτά</span> <span class='ocrx_word' id='word_1_854' title='bbox 3928 5389 4042 5444; x_wconf 53' lang='grc' dir='ltr'>φρ*-</span> 
     </span>
    </p>
   </div>
   <div class='ocr_carea' id='block_1_119' title="bbox 2486 5474 3077 5543">
    <p class='ocr_par' dir='ltr' id='par_1_119' title="bbox 2486 5474 3077 5543">
     <span class='ocr_line' id='line_1_119' title="bbox 2486 5474 3077 5543; baseline -0.005 -15"><span class='ocrx_word' id='word_1_855' title='bbox 2486 5478 2710 5538; x_wconf 76' lang='grc' dir='ltr'>νοῦντας</span> <span class='ocrx_word' id='word_1_856' title='bbox 2742 5474 2817 5543; x_wconf 85' lang='grc' dir='ltr'><strong>τῷ</strong></span> <span class='ocrx_word' id='word_1_857' title='bbox 2850 5474 2915 5543; x_wconf 88' lang='grc' dir='ltr'><strong>βα</strong></span> <span class='ocrx_word' id='word_1_858' title='bbox 2925 5474 3077 5525; x_wconf 80' lang='grc' dir='ltr'>σιλεῖ.</span> 
     </span>
    </p>
   </div>
   <div class='ocr_carea' id='block_1_120' title="bbox 2556 5562 4040 5637">
    <p class='ocr_par' dir='ltr' id='par_1_120' title="bbox 2556 5562 4040 5637">
     <span class='ocr_line' id='line_1_120' title="bbox 2556 5562 4040 5637; baseline -0.007 -15"><span class='ocrx_word' id='word_1_859' title='bbox 2556 5571 2636 5624; x_wconf 76' lang='lat' dir='ltr'><strong>ll&#39;.</strong></span> <span class='ocrx_word' id='word_1_860' title='bbox 2671 5571 2837 5631; x_wconf 76' lang='grc' dir='ltr'>Αὐτὸς</span> <span class='ocrx_word' id='word_1_861' title='bbox 2878 5570 2933 5621; x_wconf 75' lang='grc' dir='ltr'>δὲ</span> <span class='ocrx_word' id='word_1_862' title='bbox 2978 5566 3251 5637; x_wconf 78' lang='grc' dir='ltr'>βασιλεὺς,</span> <span class='ocrx_word' id='word_1_863' title='bbox 3314 5567 3427 5627; x_wconf 86' lang='grc' dir='ltr'>τοῖς</span> <span class='ocrx_word' id='word_1_864' title='bbox 3487 5566 3624 5633; x_wconf 72' lang='grc' dir='ltr'>περὶ</span> <span class='ocrx_word' id='word_1_865' title='bbox 3700 5562 3936 5633; x_wconf 79' lang='grc' dir='ltr'>Ἀρέθαν</span> <span class='ocrx_word' id='word_1_866' title='bbox 3985 5562 4040 5612; x_wconf 75' lang='grc' dir='ltr'>τὲι</span> 
     </span>
    </p>
   </div>
   <div class='ocr_carea' id='block_1_121' title="bbox 2487 5656 4039 5729">
    <p class='ocr_par' dir='ltr' id='par_1_121' title="bbox 2487 5656 4039 5729">
     <span class='ocr_line' id='line_1_121' title="bbox 2487 5656 4039 5729; baseline -0.005 -14"><span class='ocrx_word' id='word_1_867' title='bbox 2487 5664 2646 5715; x_wconf 68' lang='grc' dir='ltr'>ὅμοια</span> <span class='ocrx_word' id='word_1_868' title='bbox 2682 5662 3054 5724; x_wconf 77' lang='grc' dir='ltr'>συνεόού).ευε,</span> <span class='ocrx_word' id='word_1_869' title='bbox 3088 5656 3401 5729; x_wconf 73' lang='grc' dir='ltr'>προστιθεὶς</span> <span class='ocrx_word' id='word_1_870' title='bbox 3427 5659 3507 5710; x_wconf 82' lang='grc' dir='ltr'>ὅτι</span> <span class='ocrx_word' id='word_1_871' title='bbox 3549 5660 3647 5709; x_wconf 81' lang='grc' dir='ltr'>καί</span> <span class='ocrx_word' id='word_1_872' title='bbox 3710 5658 3868 5708; x_wconf 49' lang='grc' dir='ltr'><strong>αὐτοὶ⁵</strong></span> <span class='ocrx_word' id='word_1_873' title='bbox 3896 5656 4039 5725; x_wconf 55' lang='lat' dir='ltr'><strong>Ervu-</strong></span> 
     </span>
    </p>
   </div>
   <div class='ocr_carea' id='block_1_122' title="bbox 2491 5747 4037 5821">
    <p class='ocr_par' dir='ltr' id='par_1_122' title="bbox 2491 5747 4037 5821">
     <span class='ocr_line' id='line_1_122' title="bbox 2491 5747 4037 5821; baseline -0.003 -17"><span class='ocrx_word' id='word_1_874' title='bbox 2491 5772 2587 5808; x_wconf 86' lang='grc' dir='ltr'><strong>σαν</strong></span> <span class='ocrx_word' id='word_1_875' title='bbox 2648 5752 2909 5821; x_wconf 81' lang='grc' dir='ltr'>Ῥωμαῖοι</span> <span class='ocrx_word' id='word_1_876' title='bbox 2989 5750 3270 5821; x_wconf 79' lang='grc' dir='ltr'>ἄνθρωπον</span> <span class='ocrx_word' id='word_1_877' title='bbox 3318 5747 3646 5815; x_wconf 78' lang='grc' dir='ltr'>ἐσταυρωκὲ</span> <span class='ocrx_word' id='word_1_878' title='bbox 3686 5766 3744 5801; x_wconf 88' lang='grc' dir='ltr'><strong>αι</strong></span> <span class='ocrx_word' id='word_1_879' title='bbox 3791 5749 3915 5812; x_wconf 79' lang='grc' dir='ltr'>τοὺς</span> <span class='ocrx_word' id='word_1_880' title='bbox 3958 5766 4037 5799; x_wconf 78' lang='grc' dir='ltr'><strong>πι-</strong></span> 
     </span>
    </p>
   </div>
  </div>
