4198 6312
232 315 368 382 1257

226 536 400 588 ματον
423 520 584 588 φύσιν
620 524 796 594 ἔχων;
836 529 959 593 Πῶς
1000 531 1056 584 δὲ
1089 536 1180 587 καὶ
1217 536 1452 593 Θανάτου
1485 543 1582 595 καὶ⁵
1623 541 1799 606 οὕτως

218 613 423 682 ἀτίμου
467 615 558 666 καὶ
594 615 888 684 δυσκλεῶς
935 623 1200 690 ἀθάνατος
1266 630 1331 696 ᾂν
1385 632 1648 696 γεύσαιτο
1696 634 1798 704 φύ-

217 718 344 764 σιςς
391 703 602 770 Ἀλλως
634 723 693 759 τε
727 708 783 762 δὲ
818 714 910 764 καὶ
935 713 1120 767 πολλοὶ
1154 721 1285 788 παρ’
1331 721 1464 790 ἡμῖν
1505 723 1614 775 τῶν
1667 724 1792 776 Ῥω-

220 796 424 862 μαίων,
459 797 759 871 Νεστόριον
794 803 1093 874 αὐχοῦντες
1121 808 1468 877 διδάσκαλον,
1507 815 1602 867 καὶ
1641 816 1794 868 αὑτοὶ

216 884 439 953 λέγουσι
468 891 654 952 πάλιν,
693 892 791 963 οὑχ
818 895 893 956 ὡς
927 896 1081 963 Θεὸν,
1113 900 1232 952 ἀλλ’
1258 903 1332 965 ὡς
1363 904 1654 976 ἄνθρωπον
1685 907 1796 960 δεῖν

215 981 312 1032 καὶ
357 985 645 1053 προφήτην
677 985 802 1038 τινὰ
855 991 1027 1061 τιμᾷν
1073 993 1166 1046 τὸν
1202 995 1463 1065 Χριστόν.
1519 997 1689 1065 Κάγὼ
1739 999 1793 1051 δὲ

213 1071 315 1124 οὑκ
365 1076 444 1136 είς
479 1077 736 1129 τοσοῦτον
788 1078 1027 1153 ἐξήχθην
1085 1087 1309 1154 μανίας,
1357 1088 1498 1142 ὥστε
1557 1089 1655 1159 τὴν
1714 1091 1795 1152 είς

213 1164 348 1218 Θεὸν
384 1166 564 1220 πίστιν
603 1169 762 1232 αὑτός
793 1189 852 1224 τε
885 1175 1326 1247 ἀπαρνήσασθαι,
1363 1182 1453 1233 καὶ
1476 1183 1619 1251 ὑμᾶς
1647 1184 1782 1253 πρὸς

212 1254 315 1324 τὴν
344 1257 540 1326 ὁμοίαν
571 1259 805 1330 ἄρνησιν
853 1266 1224 1322 ἐκκαλεῖσθαι.
1279 1271 1399 1334 Πῶς
1454 1273 1582 1342 γάρ,
1640 1275 1696 1338 ὃς
1729 1291 1791 1342 γε

211 1345 310 1399 τοῦ
344 1349 513 1418 νόμον
552 1353 655 1422 μὲν
708 1356 1006 1425 ἀντέχομαι
1043 1353 1138 1412 κάὶ
1187 1361 1296 1415 τῶν
1352 1365 1597 1435 πατρίων
1653 1366 1791 1418 ἐθῶν

215 1440 456 1512 ἰσχυρῶς
485 1448 833 1517 περιέχομαι,
873 1453 980 1503 πᾶν
1026 1451 1082 1504 δὲ
1130 1453 1184 1505 εί
1239 1472 1290 1508 τι
1321 1457 1584 1528 νεώτερον
1636 1461 1788 1513 ἀπω-

212 1530 435 1604 θοῦμαι,
477 1539 571 1591 καὶ
596 1540 683 1592 διὰ
734 1541 892 1594 τοῦτο
925 1544 1306 1617 ἀπεχθάνομαι
1343 1550 1440 1603 καὶ
1465 1551 1542 1619 τῷ
1589 1551 1785 1620 Ἰησοῦ,

211 1624 512 1700 ἀνθρώπῳ,
573 1631 805 1702 θεότητα
855 1634 1036 1705 ἑαυτῷ
1067 1638 1357 1710 τολμηρῶς
1419 1643 1784 1714 περιάψαντω

211 1715 348 1769 Οὐδὲ
381 1723 490 1791 γὰρ
525 1723 659 1792 ἡλίῳ
688 1726 781 1776 καὶ
819 1725 1039 1797 σελήνῃ,
1074 1731 1169 1781 καὶ
1211 1734 1322 1796 τοῖς
1348 1732 1528 1796 ἄλλοις
1558 1735 1787 1804 κτίσμα-

211 1823 316 1872 σιν,
350 1811 467 1862 οὐδὲ
496 1816 606 1875 τοῖς
645 1813 790 1878 θεοῖς
851 1819 959 1870 τῶν
995 1819 1167 1873 ἐθνῶν
1220 1824 1382 1886 σέϐας
1433 1827 1581 1896 ὑμᾶς
1618 1845 1786 1898 προσ-

210 1902 402 1971 φέρειν
481 1908 890 1976 καταναγκὰζω
983 1913 1084 1984 (μὴ
1155 1913 1328 1980 οὕτως
1397 1917 1502 1984 ἔξω
1571 1922 1785 1989 φρενῶν

209 1996 482 2065 πέσοιμι).
548 1999 687 2053 ἀλλά
741 2001 860 2072 Θεῷ
896 2004 1044 2074 μόνῳ
1077 2006 1157 2077 τῷ
1188 2009 1254 2060 τὰ
1302 2011 1484 2063 πάντα
1531 2029 1783 2083 παραγα-

205 2087 379 2152 γὸντι,
407 2092 498 2141 καὶ
528 2091 702 2162 Πατρὶ
729 2094 838 2146 τῶν
873 2098 1146 2166 γεννητῶν
1180 2099 1505 2170 ὑπάρχοντι,
1539 2102 1617 2168 ὃς,
1644 2106 1784 2158 ἁπα-

207 2176 305 2247 θὴς
328 2179 402 2231 ῶν
432 2181 525 2234 καὶ
557 2181 741 2249 ἀῦλος,
785 2187 1048 2254 ἐμπαθῶς
1081 2190 1180 2244 οὑκ
1205 2188 1313 2245 οἶδε
1346 2195 1572 2266 γεννᾷ-ι.

275 2354 351 2409 Θ’.
375 2357 514 2428 Πρὸς
549 2359 606 2411 ὃν
630 2360 679 2411 οἱ
704 2364 980 2426 γενναῖοι,
1011 2365 1078 2416 Τί
1109 2365 1282 2419 ταῦτα
1314 2367 1680 2440 ὑπέκρουσας,
1706 2367 1781 2424 εἷ-

203 2463 324 2511 πον,
346 2441 390 2500 ὦ
419 2448 638 2518 βασιλεῦ
661 2467 675 2516 ;
703 2451 834 2503 Οὐδὲ
866 2455 1026 2523 ἡμεῖς
1047 2455 1279 2526 λέγομεν
1301 2461 1441 2512 κατὰ
1462 2462 1632 2524 πάθος
1664 2481 1789 2531 γεν-

200 2537 300 2607 νᾷν
333 2538 424 2590 τὸν
453 2539 603 2606 Θεὸν,
621 2541 734 2593 ἀλλ’
768 2543 997 2608 ἀπαθῶς
1023 2545 1099 2610 ῶς
1131 2547 1289 2615 λόγον
1324 2551 1388 2603 ὲκ
1420 2551 1534 2606 νοῦ.
1565 2555 1660 2607 Ὃν
1687 2557 1779 2608 καὶ

199 2631 282 2692 εἰς
329 2625 512 2684 οἶκτον
555 2633 654 2704 τῆς
700 2635 975 2707 ἡμετέρας
1029 2638 1251 2695 ἐλθόντα
1312 2643 1547 2712 φύσεως,
1585 2645 1778 2712 ἐξαπο-

199 2720 405 2773 στεῖλαι
425 2725 514 2776 τὸν
538 2724 666 2778 Υίὸν
688 2721 773 2778 ὲπ⁶
798 2730 1087 2802 εὐεργεσία
1112 2736 1255 2806 φημι
1293 2737 1403 2790 τῶν
1451 2738 1775 2808 ἀνθρώπων,

196 2812 340 2865 ῶστε
376 2816 468 2867 καὶ
516 2818 694 2888 σάρκα
753 2821 940 2875 λαϐεῖν
990 2827 1054 2878 ἑκ
1110 2829 1278 2898 κόρης
1338 2833 1630 2904 παρθένου,
1684 2839 1777 2890 καὶ

197 2907 342 2960 κατά
372 2908 548 2962 πάντα
579 2911 763 2981 ὅμοιον
796 2916 925 2985 ἡμῖν
973 2920 1224 2984 γενέσθαι
1282 2928 1452 2993 χωρὶς
1483 2926 1774 2996 ἁμαρτίας,

199 3000 294 3050 καὶ
328 2999 505 3054 πάντα
528 3001 813 3073 πληρῶσαι
851 3007 1004 3074 τάγε
1033 3009 1137 3061 ὑπὸ
1170 3013 1278 3064 τῶν
1312 3015 1603 3084 προφητῶν
1650 3021 1775 3086 περὶ

196 3090 367 3143 αὑτοῦ
401 3091 616 3156 πολλοῖς
662 3097 926 3167 πρότερον
975 3101 1244 3172 εἰρημένα
1301 3105 1513 3175 χρόνοις
1547 3109 1673 3179 περὶ
1700 3102 1772 3163 ὧν
1800 3132 1843 3190 C

197 3186 296 3257 καὶ
325 3184 487 3246 αὐτὸς
539 3181 686 3248 οἶδας
715 3193 834 3250 ταῖς
862 3191 1089 3246 ἐκείνων
1119 3192 1411 3262 ἐγκύπτων
1447 3193 1652 3268 βίῦλοις
1678 3217 1694 3236 θ
1714 3202 1771 3264 ὃς

195 3249 293 3324 κἀι
338 3273 600 3338 πολλάκις
645 3275 734 3328 διὰ
791 3249 896 3330 τῶν
947 3281 1090 3350 ὑπὲρ
1141 3249 1772 3361 ἀνθρωπον.θανμάτων

195 3364 372 3432 αὑτήν
399 3381 456 3416 τε
487 3367 889 3437 παρεγύμνωσε
919 3371 1016 3439 τὴν
1041 3373 1296 3445 θεότητα,
1316 3379 1408 3430 καὶ
1438 3377 1473 3431 ἀ
1507 3380 1606 3449 τῆς
1651 3398 1771 3452 σαρ-

198 3457 294 3518 κὸς
348 3459 640 3528 ἀνείληφεν
689 3462 788 3514 οὑκ
823 3464 1123 3536 ἠρνήσατο.
1149 3469 1257 3522 Καί
1287 3487 1337 3524 τι
1381 3471 1462 3524 δεῖ
1511 3473 1770 3530 πλειόνων

192 3550 402 3617 λόγων;
446 3552 646 3606 Τοῦτον
669 3557 828 3624 ἡμεῖς
861 3559 957 3610 καὶ
986 3561 1137 3625 Θεὸν,
1165 3564 1260 3614 καὶ
1314 3563 1448 3616 Θεοῦ
1483 3565 1608 3618 Υίον
1638 3570 1766 3636 ὀμο-

187 3643 480 3714 λογίιῦμεν,
508 3651 601 3698 καὶ
634 3648 774 3715 ὑπὲρ
805 3649 1021 3720 ἁπάσης
1057 3653 1480 3726 ἀπολογούμεθα
1515 3659 1612 3728 τῆς
1668 3662 1767 3712 πόα

186 3735 349 3797 λεως,
381 3737 472 3786 καὶ
507 3737 612 3790 τῶν
648 3739 822 3791 ἄλλων
854 3743 962 3793 τῶν
997 3743 1087 3813 ὑφ’
1121 3748 1268 3815 ἡμᾶς
1309 3749 1606 3804 τελούντων
1635 3753 1769 3823 Χρι-

188 3825 450 3879 στίανῶν·
489 3834 580 3883 καὶ
613 3832 713 3885 οὐκ
766 3832 881 3885 ἔστι
913 3851 965 3886 τι
1020 3835 1270 3903 βασάνων
1305 3836 1464 3906 εἶδος,
1490 3843 1516 3894 ὅ
1556 3846 1630 3912 μὴ
1671 3845 1766 3898 καὶ

188 3922 389 3973 παθεῖν
421 3927 582 3994 ἡμεῖς
617 3926 825 3994 ἕτοιμοι
857 3928 922 3980 δι’
955 3929 1136 3984 αὐτόν.
1158 3932 1220 3984 Τί
1250 3935 1358 4004 γὰρ
1391 3937 1455 3989 ἂν
1477 3937 1570 3989 καὶ
1599 3937 1763 4008 χωρί-

190 4030 307 4066 σειε
338 4017 436 4085 τῆς
469 4020 562 4071 τοῦ
591 4019 826 4091 Χριστοῦ
877 4025 1098 4093 ἀγάπης
1127 4028 1276 4097 ἡμᾶς
1302 4045 1315 4095 ;
1352 4030 1516 4083 Οὐδὲν
1549 4030 1604 4084 δὲ
1634 4035 1763 4102 ἡμῖν

186 4113 286 4160 καὶ
316 4109 597 4180 Νεστορίῳ
633 4113 665 4184 ἢ
696 4116 806 4176 τοῖς
835 4117 1017 4178 ἄλλοις
1047 4121 1159 4179 τοῖς
1192 4123 1260 4170 τὰ
1306 4121 1518 4176 ἐκείνου
1579 4123 1764 4176 νοσοῦ-

187 4216 305 4252 σιν·
333 4201 381 4252 οῖ
416 4203 503 4254 τὸν
530 4204 852 4272 ἀδιαιρέτως
880 4207 1153 4263 ὲνωθέντα
1186 4212 1279 4263 καὶ
1305 4213 1425 4266 καθ’
1461 4215 1760 4270 ὑπόστασιν

183 4293 475 4366 ἄνθρωπον
513 4293 588 4366 τῷ
617 4293 736 4365 Θεῴ
763 4297 942 4368 Λόγῳ,
963 4300 1252 4374 τολμηρῶς
1301 4305 1636 4371 διασπῶντες
1664 4311 1759 4380 τῆς

182 4390 282 4444 τοῦ
310 4393 484 4460 Λόγον
518 4392 667 4454 θείας
700 4393 1074 4460 ὑποστάσεως,
1109 4399 1513 4454 ἱδιοῦπόοτατόν
1561 4420 1617 4455 τε
1665 4407 1758 4456 καὶ

181 4481 344 4550 ψιλὸν
378 4481 664 4552 ἄνθρωπον
692 4483 782 4536 τὸν
813 4485 978 4554 σαρκὶ
1011 4488 1349 4555 ἐπιφανέντα
1380 4489 1553 4558 Λόγον
1582 4493 1755 4546 εἰπεῖν

179 4572 493 4643 ἐτόλμησαν
515 4588 532 4604 ⁸
585 4574 639 4626 οἵ
685 4590 747 4641 γε
774 4574 942 4638 ἀξίως
981 4579 1131 4646 παρά
1160 4579 1269 4631 τῶν
1307 4582 1466 4634 θείων
1500 4586 1754 4656 πνευμά-

179 4682 293 4716 των
332 4666 534 4718 τούτων
561 4666 858 4735 ὀρθοδιὲξων
887 4669 1278 4742 ἀπεὸλήθησαν
1329 4676 1632 4746 καταλόγου
1663 4681 1756 4733 καὶ

177 4757 250 4808 δι’
277 4758 471 4821 αἰῶνος
523 4759 822 4830 ἀναθέματι
870 4762 1270 4832 παρεδόθησαν.
1300 4767 1444 4838 Πλὴν
1499 4770 1617 4822 ἀλλ’
1655 4772 1755 4824 οὐκ

176 4846 432 4909 ἀνέξεται
463 4849 592 4918 (ἴσθι
625 4856 650 4903 ὸ
687 4853 792 4904 ὑπὸ
835 4853 975 4922 σοῦ,)
1010 4853 1502 4927 βλασφημούμενος
1551 4862 1754 4932 Κύριος

180 4943 260 5013 μὴ
289 4943 410 5012 οὑχὶ
447 4943 541 4995 καὶ
582 4945 640 4996 σὲ
672 4948 822 5015 παρά
873 4948 1038 5012 πόδας
1090 4950 1394 5021 ἀπαιτῆσαι
1438 4953 1592 5018 δίκας
1644 4957 1753 5008 τῶν

172 5036 570 5104 τολμωμένων,
615 5037 711 5108 τῆς
748 5054 806 5089 τε
837 5041 1003 5112 ἄλλης
1056 5042 1433 5115 βλασφημίας,
1476 5050 1640 5119 φημὶ,
1660 5052 1753 5103 καὶ

172 5127 241 5198 δὴ
278 5129 370 5180 καὶ
399 5145 508 5180 των
560 5133 1059 5200 καταπατηθέντων
1087 5137 1190 5189 ὑπὸ
1234 5138 1327 5190 σοῦ
1376 5142 1468 5193 καὶ
1518 5145 1754 5211 ἀνατρα-

174 5225 390 5274 πέντων
425 5224 624 5292 ὅρκων,
644 5226 971 5279 ἀνοσιώτατε
1019 5229 1321 5301 ἀνθρώπων
1371 5235 1465 5286 καὶ
1512 5251 1750 5304 πανουρο

175 5316 398 5381 γότατε.

248 5499 305 5553 l'.
337 5498 393 5552 Ὀ
421 5499 474 5552 δὲ
511 5500 607 5569 τῆς
639 5504 949 5573 παρῤησξας
980 5505 1072 5559 τὸν
1115 5509 1323 5580 ἀνδρῶν
1375 5515 1570 5585 μικρὸν
1622 5518 1752 5570 ἁνα-

175 5591 464 5658 σχὸμενος,
487 5591 722 5659 μάλιστα
755 5595 811 5645 δὲ
843 5597 941 5664 τῆς
993 5601 1262 5664 συνέσεως
1315 5607 1408 5655 καὶ
1453 5606 1551 5675 τῆς
1582 5607 1748 5677 ἄλλης

170 5684 500 5748 ἐπιφανείας
530 5685 620 5736 τὸν
683 5686 911 5756 Ἀρέθαν
934 5691 1274 5762 δυσωπηθεὶς
1312 5698 1543 5769 ἡμέροις
1569 5717 1626 5752 τε
1660 5702 1747 5754 λό-

169 5793 290 5845 γοις
343 5778 682 5832 ὑπολεαένειν
738 5779 958 5851 ἤρξατο,
1045 5788 1137 5836 καὶ
1195 5790 1397 5857 δωρεὰς
1453 5796 1545 5844 καὶ
1585 5810 1749 5858 τιμᾶς

495 5873 760 5935 ΡΑΤεοι.
817 5877 929 5936 (in.
971 5880 1064 5938 CX
1079 5880 1142 5940 ν.

1398 339 1502 400 ΜΛ
1515 341 1746 401 RTYRI
1760 344 1870 405 ΠΜ
1915 347 1977 410 S.
2017 350 2361 418 ARETH/lz‘.

223 429 390 496 τέρας
421 429 598 499 ἡμῶν.
635 431 756 494 Πῶς
781 433 891 505 γὰρ
929 437 1018 503 ἂν,
1051 444 1427 518 μαστιγωθείη
1463 451 1618 512 Θεὸς,
1650 449 1770 503 ἀσώ

1904 457 2126 514 minem.
2186 463 2470 530 Quomodo
2515 469 2682 538 enim,

3333 382 3474 445 1358

2746 473 2979 543 dicebat,
3040 477 3234 538 fuisset
3296 484 3476 558 ﬂagris

1907 562 2077 606 caesus
2105 551 2268 620 Deus,
2297 559 2387 628 qui
2421 569 2503 616 est
2540 573 2734 619 natura
2765 565 3161 639 incorporeus?
3201 580 3477 645 quomodo

1909 651 2089 696 autem
2119 656 2350 703 mortem
2395 651 2532 708 adeo
2568 661 2778 724 turpem
2813 667 2866 712 et
2912 659 3327 731 ignominiosam
3381 686 3476 723 na-

1904 739 2021 786 tura
2069 739 2302 804 gustarit
2374 742 2738 800 immortalis?
2785 749 3039 821 Alioquin
3093 766 3272 810 autem
3317 764 3469 816 multi

1901 837 2120 893 quoque
2155 844 2220 883 ex
2248 831 2532 902 Romanis,
2571 839 2662 909 qui
2693 851 2822 897 sunt
2868 846 3009 914 apud
3045 863 3158 913 vos,
3196 851 3472 919 jactantes

1901 928 1960 968 se
1998 915 2310 977 Nestorium
2346 927 2548 984 habere
2577 933 2917 1004 magistrum,
2948 940 3050 1008 ipsi
3089 957 3305 1012 quoque
3350 964 3472 1002 rur-

1897 1021 1989 1059 sus
2019 1009 2226 1077 dicunt,
2258 1031 2316 1070 se
2346 1032 2454 1071 non
2484 1030 2542 1074 ut
2578 1022 2773 1091 Deum,
2823 1029 2915 1084 sed
2949 1030 3224 1088 hominem
3258 1048 3314 1092 et
3344 1056 3474 1108 pro-

1899 1097 2118 1164 phetam
2174 1108 2462 1173 quemdam
2515 1125 2771 1183 oportere
2839 1120 3116 1178 Christum
3175 1129 3466 1186 honorare.

1897 1188 2028 1254 Quae
2062 1195 2164 1248 nisi
2201 1213 2324 1252 vera
2359 1213 2568 1270 essent,
2609 1222 2712 1264 nec
2754 1225 2851 1282 ego
2890 1215 2954 1268 ad
3005 1225 3206 1272 tantam
3253 1238 3468 1290 ιιι-θερε-

1896 1282 2088 1337 sissem
2139 1277 2433 1356 insaniam.
2490 1305 2548 1350 ιιι
2597 1298 2708 1368 ipse
2765 1317 3018 1374 negarem
3080 1309 3132 1363 in
3189 1315 3466 1371 Christum

1894 1370 2074 1440 ﬁdem,
2121 1385 2176 1431 et
2220 1395 2317 1436 vos
2375 1384 2442 1439 ad
2505 1387 2736 1446 similem
2794 1410 3044 1452 vocarem
3097 1408 3462 1474 negationem.

1891 1464 2177 1531 Quomodo
2199 1473 2370 1540 enim,
2412 1477 2502 1547 qui
2540 1481 2714 1552 legem
2752 1494 2911 1544 teneo
2947 1505 3009 1546 ac
3054 1502 3228 1559 tueor,
3277 1508 3338 1552 et
3365 1516 3464 1569 pa-

1893 1555 2027 1611 trios
2061 1575 2242 1617 mores
2273 1580 2336 1620 ac
2366 1567 2505 1625 rittts
2536 1573 2691 1629 valde
2738 1579 3055 1647 amplector,
3111 1589 3313 1656 repello
3367 1607 3464 1645 an-

1891 1656 1998 1702 tem
2036 1653 2264 1722 quiquid
2305 1658 2472 1716 fuerit
2520 1666 2644 1719 nmi
2683 1686 2695 1721 :
2754 1680 2807 1724 et
2846 1670 2966 1726 ideo
3011 1653 3194 1731 .lesnm
3246 1698 3462 1754 quoque

1890 1741 2018 1795 odio
2082 1744 2259 1802 habeo
2295 1749 2594 1818 hominem,
2629 1760 2720 1827 qui
2756 1762 3094 1821 divinitatem
3127 1771 3226 1824 sibi
3266 1741 3463 1844 'impn-

1889 1831 2082 1888 denter
2115 1837 2408 1894 attribuit?
2443 1842 2625 1914 Neque
2669 1851 2812 1904 enim
2843 1854 2942 1906 soli
2985 1866 3036 1910 et
3069 1858 3238 1923 lunae,
3285 1831 3460 1934 neque

1887 1923 2010 1980 aliis
2058 1920 2474 2000 rebns'creatis,
2529 1953 2709 2008 neque
2751 1943 2856 1999 diis
2900 1951 3141 2016 gentium
3197 1970 3324 2025 rogo
3367 1977 3461 2016 vos

1886 2016 2090 2070 cultum
2112 2022 2349 2080 tribuere
2375 2027 2557 2096 (absit,
2590 2040 2650 2085 ut
2674 2032 2775 2088 sim
2806 2036 2941 2092 adeo
2964 2053 3158 2098 emotae
3186 2016 3385 2106 mentis
3415 2053 3457 2121 l)

1885 2110 1980 2163 sed
2019 2110 2127 2166 Deo
2157 2115 2278 2180 soli,
2301 2121 2403 2188 qui
2435 2123 2615 2178 omnia
2650 2128 2919 2196 producit,
2948 2140 3002 2187 et
3033 2145 3116 2190 est
3161 2137 3323 2196 Pater
3372 2110 3459 2198 re;

1886 2217 2004 2255 rum
2063 2213 2446 2275 generatarum
2517 2234 2528 2268 :
2583 2219 2701 2286 qui,
2738 2235 2858 2275 cum
2914 2227 2984 2278 sit
3043 2228 3354 2298 impatibilis
3405 2248 3459 2293 et

1887 2309 2082 2365 expers
2117 2304 2379 2370 materiae,
2416 2321 2674 2376 generare
2707 2316 2874 2368 nescit
2905 2321 3210 2387 patibiliter.

1954 2388 2046 2444 IX.
2080 2393 2175 2445 Cui
2213 2410 2510 2463 generosus
2542 2405 2745 2460 Aretha
2787 2423 2908 2464 cum
2951 2414 3156 2470 sociis:
3205 2418 3313 2474 Cur
3343 2423 3458 2479 base

1881 2481 2096 2550 dixisti,
2139 2503 2172 2541 ο
2211 2491 2342 2544 rex?
2379 2492 2563 2564 Neque
2601 2513 2700 2552 nos
2751 2501 2984 2559 dicimus
3037 2509 3200 2563 Deum
3236 2515 3456 2582 gignere

1883 2578 2209 2645 patibiliter,
2249 2585 2342 2638 sed
2373 2584 2767 2658 impatibiliter,
2824 2608 2879 2650 ιιι
2937 2614 3091 2654 mens
3141 2619 3450 2662 sermonem

1881 2670 2071 2739 gignit.
2114 2673 2264 2729 Illum
2297 2689 2477 2733 autem
2508 2685 2824 2753 asserimus,
2876 2703 3074 2748 nostra!
3097 2703 3304 2754 natura:
3333 2717 3450 2758 mo-

1883 2768 1996 2814 tum
2044 2765 2443 2834 misericordia,
2495 2773 2709 2831 misisse
2753 2779 2970 2846 Filium,
3025 2787 3088 2839 ad
3149 2789 3449 2864 hominum,

1883 2851 2130 2924 inquam.
2167 2858 2514 2928 beneﬁcium,
2555 2867 2786 2925 adeo-ut
2835 2885 2889 2927 et
2921 2892 3139 2934 carnem
3181 2901 3450 2959 acrepertt

1881 2960 1944 2998 ex
1981 2947 2164 3016 puella
2195 2951 2424 3022 virgine,
2456 2966 2509 3011 et
2543 2974 2641 3028 per
2667 2965 2845 3019 omnia
2874 2968 3030 3024 nobis
3053 2973 3244 3030 similis
3277 2979 3450 3040 factus

1881 3035 1950 3088 sit
1983 3038 2186 3107 absque
2223 3056 2468 3110 peccato.
2523 3059 2574 3103 et
2633 3055 2817 3107 omnia
2857 3061 3181 3128 impleverit.
3237 3085 3354 3137 quae
3382 3077 3448 3130 de

1880 3127 1995 3197 ipso
2053 3145 2081 3182 a
2120 3134 2405 3202 prOphetis
2454 3141 2640 3197 multis
2683 3155 2809 3200 ante
2846 3127 3000 3206 annis
3045 3156 3186 3211 dicta
3242 3127 3370 3219 sunt
3431 3185 3445 3221 :

1876 3237 1994 3290 qua:
2035 3224 2254 3292 quidem
2303 3239 2358 3282 tu
2395 3245 2611 3301 quoque
2651 3239 2779 3301 scis,
2840 3245 2929 3310 qui
2995 3247 3168 3318 legisti
3213 3254 3443 3312 'illorntn

1875 3310 2064 3368 libros.
2098 3314 2197 3381 Qui
2228 3319 2388 3373 etiam
2421 3336 2564 3393 Stepe
2627 3342 2721 3395 per
2756 3331 3012 3388 miracula
3040 3310 3160 3407 qua:
3200 3356 3326 3400 sunt
3351 3365 3444 3402 su-

1871 3419 1965 3472 pra
2015 3408 2324 3475 hominem,
2385 3417 2557 3484 ipsam
2603 3424 2839 3478 ostendit
2883 3427 3219 3487 divinitatem
3268 3448 3322 3490 et
3381 3457 3440 3493 se

1873 3500 2179 3567 suseepisse
2209 3517 2451 3569 carnem,
2511 3523 2618 3562 non
2662 3527 2743 3566 est
2793 3517 3083 3576 inliciatus.
3132 3527 3269 3590 Quid
3306 3550 3442 3602 opus

1872 3601 1954 3642 est
1985 3592 2275 3659 pluribus?
2315 3597 2421 3652 Nos
2455 3615 2580 3654 eum
2633 3614 2687 3658 et
2741 3607 2928 3676 Deum,
2982 3625 3036 3667 et
3101 3615 3193 3672 Dei
3245 3592 3437 3680 Fili-um

1871 3684 2212 3752 conﬁtemur,
2248 3701 2304 3742 er
2330 3707 2426 3759 pro
2465 3695 2717 3751 universa
2771 3706 3171 3772 res‘pondentns
3202 3713 3436 3782 civitate,

1870 3783 1922 3824 et
1957 3773 2078 3827 aliis
2117 3775 2461 3845 Christianis,
2495 3788 2584 3852 qni
2631 3799 2757 3842 sunt
2811 3794 2966 3847 nobis
3025 3801 3252 3868 ειιιῃοριξ
3291 3826 3304 3858 ;
3345 3821 3442 3859 ne-

1867 3878 1972 3932 que
2001 3875 2081 3919 est
2114 3869 2279 3922 ullum
2320 3888 2492 3942 genus
2549 3884 2826 3946 tormenti,
2867 3889 3008 3953 quod
3066 3908 3171 3943 non
3221 3909 3438 3965 propter

1869 3957 2042 4024 ipsum
2075 3962 2246 4028 parati
2298 3964 2469 4020 simus
2521 3970 2654 4038 pati.
2698 3973 2839 4037 Quid
2889 3979 3032 4032 enim
3075 3997 3174 4036 nos
3220 4001 3438 4058 separa-

1868 4050 2006 4104 verit
2035 4067 2060 4102 a
2094 4053 2361 4111 charitate
2387 4060 2632 4116 Christi?
2661 4065 2803 4120 Nihil
2834 4079 3015 4126 autem
3053 4077 3130 4129 rei
3167 4090 3247 4133 est
3277 4050 3435 4139 nobis

1865 4156 1987 4194 eum
2021 4143 2296 4215 Nestorio,
2329 4161 2424 4204 aut
2459 4167 2580 4207 eum
2639 4157 2783 4222 aliis,
2834 4163 2923 4231 qui
2976 4167 3166 4221 eodem
3221 4175 3432 4232 morbo.

1863 4248 1968 4302 quo
1987 4233 2122 4301 ipse,
2139 4236 2406 4305 laborant,
2423 4245 2513 4313 qui
2533 4245 2836 4318 hominem,
2853 4254 2941 4322 qui
2966 4255 3096 4310 citra
3112 4257 3219 4316 divi
3237 4265 3431 4321 donem

1865 4334 1919 4377 et
1949 4341 2046 4395 per
2079 4328 2414 4398 bypostasim
2456 4337 2641 4392 unitus
2693 4350 2774 4393 est
2805 4345 2912 4397 beo
2965 4343 3158 4409 Verbo,
3221 4368 3430 4411 summa

1866 4417 2204 4487 impudentia
2261 4422 2581 4482 divellentes
2619 4445 2647 4482 a
2685 4429 2843 4486 Verbi
2898 4434 3077 4491 divina
3130 4439 3422 4512 hypostasi,

1861 4525 1958 4578 per
1988 4525 2046 4565 se
2078 4514 2492 4583 consistentem,
2534 4529 2586 4574 et
2635 4523 2808 4577 solum
2845 4527 3120 4583 hominem
3157 4535 3271 4587 ausi
3304 4550 3425 4590 sum

1857 4603 2044 4659 dicere
2083 4603 2342 4672 Verbum,
2416 4612 2558 4680 quod
2621 4614 2673 4667 in
2727 4631 2890 4672 carne
2960 4625 3207 4690 apparuit
3263 4645 3274 4679 :
3336 4632 3424 4697 qui

1857 4694 2041 4758 etiam,
2081 4705 2138 4751 ut
2185 4699 2555 4763 merebantur,
2612 4719 2640 4756 a
2693 4706 2892 4762 divinis
2959 4709 3207 4768 Pairibtts
3265 4721 3425 4788 ejeeti

1857 4795 1986 4838 sunt
2039 4803 2066 4840 a
2099 4792 2345 4862 catalogo
2394 4795 2846 4864 orthodoxorum,
2885 4814 2939 4855 et
2987 4817 3112 4860 sttnt
3165 4811 3217 4863 in
3262 4826 3423 4868 mter-

1857 4894 1988 4932 num
2060 4882 2240 4934 traditi
2301 4887 2658 4942 anathemati.
2715 4891 2818 4946 Sed
2879 4910 2987 4949 non
3048 4907 3426 4966 praetermittet

1856 4969 1987 5037 (hoc
2043 4982 2194 5026 certo
2257 4976 2418 5045 scias)
2455 4978 2545 5046 qui
2596 4981 2898 5037 maledictis
2969 5000 2997 5039 a
3053 4996 3102 5041 te
3151 5005 3424 5060 appetitur

1860 5060 2143 5125 DOminns,
2172 5065 2303 5135 quin
2336 5082 2365 5121 e
2396 5070 2623 5139 vestigio
2658 5086 2846 5144 pugnas
2873 5091 3050 5132 sumat
3083 5091 3298 5138 tuorum
3328 5103 3426 5142 au-

1853 5151 2069 5207 dacium
2128 5167 2456 5225 coeptorum,
2511 5178 2631 5216 cum
2683 5166 2932 5231 alterius,
3007 5171 3250 5240 inquam,
3317 5190 3422 5232 tua:

1853 5243 2228 5314 blasphemiae,
2266 5257 2376 5302 tum
2412 5251 2795 5321 jurisjurandi,
2833 5261 2974 5327 quod
3016 5276 3044 5313 α
3071 5273 3120 5315 te
3152 5264 3251 5318 fuit
3293 5283 3423 5322 con-

1852 5337 2124 5392 culcatum
2179 5350 2232 5392 et
2271 5354 2543 5408 eversum,
2591 5359 2623 5398 0
2673 5346 2939 5417 imprimis
2985 5352 3146 5423 impie
3199 5367 3252 5410 et
3303 5377 3421 5416 sce-

1851 5424 2037 5481 lt‘t‘ale.

1921 5517 1985 5570 Χ.
2025 5521 2114 5575 lllc
2150 5533 2332 5578 autem
2386 5542 2506 5581 cum
2561 5540 2748 5583 eorum
2810 5533 3064 5601 loquendi
3111 5537 3414 5599 libertatem

1850 5627 2044 5680 parum
2091 5617 2472 5684 sustinuisset,
2539 5625 2770 5679 maxime
2844 5634 3023 5682 autem
3070 5635 3286 5687 At'elha:
3334 5654 3419 5688 sa-

1849 5705 2109 5771 pientiatn
2148 5718 2202 5761 et
2234 5710 2396 5764 alium
2433 5728 2649 5767 omnem
2697 5721 3039 5785 splendorem
3071 5736 3210 5778 esset
3263 5744 3416 5783 reve-

1859 5799 2016 5867 ritus,
2051 5800 2298 5873 benignis
2340 5807 2516 5861 verbis
2558 5825 2650 5863 eos
2701 5813 2862 5883 coepit
2910 5815 3098 5878 lettire,
3146 5820 3332 5891 eisque
3359 5829 3418 5877 et

3017 5907 3086 5967 40
