  <div class='ocr_page' id='page_1' title='image "/cluster/home/n/w/nwhite01/storage/ocr_20150623/115/pst.000005714285/771.png"; bbox 0 0 4198 6312; ppageno 0'>
   <div class='ocr_carea' id='block_1_1' title="bbox 775 366 911 429">
    <p class='ocr_par' dir='ltr' id='par_1_1' title="bbox 775 366 911 429">
     <span class='ocr_line' id='line_1_1' title="bbox 775 366 911 429; baseline 0 0"><span class='ocrx_word' id='word_1_1' title='bbox 775 366 911 429; x_wconf 79' lang='grc'><strong>1263</strong></span> 
     </span>
    </p>
   </div>
   <div class='ocr_carea' id='block_1_2' title="bbox 2059 364 2744 425">
    <p class='ocr_par' dir='ltr' id='par_1_2' title="bbox 2059 364 2744 425">
     <span class='ocr_line' id='line_1_2' title="bbox 2059 364 2744 425; baseline 0 -2"><span class='ocrx_word' id='word_1_2' title='bbox 2059 364 2343 424; x_wconf 77' lang='lat' dir='ltr'><strong>MENSIS</strong></span> <span class='ocrx_word' id='word_1_3' title='bbox 2377 365 2744 425; x_wconf 82' lang='lat' dir='ltr'><strong>OCTOBER.</strong></span> 
     </span>
    </p>
   </div>
   <div class='ocr_carea' id='block_1_3' title="bbox 3899 366 4029 432">
    <p class='ocr_par' dir='ltr' id='par_1_3' title="bbox 3899 366 4029 432">
     <span class='ocr_line' id='line_1_3' title="bbox 3899 366 4029 432; baseline -0.015 0"><span class='ocrx_word' id='word_1_4' title='bbox 3899 366 4029 432; x_wconf 67' lang='grc'><strong>1264</strong></span> 
     </span>
    </p>
   </div>
   <div class='ocr_carea' id='block_1_4' title="bbox 772 471 2342 550">
    <p class='ocr_par' dir='ltr' id='par_1_4' title="bbox 772 472 2339 550">
     <span class='ocr_line' id='line_1_4' title="bbox 772 472 2339 550; baseline -0.004 -17"><span class='ocrx_word' id='word_1_5' title='bbox 772 495 873 550; x_wconf 80' lang='lat' dir='ltr'><strong>ego</strong></span> <span class='ocrx_word' id='word_1_6' title='bbox 904 493 934 532; x_wconf 89' lang='lat' dir='ltr'><strong>a</strong></span> <span class='ocrx_word' id='word_1_7' title='bbox 978 478 1065 533; x_wconf 88' lang='lat' dir='ltr'><strong>tali</strong></span> <span class='ocrx_word' id='word_1_8' title='bbox 1116 476 1304 532; x_wconf 90' lang='lat' dir='ltr'><strong>lauder</strong></span> <span class='ocrx_word' id='word_1_9' title='bbox 1360 477 1563 548; x_wconf 79' lang='lat' dir='ltr'><strong>lingua,</strong></span> <span class='ocrx_word' id='word_1_10' title='bbox 1609 490 1728 546; x_wconf 80' lang='lat' dir='ltr'><strong>qnze</strong></span> <span class='ocrx_word' id='word_1_11' title='bbox 1770 489 1828 530; x_wconf 84' lang='lat' dir='ltr'><strong>se</strong></span> <span class='ocrx_word' id='word_1_12' title='bbox 1870 472 2104 528; x_wconf 86' lang='lat' dir='ltr'><strong>armavit</strong></span> <span class='ocrx_word' id='word_1_13' title='bbox 2154 481 2339 528; x_wconf 86' lang='lat' dir='ltr'><strong>contra</strong></span> 
     </span>
    </p>
   </div>
   <div class='ocr_carea' id='block_1_5' title="bbox 2445 471 4032 550">
    <p class='ocr_par' dir='ltr' id='par_1_5' title="bbox 2455 471 4032 550">
     <span class='ocr_line' id='line_1_5' title="bbox 2455 471 4032 550; baseline 0.006 -25"><span class='ocrx_word' id='word_1_14' title='bbox 2455 472 2626 543; x_wconf 80' lang='grc' dir='ltr'>αύτης</span> <span class='ocrx_word' id='word_1_15' title='bbox 2676 473 2982 545; x_wconf 79' lang='grc' dir='ltr'><strong>τιμηθῆναι</strong></span> <span class='ocrx_word' id='word_1_16' title='bbox 3024 471 3295 543; x_wconf 79' lang='grc' dir='ltr'>γλώττης,</span> <span class='ocrx_word' id='word_1_17' title='bbox 3328 476 3426 547; x_wconf 86' lang='grc' dir='ltr'>τῆς</span> <span class='ocrx_word' id='word_1_18' title='bbox 3461 477 3845 550; x_wconf 80' lang='grc' dir='ltr'>όπλισαμένης</span> <span class='ocrx_word' id='word_1_19' title='bbox 3896 488 4032 534; x_wconf 63' lang='grc' dir='ltr'>κατὰ</span> 
     </span>
    </p>
   </div>
   <div class='ocr_carea' id='block_1_6' title="bbox 773 566 2343 641">
    <p class='ocr_par' dir='ltr' id='par_1_6' title="bbox 773 566 2343 641">
     <span class='ocr_line' id='line_1_6' title="bbox 773 566 2343 641; baseline -0.006 -14"><span class='ocrx_word' id='word_1_20' title='bbox 773 573 965 637; x_wconf 84' lang='lat' dir='ltr'><strong>Deum,</strong></span> <span class='ocrx_word' id='word_1_21' title='bbox 1025 586 1205 641; x_wconf 92' lang='lat' dir='ltr'><strong>neque</strong></span> <span class='ocrx_word' id='word_1_22' title='bbox 1252 584 1318 625; x_wconf 92' lang='lat' dir='ltr'><strong>eo</strong></span> <span class='ocrx_word' id='word_1_23' title='bbox 1373 568 1663 638; x_wconf 82' lang='lat' dir='ltr'><strong>procedam</strong></span> <span class='ocrx_word' id='word_1_24' title='bbox 1718 566 1996 630; x_wconf 75' lang='lat' dir='ltr'><strong>amentiae,</strong></span> <span class='ocrx_word' id='word_1_25' title='bbox 2046 574 2105 619; x_wconf 91' lang='lat' dir='ltr'><strong>ut</strong></span> <span class='ocrx_word' id='word_1_26' title='bbox 2157 580 2343 619; x_wconf 87' lang='lat' dir='ltr'><strong>verser</strong></span> 
     </span>
    </p>
   </div>
   <div class='ocr_carea' id='block_1_7' title="bbox 773 659 2344 734">
    <p class='ocr_par' dir='ltr' id='par_1_7' title="bbox 773 659 2344 734">
     <span class='ocr_line' id='line_1_7' title="bbox 773 659 2344 734; baseline -0.005 -15"><span class='ocrx_word' id='word_1_27' title='bbox 773 681 898 721; x_wconf 86' lang='lat' dir='ltr'><strong>cum</strong></span> <span class='ocrx_word' id='word_1_28' title='bbox 929 666 1015 731; x_wconf 91' lang='lat' dir='ltr'><strong>iis,</strong></span> <span class='ocrx_word' id='word_1_29' title='bbox 1041 664 1135 734; x_wconf 86' lang='lat' dir='ltr'><strong>qui</strong></span> <span class='ocrx_word' id='word_1_30' title='bbox 1173 663 1281 718; x_wconf 90' lang='lat' dir='ltr'><strong>Deo</strong></span> <span class='ocrx_word' id='word_1_31' title='bbox 1316 671 1444 717; x_wconf 89' lang='lat' dir='ltr'><strong>sunt</strong></span> <span class='ocrx_word' id='word_1_32' title='bbox 1494 662 1633 716; x_wconf 91' lang='lat' dir='ltr'><strong>adeo</strong></span> <span class='ocrx_word' id='word_1_33' title='bbox 1682 660 1909 723; x_wconf 85' lang='lat' dir='ltr'><strong>inimici,</strong></span> <span class='ocrx_word' id='word_1_34' title='bbox 1945 668 1999 714; x_wconf 86' lang='lat' dir='ltr'><strong>et</strong></span> <span class='ocrx_word' id='word_1_35' title='bbox 2043 659 2097 712; x_wconf 90' lang='lat' dir='ltr'><strong>in</strong></span> <span class='ocrx_word' id='word_1_36' title='bbox 2150 672 2344 726; x_wconf 88' lang='lat' dir='ltr'><strong>pecca-</strong></span> 
     </span>
    </p>
   </div>
   <div class='ocr_carea' id='block_1_8' title="bbox 774 749 2343 810">
    <p class='ocr_par' dir='ltr' id='par_1_8' title="bbox 774 749 2343 810">
     <span class='ocr_line' id='line_1_8' title="bbox 774 749 2343 810; baseline -0.005 -1"><span class='ocrx_word' id='word_1_37' title='bbox 774 766 954 810; x_wconf 87' lang='lat' dir='ltr'><strong>torum</strong></span> <span class='ocrx_word' id='word_1_38' title='bbox 1016 755 1256 809; x_wconf 86' lang='lat' dir='ltr'><strong>habitem</strong></span> <span class='ocrx_word' id='word_1_39' title='bbox 1304 751 1694 807; x_wconf 76' lang='lat' dir='ltr'><strong>tabernaculis.</strong></span> <span class='ocrx_word' id='word_1_40' title='bbox 1745 750 1881 805; x_wconf 86' lang='lat' dir='ltr'><strong>Cum</strong></span> <span class='ocrx_word' id='word_1_41' title='bbox 1941 765 2036 804; x_wconf 82' lang='lat' dir='ltr'><strong>rex</strong></span> <span class='ocrx_word' id='word_1_42' title='bbox 2084 749 2199 803; x_wconf 66' lang='lat' dir='ltr'><strong>haec</strong></span> <span class='ocrx_word' id='word_1_43' title='bbox 2245 763 2343 802; x_wconf 84' lang='lat' dir='ltr'><strong>au—</strong></span> 
     </span>
    </p>
   </div>
   <div class='ocr_carea' id='block_1_9' title="bbox 773 830 2342 912">
    <p class='ocr_par' dir='ltr' id='par_1_9' title="bbox 773 830 2342 912">
     <span class='ocr_line' id='line_1_9' title="bbox 773 830 2342 912; baseline -0.004 -13"><span class='ocrx_word' id='word_1_44' title='bbox 773 830 993 909; x_wconf 78' lang='lat' dir='ltr'><strong>diisset,</strong></span> <span class='ocrx_word' id='word_1_45' title='bbox 1036 847 1119 901; x_wconf 90' lang='lat' dir='ltr'><strong>ira</strong></span> <span class='ocrx_word' id='word_1_46' title='bbox 1170 846 1339 900; x_wconf 88' lang='lat' dir='ltr'><strong>corde</strong></span> <span class='ocrx_word' id='word_1_47' title='bbox 1406 858 1690 908; x_wconf 85' lang='lat' dir='ltr'><strong>accensus,</strong></span> <span class='ocrx_word' id='word_1_48' title='bbox 1745 838 1958 912; x_wconf 78' lang='lat' dir='ltr'><strong>aspexit</strong></span> <span class='ocrx_word' id='word_1_49' title='bbox 1987 840 2056 895; x_wconf 91' lang='lat' dir='ltr'><strong>ad</strong></span> <span class='ocrx_word' id='word_1_50' title='bbox 2105 854 2200 895; x_wconf 89' lang='lat' dir='ltr'><strong>eos</strong></span> <span class='ocrx_word' id='word_1_51' title='bbox 2251 838 2342 908; x_wconf 90' lang='lat' dir='ltr'><strong>qui</strong></span> 
     </span>
    </p>
   </div>
   <div class='ocr_carea' id='block_1_10' title="bbox 770 933 2342 1006">
    <p class='ocr_par' dir='ltr' id='par_1_10' title="bbox 770 933 2342 1006">
     <span class='ocr_line' id='line_1_10' title="bbox 770 933 2342 1006; baseline -0.004 -14"><span class='ocrx_word' id='word_1_52' title='bbox 770 940 1021 1006; x_wconf 87' lang='lat' dir='ltr'><strong>aderant,</strong></span> <span class='ocrx_word' id='word_1_53' title='bbox 1070 947 1127 994; x_wconf 90' lang='lat' dir='ltr'><strong>ct</strong></span> <span class='ocrx_word' id='word_1_54' title='bbox 1183 954 1309 992; x_wconf 91' lang='lat' dir='ltr'><strong>cum</strong></span> <span class='ocrx_word' id='word_1_55' title='bbox 1377 936 1624 1001; x_wconf 77' lang='lat' dir='ltr'><strong>dixisset,</strong></span> <span class='ocrx_word' id='word_1_56' title='bbox 1664 933 1835 1002; x_wconf 86' lang='lat' dir='ltr'><strong>Quam</strong></span> <span class='ocrx_word' id='word_1_57' title='bbox 1895 934 2243 1005; x_wconf 90' lang='lat' dir='ltr'><strong>impudenter</strong></span> <span class='ocrx_word' id='word_1_58' title='bbox 2289 933 2342 985; x_wconf 91' lang='lat' dir='ltr'><strong>in</strong></span> 
     </span>
    </p>
   </div>
   <div class='ocr_carea' id='block_1_11' title="bbox 769 1022 2344 1101">
    <p class='ocr_par' dir='ltr' id='par_1_11' title="bbox 769 1022 2344 1101">
     <span class='ocr_line' id='line_1_11' title="bbox 769 1022 2344 1101; baseline -0.005 -17"><span class='ocrx_word' id='word_1_59' title='bbox 769 1046 868 1088; x_wconf 89' lang='lat' dir='ltr'><strong>nos</strong></span> <span class='ocrx_word' id='word_1_60' title='bbox 918 1046 975 1085; x_wconf 87' lang='lat' dir='ltr'><strong>sc</strong></span> <span class='ocrx_word' id='word_1_61' title='bbox 1025 1030 1163 1101; x_wconf 90' lang='lat' dir='ltr'><strong>gerit</strong></span> <span class='ocrx_word' id='word_1_62' title='bbox 1226 1030 1341 1083; x_wconf 64' lang='lat' dir='ltr'><strong>haec</strong></span> <span class='ocrx_word' id='word_1_63' title='bbox 1396 1027 1732 1083; x_wconf 78' lang='lat' dir='ltr'><strong>exsecranda</strong></span> <span class='ocrx_word' id='word_1_64' title='bbox 1799 1026 2119 1081; x_wconf 83' lang='lat' dir='ltr'><strong>muliercula</strong></span> <span class='ocrx_word' id='word_1_65' title='bbox 2152 1022 2344 1093; x_wconf 79' lang='lat' dir='ltr'><strong>ljubet</strong></span> 
     </span>
    </p>
   </div>
   <div class='ocr_carea' id='block_1_12' title="bbox 770 1117 2338 1193">
    <p class='ocr_par' dir='ltr' id='par_1_12' title="bbox 770 1117 2338 1193">
     <span class='ocr_line' id='line_1_12' title="bbox 770 1117 2338 1193; baseline -0.005 -16"><span class='ocrx_word' id='word_1_66' title='bbox 770 1126 891 1191; x_wconf 84' lang='lat' dir='ltr'><strong>ejus</strong></span> <span class='ocrx_word' id='word_1_67' title='bbox 917 1124 1080 1193; x_wconf 87' lang='lat' dir='ltr'><strong>capiti</strong></span> <span class='ocrx_word' id='word_1_68' title='bbox 1118 1122 1324 1177; x_wconf 86' lang='lat' dir='ltr'><strong>auferri</strong></span> <span class='ocrx_word' id='word_1_69' title='bbox 1363 1131 1766 1193; x_wconf 75' lang='lat' dir='ltr'><strong>legumentum,</strong></span> <span class='ocrx_word' id='word_1_70' title='bbox 1816 1128 1871 1174; x_wconf 94' lang='lat' dir='ltr'><strong>et</strong></span> <span class='ocrx_word' id='word_1_71' title='bbox 1907 1119 2027 1189; x_wconf 82' lang='lat' dir='ltr'><strong>ejus</strong></span> <span class='ocrx_word' id='word_1_72' title='bbox 2073 1117 2338 1182; x_wconf 89' lang='lat' dir='ltr'><strong>filiarum;</strong></span> 
     </span>
    </p>
   </div>
   <div class='ocr_carea' id='block_1_13' title="bbox 768 1209 2341 1282">
    <p class='ocr_par' dir='ltr' id='par_1_13' title="bbox 768 1209 2341 1282">
     <span class='ocr_line' id='line_1_13' title="bbox 768 1209 2341 1282; baseline -0.003 -16"><span class='ocrx_word' id='word_1_73' title='bbox 768 1221 822 1266; x_wconf 85' lang='lat' dir='ltr'><strong>et</strong></span> <span class='ocrx_word' id='word_1_74' title='bbox 852 1213 929 1267; x_wconf 90' lang='lat' dir='ltr'><strong>sic</strong></span> <span class='ocrx_word' id='word_1_75' title='bbox 961 1228 1054 1268; x_wconf 91' lang='lat' dir='ltr'><strong>eas</strong></span> <span class='ocrx_word' id='word_1_76' title='bbox 1081 1213 1230 1267; x_wconf 91' lang='lat' dir='ltr'><strong>nudo</strong></span> <span class='ocrx_word' id='word_1_77' title='bbox 1259 1212 1457 1282; x_wconf 85' lang='lat' dir='ltr'><strong>capite,</strong></span> <span class='ocrx_word' id='word_1_78' title='bbox 1493 1221 1547 1267; x_wconf 92' lang='lat' dir='ltr'><strong>et</strong></span> <span class='ocrx_word' id='word_1_79' title='bbox 1577 1210 1850 1281; x_wconf 88' lang='lat' dir='ltr'><strong>promissa</strong></span> <span class='ocrx_word' id='word_1_80' title='bbox 1873 1224 2050 1277; x_wconf 90' lang='lat' dir='ltr'><strong>coma,</strong></span> <span class='ocrx_word' id='word_1_81' title='bbox 2079 1209 2133 1264; x_wconf 92' lang='lat' dir='ltr'><strong>in</strong></span> <span class='ocrx_word' id='word_1_82' title='bbox 2162 1217 2341 1263; x_wconf 89' lang='lat' dir='ltr'><strong>castra</strong></span> 
     </span>
    </p>
   </div>
   <div class='ocr_carea' id='block_1_14' title="bbox 772 1303 1438 1375">
    <p class='ocr_par' dir='ltr' id='par_1_14' title="bbox 772 1303 1438 1375">
     <span class='ocr_line' id='line_1_14' title="bbox 772 1303 1438 1375; baseline -0.005 -17"><span class='ocrx_word' id='word_1_83' title='bbox 772 1304 896 1359; x_wconf 90' lang='lat' dir='ltr'><strong>duci</strong></span> <span class='ocrx_word' id='word_1_84' title='bbox 930 1319 1027 1374; x_wconf 91' lang='lat' dir='ltr'><strong>per</strong></span> <span class='ocrx_word' id='word_1_85' title='bbox 1059 1303 1438 1375; x_wconf 88' lang='lat' dir='ltr'><strong>ignominiam.</strong></span> 
     </span>
    </p>
   </div>
   <div class='ocr_carea' id='block_1_15' title="bbox 835 1479 2340 1555">
    <p class='ocr_par' dir='ltr' id='par_1_15' title="bbox 835 1479 2340 1555">
     <span class='ocr_line' id='line_1_15' title="bbox 835 1479 2340 1555; baseline -0.004 -15"><span class='ocrx_word' id='word_1_86' title='bbox 835 1486 970 1541; x_wconf 75' lang='lat' dir='ltr'><strong>XlV.</strong></span> <span class='ocrx_word' id='word_1_87' title='bbox 1009 1483 1309 1555; x_wconf 79' lang='lat' dir='ltr'><strong>Egrediens</strong></span> <span class='ocrx_word' id='word_1_88' title='bbox 1355 1497 1484 1555; x_wconf 90' lang='lat' dir='ltr'><strong>ergo</strong></span> <span class='ocrx_word' id='word_1_89' title='bbox 1520 1496 1780 1553; x_wconf 85' lang='lat' dir='ltr'><strong>generosa</strong></span> <span class='ocrx_word' id='word_1_90' title='bbox 1830 1480 2047 1547; x_wconf 86' lang='lat' dir='ltr'><strong>mulier,</strong></span> <span class='ocrx_word' id='word_1_91' title='bbox 2103 1495 2227 1535; x_wconf 89' lang='lat' dir='ltr'><strong>cum</strong></span> <span class='ocrx_word' id='word_1_92' title='bbox 2258 1479 2340 1534; x_wconf 82' lang='lat' dir='ltr'><strong>vi-</strong></span> 
     </span>
    </p>
   </div>
   <div class='ocr_carea' id='block_1_16' title="bbox 766 1572 2357 1648">
    <p class='ocr_par' dir='ltr' id='par_1_16' title="bbox 766 1572 2357 1648">
     <span class='ocr_line' id='line_1_16' title="bbox 766 1572 2357 1648; baseline -0.006 -13"><span class='ocrx_word' id='word_1_93' title='bbox 766 1579 940 1635; x_wconf 88' lang='lat' dir='ltr'><strong>disset</strong></span> <span class='ocrx_word' id='word_1_94' title='bbox 986 1591 1237 1648; x_wconf 81' lang='lat' dir='ltr'><strong>magnam</strong></span> <span class='ocrx_word' id='word_1_95' title='bbox 1290 1577 1615 1631; x_wconf 89' lang='lat' dir='ltr'><strong>feminarum</strong></span> <span class='ocrx_word' id='word_1_96' title='bbox 1663 1573 2072 1629; x_wconf 78' lang='lat' dir='ltr'><strong>multitudinem</strong></span> <span class='ocrx_word' id='word_1_97' title='bbox 2116 1572 2357 1648; x_wconf 31' lang='lat' dir='ltr'><strong>ﬂentem.</strong></span> 
     </span>
    </p>
   </div>
   <div class='ocr_carea' id='block_1_17' title="bbox 765 1665 2339 1742">
    <p class='ocr_par' dir='ltr' id='par_1_17' title="bbox 765 1665 2339 1742">
     <span class='ocr_line' id='line_1_17' title="bbox 765 1665 2339 1742; baseline -0.006 -14"><span class='ocrx_word' id='word_1_98' title='bbox 765 1680 821 1728; x_wconf 90' lang='lat' dir='ltr'><strong>et</strong></span> <span class='ocrx_word' id='word_1_99' title='bbox 856 1671 1177 1742; x_wconf 70' lang='lat' dir='ltr'><strong>eiulantem,</strong></span> <span class='ocrx_word' id='word_1_100' title='bbox 1211 1670 1357 1740; x_wconf 92' lang='lat' dir='ltr'><strong>quod</strong></span> <span class='ocrx_word' id='word_1_101' title='bbox 1389 1668 1513 1724; x_wconf 89' lang='lat' dir='ltr'><strong>talis</strong></span> <span class='ocrx_word' id='word_1_102' title='bbox 1561 1667 1822 1723; x_wconf 81' lang='lat' dir='ltr'><strong>nobilitas</strong></span> <span class='ocrx_word' id='word_1_103' title='bbox 1867 1665 2174 1720; x_wconf 66' lang='lat' dir='ltr'><strong>afficeretur</strong></span> <span class='ocrx_word' id='word_1_104' title='bbox 2205 1679 2339 1719; x_wconf 86' lang='lat' dir='ltr'><strong>con-</strong></span> 
     </span>
    </p>
   </div>
   <div class='ocr_carea' id='block_1_18' title="bbox 767 1758 2335 1828">
    <p class='ocr_par' dir='ltr' id='par_1_18' title="bbox 767 1758 2335 1828">
     <span class='ocr_line' id='line_1_18' title="bbox 767 1758 2335 1828; baseline -0.005 -11"><span class='ocrx_word' id='word_1_105' title='bbox 767 1764 1011 1827; x_wconf 84' lang='lat' dir='ltr'><strong>tumelin,</strong></span> <span class='ocrx_word' id='word_1_106' title='bbox 1046 1762 1136 1816; x_wconf 91' lang='lat' dir='ltr'><strong>illa</strong></span> <span class='ocrx_word' id='word_1_107' title='bbox 1192 1777 1287 1815; x_wconf 90' lang='lat' dir='ltr'><strong>eas</strong></span> <span class='ocrx_word' id='word_1_108' title='bbox 1328 1774 1522 1815; x_wconf 81' lang='lat' dir='ltr'><strong>severe</strong></span> <span class='ocrx_word' id='word_1_109' title='bbox 1593 1769 1649 1814; x_wconf 92' lang='lat' dir='ltr'><strong>et</strong></span> <span class='ocrx_word' id='word_1_110' title='bbox 1696 1758 1982 1828; x_wconf 81' lang='lat' dir='ltr'><strong>magniﬁce</strong></span> <span class='ocrx_word' id='word_1_111' title='bbox 2042 1758 2262 1812; x_wconf 91' lang='lat' dir='ltr'><strong>intuens</strong></span> <span class='ocrx_word' id='word_1_112' title='bbox 2322 1772 2335 1809; x_wconf 91' lang='lat'><strong>:</strong></span> 
     </span>
    </p>
   </div>
   <div class='ocr_carea' id='block_1_19' title="bbox 2444 564 4031 640">
    <p class='ocr_par' dir='ltr' id='par_1_19' title="bbox 2444 564 4031 640">
     <span class='ocr_line' id='line_1_19' title="bbox 2444 564 4031 640; baseline 0.005 -23"><span class='ocrx_word' id='word_1_113' title='bbox 2444 564 2613 618; x_wconf 80' lang='grc' dir='ltr'>Θεοῦ·</span> <span class='ocrx_word' id='word_1_114' title='bbox 2671 565 2807 636; x_wconf 79' lang='grc' dir='ltr'>μηδὲ</span> <span class='ocrx_word' id='word_1_115' title='bbox 2864 566 3016 637; x_wconf 84' lang='grc' dir='ltr'>παρὰ</span> <span class='ocrx_word' id='word_1_116' title='bbox 3071 565 3324 619; x_wconf 74' lang='grc' dir='ltr'>τοσοῦτον</span> <span class='ocrx_word' id='word_1_117' title='bbox 3374 567 3562 632; x_wconf 78' lang='grc' dir='ltr'><strong>ἀνοίας</strong></span> <span class='ocrx_word' id='word_1_118' title='bbox 3609 568 3855 640; x_wconf 72' lang='grc' dir='ltr'>ἔλθοιμι,</span> <span class='ocrx_word' id='word_1_119' title='bbox 3894 569 4031 625; x_wconf 80' lang='grc' dir='ltr'>ὥστε</span> 
     </span>
    </p>
   </div>
   <div class='ocr_carea' id='block_1_20' title="bbox 2443 657 4031 733">
    <p class='ocr_par' dir='ltr' id='par_1_20' title="bbox 2443 657 4031 733">
     <span class='ocr_line' id='line_1_20' title="bbox 2443 657 4031 733; baseline 0.003 -21"><span class='ocrx_word' id='word_1_120' title='bbox 2443 658 2882 729; x_wconf 74' lang='grc' dir='ltr'>ἀναστρέφεσθαι</span> <span class='ocrx_word' id='word_1_121' title='bbox 2914 659 3025 719; x_wconf 82' lang='grc' dir='ltr'>τοῖς</span> <span class='ocrx_word' id='word_1_122' title='bbox 3054 657 3229 722; x_wconf 76' lang='grc' dir='ltr'>οὕτως</span> <span class='ocrx_word' id='word_1_123' title='bbox 3259 657 3613 729; x_wconf 80' lang='grc' dir='ltr'>ὲχθραίνουσι</span> <span class='ocrx_word' id='word_1_124' title='bbox 3649 661 3727 731; x_wconf 84' lang='grc' dir='ltr'>τῷ</span> <span class='ocrx_word' id='word_1_125' title='bbox 3762 661 3911 733; x_wconf 77' lang='grc' dir='ltr'>θεῷ,</span> <span class='ocrx_word' id='word_1_126' title='bbox 3940 664 4031 716; x_wconf 83' lang='grc' dir='ltr'>καὶ</span> 
     </span>
    </p>
   </div>
   <div class='ocr_carea' id='block_1_21' title="bbox 2448 749 4032 821">
    <p class='ocr_par' dir='ltr' id='par_1_21' title="bbox 2448 749 4032 821">
     <span class='ocr_line' id='line_1_21' title="bbox 2448 749 4032 821; baseline 0.003 -18"><span class='ocrx_word' id='word_1_127' title='bbox 2448 751 2508 803; x_wconf 80' lang='grc' dir='ltr'>ἐν</span> <span class='ocrx_word' id='word_1_128' title='bbox 2560 750 2929 820; x_wconf 83' lang='grc' dir='ltr'>σκηνώμασιν</span> <span class='ocrx_word' id='word_1_129' title='bbox 2985 749 3334 821; x_wconf 78' lang='grc' dir='ltr'><strong>ἁμαρτωλῶν</strong></span> <span class='ocrx_word' id='word_1_130' title='bbox 3405 754 3715 808; x_wconf 82' lang='grc' dir='ltr'>κατοικεῖν.</span> <span class='ocrx_word' id='word_1_131' title='bbox 3761 754 4032 808; x_wconf 80' lang='grc' dir='ltr'>Τούτωνό</span> 
     </span>
    </p>
   </div>
   <div class='ocr_carea' id='block_1_22' title="bbox 2447 844 4027 920">
    <p class='ocr_par' dir='ltr' id='par_1_22' title="bbox 2447 844 4027 920">
     <span class='ocr_line' id='line_1_22' title="bbox 2447 844 4027 920; baseline 0.003 -22"><span class='ocrx_word' id='word_1_132' title='bbox 2447 844 2699 915; x_wconf 78' lang='grc' dir='ltr'>βασιλεὺς</span> <span class='ocrx_word' id='word_1_133' title='bbox 2728 844 2804 908; x_wconf 82' lang='grc' dir='ltr'><strong>ὡς</strong></span> <span class='ocrx_word' id='word_1_134' title='bbox 2832 846 3034 916; x_wconf 70' lang='grc' dir='ltr'>ἢκουσε</span> <span class='ocrx_word' id='word_1_135' title='bbox 3072 844 3229 916; x_wconf 84' lang='grc' dir='ltr'>θυμῷ</span> <span class='ocrx_word' id='word_1_136' title='bbox 3259 848 3359 918; x_wconf 81' lang='grc' dir='ltr'>τὴν</span> <span class='ocrx_word' id='word_1_137' title='bbox 3394 848 3628 920; x_wconf 78' lang='grc' dir='ltr'>καρδίαν</span> <span class='ocrx_word' id='word_1_138' title='bbox 3669 848 4027 915; x_wconf 77' lang='grc' dir='ltr'>ἀνακαυθεὶς,</span> 
     </span>
    </p>
   </div>
   <div class='ocr_carea' id='block_1_23' title="bbox 2443 935 4028 1013">
    <p class='ocr_par' dir='ltr' id='par_1_23' title="bbox 2443 935 4028 1013">
     <span class='ocr_line' id='line_1_23' title="bbox 2443 935 4028 1013; baseline 0.002 -21"><span class='ocrx_word' id='word_1_139' title='bbox 2443 937 2720 1007; x_wconf 76' lang='grc' dir='ltr'>ἀπέϐλεψε</span> <span class='ocrx_word' id='word_1_140' title='bbox 2748 938 2883 1009; x_wconf 80' lang='grc' dir='ltr'>πρὸς</span> <span class='ocrx_word' id='word_1_141' title='bbox 2912 939 3039 1003; x_wconf 80' lang='grc' dir='ltr'>τοὺς</span> <span class='ocrx_word' id='word_1_142' title='bbox 3078 938 3381 1010; x_wconf 78' lang='grc' dir='ltr'><strong>παρόντας,</strong></span> <span class='ocrx_word' id='word_1_143' title='bbox 3407 942 3521 1007; x_wconf 70' lang='grc' dir='ltr'>καὶ,</span> <span class='ocrx_word' id='word_1_144' title='bbox 3555 935 3657 995; x_wconf 75' lang='grc' dir='ltr'>Οἷα</span> <span class='ocrx_word' id='word_1_145' title='bbox 3712 940 3842 994; x_wconf 76' lang='grc' dir='ltr'>καθ’</span> <span class='ocrx_word' id='word_1_146' title='bbox 3876 944 4028 1013; x_wconf 78' lang='grc' dir='ltr'>ἡμῶν</span> 
     </span>
    </p>
   </div>
   <div class='ocr_carea' id='block_1_24' title="bbox 2444 1031 4024 1104">
    <p class='ocr_par' dir='ltr' id='par_1_24' title="bbox 2444 1031 4024 1104">
     <span class='ocr_line' id='line_1_24' title="bbox 2444 1031 4024 1104; baseline 0.001 -19"><span class='ocrx_word' id='word_1_147' title='bbox 2444 1031 2787 1085; x_wconf 77' lang='grc' dir='ltr'><strong>ἀναιδεύεται</strong></span> <span class='ocrx_word' id='word_1_148' title='bbox 2825 1031 2886 1085; x_wconf 84' lang='grc' dir='ltr'>τὸ</span> <span class='ocrx_word' id='word_1_149' title='bbox 2918 1036 3227 1103; x_wconf 86' lang='grc' dir='ltr'>κατάρατον</span> <span class='ocrx_word' id='word_1_150' title='bbox 3264 1032 3417 1086; x_wconf 77' lang='grc' dir='ltr'>τουτὶ</span> <span class='ocrx_word' id='word_1_151' title='bbox 3457 1034 3704 1103; x_wconf 83' lang='grc' dir='ltr'>γύναιον,</span> <span class='ocrx_word' id='word_1_152' title='bbox 3756 1033 4024 1104; x_wconf 73' lang='grc' dir='ltr'>εἰρηκὼς,</span> 
     </span>
    </p>
   </div>
   <div class='ocr_carea' id='block_1_25' title="bbox 2442 1123 4031 1201">
    <p class='ocr_par' dir='ltr' id='par_1_25' title="bbox 2442 1123 4031 1201">
     <span class='ocr_line' id='line_1_25' title="bbox 2442 1123 4031 1201; baseline 0 -24"><span class='ocrx_word' id='word_1_153' title='bbox 2442 1124 2658 1178; x_wconf 79' lang='grc' dir='ltr'><strong>κελεύει</strong></span> <span class='ocrx_word' id='word_1_154' title='bbox 2711 1123 2809 1196; x_wconf 81' lang='grc' dir='ltr'>τὴν</span> <span class='ocrx_word' id='word_1_155' title='bbox 2867 1124 2967 1195; x_wconf 82' lang='grc' dir='ltr'>τῆς</span> <span class='ocrx_word' id='word_1_156' title='bbox 3018 1126 3260 1201; x_wconf 77' lang='grc' dir='ltr'><strong>κεφαλῆς</strong></span> <span class='ocrx_word' id='word_1_157' title='bbox 3314 1126 3663 1196; x_wconf 79' lang='grc' dir='ltr'>ἀφαιρεῖσθαι</span> <span class='ocrx_word' id='word_1_158' title='bbox 3712 1126 4031 1195; x_wconf 80' lang='grc' dir='ltr'>καλύπτραν</span> 
     </span>
    </p>
   </div>
   <div class='ocr_carea' id='block_1_26' title="bbox 2441 1218 4030 1289">
    <p class='ocr_par' dir='ltr' id='par_1_26' title="bbox 2441 1218 4030 1289">
     <span class='ocr_line' id='line_1_26' title="bbox 2441 1218 4030 1289; baseline -0.001 -17"><span class='ocrx_word' id='word_1_159' title='bbox 2441 1218 2613 1288; x_wconf 77' lang='grc' dir='ltr'>αὐτῆς</span> <span class='ocrx_word' id='word_1_160' title='bbox 2641 1235 2702 1271; x_wconf 87' lang='grc' dir='ltr'><strong>τε</strong></span> <span class='ocrx_word' id='word_1_161' title='bbox 2748 1219 2837 1271; x_wconf 71' lang='grc' dir='ltr'>καὶ</span> <span class='ocrx_word' id='word_1_162' title='bbox 2874 1218 2982 1272; x_wconf 81' lang='grc' dir='ltr'>τῶν</span> <span class='ocrx_word' id='word_1_163' title='bbox 3032 1218 3370 1289; x_wconf 80' lang='grc' dir='ltr'><strong>θυγατέρων,</strong></span> <span class='ocrx_word' id='word_1_164' title='bbox 3408 1219 3504 1271; x_wconf 85' lang='grc' dir='ltr'>καὶ</span> <span class='ocrx_word' id='word_1_165' title='bbox 3559 1219 3734 1282; x_wconf 74' lang='grc' dir='ltr'>οὕτως</span> <span class='ocrx_word' id='word_1_166' title='bbox 3767 1221 4030 1280; x_wconf 81' lang='grc' dir='ltr'>ἁσκεπείς</span> 
     </span>
    </p>
   </div>
   <div class='ocr_carea' id='block_1_27' title="bbox 2441 1310 4031 1384">
    <p class='ocr_par' dir='ltr' id='par_1_27' title="bbox 2441 1310 4031 1384">
     <span class='ocr_line' id='line_1_27' title="bbox 2441 1310 4031 1384; baseline 0 -19"><span class='ocrx_word' id='word_1_167' title='bbox 2441 1312 2536 1365; x_wconf 72' lang='grc' dir='ltr'>καὶ</span> <span class='ocrx_word' id='word_1_168' title='bbox 2568 1310 2704 1382; x_wconf 80' lang='grc' dir='ltr'>βαθὺ</span> <span class='ocrx_word' id='word_1_169' title='bbox 2738 1310 2998 1383; x_wconf 80' lang='grc' dir='ltr'><strong>κομώσας</strong></span> <span class='ocrx_word' id='word_1_170' title='bbox 3049 1311 3136 1366; x_wconf 70' lang='grc' dir='ltr'><strong>ἐπ’</strong></span> <span class='ocrx_word' id='word_1_171' title='bbox 3188 1311 3421 1383; x_wconf 84' lang='grc' dir='ltr'>αίσχύνῃ</span> <span class='ocrx_word' id='word_1_172' title='bbox 3454 1314 3607 1384; x_wconf 74' lang='grc' dir='ltr'>παρὰ</span> <span class='ocrx_word' id='word_1_173' title='bbox 3636 1313 3697 1365; x_wconf 81' lang='grc' dir='ltr'><strong>τδ</strong></span> <span class='ocrx_word' id='word_1_174' title='bbox 3728 1313 4031 1383; x_wconf 78' lang='grc' dir='ltr'>στρατόπε-</span> 
     </span>
    </p>
   </div>
   <div class='ocr_carea' id='block_1_28' title="bbox 2442 1404 2818 1473">
    <p class='ocr_par' dir='ltr' id='par_1_28' title="bbox 2442 1404 2818 1473">
     <span class='ocr_line' id='line_1_28' title="bbox 2442 1404 2818 1473; baseline 0.003 -15"><span class='ocrx_word' id='word_1_175' title='bbox 2442 1404 2530 1458; x_wconf 91' lang='grc' dir='ltr'><strong>δον</strong></span> <span class='ocrx_word' id='word_1_176' title='bbox 2564 1404 2818 1473; x_wconf 77' lang='grc' dir='ltr'>ἄγεσθαι.</span> 
     </span>
    </p>
   </div>
   <div class='ocr_carea' id='block_1_29' title="bbox 2512 1496 4022 1571">
    <p class='ocr_par' dir='ltr' id='par_1_29' title="bbox 2512 1496 4022 1571">
     <span class='ocr_line' id='line_1_29' title="bbox 2512 1496 4022 1571; baseline -0.001 -19"><span class='ocrx_word' id='word_1_177' title='bbox 2512 1499 2606 1552; x_wconf 83' lang='grc' dir='ltr'><strong>ΙΔ’.</strong></span> <span class='ocrx_word' id='word_1_178' title='bbox 2658 1496 2908 1563; x_wconf 78' lang='grc' dir='ltr'>Ἐξιοῦσα</span> <span class='ocrx_word' id='word_1_179' title='bbox 2959 1496 3141 1551; x_wconf 80' lang='grc' dir='ltr'>τοίνυν</span> <span class='ocrx_word' id='word_1_180' title='bbox 3181 1500 3214 1571; x_wconf 87' lang='grc' dir='ltr'>ή</span> <span class='ocrx_word' id='word_1_181' title='bbox 3250 1500 3481 1569; x_wconf 88' lang='grc' dir='ltr'>γενναία</span> <span class='ocrx_word' id='word_1_182' title='bbox 3536 1499 3633 1553; x_wconf 75' lang='grc' dir='ltr'>καὶ</span> <span class='ocrx_word' id='word_1_183' title='bbox 3676 1498 3889 1568; x_wconf 77' lang='grc' dir='ltr'>πλῆθος</span> <span class='ocrx_word' id='word_1_184' title='bbox 3941 1499 4022 1553; x_wconf 77' lang='grc' dir='ltr'><strong>ὄτι</strong></span> 
     </span>
    </p>
   </div>
   <div class='ocr_carea' id='block_1_30' title="bbox 2443 1589 4033 1662">
    <p class='ocr_par' dir='ltr' id='par_1_30' title="bbox 2443 1589 4033 1662">
     <span class='ocr_line' id='line_1_30' title="bbox 2443 1589 4033 1662; baseline 0.001 -21"><span class='ocrx_word' id='word_1_185' title='bbox 2443 1589 2579 1641; x_wconf 76' lang='grc' dir='ltr'>πολὺ</span> <span class='ocrx_word' id='word_1_186' title='bbox 2617 1591 2897 1658; x_wconf 82' lang='grc' dir='ltr'>γυναικῶν</span> <span class='ocrx_word' id='word_1_187' title='bbox 2932 1590 3118 1645; x_wconf 77' lang='grc' dir='ltr'>ἰδοῦσα</span> <span class='ocrx_word' id='word_1_188' title='bbox 3174 1593 3304 1662; x_wconf 79' lang='grc' dir='ltr'>περὶ</span> <span class='ocrx_word' id='word_1_189' title='bbox 3364 1590 3535 1662; x_wconf 79' lang='grc' dir='ltr'>αὐτὴν</span> <span class='ocrx_word' id='word_1_190' title='bbox 3586 1590 3903 1661; x_wconf 79' lang='grc' dir='ltr'>ἀνοιμῶζον</span> <span class='ocrx_word' id='word_1_191' title='bbox 3939 1594 4033 1644; x_wconf 78' lang='grc' dir='ltr'>καὶ</span> 
     </span>
    </p>
   </div>
   <div class='ocr_carea' id='block_1_31' title="bbox 2443 1680 4035 1754">
    <p class='ocr_par' dir='ltr' id='par_1_31' title="bbox 2443 1680 4035 1754">
     <span class='ocr_line' id='line_1_31' title="bbox 2443 1680 4035 1754; baseline -0.002 -19"><span class='ocrx_word' id='word_1_192' title='bbox 2443 1682 2864 1752; x_wconf 75' lang='grc' dir='ltr'>παθαινόμενον,</span> <span class='ocrx_word' id='word_1_193' title='bbox 2890 1683 2965 1747; x_wconf 83' lang='grc' dir='ltr'>ὡς</span> <span class='ocrx_word' id='word_1_194' title='bbox 2995 1683 3253 1754; x_wconf 80' lang='grc' dir='ltr'><strong>τοιαύτης</strong></span> <span class='ocrx_word' id='word_1_195' title='bbox 3282 1683 3446 1754; x_wconf 79' lang='grc' dir='ltr'>δῆθεν</span> <span class='ocrx_word' id='word_1_196' title='bbox 3492 1682 3780 1751; x_wconf 81' lang='grc' dir='ltr'>εὐγενείας</span> <span class='ocrx_word' id='word_1_197' title='bbox 3813 1680 4035 1752; x_wconf 74' lang='grc' dir='ltr'>ὑϐριζο-</span> 
     </span>
    </p>
   </div>
   <div class='ocr_carea' id='block_1_32' title="bbox 2447 1773 4030 1847">
    <p class='ocr_par' dir='ltr' id='par_1_32' title="bbox 2447 1773 4030 1847">
     <span class='ocr_line' id='line_1_32' title="bbox 2447 1773 4030 1847; baseline 0 -22"><span class='ocrx_word' id='word_1_198' title='bbox 2447 1775 2638 1844; x_wconf 78' lang='grc' dir='ltr'>μένης,</span> <span class='ocrx_word' id='word_1_199' title='bbox 2662 1778 2860 1844; x_wconf 78' lang='grc' dir='ltr'>σεμνὸν</span> <span class='ocrx_word' id='word_1_200' title='bbox 2887 1776 3071 1846; x_wconf 80' lang='grc' dir='ltr'>εκείνη</span> <span class='ocrx_word' id='word_1_201' title='bbox 3105 1776 3243 1847; x_wconf 78' lang='grc' dir='ltr'>πρὸς</span> <span class='ocrx_word' id='word_1_202' title='bbox 3278 1777 3447 1839; x_wconf 72' lang='grc' dir='ltr'>αὐτὰς</span> <span class='ocrx_word' id='word_1_203' title='bbox 3494 1775 3678 1829; x_wconf 77' lang='grc' dir='ltr'>ἰδοῦσα</span> <span class='ocrx_word' id='word_1_204' title='bbox 3714 1773 3813 1827; x_wconf 73' lang='grc' dir='ltr'>καὶ</span> <span class='ocrx_word' id='word_1_205' title='bbox 3854 1790 4030 1843; x_wconf 83' lang='grc' dir='ltr'>μεγα-</span> 
     </span>
    </p>
   </div>
   <div class='ocr_carea' id='block_1_33' title="bbox 767 1845 2342 1937">
    <p class='ocr_par' dir='ltr' id='par_1_33' title="bbox 767 1851 2340 1924">
     <span class='ocr_line' id='line_1_33' title="bbox 767 1851 2340 1924; baseline -0.004 -13"><span class='ocrx_word' id='word_1_206' title='bbox 767 1855 916 1919; x_wconf 88' lang='lat' dir='ltr'><strong>Scio,</strong></span> <span class='ocrx_word' id='word_1_207' title='bbox 950 1854 1151 1924; x_wconf 87' lang='lat' dir='ltr'><strong>inquit,</strong></span> <span class='ocrx_word' id='word_1_208' title='bbox 1185 1868 1218 1909; x_wconf 91' lang='grc' dir='ltr'><strong>ο</strong></span> <span class='ocrx_word' id='word_1_209' title='bbox 1257 1853 1466 1918; x_wconf 64' lang='lat' dir='ltr'><strong>amicae,</strong></span> <span class='ocrx_word' id='word_1_210' title='bbox 1496 1851 1639 1922; x_wconf 92' lang='lat' dir='ltr'><strong>quod</strong></span> <span class='ocrx_word' id='word_1_211' title='bbox 1671 1860 1898 1923; x_wconf 89' lang='lat' dir='ltr'><strong>propter</strong></span> <span class='ocrx_word' id='word_1_212' title='bbox 1944 1866 2046 1905; x_wconf 92' lang='lat' dir='ltr'><strong>nos</strong></span> <span class='ocrx_word' id='word_1_213' title='bbox 2097 1851 2340 1907; x_wconf 88' lang='lat' dir='ltr'><strong>dolorem</strong></span> 
     </span>
    </p>
   </div>
   <div class='ocr_carea' id='block_1_34' title="bbox 2445 1845 4035 1937">
    <p class='ocr_par' dir='ltr' id='par_1_34' title="bbox 2445 1845 4035 1937">
     <span class='ocr_line' id='line_1_34' title="bbox 2445 1845 4035 1937; baseline -0.002 -18"><span class='ocrx_word' id='word_1_214' title='bbox 2445 1867 2639 1936; x_wconf 67' lang='grc' dir='ltr'>λόφρον</span> <span class='ocrx_word' id='word_1_215' title='bbox 2659 1907 2672 1931; x_wconf 91' lang='grc'><strong>,</strong></span> <span class='ocrx_word' id='word_1_216' title='bbox 2701 1863 2815 1920; x_wconf 84' lang='grc' dir='ltr'>Οἷδ’</span> <span class='ocrx_word' id='word_1_217' title='bbox 2840 1868 2948 1933; x_wconf 83' lang='grc' dir='ltr'>ὅτι,</span> <span class='ocrx_word' id='word_1_218' title='bbox 2966 1845 3328 1937; x_wconf 12' lang='grc' dir='ltr'>φησὶν,ήφίλαι</span> <span class='ocrx_word' id='word_1_219' title='bbox 3382 1870 3666 1935; x_wconf 84' lang='grc' dir='ltr'>γυναῖκες,</span> <span class='ocrx_word' id='word_1_220' title='bbox 3701 1865 4035 1936; x_wconf 76' lang='grc' dir='ltr'>περιπαθεῖς</span> 
     </span>
    </p>
   </div>
   <div class='ocr_carea' id='block_1_35' title="bbox 764 1941 2342 2016">
    <p class='ocr_par' dir='ltr' id='par_1_35' title="bbox 764 1941 2342 2016">
     <span class='ocr_line' id='line_1_35' title="bbox 764 1941 2342 2016; baseline -0.004 -16"><span class='ocrx_word' id='word_1_221' title='bbox 764 1946 1039 2016; x_wconf 86' lang='lat' dir='ltr'><strong>accipitis,</strong></span> <span class='ocrx_word' id='word_1_222' title='bbox 1071 1944 1272 2015; x_wconf 84' lang='lat' dir='ltr'><strong>partim</strong></span> <span class='ocrx_word' id='word_1_223' title='bbox 1305 1942 1526 2013; x_wconf 88' lang='lat' dir='ltr'><strong>quidem</strong></span> <span class='ocrx_word' id='word_1_224' title='bbox 1581 1941 1817 1997; x_wconf 84' lang='lat' dir='ltr'><strong>fortasse</strong></span> <span class='ocrx_word' id='word_1_225' title='bbox 1867 1951 2089 2011; x_wconf 83' lang='lat' dir='ltr'><strong>prOptcr</strong></span> <span class='ocrx_word' id='word_1_226' title='bbox 2134 1948 2342 1994; x_wconf 77' lang='lat' dir='ltr'><strong>natura:</strong></span> 
     </span>
    </p>
   </div>
   <div class='ocr_carea' id='block_1_36' title="bbox 763 2034 2339 2110">
    <p class='ocr_par' dir='ltr' id='par_1_36' title="bbox 763 2034 2339 2110">
     <span class='ocr_line' id='line_1_36' title="bbox 763 2034 2339 2110; baseline -0.005 -16"><span class='ocrx_word' id='word_1_227' title='bbox 763 2039 1167 2110; x_wconf 79' lang='lat' dir='ltr'><strong>cognationem,</strong></span> <span class='ocrx_word' id='word_1_228' title='bbox 1203 2036 1400 2107; x_wconf 86' lang='lat' dir='ltr'><strong>partim</strong></span> <span class='ocrx_word' id='word_1_229' title='bbox 1448 2044 1630 2089; x_wconf 89' lang='lat' dir='ltr'><strong>autem</strong></span> <span class='ocrx_word' id='word_1_230' title='bbox 1676 2034 1822 2105; x_wconf 91' lang='lat' dir='ltr'><strong>quod</strong></span> <span class='ocrx_word' id='word_1_231' title='bbox 1872 2034 2091 2105; x_wconf 88' lang='lat' dir='ltr'><strong>indigna</strong></span> <span class='ocrx_word' id='word_1_232' title='bbox 2137 2048 2202 2087; x_wconf 89' lang='lat' dir='ltr'><strong>ac</strong></span> <span class='ocrx_word' id='word_1_233' title='bbox 2235 2048 2339 2103; x_wconf 91' lang='lat' dir='ltr'><strong>pu-</strong></span> 
     </span>
    </p>
   </div>
   <div class='ocr_carea' id='block_1_37' title="bbox 764 2125 2337 2199">
    <p class='ocr_par' dir='ltr' id='par_1_37' title="bbox 764 2125 2337 2199">
     <span class='ocr_line' id='line_1_37' title="bbox 764 2125 2337 2199; baseline -0.005 -13"><span class='ocrx_word' id='word_1_234' title='bbox 764 2132 943 2186; x_wconf 90' lang='lat' dir='ltr'><strong>denda</strong></span> <span class='ocrx_word' id='word_1_235' title='bbox 974 2129 1163 2185; x_wconf 85' lang='lat' dir='ltr'><strong>videar</strong></span> <span class='ocrx_word' id='word_1_236' title='bbox 1205 2127 1316 2199; x_wconf 88' lang='lat' dir='ltr'><strong>pati</strong></span> <span class='ocrx_word' id='word_1_237' title='bbox 1364 2141 1487 2182; x_wconf 90' lang='lat' dir='ltr'><strong>cum</strong></span> <span class='ocrx_word' id='word_1_238' title='bbox 1535 2126 1768 2181; x_wconf 87' lang='lat' dir='ltr'><strong>filiabus.</strong></span> <span class='ocrx_word' id='word_1_239' title='bbox 1818 2125 1923 2180; x_wconf 88' lang='lat' dir='ltr'><strong>Sed</strong></span> <span class='ocrx_word' id='word_1_240' title='bbox 1971 2141 2040 2181; x_wconf 92' lang='lat' dir='ltr'><strong>ne</strong></span> <span class='ocrx_word' id='word_1_241' title='bbox 2088 2125 2337 2180; x_wconf 89' lang='lat' dir='ltr'><strong>doleatis.</strong></span> 
     </span>
    </p>
   </div>
   <div class='ocr_carea' id='block_1_38' title="bbox 762 2218 2341 2292">
    <p class='ocr_par' dir='ltr' id='par_1_38' title="bbox 762 2218 2341 2292">
     <span class='ocr_line' id='line_1_38' title="bbox 762 2218 2341 2292; baseline -0.004 -15"><span class='ocrx_word' id='word_1_242' title='bbox 762 2223 875 2277; x_wconf 77' lang='lat' dir='ltr'><strong>Nos</strong></span> <span class='ocrx_word' id='word_1_243' title='bbox 908 2223 1055 2277; x_wconf 90' lang='lat' dir='ltr'><strong>enim</strong></span> <span class='ocrx_word' id='word_1_244' title='bbox 1091 2236 1202 2276; x_wconf 92' lang='lat' dir='ltr'><strong>non</strong></span> <span class='ocrx_word' id='word_1_245' title='bbox 1264 2219 1389 2276; x_wconf 89' lang='lat' dir='ltr'><strong>ideo</strong></span> <span class='ocrx_word' id='word_1_246' title='bbox 1433 2221 1813 2292; x_wconf 78' lang='lat' dir='ltr'><strong>negaverimus</strong></span> <span class='ocrx_word' id='word_1_247' title='bbox 1865 2218 2176 2273; x_wconf 84' lang='lat' dir='ltr'><strong>effectorem</strong></span> <span class='ocrx_word' id='word_1_248' title='bbox 2219 2219 2341 2272; x_wconf 89' lang='lat' dir='ltr'><strong>coeli</strong></span> 
     </span>
    </p>
   </div>
   <div class='ocr_carea' id='block_1_39' title="bbox 762 2311 2338 2381">
    <p class='ocr_par' dir='ltr' id='par_1_39' title="bbox 762 2311 2338 2381">
     <span class='ocr_line' id='line_1_39' title="bbox 762 2311 2338 2381; baseline -0.003 -12"><span class='ocrx_word' id='word_1_249' title='bbox 762 2325 817 2369; x_wconf 88' lang='lat' dir='ltr'><strong>et</strong></span> <span class='ocrx_word' id='word_1_250' title='bbox 849 2326 1029 2375; x_wconf 72' lang='lat' dir='ltr'><strong>terrae,</strong></span> <span class='ocrx_word' id='word_1_251' title='bbox 1059 2327 1237 2380; x_wconf 88' lang='lat' dir='ltr'><strong>neque</strong></span> <span class='ocrx_word' id='word_1_252' title='bbox 1267 2327 1388 2381; x_wconf 72' lang='lat' dir='ltr'><strong>quae</strong></span> <span class='ocrx_word' id='word_1_253' title='bbox 1423 2324 1549 2366; x_wconf 91' lang='lat' dir='ltr'><strong>sunt</strong></span> <span class='ocrx_word' id='word_1_254' title='bbox 1582 2312 1647 2365; x_wconf 91' lang='lat' dir='ltr'><strong>ad</strong></span> <span class='ocrx_word' id='word_1_255' title='bbox 1683 2320 1897 2380; x_wconf 83' lang='lat' dir='ltr'><strong>tempus</strong></span> <span class='ocrx_word' id='word_1_256' title='bbox 1944 2311 2162 2364; x_wconf 60' lang='lat' dir='ltr'><strong>aeternis</strong></span> <span class='ocrx_word' id='word_1_257' title='bbox 2201 2326 2338 2380; x_wconf 70' lang='lat' dir='ltr'><strong>pra:-</strong></span> 
     </span>
    </p>
   </div>
   <div class='ocr_carea' id='block_1_40' title="bbox 764 2402 2342 2473">
    <p class='ocr_par' dir='ltr' id='par_1_40' title="bbox 764 2402 2342 2473">
     <span class='ocr_line' id='line_1_40' title="bbox 764 2402 2342 2473; baseline -0.004 -12"><span class='ocrx_word' id='word_1_258' title='bbox 764 2405 1082 2462; x_wconf 84' lang='lat' dir='ltr'><strong>tulerimus.</strong></span> <span class='ocrx_word' id='word_1_259' title='bbox 1141 2405 1277 2459; x_wconf 80' lang='lat' dir='ltr'><strong>Nam</strong></span> <span class='ocrx_word' id='word_1_260' title='bbox 1331 2402 1467 2458; x_wconf 90' lang='lat' dir='ltr'><strong>mihi</strong></span> <span class='ocrx_word' id='word_1_261' title='bbox 1532 2403 1751 2473; x_wconf 83' lang='lat' dir='ltr'><strong>quidem</strong></span> <span class='ocrx_word' id='word_1_262' title='bbox 1822 2417 1851 2456; x_wconf 90' lang='lat' dir='ltr'><strong>a</strong></span> <span class='ocrx_word' id='word_1_263' title='bbox 1900 2402 2197 2473; x_wconf 87' lang='lat' dir='ltr'><strong>majoribus</strong></span> <span class='ocrx_word' id='word_1_264' title='bbox 2244 2417 2342 2472; x_wconf 87' lang='lat' dir='ltr'><strong>per</strong></span> 
     </span>
    </p>
   </div>
   <div class='ocr_carea' id='block_1_41' title="bbox 763 2494 2341 2568">
    <p class='ocr_par' dir='ltr' id='par_1_41' title="bbox 763 2494 2341 2568">
     <span class='ocr_line' id='line_1_41' title="bbox 763 2494 2341 2568; baseline -0.003 -13"><span class='ocrx_word' id='word_1_265' title='bbox 763 2501 1168 2555; x_wconf 84' lang='lat' dir='ltr'><strong>successionem</strong></span> <span class='ocrx_word' id='word_1_266' title='bbox 1201 2497 1378 2568; x_wconf 86' lang='lat' dir='ltr'><strong>pietas</strong></span> <span class='ocrx_word' id='word_1_267' title='bbox 1423 2503 1478 2552; x_wconf 92' lang='lat' dir='ltr'><strong>et</strong></span> <span class='ocrx_word' id='word_1_268' title='bbox 1506 2511 1633 2551; x_wconf 86' lang='lat' dir='ltr'><strong>vera</strong></span> <span class='ocrx_word' id='word_1_269' title='bbox 1681 2494 1901 2566; x_wconf 89' lang='lat' dir='ltr'><strong>religio,</strong></span> <span class='ocrx_word' id='word_1_270' title='bbox 1951 2504 2005 2549; x_wconf 91' lang='lat' dir='ltr'><strong>et</strong></span> <span class='ocrx_word' id='word_1_271' title='bbox 2043 2510 2073 2549; x_wconf 90' lang='lat' dir='ltr'><strong>a</strong></span> <span class='ocrx_word' id='word_1_272' title='bbox 2124 2495 2341 2551; x_wconf 86' lang='lat' dir='ltr'><strong>Christo</strong></span> 
     </span>
    </p>
   </div>
   <div class='ocr_carea' id='block_1_42' title="bbox 763 2587 2340 2656">
    <p class='ocr_par' dir='ltr' id='par_1_42' title="bbox 763 2587 2340 2656">
     <span class='ocr_line' id='line_1_42' title="bbox 763 2587 2340 2656; baseline -0.003 -10"><span class='ocrx_word' id='word_1_273' title='bbox 763 2592 1127 2656; x_wconf 88' lang='lat' dir='ltr'><strong>denominari,</strong></span> <span class='ocrx_word' id='word_1_274' title='bbox 1164 2598 1220 2645; x_wconf 89' lang='lat' dir='ltr'><strong>et</strong></span> <span class='ocrx_word' id='word_1_275' title='bbox 1250 2605 1377 2644; x_wconf 88' lang='lat' dir='ltr'><strong>eum</strong></span> <span class='ocrx_word' id='word_1_276' title='bbox 1412 2603 1576 2644; x_wconf 90' lang='lat' dir='ltr'><strong>nosse</strong></span> <span class='ocrx_word' id='word_1_277' title='bbox 1607 2587 1802 2653; x_wconf 89' lang='lat' dir='ltr'><strong>Deum,</strong></span> <span class='ocrx_word' id='word_1_278' title='bbox 1833 2587 2030 2642; x_wconf 88' lang='lat' dir='ltr'><strong>tradita</strong></span> <span class='ocrx_word' id='word_1_279' title='bbox 2054 2588 2189 2642; x_wconf 90' lang='lat' dir='ltr'><strong>mihi</strong></span> <span class='ocrx_word' id='word_1_280' title='bbox 2219 2587 2340 2642; x_wconf 92' lang='lat' dir='ltr'><strong>fue-</strong></span> 
     </span>
    </p>
   </div>
   <div class='ocr_carea' id='block_1_43' title="bbox 763 2678 2340 2748">
    <p class='ocr_par' dir='ltr' id='par_1_43' title="bbox 763 2678 2340 2748">
     <span class='ocr_line' id='line_1_43' title="bbox 763 2678 2340 2748; baseline -0.003 -10"><span class='ocrx_word' id='word_1_281' title='bbox 763 2691 894 2739; x_wconf 90' lang='lat' dir='ltr'><strong>runt</strong></span> <span class='ocrx_word' id='word_1_282' title='bbox 926 2684 982 2738; x_wconf 91' lang='lat' dir='ltr'><strong>in</strong></span> <span class='ocrx_word' id='word_1_283' title='bbox 1035 2682 1453 2748; x_wconf 62' lang='lat' dir='ltr'><strong>hatreditatem;</strong></span> <span class='ocrx_word' id='word_1_284' title='bbox 1489 2695 1598 2734; x_wconf 89' lang='lat' dir='ltr'><strong>non</strong></span> <span class='ocrx_word' id='word_1_285' title='bbox 1651 2678 1786 2733; x_wconf 91' lang='lat' dir='ltr'><strong>mihi</strong></span> <span class='ocrx_word' id='word_1_286' title='bbox 1837 2688 2017 2733; x_wconf 86' lang='lat' dir='ltr'><strong>autem</strong></span> <span class='ocrx_word' id='word_1_287' title='bbox 2071 2679 2194 2745; x_wconf 92' lang='lat' dir='ltr'><strong>soli,</strong></span> <span class='ocrx_word' id='word_1_288' title='bbox 2246 2678 2340 2735; x_wconf 87' lang='lat' dir='ltr'><strong>sed</strong></span> 
     </span>
    </p>
   </div>
   <div class='ocr_carea' id='block_1_44' title="bbox 766 2769 2339 2846">
    <p class='ocr_par' dir='ltr' id='par_1_44' title="bbox 766 2769 2339 2846">
     <span class='ocr_line' id='line_1_44' title="bbox 766 2769 2339 2846; baseline -0.004 -14"><span class='ocrx_word' id='word_1_289' title='bbox 766 2777 1038 2833; x_wconf 73' lang='lat' dir='ltr'><strong>universae</strong></span> <span class='ocrx_word' id='word_1_290' title='bbox 1069 2790 1286 2846; x_wconf 90' lang='lat' dir='ltr'><strong>quoque</strong></span> <span class='ocrx_word' id='word_1_291' title='bbox 1335 2788 1468 2828; x_wconf 76' lang='lat' dir='ltr'><strong>mea:</strong></span> <span class='ocrx_word' id='word_1_292' title='bbox 1514 2770 1845 2843; x_wconf 84' lang='lat' dir='ltr'><strong>cognationi.</strong></span> <span class='ocrx_word' id='word_1_293' title='bbox 1894 2769 2124 2842; x_wconf 80' lang='lat' dir='ltr'><strong>Propter</strong></span> <span class='ocrx_word' id='word_1_294' title='bbox 2179 2786 2339 2841; x_wconf 89' lang='lat' dir='ltr'><strong>quem</strong></span> 
     </span>
    </p>
   </div>
   <div class='ocr_carea' id='block_1_45' title="bbox 763 2864 2339 2942">
    <p class='ocr_par' dir='ltr' id='par_1_45' title="bbox 763 2864 2339 2942">
     <span class='ocr_line' id='line_1_45' title="bbox 763 2864 2339 2942; baseline -0.007 -16"><span class='ocrx_word' id='word_1_295' title='bbox 763 2884 864 2942; x_wconf 84' lang='lat' dir='ltr'><strong>ego</strong></span> <span class='ocrx_word' id='word_1_296' title='bbox 893 2867 1141 2940; x_wconf 79' lang='lat' dir='ltr'><strong>amplexa</strong></span> <span class='ocrx_word' id='word_1_297' title='bbox 1170 2867 1589 2931; x_wconf 87' lang='lat' dir='ltr'><strong>continentiam,</strong></span> <span class='ocrx_word' id='word_1_298' title='bbox 1627 2864 1946 2920; x_wconf 78' lang='lat' dir='ltr'><strong>viduitatem</strong></span> <span class='ocrx_word' id='word_1_299' title='bbox 1984 2864 2196 2934; x_wconf 78' lang='lat' dir='ltr'><strong>praetuli</strong></span> <span class='ocrx_word' id='word_1_300' title='bbox 2223 2877 2339 2916; x_wconf 60' lang='lat' dir='ltr'><strong>ma.</strong></span> 
     </span>
    </p>
   </div>
   <div class='ocr_carea' id='block_1_46' title="bbox 765 2953 2340 3026">
    <p class='ocr_par' dir='ltr' id='par_1_46' title="bbox 765 2953 2340 3026">
     <span class='ocr_line' id='line_1_46' title="bbox 765 2953 2340 3026; baseline -0.006 -10"><span class='ocrx_word' id='word_1_301' title='bbox 765 2962 1034 3017; x_wconf 84' lang='lat' dir='ltr'><strong>trimonio</strong></span> <span class='ocrx_word' id='word_1_302' title='bbox 1071 2969 1170 3015; x_wconf 91' lang='lat' dir='ltr'><strong>:et</strong></span> <span class='ocrx_word' id='word_1_303' title='bbox 1198 2976 1261 3014; x_wconf 86' lang='lat' dir='ltr'><strong>ex</strong></span> <span class='ocrx_word' id='word_1_304' title='bbox 1311 2957 1685 3022; x_wconf 78' lang='lat' dir='ltr'><strong>facultatibus,</strong></span> <span class='ocrx_word' id='word_1_305' title='bbox 1724 2970 1859 3026; x_wconf 89' lang='lat' dir='ltr'><strong>quas</strong></span> <span class='ocrx_word' id='word_1_306' title='bbox 1900 2955 2187 3021; x_wconf 83' lang='lat' dir='ltr'><strong>habebam,</strong></span> <span class='ocrx_word' id='word_1_307' title='bbox 2216 2953 2340 3025; x_wconf 88' lang='lat' dir='ltr'><strong>plu-</strong></span> 
     </span>
    </p>
   </div>
   <div class='ocr_carea' id='block_1_47' title="bbox 761 3045 2339 3123">
    <p class='ocr_par' dir='ltr' id='par_1_47' title="bbox 761 3045 2339 3123">
     <span class='ocr_line' id='line_1_47' title="bbox 761 3045 2339 3123; baseline -0.005 -15"><span class='ocrx_word' id='word_1_308' title='bbox 761 3054 963 3109; x_wconf 84' lang='lat' dir='ltr'><strong>rimum</strong></span> <span class='ocrx_word' id='word_1_309' title='bbox 992 3052 1241 3106; x_wconf 89' lang='lat' dir='ltr'><strong>distribui</strong></span> <span class='ocrx_word' id='word_1_310' title='bbox 1273 3051 1630 3123; x_wconf 83' lang='lat' dir='ltr'><strong>pauperibus.</strong></span> <span class='ocrx_word' id='word_1_311' title='bbox 1668 3046 1807 3103; x_wconf 89' lang='lat' dir='ltr'><strong>Sunt</strong></span> <span class='ocrx_word' id='word_1_312' title='bbox 1838 3062 1967 3103; x_wconf 93' lang='lat' dir='ltr'><strong>vero</strong></span> <span class='ocrx_word' id='word_1_313' title='bbox 2000 3045 2177 3101; x_wconf 90' lang='lat' dir='ltr'><strong>adhuc</strong></span> <span class='ocrx_word' id='word_1_314' title='bbox 2206 3047 2339 3100; x_wconf 92' lang='lat' dir='ltr'><strong>mihi</strong></span> 
     </span>
    </p>
   </div>
   <div class='ocr_carea' id='block_1_48' title="bbox 2453 1958 4033 2032">
    <p class='ocr_par' dir='ltr' id='par_1_48' title="bbox 2453 1958 4033 2032">
     <span class='ocr_line' id='line_1_48' title="bbox 2453 1958 4033 2032; baseline -0.003 -20"><span class='ocrx_word' id='word_1_315' title='bbox 2453 1959 2537 2030; x_wconf 71' lang='grc' dir='ltr'><strong>ἐφ’</strong></span> <span class='ocrx_word' id='word_1_316' title='bbox 2578 1962 2711 2032; x_wconf 83' lang='grc' dir='ltr'>ἡμῖν</span> <span class='ocrx_word' id='word_1_317' title='bbox 2737 1960 3041 2031; x_wconf 77' lang='grc' dir='ltr'><strong>γεγένησθε</strong></span> <span class='ocrx_word' id='word_1_318' title='bbox 3070 1976 3084 1992; x_wconf 89' lang='grc'><strong>·</strong></span> <span class='ocrx_word' id='word_1_319' title='bbox 3125 1959 3285 2015; x_wconf 84' lang='grc' dir='ltr'>τοῦτο</span> <span class='ocrx_word' id='word_1_320' title='bbox 3321 1960 3421 2030; x_wconf 82' lang='grc' dir='ltr'>μὲν</span> <span class='ocrx_word' id='word_1_321' title='bbox 3475 1961 3604 2022; x_wconf 81' lang='grc' dir='ltr'>ἴσως</span> <span class='ocrx_word' id='word_1_322' title='bbox 3682 1961 3779 2013; x_wconf 77' lang='grc' dir='ltr'>καὶ</span> <span class='ocrx_word' id='word_1_323' title='bbox 3837 1959 3927 2012; x_wconf 77' lang='grc' dir='ltr'><strong>διὰ</strong></span> <span class='ocrx_word' id='word_1_324' title='bbox 3975 1958 4033 2009; x_wconf 78' lang='grc' dir='ltr'>τὸ</span> 
     </span>
    </p>
   </div>
   <div class='ocr_carea' id='block_1_49' title="bbox 2444 2050 4027 2124">
    <p class='ocr_par' dir='ltr' id='par_1_49' title="bbox 2444 2050 4027 2124">
     <span class='ocr_line' id='line_1_49' title="bbox 2444 2050 4027 2124; baseline -0.004 -18"><span class='ocrx_word' id='word_1_325' title='bbox 2444 2053 2706 2121; x_wconf 84' lang='grc' dir='ltr'>συγγενὲς</span> <span class='ocrx_word' id='word_1_326' title='bbox 2734 2054 2834 2124; x_wconf 80' lang='grc' dir='ltr'>τῆς</span> <span class='ocrx_word' id='word_1_327' title='bbox 2862 2052 3107 2122; x_wconf 82' lang='grc' dir='ltr'>φύσεως,</span> <span class='ocrx_word' id='word_1_328' title='bbox 3132 2053 3293 2105; x_wconf 74' lang='grc' dir='ltr'>τοῦτο</span> <span class='ocrx_word' id='word_1_329' title='bbox 3320 2051 3378 2106; x_wconf 83' lang='grc' dir='ltr'>δὲ</span> <span class='ocrx_word' id='word_1_330' title='bbox 3413 2051 3589 2106; x_wconf 78' lang='grc' dir='ltr'>καὶτὸ</span> <span class='ocrx_word' id='word_1_331' title='bbox 3623 2050 3804 2103; x_wconf 81' lang='grc' dir='ltr'>δοκεῖν</span> <span class='ocrx_word' id='word_1_332' title='bbox 3836 2050 4027 2119; x_wconf 79' lang='grc' dir='ltr'>αἰσχύ-</span> 
     </span>
    </p>
   </div>
   <div class='ocr_carea' id='block_1_50' title="bbox 2443 2142 4030 2216">
    <p class='ocr_par' dir='ltr' id='par_1_50' title="bbox 2443 2142 4030 2216">
     <span class='ocr_line' id='line_1_50' title="bbox 2443 2142 4030 2216; baseline -0.001 -19"><span class='ocrx_word' id='word_1_333' title='bbox 2443 2164 2541 2216; x_wconf 87' lang='grc' dir='ltr'><strong>νης</strong></span> <span class='ocrx_word' id='word_1_334' title='bbox 2581 2144 2708 2208; x_wconf 78' lang='grc' dir='ltr'><strong>ἄξια</strong></span> <span class='ocrx_word' id='word_1_335' title='bbox 2768 2145 2908 2216; x_wconf 78' lang='grc' dir='ltr'>μετὰ</span> <span class='ocrx_word' id='word_1_336' title='bbox 2963 2144 3075 2198; x_wconf 88' lang='grc' dir='ltr'><strong>τῶν</strong></span> <span class='ocrx_word' id='word_1_337' title='bbox 3130 2144 3452 2214; x_wconf 82' lang='grc' dir='ltr'>θυγατέρων</span> <span class='ocrx_word' id='word_1_338' title='bbox 3503 2143 3651 2214; x_wconf 77' lang='grc' dir='ltr'>ἡμᾶς</span> <span class='ocrx_word' id='word_1_339' title='bbox 3705 2142 4030 2212; x_wconf 83' lang='grc' dir='ltr'>ὑπομένειν.</span> 
     </span>
    </p>
   </div>
   <div class='ocr_carea' id='block_1_51' title="bbox 2454 2234 4035 2308">
    <p class='ocr_par' dir='ltr' id='par_1_51' title="bbox 2454 2234 4035 2308">
     <span class='ocr_line' id='line_1_51' title="bbox 2454 2234 4035 2308; baseline -0.001 -20"><span class='ocrx_word' id='word_1_340' title='bbox 2454 2237 2596 2290; x_wconf 83' lang='grc' dir='ltr'>Ἀλλ’</span> <span class='ocrx_word' id='word_1_341' title='bbox 2652 2237 2712 2290; x_wconf 87' lang='grc' dir='ltr'><strong>ού</strong></span> <span class='ocrx_word' id='word_1_342' title='bbox 2761 2238 2915 2308; x_wconf 77' lang='grc' dir='ltr'>παρὰ</span> <span class='ocrx_word' id='word_1_343' title='bbox 2964 2236 3126 2290; x_wconf 81' lang='grc' dir='ltr'>τοῦτο</span> <span class='ocrx_word' id='word_1_344' title='bbox 3182 2236 3250 2290; x_wconf 81' lang='grc' dir='ltr'>ἂν</span> <span class='ocrx_word' id='word_1_345' title='bbox 3298 2238 3458 2307; x_wconf 77' lang='grc' dir='ltr'>ἡμεῖς</span> <span class='ocrx_word' id='word_1_346' title='bbox 3500 2234 3887 2307; x_wconf 83' lang='grc' dir='ltr'>ἀρνησαίμεθα</span> <span class='ocrx_word' id='word_1_347' title='bbox 3939 2234 4035 2288; x_wconf 75' lang='grc' dir='ltr'>τὸν</span> 
     </span>
    </p>
   </div>
   <div class='ocr_carea' id='block_1_52' title="bbox 2442 2326 4036 2402">
    <p class='ocr_par' dir='ltr' id='par_1_52' title="bbox 2442 2326 4036 2402">
     <span class='ocr_line' id='line_1_52' title="bbox 2442 2326 4036 2402; baseline -0.003 -20"><span class='ocrx_word' id='word_1_348' title='bbox 2442 2330 2671 2402; x_wconf 76' lang='grc' dir='ltr'>ποιητὴν</span> <span class='ocrx_word' id='word_1_349' title='bbox 2701 2329 2934 2401; x_wconf 82' lang='grc' dir='ltr'>ούρανοῦ</span> <span class='ocrx_word' id='word_1_350' title='bbox 2967 2329 3063 2384; x_wconf 76' lang='grc' dir='ltr'>καὶ</span> <span class='ocrx_word' id='word_1_351' title='bbox 3091 2330 3216 2399; x_wconf 79' lang='grc' dir='ltr'>γῆς,</span> <span class='ocrx_word' id='word_1_352' title='bbox 3251 2329 3373 2382; x_wconf 76' lang='grc' dir='ltr'>οὐδὲ</span> <span class='ocrx_word' id='word_1_353' title='bbox 3400 2330 3506 2382; x_wconf 84' lang='grc' dir='ltr'><strong>τῶν</strong></span> <span class='ocrx_word' id='word_1_354' title='bbox 3537 2328 3725 2381; x_wconf 81' lang='grc' dir='ltr'>ἀϊδίων</span> <span class='ocrx_word' id='word_1_355' title='bbox 3758 2329 3830 2381; x_wconf 79' lang='grc' dir='ltr'><strong>τὰ</strong></span> <span class='ocrx_word' id='word_1_356' title='bbox 3862 2326 4036 2397; x_wconf 71' lang='grc' dir='ltr'>πρόσ-</span> 
     </span>
    </p>
   </div>
   <div class='ocr_carea' id='block_1_53' title="bbox 2443 2418 4034 2496">
    <p class='ocr_par' dir='ltr' id='par_1_53' title="bbox 2443 2418 4034 2496">
     <span class='ocr_line' id='line_1_53' title="bbox 2443 2418 4034 2496; baseline -0.003 -19"><span class='ocrx_word' id='word_1_357' title='bbox 2443 2440 2613 2496; x_wconf 74' lang='grc' dir='ltr'>καιρα</span> <span class='ocrx_word' id='word_1_358' title='bbox 2641 2423 3111 2494; x_wconf 81' lang='grc' dir='ltr'>προτιμήσαιμεν.</span> <span class='ocrx_word' id='word_1_359' title='bbox 3149 2422 3305 2492; x_wconf 78' lang='grc' dir='ltr'>Ἐμοὶ</span> <span class='ocrx_word' id='word_1_360' title='bbox 3337 2422 3444 2492; x_wconf 77' lang='grc' dir='ltr'>γὰρ</span> <span class='ocrx_word' id='word_1_361' title='bbox 3471 2422 3536 2474; x_wconf 82' lang='grc' dir='ltr'>ὲκ</span> <span class='ocrx_word' id='word_1_362' title='bbox 3580 2420 3868 2491; x_wconf 88' lang='grc' dir='ltr'>προγόνων</span> <span class='ocrx_word' id='word_1_363' title='bbox 3900 2418 4034 2488; x_wconf 54' lang='lat' dir='ltr'><strong>x33,-</strong></span> 
     </span>
    </p>
   </div>
   <div class='ocr_carea' id='block_1_54' title="bbox 2442 2509 4031 2594">
    <p class='ocr_par' dir='ltr' id='par_1_54' title="bbox 2442 2509 4031 2594">
     <span class='ocr_line' id='line_1_54' title="bbox 2442 2509 4031 2594; baseline -0.006 -24"><span class='ocrx_word' id='word_1_364' title='bbox 2442 2534 2537 2590; x_wconf 88' lang='grc' dir='ltr'><strong>ρος</strong></span> <span class='ocrx_word' id='word_1_365' title='bbox 2595 2514 2880 2586; x_wconf 81' lang='grc' dir='ltr'>ἀδιάδοχος</span> <span class='ocrx_word' id='word_1_366' title='bbox 2954 2516 2988 2583; x_wconf 81' lang='grc' dir='ltr'><strong>ἡ</strong></span> <span class='ocrx_word' id='word_1_367' title='bbox 3028 2514 3309 2594; x_wconf 63' lang='grc' dir='ltr'>εὐσέϐεια,</span> <span class='ocrx_word' id='word_1_368' title='bbox 3369 2514 3464 2567; x_wconf 76' lang='grc' dir='ltr'>καὶ</span> <span class='ocrx_word' id='word_1_369' title='bbox 3512 2512 3573 2566; x_wconf 82' lang='grc' dir='ltr'>τὸ</span> <span class='ocrx_word' id='word_1_370' title='bbox 3630 2512 3742 2567; x_wconf 79' lang='grc' dir='ltr'><strong>ἀπὸ</strong></span> <span class='ocrx_word' id='word_1_371' title='bbox 3788 2509 4031 2581; x_wconf 73' lang='grc' dir='ltr'>Χριστοῦ</span> 
     </span>
    </p>
   </div>
   <div class='ocr_carea' id='block_1_55' title="bbox 2439 2603 4033 2686">
    <p class='ocr_par' dir='ltr' id='par_1_55' title="bbox 2439 2603 4033 2686">
     <span class='ocr_line' id='line_1_55' title="bbox 2439 2603 4033 2686; baseline -0.005 -23"><span class='ocrx_word' id='word_1_372' title='bbox 2439 2608 2746 2686; x_wconf 66' lang='grc' dir='ltr'>καλεῖσθαι,</span> <span class='ocrx_word' id='word_1_373' title='bbox 2800 2611 2895 2663; x_wconf 75' lang='grc' dir='ltr'>καὶ</span> <span class='ocrx_word' id='word_1_374' title='bbox 2950 2608 3142 2662; x_wconf 80' lang='grc' dir='ltr'>τοῦτον</span> <span class='ocrx_word' id='word_1_375' title='bbox 3201 2609 3405 2661; x_wconf 78' lang='grc' dir='ltr'>εἰδέναι</span> <span class='ocrx_word' id='word_1_376' title='bbox 3460 2605 3620 2661; x_wconf 88' lang='grc' dir='ltr'>Θεόν.</span> <span class='ocrx_word' id='word_1_377' title='bbox 3667 2606 3784 2659; x_wconf 85' lang='grc' dir='ltr'>Οὐκ</span> <span class='ocrx_word' id='word_1_378' title='bbox 3821 2604 3949 2674; x_wconf 69' lang='grc' dir='ltr'>ἐμοὶ</span> <span class='ocrx_word' id='word_1_379' title='bbox 3972 2603 4033 2656; x_wconf 64' lang='grc' dir='ltr'>δὲ</span> 
     </span>
    </p>
   </div>
   <div class='ocr_carea' id='block_1_56' title="bbox 2444 2689 4033 2775">
    <p class='ocr_par' dir='ltr' id='par_1_56' title="bbox 2444 2689 4033 2775">
     <span class='ocr_line' id='line_1_56' title="bbox 2444 2689 4033 2775; baseline -0.006 -20"><span class='ocrx_word' id='word_1_380' title='bbox 2444 2701 2608 2775; x_wconf 75' lang='grc' dir='ltr'>μόνῃ,</span> <span class='ocrx_word' id='word_1_381' title='bbox 2634 2700 2773 2755; x_wconf 81' lang='grc' dir='ltr'>ἀλλὰ</span> <span class='ocrx_word' id='word_1_382' title='bbox 2816 2702 2913 2755; x_wconf 74' lang='grc' dir='ltr'>καὶ</span> <span class='ocrx_word' id='word_1_383' title='bbox 2960 2702 3113 2773; x_wconf 75' lang='grc' dir='ltr'>πάσῃ</span> <span class='ocrx_word' id='word_1_384' title='bbox 3155 2703 3221 2771; x_wconf 83' lang='grc' dir='ltr'><strong>τῇ</strong></span> <span class='ocrx_word' id='word_1_385' title='bbox 3246 2699 3544 2771; x_wconf 80' lang='grc' dir='ltr'>συγγενείᾳ</span> <span class='ocrx_word' id='word_1_386' title='bbox 3588 2697 3653 2768; x_wconf 74' lang='grc' dir='ltr'>δὴ</span> <span class='ocrx_word' id='word_1_387' title='bbox 3681 2699 3751 2768; x_wconf 76' lang='grc' dir='ltr'>τῇ</span> <span class='ocrx_word' id='word_1_388' title='bbox 3780 2697 3914 2767; x_wconf 74' lang='grc' dir='ltr'>ἐμῇ.</span> <span class='ocrx_word' id='word_1_389' title='bbox 3954 2689 4033 2748; x_wconf 85' lang='grc' dir='ltr'><strong>Δι’</strong></span> 
     </span>
    </p>
   </div>
   <div class='ocr_carea' id='block_1_57' title="bbox 2439 2789 4035 2863">
    <p class='ocr_par' dir='ltr' id='par_1_57' title="bbox 2439 2789 4035 2863">
     <span class='ocr_line' id='line_1_57' title="bbox 2439 2789 4035 2863; baseline -0.006 -17"><span class='ocrx_word' id='word_1_390' title='bbox 2439 2793 2499 2846; x_wconf 83' lang='grc' dir='ltr'>ὃν</span> <span class='ocrx_word' id='word_1_391' title='bbox 2558 2791 2670 2862; x_wconf 76' lang='grc' dir='ltr'><strong>ἐγὼ</strong></span> <span class='ocrx_word' id='word_1_392' title='bbox 2721 2792 3084 2863; x_wconf 83' lang='grc' dir='ltr'>σωφροσύνην</span> <span class='ocrx_word' id='word_1_393' title='bbox 3142 2790 3542 2861; x_wconf 84' lang='grc' dir='ltr'>ἀσπασαμένη,</span> <span class='ocrx_word' id='word_1_394' title='bbox 3584 2789 3819 2861; x_wconf 87' lang='grc' dir='ltr'>χηρείαν</span> <span class='ocrx_word' id='word_1_395' title='bbox 3898 2804 4035 2857; x_wconf 73' lang='grc' dir='ltr'>προ-</span> 
     </span>
    </p>
   </div>
   <div class='ocr_carea' id='block_1_58' title="bbox 2443 2880 4034 2957">
    <p class='ocr_par' dir='ltr' id='par_1_58' title="bbox 2443 2880 4034 2957">
     <span class='ocr_line' id='line_1_58' title="bbox 2443 2880 4034 2957; baseline -0.006 -18"><span class='ocrx_word' id='word_1_396' title='bbox 2443 2885 2618 2956; x_wconf 83' lang='grc' dir='ltr'>έθηκα</span> <span class='ocrx_word' id='word_1_397' title='bbox 2658 2888 2862 2956; x_wconf 83' lang='grc' dir='ltr'>γάμου,</span> <span class='ocrx_word' id='word_1_398' title='bbox 2904 2886 2999 2940; x_wconf 78' lang='grc' dir='ltr'>καὶ</span> <span class='ocrx_word' id='word_1_399' title='bbox 3029 2886 3127 2957; x_wconf 74' lang='grc' dir='ltr'>τὴν</span> <span class='ocrx_word' id='word_1_400' title='bbox 3160 2884 3349 2938; x_wconf 84' lang='grc' dir='ltr'>οὐσίαν</span> <span class='ocrx_word' id='word_1_401' title='bbox 3377 2884 3577 2953; x_wconf 82' lang='grc' dir='ltr'>πολλὴν</span> <span class='ocrx_word' id='word_1_402' title='bbox 3613 2882 3781 2936; x_wconf 78' lang='grc' dir='ltr'>οὖσαν</span> <span class='ocrx_word' id='word_1_403' title='bbox 3837 2880 4034 2932; x_wconf 83' lang='grc' dir='ltr'>διενει-</span> 
     </span>
    </p>
   </div>
   <div class='ocr_carea' id='block_1_59' title="bbox 2448 2970 4031 3050">
    <p class='ocr_par' dir='ltr' id='par_1_59' title="bbox 2448 2970 4031 3050">
     <span class='ocr_line' id='line_1_59' title="bbox 2448 2970 4031 3050; baseline -0.007 -18"><span class='ocrx_word' id='word_1_404' title='bbox 2448 2980 2640 3050; x_wconf 84' lang='grc' dir='ltr'>μάμην</span> <span class='ocrx_word' id='word_1_405' title='bbox 2690 2980 2803 3042; x_wconf 78' lang='grc' dir='ltr'>τοῖς</span> <span class='ocrx_word' id='word_1_406' title='bbox 2850 2978 3100 3048; x_wconf 86' lang='grc' dir='ltr'>πένησιν.</span> <span class='ocrx_word' id='word_1_407' title='bbox 3152 2977 3311 3029; x_wconf 85' lang='grc' dir='ltr'>Ἐστι</span> <span class='ocrx_word' id='word_1_408' title='bbox 3351 2975 3407 3029; x_wconf 89' lang='grc' dir='ltr'><strong>δέ</strong></span> <span class='ocrx_word' id='word_1_409' title='bbox 3449 2992 3538 3045; x_wconf 92' lang='grc' dir='ltr'><strong>μοι</strong></span> <span class='ocrx_word' id='word_1_410' title='bbox 3585 2972 3686 3027; x_wconf 74' lang='grc' dir='ltr'>καὶ</span> <span class='ocrx_word' id='word_1_411' title='bbox 3721 2970 3917 3043; x_wconf 84' lang='grc' dir='ltr'>συχνὸς</span> <span class='ocrx_word' id='word_1_412' title='bbox 3952 2970 4031 3022; x_wconf 78' lang='grc' dir='ltr'>ἔτι</span> 
     </span>
    </p>
   </div>
   <div class='ocr_carea' id='block_1_60' title="bbox 2443 3063 4029 3142">
    <p class='ocr_par' dir='ltr' id='par_1_60' title="bbox 2443 3063 4029 3142">
     <span class='ocr_line' id='line_1_60' title="bbox 2443 3063 4029 3142; baseline -0.008 -17"><span class='ocrx_word' id='word_1_413' title='bbox 2443 3072 2671 3136; x_wconf 80' lang='grc' dir='ltr'>πλοῦτος</span> <span class='ocrx_word' id='word_1_414' title='bbox 2705 3073 2762 3125; x_wconf 80' lang='grc' dir='ltr'><strong>έν</strong></span> <span class='ocrx_word' id='word_1_415' title='bbox 2790 3070 3020 3142; x_wconf 81' lang='grc' dir='ltr'>ἀργύρῳ</span> <span class='ocrx_word' id='word_1_416' title='bbox 3070 3087 3126 3123; x_wconf 88' lang='grc' dir='ltr'><strong>τε</strong></span> <span class='ocrx_word' id='word_1_417' title='bbox 3170 3068 3267 3121; x_wconf 73' lang='grc' dir='ltr'>καὶ</span> <span class='ocrx_word' id='word_1_418' title='bbox 3300 3067 3510 3139; x_wconf 82' lang='grc' dir='ltr'>χρυσῷ,</span> <span class='ocrx_word' id='word_1_419' title='bbox 3547 3065 3681 3118; x_wconf 86' lang='grc' dir='ltr'>πολύ</span> <span class='ocrx_word' id='word_1_420' title='bbox 3712 3082 3772 3116; x_wconf 88' lang='grc' dir='ltr'><strong>τε</strong></span> <span class='ocrx_word' id='word_1_421' title='bbox 3807 3063 4029 3117; x_wconf 82' lang='grc' dir='ltr'>οἰκείων</span> 
     </span>
    </p>
   </div>
   <div class='ocr_carea' id='block_1_61' title="bbox 765 3139 2342 3241">
    <p class='ocr_par' dir='ltr' id='par_1_61' title="bbox 765 3139 2335 3217">
     <span class='ocr_line' id='line_1_61' title="bbox 765 3139 2335 3217; baseline -0.006 -16"><span class='ocrx_word' id='word_1_422' title='bbox 765 3161 974 3217; x_wconf 73' lang='lat' dir='ltr'><strong>magna:</strong></span> <span class='ocrx_word' id='word_1_423' title='bbox 1003 3146 1205 3201; x_wconf 73' lang='lat' dir='ltr'><strong>divitia:</strong></span> <span class='ocrx_word' id='word_1_424' title='bbox 1238 3146 1289 3197; x_wconf 90' lang='lat' dir='ltr'><strong>in</strong></span> <span class='ocrx_word' id='word_1_425' title='bbox 1322 3158 1457 3197; x_wconf 89' lang='lat' dir='ltr'><strong>auro</strong></span> <span class='ocrx_word' id='word_1_426' title='bbox 1491 3152 1547 3198; x_wconf 88' lang='lat' dir='ltr'><strong>et</strong></span> <span class='ocrx_word' id='word_1_427' title='bbox 1580 3149 1831 3214; x_wconf 81' lang='lat' dir='ltr'><strong>argento,</strong></span> <span class='ocrx_word' id='word_1_428' title='bbox 1866 3150 1921 3194; x_wconf 89' lang='lat' dir='ltr'><strong>et</strong></span> <span class='ocrx_word' id='word_1_429' title='bbox 1954 3156 2146 3211; x_wconf 73' lang='lat' dir='ltr'><strong>magna</strong></span> <span class='ocrx_word' id='word_1_430' title='bbox 2197 3139 2335 3194; x_wconf 85' lang='lat' dir='ltr'><strong>mul-</strong></span> 
     </span>
    </p>
   </div>
   <div class='ocr_carea' id='block_1_62' title="bbox 2445 3139 4033 3241">
    <p class='ocr_par' dir='ltr' id='par_1_62' title="bbox 2448 3139 4033 3233">
     <span class='ocr_line' id='line_1_62' title="bbox 2448 3139 4033 3233; baseline -0.008 -16"><span class='ocrx_word' id='word_1_431' title='bbox 2448 3164 2684 3233; x_wconf 80' lang='grc' dir='ltr'>πλῆθος,</span> <span class='ocrx_word' id='word_1_432' title='bbox 2717 3139 2893 3215; x_wconf 78' lang='grc' dir='ltr'>πολλὰ</span> <span class='ocrx_word' id='word_1_433' title='bbox 2927 3139 3275 3231; x_wconf 15' lang='grc' dir='ltr'>δὲνκτήματα</span> <span class='ocrx_word' id='word_1_434' title='bbox 3311 3158 3407 3212; x_wconf 80' lang='grc' dir='ltr'>καὶ</span> <span class='ocrx_word' id='word_1_435' title='bbox 3436 3155 3787 3227; x_wconf 62' lang='grc' dir='ltr'>βοσκήματα,</span> <span class='ocrx_word' id='word_1_436' title='bbox 3820 3156 3919 3207; x_wconf 72' lang='grc' dir='ltr'>καὶ</span> <span class='ocrx_word' id='word_1_437' title='bbox 3950 3170 4033 3205; x_wconf 82' lang='grc' dir='ltr'>το-</span> 
     </span>
    </p>
   </div>
   <div class='ocr_carea' id='block_1_63' title="bbox 764 3235 2344 3302">
    <p class='ocr_par' dir='ltr' id='par_1_63' title="bbox 764 3235 2344 3302">
     <span class='ocr_line' id='line_1_63' title="bbox 764 3235 2344 3302; baseline -0.006 -8"><span class='ocrx_word' id='word_1_438' title='bbox 764 3239 941 3295; x_wconf 88' lang='lat' dir='ltr'><strong>titudo</strong></span> <span class='ocrx_word' id='word_1_439' title='bbox 993 3252 1298 3301; x_wconf 87' lang='lat' dir='ltr'><strong>servorum,</strong></span> <span class='ocrx_word' id='word_1_440' title='bbox 1378 3235 1570 3289; x_wconf 74' lang='lat' dir='ltr'><strong>multa:</strong></span> <span class='ocrx_word' id='word_1_441' title='bbox 1626 3244 1809 3289; x_wconf 91' lang='lat' dir='ltr'><strong>autem</strong></span> <span class='ocrx_word' id='word_1_442' title='bbox 1862 3235 2233 3302; x_wconf 86' lang='lat' dir='ltr'><strong>possessiones</strong></span> <span class='ocrx_word' id='word_1_443' title='bbox 2290 3241 2344 3285; x_wconf 93' lang='lat' dir='ltr'><strong>ct</strong></span> 
     </span>
    </p>
   </div>
   <div class='ocr_carea' id='block_1_64' title="bbox 763 3324 2341 3402">
    <p class='ocr_par' dir='ltr' id='par_1_64' title="bbox 763 3324 2341 3402">
     <span class='ocr_line' id='line_1_64' title="bbox 763 3324 2341 3402; baseline -0.003 -20"><span class='ocrx_word' id='word_1_444' title='bbox 763 3346 952 3402; x_wconf 82' lang='lat' dir='ltr'><strong>greges</strong></span> <span class='ocrx_word' id='word_1_445' title='bbox 981 3347 995 3397; x_wconf 87' lang='lat'><strong>;</strong></span> <span class='ocrx_word' id='word_1_446' title='bbox 1022 3344 1209 3384; x_wconf 88' lang='lat' dir='ltr'><strong>verum</strong></span> <span class='ocrx_word' id='word_1_447' title='bbox 1245 3327 1373 3383; x_wconf 81' lang='lat' dir='ltr'><strong>licet</strong></span> <span class='ocrx_word' id='word_1_448' title='bbox 1403 3335 1483 3380; x_wconf 91' lang='lat' dir='ltr'><strong>tot</strong></span> <span class='ocrx_word' id='word_1_449' title='bbox 1513 3326 1651 3380; x_wconf 90' lang='lat' dir='ltr'><strong>bona</strong></span> <span class='ocrx_word' id='word_1_450' title='bbox 1685 3324 1816 3378; x_wconf 91' lang='lat' dir='ltr'><strong>mihi</strong></span> <span class='ocrx_word' id='word_1_451' title='bbox 1852 3333 2161 3395; x_wconf 88' lang='lat' dir='ltr'><strong>suppetant,</strong></span> <span class='ocrx_word' id='word_1_452' title='bbox 2192 3324 2341 3378; x_wconf 84' lang='lat' dir='ltr'><strong>nolui</strong></span> 
     </span>
    </p>
   </div>
   <div class='ocr_carea' id='block_1_65' title="bbox 765 3418 2341 3491">
    <p class='ocr_par' dir='ltr' id='par_1_65' title="bbox 765 3418 2341 3491">
     <span class='ocr_line' id='line_1_65' title="bbox 765 3418 2341 3491; baseline -0.004 -13"><span class='ocrx_word' id='word_1_453' title='bbox 765 3436 968 3491; x_wconf 86' lang='lat' dir='ltr'><strong>tamen,</strong></span> <span class='ocrx_word' id='word_1_454' title='bbox 1005 3433 1062 3477; x_wconf 89' lang='lat' dir='ltr'><strong>ut</strong></span> <span class='ocrx_word' id='word_1_455' title='bbox 1110 3421 1294 3476; x_wconf 74' lang='lat' dir='ltr'><strong>multre</strong></span> <span class='ocrx_word' id='word_1_456' title='bbox 1343 3420 1464 3475; x_wconf 80' lang='lat' dir='ltr'><strong>alia:</strong></span> <span class='ocrx_word' id='word_1_457' title='bbox 1513 3419 1771 3475; x_wconf 88' lang='lat' dir='ltr'><strong>mulieres</strong></span> <span class='ocrx_word' id='word_1_458' title='bbox 1803 3418 2000 3483; x_wconf 89' lang='lat' dir='ltr'><strong>solent,</strong></span> <span class='ocrx_word' id='word_1_459' title='bbox 2068 3418 2136 3473; x_wconf 91' lang='lat' dir='ltr'><strong>ad</strong></span> <span class='ocrx_word' id='word_1_460' title='bbox 2177 3420 2341 3472; x_wconf 91' lang='lat' dir='ltr'><strong>alium</strong></span> 
     </span>
    </p>
   </div>
   <div class='ocr_carea' id='block_1_66' title="bbox 766 3510 2343 3575">
    <p class='ocr_par' dir='ltr' id='par_1_66' title="bbox 766 3510 2343 3575">
     <span class='ocr_line' id='line_1_66' title="bbox 766 3510 2343 3575; baseline -0.007 -3"><span class='ocrx_word' id='word_1_461' title='bbox 766 3518 1021 3573; x_wconf 85' lang='lat' dir='ltr'><strong>maritum</strong></span> <span class='ocrx_word' id='word_1_462' title='bbox 1056 3513 1277 3575; x_wconf 88' lang='lat' dir='ltr'><strong>intueri,</strong></span> <span class='ocrx_word' id='word_1_463' title='bbox 1311 3513 1520 3567; x_wconf 84' lang='lat' dir='ltr'><strong>etiarnsi</strong></span> <span class='ocrx_word' id='word_1_464' title='bbox 1548 3528 1671 3567; x_wconf 91' lang='lat' dir='ltr'><strong>cum</strong></span> <span class='ocrx_word' id='word_1_465' title='bbox 1704 3512 1891 3566; x_wconf 80' lang='lat' dir='ltr'><strong>multis</strong></span> <span class='ocrx_word' id='word_1_466' title='bbox 1924 3510 2141 3563; x_wconf 87' lang='lat' dir='ltr'><strong>casibus</strong></span> <span class='ocrx_word' id='word_1_467' title='bbox 2166 3519 2220 3562; x_wconf 92' lang='lat' dir='ltr'><strong>ct</strong></span> <span class='ocrx_word' id='word_1_468' title='bbox 2252 3524 2343 3562; x_wconf 81' lang='lat' dir='ltr'><strong>ca-</strong></span> 
     </span>
    </p>
   </div>
   <div class='ocr_carea' id='block_1_67' title="bbox 766 3604 2340 3674">
    <p class='ocr_par' dir='ltr' id='par_1_67' title="bbox 766 3604 2340 3674">
     <span class='ocr_line' id='line_1_67' title="bbox 766 3604 2340 3674; baseline -0.004 -10"><span class='ocrx_word' id='word_1_469' title='bbox 766 3610 1129 3673; x_wconf 80' lang='lat' dir='ltr'><strong>lamitatibus,</strong></span> <span class='ocrx_word' id='word_1_470' title='bbox 1196 3623 1316 3674; x_wconf 87' lang='lat' dir='ltr'><strong>quae</strong></span> <span class='ocrx_word' id='word_1_471' title='bbox 1383 3605 1562 3659; x_wconf 78' lang='lat' dir='ltr'><strong>viduis</strong></span> <span class='ocrx_word' id='word_1_472' title='bbox 1627 3604 1850 3659; x_wconf 84' lang='lat' dir='ltr'><strong>evenire</strong></span> <span class='ocrx_word' id='word_1_473' title='bbox 1920 3612 2340 3668; x_wconf 88' lang='lat' dir='ltr'><strong>consueverunt,</strong></span> 
     </span>
    </p>
   </div>
   <div class='ocr_carea' id='block_1_68' title="bbox 766 3692 2343 3771">
    <p class='ocr_par' dir='ltr' id='par_1_68' title="bbox 766 3692 2343 3771">
     <span class='ocr_line' id='line_1_68' title="bbox 766 3692 2343 3771; baseline -0.008 -14"><span class='ocrx_word' id='word_1_474' title='bbox 766 3716 912 3771; x_wconf 67' lang='lat' dir='ltr'><strong>srepc</strong></span> <span class='ocrx_word' id='word_1_475' title='bbox 944 3701 1046 3753; x_wconf 81' lang='lat' dir='ltr'><strong>sim</strong></span> <span class='ocrx_word' id='word_1_476' title='bbox 1074 3697 1367 3752; x_wconf 83' lang='lat' dir='ltr'><strong>coliuctata</strong></span> <span class='ocrx_word' id='word_1_477' title='bbox 1398 3711 1410 3748; x_wconf 90' lang='lat'><strong>:</strong></span> <span class='ocrx_word' id='word_1_478' title='bbox 1447 3693 1591 3765; x_wconf 88' lang='lat' dir='ltr'><strong>quod</strong></span> <span class='ocrx_word' id='word_1_479' title='bbox 1619 3694 1836 3763; x_wconf 84' lang='lat' dir='ltr'><strong>quidem</strong></span> <span class='ocrx_word' id='word_1_480' title='bbox 1874 3693 1955 3747; x_wconf 90' lang='lat' dir='ltr'><strong>vel</strong></span> <span class='ocrx_word' id='word_1_481' title='bbox 1979 3694 2152 3748; x_wconf 87' lang='lat' dir='ltr'><strong>solum</strong></span> <span class='ocrx_word' id='word_1_482' title='bbox 2193 3692 2343 3748; x_wconf 80' lang='lat' dir='ltr'><strong>sufﬁ-</strong></span> 
     </span>
    </p>
   </div>
   <div class='ocr_carea' id='block_1_69' title="bbox 766 3784 2342 3847">
    <p class='ocr_par' dir='ltr' id='par_1_69' title="bbox 766 3784 2342 3847">
     <span class='ocr_line' id='line_1_69' title="bbox 766 3784 2342 3847; baseline -0.006 0"><span class='ocrx_word' id='word_1_483' title='bbox 766 3793 841 3847; x_wconf 86' lang='lat' dir='ltr'><strong>cit</strong></span> <span class='ocrx_word' id='word_1_484' title='bbox 877 3790 942 3845; x_wconf 90' lang='lat' dir='ltr'><strong>ad</strong></span> <span class='ocrx_word' id='word_1_485' title='bbox 975 3788 1189 3843; x_wconf 88' lang='lat' dir='ltr'><strong>mollem</strong></span> <span class='ocrx_word' id='word_1_486' title='bbox 1219 3787 1397 3843; x_wconf 90' lang='lat' dir='ltr'><strong>adhuc</strong></span> <span class='ocrx_word' id='word_1_487' title='bbox 1444 3796 1497 3841; x_wconf 90' lang='lat' dir='ltr'><strong>et</strong></span> <span class='ocrx_word' id='word_1_488' title='bbox 1534 3798 1779 3840; x_wconf 88' lang='lat' dir='ltr'><strong>tenerum</strong></span> <span class='ocrx_word' id='word_1_489' title='bbox 1821 3784 2062 3838; x_wconf 89' lang='lat' dir='ltr'><strong>animum</strong></span> <span class='ocrx_word' id='word_1_490' title='bbox 2108 3784 2342 3839; x_wconf 88' lang='lat' dir='ltr'><strong>incitan-</strong></span> 
     </span>
    </p>
   </div>
   <div class='ocr_carea' id='block_1_70' title="bbox 772 3876 2344 3950">
    <p class='ocr_par' dir='ltr' id='par_1_70' title="bbox 772 3876 2344 3950">
     <span class='ocr_line' id='line_1_70' title="bbox 772 3876 2344 3950; baseline -0.003 -13"><span class='ocrx_word' id='word_1_491' title='bbox 772 3888 901 3937; x_wconf 88' lang='lat' dir='ltr'><strong>dum</strong></span> <span class='ocrx_word' id='word_1_492' title='bbox 962 3882 1030 3936; x_wconf 91' lang='lat' dir='ltr'><strong>ad</strong></span> <span class='ocrx_word' id='word_1_493' title='bbox 1111 3880 1380 3936; x_wconf 84' lang='lat' dir='ltr'><strong>secundas</strong></span> <span class='ocrx_word' id='word_1_494' title='bbox 1438 3879 1680 3950; x_wconf 86' lang='lat' dir='ltr'><strong>nuptias.</strong></span> <span class='ocrx_word' id='word_1_495' title='bbox 1742 3877 1811 3934; x_wconf 88' lang='lat' dir='ltr'><strong>Et</strong></span> <span class='ocrx_word' id='word_1_496' title='bbox 1873 3876 2104 3932; x_wconf 77' lang='lat' dir='ltr'><strong>fortasse</strong></span> <span class='ocrx_word' id='word_1_497' title='bbox 2164 3877 2344 3933; x_wconf 90' lang='lat' dir='ltr'><strong>nullus</strong></span> 
     </span>
    </p>
   </div>
   <div class='ocr_carea' id='block_1_71' title="bbox 769 3968 2345 4041">
    <p class='ocr_par' dir='ltr' id='par_1_71' title="bbox 769 3968 2345 4041">
     <span class='ocr_line' id='line_1_71' title="bbox 769 3968 2345 4041; baseline -0.004 -13"><span class='ocrx_word' id='word_1_498' title='bbox 769 3989 946 4028; x_wconf 83' lang='lat' dir='ltr'><strong>meam</strong></span> <span class='ocrx_word' id='word_1_499' title='bbox 977 3974 1288 4028; x_wconf 85' lang='lat' dir='ltr'><strong>damnasset</strong></span> <span class='ocrx_word' id='word_1_500' title='bbox 1329 3972 1697 4041; x_wconf 85' lang='lat' dir='ltr'><strong>juventutem,</strong></span> <span class='ocrx_word' id='word_1_501' title='bbox 1742 3984 1858 4038; x_wconf 69' lang='lat' dir='ltr'><strong>quae</strong></span> <span class='ocrx_word' id='word_1_502' title='bbox 1899 3969 2073 4038; x_wconf 88' lang='lat' dir='ltr'><strong>ipsum</strong></span> <span class='ocrx_word' id='word_1_503' title='bbox 2125 3968 2192 4023; x_wconf 92' lang='lat' dir='ltr'><strong>ad</strong></span> <span class='ocrx_word' id='word_1_504' title='bbox 2240 3968 2345 4022; x_wconf 86' lang='lat' dir='ltr'><strong>hoc</strong></span> 
     </span>
    </p>
   </div>
   <div class='ocr_carea' id='block_1_72' title="bbox 770 4060 2345 4135">
    <p class='ocr_par' dir='ltr' id='par_1_72' title="bbox 770 4060 2345 4135">
     <span class='ocr_line' id='line_1_72' title="bbox 770 4060 2345 4135; baseline -0.004 -12"><span class='ocrx_word' id='word_1_505' title='bbox 770 4067 1011 4123; x_wconf 84' lang='lat' dir='ltr'><strong>habebat</strong></span> <span class='ocrx_word' id='word_1_506' title='bbox 1068 4075 1361 4135; x_wconf 90' lang='lat' dir='ltr'><strong>patronum</strong></span> <span class='ocrx_word' id='word_1_507' title='bbox 1404 4062 1647 4119; x_wconf 83' lang='lat' dir='ltr'><strong>divinum</strong></span> <span class='ocrx_word' id='word_1_508' title='bbox 1691 4061 2035 4131; x_wconf 80' lang='lat' dir='ltr'><strong>Apostolum.</strong></span> <span class='ocrx_word' id='word_1_509' title='bbox 2084 4060 2188 4116; x_wconf 89' lang='lat' dir='ltr'><strong>Sed</strong></span> <span class='ocrx_word' id='word_1_510' title='bbox 2232 4060 2345 4116; x_wconf 65' lang='lat' dir='ltr'><strong>haec</strong></span> 
     </span>
    </p>
   </div>
   <div class='ocr_carea' id='block_1_73' title="bbox 773 4154 2341 4229">
    <p class='ocr_par' dir='ltr' id='par_1_73' title="bbox 773 4154 2341 4229">
     <span class='ocr_line' id='line_1_73' title="bbox 773 4154 2341 4229; baseline -0.004 -14"><span class='ocrx_word' id='word_1_511' title='bbox 773 4160 956 4215; x_wconf 89' lang='lat' dir='ltr'><strong>omnia</strong></span> <span class='ocrx_word' id='word_1_512' title='bbox 983 4156 1367 4229; x_wconf 90' lang='lat' dir='ltr'><strong>parvifaciens,</strong></span> <span class='ocrx_word' id='word_1_513' title='bbox 1397 4156 1450 4207; x_wconf 91' lang='lat' dir='ltr'><strong>in</strong></span> <span class='ocrx_word' id='word_1_514' title='bbox 1485 4156 1585 4209; x_wconf 93' lang='lat' dir='ltr'><strong>hoc</strong></span> <span class='ocrx_word' id='word_1_515' title='bbox 1614 4154 1787 4209; x_wconf 76' lang='lat' dir='ltr'><strong>solum</strong></span> <span class='ocrx_word' id='word_1_516' title='bbox 1817 4154 2057 4209; x_wconf 88' lang='lat' dir='ltr'><strong>animum</strong></span> <span class='ocrx_word' id='word_1_517' title='bbox 2091 4154 2341 4221; x_wconf 89' lang='lat' dir='ltr'><strong>intendo,</strong></span> 
     </span>
    </p>
   </div>
   <div class='ocr_carea' id='block_1_74' title="bbox 775 4247 2344 4315">
    <p class='ocr_par' dir='ltr' id='par_1_74' title="bbox 775 4247 2344 4315">
     <span class='ocr_line' id='line_1_74' title="bbox 775 4247 2344 4315; baseline -0.004 -9"><span class='ocrx_word' id='word_1_518' title='bbox 775 4263 835 4306; x_wconf 88' lang='lat' dir='ltr'><strong>ut</strong></span> <span class='ocrx_word' id='word_1_519' title='bbox 868 4267 993 4306; x_wconf 91' lang='lat' dir='ltr'><strong>cum</strong></span> <span class='ocrx_word' id='word_1_520' title='bbox 1028 4247 1247 4304; x_wconf 84' lang='lat' dir='ltr'><strong>Christo</strong></span> <span class='ocrx_word' id='word_1_521' title='bbox 1278 4248 1380 4303; x_wconf 90' lang='lat' dir='ltr'><strong>sim</strong></span> <span class='ocrx_word' id='word_1_522' title='bbox 1414 4263 1523 4301; x_wconf 90' lang='lat' dir='ltr'><strong>una</strong></span> <span class='ocrx_word' id='word_1_523' title='bbox 1560 4262 1681 4303; x_wconf 91' lang='lat' dir='ltr'><strong>cum</strong></span> <span class='ocrx_word' id='word_1_524' title='bbox 1712 4249 1931 4313; x_wconf 83' lang='lat' dir='ltr'><strong>sanctis,</strong></span> <span class='ocrx_word' id='word_1_525' title='bbox 1957 4261 2078 4315; x_wconf 79' lang='lat' dir='ltr'><strong>qua:</strong></span> <span class='ocrx_word' id='word_1_526' title='bbox 2116 4260 2344 4315; x_wconf 75' lang='lat' dir='ltr'><strong>praeces~</strong></span> 
     </span>
    </p>
   </div>
   <div class='ocr_carea' id='block_1_75' title="bbox 774 4335 2346 4411">
    <p class='ocr_par' dir='ltr' id='par_1_75' title="bbox 774 4335 2346 4411">
     <span class='ocr_line' id='line_1_75' title="bbox 774 4335 2346 4411; baseline -0.007 -11"><span class='ocrx_word' id='word_1_527' title='bbox 774 4356 989 4411; x_wconf 88' lang='lat' dir='ltr'><strong>serunt,</strong></span> <span class='ocrx_word' id='word_1_528' title='bbox 1020 4342 1344 4397; x_wconf 81' lang='lat' dir='ltr'><strong>mulieribus</strong></span> <span class='ocrx_word' id='word_1_529' title='bbox 1370 4349 1425 4395; x_wconf 88' lang='lat' dir='ltr'><strong>et</strong></span> <span class='ocrx_word' id='word_1_530' title='bbox 1450 4339 1799 4408; x_wconf 85' lang='lat' dir='ltr'><strong>martyribus.</strong></span> <span class='ocrx_word' id='word_1_531' title='bbox 1835 4338 1946 4406; x_wconf 74' lang='lat' dir='ltr'><strong>Ego</strong></span> <span class='ocrx_word' id='word_1_532' title='bbox 1973 4345 2153 4390; x_wconf 89' lang='lat' dir='ltr'><strong>autem</strong></span> <span class='ocrx_word' id='word_1_533' title='bbox 2192 4335 2346 4390; x_wconf 81' lang='lat' dir='ltr'><strong>vobis</strong></span> 
     </span>
    </p>
   </div>
   <div class='ocr_carea' id='block_1_76' title="bbox 771 4428 2345 4510">
    <p class='ocr_par' dir='ltr' id='par_1_76' title="bbox 771 4428 2345 4510">
     <span class='ocr_line' id='line_1_76' title="bbox 771 4428 2345 4510; baseline -0.006 -17"><span class='ocrx_word' id='word_1_534' title='bbox 771 4441 883 4510; x_wconf 82' lang='lat' dir='ltr'><strong>jam</strong></span> <span class='ocrx_word' id='word_1_535' title='bbox 913 4434 1156 4492; x_wconf 90' lang='lat' dir='ltr'><strong>secundo</strong></span> <span class='ocrx_word' id='word_1_536' title='bbox 1206 4448 1465 4503; x_wconf 85' lang='lat' dir='ltr'><strong>appareo.</strong></span> <span class='ocrx_word' id='word_1_537' title='bbox 1502 4429 1637 4485; x_wconf 87' lang='lat' dir='ltr'><strong>Nam</strong></span> <span class='ocrx_word' id='word_1_538' title='bbox 1696 4430 1848 4501; x_wconf 89' lang='lat' dir='ltr'><strong>prius</strong></span> <span class='ocrx_word' id='word_1_539' title='bbox 1893 4431 1946 4483; x_wconf 90' lang='lat' dir='ltr'><strong>in</strong></span> <span class='ocrx_word' id='word_1_540' title='bbox 2000 4428 2345 4484; x_wconf 85' lang='lat' dir='ltr'><strong>matrimonio</strong></span> 
     </span>
    </p>
   </div>
   <div class='ocr_carea' id='block_1_77' title="bbox 2447 3247 4028 3327">
    <p class='ocr_par' dir='ltr' id='par_1_77' title="bbox 2447 3247 4028 3327">
     <span class='ocr_line' id='line_1_77' title="bbox 2447 3247 4028 3327; baseline -0.009 -16"><span class='ocrx_word' id='word_1_541' title='bbox 2447 3257 2660 3319; x_wconf 75' lang='grc' dir='ltr'>σούτοις</span> <span class='ocrx_word' id='word_1_542' title='bbox 2689 3254 2914 3327; x_wconf 86' lang='grc' dir='ltr'>κομῶσα</span> <span class='ocrx_word' id='word_1_543' title='bbox 2948 3257 3063 3318; x_wconf 89' lang='grc' dir='ltr'>τοῖς</span> <span class='ocrx_word' id='word_1_544' title='bbox 3112 3252 3366 3322; x_wconf 77' lang='grc' dir='ltr'>ἀγαθοῖς,</span> <span class='ocrx_word' id='word_1_545' title='bbox 3419 3252 3571 3322; x_wconf 83' lang='grc' dir='ltr'>ὅμως</span> <span class='ocrx_word' id='word_1_546' title='bbox 3623 3250 3723 3319; x_wconf 81' lang='grc' dir='ltr'><strong>οὐχ</strong></span> <span class='ocrx_word' id='word_1_547' title='bbox 3772 3247 4028 3316; x_wconf 82' lang='grc' dir='ltr'>εἱλόμην,</span> 
     </span>
    </p>
   </div>
   <div class='ocr_carea' id='block_1_78' title="bbox 2445 3340 4025 3416">
    <p class='ocr_par' dir='ltr' id='par_1_78' title="bbox 2445 3340 4025 3416">
     <span class='ocr_line' id='line_1_78' title="bbox 2445 3340 4025 3416; baseline -0.007 -13"><span class='ocrx_word' id='word_1_548' title='bbox 2445 3349 2585 3403; x_wconf 74' lang='grc' dir='ltr'>κατὰ</span> <span class='ocrx_word' id='word_1_549' title='bbox 2616 3347 2716 3411; x_wconf 83' lang='grc' dir='ltr'>τὰς</span> <span class='ocrx_word' id='word_1_550' title='bbox 2742 3347 2942 3411; x_wconf 81' lang='grc' dir='ltr'>πολλὰς</span> <span class='ocrx_word' id='word_1_551' title='bbox 2971 3346 3080 3402; x_wconf 85' lang='grc' dir='ltr'>τῶν</span> <span class='ocrx_word' id='word_1_552' title='bbox 3113 3345 3412 3416; x_wconf 85' lang='grc' dir='ltr'>γυναικῶν,</span> <span class='ocrx_word' id='word_1_553' title='bbox 3437 3344 3573 3415; x_wconf 85' lang='grc' dir='ltr'>πρὸς</span> <span class='ocrx_word' id='word_1_554' title='bbox 3606 3342 3799 3413; x_wconf 77' lang='grc' dir='ltr'>ἕτερον</span> <span class='ocrx_word' id='word_1_555' title='bbox 3852 3340 4025 3409; x_wconf 72' lang='grc' dir='ltr'>ἀνδρα</span> 
     </span>
    </p>
   </div>
   <div class='ocr_carea' id='block_1_79' title="bbox 2447 3433 4028 3512">
    <p class='ocr_par' dir='ltr' id='par_1_79' title="bbox 2447 3433 4028 3512">
     <span class='ocr_line' id='line_1_79' title="bbox 2447 3433 4028 3512; baseline -0.005 -22"><span class='ocrx_word' id='word_1_556' title='bbox 2447 3440 2662 3512; x_wconf 61' lang='grc' dir='ltr'>βλέψαι,</span> <span class='ocrx_word' id='word_1_557' title='bbox 2688 3439 2871 3491; x_wconf 87' lang='grc' dir='ltr'>καίτοι</span> <span class='ocrx_word' id='word_1_558' title='bbox 2893 3455 2955 3506; x_wconf 89' lang='grc' dir='ltr'><strong>γε</strong></span> <span class='ocrx_word' id='word_1_559' title='bbox 2984 3437 3207 3509; x_wconf 89' lang='grc' dir='ltr'>μυρίαις</span> <span class='ocrx_word' id='word_1_560' title='bbox 3224 3434 3579 3505; x_wconf 73' lang='grc' dir='ltr'>περιστάσεσί</span> <span class='ocrx_word' id='word_1_561' title='bbox 3601 3452 3661 3487; x_wconf 85' lang='grc' dir='ltr'><strong>τε</strong></span> <span class='ocrx_word' id='word_1_562' title='bbox 3683 3433 3779 3486; x_wconf 78' lang='grc' dir='ltr'>καὶ</span> <span class='ocrx_word' id='word_1_563' title='bbox 3808 3448 4028 3500; x_wconf 66' lang='grc' dir='ltr'>συμφο-</span> 
     </span>
    </p>
   </div>
   <div class='ocr_carea' id='block_1_80' title="bbox 2448 3524 4028 3601">
    <p class='ocr_par' dir='ltr' id='par_1_80' title="bbox 2448 3524 4028 3601">
     <span class='ocr_line' id='line_1_80' title="bbox 2448 3524 4028 3601; baseline -0.006 -18"><span class='ocrx_word' id='word_1_564' title='bbox 2448 3532 2570 3601; x_wconf 72' lang='grc' dir='ltr'>ραῖς</span> <span class='ocrx_word' id='word_1_565' title='bbox 2627 3526 2714 3583; x_wconf 79' lang='grc' dir='ltr'>οἷα</span> <span class='ocrx_word' id='word_1_566' title='bbox 2744 3529 2815 3583; x_wconf 74' lang='grc' dir='ltr'><strong>τὰ</strong></span> <span class='ocrx_word' id='word_1_567' title='bbox 2845 3530 2944 3600; x_wconf 79' lang='grc' dir='ltr'>τῆς</span> <span class='ocrx_word' id='word_1_568' title='bbox 3001 3528 3254 3601; x_wconf 80' lang='grc' dir='ltr'>χηρείας,</span> <span class='ocrx_word' id='word_1_569' title='bbox 3285 3525 3550 3589; x_wconf 81' lang='grc' dir='ltr'>πολλάκις</span> <span class='ocrx_word' id='word_1_570' title='bbox 3584 3524 4028 3585; x_wconf 71' lang='grc' dir='ltr'>διαπαλαίσασα,</span> 
     </span>
    </p>
   </div>
   <div class='ocr_carea' id='block_1_81' title="bbox 2443 3615 4030 3694">
    <p class='ocr_par' dir='ltr' id='par_1_81' title="bbox 2443 3615 4030 3694">
     <span class='ocr_line' id='line_1_81' title="bbox 2443 3615 4030 3694; baseline -0.004 -18"><span class='ocrx_word' id='word_1_571' title='bbox 2443 3625 2580 3694; x_wconf 82' lang='grc' dir='ltr'>ὅπερ</span> <span class='ocrx_word' id='word_1_572' title='bbox 2614 3623 2799 3676; x_wconf 82' lang='grc' dir='ltr'>ἱκανὸν</span> <span class='ocrx_word' id='word_1_573' title='bbox 2826 3624 2917 3676; x_wconf 73' lang='grc' dir='ltr'>καὶ</span> <span class='ocrx_word' id='word_1_574' title='bbox 2952 3623 3113 3690; x_wconf 74' lang='grc' dir='ltr'>μόνον</span> <span class='ocrx_word' id='word_1_575' title='bbox 3155 3617 3373 3689; x_wconf 73' lang='grc' dir='ltr'>ἁπαλὴν</span> <span class='ocrx_word' id='word_1_576' title='bbox 3424 3619 3503 3671; x_wconf 75' lang='grc' dir='ltr'>ἔτι</span> <span class='ocrx_word' id='word_1_577' title='bbox 3552 3617 3647 3670; x_wconf 73' lang='grc' dir='ltr'>καὶ</span> <span class='ocrx_word' id='word_1_578' title='bbox 3678 3616 3811 3668; x_wconf 85' lang='grc' dir='ltr'>νέαν</span> <span class='ocrx_word' id='word_1_579' title='bbox 3850 3615 4030 3684; x_wconf 62' lang='grc' dir='ltr'>ψυχὴν</span> 
     </span>
    </p>
   </div>
   <div class='ocr_carea' id='block_1_82' title="bbox 2447 3704 4030 3785">
    <p class='ocr_par' dir='ltr' id='par_1_82' title="bbox 2447 3704 4030 3785">
     <span class='ocr_line' id='line_1_82' title="bbox 2447 3704 4030 3785; baseline -0.008 -18"><span class='ocrx_word' id='word_1_580' title='bbox 2447 3714 2584 3785; x_wconf 83' lang='grc' dir='ltr'>πρὸς</span> <span class='ocrx_word' id='word_1_581' title='bbox 2612 3714 2899 3781; x_wconf 78' lang='grc' dir='ltr'>δευτέρους</span> <span class='ocrx_word' id='word_1_582' title='bbox 2932 3710 3146 3780; x_wconf 72' lang='grc' dir='ltr'>γάμους</span> <span class='ocrx_word' id='word_1_583' title='bbox 3171 3709 3496 3778; x_wconf 70' lang='grc' dir='ltr'>διερεθίσαι.</span> <span class='ocrx_word' id='word_1_584' title='bbox 3523 3707 3634 3760; x_wconf 78' lang='grc' dir='ltr'><strong>Καὶ</strong></span> <span class='ocrx_word' id='word_1_585' title='bbox 3663 3707 3798 3770; x_wconf 74' lang='grc' dir='ltr'>ἴσως</span> <span class='ocrx_word' id='word_1_586' title='bbox 3855 3704 4030 3765; x_wconf 68' lang='grc' dir='ltr'>οὐδεὶς</span> 
     </span>
    </p>
   </div>
   <div class='ocr_carea' id='block_1_83' title="bbox 2447 3795 4029 3878">
    <p class='ocr_par' dir='ltr' id='par_1_83' title="bbox 2447 3795 4029 3878">
     <span class='ocr_line' id='line_1_83' title="bbox 2447 3795 4029 3878; baseline -0.011 -15"><span class='ocrx_word' id='word_1_587' title='bbox 2447 3808 2512 3863; x_wconf 81' lang='grc' dir='ltr'>ἄν</span> <span class='ocrx_word' id='word_1_588' title='bbox 2562 3824 2663 3878; x_wconf 90' lang='grc' dir='ltr'><strong>μου</strong></span> <span class='ocrx_word' id='word_1_589' title='bbox 2721 3804 2821 3876; x_wconf 77' lang='grc' dir='ltr'>τῆς</span> <span class='ocrx_word' id='word_1_590' title='bbox 2888 3801 3143 3873; x_wconf 87' lang='grc' dir='ltr'>νεότητος</span> <span class='ocrx_word' id='word_1_591' title='bbox 3206 3799 3613 3868; x_wconf 60' lang='grc' dir='ltr'>κατεγίνωσκεν</span> <span class='ocrx_word' id='word_1_592' title='bbox 3670 3796 3837 3849; x_wconf 78' lang='grc' dir='ltr'>αὑτὸν</span> <span class='ocrx_word' id='word_1_593' title='bbox 3895 3795 4029 3863; x_wconf 61' lang='grc' dir='ltr'>προς</span> 
     </span>
    </p>
   </div>
   <div class='ocr_carea' id='block_1_84' title="bbox 2446 3888 4027 3961">
    <p class='ocr_par' dir='ltr' id='par_1_84' title="bbox 2446 3888 4027 3961">
     <span class='ocr_line' id='line_1_84' title="bbox 2446 3888 4027 3961; baseline -0.009 -8"><span class='ocrx_word' id='word_1_594' title='bbox 2446 3899 2605 3954; x_wconf 79' lang='grc' dir='ltr'>τοῦτο</span> <span class='ocrx_word' id='word_1_595' title='bbox 2656 3898 2747 3951; x_wconf 83' lang='grc' dir='ltr'>τὸν</span> <span class='ocrx_word' id='word_1_596' title='bbox 2808 3896 2952 3950; x_wconf 90' lang='grc' dir='ltr'>θεῖον</span> <span class='ocrx_word' id='word_1_597' title='bbox 3026 3892 3357 3947; x_wconf 80' lang='grc' dir='ltr'>Ἀπόστολον</span> <span class='ocrx_word' id='word_1_598' title='bbox 3414 3890 3716 3961; x_wconf 73' lang='grc' dir='ltr'>συνήγορον</span> <span class='ocrx_word' id='word_1_599' title='bbox 3774 3888 4027 3959; x_wconf 69' lang='grc' dir='ltr'>ἐχούσης.</span> 
     </span>
    </p>
   </div>
   <div class='ocr_carea' id='block_1_85' title="bbox 2461 3981 4026 4061">
    <p class='ocr_par' dir='ltr' id='par_1_85' title="bbox 2461 3981 4026 4061">
     <span class='ocr_line' id='line_1_85' title="bbox 2461 3981 4026 4061; baseline -0.01 -13"><span class='ocrx_word' id='word_1_600' title='bbox 2461 3991 2621 4049; x_wconf 78' lang='grc' dir='ltr'>Ἀλλὰ</span> <span class='ocrx_word' id='word_1_601' title='bbox 2651 3989 2826 4043; x_wconf 81' lang='grc' dir='ltr'>ταῦτα</span> <span class='ocrx_word' id='word_1_602' title='bbox 2881 3988 3012 4061; x_wconf 75' lang='grc' dir='ltr'>περὶ</span> <span class='ocrx_word' id='word_1_603' title='bbox 3077 3987 3359 4048; x_wconf 77' lang='grc' dir='ltr'>ἐλάττονος</span> <span class='ocrx_word' id='word_1_604' title='bbox 3416 3984 3595 4038; x_wconf 78' lang='grc' dir='ltr'>πάντα</span> <span class='ocrx_word' id='word_1_605' title='bbox 3639 3981 3875 4052; x_wconf 73' lang='grc' dir='ltr'>θεμένη,</span> <span class='ocrx_word' id='word_1_606' title='bbox 3916 3981 4026 4043; x_wconf 73' lang='grc' dir='ltr'>ἑνός</span> 
     </span>
    </p>
   </div>
   <div class='ocr_carea' id='block_1_86' title="bbox 2448 4071 4029 4156">
    <p class='ocr_par' dir='ltr' id='par_1_86' title="bbox 2448 4071 4029 4156">
     <span class='ocr_line' id='line_1_86' title="bbox 2448 4071 4029 4156; baseline -0.009 -19"><span class='ocrx_word' id='word_1_607' title='bbox 2448 4085 2564 4156; x_wconf 80' lang='grc' dir='ltr'>εἰμι</span> <span class='ocrx_word' id='word_1_608' title='bbox 2627 4082 2819 4151; x_wconf 87' lang='grc' dir='ltr'>μόνου,</span> <span class='ocrx_word' id='word_1_609' title='bbox 2871 4077 2965 4135; x_wconf 83' lang='grc' dir='ltr'>τοῦ</span> <span class='ocrx_word' id='word_1_610' title='bbox 3026 4080 3267 4130; x_wconf 80' lang='grc' dir='ltr'>συνεῖναι</span> <span class='ocrx_word' id='word_1_611' title='bbox 3299 4073 3521 4144; x_wconf 83' lang='grc' dir='ltr'>Χριστῷ</span> <span class='ocrx_word' id='word_1_612' title='bbox 3570 4076 3689 4135; x_wconf 82' lang='grc' dir='ltr'>ταῖς</span> <span class='ocrx_word' id='word_1_613' title='bbox 3722 4071 4029 4142; x_wconf 65' lang='grc' dir='ltr'>προσλαϐού-</span> 
     </span>
    </p>
   </div>
   <div class='ocr_carea' id='block_1_87' title="bbox 2450 4162 4028 4246">
    <p class='ocr_par' dir='ltr' id='par_1_87' title="bbox 2450 4162 4028 4246">
     <span class='ocr_line' id='line_1_87' title="bbox 2450 4162 4028 4246; baseline -0.011 -14"><span class='ocrx_word' id='word_1_614' title='bbox 2450 4195 2571 4241; x_wconf 92' lang='grc' dir='ltr'>σαις</span> <span class='ocrx_word' id='word_1_615' title='bbox 2627 4174 2744 4246; x_wconf 75' lang='grc' dir='ltr'>ἅμα</span> <span class='ocrx_word' id='word_1_616' title='bbox 2776 4171 3028 4243; x_wconf 75' lang='grc' dir='ltr'>γυναιξὶν</span> <span class='ocrx_word' id='word_1_617' title='bbox 3083 4169 3269 4240; x_wconf 72' lang='grc' dir='ltr'>ἁγίαις</span> <span class='ocrx_word' id='word_1_618' title='bbox 3325 4168 3419 4220; x_wconf 75' lang='grc' dir='ltr'><strong>κα)⁸</strong></span> <span class='ocrx_word' id='word_1_619' title='bbox 3466 4165 3765 4236; x_wconf 84' lang='grc' dir='ltr'>μάρτυσιν.</span> <span class='ocrx_word' id='word_1_620' title='bbox 3803 4162 3948 4230; x_wconf 75' lang='grc' dir='ltr'><strong>Ἐγὼ</strong></span> <span class='ocrx_word' id='word_1_621' title='bbox 3977 4163 4028 4215; x_wconf 81' lang='grc' dir='ltr'>δὲ</span> 
     </span>
    </p>
   </div>
   <div class='ocr_carea' id='block_1_88' title="bbox 2449 4253 4029 4337">
    <p class='ocr_par' dir='ltr' id='par_1_88' title="bbox 2449 4253 4029 4337">
     <span class='ocr_line' id='line_1_88' title="bbox 2449 4253 4029 4337; baseline -0.009 -16"><span class='ocrx_word' id='word_1_622' title='bbox 2449 4270 2578 4337; x_wconf 83' lang='grc' dir='ltr'>ὑμῖν</span> <span class='ocrx_word' id='word_1_623' title='bbox 2613 4267 2713 4336; x_wconf 65' lang='grc' dir='ltr'>ἤδη</span> <span class='ocrx_word' id='word_1_624' title='bbox 2747 4264 2997 4333; x_wconf 89' lang='grc' dir='ltr'>δεύτερον</span> <span class='ocrx_word' id='word_1_625' title='bbox 3020 4261 3390 4333; x_wconf 78' lang='grc' dir='ltr'>ὲμφανίζομαι</span> <span class='ocrx_word' id='word_1_626' title='bbox 3445 4259 3500 4311; x_wconf 76' lang='grc' dir='ltr'>ἓν</span> <span class='ocrx_word' id='word_1_627' title='bbox 3533 4274 3592 4311; x_wconf 86' lang='grc' dir='ltr'><strong>τε</strong></span> <span class='ocrx_word' id='word_1_628' title='bbox 3628 4256 3705 4328; x_wconf 78' lang='grc' dir='ltr'>τῷ</span> <span class='ocrx_word' id='word_1_629' title='bbox 3733 4253 3831 4310; x_wconf 79' lang='grc' dir='ltr'>τοῦ</span> <span class='ocrx_word' id='word_1_630' title='bbox 3867 4258 4029 4327; x_wconf 79' lang='grc' dir='ltr'>προσ-</span> 
     </span>
    </p>
   </div>
   <div class='ocr_carea' id='block_1_89' title="bbox 2448 4348 4028 4431">
    <p class='ocr_par' dir='ltr' id='par_1_89' title="bbox 2448 4348 4028 4431">
     <span class='ocr_line' id='line_1_89' title="bbox 2448 4348 4028 4431; baseline -0.008 -18"><span class='ocrx_word' id='word_1_631' title='bbox 2448 4360 2641 4431; x_wconf 85' lang='grc' dir='ltr'>καίρου</span> <span class='ocrx_word' id='word_1_632' title='bbox 2692 4355 2927 4425; x_wconf 80' lang='grc' dir='ltr'>νυμφίου</span> <span class='ocrx_word' id='word_1_633' title='bbox 2965 4354 3127 4424; x_wconf 80' lang='grc' dir='ltr'>γάμῳ</span> <span class='ocrx_word' id='word_1_634' title='bbox 3150 4393 3164 4419; x_wconf 90' lang='grc'><strong>,</strong></span> <span class='ocrx_word' id='word_1_635' title='bbox 3196 4355 3288 4404; x_wconf 74' lang='grc' dir='ltr'>καὶ</span> <span class='ocrx_word' id='word_1_636' title='bbox 3317 4350 3410 4403; x_wconf 83' lang='grc' dir='ltr'>νῦν</span> <span class='ocrx_word' id='word_1_637' title='bbox 3474 4350 3531 4401; x_wconf 79' lang='grc' dir='ltr'>ἐν</span> <span class='ocrx_word' id='word_1_638' title='bbox 3562 4349 3641 4416; x_wconf 82' lang='grc' dir='ltr'>τῷ</span> <span class='ocrx_word' id='word_1_639' title='bbox 3690 4348 3789 4401; x_wconf 78' lang='grc' dir='ltr'>τοῦ</span> <span class='ocrx_word' id='word_1_640' title='bbox 3820 4349 4028 4417; x_wconf 61' lang='grc' dir='ltr'>ἀφθάρ-</span> 
     </span>
    </p>
   </div>
   <div class='ocr_carea' id='block_1_90' title="bbox 2445 4433 4025 4515">
    <p class='ocr_par' dir='ltr' id='par_1_90' title="bbox 2445 4433 4025 4515">
     <span class='ocr_line' id='line_1_90' title="bbox 2445 4433 4025 4515; baseline -0.012 -8"><span class='ocrx_word' id='word_1_641' title='bbox 2445 4470 2539 4507; x_wconf 82' lang='grc' dir='ltr'><strong>του</strong></span> <span class='ocrx_word' id='word_1_642' title='bbox 2601 4451 2695 4503; x_wconf 72' lang='grc' dir='ltr'>καὶ</span> <span class='ocrx_word' id='word_1_643' title='bbox 2753 4446 3049 4513; x_wconf 81' lang='grc' dir='ltr'>ἀθανάτου,</span> <span class='ocrx_word' id='word_1_644' title='bbox 3079 4447 3215 4515; x_wconf 83' lang='grc' dir='ltr'>πρὸς</span> <span class='ocrx_word' id='word_1_645' title='bbox 3273 4444 3331 4497; x_wconf 81' lang='grc' dir='ltr'>ὃν</span> <span class='ocrx_word' id='word_1_646' title='bbox 3386 4443 3709 4513; x_wconf 72' lang='grc' dir='ltr'>ἐπείγομαι,</span> <span class='ocrx_word' id='word_1_647' title='bbox 3738 4441 3835 4492; x_wconf 82' lang='grc' dir='ltr'>καὶ</span> <span class='ocrx_word' id='word_1_648' title='bbox 3862 4433 3908 4507; x_wconf 77' lang='grc' dir='ltr'>ᾧ</span> <span class='ocrx_word' id='word_1_649' title='bbox 3936 4439 4025 4509; x_wconf 75' lang='grc' dir='ltr'>τὴν</span> 
     </span>
    </p>
   </div>
   <div class='ocr_carea' id='block_1_91' title="bbox 774 4521 2342 4615">
    <p class='ocr_par' dir='ltr' id='par_1_91' title="bbox 774 4521 2341 4601">
     <span class='ocr_line' id='line_1_91' title="bbox 774 4521 2341 4601; baseline -0.006 -17"><span class='ocrx_word' id='word_1_650' title='bbox 774 4529 983 4601; x_wconf 84' lang='lat' dir='ltr'><strong>sponsi,</strong></span> <span class='ocrx_word' id='word_1_651' title='bbox 1014 4527 1104 4597; x_wconf 90' lang='lat' dir='ltr'><strong>qui</strong></span> <span class='ocrx_word' id='word_1_652' title='bbox 1138 4524 1343 4581; x_wconf 83' lang='lat' dir='ltr'><strong>eratad</strong></span> <span class='ocrx_word' id='word_1_653' title='bbox 1373 4535 1585 4594; x_wconf 87' lang='lat' dir='ltr'><strong>tempus</strong></span> <span class='ocrx_word' id='word_1_654' title='bbox 1620 4540 1633 4577; x_wconf 85' lang='lat'><strong>:</strong></span> <span class='ocrx_word' id='word_1_655' title='bbox 1666 4537 1812 4576; x_wconf 87' lang='lat' dir='ltr'><strong>nunc</strong></span> <span class='ocrx_word' id='word_1_656' title='bbox 1857 4538 1985 4575; x_wconf 82' lang='lat' dir='ltr'><strong>vero</strong></span> <span class='ocrx_word' id='word_1_657' title='bbox 2032 4523 2082 4574; x_wconf 91' lang='lat' dir='ltr'><strong>in</strong></span> <span class='ocrx_word' id='word_1_658' title='bbox 2135 4521 2341 4590; x_wconf 87' lang='lat' dir='ltr'><strong>nuptiis</strong></span> 
     </span>
    </p>
   </div>
   <div class='ocr_carea' id='block_1_92' title="bbox 2445 4521 4026 4615">
    <p class='ocr_par' dir='ltr' id='par_1_92' title="bbox 2450 4533 4026 4615">
     <span class='ocr_line' id='line_1_92' title="bbox 2450 4533 4026 4615; baseline -0.011 -17"><span class='ocrx_word' id='word_1_659' title='bbox 2450 4541 2803 4615; x_wconf 81' lang='grc' dir='ltr'>σωφροσύνην</span> <span class='ocrx_word' id='word_1_660' title='bbox 2864 4538 3095 4592; x_wconf 79' lang='grc' dir='ltr'>ἄσπιλον</span> <span class='ocrx_word' id='word_1_661' title='bbox 3151 4538 3475 4607; x_wconf 81' lang='grc' dir='ltr'>διετήρησα,</span> <span class='ocrx_word' id='word_1_662' title='bbox 3528 4533 3883 4605; x_wconf 82' lang='grc' dir='ltr'>μαρτυρήσει</span> <span class='ocrx_word' id='word_1_663' title='bbox 3941 4547 4026 4598; x_wconf 80' lang='grc' dir='ltr'><strong>μοι</strong></span> 
     </span>
    </p>
   </div>
   <div class='ocr_carea' id='block_1_93' title="bbox 773 4610 2343 4680">
    <p class='ocr_par' dir='ltr' id='par_1_93' title="bbox 773 4610 2343 4680">
     <span class='ocr_line' id='line_1_93' title="bbox 773 4610 2343 4680; baseline -0.008 -4"><span class='ocrx_word' id='word_1_664' title='bbox 773 4620 1100 4676; x_wconf 85' lang='lat' dir='ltr'><strong>immortalis</strong></span> <span class='ocrx_word' id='word_1_665' title='bbox 1137 4628 1193 4673; x_wconf 86' lang='lat' dir='ltr'><strong>et</strong></span> <span class='ocrx_word' id='word_1_666' title='bbox 1232 4614 1395 4669; x_wconf 87' lang='lat' dir='ltr'><strong>alieni</strong></span> <span class='ocrx_word' id='word_1_667' title='bbox 1421 4615 1488 4667; x_wconf 86' lang='lat' dir='ltr'><strong>ab</strong></span> <span class='ocrx_word' id='word_1_668' title='bbox 1518 4613 1761 4678; x_wconf 79' lang='lat' dir='ltr'><strong>interitu,</strong></span> <span class='ocrx_word' id='word_1_669' title='bbox 1795 4615 1863 4667; x_wconf 86' lang='lat' dir='ltr'><strong>ad</strong></span> <span class='ocrx_word' id='word_1_670' title='bbox 1909 4626 2071 4680; x_wconf 84' lang='lat' dir='ltr'><strong>quem</strong></span> <span class='ocrx_word' id='word_1_671' title='bbox 2123 4610 2343 4675; x_wconf 88' lang='lat' dir='ltr'><strong>festino,</strong></span> 
     </span>
    </p>
   </div>
   <div class='ocr_carea' id='block_1_94' title="bbox 772 4702 2346 4768">
    <p class='ocr_par' dir='ltr' id='par_1_94' title="bbox 772 4702 2346 4768">
     <span class='ocr_line' id='line_1_94' title="bbox 772 4702 2346 4768; baseline -0.009 0"><span class='ocrx_word' id='word_1_672' title='bbox 772 4726 828 4768; x_wconf 87' lang='lat' dir='ltr'><strong>et</strong></span> <span class='ocrx_word' id='word_1_673' title='bbox 865 4713 952 4768; x_wconf 87' lang='lat' dir='ltr'><strong>cui</strong></span> <span class='ocrx_word' id='word_1_674' title='bbox 982 4708 1381 4765; x_wconf 88' lang='lat' dir='ltr'><strong>immaculatam</strong></span> <span class='ocrx_word' id='word_1_675' title='bbox 1414 4704 1732 4760; x_wconf 85' lang='lat' dir='ltr'><strong>conservavi</strong></span> <span class='ocrx_word' id='word_1_676' title='bbox 1786 4702 2203 4767; x_wconf 86' lang='lat' dir='ltr'><strong>continentiam,</strong></span> <span class='ocrx_word' id='word_1_677' title='bbox 2263 4716 2346 4754; x_wconf 88' lang='lat' dir='ltr'><strong>me</strong></span> 
     </span>
    </p>
   </div>
   <div class='ocr_carea' id='block_1_95' title="bbox 776 4796 2348 4871">
    <p class='ocr_par' dir='ltr' id='par_1_95' title="bbox 776 4796 2348 4871">
     <span class='ocr_line' id='line_1_95' title="bbox 776 4796 2348 4871; baseline -0.01 -10"><span class='ocrx_word' id='word_1_678' title='bbox 776 4806 991 4861; x_wconf 85' lang='lat' dir='ltr'><strong>videtis.</strong></span> <span class='ocrx_word' id='word_1_679' title='bbox 1028 4803 1197 4859; x_wconf 83' lang='lat' dir='ltr'><strong>Filias</strong></span> <span class='ocrx_word' id='word_1_680' title='bbox 1227 4815 1445 4871; x_wconf 83' lang='lat' dir='ltr'><strong>quoque</strong></span> <span class='ocrx_word' id='word_1_681' title='bbox 1476 4801 1576 4868; x_wconf 81' lang='lat' dir='ltr'><strong>ipsi</strong></span> <span class='ocrx_word' id='word_1_682' title='bbox 1622 4798 1817 4853; x_wconf 83' lang='lat' dir='ltr'><strong>studeo</strong></span> <span class='ocrx_word' id='word_1_683' title='bbox 1874 4796 2239 4865; x_wconf 83' lang='lat' dir='ltr'><strong>despondere,</strong></span> <span class='ocrx_word' id='word_1_684' title='bbox 2289 4803 2348 4846; x_wconf 91' lang='lat' dir='ltr'><strong>ut</strong></span> 
     </span>
    </p>
   </div>
   <div class='ocr_carea' id='block_1_96' title="bbox 774 4888 2347 4968">
    <p class='ocr_par' dir='ltr' id='par_1_96' title="bbox 774 4888 2347 4968">
     <span class='ocr_line' id='line_1_96' title="bbox 774 4888 2347 4968; baseline -0.009 -14"><span class='ocrx_word' id='word_1_685' title='bbox 774 4913 894 4968; x_wconf 72' lang='lat' dir='ltr'><strong>qua:</strong></span> <span class='ocrx_word' id='word_1_686' title='bbox 936 4911 1124 4953; x_wconf 87' lang='lat' dir='ltr'><strong>earum</strong></span> <span class='ocrx_word' id='word_1_687' title='bbox 1166 4894 1448 4962; x_wconf 85' lang='lat' dir='ltr'><strong>hucusque</strong></span> <span class='ocrx_word' id='word_1_688' title='bbox 1488 4890 1755 4961; x_wconf 84' lang='lat' dir='ltr'><strong>integram</strong></span> <span class='ocrx_word' id='word_1_689' title='bbox 1795 4892 1860 4943; x_wconf 90' lang='lat' dir='ltr'><strong>ad</strong></span> <span class='ocrx_word' id='word_1_690' title='bbox 1917 4890 2020 4942; x_wconf 90' lang='lat' dir='ltr'><strong>hoc</strong></span> <span class='ocrx_word' id='word_1_691' title='bbox 2068 4888 2347 4958; x_wconf 80' lang='lat' dir='ltr'><strong>virginita—</strong></span> 
     </span>
    </p>
   </div>
   <div class='ocr_carea' id='block_1_97' title="bbox 777 4982 2347 5052">
    <p class='ocr_par' dir='ltr' id='par_1_97' title="bbox 777 4982 2347 5052">
     <span class='ocr_line' id='line_1_97' title="bbox 777 4982 2347 5052; baseline -0.006 -8"><span class='ocrx_word' id='word_1_692' title='bbox 777 5003 888 5045; x_wconf 87' lang='lat' dir='ltr'><strong>tem</strong></span> <span class='ocrx_word' id='word_1_693' title='bbox 943 4988 1336 5042; x_wconf 82' lang='lat' dir='ltr'><strong>conservarirn.</strong></span> <span class='ocrx_word' id='word_1_694' title='bbox 1389 4985 1527 5039; x_wconf 88' lang='lat' dir='ltr'><strong>llinc</strong></span> <span class='ocrx_word' id='word_1_695' title='bbox 1582 4982 1718 5039; x_wconf 87' lang='lat' dir='ltr'><strong>mihi</strong></span> <span class='ocrx_word' id='word_1_696' title='bbox 1768 4982 1960 5052; x_wconf 85' lang='lat' dir='ltr'><strong>plenus</strong></span> <span class='ocrx_word' id='word_1_697' title='bbox 1996 4993 2078 5036; x_wconf 91' lang='lat' dir='ltr'><strong>est</strong></span> <span class='ocrx_word' id='word_1_698' title='bbox 2128 4983 2347 5035; x_wconf 89' lang='lat' dir='ltr'><strong>animus</strong></span> 
     </span>
    </p>
   </div>
   <div class='ocr_carea' id='block_1_98' title="bbox 777 5072 2343 5149">
    <p class='ocr_par' dir='ltr' id='par_1_98' title="bbox 777 5072 2343 5149">
     <span class='ocr_line' id='line_1_98' title="bbox 777 5072 2343 5149; baseline -0.006 -14"><span class='ocrx_word' id='word_1_699' title='bbox 777 5079 1056 5149; x_wconf 84' lang='lat' dir='ltr'><strong>voluptate</strong></span> <span class='ocrx_word' id='word_1_700' title='bbox 1115 5084 1169 5129; x_wconf 84' lang='lat' dir='ltr'><strong>et</strong></span> <span class='ocrx_word' id='word_1_701' title='bbox 1200 5076 1340 5129; x_wconf 89' lang='lat' dir='ltr'><strong>bona</strong></span> <span class='ocrx_word' id='word_1_702' title='bbox 1388 5090 1506 5143; x_wconf 86' lang='lat' dir='ltr'><strong>spe.</strong></span> <span class='ocrx_word' id='word_1_703' title='bbox 1553 5072 1700 5143; x_wconf 77' lang='lat' dir='ltr'><strong>Rogo</strong></span> <span class='ocrx_word' id='word_1_704' title='bbox 1732 5088 1826 5128; x_wconf 88' lang='lat' dir='ltr'><strong>vos</strong></span> <span class='ocrx_word' id='word_1_705' title='bbox 1874 5072 2057 5143; x_wconf 85' lang='lat' dir='ltr'><strong>igitur,</strong></span> <span class='ocrx_word' id='word_1_706' title='bbox 2095 5082 2153 5126; x_wconf 91' lang='lat' dir='ltr'><strong>ut</strong></span> <span class='ocrx_word' id='word_1_707' title='bbox 2210 5072 2343 5126; x_wconf 86' lang='lat' dir='ltr'><strong>mihi</strong></span> 
     </span>
    </p>
   </div>
   <div class='ocr_carea' id='block_1_99' title="bbox 780 5165 2345 5242">
    <p class='ocr_par' dir='ltr' id='par_1_99' title="bbox 780 5165 2345 5242">
     <span class='ocr_line' id='line_1_99' title="bbox 780 5165 2345 5242; baseline -0.006 -15"><span class='ocrx_word' id='word_1_708' title='bbox 780 5172 960 5242; x_wconf 87' lang='lat' dir='ltr'><strong>potius</strong></span> <span class='ocrx_word' id='word_1_709' title='bbox 1000 5166 1472 5240; x_wconf 87' lang='lat' dir='ltr'><strong>congratulemini,</strong></span> <span class='ocrx_word' id='word_1_710' title='bbox 1526 5181 1702 5234; x_wconf 88' lang='lat' dir='ltr'><strong>neque</strong></span> <span class='ocrx_word' id='word_1_711' title='bbox 1747 5177 1852 5219; x_wconf 88' lang='lat' dir='ltr'><strong>tam</strong></span> <span class='ocrx_word' id='word_1_712' title='bbox 1898 5165 2116 5234; x_wconf 85' lang='lat' dir='ltr'><strong>abjecto</strong></span> <span class='ocrx_word' id='word_1_713' title='bbox 2164 5165 2345 5218; x_wconf 89' lang='lat' dir='ltr'><strong>animo</strong></span> 
     </span>
    </p>
   </div>
   <div class='ocr_carea' id='block_1_100' title="bbox 777 5259 2342 5326">
    <p class='ocr_par' dir='ltr' id='par_1_100' title="bbox 777 5259 2342 5326">
     <span class='ocr_line' id='line_1_100' title="bbox 777 5259 2342 5326; baseline -0.006 -6"><span class='ocrx_word' id='word_1_714' title='bbox 777 5263 1174 5326; x_wconf 83' lang='lat' dir='ltr'><strong>lamenternini,</strong></span> <span class='ocrx_word' id='word_1_715' title='bbox 1214 5271 1267 5315; x_wconf 86' lang='lat' dir='ltr'><strong>ct</strong></span> <span class='ocrx_word' id='word_1_716' title='bbox 1313 5262 1444 5314; x_wconf 88' lang='lat' dir='ltr'><strong>mihi</strong></span> <span class='ocrx_word' id='word_1_717' title='bbox 1480 5260 1854 5314; x_wconf 84' lang='lat' dir='ltr'><strong>transmutctis</strong></span> <span class='ocrx_word' id='word_1_718' title='bbox 1883 5259 2079 5312; x_wconf 88' lang='lat' dir='ltr'><strong>festum</strong></span> <span class='ocrx_word' id='word_1_719' title='bbox 2132 5260 2185 5311; x_wconf 89' lang='lat' dir='ltr'><strong>in</strong></span> <span class='ocrx_word' id='word_1_720' title='bbox 2245 5259 2342 5311; x_wconf 77' lang='lat' dir='ltr'><strong>tri-</strong></span> 
     </span>
    </p>
   </div>
   <div class='ocr_carea' id='block_1_101' title="bbox 779 5351 2343 5420">
    <p class='ocr_par' dir='ltr' id='par_1_101' title="bbox 779 5351 2343 5420">
     <span class='ocr_line' id='line_1_101' title="bbox 779 5351 2343 5420; baseline -0.006 -8"><span class='ocrx_word' id='word_1_721' title='bbox 779 5357 1006 5411; x_wconf 90' lang='lat' dir='ltr'><strong>stitiam.</strong></span> <span class='ocrx_word' id='word_1_722' title='bbox 1057 5354 1228 5408; x_wconf 78' lang='lat' dir='ltr'><strong>Porro</strong></span> <span class='ocrx_word' id='word_1_723' title='bbox 1279 5362 1457 5406; x_wconf 83' lang='lat' dir='ltr'><strong>autem</strong></span> <span class='ocrx_word' id='word_1_724' title='bbox 1500 5351 1653 5405; x_wconf 86' lang='lat' dir='ltr'><strong>vobis</strong></span> <span class='ocrx_word' id='word_1_725' title='bbox 1700 5367 1913 5420; x_wconf 79' lang='lat' dir='ltr'><strong>quoque</strong></span> <span class='ocrx_word' id='word_1_726' title='bbox 1956 5353 2343 5414; x_wconf 87' lang='lat' dir='ltr'><strong>consuluerim,</strong></span> 
     </span>
    </p>
   </div>
   <div class='ocr_carea' id='block_1_102' title="bbox 782 5444 2347 5515">
    <p class='ocr_par' dir='ltr' id='par_1_102' title="bbox 782 5444 2347 5515">
     <span class='ocr_line' id='line_1_102' title="bbox 782 5444 2347 5515; baseline -0.003 -12"><span class='ocrx_word' id='word_1_727' title='bbox 782 5459 839 5503; x_wconf 91' lang='lat' dir='ltr'><strong>ut</strong></span> <span class='ocrx_word' id='word_1_728' title='bbox 866 5463 962 5503; x_wconf 87' lang='lat' dir='ltr'><strong>vos</strong></span> <span class='ocrx_word' id='word_1_729' title='bbox 1013 5446 1255 5515; x_wconf 84' lang='lat' dir='ltr'><strong>undique</strong></span> <span class='ocrx_word' id='word_1_730' title='bbox 1309 5444 1581 5509; x_wconf 83' lang='lat' dir='ltr'><strong>tnuniatis,</strong></span> <span class='ocrx_word' id='word_1_731' title='bbox 1633 5455 1685 5498; x_wconf 84' lang='lat' dir='ltr'><strong>et</strong></span> <span class='ocrx_word' id='word_1_732' title='bbox 1734 5458 1980 5513; x_wconf 76' lang='lat' dir='ltr'><strong>magnam</strong></span> <span class='ocrx_word' id='word_1_733' title='bbox 2042 5444 2347 5499; x_wconf 88' lang='lat' dir='ltr'><strong>adhibeatis</strong></span> 
     </span>
    </p>
   </div>
   <div class='ocr_carea' id='block_1_103' title="bbox 777 5535 2347 5603">
    <p class='ocr_par' dir='ltr' id='par_1_103' title="bbox 777 5535 2347 5603">
     <span class='ocr_line' id='line_1_103' title="bbox 777 5535 2347 5603; baseline -0.004 -9"><span class='ocrx_word' id='word_1_734' title='bbox 777 5540 1113 5603; x_wconf 80' lang='lat' dir='ltr'><strong>cautionem,</strong></span> <span class='ocrx_word' id='word_1_735' title='bbox 1159 5554 1249 5601; x_wconf 90' lang='lat' dir='ltr'><strong>ne,</strong></span> <span class='ocrx_word' id='word_1_736' title='bbox 1292 5535 1444 5590; x_wconf 85' lang='lat' dir='ltr'><strong>vobis</strong></span> <span class='ocrx_word' id='word_1_737' title='bbox 1509 5552 1616 5589; x_wconf 83' lang='lat' dir='ltr'><strong>non</strong></span> <span class='ocrx_word' id='word_1_738' title='bbox 1667 5536 2097 5599; x_wconf 79' lang='lat' dir='ltr'><strong>adverteritibus,</strong></span> <span class='ocrx_word' id='word_1_739' title='bbox 2138 5536 2347 5589; x_wconf 85' lang='lat' dir='ltr'><strong>auferat</strong></span> 
     </span>
    </p>
   </div>
   <div class='ocr_carea' id='block_1_104' title="bbox 776 5631 2348 5700">
    <p class='ocr_par' dir='ltr' id='par_1_104' title="bbox 776 5631 2348 5700">
     <span class='ocr_line' id='line_1_104' title="bbox 776 5631 2348 5700; baseline -0.004 -10"><span class='ocrx_word' id='word_1_740' title='bbox 776 5639 901 5691; x_wconf 78' lang='lat' dir='ltr'><strong>fidei</strong></span> <span class='ocrx_word' id='word_1_741' title='bbox 939 5636 1276 5695; x_wconf 87' lang='lat' dir='ltr'><strong>thesaurum,</strong></span> <span class='ocrx_word' id='word_1_742' title='bbox 1308 5632 1397 5700; x_wconf 85' lang='lat' dir='ltr'><strong>qui</strong></span> <span class='ocrx_word' id='word_1_743' title='bbox 1448 5640 1529 5684; x_wconf 82' lang='lat' dir='ltr'><strong>est</strong></span> <span class='ocrx_word' id='word_1_744' title='bbox 1578 5632 1802 5686; x_wconf 84' lang='lat' dir='ltr'><strong>callidus</strong></span> <span class='ocrx_word' id='word_1_745' title='bbox 1850 5631 2158 5688; x_wconf 81' lang='lat' dir='ltr'><strong>sufl&#39;urandi</strong></span> <span class='ocrx_word' id='word_1_746' title='bbox 2214 5631 2348 5684; x_wconf 81' lang='lat' dir='ltr'><strong>arti-</strong></span> 
     </span>
    </p>
   </div>
   <div class='ocr_carea' id='block_1_105' title="bbox 773 5725 2344 5797">
    <p class='ocr_par' dir='ltr' id='par_1_105' title="bbox 773 5725 2344 5797">
     <span class='ocr_line' id='line_1_105' title="bbox 773 5725 2344 5797; baseline -0.003 -13"><span class='ocrx_word' id='word_1_747' title='bbox 773 5736 883 5794; x_wconf 75' lang='lat' dir='ltr'><strong>lex,</strong></span> <span class='ocrx_word' id='word_1_748' title='bbox 922 5740 975 5783; x_wconf 90' lang='lat' dir='ltr'><strong>et</strong></span> <span class='ocrx_word' id='word_1_749' title='bbox 1006 5729 1302 5783; x_wconf 77' lang='lat' dir='ltr'><strong>maximum</strong></span> <span class='ocrx_word' id='word_1_750' title='bbox 1337 5731 1484 5784; x_wconf 85' lang='lat' dir='ltr'><strong>vobis</strong></span> <span class='ocrx_word' id='word_1_751' title='bbox 1524 5730 1627 5783; x_wconf 90' lang='lat' dir='ltr'><strong>hoc</strong></span> <span class='ocrx_word' id='word_1_752' title='bbox 1665 5729 1921 5783; x_wconf 82' lang='lat' dir='ltr'><strong>damnum</strong></span> <span class='ocrx_word' id='word_1_753' title='bbox 1952 5732 2161 5795; x_wconf 82' lang='lat' dir='ltr'><strong>ailerat,</strong></span> <span class='ocrx_word' id='word_1_754' title='bbox 2200 5725 2344 5797; x_wconf 83' lang='lat' dir='ltr'><strong>quod</strong></span> 
     </span>
    </p>
   </div>
   <div class='ocr_carea' id='block_1_106' title="bbox 774 5820 2341 5895">
    <p class='ocr_par' dir='ltr' id='par_1_106' title="bbox 774 5820 2341 5895">
     <span class='ocr_line' id='line_1_106' title="bbox 774 5820 2341 5895; baseline -0.001 -16"><span class='ocrx_word' id='word_1_755' title='bbox 774 5828 1031 5895; x_wconf 76' lang='lat' dir='ltr'><strong>pertingit</strong></span> <span class='ocrx_word' id='word_1_756' title='bbox 1070 5840 1236 5894; x_wconf 58' lang='lat' dir='ltr'><strong>oscine</strong></span> <span class='ocrx_word' id='word_1_757' title='bbox 1282 5825 1343 5878; x_wconf 79' lang='lat' dir='ltr'><strong>ad</strong></span> <span class='ocrx_word' id='word_1_758' title='bbox 1381 5825 1549 5892; x_wconf 72' lang='lat' dir='ltr'><strong>ipsam</strong></span> <span class='ocrx_word' id='word_1_759' title='bbox 1581 5822 1840 5877; x_wconf 83' lang='lat' dir='ltr'><strong>animam.</strong></span> <span class='ocrx_word' id='word_1_760' title='bbox 1882 5820 1997 5877; x_wconf 85' lang='lat' dir='ltr'><strong>Jam</strong></span> <span class='ocrx_word' id='word_1_761' title='bbox 2040 5841 2161 5878; x_wconf 85' lang='lat' dir='ltr'><strong>vero</strong></span> <span class='ocrx_word' id='word_1_762' title='bbox 2194 5836 2341 5893; x_wconf 62' lang='lat' dir='ltr'><strong>qua-</strong></span> 
     </span>
    </p>
   </div>
   <div class='ocr_carea' id='block_1_107' title="bbox 2450 4623 4020 4701">
    <p class='ocr_par' dir='ltr' id='par_1_107' title="bbox 2450 4623 4020 4701">
     <span class='ocr_line' id='line_1_107' title="bbox 2450 4623 4020 4701; baseline -0.01 -11"><span class='ocrx_word' id='word_1_763' title='bbox 2450 4639 2544 4690; x_wconf 75' lang='lat' dir='ltr'><strong>xat</strong></span> <span class='ocrx_word' id='word_1_764' title='bbox 2572 4633 2755 4698; x_wconf 81' lang='grc' dir='ltr'>αὐτὸς,</span> <span class='ocrx_word' id='word_1_765' title='bbox 2781 4625 2824 4701; x_wconf 83' lang='grc' dir='ltr'><strong>ᾦ</strong></span> <span class='ocrx_word' id='word_1_766' title='bbox 2860 4636 2953 4684; x_wconf 71' lang='lat' dir='ltr'><strong>xa‘v.</strong></span> <span class='ocrx_word' id='word_1_767' title='bbox 2986 4632 3084 4693; x_wconf 77' lang='grc' dir='ltr'>τὰς</span> <span class='ocrx_word' id='word_1_768' title='bbox 3118 4629 3423 4697; x_wconf 69' lang='grc' dir='ltr'>θυγατέρας</span> <span class='ocrx_word' id='word_1_769' title='bbox 3445 4623 3833 4694; x_wconf 64' lang='grc' dir='ltr'>νυμφευθῆναι</span> <span class='ocrx_word' id='word_1_770' title='bbox 3860 4640 4020 4677; x_wconf 67' lang='lat' dir='ltr'><strong>omu-</strong></span> 
     </span>
    </p>
   </div>
   <div class='ocr_carea' id='block_1_108' title="bbox 2448 4718 4022 4796">
    <p class='ocr_par' dir='ltr' id='par_1_108' title="bbox 2448 4718 4022 4796">
     <span class='ocr_line' id='line_1_108' title="bbox 2448 4718 4022 4796; baseline -0.009 -14"><span class='ocrx_word' id='word_1_771' title='bbox 2448 4728 2616 4793; x_wconf 68' lang='grc' dir='ltr'>δάζω,</span> <span class='ocrx_word' id='word_1_772' title='bbox 2638 4729 2768 4796; x_wconf 80' lang='grc' dir='ltr'><strong>ὑγιῆ</strong></span> <span class='ocrx_word' id='word_1_773' title='bbox 2800 4728 2893 4779; x_wconf 71' lang='grc' dir='ltr'>καὶ</span> <span class='ocrx_word' id='word_1_774' title='bbox 2925 4724 3106 4779; x_wconf 78' lang='grc' dir='ltr'>αὐτῶν</span> <span class='ocrx_word' id='word_1_775' title='bbox 3135 4725 3215 4786; x_wconf 86' lang='grc' dir='ltr'><strong>είς</strong></span> <span class='ocrx_word' id='word_1_776' title='bbox 3247 4720 3409 4791; x_wconf 72' lang='grc' dir='ltr'>δεῦρο</span> <span class='ocrx_word' id='word_1_777' title='bbox 3436 4720 3536 4788; x_wconf 77' lang='grc' dir='ltr'>τὴν</span> <span class='ocrx_word' id='word_1_778' title='bbox 3589 4718 3897 4789; x_wconf 60' lang='grc' dir='ltr'>παρθενίαν</span> <span class='ocrx_word' id='word_1_779' title='bbox 3927 4736 4022 4787; x_wconf 66' lang='grc' dir='ltr'><strong>φυ-</strong></span> 
     </span>
    </p>
   </div>
   <div class='ocr_carea' id='block_1_109' title="bbox 2450 4810 4023 4885">
    <p class='ocr_par' dir='ltr' id='par_1_109' title="bbox 2450 4810 4023 4885">
     <span class='ocr_line' id='line_1_109' title="bbox 2450 4810 4023 4885; baseline -0.006 -15"><span class='ocrx_word' id='word_1_780' title='bbox 2450 4819 2677 4883; x_wconf 76' lang='grc' dir='ltr'>λάξασα.</span> <span class='ocrx_word' id='word_1_781' title='bbox 2710 4817 2987 4871; x_wconf 80' lang='grc' dir='ltr'>Ἐντεῦθεν</span> <span class='ocrx_word' id='word_1_782' title='bbox 3018 4815 3210 4885; x_wconf 74' lang='grc' dir='ltr'>ἡδονῆς</span> <span class='ocrx_word' id='word_1_783' title='bbox 3244 4813 3355 4881; x_wconf 79' lang='grc' dir='ltr'><strong>ἐγὼ</strong></span> <span class='ocrx_word' id='word_1_784' title='bbox 3389 4815 3480 4865; x_wconf 66' lang='grc' dir='ltr'><strong>κα)⁸</strong></span> <span class='ocrx_word' id='word_1_785' title='bbox 3506 4810 3765 4882; x_wconf 82' lang='grc' dir='ltr'>χρηστῶν</span> <span class='ocrx_word' id='word_1_786' title='bbox 3797 4811 4023 4863; x_wconf 75' lang='grc' dir='ltr'>ἐλπίδων</span> 
     </span>
    </p>
   </div>
   <div class='ocr_carea' id='block_1_110' title="bbox 2448 4904 4022 4984">
    <p class='ocr_par' dir='ltr' id='par_1_110' title="bbox 2448 4904 4022 4984">
     <span class='ocr_line' id='line_1_110' title="bbox 2448 4904 4022 4984; baseline -0.008 -18"><span class='ocrx_word' id='word_1_787' title='bbox 2448 4914 2547 4984; x_wconf 78' lang='grc' dir='ltr'>τὴν</span> <span class='ocrx_word' id='word_1_788' title='bbox 2580 4912 2758 4982; x_wconf 75' lang='grc' dir='ltr'>ψυχὴν</span> <span class='ocrx_word' id='word_1_789' title='bbox 2816 4908 3066 4982; x_wconf 75' lang='grc' dir='ltr'>ἔμπλεως</span> <span class='ocrx_word' id='word_1_790' title='bbox 3097 4909 3233 4976; x_wconf 79' lang='grc' dir='ltr'>ειμι,</span> <span class='ocrx_word' id='word_1_791' title='bbox 3282 4908 3378 4958; x_wconf 85' lang='grc' dir='ltr'><strong>καί</strong></span> <span class='ocrx_word' id='word_1_792' title='bbox 3414 4922 3505 4975; x_wconf 84' lang='grc' dir='ltr'><strong>μοι</strong></span> <span class='ocrx_word' id='word_1_793' title='bbox 3572 4904 3904 4973; x_wconf 83' lang='grc' dir='ltr'>συνήδεσθαι</span> <span class='ocrx_word' id='word_1_794' title='bbox 3937 4904 4022 4955; x_wconf 71' lang='grc' dir='ltr'>καὶ</span> 
     </span>
    </p>
   </div>
   <div class='ocr_carea' id='block_1_111' title="bbox 2451 4995 4023 5079">
    <p class='ocr_par' dir='ltr' id='par_1_111' title="bbox 2451 4995 4023 5079">
     <span class='ocr_line' id='line_1_111' title="bbox 2451 4995 4023 5079; baseline -0.01 -18"><span class='ocrx_word' id='word_1_795' title='bbox 2451 5010 2593 5079; x_wconf 73' lang='grc' dir='ltr'>ὑμᾶς</span> <span class='ocrx_word' id='word_1_796' title='bbox 2629 5007 2786 5073; x_wconf 79' lang='grc' dir='ltr'><strong>ἀξιῶ,</strong></span> <span class='ocrx_word' id='word_1_797' title='bbox 2819 5004 2953 5076; x_wconf 81' lang='grc' dir='ltr'>μηδὲ</span> <span class='ocrx_word' id='word_1_798' title='bbox 3002 5002 3249 5070; x_wconf 77' lang='grc' dir='ltr'>ἀγεννῶς</span> <span class='ocrx_word' id='word_1_799' title='bbox 3311 4999 3453 5053; x_wconf 73' lang='grc' dir='ltr'>οὕτω</span> <span class='ocrx_word' id='word_1_800' title='bbox 3508 4997 3875 5069; x_wconf 71' lang='grc' dir='ltr'>θρηνεῖν,καὶ</span> <span class='ocrx_word' id='word_1_801' title='bbox 3932 4995 4023 5066; x_wconf 70' lang='grc' dir='ltr'>τὴν</span> 
     </span>
    </p>
   </div>
   <div class='ocr_carea' id='block_1_112' title="bbox 2449 5086 4024 5170">
    <p class='ocr_par' dir='ltr' id='par_1_112' title="bbox 2449 5086 4024 5170">
     <span class='ocr_line' id='line_1_112' title="bbox 2449 5086 4024 5170; baseline -0.008 -19"><span class='ocrx_word' id='word_1_802' title='bbox 2449 5098 2643 5170; x_wconf 76' lang='grc' dir='ltr'>ἑορτὴν</span> <span class='ocrx_word' id='word_1_803' title='bbox 2672 5098 2796 5166; x_wconf 69' lang='grc' dir='ltr'>ἐμοὶ</span> <span class='ocrx_word' id='word_1_804' title='bbox 2835 5096 2969 5165; x_wconf 85' lang='grc' dir='ltr'>πρὸς</span> <span class='ocrx_word' id='word_1_805' title='bbox 3014 5095 3315 5164; x_wconf 79' lang='grc' dir='ltr'>κατήφειαν</span> <span class='ocrx_word' id='word_1_806' title='bbox 3372 5090 3757 5161; x_wconf 75' lang='grc' dir='ltr'>μεταϐάλλειν.</span> <span class='ocrx_word' id='word_1_807' title='bbox 3788 5086 4024 5157; x_wconf 70' lang='grc' dir='ltr'>Συμϐιρυ·</span> 
     </span>
    </p>
   </div>
   <div class='ocr_carea' id='block_1_113' title="bbox 2448 5180 4023 5261">
    <p class='ocr_par' dir='ltr' id='par_1_113' title="bbox 2448 5180 4023 5261">
     <span class='ocr_line' id='line_1_113' title="bbox 2448 5180 4023 5261; baseline -0.008 -17"><span class='ocrx_word' id='word_1_808' title='bbox 2448 5190 2704 5261; x_wconf 86' lang='grc' dir='ltr'>λεύσαιμι</span> <span class='ocrx_word' id='word_1_809' title='bbox 2732 5191 2777 5243; x_wconf 88' lang='grc' dir='ltr'>δ’</span> <span class='ocrx_word' id='word_1_810' title='bbox 2810 5189 2875 5243; x_wconf 85' lang='grc' dir='ltr'>ἂν</span> <span class='ocrx_word' id='word_1_811' title='bbox 2924 5187 3021 5241; x_wconf 75' lang='grc' dir='ltr'>καὶ</span> <span class='ocrx_word' id='word_1_812' title='bbox 3057 5189 3185 5258; x_wconf 84' lang='grc' dir='ltr'>ὑμῖν</span> <span class='ocrx_word' id='word_1_813' title='bbox 3232 5184 3430 5255; x_wconf 59' lang='grc' dir='ltr'>πολλὴν</span> <span class='ocrx_word' id='word_1_814' title='bbox 3460 5180 3803 5252; x_wconf 77' lang='grc' dir='ltr'>πανταχόθεν</span> <span class='ocrx_word' id='word_1_815' title='bbox 3832 5183 4023 5235; x_wconf 73' lang='grc' dir='ltr'>ἐπιδεί-</span> 
     </span>
    </p>
   </div>
   <div class='ocr_carea' id='block_1_114' title="bbox 2450 5278 4022 5354">
    <p class='ocr_par' dir='ltr' id='par_1_114' title="bbox 2450 5278 4022 5354">
     <span class='ocr_line' id='line_1_114' title="bbox 2450 5278 4022 5354; baseline -0.008 -16"><span class='ocrx_word' id='word_1_816' title='bbox 2450 5284 2679 5339; x_wconf 84' lang='grc' dir='ltr'>κνυσθαι</span> <span class='ocrx_word' id='word_1_817' title='bbox 2706 5284 2805 5354; x_wconf 83' lang='grc' dir='ltr'>τὴν</span> <span class='ocrx_word' id='word_1_818' title='bbox 2837 5281 3156 5351; x_wconf 84' lang='grc' dir='ltr'>ἀσφάλειαν,</span> <span class='ocrx_word' id='word_1_819' title='bbox 3186 5282 3259 5351; x_wconf 81' lang='grc' dir='ltr'>μή</span> <span class='ocrx_word' id='word_1_820' title='bbox 3290 5298 3391 5331; x_wconf 87' lang='grc' dir='ltr'><strong>που</strong></span> <span class='ocrx_word' id='word_1_821' title='bbox 3424 5279 3565 5349; x_wconf 77' lang='grc' dir='ltr'>λάθῃ</span> <span class='ocrx_word' id='word_1_822' title='bbox 3590 5278 3684 5331; x_wconf 84' lang='grc' dir='ltr'><strong>καί</strong></span> <span class='ocrx_word' id='word_1_823' title='bbox 3708 5296 3856 5340; x_wconf 83' lang='grc' dir='ltr'>τινος</span> <span class='ocrx_word' id='word_1_824' title='bbox 3882 5280 4022 5347; x_wconf 61' lang='grc' dir='ltr'>ὑμῶν</span> 
     </span>
    </p>
   </div>
   <div class='ocr_carea' id='block_1_115' title="bbox 2450 5370 4023 5447">
    <p class='ocr_par' dir='ltr' id='par_1_115' title="bbox 2450 5370 4023 5447">
     <span class='ocr_line' id='line_1_115' title="bbox 2450 5370 4023 5447; baseline -0.009 -16"><span class='ocrx_word' id='word_1_825' title='bbox 2450 5381 2539 5432; x_wconf 64' lang='grc' dir='ltr'><strong>τδν</strong></span> <span class='ocrx_word' id='word_1_826' title='bbox 2572 5379 2672 5447; x_wconf 77' lang='grc' dir='ltr'>τῆς</span> <span class='ocrx_word' id='word_1_827' title='bbox 2708 5380 2945 5439; x_wconf 76' lang='grc' dir='ltr'>πίστεως</span> <span class='ocrx_word' id='word_1_828' title='bbox 2989 5375 3262 5445; x_wconf 79' lang='grc' dir='ltr'>θησαυρὸν</span> <span class='ocrx_word' id='word_1_829' title='bbox 3299 5377 3324 5425; x_wconf 87' lang='grc' dir='ltr'><strong>ό</strong></span> <span class='ocrx_word' id='word_1_830' title='bbox 3354 5371 3527 5434; x_wconf 80' lang='grc' dir='ltr'>δεινὸς</span> <span class='ocrx_word' id='word_1_831' title='bbox 3580 5370 3915 5441; x_wconf 40' lang='lat' dir='ltr'><strong>ﬂammida,</strong></span> <span class='ocrx_word' id='word_1_832' title='bbox 3942 5387 4023 5419; x_wconf 64' lang='grc' dir='ltr'>κστ</span> 
     </span>
    </p>
   </div>
   <div class='ocr_carea' id='block_1_116' title="bbox 2450 5464 4024 5541">
    <p class='ocr_par' dir='ltr' id='par_1_116' title="bbox 2450 5464 4024 5541">
     <span class='ocr_line' id='line_1_116' title="bbox 2450 5464 4024 5541; baseline -0.011 -17"><span class='ocrx_word' id='word_1_833' title='bbox 2450 5472 2546 5541; x_wconf 80' lang='grc' dir='ltr'>τὴν</span> <span class='ocrx_word' id='word_1_834' title='bbox 2583 5473 2849 5540; x_wconf 78' lang='grc' dir='ltr'>μεγίστην</span> <span class='ocrx_word' id='word_1_835' title='bbox 2876 5469 3079 5536; x_wconf 81' lang='grc' dir='ltr'>ταύτην</span> <span class='ocrx_word' id='word_1_836' title='bbox 3109 5466 3313 5536; x_wconf 78' lang='grc' dir='ltr'>ζημίαν</span> <span class='ocrx_word' id='word_1_837' title='bbox 3360 5465 3456 5518; x_wconf 71' lang='grc' dir='ltr'>καὶ</span> <span class='ocrx_word' id='word_1_838' title='bbox 3480 5466 3559 5528; x_wconf 82' lang='grc' dir='ltr'><strong>εἰς</strong></span> <span class='ocrx_word' id='word_1_839' title='bbox 3589 5464 3767 5534; x_wconf 73' lang='grc' dir='ltr'>αὐτὴν</span> <span class='ocrx_word' id='word_1_840' title='bbox 3793 5466 4024 5531; x_wconf 57' lang='grc' dir='ltr'>ἤκουσαν</span> 
     </span>
    </p>
   </div>
   <div class='ocr_carea' id='block_1_117' title="bbox 2451 5556 4019 5635">
    <p class='ocr_par' dir='ltr' id='par_1_117' title="bbox 2451 5556 4019 5635">
     <span class='ocr_line' id='line_1_117' title="bbox 2451 5556 4019 5635; baseline -0.01 -19"><span class='ocrx_word' id='word_1_841' title='bbox 2451 5569 2551 5635; x_wconf 77' lang='grc' dir='ltr'>τὴν</span> <span class='ocrx_word' id='word_1_842' title='bbox 2578 5565 2753 5635; x_wconf 66' lang='grc' dir='ltr'>ψυχὴν</span> <span class='ocrx_word' id='word_1_843' title='bbox 2788 5562 3091 5634; x_wconf 73' lang='grc' dir='ltr'>ζημιῶσαι.</span> <span class='ocrx_word' id='word_1_844' title='bbox 3145 5561 3255 5613; x_wconf 80' lang='grc' dir='ltr'><strong>Καὶ</strong></span> <span class='ocrx_word' id='word_1_845' title='bbox 3306 5562 3428 5612; x_wconf 79' lang='grc' dir='ltr'>ὅσαι</span> <span class='ocrx_word' id='word_1_846' title='bbox 3457 5559 3516 5611; x_wconf 81' lang='grc' dir='ltr'>δὲ</span> <span class='ocrx_word' id='word_1_847' title='bbox 3548 5560 3659 5611; x_wconf 82' lang='grc' dir='ltr'>τῶν</span> <span class='ocrx_word' id='word_1_848' title='bbox 3709 5556 4019 5623; x_wconf 66' lang='grc' dir='ltr'>Ἐλληνίξιυν</span> 
     </span>
    </p>
   </div>
   <div class='ocr_carea' id='block_1_118' title="bbox 2452 5646 4021 5728">
    <p class='ocr_par' dir='ltr' id='par_1_118' title="bbox 2452 5646 4021 5728">
     <span class='ocr_line' id='line_1_118' title="bbox 2452 5646 4021 5728; baseline -0.008 -19"><span class='ocrx_word' id='word_1_849' title='bbox 2452 5658 2729 5728; x_wconf 78' lang='grc' dir='ltr'>γυναικῶν</span> <span class='ocrx_word' id='word_1_850' title='bbox 2764 5653 2995 5708; x_wconf 74' lang='grc' dir='ltr'>ἐνταῦθα</span> <span class='ocrx_word' id='word_1_851' title='bbox 3040 5653 3141 5706; x_wconf 77' lang='grc' dir='ltr'>καὶ</span> <span class='ocrx_word' id='word_1_852' title='bbox 3182 5652 3479 5721; x_wconf 78' lang='grc' dir='ltr'>Ἑϐραΐδων</span> <span class='ocrx_word' id='word_1_853' title='bbox 3533 5650 3755 5721; x_wconf 68' lang='grc' dir='ltr'>(πολλαὶ</span> <span class='ocrx_word' id='word_1_854' title='bbox 3801 5652 3929 5713; x_wconf 72' lang='grc' dir='ltr'>γὰρ,</span> <span class='ocrx_word' id='word_1_855' title='bbox 3956 5646 4021 5709; x_wconf 58' lang='lat' dir='ltr'><strong>Co;</strong></span> 
     </span>
    </p>
   </div>
   <div class='ocr_carea' id='block_1_119' title="bbox 2452 5741 4018 5820">
    <p class='ocr_par' dir='ltr' id='par_1_119' title="bbox 2452 5741 4018 5820">
     <span class='ocr_line' id='line_1_119' title="bbox 2452 5741 4018 5820; baseline -0.008 -16"><span class='ocrx_word' id='word_1_856' title='bbox 2452 5752 2586 5820; x_wconf 65' lang='grc' dir='ltr'>ὁρῶ,</span> <span class='ocrx_word' id='word_1_857' title='bbox 2624 5750 2713 5802; x_wconf 76' lang='grc' dir='ltr'><strong>ἐπὶ</strong></span> <span class='ocrx_word' id='word_1_858' title='bbox 2748 5753 2815 5819; x_wconf 71' lang='grc' dir='ltr'>τῇ</span> <span class='ocrx_word' id='word_1_859' title='bbox 2864 5748 2962 5817; x_wconf 68' lang='grc' dir='ltr'><strong>θέᾳ</strong></span> <span class='ocrx_word' id='word_1_860' title='bbox 2995 5746 3234 5812; x_wconf 83' lang='grc' dir='ltr'>πάρεστε</span> <span class='ocrx_word' id='word_1_861' title='bbox 3288 5747 3486 5818; x_wconf 72' lang='grc' dir='ltr'>ταύτῃ)</span> <span class='ocrx_word' id='word_1_862' title='bbox 3538 5741 3882 5811; x_wconf 67' lang='grc' dir='ltr'>ἀποθέμεναι</span> <span class='ocrx_word' id='word_1_863' title='bbox 3938 5760 4018 5791; x_wconf 66' lang='grc' dir='ltr'>καί</span> 
     </span>
    </p>
   </div>
   <div class='ocr_carea' id='block_1_120' title="bbox 2456 5837 4020 5910">
    <p class='ocr_par' dir='ltr' id='par_1_120' title="bbox 2456 5837 4020 5910">
     <span class='ocr_line' id='line_1_120' title="bbox 2456 5837 4020 5910; baseline -0.01 -11"><span class='ocrx_word' id='word_1_864' title='bbox 2456 5847 2705 5909; x_wconf 72' lang='grc' dir='ltr'>ὑμεῖς,αἱ</span> <span class='ocrx_word' id='word_1_865' title='bbox 2737 5845 2835 5907; x_wconf 78' lang='grc' dir='ltr'>μὲν</span> <span class='ocrx_word' id='word_1_866' title='bbox 2867 5846 2992 5904; x_wconf 69' lang='grc' dir='ltr'>τοὺς</span> <span class='ocrx_word' id='word_1_867' title='bbox 3022 5840 3260 5910; x_wconf 75' lang='grc' dir='ltr'>μακροὺς</span> <span class='ocrx_word' id='word_1_868' title='bbox 3297 5839 3500 5908; x_wconf 79' lang='grc' dir='ltr'>μύθους</span> <span class='ocrx_word' id='word_1_869' title='bbox 3536 5838 3629 5890; x_wconf 68' lang='grc' dir='ltr'>καὶ</span> <span class='ocrx_word' id='word_1_870' title='bbox 3687 5837 3906 5910; x_wconf 64' lang='grc' dir='ltr'>λήρους.</span> <span class='ocrx_word' id='word_1_871' title='bbox 3936 5840 4020 5887; x_wconf 75' lang='grc' dir='ltr'>καὶ</span> 
     </span>
    </p>
   </div>
  </div>
