4198 6312
228 347 364 416 1265

1367 360 1829 419 MARTYRIUM
1874 361 1931 419 S.
1969 360 2318 419 ARETll/E.

3317 356 3448 420 19.66

221 463 346 523 τοὺς
392 460 626 529 ὀνόματα
681 463 838 531 μόνον
898 466 1057 527 ὄντας
1092 467 1245 530 θεούς
1274 485 1285 497 ·
1317 472 1370 522 αί
1398 471 1452 522 δὲ
1480 472 1579 542 τὴν
1612 470 1788 534 σκιὰν,
1822 479 1861 533 Α

1822 479 1861 533 Α
1897 490 2110 541 cunque
2162 476 2250 528 hic
2304 472 2434 527 estis
2478 473 2731 528 mulieres
2790 475 3038 544 gentiles,
3093 482 3147 529 et
3218 473 3454 526 Hebraea:

221 553 317 622 ὀψὲ
346 553 475 621 γοῦν
503 569 632 606 ποτε
662 556 755 607 καὶ
785 557 990 619 τ’ύπονς
1024 562 1117 611 καὶ
1146 560 1215 612 τὰ
1264 562 1569 631 αἰνίγματα
1623 581 1792 629 μετα-

226 645 426 714 μάθετε
452 645 548 715 τὴν
586 647 849 716 ἀλήθειαν
891 650 984 701 καὶ
1012 650 1087 720 τῷ
1114 653 1270 717 Λόγω
1304 657 1400 706 καὶ
1434 655 1553 725 Θεῷ
1578 656 1655 724 τῷ
1697 658 1792 725 τῆς

228 736 454 803 Τριάδος
496 737 578 790 ἑνὶ
609 738 1026 808 προσελθοῦσαι,
1061 743 1368 814 φωτίσθητε
1417 746 1504 799 διὰ
1558 747 1657 816 τῆς
1690 749 1790 801 αὑ·

219 826 313 878 τοῦ
351 827 606 897 λατρείας
637 831 729 882 καὶ
768 830 865 899 τῆς
899 832 991 884 τοῦ
1048 833 1189 887 θείου
1248 837 1617 906 ϐαπτίσματος
1665 841 1792 891 ἀνα-

214 920 547 989 γεννήσεως,
570 923 663 974 καὶ
695 921 770 993 μὴ
818 922 959 976 οὕτω
988 927 1104 989 ταῖς
1141 928 1415 992 ἀσεϐείαις
1476 931 1628 1000 ὑμῶν
1670 950 1790 983 συν-

214 1006 511 1075 απόλησθε.

1891 567 2096 633 (multae
2121 567 2289 629 enim,
2322 574 2379 619 ut
2404 564 2581 628 video,
2615 566 2702 620 hic
2728 565 2930 620 adestis
2952 565 3016 620 ad
3037 564 3454 634 spectaculum).

1890 670 1985 710 vos
2047 672 2263 725 quoque
2339 655 2620 727 depositis,
2684 656 2915 728 gentiles
2967 657 3208 727 quidem,
3284 656 3459 723 longis

1891 748 2088 802 fabulis
2139 758 2194 802 et
2227 750 2405 818 nugis,
2450 759 2505 803 et
2553 748 2680 811 diis,
2731 749 2823 818 qui
2860 758 2987 803 sunt
3035 748 3147 801 solo
3184 748 3403 801 nomine
3441 762 3455 800 ι

1894 842 2131 894 l-lehrazze
2171 850 2374 904 autem,
2410 842 2603 895 umbra
2652 841 2867 896 tandem
2917 850 2973 895 et
3018 840 3201 911 ﬁguris
3241 844 3290 894 et
3327 840 3456 894 ami-

1897 934 2185 1003 gmatibus,
2223 934 2423 989 discite
2448 934 2756 997 veritatem,
2791 933 3181 989 etaccedentes
3226 931 3289 984 ad
3325 929 3457 985 Ver—

1894 1026 2023 1078 bum
2050 1033 2104 1079 ct
2138 1026 2331 1091 Deum,
2365 1026 2456 1094 qui
2504 1034 2588 1079 est
2644 1040 2785 1079 unus
2838 1023 3141 1083 Trinitatis,
3194 1038 3290 1090 per
3334 1022 3454 1087 eius

214 1098 421 1152 cultum
470 1099 854 1159 illuminemini
900 1114 954 1159 et
985 1105 1152 1161 divini
1194 1107 1535 1176 baptismatis
1577 1113 2068 1182 regenerationem,
2102 1129 2279 1184 neque
2322 1114 2399 1170 sic
2436 1114 2597 1169 simul
2661 1113 2897 1184 pereatis
2945 1114 2997 1168 in
3035 1112 3226 1168 vestris
3273 1109 3468 1179 impie-

218 1194 442 1247 tatibus.

288 1286 388 1339 IE'.
430 1288 615 1342 Ταῦτα
661 1292 762 1361 τῆς
818 1294 1096 1364 μάρτυρος
1149 1298 1244 1350 καὶ
1304 1299 1440 1354 ἄλλα
1472 1302 1639 1356 πλείω
1668 1307 1789 1368 ταῖς

217 1376 598 1442 συνελθούσαις
632 1384 844 1449 γυναιξὶ
898 1383 1303 1455 διαλεγομένης,
1362 1391 1505 1456 τινὲς
1561 1392 1669 1447 τῶν
1723 1394 1791 1448 τὰ

215 1469 483 1537 βασιλέως
519 1475 855 1541 φρονούντων
885 1476 1078 1547 ἐκείνῳ
1111 1482 1625 1549 προσαγγειλάντων
1649 1485 1790 1539 αὐτὰ

214 1562 308 1613 καὶ
340 1562 420 1615 ὅτι
455 1562 763 1634 διαστρέφοι
808 1567 868 1618 τὸ
897 1568 1120 1638 πλῆθος.
1170 1570 1229 1625 '0
1260 1572 1512 1643 βασιλεὺς
1554 1577 1647 1630 καὶ
1691 1572 1790 1629 αὗ-

213 1651 302 1714 Οις
334 1651 671 1722 μετάκλητον
716 1656 886 1726 αὐτὴν
944 1662 1314 1730 ποιησάμενος
1357 1666 1449 1717 καὶ
1479 1665 1567 1718 τὸν
1616 1669 1787 1737 πρᾶον

1962 1300 2075 1356 XV.
2118 1301 2251 1358 Cum
2310 1312 2511 1374 martyr
2557 1303 2669 1357 haec
2701 1313 2756 1357 et
2787 1303 2886 1356 alia
2920 1303 3068 1370 plura
3104 1301 3310 1356 diceret
3338 1315 3456 1353 mu-

1889 1394 2133 1454 lieribus,
2179 1392 2399 1461 quidam
2433 1408 2497 1446 ex
2539 1376 2625 1454 iis,
2656 1393 2744 1461 qui
2788 1408 2910 1447 eum
2958 1406 3081 1458 rege
3122 1391 3455 1450 sentiebant,

1890 1483 1964 1537 illi
2002 1483 2117 1537 [nec
2147 1482 2545 1545 renuntiarunt,
2580 1492 2635 1536 et
2661 1482 2804 1552 quod
2834 1490 3174 1551 perverteret
3210 1480 3457 1533 multitu-

1890 1575 2095 1630 dinem.
2145 1572 2258 1628 Rex
2294 1574 2495 1643 itaque,
2532 1590 2591 1627 ea
2638 1590 2825 1629 rursus
2867 1571 3148 1635 accersita,
3194 1570 3456 1625 simulans

1895 1668 2369 1723 mansuetudinem
2416 1666 2685 1738 :Magna,
2723 1667 2915 1735 inquit,
2968 1681 3101 1720 usus
3145 1682 3264 1720 sum
3303 1666 3356 1718 lu
3403 1673 3455 1720 te

214 1740 555 1811 ὑποκριθείς,
593 1743 789 1814 Πολλῇ,
833 1750 1015 1816 φησὶν,
1071 1753 1392 1823 ἐχρησάμην
1453 1755 1543 1807 ἐπί
1596 1772 1677 1809 σοι
1721 1760 1786 1827 τῇ
1822 1773 1860 1826 Β

1822 1773 1860 1826 Β
1894 1761 2167 1829 patientia,
2201 1760 2303 1815 hoc
2332 1762 2581 1816 consulto
2606 1770 2659 1814 et
2692 1775 2797 1813 non
2824 1758 3227 1814 inconsiderate
3252 1756 3454 1811 faciens

219 1834 595 1904 μακροθυμία,
645 1839 871 1909 προνοίᾳ
925 1842 1085 1895 τοῦτο
1135 1844 1502 1918 φιλανθρώπῳ
1560 1850 1654 1901 καὶ
1688 1849 1786 1902 οὐκ

214 1925 424 1993 ἀλόγως
457 1926 643 1991 ποιῶν,
668 1930 835 2001 ὅπως,
868 1935 916 1988 εί
941 1936 1013 2007 μή
1045 1952 1096 1988 τι
1124 1934 1267 2000 ἄλλο,
1295 1937 1429 1990 ἀλλὰ
1454 1943 1566 2001 τοῖς
1596 1940 1682 1993 ἐπὶ
1709 1941 1789 1993 σοὶ

216 2017 312 2067 καὶ
339 2017 458 2078 ταῖς
484 2016 785 2091 θυγατράσι
818 2026 1241 2095 καταχεομένοις
1269 2028 1529 2099 δάκρυσιν
1560 2031 1785 2085 ὲπικλα·

217 2108 427 2170 σθεῖσα,
456 2112 733 2183 πεισθείης
759 2117 910 2184 ἡμῖν.
950 2118 1012 2169 ῚΙ
1034 2118 1112 2170 δέ’
1141 2118 1249 2171 Καὶ
1281 2118 1363 2183 τίς
1397 2137 1486 2189 με,
1520 2120 1647 2191 ἔφη,
1677 2139 1790 2175 πει-

218 2196 437 2249 σθεῖσάν
472 2217 573 2267 σοι,
608 2203 847 2272 βασιλεῦ,
881 2207 971 2259 τοῦ
1006 2208 1177 2279 πυρὸς
1214 2209 1436 2279 ῥύσεται
1491 2213 1588 2265 τοῦ
1622 2214 1786 2267 esse-

222 2305 351 2340 στου
382 2304 400 2351 ;
435 2290 621 2356 Οὕτως
654 2295 821 2361 ἔλεξε,
855 2299 1039 2361 καὶεξς
1069 2300 1469 2370 οὐρανδνεὺθὺς
1501 2304 1785 2369 ἀπιδοῦσα,

214 2380 308 2448 Μὴ
340 2382 551 2446 γένοιτό
588 2402 696 2453 μοι,
732 2390 918 2457 φησιν,
975 2390 1209 2445 ἀθάνατε
1258 2394 1502 2463 βασιλεῦ,
1540 2397 1790 2466 ἀπαρνή-

215 2474 417 2527 σασθαί
466 2494 522 2528 σε
560 2479 650 2531 τὸν
686 2481 776 2532 τοῦ
824 2480 956 2535 Θεοῦ
1004 2486 1267 2555 μουνογενῆ
1304 2488 1453 2552 Υἰον,
1511 2491 1601 2541 καὶ
1632 2491 1788 2561 ἀνδρὶ

215 2566 528 2635 πεισθῆναι,
586 2569 662 2639 τῷ
715 2571 774 2624 σέ
822 2589 880 2625 τε
945 2575 1289 2645 ἀθετήσαντι,
1330 2580 1423 2631 καὶ
1478 2580 1785 2651 ἐπιορκίαις

209 2659 363 2726 ἡμᾶς
387 2661 751 2732 ἀπατήσαντι.
783 2666 892 2734 Τὴν
921 2671 1233 2740 παρρησῖαν
1261 2672 1441 2724 τοίνυν
1468 2675 1494 2726 ὁ
1535 2674 1786 2745 Ἑϐραῖος

210 2748 311 2812 τῆς
336 2751 592 2814 γενναίας
625 2754 724 2803 οὐκ
758 2757 1018 2824 ἐνεγκὼν,
1047 2758 1183 2811 ἀλλάι
1212 2761 1312 2829 τὴν
1344 2763 1548 2832 σκηνὴν
1582 2766 1677 2818 καὶ
1726 2767 1785 2819 τὺ

212 2836 438 2905 πλάσμα
474 2838 660 2905 λύσας,
711 2846 800 2894 καὶ
830 2846 1020 2915 ἄγριόν
1050 2865 1098 2900 τι
1151 2849 1353 2920 βλέψας
1396 2854 1489 2905 καὶ
1519 2857 1738 2922 (povth
1771 2898 1783 2922 ,

212 2926 607 3000 Τολμηροτάτη
653 2927 950 3000 γίδναικῶν,
980 2939 1103 3008 ἔφη,
1156 2940 1262 3007 ἐγώ
1300 2959 1393 2994 σου
1425 2946 1521 3005 τὰς
1576 2948 1784 3015 σάρκας

210 3020 339 3089 ἄρτι
367 3023 676 3090 καταξανῶ,
720 3028 812 3079 καὶ
861 3029 1256 3102 δια-,ιηλαφησω
1308 3034 1375 3087 τά
1426 3035 1651 3103 ἔγκατα,
1689 3040 1782 3091 καὶ

1892 1862 2109 1922 propter
2135 1851 2546 1922 benignitatem,
2576 1861 2633 1905 ut
2665 1851 2835 1906 fracta
2873 1850 3144 1920 lacrymis,
3176 1864 3295 1918 qua:
3330 1864 3457 1917 pro-

1891 1952 2009 2012 pter
2046 1953 2097 1997 tc
2136 1942 2460 2006 funduntur,
2495 1951 2546 1996 et
2576 1950 2797 2011 propter
2844 1940 2997 2003 ﬁlias,
3047 1939 3201 1993 nobis
3239 1954 3454 2008 pareas.

1890 2034 1981 2088 llla
2024 2045 2201 2090 autem
2237 2054 2251 2087 :
2286 2034 2417 2099 Quis
2467 2050 2574 2099 me,
2627 2033 2820 2103 inquit,
2847 2048 2880 2085 ο
2908 2048 3019 2089 rex.
3052 2032 3095 2084 si
3133 2032 3228 2085 tibi
3264 2046 3450 2099 parue-

1890 2125 2010 2187 rim,
2051 2125 2293 2178 liherarit
2332 2124 2398 2177 ab
2441 2125 2585 2193 igne,
2634 2124 2725 2195 qui
2773 2139 2882 2177 non
2920 2131 3098 2192 potest
3141 2119 3459 2190 exstingui?

1890 2213 1978 2269 Sic
2009 2214 2163 2276 dixit,
2196 2225 2245 2268 et
2276 2214 2469 2267 coelum
2505 2215 2685 2268 statim
2715 2215 2931 2268 intuens
2974 2231 2986 2266 :
3048 2210 3220 2274 Absit,
3261 2210 3456 2279 inquit,

1891 2322 1922 2360 ο
1952 2303 2059 2360 Rex
2088 2307 2424 2370 immortalis,
2458 2314 2517 2360 ut
2554 2318 2603 2359 re
2645 2322 2860 2375 negem,
2906 2305 2997 2373 qui
3047 2317 3105 2358 es
3154 2304 3301 2357 solus
3336 2303 3460 2355 uni-

1892 2398 2102 2468 genitus
2142 2398 2235 2451 Dei
2275 2397 2460 2459 Filius,
2511 2407 2563 2451 et
2608 2398 2823 2453 credam
2873 2397 3010 2458 viro,
3052 2395 3143 2465 qui
3181 2405 3230 2449 te
3268 2393 3456 2448 habuit

1892 2490 2246 2557 contemptui,
2292 2500 2346 2543 et
2390 2505 2488 2543 nos
2532 2490 2746 2557 decepit
2795 2489 3061 2557 periurio.
3103 2486 3218 2541 Non
3274 2486 3454 2540 ferens

1892 2582 2071 2651 itaque
2114 2582 2370 2638 llebrreus
2415 2583 2720 2638 libertatem
2758 2580 3014 2652 loquendi
3061 2594 3336 2651 generosae
3370 2579 3450 2634 fe-

1892 2676 2072 2737 rnime,
2103 2676 2197 2731 sed
2226 2677 2469 2746 deposita
2502 2692 2685 2737 scena,
2719 2682 2773 2729 et
2803 2676 2977 2729 ablata
3006 2675 3242 2735 ﬁctione,
3270 2680 3454 2725 torve-

1890 2783 1994 2835 que
2029 2782 2147 2820 eam
2182 2778 2239 2821 et
2271 2766 2469 2821 furiose
2516 2768 2734 2821 intuens
2773 2783 2785 2820 :
2825 2765 3217 2830 Audaeissima,
3262 2763 3456 2832 inquit,

1890 2859 2104 2921 mulier,
2150 2875 2250 2929 ego
2299 2860 2392 2913 tibi
2426 2861 2534 2929 jam
2575 2874 2766 2913 carnes
2809 2858 3109 2927 discerpam
3152 2872 3215 2911 ac
3247 2856 3462 2910 dilace—

1891 2948 2044 3009 rabo,
2097 2958 2151 3001 et
2198 2948 2453 3002 intestina
2502 2947 2853 3002 contrectabo
2892 2966 2903 3001 :
2940 2956 2993 3000 et
3038 2945 3083 3000 si
3127 2944 3255 3013 quid
3296 2942 3460 2997 exiis

1892 3041 2053 3094 fuerit
2094 3041 2382 3109 reliquum,
2417 3039 2465 3092 id
2495 3054 2763 3109 apponam
2806 3038 3173 3093 devorandum
3210 3035 3457 3090 canibus.

211 3113 270 3164 εἴ
291 3131 340 3166 τι
372 3116 428 3168 δὲ
478 3119 682 3172 τούτων
721 3122 1037 3194 ὑπολειφθῇ,
1067 3128 1191 3179 κυσὶ
1227 3128 1524 3199 παραθήσω
1555 3130 1781 3199 τροφήν.
1811 3103 1854 3161 c

1811 3103 1854 3161 α
1892 3130 2097 3186 Videbo
2124 3142 2333 3196 autem,
2357 3133 2606 3202 quisnam
2646 3141 2698 3184 te
2731 3130 2803 3184 sit
2836 3145 2865 3184 e
2891 3130 3023 3183 meis
3056 3128 3305 3182 manibus
3336 3142 3456 3180 ere-

214 3208 327 3259 Καὶ
356 3208 450 3261 ίδω
481 3212 563 3272 τίς
594 3215 621 3264 ὁ
674 3215 781 3266 των
828 3217 973 3286 ἐμιῖιν
1031 3218 1417 3287 ἐξαιρούμενός
1455 3239 1513 3274 σε
1565 3223 1783 3292 χειρῶν,

214 3298 325 3349 κᾶν
373 3302 421 3351 εί
472 3303 540 3354 τὰ
591 3303 821 3370 μάλιστα
860 3306 1145 3377 σύμμαχον
1198 3313 1545 3379 παραστῆναί
1581 3330 1661 3364 σοι
1694 3316 1784 3364 τὸν

210 3388 535 3460 Ναζωραῖον
562 3392 775 3463 ἄμαχον
802 3398 1125 3470 προσδοκᾷς.
1164 3399 1424 3454 Ἐνταῦθα
1444 3401 1517 3472 μὴ
1554 3403 1784 3472 ἀνασχο-

214 3480 357 3550 μένη
387 3481 494 3533 τῶν
523 3484 614 3536 τοῦ
654 3489 850 3557 μιαροῦ
884 3491 1058 3559 λόγων
1089 3495 1120 3563 ἡ
1157 3495 1348 3564 πρώτη
1397 3495 1504 3549 τῶν
1554 3494 1787 3564 θυγατὲ-

210 3589 328 3642 ρων
356 3574 458 3644 τῆς
490 3578 787 3647 μάρτυρος,
816 3583 1119 3637 δωδέκατον
1152 3588 1250 3656 ἤδη
1303 3604 1407 3639 που
1438 3588 1536 3657 τῆς
1569 3591 1787 3659 ἡλικίας

210 3661 425 3730 ἄγουσα
459 3667 670 3733 χρόνον,
721 3669 896 3722 σιέλου
928 3672 987 3724 τι
1034 3676 1207 3743 στόμα
1243 3676 1517 3745 πλήσασα,
1558 3679 1785 3746 κατέχεε

206 3754 308 3821 τῆς
334 3754 507 3822 ὅψεως
531 3757 624 3809 τθῦ
651 3761 938 3830 τυράννου.
966 3767 1027 3817 Ol
1059 3767 1115 3819 δὲ
1142 3771 1580 3839 περιεστηκότες,
1608 3772 1664 3821 οὐ
1694 3772 1785 3823 τον

210 3844 378 3911 ζῆλον
411 3849 502 3901 καὶ
535 3852 592 3902 τὸ
624 3851 847 3916 δικαίως
875 3857 1165 3925 γενόμενον
1218 3862 1623 3920 ἐπαινέσαντες.
1654 3861 1786 3914 ἀλλὰ

213 3939 305 3991 τὸν
338 3943 529 4013 καιρὸν
559 3944 974 4014 θεραπεύονίες,
1003 3951 1172 4021 αὑτήν
1204 3969 1261 4003 τε
1292 3955 1384 4005 καὶ
1418 3950 1515 4023 τὴν
1554 3953 1786 4022 ἀδελφὴν

210 4032 414 4085 αὐτίκα
448 4037 589 4104 ξίφει
619 4038 1058 4113 διαχειρίζονται,
1098 4046 1193 4097 καὶ
1220 4049 1340 4109 ταῖς
1374 4050 1563 4115 χερσὶν
1605 4050 1667 4099 ἐκ
1694 4047 1785 4099 τοῦ

211 4128 617 4198 καταρρέοντος
676 4135 904 4203 αἵματος
958 4138 1008 4188 oi
1077 4138 1360 4206 θηριώδεις
1424 4140 1787 4200 ὑπολαϐόντες

209 4222 585 4289 προσφέρουσι
638 4229 701 4293 τῇ
763 4229 929 4298 μητρί
970 4229 1158 4283 ’τοῦτο
1218 4233 1523 4301 προσταγὲν
1586 4236 1649 4286 ὲκ
1695 4232 1787 4285 τὀῦ

212 4308 507 4377 βασιλέως.
557 4312 617 4364 Ἥ
642 4314 698 4365 δὲ
748 4315 811 4379 (ὣ
838 4318 1010 4389 ψυχῆς
1041 4321 1337 4390 γενναίας)ί
1370 4323 1539 4391 ἡδέως
1568 4340 1627 4376 τε
1654 4325 1788 4374 ἀπο-

1889 3231 2105 3292 pturus,
2143 3221 2359 3276 etiamsi
2399 3222 2635 3274 maxime
2674 3230 2959 3289 exspectas
2990 3218 3104 3274 fore
3137 3228 3195 3273 ut
3237 3224 3327 3273 det
3364 3216 3460 3272 tibi

1889 3317 2147 3370 auxilium
2165 3314 2513 3369 Nazarrenus.
2543 3312 2695 3366 Tunc
2718 3312 3031 3367 exsecrandi
3067 3311 3273 3382 tyranni
3298 3312 3462 3363 verba

1889 3422 1998 3459 non
2055 3407 2233 3459 ferens
2277 3406 2448 3473 prima
2505 3403 2737 3457 ﬁliarum
2787 3404 3061 3473 martyris,
3102 3417 3305 3455 annum
3348 3402 3461 3469 jam

1890 3514 2055 3571 agens
2083 3496 2484 3559 duodecimum,
2514 3495 2723 3565 tyranni
2753 3494 2942 3547 oculos
2965 3495 3329 3562 consputavit.
3357 3494 3459 3559 Qui

1889 3603 2070 3645 autem
2123 3584 2625 3651 circumsistebant,
2677 3602 2783 3640 non
2828 3587 3027 3649 zelum,
3076 3594 3133 3639 et
3194 3584 3268 3647 id,
3314 3584 3462 3654 quod

1885 3682 2006 3751 jure
2056 3680 2233 3735 fuerat
2291 3678 2516 3742 factum,
2569 3679 2873 3743 laudantes,
2925 3677 3019 3732 sed
3063 3677 3294 3746 tempori
3340 3691 3459 3731 ser-

1890 3774 2121 3837 vientes,
2168 3773 2338 3839 ipsam
2380 3780 2435 3824 et
2482 3785 2728 3826 sororem
2776 3784 2907 3825 ense
2944 3785 3067 3824 mox
3111 3769 3407 3824 conﬁciunt
3446 3789 3460 3821 :

1889 3872 1943 3917 et
1981 3876 2103 3916 cum
2133 3876 2194 3913 ex
2229 3859 2499 3916 deﬂuente
2544 3860 2808 3929 sanguine
2858 3859 3111 3912 manibus
3158 3857 3313 3925 plane
3361 3856 3462 3910 feri

1892 3955 2142 4009 homines
2166 3951 2524 4020 accepissent,
2556 3967 2678 4006 eum
2709 3950 2868 4005 matri
2897 3950 3151 4004 offerunt.
3176 3949 3287 4003 Rex
3313 3949 3457 4001 enim

1891 4048 1964 4102 ita
1994 4047 2252 4113 iusserat.
2298 4045 2386 4097 Illa
2420 4059 2547 4098 vero
2576 4044 2626 4112 (ο
2663 4044 2857 4098 fortem
2886 4053 2939 4098 et
2978 4056 3302 4114 generosum
3338 4042 3460 4093 ani-

1893 4155 2036 4191 mum
2066 4140 2119 4206 ί)
2152 4147 2207 4191 et
2254 4137 2484 4190 libenter
2503 4152 2624 4190 cum
2667 4145 2868 4207 gustat,
2909 4144 2981 4201 et,
3007 4151 3128 4191 cum
3161 4135 3223 4188 ad
3264 4134 3460 4188 cadum

1890 4229 2198 4283 sustulisset
2229 4228 2415 4281 oculos
2454 4243 2471 4282 :
2516 4227 2658 4287 Tibi,
2704 4227 2899 4294 inquit,
2949 4226 3175 4279 Domine
3221 4225 3456 4287 Christe.

1894 4323 1996 4377 hoc
2019 4337 2197 4376 meum
2221 4320 2389 4375 oll'ero
2424 4319 2774 4385 sacrificium,
2807 4328 2861 4373 et
2886 4319 2979 4373 tibi
3018 4330 3281 4390 martyres
3305 4319 3463 4373 exhi-

210 4402 462 4470 γεύεται,
500 4410 592 4457 καὶ
640 4409 775 4478 πρὸς
813 4412 1039 4481 οὐρανὸν
1076 4415 1383 4485 ἀνασχοῦσα
1432 4417 1557 4477 τοὺς
1586 4416 1787 4481 ὀφθαλ-
1822 4448 1865 4502 1)

1822 4448 1865 4502 ι)
1893 4418 1995 4472 beo
2017 4425 2192 4470 castas
2218 4414 2473 4484 virgines,
2496 4428 2615 4482 qua:
2633 4427 2863 4482 egressa
2884 4421 3007 4466 sunt
3033 4426 3099 4465 ex
3124 4421 3280 4465 utero
3306 4426 3458 4465 meo:

213 4497 373 4564 μοῦς,
430 4500 518 4551 Σοὶ
550 4499 646 4571 τὴν
682 4502 818 4571 ἐμὴν
852 4504 1073 4573 ταύτην,
1112 4507 1235 4576 ἔφη,
1280 4508 1523 4558 Δέσποτα
1554 4507 1780 4576 Χριστὲ,

210 4591 515 4659 προσφέρω
546 4591 735 4645 θυσίαν
767 4594 860 4644 καὶ
922 4595 1204 4666 μάρτυρας
1237 4599 1493 4666 παριστῶ
1527 4615 1608 4650 σοι
1642 4614 1785 4667 παρ-

210 4680 403 4743 θένους
441 4683 629 4748 ἁγνάς,
658 4687 755 4748 τὰς
798 4688 861 4739 ὲκ
906 4690 1004 4758 τῆς
1034 4690 1232 4758 ὀσφύος
1266 4691 1329 4760 δὴ
1357 4692 1454 4760 τῆς
1508 4692 1667 4760 ὲμῆςο
1698 4687 1786 4753 αἷς

1894 4522 2017 4560 cum
2049 4506 2245 4573 quibus
2275 4520 2361 4558 me
2398 4519 2613 4578 quoque
2642 4511 3089 4559 connumeratam
3120 4503 3371 4557 introduc
3407 4504 3463 4558 in

1897 4608 2045 4652 tuum
2075 4596 2393 4658 thalamum,
2424 4602 2500 4655 et,
2533 4602 2593 4647 ut
2614 4594 2743 4649 dicit
2768 4593 2985 4650 divinus
3016 4592 3208 4657 David.
3232 4597 3460 4648 ostende

1895 4700 2123 4743 matrem
2155 4698 2374 4757 propter
2409 4686 2545 4739 ﬁlios
2573 4686 2867 4742 leuantem.

211 4777 366 4846 καμὲ
396 4780 829 4851 συναριθμήσας,
887 4785 943 4837 ὲν
972 4784 1049 4855 τῷ
1082 4786 1332 4857 νυμφῶνι
1364 4786 1440 4858 τῷ
1474 4787 1550 4858 σῷ
1605 4785 1964 4854 συνεισάγαγε
1990 4798 2004 4814 ⁸
2066 4784 2161 4837 καὶ
2220 4784 2282 4838 τὸ
2338 4780 2431 4832 τοῦ
2466 4780 2608 4833 θείου
2642 4778 2825 4844 Δαυῒδ,
2882 4778 3093 4849 μητέρα
3142 4778 3314 4843 δεῖξον
3366 4781 3460 4831 ἐπὶ

209 4875 429 4935 τέκνοις
458 4873 915 4950 εὐφραινομένην.

290 4971 406 5038 ις’.
438 4975 544 5027 Καὶ
573 4976 599 5027 ὀ
633 4976 903 5045 βασιλεὺς,
939 4980 1228 5050 βαρυτάτῳ
1279 4983 1489 5053 κέντρῳ
1518 4984 1616 5052 τῆς
1659 4983 1793 5035 ἀθυ-

218 5068 353 5133 μίας
378 5065 625 5135 πληγεὶς,
649 5070 741 5122 fita
763 5072 939 5134 πάσας
967 5074 1237 5140 ἀπογνοὺς
1263 5074 1357 5137 τὰς
1386 5074 1605 5138 ἐλπίδας
1633 5077 1792 5140 ,ἀπο-

214 5158 475 5224 φαίνεται
518 5162 636 5212 κατ’
668 5164 858 5231 αὐτῆς,
886 5166 1060 5217 τοιάδε
1094 5168 1228 5235 πρὶς
1257 5168 1382 5231 τοὺς
1431 5169 1689 5231 συνόντας
1716 5169 1791 5221 εί-

215 5250 374 5301 ττών·
422 5252 844 5320 Ἐθαυμάσαμεν
869 5255 963 5306 τοῦ
1000 5257 1223 5319 κάλλους
1280 5260 1448 5328 αὑτήν
1474 5275 1531 5310 τε
1569 5260 1661 5311 καὶ
1693 5260 1789 5319 τὰς

214 5340 527 5411 Ουγατέρας
559 5343 725 5412 αὐτῆς
758 5343 1101 5413 (ὁμολογήσω
1133 5346 1238 5415 γὰρ
1258 5345 1551 5415 τ’ἀ).ηθές)’
1611 5345 1789 5414 πολλῷ

212 5430 276 5484 δὲ
311 5430 404 5483 τοῦ
438 5433 712 5502 σώφρονος
758 5434 938 5485 αὐτῶν
969 5434 1127 5488 πλέον
1159 5437 1396 5507 ἥττημαι
1421 5437 1515 5488 καὶ
1541 5436 1787 5505 κοσμίου.

218 5526 335 5578 Καὶ
363 5524 448 5577 δια
478 5526 636 5577 τοῦτο
668 5525 971 5593 θαυμάζειν
1014 5544 1103 5595 μοι
1150 5528 1382 5591 ἔπεισιν,
1414 5529 1493 5591 είς
1527 5529 1650 5580 ὅσον
1680 5530 1785 5597 ἄρα

219 5616 426 5684 μανίας
479 5617 525 5668 οί
561 5616 879 5683 Χριστιανοὶ
932 5617 1339 5686 κεχωρήκασιν,
1390 5617 1463 5679 ὡς
1520 5616 1788 5685 ἀνθρώπῳ

218 5704 518 5775 προσέχειν
547 5704 806 5773 βιοθανεῖ,
834 5705 926 5758 καὶ
950 5710 1046 5777 τὴν
1073 5707 1279 5760 οἰκείαν
1301 5708 1618 5777 ἐπιτρέπειν
1640 5705 1787 5776 αὑτῷ

222 5796 522 5863 σωτηρίαν,
558 5796 745 5866 πλάνῳ
774 5797 870 5850 καὶ
912 5800 1066 5867 γόητι
1126 5801 1420 5868 γενομένῳ,
1463 5800 1552 5852 καὶ
1610 5799 1783 5869 μάτην

221 5890 417 5948 ἑαυτὸν
444 5887 718 5946 ἀνειπόντι
753 5890 903 5947 Θεόν.

1963 4978 2102 5033 XVI.
2155 4978 2264 5032 Rex
2313 4986 2489 5029 autem
2539 4974 2859 5045 gravissimo
2903 4973 3240 5044 aegritudinis
3292 4972 3461 5027 animi

1891 5073 2112 5129 Stimulo
2140 5072 2433 5133 sauciatus,
2476 5080 2533 5122 ut
2559 5071 2649 5137 qui
2688 5083 2905 5121 omnem
2948 5066 3096 5137 spem
3128 5068 3285 5135 plane
3311 5066 3459 5135 abje-

1890 5165 2072 5227 cisset,
2098 5164 2152 5216 in
2176 5178 2293 5216 eam
2326 5162 2427 5215 fert
2454 5147 2803 5224 sententiain,
2831 5174 2953 5212 cum
2976 5159 3088 5212 haec
3116 5157 3343 5210 dixisset
3369 5158 3456 5217 iis,

1888 5254 1977 5323 qui
2026 5255 2184 5307 sintut
2236 5263 2388 5306 erant
2421 5269 2433 5303 :
2465 5251 2592 5318 Ejus
2632 5249 2850 5318 quidem
2891 5259 2946 5303 et
2992 5249 3219 5301 ﬁliarum
3278 5246 3461 5300 mirati

1893 5361 2081 5399 sumus
2112 5344 2567 5413 pulchritudinem
2599 5346 2807 5413 (verum
2832 5342 2981 5394 enim
3018 5340 3268 5408 fatebor),
3292 5340 3461 5392 multo

1892 5448 2071 5491 autem
2109 5440 2278 5506 magis
2310 5436 2480 5489 virtus
2526 5451 2642 5489 sum
2688 5433 2754 5487 ab
2784 5449 2967 5487 carum
3018 5432 3375 5501 temperantia
3404 5440 3462 5486 et

1893 5530 2283 5583 moderatione.
2318 5528 2380 5580 Et
2414 5527 2533 5580 ideo
2564 5526 2695 5579 mihi
2734 5526 2881 5578 venit
2914 5526 2965 5577 in
2999 5533 3235 5578 mentem
3287 5524 3459 5578 admi-

1892 5620 2103 5681 rari,ad
2137 5630 2393 5687 quantam
2416 5620 2703 5668 amentiam
2738 5612 3457 5683 processeruntChristiani,

1892 5722 1946 5764 ut
1994 5711 2172 5761 colant
2221 5709 2517 5768 hominem,
2550 5707 2639 5773 qui
2693 5713 2867 5758 morte
2917 5706 3075 5774 periit
3115 5705 3370 5766 violenta,
3404 5718 3458 5757 et

1897 5818 2045 5855 suam
2073 5800 2118 5853 ei
2154 5799 2470 5869 permittant
2502 5796 2749 5858 salutem,
2776 5796 2865 5865 qui
2896 5795 2994 5851 fuit
3031 5795 3221 5865 planus
3249 5805 3301 5850 ct
3325 5810 3463 5865 prm-

1891 5894 2154 5965 stigiator,
2192 5900 2243 5945 et
2277 5906 2332 5945 se
2364 5889 2528 5944 Deum
2569 5899 2769 5944 temere
2792 5888 3099 5958 appellarit.
