4198 6312
768 351 900 417 1255

2049 335 2325 399 MENSIS
2360 334 2716 396 OCTOBER.

3864 332 3998 398 1256

759 468 865 522 set,
898 466 954 512 et
983 464 1321 527 postremum
1367 452 1610 523 jurasset
1646 447 2051 520 jusjurandum,
2102 459 2328 516 persua-
2360 448 2401 503 Α

2360 448 2401 503 Α
2433 442 2527 495 καὶ
2560 442 2902 504 τελευταίους
2940 440 3193 511 ὑποσχὼν
3216 443 3432 511 ὅρκους,
3472 443 3649 497 πείθει
3679 445 3808 507 τοὺς
3838 448 3897 498 ὲν
3928 449 3994 515 τῇ

761 548 856 602 det
884 548 971 609 iis,
998 546 1092 608 qui
1138 552 1268 600 sunt
1307 543 1363 597 in
1414 541 1652 605 civitate,
1688 553 1808 593 eum
1858 538 1966 591 Deo
2016 538 2325 591 universum

766 636 1172 708 permisissent,
1202 634 1294 705 qui
1330 642 1412 688 est
1443 634 1597 687 testis
1626 630 1972 692 sacramenti,
2020 640 2073 683 et
2107 628 2209 682 hoc
2241 643 2327 681 so-

762 729 875 783 lum
931 726 1209 789 dixissent,
1239 725 1454 795 regibus
1489 738 1585 777 nos
1622 721 1812 775 cedere
1841 720 2145 774 didicimus.
2176 718 2328 784 Quod

769 819 813 872 si
849 831 904 872 tu
958 833 1116 872 secus
1157 818 1413 870 statueris
1466 814 1662 878 facere,
1711 828 1868 881 quam
1919 812 2080 866 nobis
2129 810 2332 871 dixisti,

771 907 937 973 Deus,
990 909 1079 977 qui
1133 916 1216 961 est
1265 916 1539 975 spectator
1582 902 1958 973 jnrisjurandi,
2009 902 2059 955 id
2112 901 2335 953 omnino

767 1001 1082 1064 ulciscetur,
1138 1013 1315 1067 neque
1371 997 1461 1051 diu
1534 997 1750 1051 differet
1800 995 2117 1047 vindictam.
2172 990 2335 1047 Nobis

765 1091 937 1153 enim,
980 1089 1252 1151 dicebant,
1291 1103 1321 1141 ο
1347 1087 1559 1141 Christe
1605 1086 1875 1147 Salvator,
1912 1092 1965 1137 et
1986 1082 2081 1135 Fili
2123 1081 2237 1142 Dei,
2281 1088 2337 1134 et

772 1183 939 1245 Deus,
1003 1196 1102 1251 pro
1155 1189 1204 1234 te
1250 1181 1331 1233 vel
1393 1180 1648 1233 omnibus
1698 1175 1901 1245 privari
1970 1173 2334 1235 facultatibus,

767 1284 928 1345 atque
963 1274 1099 1327 adeo
1141 1273 1255 1339 ipsa
1285 1274 1413 1333 vita,
1443 1285 1551 1323 nou
1621 1270 1738 1323 leve
1785 1275 1866 1322 est
1915 1266 2146 1321 lucrum.
2178 1263 2336 1317 Absit

766 1377 969 1428 autem,
1008 1374 1069 1417 ut
1097 1374 1246 1416 tuum
1282 1377 1477 1416 nomen
1505 1376 1783 1430 negemus,
1824 1368 1882 1413 ut
1917 1369 1999 1413 est
2048 1357 2333 1426 impiorum

770 1456 1079 1510 institutum
1119 1455 1131 1507 !
1171 1468 1273 1507 nec
1305 1453 1348 1507 si
1375 1452 1477 1507 tale
1516 1452 1640 1521 quid
1668 1452 1977 1513 fecerimus,
2016 1462 2136 1511 nos,
2172 1461 2202 1501 ο
2233 1445 2333 1511 sol,

769 1547 1022 1616 aSpicias.
1053 1545 1184 1609 Quae
1225 1544 1384 1598 simul
1433 1553 1593 1611 atque
1643 1542 1929 1601 dixissent,
1978 1549 2118 1592 totas
2149 1548 2332 1607 portas

769 1636 1024 1705 aperiunt
1051 1644 1104 1689 et
1134 1635 1272 1687 intra
1306 1634 1474 1702 ipsam
1518 1634 1820 1694 civitatem,
1853 1642 2107 1699 tanquam
2150 1630 2331 1697 lupum

771 1724 825 1776 in
862 1723 1162 1786 stabulum,
1199 1721 1399 1775 malum
1430 1735 1611 1788 regem
1662 1720 1969 1772 admittunt.
2026 1718 2112 1771 Ille
2151 1725 2328 1771 autem

772 1830 898 1870 cum
932 1822 987 1866 et
1014 1813 1261 1881 ﬁguram,
1315 1820 1374 1865 et
1421 1809 1609 1873 situm,
1662 1818 1717 1862 et
1763 1809 1905 1861 illam
1955 1809 2187 1862 civitatis
2220 1810 2334 1861 lau-

773 1909 956 1963 dasset
985 1905 1372 1974 frequentiam,
1405 1912 1460 1957 et
1488 1902 1686 1957 civium
1722 1918 1936 1972 quoque
1971 1901 2337 1972 splendorem,

776 2014 1027 2071 egressus
1077 2005 1179 2058 est,
1226 1996 1278 2049 in
1351 2009 1465 2059 cos,
1518 1997 1610 2065 qui
1672 1995 1989 2049 habitabant
2042 1996 2338 2056 civitatem,

723 2083 727 2089 ’
776 2092 960 2162 gravia
996 2105 1248 2152 versans,
1290 2098 1348 2141 ut
1399 2088 1657 2142 indicavit
1693 2090 1893 2149 exitus,
1938 2087 2339 2159 jusjurandum,

776 2197 831 2239 et
861 2194 1016 2252 pacta
1043 2191 1336 2241 conventa,
1369 2188 1423 2233 et
1461 2166 1799 2248 quaecunque
1850 2180 1954 2232 alia
1995 2180 2075 2232 eis
2114 2177 2344 2247 praebuit

779 2278 844 2331 ad
886 2275 1047 2329 fidem
1085 2272 1427 2337 faciendam,
1459 2286 1520 2325 ea
1548 2285 1668 2326 esse
1717 2271 2031 2325 existimans
2081 2269 2341 2339 puerilem

778 2367 1181 2433 deceptionem.

853 2456 961 2509 \‘ll.
981 2456 1113 2509 Cum
1136 2452 1438 2521 autemjam
1466 2468 1524 2508 se
1547 2460 1761 2523 pararet
1780 2449 1846 2505 ad
1869 2465 1963 2505 eos
1989 2451 2341 2515 evertendas,

780 2556 940 2602 vocat
999 2554 1152 2599 extra
1210 2545 1506 2600 civitatem.
1582 2544 1822 2598 Aderant
1871 2558 1999 2598 vero
2040 2545 2347 2613 quicunque

779 2647 937 2693 erant
966 2637 1203 2707 insignes
1237 2636 1431 2705 opibus
1460 2644 1514 2691 et
1542 2636 1731 2706 gloria.
1768 2636 1885 2688 Praa
1922 2634 2132 2688 caeteris
2167 2643 2346 2687 autem

781 2732 847 2791 is,
868 2727 958 2796 qui
990 2735 1043 2780 et
1083 2725 1308 2789 canitie,
1342 2731 1397 2778 et
1428 2723 1710 2794 sapientia,
1757 2731 1810 2775 et
1838 2736 2048 2775 morum
2087 2720 2348 2773 modestia

783 2827 901 2872 erat
960 2816 1466 2887 prtestautissimus,
1511 2816 1746 2877 divinus,
1787 2813 2030 2882 inquam,
2091 2811 2347 2874 Arethas,

786 2910 875 2963 cui
922 2908 1023 2979 ipsi
1060 2922 1278 2976 quoque
1318 2908 1494 2960 fuerat
1541 2906 1830 2959 commissa
1878 2906 2046 2957 rectlo
2092 2902 2346 2956 civitatis.

784 3000 991 3055 Omnes
1018 3000 1190 3070 igitur
1239 2997 1714 3061 commendabant,
1765 2994 2118 3057 extollebant,
2176 2994 2349 3047 laudi-

2431 536 2603 596 πόλει,
2652 534 2769 603 Θεῷ
2816 536 2877 587 τδ
2921 536 3027 588 πᾶν
3080 535 3481 605 ἐπιτρέψαντκς
3538 537 3616 604 τῷ
3661 538 3773 591 τῶν
3814 539 3996 608 ὅρκων

2434 625 2696 694 μάρτυρι,
2742 624 2835 677 καὶ
2888 623 3044 676 τοῦτο
3097 624 3429 687 ὑπειπόντας
3492 625 3670 694 μόνον,
3733 627 3815 679 ὅτι
3874 627 4000 688 Τοῖς

2434 717 2743 787 βασιλεῦσιν
2791 714 3033 767 ὑπείκειν
3075 716 3374 786 ἐμάθομεν,
3435 718 3526 769 καὶ
3577 717 3680 783 ὡς,
3712 718 3779 771 Et
3806 732 3860 771 τι
3889 717 3997 769 τῶν

2434 811 2571 876 πρὸς
2631 808 2781 875 ἡμᾶς
2837 806 3015 873 λόγων
3076 802 3232 869 οὗτος
3291 807 3805 877 μεταϐουλεύσεται,
3864 809 4000 860 ἀλλὰ

2434 900 2565 961 Θεὸς
2595 898 2759 952 αὑτὸν
2784 898 3000 961 πάντως
3023 899 3050 950 ὁ
3089 898 3197 950 τῶν
3234 899 3410 967 ὅρκων
3435 898 3633 968 ἔφορος
3674 901 3995 965 ἀμυνεῖται,

2437 995 2526 1047 καὶ
2553 993 2611 1046 οὐ
2646 993 2839 1062 βραδὺς
2859 992 3009 1045 ἔσται
3037 994 3172 1061 πρὸς
3207 992 3302 1061 τὴν
3331 992 3624 1061 ἐκδίκησιν.
3674 990 3839 1059 Ἡμῖν
3870 993 3999 1059 γάρ,

2435 1080 2479 1139 ὦ
2508 1086 2709 1156 Σῶτερ,
2735 1085 2940 1153 ἔλεγον,
2970 1084 3197 1155 Χριστὲ.
3231 1085 3323 1137 καὶ
3361 1084 3493 1136 Θεοῦ
3531 1084 3622 1136 Υἱὲ
3663 1085 3757 1135 καὶ
3788 1083 3910 1143 Θεὲ,
3942 1085 4002 1135 τὸ

2438 1180 2579 1249 ὑπὲρ
2608 1178 2700 1232 σοῦ
2734 1179 2826 1231 καὶ
2856 1180 3173 1247 περιουσίας
3207 1180 3386 1247 πάσης
3420 1177 3746 1246 στερηθῆναι
3776 1178 3874 1228 καὶ
3900 1177 4001 1241 τῆς

2437 1272 2581 1341 ζωῆς
2648 1271 2839 1341 κέρδος
2911 1271 3041 1323 αὐτὸ
3096 1270 3275 1339 τυχόν.
3332 1270 3481 1340 Μηδὲ
3532 1271 3743 1337 γένοιτο
3791 1268 3856 1321 τὸ
3916 1268 4008 1320 σὺν

2436 1365 2580 1432 ἡμᾶς
2602 1361 3022 1431 ἀπαρνήσασθαι
3046 1361 3237 1430 ὄνομα,
3260 1361 3335 1423 ὡς
3372 1366 3481 1424 τοῖς
3508 1362 3732 1415 ἀσεϐέσι
3765 1362 3994 1422 σκοπὸς,

2438 1456 2571 1523 μηδὲ
2643 1454 2881 1507 τοιοῦτον
2943 1453 3491 1523 καταπραξαμένους,
3559 1449 3603 1507 ὦ
3664 1456 3809 1522 ἦλιε,
3869 1455 4004 1514 iam;

2433 1549 2601 1618 ἡμᾶς.
2638 1548 2743 1599 Καὶ
2791 1546 2908 1613 ἅμα
2965 1544 3218 1613 λέγοντες
3252 1546 3379 1608 ὅλας
3418 1548 3730 1600 ἀναπετὼσι
3762 1545 3862 1606 τάς
3896 1545 4003 1596 πύ-

2436 1640 2553 1701 λας,
2588 1638 2684 1690 καὶ
2716 1637 2888 1703 αὐτῆς
2921 1636 3069 1689 ἔνδον
3101 1636 3200 1705 τῆς
3225 1637 3433 1698 πόλεως
3468 1637 3543 1698 ὡς
3566 1638 3622 1688 ὲν
3652 1636 3807 1706 σηκῷ
3839 1637 4006 1689 λύκον

2442 1732 2532 1783 τὸν
2570 1728 2805 1798 πονηρὸν
2837 1728 3162 1797 εἰσδέχονται
3186 1728 3429 1797 βασιλέα.
3465 1727 3521 1780 Ὀ
3549 1728 3625 1791 δὲ,
3666 1728 3760 1781 καὶ
3790 1728 4001 1797 σχῆμα,

2443 1824 2535 1875 καὶ
2586 1822 2759 1883 θέσιν,
2815 1821 2909 1872 καὶ
2956 1820 3014 1870 τὸ
3061 1819 3487 1889 πολυάνθρωπον
3539 1820 3717 1871 έκεῖνο
3760 1819 3865 1887 τῆς
3906 1819 4003 1870 πό-

2442 1918 2600 1979 λεως,
2638 1913 2710 1975 ὠς
2744 1914 2798 1965 δὲ
2845 1912 2938 1965 καὶ
2976 1913 3035 1964 τὸ
3079 1912 3376 1981 περιφανὲς
3409 1912 3517 1962 τῶν
3564 1910 3801 1963 πολιτῶν
3843 1914 4006 1964 ἐπαι-

2441 2008 2622 2070 νέσας,
2665 2004 2834 2075 ἐξῄει,
2861 2004 3010 2057 δεινά
3048 2004 3173 2056 κατ’
3224 2002 3405 2055 αὐτῶν
3452 2002 3558 2071 ἄρα
3588 2003 3695 2055 τῶν
3726 2002 3823 2073 τὴν
3848 2003 4009 2055 πόλιν

2444 2099 2743 2153 οἰκούντων
2802 2097 2877 2159 ὡς
2907 2097 2965 2150 τὸ
3009 2096 3189 2166 πέρας
3227 2095 3417 2159 ἔδειξε,
3478 2096 3746 2166 στρέφων,
3805 2098 4008 2165 ὅρκους

2445 2193 2539 2245 καὶ
2580 2192 2878 2260 συνθήκας,
2916 2192 3011 2242 καὶ
3060 2191 3160 2242 ὅσα
3221 2190 3355 2242 ἄλλα
3408 2189 3545 2258 πρὸς
3598 2189 3781 2240 πίστιν
3820 2189 4011 2252 αὐτοῖς

2447 2282 2778 2353 παρέσχετο,
2818 2281 3025 2333 παίδων
3057 2280 3272 2348 ἀπάτην
3304 2278 3444 2333 εἶναι
3475 2279 3727 2347 νομίσας,
3770 2284 3867 2334 καὶ
3899 2281 4006 2351 ήδη

2448 2374 2579 2444 προς
2605 2373 2921 2443 ἀνατροπὴν
2950 2372 3130 2424 αὐτῶν
3155 2368 3731 2439 παρασκευαζόμενος.

2519 2464 2593 2520 Z'.
2646 2466 2855 2518 ’Ἐωθεν
2898 2459 2991 2518 οὖν
3030 2463 3145 2533 ἅμα
3179 2463 3321 2531 φωτὶ
3356 2462 3459 2527 ἔξω
3492 2461 3690 2531 τειχῶν
3717 2461 3814 2529 τὴν
3850 2461 4010 2512 πόλιν

2447 2558 2631 2612 ἐκάλει
2656 2573 2670 2587 ·
2708 2558 2801 2608 καὶ
2832 2556 3084 2624 παρῆσαν
3122 2556 3232 2607 ὅσοι
3273 2553 3489 2621 πλούτῳ
3531 2555 3625 2604 καὶ
3658 2551 3784 2620 δόξῃ
3824 2552 4014 2619 διαφέο

2452 2665 2634 2722 ροντες
2667 2643 2808 2718 ἦσαν
2833 2664 2845 2677 ·
2872 2647 2969 2698 καὶ
3006 2645 3110 2715 πρὸ
3138 2644 3247 2696 τῶν
3276 2642 3449 2697 ἄλλων
3485 2642 3649 2704 αὐτὸς
3690 2644 3717 2695 ὁ
3752 2644 3850 2694 καὶ
3870 2642 4013 2695 πάν-

2448 2759 2557 2795 των
2581 2740 2743 2809 πολιᾷ.
2770 2740 2864 2792 καὶ
2900 2737 3135 2800 συνέσει,
3174 2737 3265 2790 καὶ
3297 2737 3372 2805 τῷ
3416 2735 3523 2789 τῶν
3556 2734 3702 2804 ἠθῶν
3749 2736 4014 2803 εὐκόσμῳ

2448 2830 2874 2901 διαφορώτατος,
2916 2827 3148 2899 Ἀρὲθας
3167 2830 3193 2881 ὁ
3223 2826 3388 2890 θεῖος,
3415 2825 3582 2896 φημὶ,
3637 2826 3664 2876 ὁ
3688 2825 3801 2876 ⁵καὶ
3831 2824 4008 2890 αὐτὴν

2447 2922 2618 2991 δήπου
2646 2920 2746 2988 τὴν
2779 2919 2951 2990 ἀρχὴν
2986 2919 3087 2987 τῆς
3157 2918 3366 2979 πόλεως
3393 2917 3897 2984 ἐγκεχειρισμένος.
3945 2913 4013 2967 Οἱ

2451 3015 2544 3065 καὶ
2591 3008 2730 3080 ἦσαν
2766 3010 3192 3074 ἐπιθειάζοντες,
3233 3005 3634 3074 εὐφημοῦντες,
3688 3009 3784 3059 καὶ
3826 3008 4015 3058 πᾶσαν

782 3093 992 3160 busque
1022 3092 1391 3167 celebrabant,
1418 3098 1474 3143 et
1500 3103 1715 3143 omnem
1748 3086 2009 3139 honorem
2044 3084 2351 3139 tribuebant
2376 3126 2418 3183 ϐ

2376 3126 2418 3183 c
2449 3105 2615 3173 τιμὴν
2641 3103 3003 3170 ἀπονέμοντες
3032 3100 3107 3169 τῷ
3128 3097 3374 3152 δοκοῦντι
3413 3098 3617 3165 σωτῆρι
3648 3100 3741 3150 καὶ
3772 3097 4009 3165 βασιλεῖ.

786 3186 859 3248 ei,
889 3185 983 3255 qui
1018 3184 1307 3238 videbatur
1344 3187 1464 3237 esSe
1489 3190 1733 3235 servator
1778 3189 1832 3233 et
1865 3192 1983 3232 rex.
2029 3176 2123 3228 ille
2156 3184 2341 3227 autem

782 3278 887 3333 sibi
944 3277 1118 3346 culpa:
1169 3274 1410 3330 dandum
1451 3287 1571 3326 esse
1616 3272 1885 3334 tribuens,
1938 3265 2082 3335 quod
2110 3264 2350 3319 differret

783 3370 937 3423 cerni
972 3369 1172 3430 malus,
1211 3380 1320 3419 non
1348 3363 1584 3431 amplius
1663 3370 1992 3432 exspectans
2035 3360 2227 3428 aperit,
2258 3358 2349 3428 qui

786 3463 934 3517 intus
987 3460 1212 3523 latebat,
1262 3458 1508 3520 Dunaan,
1561 3465 1618 3509 et
1662 3455 1824 3524 jussit
1873 3453 2124 3523 protinus
2162 3465 2350 3504 onmes

786 3554 1052 3609 custodiri
1087 3554 1140 3606 in
1174 3550 1426 3606 vinculis.
1465 3548 1669 3602 Deinde
1706 3546 1871 3599 etiam
1920 3542 2148 3613 privavit
2183 3540 2351 3596 facul-

789 3648 1015 3706 tatibus,
1073 3653 1130 3697 et
1182 3642 1391 3712 rogavit
1440 3638 1660 3693 ubinam
1709 3646 1853 3690 esset
1909 3634 2106 3689 Paulus
2160 3649 2349 3688 eorum

789 3736 1100 3806 episcopus.
1156 3730 1289 3787 Cum
1356 3737 1539 3783 autem
1589 3727 1701 3797 jam
1767 3724 1980 3778 duobus
2021 3730 2148 3776 ante
2193 3722 2350 3775 annis

788 3842 913 3883 eum
969 3824 1326 3879 intellexisset
1375 3836 1495 3876 esse
1546 3828 1845 3880 mortuum,
1892 3831 2001 3871 non
2045 3816 2245 3869 habens
2297 3813 2349 3867 in

793 3934 955 3989 quem
989 3918 1125 3970 iram
1153 3912 1493 3975 immitteret,
1527 3911 1807 3965 contendit
1832 3908 1901 3963 ad
1944 3906 2243 3976 pulverem,
2298 3912 2352 3956 et

789 4010 952 4079 jussit
981 4008 1296 4077 sepulcrum
1330 4002 1589 4064 effodere,
1619 4010 1673 4055 et
1707 4001 1851 4053 illius
1892 4011 2090 4066 corpus
2129 3993 2353 4049 combu-

790 4107 977 4152 rentes
1011 4100 1064 4149 in
1094 4109 1275 4149 aerem
1312 4092 1591 4147 ventilare.
1627 4089 1787 4143 Aliud
1821 4100 2036 4158 quoque
2087 4084 2353 4154 excogitat

794 4189 993 4241 furiosa
1027 4185 1226 4248 anima,
1262 4198 1362 4237 nec
1392 4198 1511 4236 eain
1553 4179 1695 4248 capit
1728 4178 1950 4232 satietas
1988 4174 2187 4242 aliquid
2234 4188 2351 4225 mo-

794 4280 957 4334 liendi
990 4279 1252 4331 adversus
1281 4273 1642 4335 Christianos,
1674 4269 1768 4325 sed
1805 4268 1963 4338 jubet
1994 4264 2220 4319 accendi
2262 4278 2350 4315 ro-

792 4386 939 4441 gum,
973 4370 1063 4438 qui
1097 4369 1265 4423 multa
1312 4364 1546 4419 aleretur
1576 4362 1820 4426 materia,
1852 4368 1907 4414 et
1948 4359 2130 4413 statim
2158 4354 2351 4409 civita-

797 4463 885 4520 tis,
920 4469 974 4512 et
1002 4461 1147 4528 ejus,
1182 4471 1302 4525 qua:
1332 4464 1413 4508 est
1461 4451 1834 4513 circumcirca,
1890 4447 2125 4519 regionis
2175 4459 2356 4500 sacer-
2388 4450 2432 4507 ι)

794 4555 970 4615 dotes,
1007 4561 1064 4605 et
1103 4549 1426 4611 monachos,
1452 4553 1507 4601 et
1560 4544 1670 4597 Deo
1720 4549 2064 4598 consecratas
2096 4537 2353 4607 virgines,

795 4643 925 4712 quin
973 4642 1137 4694 etiam
1171 4638 1400 4691 feminas
1456 4649 1576 4702 quae
1612 4633 1771 4685 vitam
1798 4632 2072 4699 elegerant
2101 4626 2360 4681 monasti-

796 4750 938 4797 cam,
971 4745 1163 4786 omnes
1191 4726 1351 4784 simul
1388 4726 1443 4780 in
1479 4740 1603 4780 eum
1656 4722 1827 4794 injici.
1869 4721 1911 4775 ii
1960 4720 2127 4785 enim,
2163 4718 2357 4787 inquit,

799 4831 928 4878 sunt
958 4823 1117 4891 plane
1167 4833 1332 4874 causa
1378 4818 1605 4870 aliorum
1656 4814 1929 4877 interitus,
1972 4812 2360 4883 persuadentes

800 4914 1118 4969 crucifixum
1156 4910 1356 4973 colere,
1401 4916 1656 4975 tanquam
1692 4905 1884 4959 Deum.
1933 4904 2014 4956 Ad
2061 4903 2175 4956 haec
2233 4918 2359 4971 per-

807 5004 931 5057 inde
958 5017 1020 5055 ac
1054 5003 1097 5055 si
1129 5016 1235 5055 non
1280 4999 1572 5064 sufliceret,
1621 4996 1763 5067 quod
1813 4994 2014 5050 factum
2064 4995 2260 5057 fuerat,
2297 4994 2363 5047 ad

803 5096 921 5167 ejus
969 5094 1445 5162 incomparabilem
1490 5091 1881 5145 ostendendam
1943 5088 2361 5157 improbitatem,

810 5196 870 5238 ut
908 5186 1041 5239 alios
1069 5200 1285 5255 quoque
1309 5185 1409 5238 sibi
1446 5181 1816 5251 subjungcret,
1851 5180 2203 5234 vehementer
2236 5193 2364 5231 cou-

810 5276 1007 5336 tendit.
1040 5287 1093 5329 et
1120 5278 1281 5345 jussit
1314 5291 1593 5345 praecones
1624 5275 1776 5329 obire
1807 5275 2085 5327 civitatem
2115 5284 2167 5325 et
2198 5271 2366 5341 regio-

805 5385 927 5425 nem
962 5368 1353 5436 proclamantes
1393 5378 1451 5422 ut
1481 5367 1756 5422 Christum
1804 5374 2084 5433 negarent,
2138 5373 2193 5416 et
2224 5364 2365 5417 vive-

806 5470 927 5517 reut
948 5457 1189 5526 Judaice,
1214 5458 1401 5512 eadem
1427 5473 1544 5527 quae
1575 5472 1666 5511 rex
1689 5456 2006 5510 sentientes.

880 5574 1017 5633 Vill.
1048 5573 1224 5629 Porro
1267 5582 1451 5629 autem
1496 5572 1612 5641 ipse
1642 5584 1858 5641 quoque
1905 5584 1997 5621 rex
2048 5568 2261 5622 Arethze
2293 5568 2368 5622 si-

808 5670 954 5724 milia
982 5666 1318 5731 consulebat,
1344 5664 1628 5736 adjiciens,
1680 5664 1823 5731 quod
1866 5660 1964 5729 ipsi
2011 5676 2223 5729 quoque
2269 5675 2367 5714 no-

806 5773 926 5818 rant
955 5756 1367 5830 Romani,illius
1412 5755 1647 5827 majores
1693 5756 1746 5808 in
1796 5768 2012 5810 crucem
2055 5754 2225 5824 egisse
2262 5754 2359 5807 ho-

2462 3197 2519 3249 ’0
2547 3195 2603 3247 δὲ
2633 3194 2840 3264 μέμψιν
2863 3189 3003 3246 εἶναι
3033 3191 3262 3261 νομίσας
3292 3190 3353 3243 τὸ
3378 3192 3456 3253 είς
3476 3190 3745 3251 ἀναϐολὰς
3776 3189 4014 3258 ὀφθῆναι

2449 3289 2641 3353 κακὸς,
2688 3288 2781 3339 καὶ
2842 3284 2916 3355 μὴ
2975 3283 3296 3352 ἀναμείνας,
3344 3282 3714 3335 ἀνακαλύπτει
3745 3281 3837 3332 τὸν
3865 3279 4015 3331 ἔνδον

2449 3379 2828 3449 κρυπτόμενον
2877 3378 3143 3438 Δουναάν,
3181 3375 3276 3426 καὶ
3316 3376 3525 3435 πάντας
3575 3372 3738 3434 εὐθὺς
3789 3373 4014 3426 ἐκέλευε

2453 3470 2707 3531 δεθέντας
2757 3465 3135 3538 φρουρεῖσθαι.
3186 3462 3317 3517 Εἶτα
3366 3466 3461 3517 καὶ
3510 3464 3616 3516 τῶν
3658 3465 4016 3534 ὑπαρχόντων

2452 3560 2714 3631 ἐγύμνου,
2762 3560 2857 3611 καὶ
2899 3558 3306 3622 διεπυνθάνετο,
3352 3556 3455 3609 ποῦ
3492 3557 3558 3609 ἂν
3611 3557 3697 3625 εἴη
3742 3557 3955 3619 Παῦλος
3988 3560 4017 3611 ὁ

2448 3653 2653 3706 τούτων
2703 3653 3025 3713 ἐπίσκοπος.
3061 3650 3150 3711 Ὠς
3181 3650 3238 3703 δὲ
3279 3650 3529 3702 τεθνάναι
3560 3649 3817 3721 δεύτερον
3853 3651 4016 3704 αὑτὸν

2450 3746 2554 3817 ήδη
2610 3746 2804 3815 χρόνον
2857 3744 3150 3814 ἐμάνθανε,
3201 3743 3277 3812 μὴ
3324 3742 3463 3810 ἔχων
3516 3742 3650 3793 ὅπου
3702 3747 3801 3812 τὴν
3848 3743 4016 3814 ὀργὴν

2452 3836 2634 3903 ἐπαφῇ
2676 3833 2812 3903 πρὸς
2840 3834 2939 3903 τὴν
2985 3834 3133 3883 κόνιν
3177 3831 3397 3900 ἐχώρει,
3430 3830 3525 3883 καὶ
3574 3832 3899 3901 ἀνορύττειν
3928 3834 4015 3883 τὸν

2450 3926 2621 3993 τάφον
2660 3924 3019 3993 προσέταττε,
3066 3922 3161 3975 καὶ
3205 3923 3297 3976 τὸν
3326 3922 3535 3976 ἐκείνου
3596 3925 3794 3993 νεκρὸν
3857 3941 4019 3976 καταο

2453 4016 2727 4077 καίοντας,
2763 4015 2842 4076 εἰς
2872 4014 3008 4082 ἀέρα
3039 4011 3260 4079 λικμᾷν.
3285 4012 3541 4079 Εὑρίσκει
3570 4014 3663 4063 καὶ
3697 4013 3871 4081 ἄλλην
3901 4013 4017 4063 ἐπί-

2450 4122 2597 4158 νοιαν
2624 4106 2653 4175 ὴ
2684 4102 2965 4174 μανιώδης
2991 4100 3158 4170 ψυχὴ,
3186 4100 3280 4152 καὶ
3305 4100 3367 4154 οὐ
3390 4099 3661 4167 λαμόάνει
3694 4099 3859 4167 κόρον
3881 4100 4019 4152 κατὰ

2450 4195 2791 4264 Χριστιανῶν
2852 4192 3000 4245 κακὰ
3052 4190 3437 4244 τεκταίνουσαο
3494 4190 3631 4245 ἀλλὰ
3682 4193 3870 4260 πυρὰν
3924 4192 4017 4260 ὕλη

2452 4288 2621 4356 πολλῇ
2666 4287 3030 4355 τρεφομένην,
3074 4285 3383 4337 ἀνακαῦσαι
3412 4284 3648 4345 κελεύει,
3701 4288 3799 4336 καὶ
3848 4302 4018 4352 παρα·

2458 4378 2646 4448 χρῆμα
2686 4377 2811 4438 τούς
2842 4391 2901 4428 τε
2949 4376 3048 4443 τῆς
3097 4374 3302 4437 πόλεως
3348 4373 3442 4426 καὶ
3473 4373 3814 4442 περιοικίδας
3856 4375 4017 4442 ἱερεῖς

2461 4473 2557 4524 καὶ
2591 4468 2939 4540 μονάζοντας,
2977 4466 3069 4529 τὰς
3101 4464 3180 4535 τῷ
3205 4464 3324 4534 Θεῷ
3356 4464 3661 4534 ίερωμένας
3688 4464 4017 4533 παρθένους,

2460 4563 2598 4633 πρὸς
2631 4562 2687 4614 δὲ
2726 4561 2820 4613 καὶ
2866 4560 3155 4627 γυναῖκας,
3192 4557 3312 4610 ὃσαι
3341 4557 3433 4608 τὸν
3473 4554 3775 4623 ἀσκητικὸν
3814 4556 4018 4607 εἴλοντο

2461 4657 2593 4725 βίον,
2629 4653 2857 4722 ἀθρόους
2879 4649 3013 4721 ὁμοῦ
3046 4648 3251 4709 πάντας
3286 4649 3344 4698 ἐν
3371 4646 3509 4715 αὐτῇ
3541 4646 3825 4721 ἐμϐαλεῖν.
3865 4640 4018 4699 Οὗτοι

2460 4762 2591 4818 γάρ,
2648 4746 2833 4813 φησιν,
2870 4742 3112 4812 ἀτεχνῶς
3161 4741 3323 4793 αἴτιοι
3351 4740 3449 4808 τῆς
3481 4738 3588 4790 τῶν
3637 4739 3820 4790 ἄλλων
3870 4740 4018 4789 ἀπω-

2460 4842 2632 4903 λείας,
2664 4836 3055 4897 ἀναπείθοντες
3079 4832 3440 4905 προσανέχειν
3464 4830 3537 4893 ὼς
3573 4829 3681 4900 θεῷ
3717 4831 3796 4899 τῷ
3827 4833 4019 4883 ἐσταυ-

2463 4938 2710 5004 ρωμένῳ.
2756 4930 2888 4982 Εὶτα
2931 4927 3183 4996 καθάπερ
3225 4926 3325 4979 οὐκ
3373 4924 3677 4994 ἀρκοῦντος
3724 4922 3820 4975 τοῦ
3878 4939 4020 4989 γενο-

2466 5024 2627 5091 μένου
2656 5018 3039 5089 άπαράμιλλον
3066 5016 3231 5069 αὐτοῦ
3260 5015 3538 5079 ἀποδείξαι
3563 5014 3662 5084 τὴν
3685 5014 4017 5083 μοχθηρίαν·

2464 5114 2548 5164 ἵνα
2588 5112 2688 5163 κᾶν
2718 5110 2849 5178 γοῦν
2879 5107 3003 5169 τοὺς
3032 5106 3224 5169 ἄλλους
3257 5106 3674 5174 ὑποποιήσαιτο.
3717 5105 3780 5157 '0
3816 5105 3899 5168 δὲ,
3937 5106 4021 5157 καὶ

2465 5202 2954 5274 προσαγωνίζεται,
3000 5199 3097 5251 καὶ
3149 5200 3396 5268 κήρυκας
3442 5197 3547 5249 ἀνά
3584 5197 3685 5264 τὴν
3730 5198 3891 5249 πόλιν
3937 5202 4020 5247 καὶ

2465 5298 2560 5365 τὴν
2595 5296 2776 5363 χώραν
2807 5289 3022 5344 ἐκέλευε
3054 5287 3310 5353 διαθέειν,
3359 5285 3698 5354 έμόοῶντας,
3755 5288 4021 5355 ἀπαρνου-

2471 5388 2662 5455 μένους
2688 5386 2778 5437 τὸν
2821 5381 3054 5451 Χριστὸν
3099 5381 3199 5450 ζῇν
3239 5378 3547 5441 ίουδαϊκῶς,
3582 5378 3655 5430 τὰ
3696 5380 3841 5430 αὑτά
3898 5390 4020 5445 99"-

2468 5480 2693 5539 νοῦντας
2724 5476 2800 5545 τῷ
2833 5475 3059 5544 βασιλεῖ.

2538 5573 2619 5627 11’.
2653 5572 2820 5633 Αὐτὸς
2861 5572 2917 5622 δὲ
2962 5568 3233 5639 βασιλεὺς,
3297 5569 3408 5629 τοῖς
3467 5568 3598 5634 περὶ
3673 5562 3908 5634 ’Ᾱρέθαν
3958 5562 4022 5613 τι

2469 5667 2629 5718 ὂυοια
2665 5663 3038 5726 συνεϐούλευε,
3071 5659 3383 5730 προστιθεὶς
3408 5660 3486 5712 ὅτι
3527 5660 3619 5710 καὶ
3681 5658 3837 5708 αὐτοὶ
3866 5656 4021 5723 ἔγνως

2473 5774 2570 5810 σαν
2631 5754 2891 5823 Ῥωμαῖοι
2972 5751 3253 5823 ἄνθρωπον
3301 5747 3616 5817 ἐσταυρωκέ
3656 5766 3711 5800 αι
3762 5748 3887 5812 τοὺς
3930 5766 4022 5800 πα-
