4198 6312
240 318 375 385 1257

233 539 407 591 ματον
430 524 590 592 φύσιν
627 528 802 597 ἔχωνς
841 533 965 596 Πῶς
1007 536 1062 587 δὲ
1095 540 1187 591 καὶ
1223 540 1458 597 θανάτου
1492 548 1588 599 καὶ
1629 546 1805 611 οὕτως

225 616 428 685 ἀτίμου
472 618 565 670 καὶ
600 620 893 688 δυσκλεῶς
942 628 1207 694 ἀθάνατος
1272 635 1337 699 ᾇν
1391 637 1654 700 γεύσαιτο
1702 639 1804 708 φύ-

221 722 351 768 σις;
397 706 607 773 Ἀλλως
640 727 699 763 τε
734 713 789 765 δὲ
824 717 917 767 καὶ
942 717 1127 770 πολλοὶ
1160 725 1291 793 παρ’
1337 726 1471 794 ἡμῖν
1512 728 1621 779 τῶν
1674 729 1798 781 Ῥω-

225 800 430 866 μαίων,
465 801 765 875 Νεστόριον
800 807 1099 877 αὐχοῦντες
1128 813 1474 881 διδάσκαλον,
1513 819 1607 871 καὶ
1648 821 1801 873 αὑτοὶ

220 887 446 956 λέγουσι
475 895 659 957 πάλιν,
700 896 797 967 οὐχ
825 898 899 960 ὡς
934 900 1087 966 Θεὸν,
1120 904 1238 956 ἀλλ’
1264 907 1338 970 ὡς
1369 909 1661 980 ἄνθρωπον
1692 913 1802 964 δεῖν

219 985 318 1035 καὶ
364 989 651 1057 προφήτην
683 990 807 1042 τινὰ
861 995 1032 1064 τιμᾷν
1079 998 1172 1049 τὸν
1209 1000 1469 1069 Χριστόν.
1525 1002 1695 1070 Κάγὼ
1746 1004 1799 1056 δὲ

217 1075 321 1127 οὑκ
371 1079 449 1140 είς
486 1081 741 1133 τοσοῦτον
794 1082 1033 1156 ἐξήχθην
1092 1092 1314 1158 μανίας,
1364 1093 1503 1146 ὥστε
1564 1094 1661 1164 τὴν
1721 1096 1801 1157 εἰς

217 1167 354 1221 Θεὸν
390 1170 570 1223 πίστιν
608 1173 768 1236 αὑτός
800 1193 858 1228 τε
890 1178 1332 1251 ἀπαρνήσασθαι,
1368 1186 1459 1237 καὶ
1482 1187 1625 1256 ὑμᾶς
1653 1190 1788 1258 πρὸς

216 1258 321 1328 τὴν
350 1262 547 1329 ὁμοίαν
576 1263 810 1335 ἄρνησιν
859 1271 1231 1325 ἐκκαλεῖσθαι.
1285 1276 1406 1338 Πῶς
1460 1278 1588 1347 γὰρ,
1646 1280 1702 1344 ὃς
1735 1296 1797 1346 γε

215 1349 316 1402 τοῦ
350 1353 518 1422 νόμου
558 1357 660 1426 μὲν
715 1360 1012 1429 ἀντέχομαι
1049 1356 1144 1416 κ’ῗαὶ
1192 1365 1301 1419 τῶν
1358 1371 1602 1439 πατρίων
1659 1372 1797 1423 ἐθῶν

220 1443 462 1515 ἰσχυρῶς
491 1452 839 1521 περιέχομαι,
878 1456 985 1507 πᾶν
1032 1456 1088 1508 δὲ
1136 1458 1189 1509 εἴ
1245 1476 1296 1513 τι
1327 1461 1590 1533 νεώτερον
1642 1466 1794 1518 ἀπω-

217 1534 441 1607 θοῦμαι,
482 1543 577 1594 καὶ
601 1544 688 1595 δια
740 1545 898 1598 τοῦτο
931 1548 1312 1621 ἀπεχθάνομαι
1350 1556 1548 1624 καὶτῷ
1596 1556 1790 1626 Ἰησοῦ,

216 1628 518 1703 ἀνθρώπῳ,
578 1636 811 1706 θεότητα
861 1640 1362 1715 ἐαυτῷτολμηρῶς
1425 1648 1790 1719 περιάψαντι;

216 1719 353 1773 Οὐδὲ
386 1727 495 1794 γὰρ
531 1726 664 1795 ἡλίῳ
694 1730 786 1780 καὶ
824 1730 1044 1801 σελήνῃ,
1080 1736 1174 1785 καὶ
1217 1739 1327 1801 τοῖς
1354 1737 1533 1801 ἄλλοις
1564 1741 1792 1809 κτίσμα-

216 1826 321 1876 σιν,
356 1815 472 1867 οὐδὲ
501 1820 612 1879 τοῖς
651 1818 795 1882 θεοῖς
856 1823 964 1874 τῶν
1001 1824 1172 1877 ἐθνῶν
1226 1828 1388 1891 σέϐας
1439 1831 1586 1900 ὑμᾶς
1624 1850 1791 1903 προσ-

214 1907 407 1975 φέρειν
486 1913 895 1980 καταναγκὰζω
989 1918 1088 1988 (μὴ
1160 1918 1334 1984 οὑτως
1402 1922 1507 1988 ἔξω
1576 1927 1790 1993 φρενῶν

212 2000 486 2069 πέσοιμι),
553 2003 691 2057 ἀλλὰ
746 2006 866 2076 Θεῷ
901 2009 1049 2078 μόνῳ
1082 2011 1162 2081 τῷ
1193 2013 1259 2064 τὰ
1307 2015 1489 2068 πάντα
1536 2034 1787 2088 παραγα-

208 2091 384 2157 γόντι,
412 2096 503 2144 καὶ
532 2094 707 2167 Πατρὶ
734 2098 843 2150 τῶν
878 2102 1151 2170 γεννητῶν
1185 2104 1510 2175 ὑπάρχοντι,
1544 2107 1622 2172 ὃς,
1649 2111 1789 2162 ἁπα-

211 2180 311 2250 θὴς
333 2183 406 2235 ῶν
437 2186 530 2237 καὶ
562 2186 746 2253 ἄῦλος,
791 2192 1053 2258 ἐμπαθῶς
1085 2195 1185 2247 οὐκ
1210 2193 1317 2249 οἶδε
1351 2201 1577 2272 γεννᾷν.

281 2357 356 2413 Θ’.
380 2361 518 2432 Πρῦς
553 2362 611 2415 ὃν
636 2364 684 2415 οἱ
709 2368 984 2431 γενναῖοι,
1016 2370 1082 2421 Τί
1114 2370 1287 2423 ταῦτα
1319 2372 1685 2445 ὑπέκρουσας,
1711 2373 1785 2430 εἷ-

208 2467 328 2515 πον,
351 2445 395 2504 ὦ
424 2453 643 2522 βασιλεῦ
665 2471 680 2520 ;
708 2456 837 2507 Οὐδὲ
871 2459 1031 2527 ἡμεῖς
1052 2460 1284 2531 λέγομεν
1306 2466 1445 2517 κατὰ
1467 2467 1637 2528 πάθος
1669 2486 1793 2536 γεν-

205 2542 305 2611 νᾷν
337 2543 429 2593 τὸν
457 2543 739 2610 θεὸν,ἀλλ’
773 2547 1001 2612 ἀπαθῶς
1028 2550 1103 2614 ὡς
1136 2552 1294 2620 λόγον
1329 2556 1392 2608 ὲκ
1425 2556 1538 2611 νοῦ.
1570 2560 1664 2611 Ὃν
1692 2561 1783 2613 καὶ

205 2635 288 2696 είς
334 2629 516 2688 οἶκτον
560 2638 658 2707 τῆς
705 2640 979 2711 ἡμετέρας
1034 2643 1256 2699 ἐλθόντα
1317 2648 1551 2717 φύσεως,
1589 2650 1782 2716 ἐξαποο

205 2724 409 2778 στεῖλαι
428 2729 519 2779 τὶν
542 2728 670 2782 Υίὺν
693 2726 777 2783 επ*
802 2734 1091 2808 εὐεργεσία
1117 2742 1259 2810 φημὶ
1298 2742 1407 2794 τῶν
1456 2742 1779 2813 ἀνθρώπων,

201 2816 345 2869 ὥστε
381 2820 472 2871 καὶ
520 2822 698 2892 σάρκα
757 2826 944 2880 λαϐεῖν
995 2833 1058 2882 ἐκ
1115 2834 1282 2903 κόρης
1343 2838 1634 2909 παρθένου,
1689 2844 1780 2895 καὶ

203 2912 347 2964 κατά
376 2912 552 2967 πάντα
584 2916 767 2985 ὅμοιον
800 2920 929 2989 ἡμῖν
977 2925 1229 2989 γενέσθαι
1287 2934 1457 2998 χωρὶς
1487 2932 1778 3001 ἁμαρτίας,

206 3005 297 3054 καὶ
333 3004 508 3057 πάντα
531 3006 817 3077 πληρῶσαι
856 3011 922 3065 τά
948 3028 1007 3078 γε
1039 3013 1141 3065 ὑπὸ
1175 3018 1283 3069 τῶν
1317 3020 1606 3088 προφητῶν
1654 3026 1779 3091 περὶ

201 3095 371 3147 αὑτοῦ
405 3096 619 3160 πολλοῖς
666 3101 930 3171 πρότερον
979 3106 1248 3177 εἰρημένα
1306 3110 1517 3180 χρόνοις
1551 3114 1677 3183 περὶ
1703 3108 1775 3168 ὢν
1804 3138 1847 3195 c

203 3190 299 3237 καὶ
330 3189 491 3249 αὑτὸς
543 3186 689 3252 οἶδας
719 3198 838 3254 ταῖς
866 3196 1093 3251 ἐκείνων
1123 3197 1415 3267 ἐγκὺπτων
1452 3198 1656 3273 βίϐλοις
1682 3223 1698 3240 ο
1719 3208 1774 3269 ὃς

824 3253 831 3254 ,
1163 3253 1175 3267 ,
1351 3253 1404 3255 ν.
1452 3253 1653 3273 ,ηπ-τ
1722 3253 1769 3269 τι

202 3253 297 3327 καὶ
343 3278 603 3343 πολλάκις
650 3280 737 3332 διὰ
795 3284 900 3334 τῶν
951 3286 1094 3355 ὑπὲρ
1145 3291 1433 3358 ἄνθρωπον
1487 3296 1775 3366 θαυμάτων

201 3367 376 3436 αὑτήν
402 3386 460 3420 τε
491 3372 893 3441 παρεγύμνωσε
924 3376 1020 3443 τὴν
1045 3378 1299 3449 θεότητα,
1320 3384 1412 3435 καὶ
1442 3383 1477 3437 ἃ.
1510 3385 1609 3454 τῆς
1654 3403 1774 3457 σαρ-

203 3460 299 3522 κὸς
352 3463 643 3532 ἀνείληφεν
692 3467 791 3518 οὑκ
826 3469 1260 3540 ὴρνήσατο.Καί
1290 3492 1340 3528 τι
1385 3476 1465 3529 δεῖ
1515 3478 1773 3535 πλειόνων

197 3554 406 3621 λόγωνς
450 3557 649 3609 Τοῦτον
672 3561 831 3628 ἡμεῖς
865 3564 960 3614 καὶ
990 3565 1141 3629 Θεὸν,
1168 3569 1263 3619 καὶ
1317 3568 1452 3620 Θεοῦ
1487 3570 1611 3623 Υίον
1641 3575 1770 3641 ὁμο-

193 3646 484 3717 λογοῦμεν,
512 3655 604 3702 καὶ
638 3652 777 3719 ὑπὲρ
809 3655 1025 3725 ἁπάσης
1060 3658 1483 3730 ἀπολογούμεθα
1519 3664 1615 3733 τῆς
1672 3666 1771 3717 πό-

191 3739 353 3801 λεως,
385 3742 476 3790 καὶ
510 3741 615 3793 τῶν
651 3743 825 3796 ἄλλων
858 3748 965 3797 τῶν
1001 3747 1090 3817 ὑφ’
1125 3752 1271 3820 ἡμᾶς
1312 3754 1610 3809 τελούντων
1638 3757 1773 3829 Χρι-

194 3829 454 3883 στὶανῶν·
493 3838 583 3887 καὶ
616 3836 716 3889 οὐκ
769 3836 885 3889 ἔστι
917 3856 968 3891 τι
1023 3840 1273 3908 βασάνων
1309 3841 1466 3911 εἶδος,
1493 3849 1519 3899 ὃ
1559 3851 1633 3917 μὴ
1675 3851 1769 3903 καὶ

194 3926 393 3977 παθεῖν
426 3932 585 3999 ἡμεῖς
621 3930 828 3998 ἕτοιμοι
860 3933 925 3985 δι’
959 3934 1139 3989 αὐτόν.
1161 3937 1223 3988 Τί
1254 3941 1361 4010 γὰρ
1394 3943 1458 3994 ἂν
1480 3942 1573 3994 καὶ
1602 3944 1767 4013 χωρί-

195 4034 310 4071 σειε
342 4022 439 4089 τῆς
473 4024 565 4075 τοῦ
595 4023 828 4095 Χριστοῦ
880 4029 1100 4098 ἀγάπης
1130 4034 1279 4102 ἡμᾶς
1306 4050 1318 4099 ;
1355 4036 1519 4089 Οὐδὲν
1553 4036 1607 4089 δὲ
1637 4041 1766 4108 ἡμῖν

192 4117 289 4165 καὶ
320 4114 599 4185 Νεστορίῳ
637 4118 668 4189 ἦ
699 4122 809 4181 τοῖς
838 4121 1020 4183 ἄλλοις
1050 4126 1162 4184 τοῖς
1195 4128 1263 4175 τὰ
1310 4127 1521 4181 ἐκείνου
1582 4129 1767 4182 νοσοῦ-

192 4220 308 4256 σιν·
337 4206 384 4256 οἳ
419 4207 506 4258 τὸν
533 4209 855 4276 ἀδιαιρέτως
883 4212 1155 4268 ένωθέντα
1189 4217 1281 4268 καὶ
1308 4219 1427 4272 καθ’
1465 4221 1763 4275 ὑπόστασιν

190 4297 478 4369 ἄνθρωπον
516 4298 591 4370 τῷ
620 4299 739 4369 Θεῴ
766 4302 944 4373 Λόγῳ,
966 4305 1255 4378 τολμηρῶς
1304 4310 1639 4377 διασπῶντες
1667 4317 1763 4385 τῆς

188 4394 285 4449 τοῦ
313 4396 487 4463 Λόγου
521 4396 670 4459 θείας
703 4397 1077 4465 ὑποστάσεως,
1112 4404 1516 4460 ἰδιοῦπόστατόν
1565 4426 1620 4461 τε
1669 4413 1761 4461 καὶ

187 4485 347 4554 ψιλὸν
381 4485 666 4556 ἄνθρωπον
695 4487 783 4540 τὸν
816 4490 981 4558 σαρκὶ
1015 4493 1352 4560 ἐπιφανέντα
1383 4496 1556 4563 Λόγον
1586 4499 1758 4551 εἰπεῖν

184 4577 496 4647 ἐτόλμησαν
519 4593 535 4609 ’
588 4578 641 4630 οἵ
689 4595 750 4646 γε
777 4578 945 4643 ἀξίως
984 4584 1134 4651 παρὰ
1163 4585 1272 4637 τῶν
1310 4588 1469 4639 θείων
1502 4592 1756 4661 πνευμά-

184 4687 295 4721 των
335 4672 537 4723 τούτων
564 4671 860 4740 ὀρθοδιξων
890 4674 1281 4748 ἁπεῆλήθησαν
1332 4682 1635 4751 καταλόγου
1666 4686 1759 4739 καὶ

182 4762 253 4813 δι’
280 4763 474 4825 αἰῶνος
526 4764 824 4835 ἁναθέματι
873 4768 1272 4837 παρεδόθησαν.
1303 4772 1447 4844 Πλὴν
1503 4776 1620 4828 ἀλλ’
1659 4778 1757 4829 οὑκ

181 4851 434 4913 ἀνέξεται
465 4854 594 4923 (ἴσθι
627 4861 652 4908 ό
689 4858 794 4909 ὑπὸ
837 4858 978 4927 σοῦ,)
1013 4858 1505 4933 βλασφημούμενος
1555 4868 1756 4937 Κύριος

184 4948 262 5018 μὴ
292 4948 413 5016 οὐχὶ
449 4949 544 5000 καὶ
584 4950 643 5001 σὲ
674 4953 825 5019 παρὰ
875 4954 1041 5017 πόδας
1093 4955 1397 5026 ἀπαιτῆσαι
1442 4959 1595 5023 δίκας
1647 4963 1755 5013 τῶν

177 5041 573 5110 τολμωμένων,
617 5042 713 5112 τῆς
750 5059 807 5094 τε
840 5046 1005 5117 ἄλλης
1059 5047 1436 5120 βλασφημίας,
1479 5056 1642 5124 φημι,
1663 5058 1755 5108 καὶ

178 5132 243 5202 δὴ
280 5134 372 5184 καὶ
402 5151 509 5185 τῶν
562 5138 1061 5205 καταπατηθέντων
1089 5142 1192 5194 ὑπὸ
1236 5143 1329 5195 σοῦ
1378 5148 1471 5199 καὶ
1520 5150 1757 5216 ἀνατρα-

179 5231 393 5278 πέντων
428 5229 627 5296 ὅρκων,
647 5232 973 5284 ἀνοσιώτατε
1022 5235 1323 5307 ἀνθρώπων
1374 5242 1466 5292 καὶ
1515 5257 1753 5310 πανουρο

181 5322 401 5385 γοτατε.

251 5504 307 5558 ι’.
339 5503 395 5556 Ὀ
423 5504 477 5556 δὲ
513 5505 609 5574 τῆς
641 5510 950 5579 παρρησίας
982 5511 1074 5564 τὸν
1117 5515 1325 5585 ἀνδρῶν
1377 5521 1572 5590 μικρὶν
1624 5524 1753 5576 ἁνα-

180 5596 724 5663 σχόμενος,μάλιστα
757 5600 813 5650 δὲ
845 5603 943 5669 τῆς
995 5606 1264 5670 συνέσεως
1317 5613 1410 5661 καὶ
1455 5613 1553 5681 τῆς
1585 5613 1750 5683 ἄλλης

176 5689 502 5752 extenuant;
533 5690 621 5741 τὸν
686 5691 912 5761 Ἀρέθαν
935 5697 1276 5768 δυσωπηθεὶς
1314 5705 1545 5775 ἡμέροις
1571 5723 1629 5757 τε
1662 5708 1748 5759 λό-

174 5796 292 5848 γοις
347 5782 684 5836 ὑπολεαίνειν
740 5786 959 5856 ἤρξατο,
1047 5793 1139 5843 καὶ
1196 5796 1399 5862 δωρεὰς
1456 5801 1546 5851 7-1"-
1587 5816 1750 5864 τιμᾶς

498 5878 762 5939 ΡΑΤηιιι.
819 5884 931 5940 (in.
973 5886 1143 5946 CXV.

1405 344 1509 403 MA
1522 346 1752 406 RTYRI
1766 349 1876 410 Ulli
1922 351 1983 414 S.
2024 355 2367 423 ΑΠΕΤΗᾸῗ.

230 432 397 500 τέρας
428 433 605 503 ἡμῶν.
642 435 762 498 Πῶς
787 437 897 509 γὰρ
936 441 1024 506 ἂν,
1057 448 1433 521 μαστιγωθείη
1470 456 1625 516 Θεὸς,
1657 454 1776 507 ἀσώ

1911 461 2133 519 minem.
2192 468 2476 535 Quomodo
2521 476 2688 544 enim,

3339 389 3480 451 1358

2753 479 2985 549 dicebat,
3046 484 3240 544 fuisset
3302 492 3483 566 ﬂagris

1913 567 2083 611 eiesns
2113 557 2274 625 Deus,
2303 565 2393 633 qui
2427 575 2509 621 est
2546 579 2741 625 natura
2772 571 3167 645 incorporeus?
3207 587 3483 651 quomodo

1915 655 2095 701 autem
2126 661 2356 708 mortem
2401 657 2538 713 adeo
2575 668 2784 730 turpem
2819 673 2873 717 et
2919 666 3333 738 ignominiosam
3387 693 3481 729 ua-

1910 744 2027 790 tura
2076 745 2309 809 gustarit
2382 748 2745 806 immortalis?
2792 756 3045 828 Alioquin
3100 772 3278 816 autem
3323 770 3474 822 multi

1908 843 2126 898 quoque
2162 850 2225 888 ex
2254 837 2538 908 Romanis,
2578 845 2667 915 qui
2698 857 2828 902 sunt
2874 852 3015 920 apud
3051 871 3165 919 vos,
3203 858 3478 926 jactanres

1907 934 1966 972 se
2005 921 2316 983 Nestorium
2352 932 2554 989 habere
2583 939 2923 1009 magistrum,
2955 946 3056 1014 ipsi
3095 964 3311 1018 quoque
3357 971 3477 1008 rur-

1904 1025 1995 1063 sus
2026 1014 2231 1082 dicunt,
2264 1036 2322 1075 se
2352 1038 2460 1077 non
2490 1036 2547 1079 ut
2585 1028 2778 1097 Deum,
2828 1036 2921 1089 sed
2955 1036 3230 1094 hominem
3264 1055 3319 1097 et
3351 1063 3479 1115 pro-

1906 1103 2123 1169 phetam
2180 1114 2468 1177 quemdam
2521 1130 2777 1189 oportere
2845 1126 3121 1185 Christum
3181 1135 3472 1193 honorare.

1903 1193 2034 1259 Quae
2068 1200 2169 1253 nisi
2207 1218 2330 1258 vera
2365 1220 2573 1276 essent,
2615 1228 2718 1269 nec
2760 1230 2857 1287 ego
2896 1221 2960 1273 ad
3011 1232 3212 1279 tantam
3259 1245 3474 1296 proces-

1902 1287 2094 1342 sissem
2144 1283 2438 1361 insaniam,
2496 1311 2554 1354 ιιι
2602 1304 2713 1373 ipse
2771 1323 3023 1379 negarem
3087 1316 3138 1369 in
3195 1321 3471 1377 Christum

1901 1375 2080 1445 (idem,
2127 1391 2181 1436 et
2226 1401 2322 1440 vos
2380 1390 2447 1445 ad
2511 1393 2741 1451 similem
2800 1416 3050 1458 vocarem
3102 1414 3468 1480 negationem.

1898 1470 2182 1536 Quomodo
2205 1479 2374 1546 enim,
2418 1483 2508 1553 qui
2546 1486 2719 1557 legem
2758 1500 2916 1550 teneo
2952 1511 3014 1551 ac
3060 1510 3233 1566 tueor,
3282 1515 3343 1559 et
3370 1522 3469 1575 pa-

1898 1560 2032 1616 trios
2067 1580 2248 1622 mores
2279 1586 2341 1625 ac
2370 1573 2510 1630 ritus
2542 1578 2696 1635 valde
2744 1585 3060 1653 amplector,
3116 1595 3318 1662 repello
3372 1614 3468 1651 au-

1897 1661 2003 1707 tem
2042 1658 2269 1726 quiquid
2310 1664 2477 1721 fuerit
2525 1656 2649 1725 novi
2688 1692 2700 1727 :
2759 1686 2813 1729 et
2852 1677 2972 1733 ideo
3017 1656 3199 1737 Jesum
3252 1706 3467 1760 quoque

1895 1746 2023 1800 odio
2088 1749 2263 1807 habeo
2300 1755 2598 1825 hominem,
2635 1766 2725 1832 qui
2762 1768 3099 1827 divinitatem
3133 1777 3231 1831 sibi
3290 1782 3468 1851 impn-

1894 1836 2088 1892 denter
2120 1843 2413 1900 attribuit?
2447 1848 2630 1919 Neque
2675 1856 2817 1909 enim
2849 1860 2947 1912 soli
2990 1873 3041 1916 et
3074 1863 3242 1929 lunae,
3290 1836 3465 1941 neque

1893 1929 2014 1984 aliis
2064 1934 2226 1989 rebus
2261 1940 2479 2005 creatis,
2534 1959 2713 2014 neque.
2757 1950 2862 2005 diis
2905 1958 3145 2021 gentium
3203 1977 3330 2031 rogo
3372 1984 3466 2022 vos

1891 2021 2095 2075 cultum
2117 2027 2353 2085 tribuere
2380 2032 2562 2101 (absit,
2595 2046 2655 2091 ut
2679 2038 2780 2094 sim
2812 2042 2947 2098 adeo
2969 2058 3162 2104 emotae
3191 2060 3389 2111 mentis
3419 2060 3462 2128 Ι)

1891 2115 1985 2168 sed
2023 2115 2131 2171 Deo
2162 2121 2282 2185 soli,
2306 2127 2407 2193 qui
2440 2130 2619 2184 omnia
2656 2134 2923 2202 producit,
2954 2146 3006 2193 et
3038 2152 3121 2196 est
3166 2144 3328 2203 Pater
3378 2115 3463 2204 re;

1891 2222 2010 2260 rum
2068 2218 2450 2280 generatarum
2521 2239 2533 2274 :
2587 2224 2706 2291 qui,
2742 2241 2863 2280 cum
2919 2234 2989 2283 sit
3048 2235 3360 2304 impatibtlis
3410 2255 3464 2299 et

1892 2315 2086 2371 expers
2122 2309 2384 2375 materiai,
2421 2327 2679 2382 generare
2711 2322 2879 2374 nescit
2911 2327 3216 2393 patibiliter.

1959 2394 2050 2449 IX.
2085 2399 2179 2451 (lui
2218 2415 2515 2469 generosus
2547 2411 2749 2465 Arctha
2793 2429 2914 2469 eum
2956 2421 3119 2473 sociis
3149 2440 3161 2476 :
3210 2425 3317 2480 Cur
3349 2430 3462 2485 haec

1885 2486 2100 2555 dixisti,
2144 2508 2176 2546 ο
2216 2497 2347 2549 rex?
2383 2498 2567 2570 Neque
2606 2519 2705 2558 nos
2757 2508 2988 2565 dic‘imns
3042 2514 3205 2569 Deum
3240 2522 3461 2589 gignere

1888 2584 2212 2650 patibiliter,
2253 2590 2346 2643 sed
2378 2590 2772 2663 impatibilitcr,
2829 2614 2884 2656 ιιι
2942 2620 3095 2660 mens
3146 2626 3455 2669 sermonem

1885 2676 2075 2744 gignit.
2118 2679 2268 2735 Illum
2302 2695 2482 2739 autem
2513 2692 2828 2760 asserimus,
2881 2709 3078 2753 nostra!
3103 2710 3309 2761 naturae
3338 2725 3453 2765 mo-

1889 2774 2000 2820 tum
2049 2771 2448 2840 misericordia,
2499 2780 2713 2838 misisse
2758 2784 2975 2852 Filium,
3029 2793 3092 2845 ad
3153 2795 3453 2871 hominum,

1887 2857 2135 2929 inquam.
2172 2864 2519 2934 beneﬁcium,
2560 2874 2790 2931 adeotut
2840 2891 2893 2935 et
2926 2899 3143 2941 carnem
3186 2907 3454 2965 acceperit

1886 2965 1948 3003 ex
1985 2953 2168 3021 puella
2199 2957 2428 3029 virgine,
2461 2972 2513 3017 et
2547 2980 2645 3034 per
2671 2972 2849 3025 Omnia
2878 2975 3034 3031 nobis
3057 2980 3248 3037 similis
3281 2986 3454 3046 factus

1884 3041 1953 3094 sit
1986 3044 2190 3113 absque
2228 3062 2473 3115 peccato,
2527 3065 2579 3109 et
2638 3062 2821 3113 omnia
2861 3068 3185 3134 impleverit.
3240 3092 3358 3144 qua:
3386 3083 3452 3137 de

1884 3133 1999 3201 ipso
2058 3152 2085 3187 a
2124 3140 2409 3208 proyhetis
2459 3147 2645 3203 multis
2688 3161 2813 3206 ante
2850 3133 3005 3213 annis
3049 3163 3190 3218 dicta
3246 3133 3373 3225 sunt
3436 3192 3449 3228 :

1879 3242 1997 3295 qua:
2039 3230 2258 3297 quidem
2308 3246 2362 3287 tu
2399 3252 2614 3307 quoque
2656 3246 2783 3306 scis,
2844 3252 2933 3316 qui
2998 3254 3171 3325 legisti
3216 3261 3446 3318 'illorntn

1878 3316 2067 3373 libros.
2101 3320 2201 3387 Qui
2231 3325 2392 3379 etiam
2425 3343 2568 3398 stupe
2632 3349 2725 3400 per
2760 3339 3016 3394 miracula
3044 3362 3163 3414 qua:
3204 3362 3329 3406 sunt
3355 3372 3447 3409 su-

1876 3424 1968 3476 pra
2019 3414 2328 3482 hominem,
2389 3423 2561 3489 ipsam
2606 3431 2842 3484 ostendit
2888 3434 3223 3493 divinitatem
3272 3454 3325 3497 et
3385 3464 3443 3500 se

1876 3505 2183 3573 suscepisse
2213 3523 2455 3575 carnem,
2515 3530 2622 3569 non
2667 3533 2747 3573 est
2797 3524 3086 3582 inticiatus.
3136 3533 3272 3597 Quid
3309 3557 3445 3609 opus

1876 3605 1957 3647 est
1989 3598 2278 3665 pluribus?
2318 3603 2425 3658 Nos
2460 3621 2583 3661 euut
2637 3621 2691 3665 et
2745 3613 2931 3681 Deum,
2986 3633 3040 3673 et
3104 3622 3196 3678 Dei
3248 3598 3441 3686 Filium

1875 3690 2216 3759 conﬁtemur,
2252 3707 2306 3747 er
2334 3713 2430 3765 pro
2469 3701 2720 3758 universa
2776 3713 3174 3778 respondemus
3205 3720 3439 3789 civitate,

1874 3788 1925 3830 et
1961 3779 2081 3832 aliis
2120 3782 2465 3850 Christianis,
2498 3794 2588 3858 qui
2635 3804 2761 3848 sunt
2815 3801 2970 3854 nobis
3028 3808 3255 3874 subiecti
3296 3833 3307 3864 :
3348 3828 3446 3866 ne-

1870 3885 1975 3937 que
2005 3880 2084 3924 est
2118 3875 2282 3928 ullum
2324 3894 2495 3947 genus
2552 3890 2830 3953 tormenti,
2870 3895 3011 3959 quod
3070 3914 3174 3949 non
3224 3916 3442 3972 propter

1872 3964 2045 4030 ipsum
2078 3968 2250 4034 parati
2301 3970 2473 4025 simus
2524 3976 2657 4044 pati.
2701 3979 2841 4043 Quid
2892 3985 3035 4037 enim
3077 4004 3177 4042 nos
3223 4008 3441 4064 separa-

1872 4056 2009 4110 verit
2039 4074 2064 4107 a
2097 4060 2364 4116 charitate
2390 4066 2634 4122 Christi?
2665 4070 2806 4125 Nihil
2838 4086 3018 4132 autem
3056 4083 3133 4135 rei
3170 4096 3250 4139 est
3280 4056 3438 4146 nobis

1869 4162 1989 4201 cum
2024 4150 2299 4221 Nestorio,
2333 4166 2426 4210 aut
2462 4174 2583 4212 cum
2642 4164 2786 4227 aliis,
2837 4169 2926 4237 qui
2979 4174 3169 4227 eodem
3224 4182 3435 4240 morbo.

1866 4254 1970 4307 quo
1991 4240 2125 4307 ipse,
2142 4242 2408 4310 laborant,
2426 4251 2515 4319 qui
2536 4251 2837 4323 hominem,
2857 4261 2944 4328 qui
2969 4261 3099 4316 t'iiru
3115 4264 3222 4322 divi
3240 4272 3434 4328 tionem

1868 4341 1921 4383 ει
1952 4348 2048 4401 per
2082 4334 2416 4404 hypostasint
2459 4343 2644 4397 unitus
2696 4357 2776 4399 est
2808 4351 2914 4403 Deo
2968 4350 3161 4415 Verbo.
3225 4375 3433 4418 summa

1869 4423 2206 4493 impudentia
2263 4430 2584 4487 divellentes
2622 4450 2650 4488 a
2688 4435 2845 4492 Verbi
2902 4440 3080 4497 divina
3133 4446 3425 4518 hypostasi,

1864 4532 1961 4584 per
1991 4531 2048 4571 se
2081 4520 2495 4590 consistentem,
2536 4536 2589 4580 et
2637 4528 2810 4583 solum
2848 4532 3123 4589 hominem
3160 4542 3274 4593 ausi
3308 4557 3427 4596 sunt

1860 4610 2046 4665 dicere
2085 4609 2344 4679 Verbum,
2418 4618 2560 4686 quod
2624 4620 2675 4673 in
2728 4637 2892 4678 carne
2963 4632 3209 4697 apparuit
3266 4651 3277 4685 :
3339 4639 3427 4703 qui

1860 4701 2043 4764 etiam,
2084 4712 2139 4757 ut
2187 4706 2557 4769 merebantur,
2614 4725 2642 4762 a
2696 4712 2894 4769 divinis
2960 4716 3210 4775 Pali-ibus
3268 4728 3427 4794 ejctti

1860 4802 1989 4845 sunt
2042 4809 2069 4846 ιι
2101 4798 2347 4867 catalogo
2396 4802 2848 4870 orthodoxorum,
2887 4820 2941 4861 et
2990 4823 3114 4866 sunt
3168 4818 3219 4869 in
3265 4832 3426 4874 aeter-

1859 4900 1990 4937 num
2062 4887 2242 4941 traditi
2304 4892 2660 4947 anathemati.
2717 4897 2820 4952 Sed
2883 4917 2989 4955 non
3050 4914 3427 4973 przetermittet

1859 4975 1989 5043 (hoc
2045 4987 2196 5031 certo
2259 4982 2421 5050 scias)
2458 4985 2547 5051 qui
2598 4987 2901 5043 maledictis
2972 5007 2999 5046 a
3056 5004 3105 5048 te
3154 5012 3426 5067 appetitur

1862 5066 2144 5131 Dominus,
2174 5071 2305 5140 quin
2339 5088 2367 5127 e
2399 5076 2626 5144 vestigio
2660 5092 2849 5151 paruas
2875 5097 3053 5138 suniat
3085 5097 3300 5145 tuorum
3331 5110 3428 5149 au-

1856 5157 2071 5212 dacium
2130 5173 2458 5231 coeptorum,
2513 5184 2633 5222 cum
2686 5172 2935 5237 alterius,
3010 5178 3252 5246 inquam,
3320 5196 3424 5239 tua:

1855 5248 2230 5319 blasphemite,
2269 5262 2377 5307 tum
2414 5258 2797 5327 jurisjurandi,
2836 5267 2977 5333 quod
3019 5283 3046 5320 ει
3074 5280 3122 5321 te
3154 5271 3253 5324 fuit
3295 5290 3424 5328 con-

1855 5343 2125 5397 eulcatum
2180 5356 2233 5398 et
2272 5360 2545 5413 eversam,
2594 5365 2625 5404 ο
2675 5352 2942 5423 imprimis
2988 5359 3148 5429 impie
3201 5373 3253 5416 et
3305 5384 3423 5422 sce-

1854 5431 2039 5487 lt‘rale.

1922 5524 1986 5576 Χ.
2027 5527 2116 5580 Ille
2153 5540 2333 5583 autem
2388 5549 2508 5586 cum
2563 5546 2749 5589 eorum
2812 5539 3066 5608 loquendi
3113 5544 3416 5604 libertatem

1852 5633 2045 5686 parum
2093 5623 2474 5690 sustinuisset,
2542 5630 2772 5685 maxime
2846 5640 3025 5689 autent
3072 5642 3287 5693 At‘eiha:
3336 5660 3421 5695 sa—

1852 5711 2110 5777 pientiam
2150 5724 2204 5767 et
2236 5716 2399 5770 alium
2436 5735 2651 5773 omnem
2699 5728 3041 5791 splendorem
3074 5742 3211 5783 esset
3265 5750 3418 5789 reve-

1861 5804 2017 5873 ritus,
2052 5806 2300 5879 benignis
2342 5814 2518 5867 verbis
2560 5830 2651 5869 eos
2702 5820 2865 5890 Ctepit
2912 5822 3100 5885 lenire,
3149 5827 3334 5897 eisque
3362 5836 3421 5883 et

3019 5913 3088 5973 40
