4198 6312
756 374 891 437 1263

2039 361 2323 423 MENSIS
2357 360 2724 421 OCTOBER.

3880 350 4011 417 1264

753 503 854 558 ego
886 501 916 539 a
960 484 1046 540 tali
1097 481 1284 538 lauder
1341 481 1545 552 lingua,
1590 492 1709 549 quae
1751 491 1809 531 se
1851 471 2086 529 armavit
2136 479 2320 526 contra

2443 468 2607 538 αύτης
2657 465 2964 538 τιμηθῆναι
3006 462 3277 536 γλώττης,
3310 465 3409 537 τῆς
3443 463 3826 536 ὀπλισαμένης
3876 472 4016 519 κατὰ

754 581 948 644 Deum,
1007 591 1187 647 neque
1235 589 1300 630 eo
1356 571 1645 642 procedam
1700 566 1977 629 amentiae,
2028 573 2087 618 ut
2138 578 2326 618 verser

755 689 881 729 cum
912 674 998 738 iis,
1024 670 1117 741 qui
1155 668 1264 723 Deo
1299 675 1427 722 sunt
1477 666 1616 719 adeo
1665 660 1892 724 inimici,
1928 669 1982 714 et
2026 659 2080 712 in
2132 669 2326 724 pecca-

756 774 937 819 torum
999 761 1240 816 habitem
1288 753 1678 812 tabernaculis.
1728 752 1865 807 Cum
1925 765 2020 803 rex
2067 748 2183 802 hrec
2228 761 2326 800 au-

757 855 971 916 diisset,
1021 853 1102 907 ira
1154 850 1323 906 corde
1390 861 1674 911 accensus,
1729 838 1942 913 aspexit
1970 839 2040 895 ad
2090 853 2184 893 eos
2235 835 2326 905 qui

755 948 1006 1013 aderant,
1055 953 1111 1000 et
1168 959 1294 998 cum
1361 940 1608 1005 dixisset,
1649 936 1820 1003 Quam
1880 933 2227 1005 impudenter
2274 930 2327 983 in

755 1055 854 1097 nos
904 1053 961 1093 se
1011 1036 1148 1107 gerit
1211 1036 1326 1088 haec
1382 1029 1718 1088 exsecranda
1784 1025 2104 1082 muliercula
2137 1020 2330 1092 ljubet

757 1134 877 1199 ejus
903 1130 1066 1201 capiti
1104 1128 1310 1183 auferri
1349 1135 1752 1197 legumentum,
1802 1130 1857 1175 et
1893 1120 2013 1189 ejus
2059 1115 2325 1179 filiarum;

755 1229 809 1275 et
839 1221 917 1275 sic
947 1235 1041 1275 eas
1068 1220 1217 1273 nudo
1246 1216 1444 1287 capite,
1480 1224 1534 1271 et
1564 1212 1837 1284 promissa
1860 1223 2037 1276 coma,
2066 1208 2121 1263 in
2148 1214 2328 1261 castra

760 1312 885 1367 duci
917 1325 1014 1382 per
1046 1308 1425 1382 ignominiam.

824 1493 959 1549 XlV.
999 1489 1298 1562 Egrediens
1344 1501 1473 1559 ergo
1508 1498 1769 1557 generosa
1818 1480 2036 1547 mulier,
2092 1493 2215 1533 cum
2246 1477 2329 1531 vi-

756 1588 930 1644 disset
976 1597 1226 1654 magnam
1280 1581 1604 1636 feminarum
1653 1574 2061 1631 multitudinem
2106 1570 2348 1645 flentem.

756 1689 813 1737 et
847 1678 1168 1750 eiulantem,
1201 1674 1347 1745 quod
1380 1672 1504 1728 talis
1551 1670 1813 1724 nobilitas
1857 1665 2165 1720 aﬂiceretur
2195 1677 2329 1716 con-

758 1770 1003 1835 tumelia,
1038 1768 1129 1822 illa
1184 1782 1278 1821 eas
1319 1778 1513 1819 severe
1584 1770 1640 1817 et
1688 1758 1974 1829 magnifice
2033 1757 2253 1811 intuens
2312 1769 2327 1807 :

759 1864 908 1927 Seio,
943 1861 1143 1931 inquit,
1176 1874 1209 1914 o
1249 1857 1458 1921 amicae,
1487 1854 1630 1925 quod
1663 1862 1890 1925 propter
1936 1865 2038 1905 nos
2088 1849 2332 1907 dolorem
2363 1841 2406 1897 Β

758 1954 1033 2024 accipitis,
1064 1949 1264 2021 partim
1298 1946 1519 2018 quidem
1573 1943 1809 1999 fortasse
1859 1950 2081 2012 propter
2126 1946 2335 1992 natura:

756 2046 1160 2117 cognationem,
1196 2040 1393 2112 partim
1441 2047 1624 2093 autem
1669 2035 1816 2107 quod
1864 2034 2085 2105 indigna
2130 2046 2196 2085 ac
2227 2045 2333 2100 pu-

758 2139 937 2194 denda
968 2136 1157 2192 videar
1199 2132 1310 2205 pati
1358 2145 1481 2185 cum
1529 2128 1761 2183 filiabus.
1811 2125 1917 2181 Sed
1964 2140 2034 2180 ne
2082 2123 2331 2179 doleatis.

757 2231 869 2286 Nos
903 2230 1050 2285 enim
1086 2241 1196 2282 non
1258 2225 1383 2280 ideo
1426 2223 1808 2295 negaverimus
1859 2218 2170 2273 effectorem
2214 2215 2336 2270 coeli

757 2333 811 2378 et
844 2334 1024 2382 terra.
1055 2332 1232 2386 neque
1262 2332 1383 2386 qua:
1418 2326 1544 2370 sunt
1577 2314 1644 2367 ad
1677 2322 1892 2381 tempus
1940 2310 2157 2364 aeternis
2196 2324 2333 2378 prae-

761 2413 1078 2470 tulerimus.
1137 2411 1273 2466 Nam
1327 2406 1462 2463 mihi
1527 2406 1747 2476 quidem
1818 2418 1847 2456 a
1895 2401 2193 2472 majoribus
2240 2414 2339 2469 per

759 2508 1165 2563 successionem
1198 2502 1374 2573 pietas
1419 2507 1474 2556 et
1502 2513 1629 2555 vera
1677 2496 1898 2567 religio,
1948 2503 2001 2549 et
2040 2508 2070 2548 a
2120 2493 2338 2547 Christo

761 2599 1124 2662 denominari,
1161 2604 1217 2651 et
1247 2609 1374 2650 eum
1408 2607 1574 2647 nosse
1605 2590 1799 2655 Deum,
1830 2587 2026 2641 tradita
2052 2585 2185 2641 mihi
2217 2585 2337 2639 fue-

761 2700 892 2747 runt
925 2691 981 2745 in
1033 2687 1451 2752 haereditatem;
1486 2698 1595 2737 non
1649 2680 1784 2735 mihi
1835 2688 2015 2733 autem
2069 2677 2192 2744 soli,
2244 2674 2338 2732 sed

766 2784 1037 2841 universae
1068 2794 1285 2851 quoque
1334 2792 1468 2832 meae
1512 2770 1843 2845 cognationi.
1892 2769 2122 2841 Propter
2177 2783 2337 2838 quem

762 2892 863 2950 ego
893 2874 1141 2946 amplexa
1170 2870 1588 2933 continentiam,
1626 2866 1945 2921 viduitatem
1984 2862 2196 2933 praetuli
2223 2874 2339 2914 ma-

765 2968 1034 3025 triinonio
1071 2973 1171 3020 :et
1199 2981 1261 3020 ex
1311 2959 1685 3023 facultatibus,
1724 2971 1859 3028 quas
1900 2953 2188 3019 habebam,
2216 2951 2340 3023 pln-

762 3062 964 3118 rimum
994 3058 1242 3112 distribui
1275 3054 1631 3127 pauperibus.
1669 3048 1808 3105 Sunt
1837 3062 1968 3104 vero
2000 3044 2178 3101 adhuc
2206 3044 2339 3098 mihi

2426 560 2594 615 Θεοῦ·
2653 560 2789 631 μηδὲ
2845 557 2998 629 παρά
3054 556 3307 611 τοσοῦτον
3357 557 3545 620 ἀνοίας
3592 556 3837 626 ἔλθοιμι,
3876 554 4016 610 ὥστε

2425 652 2865 724 ἀναστρέφεσθαι
2897 652 3008 711 τοῖς
3038 648 3213 712 οὕτως
3242 646 3597 719 ὲχθραίνουσι
3634 648 3711 718 τῷ
3745 646 3893 718 Θεῷ,
3924 647 4017 700 καὶ

2430 748 2490 799 ἐν
2542 744 2913 814 σκηνώμασιν
2969 740 3318 812 ἁμαρτωλῶν
3389 741 3698 796 κατοικεῖν.
3744 740 4018 792 Τούτωνό

2432 839 2682 911 βασιλεὺς
2713 838 2787 901 ὡς
2816 839 3019 909 ἢκουσε
3056 836 3213 906 θυμῷ
3243 838 3343 908 τὴν
3379 836 3613 907 καρδίαν
3654 832 4015 899 ἀνακαυθεὶς,

2428 932 2704 1002 ἀπέϐλεψε
2733 932 2868 1002 πρὸς
2897 931 3024 995 τοὺς
3063 929 3366 1001 παρόντας,
3393 930 3506 996 καὶ,
3540 922 3643 983 Οἷα
3698 926 3827 980 καθ’
3860 928 4017 998 ήμῶν

2429 1027 2772 1081 ἀναιδεύεται
2810 1025 2872 1078 τὸ
2904 1029 3213 1094 κατάρατον
3249 1022 3404 1075 τουτὶ
3444 1022 3690 1091 γύναιον,
3742 1018 4013 1089 εἰρηκὼς,

2428 1119 2644 1174 κελεύει
2697 1118 2795 1190 τὴν
2853 1117 2953 1188 τῆς
3006 1116 3247 1193 κεφαλῆς
3301 1114 3650 1185 ἀφαιρεῖσθαι
3698 1112 4022 1180 καλύπτραν

2428 1214 2600 1284 αὐτῆς
2628 1230 2689 1264 τε
2735 1213 2824 1264 καὶ¹
2861 1211 2969 1264 τῶν
3019 1208 3357 1280 θυγατέρων,
3396 1207 3491 1260 καὶ
3547 1206 3722 1268 οὕτως
3755 1207 4019 1265 ἀσκεπεξς

2429 1308 2525 1361 καὶ
2556 1304 2691 1378 βαθὺ
2725 1303 2985 1376 κομώσας
3037 1302 3124 1357 ἐπ’
3177 1300 3410 1372 αἰσχύνῃ
3442 1301 3594 1371 παρὰ
3623 1300 3684 1352 zz.
3715 1298 4020 1369 στρατόπε-

2430 1401 2519 1454 δον
2552 1398 2807 1468 ἄγεσθαι.

2502 1495 2596 1547 lA'.
2647 1490 2897 1557 Ἐξιοῦσα
2948 1489 3130 1543 τοίνυν
3170 1491 3203 1561 ή
3239 1489 3470 1559 γενναία
3525 1485 3622 1541 καὶ
3664 1484 3878 1555 πλῆθος
3930 1484 4011 1537 ὅτι

2433 1584 2569 1637 πολὺ
2607 1585 2887 1653 γυναικῶν
2922 1582 3108 1637 ἰδοῦσα
3164 1583 3294 1652 napi.
3354 1579 3525 1651 αὐτὴν
3576 1576 3893 1647 ἀνοιμῶζον
3928 1577 4020 1628 καὶ

2433 1677 2855 1747 παθαινόμενον,
2880 1675 2955 1739 ὡς
2985 1675 3244 1744 τοιαύτης
3272 1672 3436 1743 δῆθεν
3482 1670 3771 1739 εὐγενείας
3804 1666 4023 1737 ὑϐριζο-

2439 1771 2629 1841 μένης,
2654 1771 2851 1839 σεμνὸν
2878 1769 3063 1837 ἐκείνη
3096 1767 3234 1837 πρὸς
3268 1765 3438 1828 αὑτὰς
3484 1763 3670 1816 ἰδοῦσα
3706 1759 3805 1813 καὶ
3846 1775 4019 1828 μεγα-

2434 1863 2631 1931 λόφρον
2651 1902 2665 1925 ,
2692 1857 2807 1913 Οἷδ’
2831 1861 2941 1926 ὅτι,
2958 1860 3146 1929 φησὶν,
3167 1856 3320 1927 φίλαι
3374 1858 3658 1924 γυναῖκες,
3693 1850 4023 1922 περιπαθεῖς

2445 1955 2529 2025 ἐφ’
2570 1957 2704 2027 ἡμῖν
2730 1952 3033 2024 γεγένησθε
3062 1967 3077 1983 ο
3117 1949 3278 2005 τοῦτο
3314 1949 3414 2019 μὲν
3467 1949 3597 2010 ἴσως
3676 1947 3772 1999 καὶ
3830 1944 3921 1997 διὰ
3967 1942 4023 2005 τὸ

2437 2048 2699 2116 συγγενὲς
2728 2048 2828 2118 τῆς
2856 2044 3101 2114 φύσεως,
3125 2042 3287 2096 τοῦτο
3313 2040 3372 2094 δὲ
3407 2038 3582 2094 καὶτὸ
3617 2037 3799 2090 δοκεῖν
3831 2035 4019 2104 αἰσχύ-

2437 2159 2535 2211 νης
2575 2139 2702 2203 ἄξια
2763 2137 2902 2209 μετὰ
2957 2136 3069 2189 τῶν
3124 2134 3446 2204 θυγατέρων
3497 2131 3645 2202 ἡμᾶς
3700 2128 4023 2197 ὑπομένειν.

2448 2232 2591 2286 Ἀλλ’
2648 2231 2707 2284 οὐ
2756 2230 2909 2301 παρὰ
2959 2227 3121 2282 τοῦτο
3177 2226 3245 2280 ἂν
3294 2228 3454 2297 ἡμεῖς
3496 2219 3885 2295 ἀρνησαίμεθα
3936 2219 4027 2272 τὸν

2437 2324 2666 2396 ποιητὴν
2698 2322 2929 2395 οὐρανοῦ
2963 2321 3059 2376 καὶ
3086 2321 3212 2391 γῆς,
3247 2318 3368 2371 οὐδὲ
3396 2319 3502 2371 τῶν
3532 2316 3721 2369 ἀϊδίων
3754 2315 3829 2367 τὰ
3860 2311 4029 2382 πρόσ-

2439 2435 2609 2491 καιρα
2637 2416 3107 2488 προτιμήσαιμεν.
3145 2412 3302 2482 Ἐμοὶ
3333 2411 3441 2481 γὰρ
3468 2411 3531 2462 ὲκ
3576 2406 3867 2477 προγόνων
3900 2403 4028 2472 κλῇε

2440 2529 2533 2586 ρος
2592 2508 2877 2580 ἀδιὰδοχος
2951 2507 2985 2575 ἡ
3025 2504 3307 2583 εὐσέϐεια,
3366 2503 3461 2556 καὶ
3509 2499 3569 2553 τὸ
3628 2498 3739 2554 ἀπὸ
3785 2493 4026 2566 Χριστοῦ

2437 2602 2744 2680 καλεῖσθαι,
2798 2604 2892 2656 καὶ
2947 2600 3139 2654 τοῦτον
3199 2598 3403 2650 ειδέναι
3457 2593 3618 2648 Θεὸν.
3664 2591 3783 2645 Οὐκ
3821 2589 3951 2659 ἐμοὶ
3972 2588 4029 2640 δὲ

2442 2696 2607 2770 μόνῃ,
2633 2674 2771 2749 ἀλλὰ
2814 2695 2912 2748 καὶ
2958 2694 3111 2764 πάσῃ
3154 2692 3220 2761 τῇ
3245 2687 3543 2759 συγγενείᾳ
3587 2684 3652 2756 δὴ
3679 2686 3750 2755 τῇ
3779 2683 3919 2754 ἐμῇ.
3955 2674 4029 2733 Δι’

2438 2790 2498 2843 ὃν
2556 2786 2669 2856 ἐγὼ
2721 2784 3083 2856 σωφροσύνην
3142 2778 3541 2850 ἀσπασαμένη,
3583 2775 3820 2848 χηρείαν
3902 2789 4033 2842 τερο-

2443 2880 2618 2951 έθηκα
2658 2882 2862 2950 γάμου,
2904 2879 2999 2932 καὶ
3027 2877 3126 2948 τὴν
3160 2874 3349 2929 οὐσίαν
3376 2872 3575 2941 πολλὴν
3613 2869 3780 2923 οὖσαν
3840 2865 4033 2918 διενει-

2448 2975 2641 3044 μάμην
2690 2974 2804 3035 τοῖς
2850 2970 3101 3040 πένησιν.
3152 2967 3311 3020 Ἐστι
3351 2964 3408 3018 δέ
3448 2980 3538 3034 μοι
3585 2959 3687 3014 uel.
3722 2956 3923 3028 συχνὸς
3956 2955 4031 3007 ἔτι

2444 3067 2673 3130 πλοῦτος
2706 3067 2764 3119 ἑν
2791 3062 3021 3135 ἀργύρῳ
3071 3078 3128 3114 τε
3170 3058 3268 3113 καὶ
3301 3056 3511 3128 χρυσῷ,
3547 3052 3682 3107 πολύ
3713 3068 3773 3103 τε
3810 3047 4029 3103 οἰκείων

766 3169 976 3225 magna:
1005 3152 1207 3207 divitia:
1240 3151 1292 3202 in
1324 3161 1459 3201 auro
1492 3154 1548 3201 et
1581 3150 1833 3215 argento,
1866 3150 1923 3195 et
1956 3154 2148 3210 magna
2199 3136 2337 3191 mul-

2450 3159 2686 3229 πλῆθος,
2718 3156 2895 3209 πολλὰ
2929 3154 2986 3206 δὲ
3018 3154 3277 3223 κτήματα
3313 3148 3409 3202 καὶ
3438 3144 3790 3217 βῡσκήματα,
3826 3142 3927 3194 καὶ
3956 3155 4033 3191 το-

767 3247 944 3303 titudo
996 3256 1301 3306 servorum,
1381 3238 1572 3293 multa:
1629 3246 1811 3290 autem
1864 3234 2235 3302 possessiones
2292 3238 2347 3282 et

767 3352 956 3410 greges
985 3354 999 3403 ;
1026 3349 1212 3390 verum
1248 3332 1375 3387 licet
1406 3338 1486 3384 tot
1516 3329 1654 3383 bona
1687 3324 1818 3379 mihi
1854 3332 2164 3394 suppetant,
2195 3320 2344 3375 nolui

769 3445 973 3497 tamen,
1009 3439 1066 3483 ut
1114 3426 1298 3481 inulta:
1347 3424 1467 3478 alia:
1516 3421 1775 3477 mulieres
1807 3419 2005 3482 solent,
2072 3416 2139 3471 ad
2181 3417 2345 3469 alium

770 3525 1026 3581 maritum
1061 3518 1281 3580 intueri,
1316 3516 1524 3571 etiamsi
1552 3530 1676 3570 cum
1708 3513 1895 3567 multis
1929 3509 2145 3564 casibus
2171 3516 2224 3560 ct
2257 3521 2347 3559 ea-

771 3616 1135 3678 lamitatibus,
1201 3627 1321 3679 quae
1388 3608 1567 3663 viduis
1632 3604 1855 3660 evenire
1925 3610 2345 3664 consueverunt,

772 3724 918 3779 saepe
950 3707 1052 3759 sim
1080 3702 1372 3758 colluctata
1404 3715 1415 3752 :
1453 3695 1597 3768 quod
1625 3695 1842 3765 quidem
1880 3693 1961 3747 vel
1985 3693 2158 3747 solum
2199 3689 2348 3745 sulIi-

773 3802 848 3855 cit
884 3797 949 3853 ad
983 3794 1196 3850 mollem
1226 3792 1404 3847 adhuc
1450 3800 1503 3844 et
1540 3801 1786 3843 tenerum
1827 3784 2069 3839 animum
2114 3782 2348 3837 incitan-

779 3895 909 3946 dum
970 3888 1037 3943 ad
1118 3884 1388 3942 secundas
1444 3881 1687 3952 nuptias.
1750 3878 1819 3936 Et
1881 3876 2111 3932 fortasse
2171 3874 2352 3929 nullus

776 3997 955 4037 meam
985 3980 1295 4035 damnasset
1337 3976 1705 4045 iuventutem,
1750 3985 1866 4040 quae
1907 3969 2081 4038 ipsum
2133 3966 2200 4020 ad
2249 3965 2353 4019 hoc

779 4075 1021 4131 habebat
1077 4081 1370 4142 patronum
1413 4065 1655 4122 divinum
1699 4060 2044 4133 Apostolum.
2092 4058 2197 4113 Sed
2240 4057 2355 4113 hac

782 4166 966 4223 omnia
992 4161 1376 4236 parvifaciens,
1406 4160 1460 4211 in
1494 4159 1595 4212 hoc
1623 4155 1795 4210 solum
1826 4154 2067 4209 animum
2100 4151 2351 4217 intendo,

785 4271 845 4314 ut
878 4274 1003 4314 cum
1038 4253 1257 4311 Christo
1288 4252 1390 4307 sim
1425 4266 1533 4306 una
1569 4264 1690 4305 cum
1721 4248 1941 4312 sanctis,
1967 4259 2088 4315 qua:
2126 4257 2354 4313 praeces-

785 4363 1000 4418 serunt,
1030 4347 1355 4403 mulieribus
1380 4353 1435 4399 et
1461 4340 1809 4411 martyribus.
1846 4338 1957 4406 Ego
1983 4343 2163 4388 autem
2202 4333 2357 4387 vobis

783 4449 895 4518 jam
926 4440 1168 4499 secundo
1218 4453 1476 4509 appareo.
1512 4432 1648 4488 Nam
1706 4430 1859 4503 prius
1905 4431 1957 4483 in
2011 4426 2356 4482 matrimonio

2450 3252 2663 3314 σούτοις
2691 3248 2917 3321 κομῶσα
2951 3248 3066 3310 τοῖς
3114 3242 3369 3313 ἀγαθοῖς,
3421 3241 3572 3311 ὅμως
3626 3237 3726 3306 οὐχ
3776 3234 4029 3301 εἱλόμην,

2448 3344 2588 3398 κατὰ
2620 3341 2719 3406 τὰς
2746 3340 2945 3404 πολλὰς
2973 3338 3083 3393 τῶν
3116 3335 3415 3406 γυναικῶν,
3440 3332 3576 3403 πρὸς
3610 3329 3806 3400 ἕτερον
3859 3326 4027 3395 ἀνδρα

2451 3435 2666 3506 βλέψαι,
2692 3432 2875 3485 καίτοι
2897 3448 2959 3498 γε
2988 3428 3211 3500 μυρίαις
3229 3422 3582 3495 εκεριστάσεσί
3606 3439 3665 3474 τε
3688 3419 3784 3473 καὶ
3817 3432 4031 3484 συμφο-

2452 3527 2574 3597 ραῖς
2631 3520 2718 3578 οἷα
2749 3522 2820 3576 τὰ
2850 3522 2949 3592 τῆς
3006 3518 3260 3593 χηρείας,
3291 3514 3554 3576 πολλάκις
3588 3509 4033 3569 διαπαλαίτασα,

2448 3619 2585 3689 ὅπερ
2619 3617 2805 3670 ἱκανὸν
2831 3616 2923 3668 καὶ
2958 3615 3118 3682 μόνον
3161 3607 3379 3677 ἁπαλὴν
3429 3607 3508 3659 ἔτι
3557 3606 3652 3657 καί
3683 3603 3821 3655 νέαν
3859 3599 4035 3670 ψυχὴν

2453 3710 2590 3780 πρὸς
2618 3706 2905 3775 δευτέρους
2938 3702 3152 3771 γάμους
3178 3698 3502 3768 διερεθίσαι.
3529 3694 3640 3747 Καὶ
3669 3694 3808 3756 ίσως
3866 3689 4036 3749 οὐδεὶς

2453 3804 2518 3858 ἄν
2568 3817 2669 3873 μου
2728 3798 2827 3870 τῆς
2895 3794 3149 3864 νεότητος
3212 3787 3620 3857 κατεγίνωσκεν
3676 3783 3849 3836 αὑτὸν
3907 3780 4036 3848 πρδς

2453 3895 2613 3949 τοῦτο
2664 3893 2754 3945 τὸν
2815 3890 2960 3943 θεῖον
3033 3882 3365 3938 Ἀπόστολον
3421 3877 3724 3948 συνήγορον
3782 3874 4036 3944 ἐχούσης.

2468 3985 2629 4044 Ἀλλὰ
2659 3982 2834 4037 ταῦτα
2889 3980 3020 4053 περι
3085 3977 3367 4037 ἐλάττονος
3424 3972 3603 4026 πάντα
3647 3968 3889 4037 θεμένη,
3930 3966 4036 4026 ἑνός

2457 4081 2573 4152 είμι
2636 4076 2827 4146 μόνον,
2880 4070 2973 4127 τοῦ
3034 4071 3277 4122 συνεῖναι
3308 4061 3530 4132 Χριστῷ
3578 4062 3699 4122 ταῖς
3731 4056 4040 4128 προλαεού-

2459 4146 2580 4236 σαις
2636 4169 2754 4240 ἅμα
2786 4162 3037 4236 γυναιξὶν
3092 4160 3279 4230 ἁγίαις
3336 4157 3429 4209 καὶ
3476 4154 3775 4223 μάρτυσιν.
3815 4146 3963 4216 Ἐγὼ
3991 4148 4041 4199 δὲ

2458 4266 2588 4334 ὑμῖν
2623 4239 2723 4331 ἢθη
2757 4257 3007 4325 δεύτερον
3030 4250 3401 4325 ὲμφανίζομαι
3456 4247 3511 4299 ἓν
3542 4262 3602 4298 τε
3638 4242 3717 4314 τῷ
3744 4239 3846 4296 τοῦ
3883 4240 4041 4311 προσ-

2459 4355 2651 4426 καίρου
2703 4348 2938 4419 νυμφίου
2975 4345 3138 4415 γάμῳ
3161 4383 3175 4409 ,
3207 4344 3300 4394 καὶ
3329 4338 3422 4392 νῦν
3486 4337 3542 4388 ἐν
3572 4336 3652 4402 τῷ
3703 4333 3803 4387 τοῦ
3836 4334 4042 4401 ἀφθαρ-

2456 4465 2550 4502 του
2613 4445 2707 4498 καὶ
2765 4438 3061 4505 ἀθανάτου,
3090 4437 3227 4506 πρὸς
3286 4433 3343 4486 ὃν
3398 4431 3722 4499 ἐπείγομαι,
3750 4426 3851 4478 καὶ
3879 4418 3925 4491 ᾧ
3954 4425 4041 4492 τὴν

786 4536 995 4608 sponsi,
1026 4533 1116 4604 qui
1151 4528 1355 4587 eratad
1385 4539 1597 4597 tempus
1632 4542 1644 4579 :
1679 4539 1824 4577 nunc
1869 4537 1997 4576 vero
2043 4521 2094 4573 in
2148 4518 2344 4587 nuptiis

2463 4534 2815 4610 σωφροσύνην
2876 4531 3108 4585 ἄσπιλον
3164 4528 3488 4596 ὃιετήρησα,
3541 4518 3901 4591 μαρτυρήσει
3958 4531 4041 4582 μοι

786 4626 1113 4683 immortalis
1151 4634 1206 4677 et
1245 4618 1407 4673 alieni
1434 4618 1501 4671 ab
1530 4615 1774 4679 interitu,
1808 4616 1876 4668 ad
1922 4626 2083 4680 quem
2136 4608 2356 4671 festino,

787 4732 843 4775 et
880 4720 967 4774 cui
996 4713 1395 4771 immaculatam
1428 4706 1745 4763 conservavi
1799 4701 2216 4764 continentiam,
2276 4712 2360 4751 me

791 4812 1006 4868 videtis.
1043 4809 1212 4864 Filias
1242 4819 1459 4876 quoque
1490 4804 1590 4872 ipsi
1636 4800 1832 4855 studeo
1887 4795 2254 4866 despondere,
2303 4800 2362 4845 ut

790 4920 909 4976 qua:
952 4917 1139 4959 earum
1181 4900 1463 4966 hucusque
1503 4894 1769 4964 integram
1810 4894 1874 4945 ad
1931 4890 2035 4942 hoc
2082 4887 2361 4956 virginita-

792 5010 905 5053 tem
960 4993 1351 5049 conservarim.
1405 4989 1543 5043 Hinc
1598 4984 1733 5041 mihi
1784 4983 1976 5053 plenus
2012 4992 2093 5036 est
2143 4981 2363 5035 animus

795 5086 1073 5156 voluptate
1132 5091 1187 5135 et
1216 5082 1356 5134 bona
1405 5093 1522 5147 spe.
1569 5075 1717 5145 Rogo
1747 5090 1842 5129 vos
1890 5073 2073 5144 igitur,
2110 5081 2169 5124 ut
2226 5068 2360 5123 mihi

798 5180 978 5249 potius
1017 5170 1489 5246 congratulemini,
1542 5183 1719 5237 neque
1763 5178 1868 5221 tam
1915 5166 2132 5235 abiecto
2181 5163 2362 5215 animo

796 5269 1192 5331 lamentemini,
1232 5276 1285 5320 ct
1331 5265 1461 5319 mihi
1498 5261 1871 5317 transmutctis
1900 5260 2097 5312 festum
2149 5259 2202 5309 in
2262 5256 2359 5309 tri-

799 5364 1025 5419 stitiam.
1077 5360 1247 5414 Porro
1298 5366 1475 5410 autem
1518 5353 1672 5407 vobis
1718 5368 1931 5422 quoque
1974 5350 2361 5411 consuluerim,

802 5468 860 5512 ut
887 5472 982 5511 vos
1032 5453 1274 5521 undique
1328 5446 1600 5513 muni-alis,
1652 5457 1705 5500 et
1753 5460 1999 5514 magnam
2062 5443 2365 5497 adliibcatis

797 5547 1132 5609 cautionem,
1180 5560 1269 5606 nc,
1313 5539 1464 5594 vobis
1529 5555 1635 5591 non
1687 5536 2116 5599 adverteritibus,
2158 5534 2367 5588 auferat

798 5646 922 5698 fidei
960 5644 1297 5699 thesaurum,
1329 5636 1417 5704 qui
1468 5643 1549 5687 est
1599 5634 1823 5688 callidus
1871 5630 2178 5688 sulfurandi
2234 5628 2367 5681 arti-

795 5744 905 5803 fex,
944 5748 997 5791 et
1027 5735 1323 5790 maximum
1359 5735 1506 5789 vobis
1545 5733 1649 5787 hoc
1687 5731 1943 5783 damnum
1972 5731 2183 5795 all'erat,
2221 5722 2366 5795 quod

797 5836 1054 5903 pertingit
1091 5847 1259 5901 uSque
1304 5830 1365 5883 ad
1404 5829 1570 5896 ipsam
1602 5824 1862 5880 animam.
1905 5821 2019 5877 Jam
2061 5840 2183 5877 vero
2216 5834 2363 5891 qua-

2463 4634 2557 4685 καὶ
2584 4609 2768 4692 αὐτὸς,
2794 4618 2837 4694 ᾧ
2873 4628 2966 4675 καὶ
2998 4622 3096 4683 τὰς
3131 4619 3437 4686 θυγατέρας
3458 4609 3850 4680 νυμφευθῆναι
3879 4624 4035 4662 σπου-

2462 4724 2630 4787 δάζω,
2651 4722 2781 4790 ὑγιῆ
2813 4721 2907 4772 καὶ
2938 4715 3120 4771 αὐτῶν
3149 4714 3228 4776 είς
3261 4709 3423 4779 δεῦρο
3450 4708 3549 4775 τὴν
3604 4704 3915 4775 παρθενίαν
3947 4720 4038 4772 ςυ-

2465 4814 2691 4878 λάξασα.
2723 4810 3001 4865 Ἐντεῦθεν
3032 4805 3224 4876 ἡδονῆς
3259 4801 3369 4870 ἐγὼ
3403 4802 3494 4853 καὶ
3521 4797 3780 4869 χρηστῶν
3814 4797 4040 4849 ἐλπίδων

2462 4910 2562 4979 τὴν
2595 4905 2773 4977 ψυχὴν
2830 4899 3081 4975 ἕμπλεώς
3112 4901 3247 4967 ειμι,
3297 4896 3393 4948 καί
3431 4910 3521 4964 μοι
3589 4890 3924 4960 συνήδεσθαι
3957 4888 4040 4940 καὶ

2467 5006 2609 5076 ὑμᾶς
2644 5001 2802 5067 ἀξιῶ,
2834 4997 2969 5070 μηδὲ
3018 4992 3264 5062 ἀγεννῶς
3326 4988 3469 5042 οὓτω
3524 4985 3896 5057 θρηνεῖν,καὶ
3952 4980 4040 5051 τὴν

2466 5072 2659 5165 ἑορτὴν
2688 5092 2812 5161 ἐμοὶ
2851 5089 2985 5159 πρὸς
3030 5086 3331 5156 κατήφειαν
3388 5076 3775 5151 μεταϐάλλειν.
3808 5072 4041 5142 Συμθσυο

2466 5186 2722 5256 λεύσαιμι
2749 5185 2794 5237 δ’
2827 5182 2891 5236 ἂν
2942 5179 3037 5234 καὶ
3073 5181 3202 5249 ὑμῖν
3248 5174 3447 5244 πολλὴν
3476 5168 3825 5239 πανταχόθεν
3854 5169 4039 5219 ἐπιὶεξο

2468 5280 2696 5334 κνυσθαι
2724 5278 2823 5349 τὴν
2854 5274 3174 5344 ἀσφάλειαν,
3204 5273 3277 5342 μή
3307 5288 3408 5321 που
3443 5268 3584 5338 λάθῃ
3610 5266 3703 5318 καί
3729 5282 3877 5326 τινος
3903 5263 4040 5333 ὑμῶν

2468 5377 2558 5427 τὴν
2591 5373 2691 5442 τῆς
2727 5373 2963 5432 πίστεως
3007 5367 3281 5437 θησαυρὸν
3317 5367 3343 5416 ὁ
3372 5360 3546 5422 δεινὸς
3600 5357 3935 5427 ὑποϐλέψας,
3962 5358 4040 5404 καὶ

2469 5468 2565 5537 τὴν
2602 5466 2868 5535 μεγίστην
2895 5462 3099 5528 ταύτην
3129 5458 3332 5527 ζημίαν
3379 5454 3475 5507 καὶ
3500 5455 3580 5517 εἰς
3610 5452 3785 5520 αὐτὴν
3814 5452 4039 5517 ἥκουσαν

2470 5564 2571 5630 τὴν
2598 5559 2773 5630 ψυχὴν
2808 5554 3111 5627 ζημιῶσαι.
3165 5551 3275 5604 Καὶ
3326 5552 3448 5602 ὅσαι
3477 5548 3537 5599 δὲ
3569 5548 3678 5599 τῶν
3730 5540 4037 5608 Ἕλλη-διὸων

2472 5652 2749 5723 γυναικῶν
2784 5646 3016 5702 ἐνταῦθα
3061 5645 3161 5698 καὶ
3203 5642 3499 5711 Ἑϐραΐδων
3554 5638 3775 5709 (πολλαὶ
3824 5630 4038 5699 γὰρμὲες

2474 5747 2607 5816 ὁρῶ,
2645 5745 2734 5797 ἐπὶ
2770 5746 2837 5813 τῇ
2886 5741 2984 5809 θέα
3017 5737 3255 5803 πάρεστε
3308 5735 3508 5807 ταύτῃ)
3559 5728 3904 5796 ἀποθέμεναι
3960 5744 4033 5775 22;

2478 5841 2727 5903 ύυ.εῖς,αἱ
2759 5838 2857 5902 μὲν
2889 5838 3013 5896 τοὺς
3044 5831 3283 5901 μακροὺς
3319 5828 3522 5898 μύθους
3557 5825 3651 5878 καὶ
3709 5824 3929 5895 λήρους,
3958 5822 4034 5870 καὶ
