4198 6312
230 332 366 401 1265

1367 343 1828 403 MARTYRIUM
1873 344 1930 403 S.
1970 343 2318 403 ΑΒΕΤΗΕ.

3316 339 3447 403 1266

221 446 347 508 τοὺς
392 445 626 514 ὀνόματα
682 447 838 516 μόνον
899 450 1057 512 ὖντας
1092 451 1246 514 θεοὺς
1275 469 1284 481 ·
1317 455 1371 506 αἱ
1399 455 1452 507 δὲ
1480 456 1580 526 τὴν
1612 454 1789 519 σκιὰν,
1821 463 1861 517 Α

1821 463 1861 517 Α
1896 473 2110 525 cunque
2161 458 2250 512 hic
2303 455 2433 511 estis
2477 455 2730 511 mulieres
2790 458 3038 527 gentiles,
3092 465 3147 512 et
3217 455 3453 509 Hebrawe

223 537 318 607 ὀψὲ
347 538 476 605 γοῦν
503 554 633 591 ποτε
663 541 756 592 καὶ
785 541 990 604 τ’ύπονς
1024 546 1117 595 καὶ
1146 544 1216 596 τὰ
1264 545 1525 616 αἰνίγματ
1540 567 1569 599 α
1622 565 1792 614 μετα-

227 630 427 698 μάθετε
452 629 549 700 τὴν
587 631 850 702 ἀλήθειαν
891 635 984 686 καὶ
1013 635 1087 704 τῷ
1114 637 1271 701 Λὸγω
1304 641 1400 691 καὶ
1435 639 1552 710 Θεῷ
1579 640 1656 709 τῷ
1697 642 1792 708 τῆς

228 720 456 789 Τριάδος
497 721 579 775 ἑνὶ
610 723 1027 792 προσελθοῦσαι,
1062 727 1368 798 φωτίσθητε
1417 730 1504 784 διὰ
1559 731 1656 800 τῆς
1691 732 1790 785 αὐ·

220 810 314 863 τοῦ
351 810 608 882 λατρείας
638 815 730 866 καὶ
768 815 866 882 τῆς
899 817 992 869 τοῦ
1048 818 1189 871 θείου
1248 821 1618 891 Βαπτίσματος
1665 825 1793 875 ἁνα-

216 905 548 974 γεννήσεως,
571 908 665 959 καὶ
696 905 771 978 μὴ
818 907 960 962 οὕτω
989 913 1105 973 ταῖς
1141 911 1416 976 ἀσεϐείαις
1477 914 1628 984 ὑμῶν
1670 933 1790 967 συν-

217 990 513 1060 απόλησθε.

1891 551 2097 616 (multae
2121 551 2288 613 enim,
2321 557 2380 603 ut
2403 547 2581 612 video,
2614 549 2702 603 hic
2727 547 2930 603 adestis
2952 548 3016 602 ad
3037 546 3454 617 spectaculum).

1890 655 1986 694 vos
2047 655 2262 709 quoque
2338 639 2620 710 depositis,
2684 639 2914 711 gentiles
2966 639 3206 709 quidem,
3283 638 3458 705 longis

1892 731 2088 786 fabulis
2138 741 2194 786 et
2227 733 2405 802 nugis,
2449 742 2504 786 et
2553 730 2679 794 diis,
2730 732 2822 802 qui
2859 741 2987 786 sunt
3034 731 3146 784 solo
3184 731 3403 784 nomine
3440 744 3455 782 ι

1894 825 2132 877 Hebraea:
2171 834 2374 888 autem,
2409 825 2604 878 umbra
2652 823 2867 879 tandem
2917 833 2973 878 et
3017 823 3200 894 figuris
3240 826 3289 877 et
3325 822 3456 876 aani-

1897 917 2185 986 gmatibus,
2222 917 2423 972 discite
2448 917 2756 980 veritatem,
2790 915 3181 972 ctaccedentes
3225 914 3289 967 ad
3324 912 3457 968 Ver-

1894 1009 2022 1062 bum
2049 1017 2105 1062 et
2138 1009 2332 1074 Deum,
2365 1009 2456 1077 qui
2503 1017 2588 1062 est
2643 1023 2786 1062 unus
2838 1005 3141 1066 Trinitatis.
3193 1021 3290 1073 per
3333 1005 3454 1071 eius

217 1083 422 1137 cultum
471 1084 855 1143 illuminemini
901 1099 956 1143 ct
985 1089 1152 1145 divini
1195 1091 1536 1161 baptismatis
1578 1095 2068 1165 regenerationem,
2102 1112 2279 1167 neque
2322 1097 2398 1153 sic
2436 1097 2596 1152 simul
2661 1095 2897 1167 pereatis
2945 1096 2997 1151 in
3033 1094 3226 1151 vestris
3272 1092 3468 1162 impie-

221 1179 444 1232 tatibus.

288 1270 388 1324 lE'.
431 1273 617 1327 Ταῦτα
661 1276 763 1346 τῆς
819 1278 1096 1348 μάρτυρος
1149 1282 1244 1334 καὶ
1305 1283 1441 1338 ἄλλα
1472 1285 1640 1340 πλείω
1668 1291 1790 1352 ταῖς

218 1360 600 1427 συνελθούσαις
633 1368 845 1432 γυναιξι
899 1367 1304 1438 διαλεγομένης.
1363 1375 1506 1440 τινὲς
1560 1376 1670 1430 τῶν
1723 1377 1791 1431 τὰ

217 1453 484 1523 βασιλέως
519 1459 856 1526 φρονούντων
885 1460 1078 1532 ἐκείνῳ
1111 1466 1625 1533 προσαγγειλάντων
1650 1469 1790 1522 αὐτὰ

215 1547 310 1598 καὶ
342 1547 421 1600 ὅτι
456 1547 764 1619 διαστρέφοι
809 1551 870 1603 τδ
899 1552 1120 1622 πλῆθος.
1169 1554 1230 1609 '0
1260 1555 1513 1626 βασιλεὺς
1554 1561 1647 1613 καὶ
1692 1555 1790 1612 αὖ·

215 1635 304 1699 θις
335 1636 673 1706 μετάκλητον
716 1640 888 1710 αὐτὴν
945 1645 1316 1714 ποιησάμενος
1358 1649 1450 1700 καὶ
1480 1649 1568 1701 τὸν
1616 1653 1788 1720 πρᾶον

1961 1283 2075 1340 XV.
2118 1284 2251 1341 Cum
2309 1294 2511 1356 martyr
2557 1285 2669 1340 hzec
2700 1296 2756 1340 et
2787 1285 2886 1338 alia
2919 1285 3068 1352 plura
3104 1283 3309 1338 diceret
3337 1297 3456 1335 mu-

1889 1377 2134 1437 lieribus,
2179 1375 2399 1444 quidam
2433 1390 2498 1429 ex
2539 1361 2625 1437 iis,
2656 1375 2744 1444 qui
2788 1391 2910 1429 cum
2957 1389 3081 1440 rege
3122 1373 3455 1432 sentiebant.

1891 1466 1964 1521 illi
2002 1465 2116 1520 haec
2146 1465 2546 1528 renuntiarunt,
2581 1474 2636 1519 et
2661 1464 2804 1534 quod
2834 1471 3174 1533 perverteret
3210 1462 3458 1516 multitu-

1889 1558 2095 1612 dinem.
2145 1554 2258 1611 Rex
2294 1557 2496 1626 itaque,
2532 1572 2592 1610 ea
2638 1572 2825 1611 rursus
2867 1554 3148 1617 accersita,
3195 1553 3456 1607 simulans

1895 1650 2369 1706 mansuetudinem
2416 1648 2686 1720 :Magna,
2723 1649 2915 1718 inquit,
2969 1663 3100 1702 usus
3145 1663 3264 1702 sum
3303 1648 3357 1700 in
3403 1655 3455 1701 te

215 1725 556 1796 ὑποκριθείς,
594 1728 791 1798 Πολλῇ.
834 1733 1016 1801 φησὶν,
1071 1737 1392 1806 ἐχρησάμην
1453 1737 1544 1791 ἐπί
1596 1756 1677 1792 σοι
1721 1743 1786 1810 τῇ
1822 1757 1861 1810 Β

1822 1757 1861 1810 Β
1895 1743 2167 1813 patientia,
2201 1743 2303 1798 hoc
2331 1744 2582 1798 consulto
2606 1752 2660 1797 et
2693 1757 2798 1796 non
2825 1740 3228 1796 inconsiderate
3251 1737 3454 1793 faciens

221 1819 596 1889 μακροθυμίᾳ,
645 1823 872 1893 προνοίᾳ
926 1826 1086 1880 τοῦτο
1135 1829 1504 1902 φιλανθρώπῳ
1561 1833 1654 1884 καὶ
1688 1832 1787 1886 οὐκ

216 1910 426 1978 ἀλόγως
458 1911 645 1976 ποιῶν,
669 1915 836 1986 ὅπως,
869 1919 917 1972 εί
941 1920 1014 1992 μή
1046 1936 1098 1973 τι
1124 1919 1268 1985 ἄλλο,
1295 1921 1430 1975 ἀλλὰ
1455 1926 1567 1984 τοῖς
1596 1924 1683 1976 ἐπὶ
1709 1923 1789 1976 σοὶ

219 2002 314 2052 καὶ
340 2002 460 2063 ταῖς
485 2000 788 2076 θυγατράσι
819 2011 1242 2080 καταχεαμένοις
1270 2011 1530 2083 δάκρυσιν
1561 2014 1785 2068 ἐπικλα-

219 2093 428 2155 σθεῖσα,
457 2096 735 2167 πεισθείης
760 2101 912 2168 ἡμῖν.
951 2102 1013 2154 Ἦ
1035 2102 1114 2154 δέ’
1142 2102 1250 2155 Καὶ
1282 2102 1364 2166 τίς
1398 2121 1487 2172 με,
1521 2103 1647 2174 ειρη,
1677 2123 1790 2158 πει-

220 2181 438 2233 σθεῖσαν
473 2201 575 2251 σοι,
609 2187 849 2256 βασιλεῦ,
882 2191 973 2243 τοῦ
1007 2191 1178 2262 πυρὸς
1214 2193 1438 2262 ῥύσεται
1492 2197 1589 2249 τοῦ
1623 2197 1787 2250 ἀσϐέ-

225 2289 353 2324 στου
384 2289 401 2336 ;
436 2274 622 2340 Οὕτως
655 2278 823 2346 ἔλεξε,
856 2282 1040 2345 misi;
1070 2283 1294 2353 οὐρανὸν
1313 2285 1470 2349 εὐθὺς
1501 2287 1786 2353 ἀπιδοῦσα,

217 2364 310 2432 Μὴ
342 2366 552 2431 γένοιτό
589 2387 698 2438 μοι,
733 2373 920 2441 φησὶν,
976 2373 1211 2428 ἀθάνατε
1259 2377 1504 2446 βασιλεῦ,
1541 2380 1790 2450 ἀπαρνή-

219 2459 419 2512 σασθαί
467 2477 524 2513 σε
561 2464 652 2516 τὸν
687 2465 778 2516 τοῦ
825 2464 958 2519 Θεοῦ
1005 2470 1268 2538 μονογενῆ
1306 2471 1454 2535 Υίδν,
1511 2474 1602 2524 καὶ
1633 2474 1789 2544 ἀνδρὶ

218 2551 530 2620 πεισθῆναι,
587 2553 664 2623 τῷ
717 2555 776 2608 σέ
823 2573 882 2609 τε
946 2559 1290 2628 ἀθετήσαντι,
1330 2563 1424 2615 καὶ
1478 2563 1786 2635 ὲπιορκίαις

213 2643 364 2711 ἡμᾶς
388 2646 752 2716 ἀπατήσαντι.
784 2651 894 2718 Τὴν
923 2655 1235 2723 παρρῃσῖαν
1261 2656 1442 2708 τοίνυν
1469 2659 1495 2710 ὁ
1536 2657 1786 2729 Ἐϐραῖος

213 2733 313 2796 τῆς
338 2735 593 2798 γενναίας
626 2738 725 2788 οὐκ
759 2740 1020 2808 ἐνεγκὼν,
1048 2742 1185 2796 ἀλλὰ
1213 2744 1314 2813 τὴν
1345 2747 1548 2816 σκηνὴν
1582 2750 1678 2801 καὶ
1727 2750 1786 2802 τὸ

217 2820 439 2890 πλάσμα
475 2823 662 2890 λύσας,
712 2831 801 2878 καὶ
831 2830 1021 2899 ἄγριόν
1051 2850 1100 2884 τι
1152 2833 1354 2904 βλέψας
1397 2837 1490 2889 καὶ
1520 2839 1738 2904 φονικὸν
1771 2881 1784 2905 ,

216 2911 609 2985 Τολμηροτὰτη
655 2912 952 2984 γυναικῶν,
981 2923 1104 2992 ἔφη,
1156 2923 1263 2992 ἐγώ
1301 2943 1393 2978 σου
1426 2929 1522 2989 τὰς
1578 2930 1785 2998 σάρκας

213 3005 341 3074 ἄρτι
369 3007 678 3075 καταξανῶ,
721 3012 813 3064 καὶ
862 3013 1257 3086 διαῷηλαιρήσω
1309 3017 1375 3070 τὰ
1427 3019 1653 3087 ἔγκατα,
1689 3022 1784 3074 καὶ

1891 1844 2110 1905 propter
2135 1834 2546 1904 benignitatem,
2577 1843 2633 1888 ut
2666 1833 2836 1888 fracta
2873 1831 3145 1902 lacrymis,
3176 1846 3295 1900 qua:
3330 1846 3457 1899 pro-

1890 1935 2008 1996 pter
2047 1936 2097 1980 te
2136 1924 2460 1989 funduntur,
2495 1933 2546 1979 et
2576 1933 2797 1994 propter
2843 1922 2998 1986 filias,
3046 1921 3202 1976 nobis
3239 1935 3455 1989 pareas.

1890 2018 1981 2071 llla
2024 2028 2201 2073 autem
2237 2037 2251 2070 :
2286 2017 2418 2082 Quis
2468 2033 2575 2082 me,
2627 2015 2820 2086 inquit,
2847 2029 2880 2069 ο
2907 2029 3019 2072 rex.
3052 2015 3096 2067 si
3134 2013 3228 2066 tibi
3265 2028 3451 2082 parue-

1890 2107 2010 2171 rim,
2051 2107 2293 2161 liherarit
2333 2108 2398 2160 ab
2441 2108 2586 2177 igne,
2635 2107 2726 2178 qui
2773 2121 2882 2159 non
2921 2113 3099 2174 potest
3141 2101 3460 2172 exstingui?

1890 2196 1978 2252 Sic
2009 2197 2163 2260 dixit,
2196 2209 2247 2250 et
2276 2197 2470 2250 cmlum
2505 2198 2686 2251 statim
2716 2197 2932 2250 intuens
2975 2213 2986 2248 :
3048 2193 3222 2256 Absit,
3261 2193 3456 2261 inquit,

1891 2305 1923 2343 ο
1952 2286 2060 2343 Rex
2088 2290 2425 2352 immortalis,
2459 2297 2518 2344 ut
2555 2300 2604 2343 re
2646 2304 2860 2358 negem,
2907 2287 2998 2356 qui
3047 2299 3106 2340 es
3154 2287 3302 2339 solus
3337 2284 3460 2338 uni-

1893 2381 2103 2451 genitus
2142 2381 2236 2434 Dei
2275 2381 2462 2441 Filius,
2511 2390 2564 2434 et
2609 2380 2824 2435 credam
2873 2379 3010 2440 viro,
3053 2377 3144 2447 qui
3182 2387 3231 2431 te
3269 2375 3457 2431 habuit

1893 2473 2247 2540 contemptui,
2293 2483 2347 2527 et
2391 2488 2488 2526 nos
2533 2473 2747 2540 decepit
2795 2471 3062 2539 periurio.
3103 2468 3220 2524 Non
3274 2469 3456 2523 ferens

1891 2565 2071 2635 itaque
2115 2565 2372 2621 Hebraeus
2416 2565 2721 2620 libertatem
2758 2563 3015 2634 loquendi
3061 2577 3338 2633 generosae
3372 2561 3452 2616 fe~

1893 2659 2073 2720 minae,
2104 2658 2198 2714 sed
2227 2659 2469 2728 deposita
2503 2674 2686 2720 scena,
2719 2665 2774 2712 et
2804 2658 2978 2712 ablata
3007 2657 3244 2716 fictione,
3271 2662 3456 2708 torve-

1891 2766 1995 2818 que
2029 2765 2148 2803 eam
2183 2761 2239 2804 et
2271 2749 2470 2804 furiose
2517 2751 2735 2804 intuens
2773 2766 2786 2801 :
2827 2747 3219 2812 Audacissima,
3263 2744 3458 2814 inquit,

1890 2842 2106 2905 mulier,
2152 2858 2251 2912 ego
2301 2843 2393 2896 tibi
2427 2844 2536 2912 jam
2576 2857 2767 2896 carnes
2809 2841 3110 2909 discerpam
3153 2854 3216 2893 ac
3248 2838 3463 2893 dilace—

1891 2931 2046 2992 rabo,
2098 2940 2152 2985 et
2200 2931 2454 2986 intestina
2503 2929 2854 2984 contrectabo
2892 2949 2904 2984 :
2941 2939 2995 2983 et
3039 2928 3084 2983 si
3128 2926 3256 2996 quid
3297 2925 3462 2979 exiis

1893 3024 2055 3077 fuerit
2095 3024 2383 3092 reliquum,
2418 3022 2466 3075 id
2497 3037 2764 3092 apponam
2807 3020 3175 3076 devorandum
3211 3017 3459 3074 canibus.

216 3097 273 3148 εἴ
294 3115 343 3150 τι
374 3100 429 3153 δὲ
480 3103 684 3156 τούτων
723 3105 1038 3178 ὑπολειφθῇ,
1067 3111 1192 3162 κυσὶ
1227 3110 1526 3182 παραθήσω
1556 3114 1782 3183 τροερήν.
1812 3085 1856 3144 c

1812 3085 1856 3144 θ
1894 3113 2099 3170 Videbo
2125 3125 2334 3178 autem,
2358 3115 2607 3184 quisnam
2648 3123 2700 3168 te
2733 3113 2805 3167 sit
2837 3127 2866 3166 e
2891 3112 3024 3166 meis
3057 3111 3306 3165 manibus
3337 3124 3458 3163 ere-

218 3191 329 3244 Καὶ
359 3192 452 3246 ίδω
483 3195 564 3256 τίς
596 3199 623 3248 ὁ
676 3200 784 3250 τῶν
830 3201 975 3271 ἐμῶν
1031 3201 1418 3270 ἐξαιρούμενός
1455 3223 1514 3257 σε
1567 3206 1784 3276 χειρῶν,

219 3282 328 3334 κᾶν
375 3286 422 3336 εί
474 3287 542 3338 τὰ
593 3287 823 3355 μάλιστα
861 3289 1146 3359 σύμμαχον
1200 3296 1546 3363 παρσστῆναί
1582 3313 1663 3348 σοι
1695 3300 1786 3348 τὸν

215 3371 536 3444 Ναζωραῖον
565 3375 777 3446 ἄμαχον
804 3382 1127 3453 προσδοκᾷς.
1165 3382 1425 3437 Ἐνταῦθα
1445 3384 1518 3456 μὴ
1555 3386 1786 3455 ἀνασχο-

219 3463 359 3534 μένη
389 3465 496 3518 τῶν
525 3467 616 3521 τοῦ
655 3473 852 3540 μιαροῦ
885 3474 1060 3543 λόγων
1091 3478 1123 3546 ἡ
1158 3478 1350 3548 πρώτη
1398 3479 1505 3532 τῶν
1555 3477 1788 3547 θυγατέ-

215 3573 330 3626 ρων
359 3557 460 3628 τῆς
492 3562 789 3631 μάρτυρος,
817 3567 1120 3620 δωδέκατον
1154 3571 1252 3640 ἤδη
1304 3587 1408 3622 που
1439 3571 1538 3640 τῆς
1571 3574 1789 3642 ἡλικίας

215 3645 426 3714 ἄγουσα
461 3651 672 3717 χρόνον,
723 3653 898 3706 σιέλου
931 3655 989 3707 τὸ
1035 3659 1208 3727 στόμα
1244 3659 1520 3729 πλήσασα,
1559 3662 1787 3730 κατέχεε

212 3738 312 3804 τῆς
337 3737 510 3806 ὅψεως
533 3741 625 3793 τοῦ
653 3745 941 3813 τυράννου.
969 3750 1030 3801 Ol
1061 3750 1116 3802 δὲ
1143 3753 1582 3823 περιεστηκότες,
1610 3755 1666 3805 οὐ
1696 3755 1787 3807 τὸν

215 3829 381 3895 ζῆλον
412 3833 504 3885 καὶ
538 3835 594 3885 τὸ
627 3835 850 3900 δικαίως
877 3840 1167 3910 γενόμενον
1220 3845 1625 3903 ἐπαινέσαντες.
1656 3845 1789 3897 ἀλλὰ

219 3923 308 3975 τὸν
341 3927 531 3996 καιρὸν
562 3928 976 3998 θεραπεύονιες,
1006 3935 1175 4005 αὑτήν
1206 3952 1263 3988 τε
1293 3938 1386 3989 καὶ
1420 3934 1518 4007 τὴν
1556 3936 1788 4006 ἀδελφὴν

217 4016 416 4069 αὐτίκα
450 4021 591 4089 ξίφει
621 4022 1060 4096 διαχειρίζονται,
1100 4029 1194 4080 καὶ
1221 4032 1342 4092 ταῖς
1376 4032 1566 4099 χερσὶν
1607 4033 1670 4084 ἐκ
1695 4030 1788 4083 τοῦ

217 4112 620 4182 καταρρέοντος
678 4119 906 4187 αἵματος
960 4121 1010 4171 οἱ
1079 4121 1363 4190 θηριώδεις
1427 4123 1790 4183 ὑπολαῦόντες

215 4206 588 4274 προσφέρουσι
641 4213 704 4276 τῇ
765 4213 932 4282 μητρί
973 4212 1160 4266 ’τοῦτο
1221 4216 1526 4285 προσταγὲν
1588 4219 1651 4270 ὲκ
1697 4215 1789 4268 τὀὗ

218 4291 509 4362 βασιλέως.
559 4297 619 4348 'H
645 4298 701 4349 δὲ
751 4298 815 4363 (ὦ
840 4301 1012 4373 ψυχῆς
1043 4305 1340 4373 γενναίας)ί
1372 4306 1542 4375 ἡδέως
1571 4324 1629 4360 τε
1656 4309 1791 4358 ἀπο-

1891 3214 2106 3276 pturus,
2144 3205 2361 3260 etiamsi
2401 3205 2636 3258 maxime
2676 3213 2960 3272 exspectas
2991 3201 3106 3257 fore
3139 3210 3196 3256 ut
3237 3207 3328 3255 det
3365 3198 3462 3254 tibi

1890 3300 2148 3353 auxilium
2166 3298 2514 3352 Nazarzcnus.
2545 3295 2697 3349 Tune
2719 3294 3032 3350 exsecrandi
3068 3293 3276 3365 tyranni
3299 3293 3463 3346 verba

1891 3406 2001 3442 non
2056 3390 2234 3442 ferens
2279 3388 2450 3456 prima
2507 3385 2738 3440 filiarum
2789 3385 3062 3456 martyris,
3103 3399 3306 3438 annum
3349 3383 3462 3452 jam

1891 3497 2056 3554 agens
2085 3480 2486 3542 duodecimum,
2515 3478 2724 3548 tyranni
2755 3477 2944 3530 oculos
2967 3477 3330 3545 consputavit.
3359 3476 3460 3541 Qui

1890 3586 2072 3628 autem
2125 3567 2626 3634 circumsistebant,
2679 3585 2785 3623 non
2830 3569 3029 3632 zelum,
3078 3576 3134 3622 et
3195 3567 3270 3630 id,
3315 3567 3464 3636 quod

1887 3666 2008 3735 jure
2058 3663 2235 3717 fuerat
2293 3662 2518 3726 factum,
2571 3662 2876 3725 laudantes,
2927 3660 3020 3715 sed
3064 3659 3296 3728 tempori
3341 3674 3460 3712 ser-

1892 3757 2123 3819 vientes,
2169 3755 2340 3823 ipsam
2382 3763 2437 3807 et
2485 3768 2730 3809 sororem
2778 3767 2910 3808 ense
2946 3767 3068 3806 mox
3112 3751 3408 3806 conficiunt
3447 3771 3462 3804 :

1891 3855 1946 3900 et
1982 3859 2105 3899 cum
2133 3859 2196 3897 ex
2231 3842 2502 3898 defluente
2546 3843 2811 3912 sanguine
2860 3841 3113 3895 manibus
3159 3839 3315 3908 plane
3363 3837 3464 3892 feri

1893 3938 2144 3992 homines
2168 3934 2527 4004 accepissent,
2557 3949 2680 3989 eum
2711 3933 2870 3988 matri
2899 3932 3153 3986 otl‘erunt.
3177 3931 3288 3985 Rex
3314 3931 3459 3984 enim

1893 4031 1966 4085 ita
1996 4031 2254 4096 iusserat.
2300 4027 2388 4081 Illa
2423 4041 2550 4081 vero
2579 4026 2629 4095 (ο
2665 4026 2859 4082 fortem
2889 4035 2942 4080 et
2979 4038 3304 4097 generosum
3340 4024 3462 4076 ani-

1894 4138 2038 4175 mum
2067 4123 2080 4174 ί
2107 4123 2121 4187 )
2154 4129 2210 4174 et
2257 4120 2486 4174 libenter
2505 4135 2627 4174 cum
2669 4127 2871 4190 gustat,
2911 4127 2984 4183 et,
3009 4132 3130 4173 cum
3162 4117 3225 4171 ad
3265 4116 3462 4170 cadum

1892 4212 2201 4266 sustulisset
2232 4211 2418 4264 oculos
2457 4226 2474 4265 :
2518 4209 2661 4270 Tibi,
2706 4209 2900 4277 inquit,
2952 4208 3177 4261 Domine
3222 4207 3458 4270 Christe.

1896 4306 1998 4360 hoc
2022 4321 2200 4359 meum
2223 4304 2392 4358 ollero
2427 4301 2777 4368 sacrificium,
2810 4310 2864 4355 et
2888 4300 2981 4356 tibi
3019 4312 3282 4372 martyres
3307 4301 3464 4355 exhi-

217 4385 464 4454 γεύεται,
503 4394 595 4441 καὶ
642 4392 778 4461 πρὸς
815 4395 1042 4464 οὐρανὸν
1077 4398 1386 4468 ἀνασχοῦσα
1434 4400 1559 4461 τοὺς
1589 4399 1790 4465 ὀφθαλ-
1825 4431 1867 4486 υ

1825 4431 1867 4486 υ
1896 4401 1998 4455 beo
2019 4407 2194 4453 castas
2220 4396 2476 4467 virgines,
2500 4411 2619 4465 quae
2636 4409 2866 4465 egressae
2887 4402 3010 4448 sunt
3035 4408 3100 4446 ex
3127 4403 3282 4447 utero
3307 4408 3461 4447 meo:

221 4481 376 4548 μους,
433 4484 521 4536 Σοὶ
552 4483 648 4554 τὴν
684 4486 821 4555 ἐμὴν
855 4487 1076 4557 ταύτην,
1115 4491 1237 4560 ἔφη,
1283 4491 1526 4542 Δέσποτα
1556 4491 1782 4559 Χριστὲ,

217 4574 518 4643 προσᾳέρω
549 4575 737 4629 θυσίαν
769 4578 864 4628 καὶ
925 4579 1207 4650 μάρτυρας
1240 4581 1496 4650 παριστῶ
1529 4598 1610 4634 σοι
1645 4597 1788 4651 παρ-

218 4663 406 4726 θένους
443 4667 631 4732 ἁγνὰς,
660 4670 758 4732 τὰς
801 4672 864 4723 ὲκ
909 4673 1006 4741 τῆς
1036 4673 1234 4742 ὀσφύος
1268 4673 1332 4744 δὴ
1360 4675 1456 4743 τῆς
1511 4675 1670 4743 ἐμῆς·
1701 4669 1789 4736 αἷς

1897 4505 2020 4543 cum
2051 4489 2248 4556 quibus
2278 4502 2364 4541 me
2401 4501 2617 4560 quoquc
2645 4492 3092 4540 connumeratam
3122 4485 3373 4540 introduc
3409 4485 3466 4540 in

1900 4591 2048 4635 tuum
2078 4579 2396 4639 thalamum,
2427 4585 2504 4638 et,
2536 4584 2596 4629 ut
2617 4576 2746 4632 dicit
2770 4575 2988 4631 divinus
3019 4573 3210 4638 David,
3235 4579 3463 4630 ostende

1897 4682 2126 4726 matrem
2158 4679 2377 4740 propter
2412 4668 2548 4722 ﬁlios
2575 4668 2870 4724 latentem.

219 4760 370 4829 κάμὲ
399 4763 832 4835 συναριθμήσας.
889 4769 946 4822 ὲν
976 4767 1052 4838 τῷ
1084 4769 1334 4840 νυμφῶνι
1366 4769 1443 4842 τῷ
1475 4769 1553 4841 σῷ
1606 4768 1967 4837 συνεισάγαγε
1993 4781 2007 4796 '
2069 4767 2164 4820 καὶ
2223 4767 2285 4820 τὸ
2341 4762 2434 4815 τοῦ
2469 4762 2612 4815 θείου
2645 4760 2829 4827 Δαυῒδ,
2885 4759 3096 4831 μητέρα
3143 4759 3317 4825 δεῖξον
3369 4763 3463 4814 ἐπὶ

217 4859 432 4919 τέκνοις
461 4857 918 4934 εὐφραινομένην.

296 4955 408 5021 ις’.
441 4958 548 5012 Καὶ
576 4960 603 5011 ὁ
637 4959 906 5029 βασιλεὺς,
942 4963 1230 5034 βαρυτάτῳ
1282 4966 1492 5036 κέντρῳ
1521 4966 1618 5035 τῆς
1662 4966 1796 5018 ἀθυ-

227 5051 357 5116 μίας
381 5049 630 5118 πληγεὶς,
653 5053 746 5106 ἅτε
766 5055 943 5118 πάσας
970 5058 1240 5124 ἀπογνοὺς
1265 5058 1360 5121 τὰς
1388 5058 1608 5121 ἐλπίδας
1635 5060 1796 5123 ,ἀπο-

222 5141 479 5208 φαίνεται
522 5145 640 5195 κατ’
671 5147 862 5214 αὐτῆς.
889 5150 1062 5200 τοιάδε
1097 5152 1232 5219 πρὸς
1260 5151 1386 5215 τοὺς
1433 5152 1692 5214 συνόντας
1719 5151 1794 5204 εί-

223 5234 378 5286 πών·
425 5236 848 5304 Ἐθαυμασαμεν
872 5239 968 5290 τοῦ
1003 5241 1226 5302 κάλλους
1283 5243 1450 5312 αὐτὴν
1476 5258 1533 5294 τε
1571 5242 1664 5295 καὶ
1695 5244 1793 5302 τὰς

221 5324 531 5395 θυγατέρας
562 5327 729 5396 αὐτῆς
761 5326 1102 5397 (ὁμολογήσω
1136 5330 1242 5399 γὰρ
1261 5327 1554 5398 τ’ἁληθές)·
1615 5329 1791 5398 πολλῷ

221 5414 282 5468 δὲ
316 5414 408 5467 τοῦ
442 5417 716 5486 σώφρονος
762 5417 941 5469 αὐτῶν
972 5417 1130 5471 πλέον
1162 5420 1400 5491 ἦττημαι
1424 5421 1518 5472 καὶ
1543 5420 1790 5488 κοσμίου.

226 5509 338 5562 Καὶ
368 5508 453 5561 διὰ
481 5510 640 5562 τοῦτο
671 5508 974 5578 θαυμάζειν
1017 5527 1107 5580 μοι
1154 5511 1386 5574 ἔπεισιν,
1417 5513 1497 5574 είς
1530 5511 1653 5564 ὅσον
1683 5513 1788 5581 ἄρα

227 5600 429 5668 μανίας
483 5601 529 5652 οἱ
565 5600 882 5667 Χριστιανοὶ
936 5600 1342 5670 κεχωρήκασιν,
1393 5601 1467 5662 ὡς
1523 5599 1792 5668 ἀνθρώπῳ

227 5689 521 5760 προσέχειν
550 5687 808 5757 βιοθανεῖ,
837 5688 930 5741 καὶ
954 5693 1050 5761 τὴν
1076 5690 1283 5743 οἰκείαν
1305 5691 1621 5761 ἐπιτρέπειν
1644 5688 1790 5759 αὑτῷ

229 5780 525 5847 σωτηρίαν,
561 5779 748 5850 πλάνῳ
777 5781 873 5834 καὶ
915 5783 1069 5850 γόητι
1129 5784 1424 5852 γενομένῳ,
1467 5783 1556 5836 καὶ
1613 5783 1787 5852 μάτην

227 5872 421 5932 ἑαυτὸν
448 5871 721 5930 ἀνειπόντι
757 5874 907 5930 Θεό-ι.

1967 4960 2106 5016 XVI.
2158 4961 2268 5015 Rex
2316 4969 2492 5012 autem
2543 4956 2862 5027 gravissimo
2906 4955 3242 5026 aegritudinis
3294 4954 3464 5010 animi

1893 5056 2116 5112 Stimulo
2143 5054 2438 5116 sauciatus,
2479 5063 2536 5105 ut
2562 5053 2652 5119 qui
2692 5065 2909 5104 omnem
2951 5047 3100 5118 spem
3131 5049 3288 5117 plane
3313 5047 3463 5116 abje-

1893 5149 2076 5210 cisset,
2101 5147 2155 5199 in
2180 5160 2296 5200 eam
2329 5145 2430 5198 fert
2457 5129 2806 5206 sententiam,
2835 5156 2956 5195 cum
2979 5141 3092 5194 haec
3119 5138 3346 5192 dixisset
3371 5139 3459 5199 iis.

1890 5237 1981 5307 qui
2029 5237 2188 5290 simul
2239 5246 2392 5288 erant
2424 5251 2436 5286 :
2468 5234 2596 5301 Ejus
2635 5231 2854 5300 quidem
2895 5241 2950 5284 et
2995 5230 3223 5283 filiarum
3280 5228 3464 5282 mirati

1896 5343 2084 5382 sumus
2115 5327 2570 5397 pulchritudinem
2603 5328 2810 5395 (verum
2836 5323 2985 5377 enim
3021 5321 3272 5390 fatebor),
3295 5321 3464 5374 multo

1895 5431 2074 5474 autem
2113 5423 2282 5489 magis
2314 5419 2483 5472 ιιι-ως
2529 5433 2646 5471 sum
2691 5415 2758 5469 ab
2788 5432 2972 5470 earum
3022 5413 3380 5484 temperantia
3407 5422 3466 5468 et

1896 5513 2287 5566 moderatione.
2321 5511 2384 5563 Et
2417 5510 2537 5563 ideu
2568 5508 2699 5561 mihi
2738 5508 2884 5561 venit
2918 5507 2969 5559 in
3003 5514 3239 5559 mentem
3290 5506 3462 5559 admi-

1894 5603 2107 5664 rari,ad
2141 5612 2396 5670 quantam
2420 5603 2707 5651 amentiam
2743 5593 3460 5666 processeruntChristiani,

1895 5705 1950 5747 ut
1997 5693 2176 5745 colant
2224 5691 2520 5752 hominem,
2553 5689 2642 5756 qui
2697 5695 2870 5740 morte
2921 5687 3079 5756 periit
3119 5686 3374 5747 violenta,
3407 5701 3461 5740 et

1899 5801 2049 5838 suam
2077 5783 2123 5836 ei
2157 5782 2474 5852 permittant
2505 5778 2753 5840 salutem,
2779 5778 2870 5847 qui
2899 5777 2998 5833 fuit
3035 5777 3225 5846 planus
3252 5787 3304 5832 et
3328 5791 3466 5846 prm-

1894 5878 2158 5948 stigiator,
2196 5882 2247 5928 et
2281 5889 2336 5928 se
2368 5871 2532 5926 Deum
2573 5881 2773 5928 temere
2796 5870 3103 5940 appellarit.
