4198 6312
750 339 874 403 1271

2010 340 2288 399 MENSIS
2332 336 2689 406 QCTOBER.

3841 338 3980 403 1272

748 454 901 508 deret
924 452 1296 524 unusquisque
1334 463 1598 519 vestrum,
1634 464 1860 507 mortem
1892 466 2008 505 esse
2026 462 2310 503 commune
2343 450 2385 504 A

2343 450 2385 504 Λ
2416 452 2643 506 θανάτου
2673 456 2826 525 χρέος
2882 455 2975 508 καὶ
3006 456 3109 524 νέῳ
3149 457 3240 509 καὶ
3274 456 3507 524 γέροντι,
3538 456 3633 508 καὶ
3661 456 3977 526 ἀπαραίτη-

744 546 1008 609 debitum,
1068 556 1122 600 et
1167 546 1351 614 juveni
1388 554 1441 600 et
1480 546 1619 609 Seni,
1664 556 1717 604 et
1763 560 1884 598 esse
1946 541 2305 596 inevitabile-ut

747 635 991 705 corporis
1023 635 1456 691 dissolutionem.
1486 637 1670 706 Itaque
1696 652 1801 690 non
1826 641 2167 704 exspectetur
2190 632 2309 686 finis

745 727 1070 789 communis,
1102 738 1155 782 et
1207 729 1299 797 qui
1355 746 1450 784 sua
1492 738 1688 798 sponte
1745 729 1928 791 venit;
1959 727 2049 782 sed
2098 725 2310 780 studeat

744 818 991 883 quilibet,
1024 828 1082 872 ut
1124 819 1199 873 sit
1234 836 1393 888 quam
1441 820 1555 874 ﬁeri
1592 819 1787 888 poterit
1816 818 2080 889 gloriosus
2108 826 2162 870 et
2187 817 2311 869 bea-

745 920 851 963 tus.
891 910 1158 975 Quidnam
1187 922 1369 966 autem
1398 911 1593 966 dixerit
1618 911 1882 980 quispiam
1910 907 2167 978 martyrio
2193 906 2309 976 glo-

743 1001 959 1067 riosius,
1000 1011 1092 1056 aut
1135 1002 1519 1071 quaestuosius,
1551 1010 1643 1057 aut
1688 1002 1791 1072 piis
1821 999 2132 1055 hominibus
2184 997 2311 1051 bea-

745 1093 894 1147 tius?
926 1094 1036 1164 Ego
1071 1093 1237 1154 enim.
1270 1094 1312 1149 si
1371 1094 1485 1149 ﬁeri
1538 1101 1745 1165 posset,
1779 1100 2002 1162 propter
2031 1090 2309 1145 Christum

747 1184 884 1237 mori
914 1198 1056 1253 sa'pe
1096 1193 1148 1238 et
1193 1185 1308 1254 ipse
1364 1184 1640 1254 eligerem,
1678 1192 1730 1237 et
1780 1182 1898 1235 aliis
1945 1179 2307 1243 consulerem,

744 1275 930 1342 sicque
956 1283 1097 1329 esset
1142 1285 1198 1330 et
1245 1275 1417 1343 major
1452 1275 1640 1343 gloria,
1673 1283 1723 1326 et
1766 1273 1971 1327 lucrum
2026 1272 2184 1341 longe
2220 1284 2311 1324 co-

743 1367 972 1435 piosius.
1005 1365 1110 1421 Sed
1150 1383 1275 1421 cum
1310 1367 1412 1420 hoc
1445 1364 1629 1420 haberi
1664 1379 1772 1419 non
1818 1364 1989 1430 possit
2034 1378 2062 1416 a
2096 1372 2309 1425 natura,

741 1458 907 1526 quod,
941 1458 1024 1512 vel
1043 1458 1246 1511 invitus
1278 1456 1455 1523 nobis,
1488 1457 1575 1511 illa
1596 1472 1658 1511 ex
1691 1472 1747 1511 se
1772 1455 1917 1517 facit,
1946 1454 2313 1523 praeripiamus

742 1564 864 1604 cum
895 1550 1060 1620 gloria
1092 1568 1103 1602 :
1131 1559 1185 1604 et
1220 1550 1271 1603 id
1303 1561 1553 1618 tanquam
1582 1548 1857 1618 proprium
1895 1547 2308 1607 constituentes,

742 1651 918 1695 astute
967 1642 1210 1696 fallamus
1258 1643 1657 1697 necessitatem.
1707 1640 1894 1695 Nullus
1942 1648 2225 1699 nostrum,
2281 1652 2313 1690 o

743 1734 958 1800 fratres,
994 1734 1217 1789 sitadeo
1239 1735 1359 1789 vita:
1392 1735 1643 1805 cupidus,
1672 1742 1726 1788 et
1754 1738 1891 1788 adeo
1919 1727 2094 1800 pusilli
2127 1741 2179 1783 et
2211 1731 2308 1785 ab-

739 1825 867 1892 jecti
892 1825 1079 1884 animi.
1107 1833 1164 1879 ut
1198 1840 1291 1892 pro
1321 1826 1471 1879 brevi
1499 1834 1553 1878 et
1581 1823 1777 1877 misera
1801 1824 1907 1876 vita
1937 1822 2120 1890 perdat
2144 1831 2306 1875 aeter-

743 1918 995 1979 nitatem,
1031 1925 1085 1970 et
1122 1932 1240 1985 qure
1298 1931 1572 1984 nunquam
1621 1915 1847 1969 solvitur
1894 1913 2304 1968 beatitudinem.

742 2009 1030 2062 Communi
1061 2009 1300 2062 omnium
1332 2008 1551 2062 inimico
1592 2024 1619 2061 a
1643 2008 1800 2061 nobis
1837 2008 1972 2060 haud
2000 2007 2156 2060 detur
2187 2021 2307 2074 pars

743 2100 940 2167 aliqua,
993 2116 1060 2152 ne
1130 2115 1249 2160 cum
1305 2116 1469 2153 unum
1499 2099 1663 2154 fuerit
1692 2098 2004 2157 snﬂuratus,
2051 2098 2309 2166 glorietur

747 2206 1055 2257 pervorsus.
1082 2203 1337 2260 tanquam
1366 2192 1453 2259 qui
1489 2206 1676 2244 omnes
1714 2191 1939 2258 ceperit.
1974 2190 2076 2242 Sed
2100 2190 2190 2257 qui
2226 2197 2309 2243 est

746 2282 967 2349 quidem
1016 2282 1159 2342 talis,
1195 2283 1380 2349 procul
1435 2281 1504 2335 sit
1532 2297 1559 2334 a
1586 2282 1753 2336 choro
1785 2290 2103 2349 martyrum,
2136 2296 2309 2348 neque

745 2372 818 2424 sit
842 2370 979 2425 falso
1026 2372 1261 2426 nominis
1293 2372 1577 2441 particeps.
1621 2369 1675 2424 Si
1712 2369 1830 2437 quis
1864 2369 2008 2423 enim
2042 2379 2112 2432 te,
2149 2370 2307 2424 Clu-i-

744 2466 827 2514 ste
855 2466 909 2514 et
958 2458 1186 2514 Verbum
1217 2461 1328 2520 Dei,
1366 2462 1645 2531 negaverit
1673 2459 1832 2529 hujus
1862 2459 1986 2513 vitae
2018 2458 2308 2523 desiderio,

744 2552 812 2605 ab
841 2551 954 2618 ipsa
988 2551 1219 2611 excidat.
1256 2559 1311 2604 et
1354 2550 1644 2605 dehiscens
1687 2565 1810 2603 eum
1859 2558 2002 2603 terra
2062 2549 2307 2605 devoret.

748 2639 802 2696 Si
835 2643 955 2711 quis
972 2654 1151 2696 autem
1190 2657 1254 2696 ex
1284 2656 1400 2695 mea
1434 2642 1778 2712 cognatione,
1806 2651 1895 2695 aut
1927 2640 2307 2709 familiaritate,

746 2734 1013 2788 desiderio
1035 2734 1298 2788 bonorum
1336 2733 1707 2802 praesentium,
1738 2742 1789 2786 te
1816 2733 1999 2788 relicto
2034 2731 2309 2796 Creatore,

746 2838 1004 2898 sequatur
1025 2826 1169 2881 hunc
1195 2826 1632 2896 regeminteritui
1662 2826 1955 2880 obnoxium
1979 2826 2272 2894 etimpium
2295 2864 2309 2891 ,

745 2935 817 2972 ne
848 2920 895 2973 ei
927 2920 1103 2981 detur,
1131 2935 1163 2973 o
1192 2918 1304 2972 Rex
1335 2920 1572 2977 Christe,
1608 2917 1693 2971 hic
1729 2918 1829 2970 frui
1886 2917 1968 2981 iis,
1990 2932 2109 2985 qua;
2125 2915 2312 2970 viden-

749 3022 836 3065 tur
886 3010 1121 3081 jucunda
1178 3021 1231 3065 et
1276 3008 1637 3074 delectabilia,
1679 3016 1735 3063 et
1780 3007 2020 3062 tradatur
2058 3007 2162 3073 iis,
2194 3024 2312 3079 qua:

747 3116 876 3158 sunt
905 3105 1032 3169 illic,
1069 3092 1375 3158 tormentis.

821 3195 933 3250 XX.
967 3193 1089 3250 limo
1113 3196 1266 3261 dixit,
1296 3208 1349 3249 et
1391 3195 1573 3249 statim
1608 3195 1861 3248 universa
1913 3193 2201 3247 multitudo
2226 3208 2313 3247 ca-

751 3288 888 3341 lidas
919 3286 1205 3340 etIundens
1234 3285 1520 3355 lacrymas,
1575 3285 1702 3337 Es‘to
1730 3285 1879 3337 bono
1907 3283 2111 3345 animo,
2140 3283 2313 3336 excla-

752 3379 935 3432 mavit.
964 3376 1129 3431 Nemo
1157 3377 1299 3431 enim
1347 3385 1395 3429 te
1434 3375 1682 3440 deseret;
1729 3390 1852 3427 nam
1912 3375 2011 3436 tui,
2047 3383 2103 3428 ttt
2142 3375 2311 3439 vides,

749 3470 1015 3523 desiderio
1048 3484 1237 3523 omnes
1268 3468 1348 3522 vel
1394 3478 1519 3521 ante
1566 3477 1617 3522 te
1654 3467 1788 3521 mori
1842 3482 2229 3535 properamus.
2262 3477 2317 3519 et

753 3565 1039 3632 prmripere
1066 3564 1209 3628 hunc
1238 3562 1452 3616 beatum
1487 3564 1645 3613 linem
1679 3568 1732 3612 et.
1762 3558 2193 3611 desiderabilem.
2224 3557 2316 3613 lll‘e

755 3665 935 3708 autem
988 3655 1053 3708 ad
1099 3655 1213 3707 haec
1242 3671 1255 3705 :
1287 3655 1413 3723 Ego,
1440 3654 1516 3708 ait
1565 3652 1838 3716 omnibus,
1877 3668 1974 3721 ego
2007 3668 2101 3706 vos
2128 3669 2317 3706 omnes

752 3740 1073 3809 praecedam,
1104 3749 1158 3793 et
1202 3754 1297 3793 ero
1333 3739 1485 3793 vobis
1526 3740 1579 3793 in
1608 3740 1717 3794 Deo
1748 3750 1928 3794 certus
1954 3742 2052 3794 viae
2081 3741 2208 3795 dux.
2248 3741 2319 3796 Ut

750 3847 851 3887 vos
880 3830 1011 3886 mihi
1040 3832 1241 3899 primas
1263 3831 1633 3887 conceditisin
1657 3832 1928 3895 omnibus,
1967 3832 2036 3886 ita
2068 3849 2163 3886 vos
2189 3835 2316 3887 tnihi

752 3925 1056 3987 concedite,
1090 3933 1148 3977 ut
1184 3924 1387 3992 primus
1419 3924 1485 3977 ad
1512 3924 1785 3977 Christum
1814 3924 2085 3979 accedam.
2119 3926 2315 3979 Verum

752 4015 1035 4070 enimvero
1066 4015 1167 4069 hoc
1190 4030 1409 4084 quoque
1430 4014 1584 4069 vobis
1600 4015 1849 4069 ultimum
1869 4014 1941 4070 do
1970 4016 2314 4069 mandatum:

752 4107 808 4163 Si
837 4110 956 4179 quis
981 4124 1223 4163 meorum
1256 4108 1509 4173 filiorum,
1537 4116 1631 4163 aut
1658 4123 1867 4172 eorum,
1910 4107 1999 4177 qui
2028 4122 2224 4178 genere
2251 4106 2318 4161 ad

754 4217 841 4256 me
874 4203 1125 4267 attinent,
1164 4202 1386 4256 relictus
1406 4200 1586 4263 fuerit,
1614 4215 1941 4269 permanens
1964 4201 2017 4252 in
2058 4200 2161 4254 hoc
2185 4216 2319 4268 puro

755 4293 903 4347 cultu
949 4291 1401 4356 Christianorum,
1455 4294 1525 4347 sit
1575 4292 1746 4346 haeres
1797 4306 2042 4345 mearum
2100 4290 2320 4344 facultao

758 4397 894 4440 tum.
935 4383 1106 4438 Porro
1133 4394 1314 4439 autem
1347 4394 1459 4438 tres
1512 4384 1628 4437 illas
1671 4399 1735 4437 ex
1800 4383 1887 4447 iis,
1914 4400 2033 4453 qua:
2069 4383 2197 4437 mihi
2238 4399 2321 4436 re-

752 4487 917 4541 stant,
954 4476 1324 4546 possessiones
1380 4475 1772 4545 pulcherrimas
1816 4476 1938 4529 volo
1985 4476 2204 4529 attribui
2233 4491 2323 4528 ca—

754 4567 967 4622 tholica)
1013 4565 1272 4629 ecclesia,
1312 4581 1430 4634 qua:
1462 4576 1541 4620 est
1574 4565 1891 4619 aediﬁcanda
1925 4584 1936 4619 :
1968 4580 2102 4634 quas
2157 4566 2320 4617 etiam

751 4665 859 4727 jam
901 4673 1180 4712 consecro.
1230 4657 1352 4711 Haec
1384 4672 1506 4710 cum
1540 4656 1783 4723 dixisset,
1825 4665 1880 4709 et
1916 4654 2115 4725 populo
2157 4654 2321 4708 benc-

756 4750 999 4811 dixisset,
1028 4757 1106 4809 et,
1140 4749 1219 4801 Sit
1244 4748 1340 4801 tibi
1374 4748 1565 4816 gloria,
1609 4764 1640 4801 ο
1672 4747 1916 4812 Domine,
1952 4754 2173 4816 propter
2207 4760 2320 4797 om-

755 4842 863 4901 nia,
886 4838 1275 4907 subjunxisset,
1301 4852 1595 4891 conversus
1626 4836 1756 4890 dicit
1788 4836 1896 4904 regi
1936 4852 1948 4888 :
1986 4835 2170 4887 Laudo
2197 4844 2266 4895 te,
2291 4849 2324 4886 ο

755 4941 867 4989 rex,
915 4928 1061 4997 quod
1113 4942 1241 4982 usus
1280 4930 1354 4983 sis
1401 4929 1682 4997 patientia,
1718 4938 1771 4981 et
1825 4945 1933 4983 non
1988 4925 2321 4993 confuderis,

756 5025 850 5068 aut
873 5016 1229 5085 iuterruperis
1256 5032 1428 5071 meam
1460 5018 1784 5076 orationem.
1817 5028 1875 5072 ut
1902 5034 2019 5072 mos
2069 5016 2167 5071 fuit
2191 5016 2321 5070 olim

757 5110 993 5179 regibus.
1022 5105 1289 5173 Quoniam
1350 5124 1479 5178 ergo
1526 5111 1668 5162 nosti
1721 5122 1964 5164 nostrum
1998 5126 2221 5180 secpum
2268 5119 2325 5166 et

756 5201 1083 5264 institutum,
1110 5214 1304 5268 nempe
1340 5200 1481 5268 quod
1511 5200 1624 5255 ﬁeri
1654 5216 1759 5254 non
1800 5210 1974 5270 potest
2012 5211 2087 5267 ut,
2121 5202 2322 5259 Christi

757 5293 903 5346 cultu
937 5292 1146 5356 relicto,
1172 5306 1271 5345 nos
1297 5292 1389 5345 tibi
1423 5293 1810 5360 assentiamur,
1851 5295 1930 5349 fac
1958 5295 2101 5363 quod
2132 5311 2324 5365 super-

759 5389 857 5445 est,
890 5389 1102 5450 tempus
1125 5392 1235 5431 non
1260 5387 1437 5433 terens
1469 5380 1695 5434 diutius.

835 5572 948 5628 XXI
1002 5572 1135 5629 Cum
1165 5576 1327 5628 sciret
1370 5588 1495 5643 ergo
1537 5591 1627 5627 rex
1684 5592 1871 5629 eorum
1936 5584 2172 5628 mentem
2203 5590 2324 5632 esse

760 5666 1175 5728 immutabilem,
1216 5680 1314 5717 nec
1366 5663 1478 5717 ﬁeri
1511 5678 1666 5733 posse
1696 5676 1749 5715 ut
1796 5682 1890 5719 eos
1930 5667 1994 5719 ad
2033 5682 2184 5720 suam
2220 5675 2324 5718 tra-

759 5761 922 5816 ducat
950 5760 1298 5819 sententiam,
1327 5758 1484 5824 jussit
1516 5773 1608 5812 eos
1643 5755 1759 5810 duci
1798 5759 1859 5812 ad
1882 5761 2170 5828 quemdam
2214 5768 2318 5811 ior-

2411 562 2499 607 τος
2537 546 2568 615 ὴ
2600 548 2735 614 πρὸς
2764 547 2830 598 τὸ
2886 549 3043 617 σῶμα
3082 548 3347 610 διάλυσις.
3391 543 3521 600 Εἶτα
3558 546 3633 617 μὴ
3666 547 3979 615 αὐτόματον

2412 637 2505 689 καὶ
2544 638 2720 690 κοινὸν
2763 639 2823 690 τὸ
2853 639 3002 701 τέλος
3039 640 3380 708 ἀναμενέτω,
3411 637 3528 692 ἀλλ’
3553 641 3629 700 ὡς
3650 638 3732 691 ἔνι
3765 637 3979 700 ἔνδοξον

2410 726 2541 778 αὐτὸ
2605 728 2700 778 καὶ
2739 729 3011 797 μακάριον
3072 729 3349 782 σπευδέτω
3388 727 3662 795 γενέσθαι.
3707 728 3772 779 Τί
3802 727 3846 779 δ’
3910 728 3980 778 ἂν

2410 820 2551 871 εἴποι
2585 837 2666 882 τις
2718 819 2903 889 ἓτερον
2937 820 3029 874 τοῦ
3082 821 3167 874 διὰ
3208 822 3509 891 μαρτυρίου
3546 821 3735 883 τέλους
3767 821 3978 883 ἔνδοξοι

2410 929 2565 976 τερον
2599 911 2631 979 ἢ
2666 912 2948 964 εὐσεὸἐσιν
2990 910 3297 982 ἀνθρώποις
3337 911 3793 982 μακαριώτερονς
3836 908 3976 974 Ἐγὼ

2412 1002 2519 1071 γὰρ
2553 1003 2600 1054 εί
2629 997 2739 1057 οἶόν
2779 1021 2838 1055 τε
2885 1000 2952 1074 ἦν
2996 1003 3085 1057 διὰ
3117 1003 3349 1071 Χριστὸν
3395 1002 3655 1061 πολλάκις
3679 1001 3975 1053 ἀποθανεῖν

2413 1094 2805 1149 συνεϐούλευσα
2834 1096 2920 1158 ἂν,
2947 1098 3041 1149 καὶ
3077 1092 3145 1167 ἦν
3177 1095 3321 1149 οὕτω
3362 1097 3455 1149 καὶ
3483 1097 3515 1163 ἠ
3564 1094 3692 1160 δόξα
3746 1092 3977 1163 μείζων,

2412 1188 2505 1238 καὶ
2570 1189 2629 1240 τὸ
2686 1186 2875 1258 κέρδος
2924 1188 3065 1241 κατὰ
3115 1185 3249 1241 πολὺ
3306 1185 3730 1256 δαψιλέστερονο
3763 1186 3886 1238 ἐπεὶ
3921 1183 3980 1235 δὲ

2410 1278 2568 1332 τοῦτο
2598 1282 2747 1348 παρὰ
2800 1281 2900 1349 τῆς
2938 1280 3155 1346 φύσεως
3209 1280 3307 1332 οὐκ
3363 1279 3475 1331 ἔστι
3533 1277 3744 1338 λαϐεῖν.
3806 1276 3836 1328 δ
3885 1276 3982 1327 καὶ

2414 1370 2570 1439 ἡμῶν
2599 1371 2659 1423 οὑ
2688 1370 3047 1440 βουλομένων,
3078 1371 3169 1439 ἀφ’
3196 1369 3400 1438 ἑαυτῆς
3428 1370 3610 1437 ἐκείνη
3650 1369 3813 1430 ποιεῖ,
3842 1366 3911 1434 φθ
3924 1366 3984 1417 i-

2415 1479 2605 1524 σαντες
2635 1462 2788 1527 αὐτὸ,
2822 1461 3271 1531 προαρπάσωμεν
3304 1462 3441 1530 μετὰ
3468 1459 3623 1529 δόξης
3669 1461 3762 1512 καὶ
3789 1458 3983 1527 ὥσπερ

2413 1552 2544 1604 ἴδιον
2597 1551 2832 1619 θέμενοι,
2895 1549 3247 1621 σορισώμεθα
3295 1551 3395 1618 τὴν
3447 1548 3712 1617 ἀνάγκην.
3767 1547 3983 1615 Μηδεὶς

2413 1640 2567 1709 ἡμῶν
2624 1639 2797 1704 οὕτως
2838 1641 3061 1711 ὀφθὴτω
3126 1640 3440 1709 φιλόψυχος,
3494 1638 3732 1707 ἀδελφοὶ,
3790 1637 3983 1704 μηδεὶς

2414 1735 2664 1801 ἀγεννὴς,
2690 1734 2877 1803 μηδεὶς
2898 1733 3152 1802 ἄτολμος,
3181 1734 3257 1795 ὠς
3285 1735 3488 1802 μικρᾶς
3512 1731 3605 1782 καὶ
3628 1727 3982 1796 ταλαιπώρου

2412 1827 2554 1894 ζωῆς
2588 1825 2741 1887 ὅλους
2798 1824 3003 1886 αἰῶνας
3068 1823 3162 1876 καὶ
3197 1825 3463 1892 μηδέποτε
3529 1821 3801 1889 λυομένην
3850 1834 3985 1885 προ·

2411 1917 2563 1970 έσθαι
2587 1917 2981 1987 μακαριότητα.
3009 1916 3099 1984 Μή
3117 1915 3218 1968 πού
3243 1932 3324 1975 τις
3348 1916 3440 1967 καὶ
3466 1913 3593 1983 παρ’
3619 1912 3777 1982 ἡμῶν
3802 1910 3984 1976 δοθεέη

2411 2007 2485 2076 τῷ
2518 2007 2681 2075 κοινῴ
2720 2008 2937 2059 πάντων
2968 2004 3211 2074 πολεμίῳ
3244 1992 3425 2073 μερίς,
3452 2003 3544 2055 καὶ
3590 2002 3681 2053 τὸν
3720 2001 3819 2052 ἕνα
3864 2000 3985 2052 κλέ-

2409 2098 2536 2166 ψας,
2595 2096 2669 2158 ὡς
2724 2096 2929 2156 πάντας
2968 2094 3148 2146 λαδὼν
3201 2092 3468 2151 ὁσκολιὸς
3536 2092 3982 2158 ὲγκαυχήσηται.

2423 2192 2561 2242 Ἀλλ’
2591 2190 2617 2240 ὅ
2653 2205 2711 2254 γε
2746 2187 2988 2248 τοιοῦτος
3034 2187 3224 2256 τιιρρω
3256 2183 3348 2237 τοῦ
3414 2181 3752 2252 μαρτυρλοῦ
3788 2180 3985 2231 τούτου

2412 2281 2651 2349 γενέσθω
2694 2277 2877 2348 χοροῦ.
2911 2277 3048 2347 μηδὲ
3081 2277 3473 2346 συμμετεχέτω
3504 2272 3715 2343 ψευδῶς
3740 2271 3838 2323 τοῦ
3870 2272 3986 2323 ὀνό-

2417 2388 2604 2443 ματος.
2651 2371 2735 2431 Ὠς
2775 2369 2828 2421 εἴ
2848 2371 2927 2430 τίς
2977 2385 3059 2433 σε,
3099 2368 3299 2439 Χριστὲ
3327 2369 3417 2420 καὶ
3449 2368 3589 2433 Λόγε
3634 2363 3797 2425 Θεοῦ,
3836 2365 3985 2431 πόθῳ

2411 2465 2507 2533 τῆς
2539 2461 2770 2516 ἐνταῦθα
2804 2461 2952 2530 ζωῆς
3005 2459 3402 2531 ὰπαρνήσαιτο,
3438 2458 3533 2510 καὶ
3582 2456 3790 2526 ταύτης
3824 2456 3984 2506 ἐκπέ-

2413 2574 2515 2620 σοι,
2548 2556 2642 2608 κοιλ⁵
2675 2554 2853 2618 ζῶντα
2882 2552 3070 2606 τοῦτον
3098 2554 3131 2621 ἡ
3164 2550 3236 2620 γῆ
3263 2548 3436 2617 στόμα
3462 2548 3779 2610 διανοέξασα
3810 2560 3977 2596 κατα·

2413 2650 2545 2703 πίοι.
2575 2650 2685 2702 Καὶ
2712 2647 2765 2700 εἴ
2805 2665 2887 2709 τις
2918 2647 2975 2699 δὲ
3002 2647 3098 2714 τῆς
3130 2645 3270 2712 ὲμῆς
3302 2642 3621 2709 συγγενείας
3671 2640 3704 2708 ἢ
3738 2639 3985 2705 ἑταιρίας

2413 2740 2677 2810 ἐπιθυμίᾳ
2698 2740 2804 2791 τῶν
2836 2738 3118 2808 παρόντων
3147 2735 3336 2806 ἡδέων,
3366 2736 3423 2786 σὲ
3452 2734 3539 2785 τὸν
3573 2732 3819 2798 Κτίστην
3848 2732 3984 2781 ἀπο-

2413 2830 2609 2893 λιπὼν,
2638 2829 2812 2882 ὀπίσω
2858 2829 2952 2881 τοῦ
3012 2826 3252 2897 φθαρτοῦ
3305 2825 3496 2877 τούτου
3544 2826 3638 2875 καὶ
3687 2819 3985 2880 δυσσεϐοῦς

2416 2923 2677 2993 βασιλέως
2698 2920 3075 2989 ἀκολουθήσοι,
3102 2920 3247 2986 γένοι
3262 2936 3309 2970 το
3322 2918 3488 2984 αὐτῷ,
3508 2915 3713 2983 Χριστὲ
3736 2910 3982 2981 βασιλεῦ,

2416 3018 2509 3067 καὶ
2541 3014 2648 3065 τῶν
2681 3013 2913 3066 ἐνταῦθα
2974 3012 3224 3083 τερπνῶν
3281 3011 3355 3079 μὴ
3396 3006 3724 3073 ἀπόνασθαι,
3749 3008 3847 3059 καὶ
3874 3008 3985 3065 τοῖς

2339 3118 2380 3173 C
2417 3109 2622 3162 ἐκεῖθεν
2654 3106 2939 3175 ἐκδοθῆναι
2977 3104 3378 3174 κολαστηρίοις.

2489 3197 2568 3250 κ’.
2609 3195 2795 3249 Ταῦτα
2826 3196 2952 3263 ἔφη,
2984 3193 3077 3247 καὶ
3103 3194 3162 3245 τὸ
3198 3192 3401 3262 πλῆθος
3432 3192 3593 3254 εὐθὺς
3627 3191 3802 3251 ἅπαν,
3833 3189 3951 3258 θὰῤ

2419 3293 2522 3361 ρει,
2552 3290 2642 3341 ἐπὶ
2678 3285 2901 3359 θερμοῖς
2929 3288 3041 3348 τοῖς
3071 3286 3332 3355 δάκρυσιν
3363 3283 3685 3353 ἀνεβόησαν.
3721 3282 3838 3334 Οὐκ
3870 3281 3983 3331 ἐστι

2416 3388 2523 3452 γὰρ
2557 3384 2704 3444 ὅστις
2736 3379 3201 3449 ἅπολειφθήσετσί
3243 3395 3337 3429 σου
3432 3377 3553 3429 ἐπεὶ
3595 3377 3689 3428 καὶ
3728 3373 3808 3439 τῷ
3860 3374 3986 3441 περὶ

2420 3476 2477 3525 σὲ
2508 3474 2657 3541 πόθῳ
2695 3472 2913 3533 πάντες,
2944 3470 3018 3530 ὼς
3064 3470 3216 3538 ὁρᾷς,
3262 3467 3618 3534 ἐπειγόμεθα,
3658 3468 3708 3516 εί
3752 3460 3870 3517 οἷόν
3904 3483 3983 3525 τε,

2414 3565 2513 3619 καὶ
2540 3561 2829 3631 προθανεῖν
2859 3578 2974 3623 σου,
3027 3560 3119 3613 καὶ
3152 3559 3212 3612 τὸ
3247 3558 3517 3629 μακάριον
3555 3557 3711 3610 τοῦτο
3743 3555 3843 3609 καὶ
3895 3573 3985 3606 πο-

2420 3657 2592 3709 θεινδν
2625 3654 2975 3725 προαρπάσαι
2998 3653 3170 3716 τέλος,
3218 3652 3276 3705 Ὀ
3313 3652 3368 3705 δὲ
3399 3653 3536 3721 πρὸς
3581 3649 3777 3713 ταῦτα,
3822 3647 3987 3714 Ἐγὼ,

2422 3751 2586 3802 πᾶσιν
2637 3748 2761 3817 ἔφη,
2812 3746 2921 3814 ἐγὼ
2988 3746 3205 3797 πάντων
3266 3743 3420 3813 ὑμῶν
3464 3744 3849 3811 ἀιρηγήσομαι,
3894 3741 3986 3792 καὶ

2417 3839 2610 3907 ὀδηγὸς
2645 3838 2886 3907 ἀπλανὴς
2930 3837 3058 3906 ὑμῖν
3093 3837 3149 3888 ἐν
3185 3834 3304 3906 Θεῷ
3345 3836 3681 3903 φανήσομαι.
3723 3833 3816 3895 Ὧς
3864 3833 3986 3900 ἐμοὶ

2418 3931 2527 3983 τῶν
2558 3929 2844 3999 πρωτείων
2885 3928 2945 3981 ἑν
2979 3929 3111 3981 πᾶσι
3147 3928 3546 3995 παρεχωρεῖτε,
3578 3922 3721 3976 οὕτω
3773 3940 3865 3991 μοι
3892 3920 3984 3973 καὶ

2422 4021 2622 4091 πρώτῳ
2678 4019 2903 4089 Χριστῷ
2935 4018 3288 4087 παραστῆναι
3324 4017 3791 4087 παραχωρήσατε.
3844 4014 3985 4081 Πλὴν

2422 4114 2555 4168 ἀλλὰ
2581 4114 2675 4165 καὶ
2700 4110 2904 4180 ταύτην
2926 4110 3248 4165 τελευταίαν
3274 4109 3401 4179 ὑμῖν
3421 4108 3635 4176 ὲντο)ὴν
3660 4106 3949 4172 ἐπιδίδωμι
3970 4122 3983 4132 ·

2421 4207 2485 4259 Εἰ
2505 4224 2584 4268 τις
2608 4204 2716 4257 τῶν
2747 4204 2896 4274 ἐμῶν
2919 4205 3143 4267 τέκνων,
3167 4201 3200 4272 ἢ
3220 4202 3326 4254 τῶν
3354 4204 3493 4254 κατᾶ
3517 4198 3668 4267 γένος
3701 4214 3793 4266 μοι
3822 4212 3986 4265 προσ.

2422 4299 2663 4365 ηκόντων
2722 4295 3069 4364 ὑπολειφθείη
3109 4297 3173 4364 τῇ
3229 4293 3441 4362 καθαρᾷ
3492 4292 3660 4360 ταύτῃ
3700 4288 3810 4341 τῶν
3860 4288 3985 4357 Χρι-

2426 4384 2655 4438 στιανῶν
2698 4384 2952 4453 ἐμμένων
2995 4382 3236 4454 λατρεία,
3266 4385 3365 4452 τῆς
3413 4380 3553 4449 ἐμῆς
3585 4380 3835 4431 ἔστωσαν
3863 4379 3987 4443 κὶηο

2427 4473 2645 4545 ρονόμοι
2686 4471 3024 4542 περιουσίας.
3065 4472 3170 4523 Καὶ
3197 4471 3327 4541 τρία
3347 4471 3404 4523 δὲ
3427 4469 3535 4521 τῶν
3558 4468 3863 4537 περιόντων
3891 4484 3976 4534 pc:

2423 4564 2727 4618 καλλίστων
2784 4561 3079 4632 κτημάτων
3128 4564 3192 4632 τῇ
3246 4559 3667 4629 οἰκοδομηθῆναι
3723 4558 3987 4626 μελλούσῃ

2425 4654 2689 4724 καθολικῇ
2733 4654 3030 4725 Ἐκκλησία
3067 4653 3418 4723 κληρωθῆναι
3473 4650 3758 4722 βούλομαι,
3815 4651 3852 4705 ἃ
3898 4658 3986 4703 και

2425 4749 2528 4819 ἠδη
2562 4748 2791 4816 ἀφιερῶ.
2839 4744 3023 4798 Ταῦτα
3054 4746 3222 4798 εἰπὼν
3251 4745 3343 4797 καὶ
3380 4744 3470 4796 τὸν
3500 4742 3628 4795 λαὸν
3668 4743 3984 4811 εὐλογήσας.

2428 4840 2542 4900 καὶ,
2574 4837 2707 4900 Δόξα
2732 4855 2835 4904 σοι,
2870 4837 3064 4907 Κύριε,
3090 4837 3308 4889 πάντων
3337 4834 3543 4900 ἕνεκεν,
3576 4834 3846 4897 ἐπειπὼν,
3874 4836 3989 4885 ἑπι-

2429 4930 2690 5000 στραφείς
2720 4927 2867 4996 λέγει
2893 4928 2969 4999 τῷ
2996 4926 3229 4998 βασιλεῖ’
3260 4926 3498 4981 Ἐπαινῶ
3535 4942 3594 4979 σε
3628 4927 3987 4995 μακροθυυήο

2428 5037 2619 5084 σαντα,
2669 5019 2914 5089 βασιλεῦ,
2948 5019 3040 5071 καὶ
3074 5018 3151 5088 μὴ
3186 5020 3490 5088 συγχέαντά
3519 5035 3611 5087 μοι
3644 5017 3773 5076 τοὺς
3806 5016 3989 5083 λόγους

2427 5115 2460 5186 ἢ
2496 5115 2826 5183 διακόψαντα
2862 5113 3001 5167 κατὰ
3057 5116 3119 5168 τὸ
3151 5117 3320 5170 πάλαι
3359 5116 3471 5176 τοῖς
3531 5109 3821 5181 βασιλεῦσι
3847 5129 3988 5162 νενο-

2432 5207 2718 5277 μισμένον.
2751 5209 2861 5261 Καὶ
2893 5209 3069 5262 τοίνυν
3093 5208 3217 5260 ἐπεὶ
3238 5207 3329 5259 τὸν
3359 5206 3627 5275 ἡμέτερον
3665 5204 3837 5269 ἔγνως
3870 5219 3989 5255 σκος

2428 5300 2550 5360 πον,
2601 5300 2674 5361 ὼς
2708 5299 2967 5353 ἀδύνατόν
2996 5301 3107 5352 ἐστι
3146 5298 3245 5368 τῆς
3279 5296 3520 5368 Χριστοῦ
3553 5295 3811 5362 λατρείας
3864 5296 3987 5359 tige—

2432 5392 2625 5461 μένους
2656 5392 2800 5461 ἡμᾶς
2831 5390 3121 5444 συνθέσθαι
3151 5408 3255 5455 σοι,
3289 5390 3348 5441 τὸ
3384 5387 3803 5457 παριστάμενον
3827 5386 3984 5444 ποίει,

2431 5484 2507 5551 μὴ
2550 5482 2752 5551 τρίϐων
2784 5484 2875 5536 ἐπὶ
2916 5483 3048 5535 πολὺ
3077 5483 3168 5534 τὸν
3201 5481 3414 5552 καιρόν.

2502 5574 2630 5625 KA'.
2666 5569 2831 5633 Εἰδὼς
2865 5566 2957 5624 οὖν
2990 5574 3016 5624 ὁ
3041 5571 3294 5641 βασιλεὺς
3327 5569 3399 5633 ὠς
3431 5568 3532 5640 τὴν
3566 5569 3797 5639 γνώμην
3843 5566 3989 5635 llo-J-

2432 5684 2516 5716 σιν
2559 5666 2994 5735 ἀμετάτρεπτον,
3029 5662 3121 5714 καὶ
3174 5661 3249 5723 ὡς
3310 5661 3414 5713 οὐκ
3461 5660 3528 5713 ἄν
3586 5674 3720 5711 ποτε
3778 5656 3987 5708 δύναιτο

2435 5758 2779 5829 μεταπείθειν
2806 5757 3017 5821 αὐτοὺς,
3050 5757 3140 5808 καὶ
3169 5756 3266 5824 τὴν
3299 5751 3614 5826 μεταϐολὴν
3644 5751 3985 5805 παντάπασιν
