4198 6312
177 371 316 434 1213

1323 372 1792 434 MARTYRIUM
1839 369 1896 432 S.
1942 379 1982 432 Α
1998 376 2298 438 RETH.‘E.

3304 375 3442 443 1274

172 486 472 554 ἀπογνοὺς,
513 485 594 552 είς
623 504 750 541 τινα
780 490 1123 563 χειμάρρουν
1162 489 1341 544 Ὀδίαν
1385 489 1531 544 οὕτω
1563 489 1751 544 καλοῦ-

1865 503 2096 558 reutem,
2123 495 2214 564 qui
2247 504 2470 550 vocatur
2519 494 2701 560 Odias,
2737 503 2790 551 et
2835 494 2968 565 ipsis
3006 493 3116 549 illic
3163 493 3437 563 amputari

175 593 336 645 μενον
363 579 762 649 ἀπενεχθέντας
793 582 1080 636 ἐκέλευσεν
1109 582 1501 653 ἀποτμηθῆναι
1532 583 1632 646 τὰς
1661 599 1753 635 κε-

173 671 374 735 φαλὰς,
403 672 482 734 είς
511 669 571 724 ὃν
601 673 693 726 καὶ
722 675 1013 744 γενόμενον
1041 676 1137 729 καὶ
1161 676 1474 747 προσευχὴν
1502 676 1756 746 εὐθύμως

169 756 401 818 ἑαυτοὺς
441 758 738 828 τρέψαντες
766 777 782 792 ο
815 782 834 814 ε
881 762 1080 836 Κύριε,
1115 765 1311 834 Κύριε,
1371 765 1601 834 δύναμις
1658 768 1756 835 τῆς

168 850 449 918 σωτηρίας
483 851 662 918 ἡμῶν,
699 848 875 920 εἷπον,
920 857 1253 919 ὲπεσκίασας
1301 858 1395 910 επὶ
1427 856 1528 927 τὴν
1585 873 1751 924 κεφα-

171 938 277 1006 λὴν
311 940 470 1009 ἡμῶν
497 943 554 994 ἐν
580 943 764 1014 ἡμέρᾳ
813 945 1075 1017 πολέμου.
1105 966 1124 1000 ι
1170 949 1468 1017 Ὀδήγησον
1520 950 1614 1001 καὶ
1660 948 1756 1002 νῦν

169 1031 323 1098 ἡμᾶς
355 1035 433 1096 είς
478 1034 595 1087 ὁδὸν
632 1037 889 1091 αἰωνίαν·
925 1041 1005 1094 ὅτι
1035 1042 1134 1112 τῆς
1189 1043 1287 1111 σῆς
1331 1041 1552 1110 ἀγάπης
1600 1040 1755 1094 οὐδὲν

171 1120 285 1173 τῶν
326 1124 584 1178 ἁπάντων
617 1128 746 1196 ἡμῖν
776 1129 913 1192 ὅλως
944 1131 1319 1202 προετιμήθη,
1345 1131 1402 1184 οὺ
1436 1130 1658 1202 πατρὶς,
1691 1132 1753 1182 οὐ

170 1211 352 1279 γένος,
403 1217 464 1269 οὐ
521 1217 779 1283 πλοῦτος·
835 1221 970 1275 ἀλλὰ
1012 1224 1191 1277 πάντα
1240 1223 1610 1294 προηκάμεθα
1657 1225 1755 1277 καὶ

175 1305 350 1375 αὐτὴν
380 1306 470 1360 διὰ
507 1309 565 1360 σὲ
599 1309 701 1380 τὴν
749 1308 919 1384 ζωὴν,
975 1316 1071 1368 καὶ
1117 1315 1193 1378 ὼς
1242 1314 1490 1382 πρόϐατα
1538 1315 1753 1384 σφαγῆς

174 1400 568 1471 ἐλογίσθημεν.
598 1403 709 1458 Kal
735 1404 832 1459 νῦν
882 1407 1201 1478 ἱκετεύομεν
1232 1427 1244 1440 ·
1271 1409 1560 1480 γενηθήτω
1588 1410 1622 1478 ἡ
1658 1409 1752 1462 ὲκ-

173 1494 392 1563 δίκησις
423 1495 516 1548 τοῦ
561 1498 803 1568 αἵματος
838 1501 948 1553 τῶν
994 1502 1200 1556 δούλων
1234 1521 1330 1556 σου
1375 1503 1470 1557 τοῦ
1519 1505 1754 1574 ἐκκεχυ-

176 1586 360 1653 μένου.
388 1587 634 1658 Ἐπαρον
658 1591 759 1656 τὰς
792 1594 982 1662 χεῖράς
1010 1610 1103 1648 σου
1137 1595 1228 1649 sai.
1255 1596 1353 1658 τὰς
1370 1597 1756 1666 ὑπερηφανίας

174 1680 375 1732 αὐτῶν.
422 1684 786 1754 Περιποίησαι
848 1687 974 1750 τοὺς
1034 1689 1185 1751 υἱοὺς
1243 1689 1354 1743 τῶν
1409 1689 1756 1760 θνησκόντων

174 1770 316 1838 ὑπὲρ
373 1773 491 1828 σοῦ.
545 1777 832 1845 Κράτυνον
885 1779 990 1850 τὴν
1044 1779 1200 1832 πόλιν
1256 1798 1348 1834 σου
1401 1783 1609 1851 ταύτην
1656 1782 1752 1853 τὴν

172 1863 610 1939 ἑγκαυχωμένην
632 1869 709 1940 τῷ
738 1870 907 1942 τιμίῳ
937 1890 1031 1925 σου
1058 1873 1252 1942 αἵματι
1277 1873 1372 1926 καὶ
1397 1874 1477 1944 τῷ
1506 1876 1748 1945 σταυρῷ,

171 1957 272 2010 καὶ
303 1960 416 2023 τοῖς
449 1960 700 2017 πάθεσιν.
746 1964 910 2036 Ὀρᾷς
948 1967 1097 2028 ὅπως
1132 1965 1305 2037 αὐτὴν
1339 1971 1386 2020 ol
1417 1968 1603 2038 ἐχθροί
1654 1985 1748 2020 σου

177 2047 480 2118 διέθηκαν
531 2055 891 2127 περιέκειραν
935 2058 1030 2110 τὸν
1066 2060 1273 2128 κόσμον
1313 2060 1506 2129 αὐτῆς,
1554 2060 1751 2130 ἐϐεϐή-

169 2139 353 2194 λωςαν
385 2143 442 2195 τὸ
474 2145 830 2217 ἁγιαστήριόν
887 2166 1005 2212 σου,
1031 2151 1124 2203 τὸν
1155 2152 1280 2205 ναὸν
1319 2153 1409 2205 τὸν
1458 2153 1612 2222 ἅγιόν
1654 2170 1747 2206 σου

173 2233 528 2305 ἐνέπρησαν·
593 2239 652 2291 ὃν
701 2240 987 2308 ὑψωθῆναι
1029 2243 1125 2296 καὶ
1182 2245 1602 2314 κραταιωθῆναι
1655 2248 1749 2300 καὶ

170 2321 326 2388 αὖθις
353 2329 666 2398 εὐδόκησον,
688 2331 862 2395 διδοὺς
893 2335 958 2388 τὰ
986 2337 1240 2408 σκῆπτρα
1266 2338 1549 2408 βασιλεῦσι
1578 2342 1747 2412 Χρισ-

171 2423 400 2484 τιανοίς,
439 2422 531 2473 καὶ
566 2422 889 2490 μεγαλύνων
925 2428 1126 2490 αὐτοὺς
1162 2430 1222 2482 ὲν
1245 2431 1322 2496 τῷ
1351 2431 1580 2501 ὀνόματί
1630 2450 1748 2489 σου.

173 2513 286 2564 Καὶ
315 2514 430 2567 ὅσοι
459 2514 515 2568 δὲ
554 2515 641 2568 διὰ
669 2520 836 2587 τιμῆς
867 2519 1060 2585 ἄγουσι
1094 2522 1194 2590 τῆν
1224 2526 1534 2594 μαρτυρίαν
1563 2529 1743 2594 ἡμῶν,

175 2604 292 2673 βίον
316 2607 499 2672 αὐτοῖς
524 2610 876 2680 ἀπρόσκοπον
907 2612 1169 2684 δώρησαι,
1198 2615 1422 2683 ἀγαθῶν
1454 2617 1741 2686 ἀφθονίαν,

171 2701 267 2751 καὶ
299 2703 640 2773 συγγνώμην
673 2707 985 2776 ἁμαρτιῶν,
1021 2710 1115 2762 καὶ⁸
1149 2710 1297 2780 ἡμᾶς
1336 2709 1462 2774 τοῦς
1493 2712 1592 2777 τὴν
1626 2713 1749 2764 ἐπι·

172 2793 400 2860 φάνειαν
456 2795 554 2864 τὴν
607 2799 706 2867 σὴν
773 2801 1170 2868 ἀγαπήσαντας
1219 2804 1298 2864 εἰς
1346 2805 1444 2866 τὰς
1498 2806 1750 2869 αἰωνίους

174 2889 380 2955 σκηνὰς
433 2889 748 2958 πρόσδεξαι,
797 2893 891 2944 καὶ
944 2897 1057 2955 τοῖς
1094 2895 1190 2946 ἀπ’
1220 2894 1416 2957 αἰῶνός
1450 2914 1530 2949 σοι
1557 2899 1751 2966 εὐαρε-

176 2981 380 3047 τησασι
436 2982 869 3054 συναρίθμησον.
921 2985 1106 3044 Ταῦτα
1158 2988 1430 3050 εἰπόντες,
1482 2988 1748 3058 ἀλλήλους

177 3073 638 3140 περιεπτύξαντο.
694 3078 805 3130 Καὶ
859 3078 950 3132 τὸν
997 3079 1203 3150 αὐχένα
1253 3079 1470 3149 πρῶτον
1522 3081 1550 3133 ὸ
1605 3080 1749 3145 θεῖος

1861 586 2058 655 capita.
2099 586 2178 638 Ad
2206 602 2366 657 quem
2398 603 2523 643 eum
2571 587 2869 649 venissent,
2901 596 2956 640 et
3002 601 3061 642 se
3105 593 3360 656 prompto
3385 594 3442 640 et

1859 680 2024 735 alacri
2077 680 2261 735 animo
2314 679 2380 736 ad
2415 695 2606 750 preces
2636 679 3043 736 convertissem
3076 697 3089 732 :
3132 699 3150 730 ι
3191 677 3437 740 Domine,

1862 771 2109 835 Domine,
2142 772 2423 835 dixerunt,
2453 773 2624 827 virtus
2651 781 2851 826 nostra
2889 769 3105 832 salutis,
3145 769 3443 824 obumbra~

1859 865 1926 920 sti
1953 881 2117 934 super
2147 876 2309 935 caput
2331 874 2575 920 nostrum
2602 864 2652 918 in
2679 864 2766 919 die
2789 862 2912 918 belli
2932 862 2978 917 ⁸.
3019 861 3202 916 »Νυηο
3226 874 3443 932 quoque

1860 957 2038 1012 deduc
2093 972 2194 1012 nos
2240 957 2294 1011 in
2349 957 2514 1011 vitam
2561 967 2820 1011 aeternam
2857 974 2870 1011 :
2903 955 3161 1024 quoniam
3212 953 3442 1007 nihilex

1860 1051 2117 1104 onmibus
2147 1049 2302 1109 nobis
2349 1049 2518 1119 pluris
2551 1049 2676 1113 fuit,
2713 1063 2875 1118 quam
2927 1048 3003 1102 tui
3053 1047 3294 1110 dilectio,
3328 1061 3439 1099 non

1859 1143 2056 1211 patria.
2095 1157 2201 1196 non
2239 1157 2565 1214 genus,non
2604 1141 2840 1196 divitia:
2881 1140 2975 1196 sed
3005 1140 3189 1194 omnia
3219 1147 3440 1208 pr0pter

1860 1245 1911 1289 te
1941 1236 2304 1304 prodidimus,
2338 1238 2501 1292 etiam
2543 1237 2715 1307 ipsam
2748 1235 2936 1299 vitam,
2968 1245 3023 1290 et
3059 1243 3316 1304 tanquam
3349 1249 3440 1288 oc-

1856 1326 2080 1383 cisionis
2112 1343 2240 1383 oves
2269 1344 2460 1383 sumus
2484 1329 2717 1399 reputati
2738 1329 2783 1383 ³.
2807 1329 2875 1383 Et
2909 1343 3054 1382 nunc
3082 1336 3131 1381 te
3163 1326 3439 1396 supplices

1858 1434 2134 1485 rogamus,
2163 1418 2282 1473 Fiat
2335 1420 2472 1474 ultio
2522 1421 2806 1490 sanguinis
2858 1434 3140 1475 servorum
3197 1427 3436 1480 tuorum,

1857 1514 1947 1581 qui
1981 1511 2322 1568 fuiteﬂ'usus.
2354 1514 2562 1568 Extolle
2609 1529 2802 1567 manus
2840 1523 2960 1568 tuas
2995 1528 3160 1583 super
3205 1513 3436 1567 istorum

1859 1605 2230 1676 superbiam‘.
2263 1603 2490 1674 Suscipe
2533 1621 2597 1660 ac
2642 1605 2876 1660 defende
2929 1621 3119 1660 eorum
3151 1604 3312 1670 ﬁlios,
3345 1605 3437 1673 qui

1862 1714 1959 1768 pro
1976 1709 2026 1753 te
2045 1701 2373 1754 moriuntur.
2396 1698 2699 1755 Corrobora
2731 1698 3024 1760 civitatem,
3041 1713 3161 1766 quae
3178 1696 3440 1768 gloriatur

1861 1801 1955 1846 tuo
1991 1793 2228 1861 pretioso
2263 1792 2548 1863 sanguine,
2583 1801 2638 1846 et
2687 1807 2870 1856 cruce,
2898 1799 2953 1846 et
2973 1788 3436 1860 perpessionibus.

1868 1881 2024 1936 Vides
2069 1882 2526 1952 quemadmodum
2563 1897 2680 1936 eam
2738 1881 2812 1936 tui
2846 1879 3150 1934 aﬁecerunt
3190 1879 3436 1940 inimici:

1859 1974 2207 2027 attonderunt
2230 1975 2348 2043 ejus
2368 1980 2778 2035 ornamentum,
2809 1969 3035 2040 profana
3047 1979 3170 2024 runt
3189 1979 3444 2023 sanctua-

1859 2065 1998 2118 rium
2060 2075 2234 2126 tuum.
2284 2067 2544 2134 templum
2611 2077 2861 2118 sanctum
2905 2073 3059 2117 tuum
3113 2070 3443 2116 exusserunt

1858 2159 2002 2228 quod
2031 2158 2124 2212 tibi
2164 2159 2392 2228 placeat,
2431 2167 2486 2212 ιιι
2517 2173 2705 2211 rursus
2727 2156 3020 2211 extollatur
3045 2165 3099 2209 et
3133 2155 3438 2217 roboretur,

1859 2251 2040 2306 dando
2074 2259 2291 2322 sceptra
2342 2252 2557 2322 regibus
2601 2249 2948 2312 Christianis,
2981 2264 3186 2316 eosque
3216 2261 3442 2318 magnos

1860 2355 1915 2400 et
1944 2345 2155 2415 amplos
2191 2343 2470 2400 reddendo
2517 2345 2570 2398 in
2611 2355 2705 2399 tuo
2754 2343 3000 2398 nomine.
3031 2341 3132 2408 Qui
3169 2350 3350 2395 autem
3386 2341 3440 2393 in

1862 2439 2069 2492 bonore
2101 2447 2347 2493 nostrum
2386 2438 2665 2491 habebunt
2693 2437 3038 2506 martyrium,
3070 2434 3137 2488 da
3162 2434 3244 2487 eis
3275 2433 3438 2487 vitam

1811 2577 1822 2587 .
1859 2530 1995 2586 citra
2031 2529 2192 2587 ullam
2230 2531 2612 2597 oll‘ensionem,
2657 2530 2928 2584 bonorum
2972 2526 3208 2596 coliiam,
3235 2533 3290 2579 et
3349 2539 3442 2580 ve-

1858 2623 2002 2676 niam
2035 2633 2406 2692 peccatorum.
2437 2624 2548 2678 Nos
2569 2639 2698 2679 vero
2721 2623 2812 2693 qui
2849 2631 3002 2676 tuum
3035 2618 3328 2673 adventum
3355 2617 3440 2671 di-

1859 2715 2107 2780 leximus,
2127 2715 2183 2770 in
2207 2724 2409 2770 aeterna
2429 2716 2645 2783 suscipe
2665 2713 3036 2772 tabernacula,
3059 2720 3113 2766 et
3140 2723 3439 2764 annumera

1858 2809 2003 2865 inter
2034 2823 2149 2875 eos,
2179 2808 2272 2878 qui
2307 2808 2402 2862 tibi
2432 2807 2500 2862 ab
2551 2816 2758 2861 aeterno
2790 2805 3131 2875 placuerunt.
3163 2801 3288 2857 llaec
3315 2818 3438 2856 curn

1860 2892 2146 2964 dixissent,
2182 2915 2241 2954 se
2269 2899 2503 2955 invicem
2533 2905 2661 2954 sunt
2709 2897 2969 2967 amplexi.
3003 2895 3220 2950 Primus
3255 2905 3440 2949 autem

1858 2994 2076 3049 divinus
2104 2996 2361 3057 Arethas,
2387 2994 2603 3048 cervice
2635 2992 2916 3056 inclinata,
2947 2990 3116 3044 ictum
3147 2988 3307 3059 gladii
3352 2990 3444 3042 lae-

1861 3094 2039 3141 tanter
2066 3087 2289 3156 excipit,
2322 3095 2374 3140 et
2401 3087 2474 3140 ita
2506 3086 2552 3138 ei
2577 3093 2742 3154 caput
2776 3092 3114 3153 amputatur.
3145 3083 3310 3136 Porro
3342 3097 3440 3134 au-

174 3157 481 3256 ὐρτοκλίνας
550 3162 800 3234 ’Λρέθας,
836 3166 929 3234 ὑφ’
988 3168 1198 3238 ἑτέρων
1253 3169 1347 3222 δύο
1395 3169 1749 3240 βαστάζεται,

1860 3189 1966 3234 tem
1999 3179 2235 3249 reliquus
2266 3193 2487 3248 quoque
2517 3178 2738 3242 chorus,
2779 3176 3020 3247 jucunda
3048 3185 3104 3231 et
3152 3191 3272 3244 qua:
3303 3173 3440 3229 solvi

171 3246 291 3302 εἶτα
322 3255 416 3304 καὶ
462 3256 561 3326 τὴν
593 3257 833 3327 κειεαλὴν
863 3259 1199 3329 ἀφαιρεῖται.
1240 3263 1345 3314 Καὶ
1375 3264 1402 3315 ὁ
1455 3263 1644 3327 λοιπὸς
1689 3269 1749 3319 δὲ

178 3344 489 3407 ἀκολούθως
523 3352 708 3417 χορὸς,
759 3352 792 3418 ἠ
824 3351 1051 3419 γλυκεῖα
1103 3355 1196 3405 καὶ
1229 3354 1424 3418 ἄλυτος
1477 3359 1747 3428 ἑταιρεία,

176 3433 252 3495 ὡς
284 3430 428 3505 εἶχον
461 3438 657 3508 τάχους
717 3441 793 3513 τῷ
840 3443 1006 3516 τιμίῳ
1044 3446 1252 3500 ἐκείνου
1301 3448 1636 3520 χρησάμενοι
1669 3451 1753 3506 αῖ-

178 3543 336 3595 ματι,
386 3533 635 3603 καθάπερ
677 3537 781 3589 τινί
816 3535 976 3609 μύρῳ
1002 3539 1292 3592 πολυτελεῖ
1319 3542 1454 3614 πρὸς
1487 3545 1586 3612 τὴν
1618 3562 1754 3614 σφα-

177 3622 285 3691 γὴν
364 3625 628 3695 ἐχώρουν,
679 3630 776 3682 καὶ
834 3631 1036 3701 σπουδῇ
1086 3634 1236 3706 πάσῃ
1281 3634 1374 3688 τὸν
1426 3635 1513 3689 διὰ
1565 3635 1752 3705 ξίφους

171 3715 424 3784 ἐδέχοντο
453 3718 706 3784 θάνατον,
745 3723 946 3790 μικροῦ
981 3725 1076 3776 καὶ
1124 3725 1378 3794 ἀλλήλοις
1413 3726 1509 3780 τοῦ
1555 3729 1752 3802 καιροῦ

174 3809 517 3879 φθονοῦντες,
553 3811 626 3874 ὡς
661 3812 821 3866 πλέον
868 3832 921 3868 τι
968 3815 1106 3886 πρὸς
1148 3817 1318 3889 τιμὴν
1370 3819 1626 3888 νέμοντος
1673 3821 1752 3891 τῷ

173 3902 495 3974 προθανέντι
539 3907 568 3957 ὁ
595 3909 689 3956 ἐπε
701 3907 982 3977 ρχὸμενος.

248 3997 374 4049 KB'.
416 3995 560 4067 Γυνὴ
605 3996 662 4050 δέ
717 4017 798 4062 τις
845 3999 1059 4052 παιδίον
1102 3997 1303 4071 ἔχουσα
1343 4003 1638 4075 παραθέον,
1691 4004 1752 4057 οὐ

171 4088 338 4140 πλέαν
401 4087 628 4158 ἣπέντε
680 4093 907 4161 χρόνους
939 4092 1231 4163 γενόμενον
1261 4095 1446 4165 ὁρῶσα
1495 4096 1564 4149 τὰ
1611 4095 1753 4164 δρώ-

174 4195 339 4246 μενα,
373 4181 466 4232 καὶ
508 4181 644 4251 πρὸς
680 4184 772 4234 τὸν
815 4183 1005 4251 ὅμοιον
1040 4185 1340 4256 διάθερμον
1370 4184 1528 4238 θεῖσα
1563 4185 1750 4256 ζῆλον,

171 4273 276 4340 τὴν
307 4270 573 4339 ταχίστην
640 4273 1080 4344 προσδραμοῦσα.
1120 4282 1213 4328 καὶ
1247 4275 1340 4330 τοῦ
1390 4278 1622 4349 αἵματος
1659 4282 1756 4334 καὶ

171 4364 312 4434 αὑτὴ
341 4363 604 4429 λαϐοῦσα,
640 4366 825 4434 ἐκείνη
874 4385 934 4421 τε
1012 4368 1270 4440 ἠλείψατο
1315 4371 1412 4424 καὶ
1451 4372 1545 4425 τὸν
1589 4374 1754 4428 παῖδα

176 4461 473 4529 μητρικαῖς
521 4459 679 4532 χερσὶ
733 4461 1068 4532 περιέχριεν.
1119 4461 1252 4516 Εἶτα
1301 4466 1396 4518 καὶ
1457 4468 1538 4528 εἰς
1587 4467 1752 4519 αὑτὸν

1856 3290 1964 3327 non
1991 3283 2203 3343 poterat
2227 3272 2506 3336 sodalitas,
2533 3286 2656 3326 cum
2690 3285 2849 3338 quam
2887 3269 3119 3323 maxima
3147 3277 3440 3338 potuerunt

1855 3366 2156 3429 celeritate,
2188 3381 2246 3420 se
2273 3365 2587 3419 venerando
2621 3363 2907 3418 unxisscnt
2951 3362 3097 3416 illius
3146 3361 3439 3430 sanguine,

1858 3469 2114 3530 tanquam
2173 3467 2452 3528 unguento
2504 3458 2686 3524 aliquo
2736 3457 2998 3524 pretioso,
3036 3462 3441 3522 consequenter

1855 3555 1921 3608 ad
1943 3564 2168 3608 mortem
2196 3553 2617 3613 contenderunt,
2637 3565 2798 3618 quam
2828 3550 3004 3617 gladio
3029 3563 3262 3616 propere
3282 3562 3440 3600 acce-

1857 3655 2072 3717 perunt,
2103 3645 2205 3698 sibi
2240 3645 2468 3697 invicem
2505 3653 2718 3711 tempus
2751 3639 3144 3710 propemodum
3181 3637 3438 3692 inviden-

1859 3750 1962 3800 tes,
1990 3745 2176 3807 utpote
2207 3733 2347 3804 quod
2385 3733 2513 3803 quid
2545 3731 2723 3801 majus
2760 3731 2824 3784 ad
2879 3729 3142 3784 honorem
3173 3727 3446 3782 tribuere-

1859 3839 1947 3884 tur
1977 3831 2047 3892 ei,
2086 3829 2178 3897 qui
2207 3828 2356 3897 prius
2385 3835 2503 3879 erat
2526 3836 2793 3889 mortuus,
2829 3837 2939 3892 pra:
2970 3822 3084 3887 illo,
3114 3821 3206 3890 qui
3242 3819 3438 3874 deinde

1856 3921 2210 3989 sequebatur.

1930 4013 2093 4069 XXII.
2140 4011 2395 4080 Quaedam
2455 4017 2636 4064 autem
2692 4007 2886 4062 nmlier
2936 4005 3146 4060 habens
3207 4018 3437 4073 puerum

1857 4111 2402 4173 prtetcrcurrentem,
2437 4115 2546 4152 non
2599 4097 2718 4168 plus
2770 4112 2930 4166 quam
2985 4095 3228 4165 quinque
3265 4108 3440 4147 annos

1856 4205 2067 4256 natum,
2094 4209 2218 4248 cum
2246 4193 2456 4247 videret
2490 4205 2574 4252 ea,
2606 4205 2728 4259 qua:
2777 4189 2999 4252 ﬁebant,
3029 4196 3082 4240 et
3107 4187 3171 4240 ad
3207 4187 3436 4242 similem

1857 4303 2083 4343 accensa
2131 4293 2278 4341 esset
2327 4284 2754 4347 aemulationem,
2806 4281 3072 4336 citissime
3117 4295 3436 4344 accurrens,

1858 4396 1981 4435 cum
2035 4382 2148 4449 ipsa
2215 4391 2433 4448 qucque
2486 4377 2785 4445 accepisset
2838 4377 3199 4444 sanguinem,
3246 4388 3306 4427 se
3347 4373 3439 4427 illo

1859 4475 2016 4528 unxit
2050 4482 2103 4525 et
2140 4471 2331 4524 tilium.
2361 4469 2567 4523 Deinde
2603 4469 2780 4537 ipsum
2819 4481 2999 4536 regem
3031 4465 3433 4528 ludiﬁcabatur,

169 4549 564 4604 ἐναπέσκωπτε
613 4552 704 4604 τὸν
751 4551 1002 4622 βασιλέα,
1055 4553 1324 4623 τύραννον
1371 4555 1748 4620 ἀποκαλοῦσα,

1859 4580 1985 4620 eum
2041 4577 2244 4620 vocans
2289 4569 2613 4631 tyranuum.
2654 4567 2710 4614 et
2758 4573 2923 4629 quam
2957 4558 3191 4612 maxima
3224 4567 3439 4626 poterat

171 4645 268 4696 καὶ
295 4641 551 4711 ὀξυτάτῃ,
585 4641 659 4703 ὡς
688 4637 823 4712 εἶχε,
857 4643 1030 4711 φωνῇ,
1069 4643 1264 4695 Ἔσται
1295 4642 1371 4712 τῷ
1405 4642 1616 4713 βασιλεῖ
1644 4641 1754 4695 τῶν

1854 4673 1986 4714 voce
2013 4657 2239 4712 dicens:
2272 4654 2389 4710 Erit
2411 4654 2766 4708 Hebraeorum
2799 4652 2934 4720 regi.
2965 4652 3109 4705 sicut
3141 4649 3438 4704 Pharaoni.

186 4732 457 4802 Ἑϐραίων
489 4734 564 4794 ὡς
601 4733 680 4804 τῷ
725 4735 951 4804 Φαραὼ,
979 4733 1236 4802 λέγουσα.
1271 4736 1334 4789 Ol
1391 4735 1604 4788 ἐκείνου
1642 4735 1751 4789 τοί-

1856 4751 2000 4806 Illius
2033 4765 2165 4803 κει-ο
2203 4748 2491 4807 satellites,
2524 4746 2612 4810 iis,
2639 4762 2760 4814 quae
2810 4744 3157 4806 dicebantur,
3209 4742 3432 4805 auditis,

173 4845 268 4881 νυν
301 4827 645 4879 ὑπασπισταὶ
673 4826 783 4880 τῶν
812 4828 1123 4897 λεγομένων
1155 4829 1519 4895 ἀκουσάντες,
1557 4829 1751 4882 συλλα-

1856 4841 2297 4910 comprehensam
2341 4837 2527 4893 statim
2563 4836 2851 4890 mulierem
2905 4834 3114 4891 ducunt
3139 4832 3204 4888 ad
3255 4833 3433 4904 ipsum

172 4921 361 4984 δόντες
396 4918 556 4981 εὐθὺς
584 4921 686 4991 τὴν
731 4923 974 4989 γυναῖκα
1007 4923 1082 4986 ὡς
1114 4923 1276 4977 αὑτὸν
1307 4925 1499 4990 ἄγουσι
1527 4925 1619 4977 τὸν
1650 4923 1749 4993 βα-

176 5016 354 5078 σιλέα,
388 5016 482 5068 καὶ
514 5013 660 5084 ἅπερ
687 5015 883 5086 ἐκείνῳ
918 5015 1130 5086 πικρῶς
1160 5015 1559 5086 διελοιδορεῖτο.
1609 5016 1751 5086 μετὰ

172 5106 374 5174 πολλῆς
420 5105 825 5176 ἀπαγγέλλουσι
870 5109 968 5178 τῆς
1015 5108 1354 5181 προσθήκης.
1403 5109 1462 5163 '0
1505 5110 1584 5177 δὲ,
1617 5110 1750 5182 μηδὲ

170 5203 334 5269 λόγου
365 5199 499 5269 μηδὲ
533 5201 699 5273 ψιλῆς
759 5203 898 5273 αὐτῇ
939 5204 1209 5273 μεταδοὺς
1257 5205 1603 5276 ἐρωτήσεως,
1647 5203 1751 5256 ποῦ

174 5295 349 5366 γὰρῆ
385 5295 605 5365 βασάνῳ
645 5295 706 5351 τὸ
738 5297 996 5367 πρᾶγμα,
1034 5299 1066 5368 ἢ
1106 5299 1285 5372 κρίσει
1331 5302 1439 5354 τινὶ
1481 5299 1750 5368 δεδωκὼς,

167 5392 261 5442 τὸν
283 5387 370 5441 διὰ
402 5387 570 5456 πυρὸς
603 5390 772 5460 αὐτῆς
804 5389 1246 5460 καταψηφίζεται
1278 5391 1530 5448 θανατον.
1568 5393 1744 5457 Εὐθὺς

168 5481 264 5534 οὖν
288 5479 390 5550 ὕλη
433 5483 804 5548 συνεφορεῑτο,
839 5483 934 5537 καὶ
963 5481 1073 5552 πῦρ
1105 5484 1244 5557 αὐτῇ
1285 5486 1690 5557 ὑπερεϐάλλετο
1719 5491 1751 5559 ή

176 5572 314 5640 φλόξ
340 5587 394 5624 τε
428 5571 518 5623 ἐπὶ
554 5572 699 5640 μέγα
729 5573 915 5643 ᾔρετο,
968 5577 1064 5630 καὶ
1110 5575 1241 5647 θείῳ
1290 5579 1385 5632 καὶ
1432 5580 1622 5649 πίσση,
1657 5582 1756 5635 καὶ

170 5665 505 5734 κληματίσιν
559 5667 844 5739 ἐτρέφετο.
893 5665 1026 5724 Εἶτα
1063 5671 1155 5725 καὶ
1206 5673 1241 5743 ὴ
1279 5672 1418 5740 γυνὴ
1473 5674 1752 5742 περιεδεσ-

249 5843 266 5870 ⁸
298 5841 420 5898 Psal
471 5862 685 5913 cxxxiii,
717 5848 769 5904 8.
846 5851 864 5880 ⁸
896 5847 1036 5905 Psal.
1079 5866 1222 5920 λιιιι,
1268 5852 1348 5907 12.

1852 4949 2064 5003 regem,
2110 4939 2168 4986 et
2203 4931 2514 4993 maledicta,
2542 4930 2738 4999 quibus
2784 4929 2933 4984 illum
2991 4929 3184 4983 acerbe
3217 4938 3438 4997 appete—

1854 5029 1967 5091 bat,
2009 5027 2327 5082 renuntiant
2351 5041 2476 5078 cum
2510 5039 2702 5094 magna
2727 5023 3065 5078 accessione.
3096 5020 3188 5077 Ille
3227 5031 3432 5078 autem.

1854 5137 1978 5176 cum
2005 5135 2105 5174 nec
2128 5119 2175 5173 ei
2206 5117 2430 5173 fecisset
2457 5116 2673 5171 dicendi
2713 5124 3063 5186 potestatem.
3100 5126 3156 5170 et
3191 5129 3289 5168 nec
3314 5131 3434 5168 eam

1852 5211 2071 5283 quidem
2103 5210 2510 5282 interrogasset,
2553 5223 2676 5264 eam
2699 5207 3050 5272 condemnat,
3077 5215 3135 5259 ut
3165 5205 3288 5276 igne
3321 5221 3436 5258 mo-

1854 5313 2086 5359 reretur.
2113 5303 2309 5359 Statim
2338 5319 2466 5374 ergo
2497 5303 2600 5357 fuit
2623 5311 2878 5373 congesta
2915 5299 3161 5364 materia,
3193 5311 3249 5354 et
3298 5299 3436 5364 ignis

1855 5399 1903 5452 ei
1932 5397 2249 5468 subjectus:
2276 5403 2329 5450 et
2354 5394 2568 5450 ﬂamma
2600 5411 2656 5450 se
2691 5395 2742 5448 in
2775 5394 2942 5448 altum
2969 5392 3435 5457 sustulit,sulture

1854 5501 1908 5546 et
1938 5491 2056 5561 pice
2080 5501 2134 5546 et
2164 5489 2460 5546 sarmentis
2490 5491 2719 5545 nutrita.
2751 5486 2958 5543 Deinde
2994 5485 3282 5542 fuitetiam
3311 5485 3434 5540 alli-

1853 5595 1976 5656 gata
2006 5583 2222 5648 mulier,
2253 5591 2308 5638 et
2339 5599 2458 5639 eam
2489 5582 2740 5638 lictorum
2773 5596 2965 5636 manus
2990 5578 3429 5651 complecteban-

1857 5686 1962 5741 tur,
1997 5682 2054 5729 ut
2097 5688 2223 5730 cum
2271 5673 2464 5731 fuisset
2493 5673 2574 5729 eis
2617 5687 2756 5729 onus
2788 5677 3005 5744 portatu
3054 5670 3234 5737 facile,
3266 5670 3430 5725 sicin

1430 5855 1450 5881 ’⁵
1482 5851 1624 5908 Psal.
1663 5871 1844 5918 tum,
1887 5855 1936 5912 3.
