4198 6312
213 379 350 447 1277

1367 381 1470 440 MA
1484 383 1678 441 RTYR
1695 382 1835 442 IUM
1875 385 1934 443 S.
1981 387 2332 451 ARETHE.

3333 394 3466 458 12i8

210 490 573 562 σφοδρότερον
605 491 745 546 κατὰ
799 489 893 545 τοῦ
929 491 1104 562 μηροῦ
1137 490 1322 544 δάκνει
1367 490 1460 542 τον
1523 489 1770 558 βασιλέα.

1884 496 2094 549 mordet
2112 497 2163 550 in
2195 497 2420 554 femore.
2457 500 2550 555 llle
2582 510 2787 568 autem,
2814 502 2976 557 simul
3012 512 3173 572 atque
3201 502 3468 557 sensisset

219 585 278 638 '0
317 584 371 636 δὲ
415 585 511 637 τοῦ
562 584 842 653 δήγματος
899 584 1015 653 ἅμα
1076 582 1419 652 αἰσθόμενος,
1459 582 1552 636 καὶ
1583 583 1778 636 διατα-

208 677 430 748 ραχθεὶς
459 677 623 730 αύτδν
665 678 992 742 ἀπωθεῖται,
1041 678 1132 730 καὶ
1187 677 1296 728 τῶν
1337 679 1432 745 τῆς
1470 677 1780 746 συγκλήτου

207 773 316 823 τινί
376 771 766 841 παραδίδωσιν,
823 773 910 838 ἐφ’
945 765 988 837 ᾧ
1033 770 1232 839 μᾶλλον
1297 770 1610 833 Ἰουδαϊκῶς
1646 771 1779 842 παρ’

207 865 402 932 ἐκείνῳ
447 865 678 932 τραφείη
716 865 806 916 καὶ
839 865 924 915 τὸν
966 863 1394 932 Χριστιανισμὺν
1435 863 1777 934 ἐξομόσαιτο.

205 955 313 1006 Καὶ
348 955 374 1004 ὁ
409 955 505 1023 μὲν
535 955 714 1006 λαῦὼν
742 955 830 1006 τὸν
889 954 1051 1006 παῖδα
1111 955 1300 1025 ἀπῄει,
1350 955 1416 1006 τὰ
1465 954 1777 1023 πραχθέντα

205 1049 534 1116 ποιούμενος
584 1049 670 1100 διὰ
725 1047 1026 1115 θαύματος,
1067 1051 1180 1108 τοῖς
1236 1049 1415 1110 ἄλλοις
1453 1065 1513 1099 τε
1571 1048 1775 1115 μεταξὺ

202 1138 565 1207 διηγούμενος
601 1175 616 1190 .
677 1138 764 1190 Ἐν
817 1137 992 1206 τούτῳ
1042 1138 1098 1190 δέ
1154 1137 1214 1190 τὸ
1244 1139 1455 1191 παιδίον
1495 1136 1773 1202 amate»,

202 1231 389 1300 δρόμῳ
417 1230 596 1298 πολλῷ
646 1231 780 1301 πρὸς
821 1231 918 1300 τὴν
970 1232 1182 1298 μητέρα
1233 1230 1451 1299 ἐχώρει,
1507 1232 1602 1282 καὶ
1632 1231 1775 1282 κατὰ

218 1321 409 1391 μέσης,
437 1323 584 1382 ὅπως
612 1315 746 1389 εἶχε,
773 1321 868 1391 τὴν
903 1322 1132 1390 κάμινον
1155 1322 1406 1391 εἰσπηδᾷ,
1435 1323 1534 1392 τὴν
1565 1323 1777 1392 μητέρα

203 1435 264 1468 τε
301 1415 376 1478 ὼς
416 1414 564 1485 αὐτῷ
599 1415 772 1468 ἐδόκει
821 1414 1134 1486 περιλαϐὸν,
1159 1462 1166 1468 .
1190 1416 1284 1467 καὶ⁵
1320 1416 1606 1468 κάλλιστον
1638 1417 1774 1488 αὐτῇ

202 1509 458 1576 ἐντάφιον
483 1509 674 1560 ἑαυτὸν
702 1508 958 1573 δεδωκός,
987 1507 1079 1560 τὸν
1111 1509 1210 1575 τῆς
1262 1509 1572 1578 μαρτυρίας
1607 1508 1776 1578 ἄμφω

202 1600 606 1669 κληρονομοῦσι
640 1601 925 1668 στέφανον.
985 1599 1205 1652 Τούτων
1234 1599 1377 1654 οῦτω
1412 1602 1772 1668 τελουμένων,

199 1691 348 1744 ἔλεον
393 1691 654 1752 λαϐόντες
689 1693 795 1744 τῶν
842 1691 1014 1744 ταῦτα
1057 1694 1377 1761 πασχόντων
1431 1693 1774 1761 Χριστιανῶν

198 1783 251 1834 oi
286 1783 416 1851 περὶ
443 1783 534 1836 τὸν
585 1781 831 1852 βασιλέα,
863 1785 956 1835 καὶ
991 1783 1105 1835 ὅσοι
1155 1785 1254 1853 τῆς
1292 1785 1623 1853 συγκλήτου,
1662 1785 1775 1837 ἱκέ-

195 1890 354 1926 τευον
384 1874 544 1926 αὑτὸν
578 1875 809 1936 ἀνεῖναι,
844 1873 938 1926 καὶ
1007 1875 1080 1944 μὴ
1111 1876 1281 1946 ἄρδην
1312 1876 1585 1928 ἀπολέσαι
1618 1876 1770 1929 πόλιν
1806 1867 1846 1920 Β

197 1964 345 2018 οὕτω
377 1968 622 2035 μεγάλην
656 1966 751 2018 καὶ
787 1966 1240 2035 πολυάνθρωπον,
1303 1967 1397 2018 καὶ
1450 1967 1586 2019 πολὺ
1633 1965 1773 2034 πλῆ-

199 2058 291 2122 θος
323 2061 580 2112 ἐπετείων
606 2059 786 2128 φόρων
817 2059 1184 2129 παρέχουσαν.
1211 2059 1366 2111 Ἐπεὶ
1393 2055 1484 2112 οὖν
1514 2060 1570 2111 ὲν
1597 2058 1772 2128 τούτῳ

197 2153 512 2218 κατένευεν,
546 2154 578 2218 ἡ
617 2152 833 2220 σκληρὰ
880 2153 1063 2222 ἐκείνη
1101 2155 1196 2205 καὶ
1243 2154 1581 2222 Φαραωνῖτις
1619 2153 1769 2222 ψυχὴ

193 2241 289 2296 δύο
322 2241 508 2295 παθῶν
533 2243 590 2294 ἐν
617 2241 763 2311 αὐτῷ
793 2242 1204 2311 διερισαμένων,
1256 2243 1349 2295 καὶ
1381 2242 1643 2311 ὡμότητα
1681 2259 1772 2308 φι-

193 2332 569 2405 λογρηματίας
601 2335 994 2404 ἐκνικησάσης,
1029 2332 1079 2385 τί
1113 2335 1292 2400 arctat;
1332 2334 1551 2403 Ταύτης
1582 2350 1640 2385 τε
1673 2334 1771 2401 τῆς

194 2429 406 2488 ’πόλεως
437 2426 531 2478 καὶ
567 2427 746 2497 πάσης
775 2425 876 2492 τῆς
911 2423 1091 2494 χώρας
1137 2426 1196 2478 τὸ
1257 2426 1468 2488 νεάζον,
1513 2426 1681 2496 ἄρρεν
1711 2442 1771 2478 τε

203 2518 302 2570 καὶ
333 2517 487 2586 θῆλυ,
538 2516 1136 2587 ἐξανδραποδισάμενος
1162 2515 1242 2579 είς
1271 2515 1471 2577 πολλὰς
1501 2515 1771 2585 ἀριθμού-

200 2628 364 2689 μενον
399 2612 688 2681 μυριάδας,
724 2611 818 2663 καὶ
875 2609 968 2672 οὓς
1003 2610 1102 2678 μὲν
1137 2609 1300 2672 αὐτὸς
1331 2608 1641 2679 κατασχὼν,
1678 2608 1772 2672 οὓς

193 2702 253 2753 δὲ
287 2703 379 2754 καὶ
419 2703 687 2766 διαδιδοὺς
723 2705 801 2765 εἰς
836 2702 1080 2755 δουλείαν
1113 2696 1193 2766 οἷς
1226 2702 1334 2771 ἄρα
1365 2701 1636 2767 ἐϐούλετο,
1667 2702 1767 2756 αῦ-

195 2792 548 2862 θιςέπανῆκε
583 2793 716 2862 πρὸς
749 2794 816 2844 τὰ
843 2793 1112 2863 βασίλεια,
1172 2795 1579 2864 δουλωσάμενος
1614 2795 1768 2849 πόλιν

195 2887 490 2958 ἐλευθέραν
558 2887 654 2940 καὶ
705 2888 842 2958 μόνῃ
886 2889 952 2956 τῇ
1008 2886 1196 2955 Τριάδι
1252 2889 1642 2956 ἀνακειμένην,
1694 2890 1762 2956 ἣν

193 2981 358 3042 αὐτὸς
399 2980 629 3050 Χριστὸς
692 2979 767 3048 τῷ
796 2979 909 3048 ἰδίῳ
969 2978 1342 3048 ἐξηγοράσατο
1387 2979 1602 3047 αἵματι,
1647 2980 1769 3048 ἥτις

1886 604 2124 642 morsum
2179 601 2233 645 et
2271 593 2460 646 fuisset
2505 597 2886 659 conturbatus,
2934 611 3058 649 cum
3117 603 3342 664 repente
3372 595 3467 648 ab-

1877 677 2016 745 jicit,
2046 687 2100 732 et
2155 695 2276 733 eum
2355 684 2519 736 tradit
2557 684 2772 737 cuidam
2820 701 2884 738 ex
2933 694 3148 745 senatu,
3181 695 3240 738 ut
3270 685 3337 738 ab
3374 684 3466 737 illo

1880 770 2115 824 aleretur
2147 774 2375 827 maxime
2404 775 2647 835 Judaice.
2695 789 2749 830 et
2790 778 3062 845 abjuraret
3123 778 3451 833 Christiani-

1882 877 2079 915 smum.
2120 864 2185 917 Et
2245 865 2333 918 ille
2363 869 2582 934 quidem
2644 870 2844 931 abibat,
2892 879 3110 936 accepto
3141 885 3329 934 puero,
3367 869 3468 922 ad-

1881 955 2086 1008 mirans
2121 971 2206 1017 ea,
2240 974 2360 1026 qum
2399 959 2538 1013 facta
2573 960 2806 1018 fuerant.
2841 971 2894 1014 et
2943 960 3101 1013 simul
3136 961 3298 1013 etiam
3335 976 3460 1010 nar—

1881 1063 2010 1100 rans
2046 1048 2187 1104 aliis.
2223 1049 2442 1102 Interim
2474 1061 2652 1102 autem
2691 1066 2846 1119 puer,
2877 1066 2940 1104 eo
2973 1051 3258 1110 insciente,
3292 1065 3462 1101 cursu

1879 1143 2162 1194 contendit
2193 1142 2257 1193 ad
2293 1150 2542 1206 matrem,
2585 1152 2638 1196 et
2675 1144 2844 1196 insilit
2897 1143 2952 1196 in
3018 1143 3252 1195 mediam
3285 1143 3465 1194 forna-

1879 1248 2017 1292 cem.
2075 1245 2429 1302 matremque.
2495 1245 2552 1289 ut
2607 1236 2654 1290 ei
2690 1236 2996 1293 videbatur.
3032 1235 3369 1303 complexus,
3409 1245 3463 1290 et

1879 1327 2310 1395 pulcherrimum
2345 1328 2562 1380 bustum
2617 1331 2854 1396 seipsum
2897 1327 2941 1380 ei
2977 1326 3214 1386 tradens,
3250 1325 3304 1377 fit
3340 1341 3460 1378 cum

1880 1417 1992 1488 ipsa
2036 1417 2208 1473 iteres
2249 1435 2462 1472 coronae
2499 1420 2760 1489 martyrii.
2807 1420 2940 1472 Cum
2977 1421 3090 1472 hac
3123 1420 3198 1471 sic
3233 1419 3450 1481 fierent,

1878 1510 2202 1578 patientium
2238 1510 2670 1564 Christianorum
2699 1511 2827 1563 moti
2864 1511 3233 1564 misericordia
3288 1510 3319 1562 ii
3361 1511 3452 1576 qui

1878 1610 2034 1656 erant
2099 1603 2243 1656 eirea
2308 1619 2488 1672 regem
2551 1613 2604 1657 et
2661 1604 2775 1672 ipse
2826 1614 3073 1663 senatus,
3106 1603 3366 1668 rogabant
3402 1609 3461 1654 ut

1877 1705 2103 1750 cazteros
2164 1696 2452 1758 relaxaret,
2515 1705 2570 1749 et
2628 1711 2735 1748 nou
2793 1697 3013 1764 penitus
3064 1696 3314 1763 perderet
3347 1704 3454 1749 tam

1879 1802 2124 1854 magnam
2160 1787 2454 1850 civitatem,
2487 1796 2540 1841 et
2601 1787 2798 1856 popqu
2858 1798 2963 1840 tam
3003 1787 3342 1856 frequentem
3405 1796 3461 1841 et

1874 1895 1994 1948 (pne
2048 1881 2343 1948 quotannis
2405 1895 2599 1950 magna
2647 1879 2920 1947 pendebat
2952 1879 3251 1948 vectigalia.
3300 1878 3466 1931 Post-

1872 1987 2032 2039 quam
2092 1981 2268 2026 autem
2305 1972 2403 2025 hac
2446 1972 2497 2024 in
2552 1987 2608 2025 rc
2667 1973 2856 2025 annuit
2886 1974 3018 2025 dura
3054 1973 3139 2024 illa
3179 1972 3353 2024 anima
3407 1975 3462 2024 ei

1875 2061 2255 2115 Pharaonitica
2308 2061 2792 2130 crudelitatemque
2872 2063 3003 2116 vicit
3055 2061 3298 2121 ax-ai'itia,
3332 2060 3462 2128 quid

1871 2155 2034 2211 facit?
2063 2156 2196 2211 Cum
2234 2157 2394 2225 hujus
2440 2158 2676 2211 civitatis
2723 2169 2776 2212 et
2808 2159 2972 2211 totius
3016 2156 3256 2224 regionis
3310 2157 3461 2224 juve-

1870 2262 1992 2309 nes,
2030 2254 2133 2299 tam
2189 2246 2454 2302 masculos
2501 2263 2660 2316 quam
2719 2247 2970 2310 feminas,
3041 2246 3338 2314 redegisset
3406 2243 3457 2297 in

1877 2340 2218 2402 servitutem,
2269 2355 2502 2408 quorum
2573 2349 2728 2394 erant
2768 2340 2933 2393 multa
2998 2338 3184 2392 millia.
3234 2347 3286 2390 et
3329 2337 3463 2391 alios

1869 2431 2087 2501 quidem
2149 2431 2264 2500 ipse
2318 2433 2651 2494 retinuisset,
2701 2433 2836 2485 alios
2882 2443 3065 2485 autem
3139 2430 3457 2483 tradidisset

1869 2526 2067 2596 quibus
2097 2527 2285 2586 voluit.
2329 2542 2580 2581 reversus
2614 2536 2696 2580 est
2747 2527 2796 2579 in
2828 2526 3049 2594 regiam,
3109 2524 3284 2576 libera
3318 2523 3450 2574 civi-

1871 2626 1979 2672 tate
2005 2619 2196 2672 eﬂ'ecta
2235 2635 2413 2681 serva,
2457 2636 2574 2688 quae
2612 2620 2859 2672 dedicata
2884 2626 3000 2671 erat
3037 2616 3132 2670 soli
3172 2614 3460 2677 Trinitati,

1878 2725 2036 2778 quam
2071 2711 2184 2779 ipse
2242 2711 2492 2765 Christus
2552 2711 2781 2765 redemit
2816 2710 3034 2779 proprio
3081 2709 3368 2775 sanguine,
3405 2716 3459 2759 et

1873 2818 1994 2872 quae
2054 2802 2102 2856 ei
2158 2802 2352 2856 obtulit
2409 2809 2615 2856 tantam
2667 2815 2957 2872 martyrum
3009 2801 3454 2862 multitudinem,

1878 2910 2063 2948 eorum
2095 2894 2350 2948 victorias
2383 2904 2438 2949 et
2485 2896 2784 2948 certamina
2845 2894 3101 2963 praeclare
3149 2893 3455 2964 praedicans

1882 2986 1998 3037 orbi
2037 2995 2212 3042 terrae.

192 3075 464 3144 τοσαύτην
497 3073 644 3144 αύτῷ
687 3073 984 3144 μαρτύρων
1011 3072 1235 3144 χορείαν
1278 3075 1622 3144 προσήγαγε,
1650 3075 1780 3136 τοὺς
1837 3075 2054 3143 ἀγῶνας
2084 3079 2265 3133 αὐτῶν
2297 3082 2387 3134 καὶ
2448 3080 2548 3145 τὰς
2611 3081 2770 3142 νίκας
2834 3080 3102 3153 λαμπρῶς
3155 3082 3219 3150 τῇ
3275 3079 3456 3130 οἰκου-

197 3168 334 3236 μένῃ
372 3166 789 3236 ἁνακηρύξασα.

270 3262 395 3314 KE’.
427 3260 535 3314 Καὶ
567 3262 738 3313 ταῦτα
774 3263 870 3328 μὲν
902 3261 964 3328 δὴ
1000 3264 1225 3313 τοιαῦτα
1273 3262 1367 3313 καὶ
1422 3261 1594 3323 οῦτως
1624 3261 1775 3330 ἕχον-

1953 3258 2120 3315 XXV.
2157 3261 2221 3314 Et
2280 3261 2395 3314 haec
2451 3259 2669 3329 quidem
2706 3261 2778 3314 ita
2814 3275 2871 3312 sc
2924 3259 3218 3313 habebant.
3258 3262 3459 3318 Rever-

193 3371 282 3408 τα.
327 3354 838 3422 ’Υποστρέφοντιδέ
893 3352 970 3423 τῷ
1021 3354 1260 3424 Ἑϐραίῳ
1309 3353 1419 3421 πῦρ
1455 3353 1539 3420 ἐφ’
1583 3355 1771 3416 ἱκανὰς

194 3445 411 3515 ἡμέρας
451 3447 662 3516 ἑωρᾶτο
695 3446 761 3498 δι’
795 3448 917 3516 ὅλης
949 3445 1138 3509 νυκτὸς
1172 3446 1261 3498 τὶν
1292 3446 1487 3515 αἰθέρα
1509 3444 1771 3521 πληροῦν,

194 3541 289 3592 καὶ
329 3539 490 3591 αὐτόν
514 3557 572 3591 τε
605 3541 848 3592 Δουναὰν
873 3539 968 3591 καὶ
1016 3538 1115 3606 τὴν
1150 3537 1315 3590 αὐτοῦ
1372 3538 1633 3607 στρατιὰν
1657 3540 1773 3602 ἐξε-

192 3631 471 3698 δειμάτου,
512 3632 607 3683 καὶ
640 3631 738 3699 τὴν
769 3632 937 3698 ὀργὴν
972 3630 1114 3680 κατὰ
1147 3627 1252 3680 τῶν
1290 3629 1502 3680 ἀσεϐῶν
1531 3631 1771 3696 ἐτεκμηο

195 3720 398 3790 ριοῦτο.
456 3717 590 3772 Εἶτα
619 3721 712 3771 καὶ
746 3719 855 3787 πῦρ
908 3718 1202 3788 ἅνωθεν,ή
1264 3719 1481 3788 ἐντελὴς
1538 3717 1757 3786 μάστιξ,

194 3814 288 3865 ἐπὶ
313 3814 408 3882 τὴν
438 3815 559 3881 γῆν,
594 3812 737 3864 ῦετο.
781 3811 920 3863 Ἀλλ’
965 3811 1084 3862 οὐδὲ
1135 3812 1306 3882 βραχὺ
1349 3812 1612 3872 συνιέναι,
1649 3812 1768 3862 οὐδὲ

199 3905 636 3976 σωφρονίζεσθαι
667 3901 811 3974 εἶχεν
839 3906 866 3956 ὁ
896 3903 1197 3968 ἀλιτήριος,
1239 3903 1347 3955 οὐδ’
1381 3901 1485 3954 ὑπὸ
1514 3905 1613 3972 τὴν
1644 3919 1772 3971 κρα-

197 4000 360 4051 ταιὰν
392 3999 486 4050 τοῦ
530 3998 667 4049 Θεοῦ
707 4000 867 4066 χεῖρα
904 3994 1304 4048 καλύπτεσθαι.
1351 3997 1442 4058 Εἰς
1472 3996 1630 4050 τοῦτο
1662 3996 1771 4065 γὰρ

198 4092 402 4159 μανίας
439 4090 642 4158 ἐξήχθη
679 4089 816 4140 κατὰ
846 4087 1208 4158 Χριστιανῶν,
1243 4087 1328 4148 ὡς
1346 4089 1439 4138 καὶ
1473 4086 1770 4155 πρεσϐείαν

195 4182 482 4252 ἐκπέμψαι
513 4181 590 4250 τῷ
647 4181 753 4232 τῶν
798 4180 1025 4248 Περσῶν
1061 4179 1289 4247 βασιλεῖ,
1324 4179 1490 4242 ἀξιῶν
1525 4181 1620 4229 καὶ
1674 4179 1771 4230 αὑ-

193 4278 289 4328 τὸν
321 4277 391 4327 τὰ
437 4277 599 4342 ὃμοια
650 4273 870 4340 δρᾶσαι,
923 4269 1016 4322 καὶ
1048 4271 1256 4331 πάντας
1287 4271 1410 4332 τοὺς
1444 4269 1768 4337 εὑρισκομέ-

197 4383 318 4431 νους
363 4366 456 4421 ὑπ’
485 4365 678 4433 ἐκείνῳ
713 4363 1077 4430 Χριστιανοὺς
1107 4361 1275 4433 ἄρδην
1306 4361 1593 4425 ἀπολέσαι,
1621 4360 1675 4412 εἴ
1701 4377 1762 4428 γε

193 4463 287 4514 τὶν
319 4461 470 4529 ἥλιον
511 4459 740 4528 εὐμενῆ,
772 4456 923 4524 φησὶ,
958 4455 1200 4523 βούλοιτο
1230 4456 1374 4524 ἔχειν
1421 4455 1518 4506 καὶ
1552 4454 1642 4506 τὸν
1672 4455 1770 4506 αύ-

193 4552 289 4605 τοῦ
321 4552 559 4621 πατέρα,
590 4551 663 4610 εἷος
683 4551 887 4610 ἐκεῖνος
906 4548 1246 4617 ἀπεφλυάρει
1269 4547 1358 4598 τὸν
1380 4545 1485 4596 τῶν
1501 4544 1768 4614 Ἐϐραίων

194 4646 350 4698 Θεόν.
382 4645 462 4696 Τὰ
489 4647 625 4696 αὐτὰ
655 4645 709 4695 δέ
739 4643 912 4696 ταῦτα
945 4643 1035 4694 καὶ
1079 4639 1500 4710 ’Λλαμουνδάρῳ
1533 4637 1607 4706 τῷ
1679 4637 1768 4701 ἐξ·

189 4739 482 4807 ηγουμένῳ
510 4737 617 4787 τῶν
671 4735 774 4787 ὑπὸ
822 4735 1053 4804 Πέρσαις
1089 4732 1418 4802 Σαρακηνῶν
1463 4729 1770 4782 ἐπέστειλεν

194 4826 628 4895 ὑπισχνούμενος
670 4826 765 4878 καὶ
817 4828 1076 4894 χρήματα
1121 4826 1332 4888 δώσειν,
1376 4826 1424 4876 εἰ
1483 4825 1626 4878 κατὰ
1659 4825 1768 4877 τῶν

195 4921 302 4972 ὑπὸ
357 4923 511 4990 χεῖρα
571 4922 914 4990 Χριστιανῶν
969 4921 1210 4988 διωγμίν
1261 4920 1496 4988 κινήσει.
1567 4919 1705 4970 Ἀλλ’
1741 4922 1767 4970 ὁ

198 5014 298 5081 μὲν
331 5013 473 5064 οὕτω
505 5013 855 5083 Χριστιανοῖς
881 5012 1188 5081 ἀπήχθετο,
1222 5014 1314 5063 καὶ
1350 5011 1524 5074 οὕτως
1571 5012 1765 5074 ἐποίει,

195 5108 229 5172 ἡ
262 5105 381 5174 δίκη
406 5105 460 5157 δὲ
496 5109 608 5166 τοῖς
650 5105 1049 5174 πραττομένοις
1083 5107 1183 5156 οὐκ
1219 5104 1585 5174 ὲφησύχαζεν.
1630 5104 1764 5156 Ἰου-

198 5197 378 5258 στίνος
423 5199 529 5267 γὰρ
582 5201 608 5249 ο
671 5198 958 5264 Ῥωμαίων
998 5198 1231 5266 εὐσεϐὴς
1293 5197 1572 5265 βασιλεὺς,
1629 5197 1768 5250 οὔτω

195 5290 355 5352 δόξαν
387 5289 556 5352 αὐτῷ,
585 5292 865 5362 εἰρηνικὰς
895 5290 1319 5360 ’Λλαμουνδαρῳ
1346 5291 1576 5353 σπονδὰς
1632 5290 1768 5358 πρὸς

191 5381 320 5444 τοὺς
356 5382 659 5450 ὑποφόρους
706 5383 992 5450 Ῥωμαίων
1034 5383 1382 5452 Σαρακηνοῦς
1405 5383 1594 5435 θέσθαι
1624 5400 1766 5452 παρ⁴

192 5475 313 5547 ῄνει
345 5490 355 5502 ·
391 5479 485 5527 καὶ
512 5476 539 5527 ὁ
567 5474 737 5526 ταῦτα
768 5474 1086 5544 πρεσϐεύων
1129 5471 1450 5544 ’Λὸρὰμιος,
1479 5475 1618 5544 ἀνὴρ
1649 5474 1765 5526 θεο-

191 5569 354 5639 φιλὴς
410 5569 502 5620 καὶ
556 5565 947 5637 πρεσϐύτερος,
986 5567 1348 5636 ἐξεπέμπετο.
1421 5566 1682 5635 Παρῆσαν
1709 5564 1765 5615 δὲ

188 5661 287 5714 καὶ
327 5662 433 5712 ἀπὸ
456 5659 549 5713 τοῦ
605 5658 824 5728 Περσῶν
873 5657 1137 5727 βασιλέως
1167 5661 1282 5712 ἐκεῖ
1312 5658 1458 5712 ἄλλοι
1508 5657 1568 5710 τέ
1599 5675 1762 5722 τινες,

189 5755 290 5810 καὶ
331 5755 596 5818 Ἰσαὰκιος
645 5753 1036 5824 πρεσϐύτερος,
1088 5755 1116 5806 ὀ
1147 5753 1378 5816 καὶτοῖς
1424 5754 1481 5804 ὲν
1525 5752 1745 5822 Περσίδι

189 5851 536 5919 Χριστιανοῖς
572 5846 869 5918 ὀρθοδοξοις
905 5845 998 5910 τὰς
1031 5847 1350 5917 ἀποκρίσεις
1397 5845 1751 5915 διακονούμε-

1877 3361 2023 3404 tente
2051 3362 2233 3405 autem
2269 3353 2514 3414 Hebraeo,
2555 3352 2805 3421 apparuit
2831 3352 2970 3420 ignis
3009 3351 3454 3423 aliquotdielms,

1878 3451 1986 3496 tota
2026 3452 2186 3495 nocte
2240 3443 2471 3511 impleas
2499 3458 2703 3503 aerem,
2748 3443 2837 3509 qui
2885 3443 3061 3510 ipsum
3127 3443 3348 3499 Dunaan
3407 3459 3460 3502 ct

1877 3536 1996 3604 ejus
2026 3536 2256 3589 terrebat
2296 3536 2616 3596 exercitum,
2648 3543 2701 3587 et
2741 3535 3137 3600 conjiciendum
3171 3540 3453 3604 praebebat

1876 3627 1967 3680 Dei
2024 3629 2156 3681 iram
2216 3630 2476 3682 adversus
2518 3630 2735 3696 impios.
2801 3626 3002 3680 Deinde
3053 3629 3190 3696 ignis
3228 3647 3450 3699 quoque

1875 3718 2128 3786 desuper,
2167 3719 2401 3787 quierat
2432 3716 2667 3786 perfecta
2715 3717 2887 3786 plaga.
2930 3718 3064 3784 pluit
3117 3720 3167 3771 iu
3229 3731 3450 3774 terram.

1877 3809 1982 3862 Sed
2020 3826 2085 3862 ne
2113 3809 2187 3864 sic
2213 3811 2430 3878 quidem
2459 3813 2634 3876 potuit
2658 3809 2851 3874 corrigi
2894 3809 3217 3870 sceleratus,
3274 3829 3451 3880 neque

1874 3900 2013 3954 ﬂecti
2063 3900 2164 3956 sub
2223 3901 2428 3967 potenti
2476 3915 2640 3953 manu
2683 3901 2797 3953 Dei.
2833 3900 3008 3955 Tanto
3043 3911 3226 3954 autem
3262 3903 3450 3957 furore

1875 4005 1993 4049 erat
2026 4009 2289 4047 accensus
2347 3994 2612 4048 adversus
2667 3993 3028 4060 Christianos,
3070 4002 3129 4048 ut
3183 3996 3348 4050 etiam
3390 3997 3458 4051 ad

1877 4104 2056 4154 regem
2093 4087 2375 4140 Persarum
2446 4088 2653 4140 miserit
2698 4087 3045 4155 legationem,
3095 4097 3151 4141 et
3188 4089 3459 4157 rogaverit

1876 4189 1932 4233 ut
1962 4181 2074 4247 ipse.
2101 4195 2319 4248 quoque
2378 4178 2580 4231 faceret
2631 4179 2848 4238 similia,
2890 4189 2942 4231 et
3001 4195 3215 4242 omnes,
3266 4179 3358 4247 qui
3397 4179 3451 4232 in

1873 4288 1969 4326 sua
2026 4272 2234 4326 ditione
2308 4271 2753 4336 itweuiebantur,
2809 4269 3152 4324 Christianos
3201 4271 3458 4339 perderet

1873 4364 2117 4418 funditus
2157 4380 2170 4416 :
2205 4363 2248 4416 si
2287 4361 2470 4426 vellet,
2503 4363 2776 4432 inquiens,
2823 4363 2992 4416 solem
3039 4362 3239 4416 habere
3267 4365 3451 4431 propi-

1877 4457 2028 4518 tium,
2073 4465 2128 4509 et
2175 4455 2292 4522 ejus
2343 4468 2568 4522 patrem,
2632 4457 2772 4507 sicut
2810 4453 2897 4508 ille
2958 4458 3266 4523 nugabatur
3333 4469 3456 4509 esse

1878 4548 2044 4602 Deum
2078 4546 2448 4600 llebrzeorum.
2510 4545 2743 4613 Scripsit
2797 4546 2965 4599 etiam
3009 4547 3077 4600 ad
3112 4545 3449 4600 .-\lamuuda-

1875 4655 1992 4694 rum
2025 4639 2217 4693 ducem
2269 4639 2718 4702 Sarracenorum,
2771 4639 2860 4708 qui
2893 4649 3052 4692 erant
3098 4640 3203 4692 sub
3250 4640 3453 4702 Persis,

1877 4731 2200 4802 promittens
2242 4746 2298 4784 se
2344 4730 2392 4782 ei
2432 4730 2594 4782 etiam
2639 4730 2892 4782 daturum
2934 4729 3213 4796 pecunias,
3260 4729 3302 4780 si
3336 4745 3452 4780 mo-

1877 4839 2002 4883 veat
2033 4826 2464 4894 persecutionem
2495 4825 2755 4877 adversus
2784 4825 3151 4889 Christianos,
3195 4825 3285 4893 qui
3325 4835 3453 4878 sunt

1875 4921 1923 4974 ei
1967 4918 2214 4986 subjecti.
2267 4917 2367 4972 Sed
2417 4917 2504 4970 ille
2565 4916 2782 4985 quidem
2832 4927 2948 4968 erat
3017 4917 3150 4967 adeo
3215 4916 3454 4968 infestus

1875 5013 2222 5073 Christianis,
2260 5022 2311 5063 et
2364 5013 2441 5063 sie.
2480 5009 2713 5062 faciebat
2745 5025 2758 5061 :
2789 5008 2993 5076 justitia
3027 5019 3208 5060 autem
3246 5023 3454 5076 nequa-

1868 5122 2027 5174 quam
2067 5106 2303 5156 Cessavit
2329 5102 2553 5170 implere
2595 5118 2720 5154 suas
2757 5113 2938 5169 partes
2995 5101 3046 5152 in
3095 5100 3180 5159 iis,
3218 5117 3338 5168 qua:
3372 5102 3452 5154 sic

1869 5200 2084 5250 fiebant.
2126 5196 2375 5250 Justinus
2406 5195 2550 5248 enim
2601 5194 2939 5262 (imperator)
2990 5209 3114 5246 cum
3153 5194 3228 5247 sic
3273 5195 3320 5246 ei
3375 5196 3452 5246 vi-

1866 5306 1984 5344 sum
2013 5298 2177 5351 esset,
2219 5289 2464 5342 hortatus
2508 5299 2589 5341 est
2647 5281 3095 5351 Alamuudarum,
3133 5296 3188 5339 ut
3241 5286 3448 5342 hedera

1867 5380 2016 5449 pacis
2048 5380 2210 5433 iniret
2237 5394 2358 5432 cum
2393 5378 2710 5432 Sarraceuis
2775 5377 3144 5432 Romanorum
3199 5379 3446 5447 vectiga-

1868 5475 2007 5527 libus
2039 5491 2050 5525 :
2087 5481 2142 5526 et
2172 5473 2372 5527 missus
2398 5481 2482 5525 est
2517 5472 2860 5533 Abraamius,
2889 5472 2971 5523 vir
2997 5471 3118 5539 pius
3159 5471 3453 5541 etpresby-

1868 5578 1970 5630 ter,
2006 5564 2096 5634 qui
2141 5565 2240 5618 hac
2265 5563 2584 5633 fungeretur
2627 5563 2916 5632 legatione.
2969 5563 3215 5616 Aderant
3257 5571 3441 5616 autem

1866 5658 1974 5712 illic
2033 5671 2251 5725 quoque
2290 5671 2318 5708 a
2366 5671 2491 5724 rege
2538 5655 2846 5718 Persarum,
2903 5667 3025 5705 cum
3075 5650 3162 5703 alii
3191 5651 3440 5718 quidam,

1865 5763 1976 5806 tum
2007 5749 2242 5804 lsaacius
2267 5763 2482 5818 quoque
2513 5747 2811 5816 presbyter,
2867 5743 2978 5814 qui_
3006 5755 3232 5813 prmerat
3279 5742 3438 5796 Chri-

1863 5841 2050 5895 stianis
2082 5837 2414 5901 orthodoxis,
2478 5835 2568 5906 qui
2633 5836 2684 5887 in
2748 5834 2962 5888 Perside
3019 5840 3192 5887 erant.
3232 5831 3433 5885 Aderat
