4198 6312
196 371 327 438 1281

1342 371 1809 434 MARTYRIUM
1852 374 1912 435 S.
1956 375 2306 439 ARE'l‘HzE.

3308 388 3440 452 1282

188 482 405 535 εὐσεϐεῖ
458 480 719 536 δοκοῦντα
796 483 1089 555 Ἰουστίνῳ,
1152 484 1273 539 ούδέ
1326 484 1491 547 αὐτὸς
1538 484 1757 567 ἀπαρά-

1859 484 2201 555 septuaginta
2230 487 2285 541 in
2322 489 2436 558 ipsa
2472 490 2651 546 hieme
2672 492 3086 563 construxisset,
3116 497 3250 567 quin
3279 499 3442 557 etiam

194 590 387 637 σκευος
445 569 531 644 ἦν·
594 575 749 646 ἔτυχε
804 579 914 647 γὰρ
977 576 1371 646 συλλεξάμενος
1445 569 1744 646 ἀξιόμαχον

189 666 452 736 στρατιάν
512 666 575 719 ἐκ
623 683 683 719 τε
714 668 926 731 οἰκείας
973 669 1067 721 καὶ
1111 668 1454 739 συμμαχίδος
1485 668 1612 739 άχρι
1653 667 1763 720 τῶν

188 755 520 809 δυοκαίδεκα
550 759 854 828 μυριάδων.
883 757 992 813 Ἦν
1020 759 1075 812 δὲ
1107 762 1204 812 καὶ
1235 760 1402 814 πλοῖα
1431 775 1764 813 κατεσκευα-

192 846 301 909 κὼς
336 847 716 918 ἐϐδομήκοντα
751 852 883 921 παρ’
939 850 1089 920 αύτῷ
1134 850 1211 922 τῷ
1243 852 1513 922 χειμῶνι·
1554 852 1615 905 ού
1654 851 1762 923 μὴν

192 937 329 990 ἀλλὰ
360 940 454 991 καὶ
483 941 547 993 ἐκ
579 942 688 994 τῶν
717 943 976 1015 ἐμπόρων
1005 944 1230 1015 Περσῶν
1261 962 1319 998 τε
1346 947 1441 999 καὶ
1462 944 1757 1009 Αἰθιόπων,

192 1027 468 1100 ἐμπορίας
501 1033 665 1103 χάριν
708 1036 890 1086 ἐκεῖσε
942 1037 1275 1105 κατάραντα,
1311 1037 1438 1104 περί
1489 1053 1590 1087 που
1640 1036 1763 1104 ἐξὴ-

187 1134 356 1172 κοντα
408 1124 779 1187 συνελέξαντο.
819 1125 960 1178 Ὅσα
1006 1126 1137 1195 γοῦν
1189 1128 1530 1199 πεπονηκότα
1581 1123 1649 1199 ἦν
1701 1128 1761 1193 ἐξ

186 1209 373 1265 αὐτῶν
429 1216 958 1286 ἐπισκευασάμενος,
1018 1219 1113 1271 καὶ
1176 1217 1354 1271 πάντα
1400 1217 1624 1288 θέμενος
1671 1219 1761 1271 εύ-

184 1303 386 1373 τρεπῆ.
420 1304 536 1374 ἅμα
580 1306 703 1378 ἔαρι
760 1310 860 1379 τὴν
892 1311 1158 1379 στρατιὰν
1192 1311 1469 1381 ἐμϐαλὼν,
1526 1312 1667 1366 ὅπλα
1698 1328 1757 1365 τε

187 1394 282 1444 καὶ
331 1393 527 1457 ἵππους
557 1397 652 1449 καί
702 1397 803 1466 τὴν
867 1397 1032 1468 ἄλλην
1063 1397 1449 1469 παρασκευὴν,
1500 1398 1761 1467 ἠπείγετο

188 1485 462 1554 συμμίξαι
499 1489 611 1552 τοῖς
643 1488 945 1560 πολεμίοις.
987 1492 1099 1545 Καὶ
1138 1490 1204 1546 δι’
1258 1491 1489 1561 ἠπείρου
1543 1490 1641 1560 μὲν
1686 1490 1761 1553 ὡς

185 1572 252 1623 ἐκ
275 1573 427 1627 νότου
456 1577 555 1646 τῆς
609 1579 909 1644 Αἰθιόπων,
959 1580 1235 1651 ἐξέπεμπέ
1283 1596 1434 1641 τινας
1464 1578 1573 1633 τῶν
1621 1578 1760 1650 Βαρ-

1866 590 1932 630 ex
1966 578 2394 647 negotiatoribus
2438 581 2615 639 Persis
2648 592 2704 640 et
2752 586 3128 659 Etliiopibus.
3183 590 3275 660 qui
3320 593 3449 650 illuc

1864 677 2131 722 venerant
2161 681 2484 727 mercatura:
2508 676 2680 745 gratia
2702 718 2716 742 ,
2748 693 2917 734 naves
2955 680 3094 736 altas
3140 683 3450 755 collegisset

1865 757 1931 812 ad
1962 762 2242 831 sexaginta
2278 785 2291 818 :
2330 780 2565 837 cumque
2597 784 2722 836 eas,
2759 786 2879 840 quae
2912 787 2978 828 cx
3007 774 3139 844 ipsis
3186 778 3443 847 collapsze

1866 848 2120 919 fuerant,
2159 855 2519 915 instaurasset
2568 876 2633 917 ac
2668 862 2970 930 reiecisset,
3015 876 3071 922 et
3112 870 3296 924 omnia
3354 889 3445 942 pa-

1866 950 2061 1007 rasset,
2096 946 2241 1000 veris
2287 948 2443 1005 initio
2476 954 2648 1009 movit
2680 960 3003 1027 exercitum,
3054 962 3331 1031 armisque
3388 976 3442 1017 et

1865 1034 2020 1102 equis
2059 1045 2113 1091 et
2165 1037 2270 1093 alio
2311 1052 2571 1112 apparatu
2604 1049 2956 1118 properabat,
2989 1064 3049 1107 ut
3098 1054 3281 1121 praalio
3312 1070 3443 1109 con-

1862 1122 2071 1196 ﬂigeret
2104 1144 2226 1183 cum
2262 1131 2514 1190 inimicis.
2557 1136 2618 1191 Et
2645 1153 2743 1207 per
2791 1142 3170 1199 continentem
3218 1145 3440 1214 quidem

1858 1218 1925 1272 ab
1983 1218 2225 1276 inferiori
2306 1236 2459 1294 parte
2523 1228 2817 1302 IEthiOpia:
2878 1235 3025 1289 misit
3119 1237 3435 1307 quindecim

1858 1308 2027 1363 millia
2054 1311 2374 1385 Ethiopum
2407 1321 2475 1374 ad
2505 1321 2857 1382 IIomeritidis
2907 1336 3091 1398 partes
3132 1330 3304 1401 magis
3352 1346 3442 1386 oc-

1859 1399 2179 1470 cidentales,
2216 1420 2274 1462 ut
2303 1408 2422 1479 ipse
2457 1417 2680 1483 quidem
2714 1435 2811 1489 per
2841 1436 2989 1477 mare
3019 1438 3143 1478 cum
3178 1424 3434 1488 navibus,

1860 1490 1935 1544 illi
1976 1503 2157 1550 autem
2187 1513 2284 1567 per
2323 1508 2522 1558 terram
2553 1504 2850 1576 irruentes,
2887 1511 3078 1568 hostes
3114 1513 3169 1568 in
3195 1514 3439 1570 medium

1868 1597 2204 1645 coercerent.

185 1664 372 1736 ὀάρων
428 1670 703 1725 Αἰθιόπων
749 1671 974 1742 μυρίους
1030 1670 1126 1725 καὶ
1155 1668 1622 1739 πεντακισχιλίους
1660 1670 1797 1739 πρὸς
1836 1672 1905 1724 τὰ
1961 1675 2056 1727 τοῦ
2122 1677 2421 1752 Ὀμηρίτου
2471 1686 2928 1765 άνατολικὼτερα,
2989 1695 3068 1760 ὡς
3112 1696 3180 1749 ἂν
3225 1698 3289 1749 ἐκ
3336 1688 3460 1764 μὲνΔ

183 1760 408 1830 δυσμῶν
458 1757 610 1828 οὗτος
655 1765 744 1819 διά
777 1765 1052 1836 θαλάσσης
1088 1765 1227 1836 μετὰ
1273 1764 1383 1818 τῶν
1436 1764 1661 1833 πλοίων,
1710 1766 1910 1823 ἐκεῖνοι
1958 1771 2016 1825 δὲ
2068 1773 2154 1829 διὰ
2201 1776 2307 1849 γῆς
2352 1779 2413 1845 ἐξ
2462 1783 2739 1839 ἀνατολῶν
2774 1757 3126 1861 ἐμϐαλόντες,
3157 1794 3283 1857 τοὺς
3336 1757 3439 1846 πο..

198 1859 420 1929 λεμίους
448 1863 528 1925 είς
554 1864 720 1932 μέσον
754 1862 1027 1933 εἷρξωσιν.

257 1953 395 2010 KH'.
435 1957 498 2008 Οί
535 1956 632 2026 μὲν
682 1956 775 2011 οὖν
809 1957 1112 2029 Βάρϐαροι,
1158 1958 1382 2023 πολλαῖς
1431 1960 1667 2031 ἡμέραις
1697 1960 1761 2014 δι’

1937 1959 2177 2019 XXVIII.
2219 1964 2486 2024 Caeterum
2518 1969 2593 2026 illi
2624 1972 2864 2042 quidem,
2900 1989 3024 2031 cum
3078 1983 3277 2038 multos
3324 1985 3440 2043 dies

183 2040 432 2113 ἀνύδρων
464 2059 524 2096 τε
552 2046 648 2098 καὶ
682 2046 963 2103 δυσΰάτων
994 2048 1313 2112 ὁδεύσαντες
1369 2050 1478 2101 τῶν
1507 2050 1751 2120 χωρίων,

184 2132 427 2201 ἅπαντες
473 2136 867 2211 διεφθάρησαν,
910 2143 1050 2213 μήτε
1104 2141 1240 2213 πρὸς
1299 2142 1389 2194 τὸν
1434 2140 1752 2212 Ὀμηρίτην,

189 2232 330 2300 μήτε
391 2233 529 2305 πρὸς
563 2235 662 2307 τὴν
711 2238 920 2292 οἰκείαν
952 2239 1346 2309 διαρκέσαντες
1381 2238 1753 2309 ὑποστρέψαι.

197 2318 257 2375 Ὀ
287 2320 345 2373 δέ
386 2338 449 2390 γε
510 2323 786 2393 βασιλεὺς,
834 2327 935 2396 ήδη
968 2330 1097 2396 περὶ
1126 2328 1216 2380 τὸν
1247 2327 1478 2382 ἔκπλουν
1505 2326 1600 2395 ὢν,
1632 2328 1760 2398 ἀφί-

188 2427 317 2466 κετο
346 2416 426 2477 είς
452 2415 512 2467 τὸ
544 2417 709 2485 ίερὸν,
748 2419 842 2469 καὶ
892 2418 998 2487 πρὸ
1032 2420 1131 2488 τῆς
1169 2421 1377 2473 εἰσόδου
1413 2423 1471 2473 ἐν
1498 2420 1577 2491 τῷ
1624 2438 1759 2489 προ-

186 2504 325 2576 νὰῳ,
358 2505 457 2576 τὴν
488 2505 758 2577 βασίλειον
790 2508 996 2579 ἐσθῆτα
1035 2510 1217 2576 ἐκδὺς,
1248 2511 1418 2564 τάλλα
1449 2529 1509 2565 τε
1560 2514 1757 2565 ἀποθέ-

192 2613 356 2667 μενος
412 2599 721 2671 παράσημα
773 2601 875 2670 τῆς
930 2601 1129 2671 ἀρχῆς,
1164 2605 1221 2655 ἐν
1253 2603 1513 2674 ἰδιωτικῷ
1550 2604 1648 2675 μὲν
1680 2605 1758 2656 εί-

189 2683 356 2752 σῆλθε
407 2686 484 2755 τῷ
540 2690 822 2759 σχήματι·
886 2690 1016 2753 στὰς
1044 2691 1101 2743 δὲ
1134 2692 1422 2744 κατέναντι
1444 2691 1537 2745 τοῦ
1573 2690 1758 2744 θυσια-

190 2776 437 2845 στηρίου,
470 2778 563 2829 καὶ
611 2780 783 2832 πολλά
827 2780 1043 2849 δεηθεὶς
1068 2782 1163 2836 τοῦ
1197 2784 1356 2849 Θεοῦ,
1390 2784 1482 2837 καὶ
1511 2784 1760 2855 ἀναμνή-

189 2880 291 2928 σας
318 2868 425 2920 τῶν
452 2870 571 2921 κατ’
596 2870 872 2937 Αἴγυπτον
899 2872 1247 2943 θαυμασίων,
1304 2878 1400 2929 καὶ
1461 2877 1571 2929 τῶν
1615 2879 1758 2931 κατὰ

188 2958 291 3030 τὴν
326 2958 530 3032 ἔρημον
586 2967 696 3027 τοῖς
754 2962 1028 3035 Ἐὁραίοις
1086 2968 1235 3039 αύτῷ
1283 2970 1610 3038 γενομένων,
1664 2971 1759 3022 καὶ

202 3049 292 3114 Ὠς
322 3055 625 3124 ἀχάριστοι,
657 3057 809 3128 φησὶ,
842 3059 971 3128 περὶ
1000 3057 1090 3113 τὸν
1132 3061 1451 3132 εὐεργέτην,
1479 3061 1578 3115 οὐκ
1620 3063 1761 3115 ἐκεῖ·

194 3159 276 3194 νοι
312 3145 497 3210 μόνον,
531 3145 668 3199 ἀλλὰ
732 3149 825 3201 καὶ
878 3144 1024 3203 οὗτοι
1079 3151 1128 3204 οί
1180 3152 1406 3205 ἐκείνων
1468 3154 1760 3222 γεγόνασιν

192 3233 429 3303 ἔκγονοι,
458 3239 562 3292 ικαὶ
612 3241 711 3293 ὅσα
751 3241 1197 3311 ἐπονηρεύσαντο
1247 3246 1303 3297 ἐν
1341 3249 1407 3316 τῇ
1445 3247 1598 3298 πόλει
1642 3263 1757 3311 σου,

1858 2052 1962 2107 iter
1999 2056 2259 2113 fecissent
2312 2078 2410 2131 per
2446 2063 2563 2120 loca
2595 2067 2746 2122 arida
2792 2076 2847 2124 et
2900 2072 3132 2127 transitu
3177 2074 3437 2146 dillicilia,

1857 2160 2046 2201 omnes
2084 2151 2433 2216 interierunt,
2468 2166 2526 2210 ut
2552 2158 2644 2226 qui
2673 2175 2774 2214 nec
2800 2164 3090 2229 pervenire
3140 2166 3207 2220 ad
3239 2166 3442 2227 Home-

1857 2236 2048 2302 ritam,
2086 2255 2189 2296 nec
2242 2242 2309 2296 ad
2352 2245 2626 2317 regionem
2678 2265 2831 2304 suam
2897 2255 3177 2326 potuerint
3232 2261 3435 2319 redire.

1857 2326 1973 2382 Rex
2022 2339 2206 2386 autem
2242 2349 2365 2389 cum
2410 2337 2522 2408 jam
2556 2349 2704 2396 esset
2746 2344 3133 2413 navigaturus,
3178 2351 3327 2405 venit
3369 2355 3436 2409 ad

1860 2421 2144 2491 templum,
2177 2426 2245 2481 ad
2277 2429 2436 2498 cujus
2472 2430 2641 2501 fores,
2697 2433 2841 2504 regia
2907 2448 3055 2493 veste
3094 2441 3320 2513 aliisque
3360 2445 3430 2498 in-

1857 2514 2047 2584 signiis
2091 2516 2302 2587 imperii
2340 2521 2636 2591 depositis,
2671 2524 2948 2595 ingressus
2979 2531 3199 2599 quidem
3246 2545 3329 2589 est
3378 2536 3434 2591 in

1859 2605 2068 2671 privato
2101 2610 2310 2666 habitu.
2368 2610 2526 2668 Stans
2554 2625 2735 2671 autem
2770 2633 2836 2672 cx
2878 2619 3107 2677 adverso
3138 2639 3279 2692 aras,
3312 2642 3435 2682 cum

1859 2694 2029 2751 Deum
2062 2700 2293 2755 multum
2327 2717 2556 2774 orasset,
2582 2722 2635 2762 et
2665 2709 2804 2765 facta
2836 2712 2904 2766 ab
2947 2712 3068 2780 ipso
3118 2716 3171 2769 in
3202 2716 3434 2789 Egypto

1858 2787 2117 2843 miracula
2148 2799 2309 2861 atque
2354 2795 2406 2848 in
2457 2796 2572 2863 ipsa
2603 2799 2897 2854 solitudine
2930 2819 3028 2870 pro
3079 2787 3321 2863 Hebraeis
3343 2787 3355 2788 ί
3379 2812 3437 2867 in

1860 2881 2178 2936 memoriam
2234 2893 2544 2941 revocasset
2589 2903 2602 2941 :
2644 2887 2747 2954 Illi,
2801 2891 3055 2959 dicebat,
3087 2894 3309 2954 fuerunt
3357 2901 3439 2955 in~

1861 2974 1998 3038 grati
2029 2973 2084 3026 in
2123 2985 2173 3030 te
2202 2976 2642 3045 benefactorem,
2683 2996 2861 3049 neque
2905 2985 2979 3040 illi
3007 2987 3220 3055 solum,
3250 2993 3346 3048 sed
3399 2993 3436 3047 ii

1860 3063 2046 3128 etiam,
2078 3067 2167 3133 qui
2204 3083 2269 3120 ex
2307 3069 2387 3121 cis
2415 3072 2529 3123 nati
2557 3081 2707 3126 sunt.
2741 3072 2821 3128 Tu
2852 3077 2998 3131 enim
3023 3079 3152 3145 scis,
3184 3082 3433 3152 Domine,

1862 3167 2023 3224 quam
2052 3170 2110 3210 se
2141 3157 2279 3212 male
2313 3162 2581 3230 gesserint
2607 3162 2660 3216 in
2700 3173 2789 3217 tua
2816 3167 3035 3222 civitate
3056 3209 3070 3234 ,
3106 3179 3164 3225 ut
3214 3173 3307 3243 qui
3339 3190 3437 3244 po-

1864 3245 2051 3311 pulum
2093 3246 2241 3301 illum
2276 3264 2372 3319 per
2414 3250 2597 3305 dolum
2654 3252 3136 3326 circumvenerint,
3169 3271 3225 3317 et
3253 3266 3436 3322 consi-

186 3325 281 3378 τὸν
312 3326 438 3380 λαόν
488 3347 581 3383 σου
634 3335 1333 3404 καταπανουργευσάμενοι,
1393 3336 1487 3387 καὶ
1546 3334 1761 3405 βουλευ-

1863 3336 1992 3389 lium
2032 3339 2256 3395 inierint
2284 3342 2548 3399 adversus
2582 3357 2802 3402 sanctos
2834 3357 2975 3416 tuos,
3002 3361 3056 3405 et
3095 3353 3148 3408 in
3175 3371 3306 3423 eos,
3338 3358 3432 3427 qui

192 3418 419 3487 σάμενοι
455 3425 598 3473 κατὰ
659 3424 769 3475 τῶν
828 3424 1000 3492 ἁγίων
1061 3442 1180 3491 σου,
1219 3426 1314 3479 καὶ
1346 3426 1427 3479 ἔτι
1464 3428 1605 3481 κατὰ
1652 3427 1762 3481 τῶν

1860 3435 2088 3494 restant,
2135 3432 2313 3486 adhuc
2358 3436 2497 3487 mala
2534 3439 2943 3497 macltinentur.
2986 3445 3141 3509 Quod
3170 3444 3216 3502 si
3249 3456 3434 3505 nostra

193 3510 640 3585 ὑπολειπομένων
672 3516 889 3587 πονηρά
946 3519 1335 3591 σκεπτόμενοι,
1386 3520 1480 3574 καὶ
1512 3519 1587 3585 ὡς
1645 3522 1761 3590 εἴγε

1863 3530 2083 3590 peccata
2116 3522 2170 3577 id
2203 3535 2504 3593 merentur,
2539 3530 2635 3584 sed
2666 3546 2735 3585 ne
2773 3543 2827 3586 tu
2871 3551 2968 3589 nos
3003 3539 3186 3594 tradas
3220 3541 3436 3597 illorum

190 3604 247 3656 ci.
281 3605 563 3677 ἡμέτεραι,
603 3609 873 3675 Δέσποτα,
930 3611 1429 3680 παρεμποδίζουσιν
1472 3613 1759 3680 ἁμαρτίαι,

192 3697 329 3749 ἀλλὰ
376 3700 450 3766 μὴ
485 3702 607 3761 ταῖς
655 3701 879 3753 ἐκείνων
920 3701 1215 3773 παραδῴης
1268 3704 1478 3772 χερσὶν,
1527 3704 1643 3757 ἀλλ’
1686 3706 1761 3768 ὡς

190 3789 260 3843 ἂν
316 3791 479 3853 αὐτὸς
538 3790 854 3861 ἐθελήσειας
909 3795 1181 3865 τιμωρίαν
1220 3796 1351 3863 ἡμῖν
1405 3796 1617 3863 ἐπίθες,
1680 3802 1754 3870 μή

192 3900 324 3935 ποτε
359 3884 577 3951 εἴπωσι,
615 3886 724 3939 Ποῦ
754 3890 901 3941 ἐστιν
931 3888 1015 3956 ἐφ’
1044 3885 1086 3954 ᾦ
1121 3887 1500 3957 ἐγκαυχῶνται
1528 3890 1763 3959 Χριστὸς

191 3977 287 4028 καὶ
326 3977 353 4028 ό
388 3978 578 4033 τούτου
613 3980 883 4045 σταυρός;
930 3979 1116 4033 Ταῦτα
1162 3980 1259 4034 σὺν
1297 3980 1566 4053 δάκρυσιν
1599 3984 1765 4036 ἐπευ-

194 4068 451 4137 ξάμενος,
517 4073 607 4125 καὶ
642 4071 985 4138 ἐπιθειάσας,
1040 4070 1208 4137 ἔξεισι
1252 4076 1347 4127 καὶ
1384 4073 1480 4126 τοῦ
1521 4074 1625 4126 νεὼ
1660 4074 1755 4127 καὶ

193 4163 294 4229 τῆς
334 4162 561 4229 πόλεως,
619 4163 715 4216 καὶ
749 4153 884 4235 πρός
916 4182 1035 4218 τινα
1074 4169 1313 4236 μοναχὸν
1348 4166 1675 4236 προὸλέπειν
1702 4168 1762 4220 τὸ

196 4252 395 4321 μέλλον
422 4252 491 4304 δι’
518 4251 715 4322 ἀρετῆς
750 4254 1010 4324 ἐργασίαν
1056 4242 1375 4323 ἧξιωμένον,
1415 4256 1510 4307 καὶ
1543 4257 1600 4308 ἐν
1625 4273 1762 4327 πυρ-

200 4348 378 4414 γίσκῳ
410 4347 731 4417 στενοχώρῳ
758 4347 849 4400 ἐπὶ
877 4347 1090 4417 χρόνοις
1127 4346 1228 4416 ἤδη
1259 4346 1418 4400 πέντε
1444 4350 1539 4401 καὶ
1566 4365 1761 4403 τεσσα-

206 4439 445 4506 ράκοντα
497 4438 919 4508 καθειργμένον,
978 4437 1229 4501 πεζεύων
1268 4441 1498 4508 ἀφίκετο
1544 4442 1636 4493 ἐπὶ
1662 4441 1757 4494 τοῦ

193 4529 360 4584 αὐτοῦ
429 4532 732 4600 σχήματος,
790 4530 1129 4599 πευσόμενός
1192 4550 1247 4583 τι
1302 4532 1411 4585 τῶν
1461 4551 1602 4586 κατα
1661 4535 1760 4602 τὴν

197 4622 398 4692 μάχην.
449 4623 714 4692 Ἐπήγετο
742 4623 796 4675 δὲ
825 4625 914 4674 καὶ
951 4622 1270 4691 θυμιάματα
1301 4624 1553 4691 σύνθετα,
1590 4627 1648 4679 ἐν
1680 4622 1760 4688 οἷς

193 4711 261 4783 ἦν
295 4713 387 4765 καὶ
416 4714 635 4783 χρυσίον
653 4713 863 4783 ἀδήλως
890 4716 1323 4786 συγκαταμίξας.
1353 4717 1421 4769 "A
1454 4718 1548 4769 καὶ
1567 4719 1646 4789 τῷ
1671 4721 1763 4787 γέ-

192 4822 342 4875 ροντι
374 4805 665 4871 ἐπιδιδοὺς,
693 4807 871 4877 ἐξῄτει
895 4808 1060 4877 εὐχὴν
1092 4812 1185 4861 καὶ
1209 4808 1442 4880 δήλωσιν
1469 4811 1577 4865 τῶν
1599 4811 1765 4881 ἐκϐη-

193 4900 461 4967 σομένων.
508 4898 566 4951 Ὀ
592 4899 647 4951 δὲ
677 4901 768 4953 τὸν
801 4901 949 4954 δόλον
979 4902 1262 4971 φωράσας,
1299 4905 1394 4956 καὶ
1418 4904 1579 4972 γνοὺς
1607 4906 1764 4987 άκριτ

191 4990 301 5053 ϐὡς
362 4994 509 5052 ὅστις
560 4989 669 5059 εἴη,
707 4993 888 5045 Ἔστω
940 4996 1079 5063 μετά
1140 4993 1258 5059 σοῦ,
1311 4995 1464 5064 φησὶ,
1500 4997 1655 5059 Θεὸς,
1704 4997 1763 5059 ὃς

191 5081 290 5134 καὶ
322 5081 712 5151 συμϐασιλεύει
747 5100 848 5136 σοι.
894 5085 1041 5155 Πλὴν
1075 5085 1188 5137 ἀλλ’
1241 5086 1399 5139 ἄπιθι
1430 5103 1761 5156 κατωχυρω-

194 5174 357 5244 μένος
388 5176 452 5242 τῇ
487 5178 595 5227 τῶν
630 5175 925 5247 μαρτύρων
958 5177 1142 5249 θυσία,
1198 5172 1269 5248 ἦς
1302 5178 1598 5248 ὠσερράνθη
1655 5179 1767 5231 Κύ-

198 5284 333 5339 ριος,
390 5270 484 5319 καὶ
543 5274 662 5332 ταῖς
733 5270 920 5350 εὐχαῖς
983 5271 1289 5341 ἀρχιερέως
1330 5272 1762 5340 Ἀλεξανδρείας,

193 5361 292 5413 καὶ
323 5363 432 5422 τοῖς
467 5360 728 5432 δάκρυσιν
776 5364 1091 5423 Ἰουστίνου.

269 5454 398 5510 ΒΘΖ
441 5456 658 5507 Τούτων
691 5460 932 5521 ἀκούσας
972 5458 1291 5523 Ἐλεσῦαὰν,
1328 5463 1419 5512 καὶ
1454 5460 1766 5527 περαιτέρω

196 5548 275 5617 μὴ
314 5547 597 5616 πειράζειν
662 5552 917 5617 προσθεὶς
976 5550 1393 5619 ἐπευλογηθεὶς,
1430 5553 1595 5621 ἀπῄει
1648 5552 1767 5620 χαί-

197 5656 328 5707 ρων,
360 5640 453 5691 καὶ
500 5640 1057 5708 παρακελευσάμενος
1107 5643 1187 5711 τῷ
1238 5643 1628 5711 στρατεύματι,
1694 5642 1766 5711 μὴ

194 5729 362 5783 πλέον
414 5733 446 5801 ἢ
507 5734 726 5803 ἡμερῶν
781 5733 955 5786 εἴκοσι
1004 5753 1210 5806 τροφάς
1266 5733 1624 5804 ἐπιφέρεσθαι
1676 5735 1767 5786 τὸν

192 5819 361 5874 πλοῦν
395 5822 650 5877 ἐποιεῖτο.
690 5826 821 5879 Οὐδὲ
859 5829 884 5877 ὁ
931 5826 1032 5878 τῶν
1075 5826 1387 5895 Ὀμηριτῶν
1443 5823 1633 5895 ἡμέλει
1668 5825 1763 5894 βα-

1860 3615 2113 3667 manibus
2149 3631 2162 3666 :
2197 3618 2342 3684 quod
2378 3631 2561 3674 autem
2599 3623 2715 3692 ipse
2755 3623 3014 3693 volueris,
3053 3628 3155 3683 hoc
3181 3642 3435 3702 excepto,

1858 3702 2020 3758 nobis
2050 3704 2269 3775 impone
2298 3711 2650 3779 supplicium,
2678 3728 2749 3769 ne
2779 3714 2921 3771 forte
2952 3719 3171 3775 dicant:
3205 3722 3436 3779 Ubinam

1860 3806 1943 3849 εει
1972 3796 2210 3863 ipsorum
2248 3798 2521 3868 Christus,
2561 3816 2782 3876 propter
2817 3824 2979 3879 quem
3014 3811 3347 3882 gloriantur,
3380 3824 3436 3871 et

1860 3902 1995 3943 crux
2026 3889 2322 3959 ejusiﬂaec
2346 3910 2468 3949 cum
2501 3910 2754 3966 precatus
2786 3901 3126 3959 fuissetcum
3160 3906 3431 3980 lacryinis,

1861 3980 2137 4050 egreditur
2166 4000 2197 4037 e
2228 3987 2449 4056 templo,
2480 3997 2535 4043 et
2568 4003 2598 4043 e
2639 3990 2876 4058 civitate,
2929 4002 2984 4050 et
3029 3995 3096 4052 ad
3142 4000 3430 4068 quemdam

1864 4074 2237 4140 monachum,
2304 4078 2395 4147 qui
2468 4089 2691 4150 propter
2771 4085 2988 4140 virtutis
3059 4092 3433 4159 operationem

1862 4163 2059 4234 dignus
2090 4176 2209 4220 erat
2258 4166 2498 4235 habitus,
2551 4182 2607 4225 ut
2656 4175 2981 4242 praevideret
3021 4179 3225 4245 futura,
3272 4193 3327 4237 et
3379 4186 3435 4239 in

1860 4266 2094 4327 augusta
2127 4258 2522 4333 turriculajam
2562 4265 2918 4337 quadraginta
2969 4272 3211 4342 quinque
3262 4290 3439 4334 annos

1861 4347 2041 4404 fuerat
2066 4351 2344 4417 inclusus,
2396 4357 2561 4423 pedes
2604 4359 2755 4413 venit
2788 4360 2840 4415 in
2890 4364 3080 4418 eodem
3131 4365 3339 4430 habitu,
3368 4367 3437 4422 de

1861 4442 2049 4511 praelio
2084 4444 2482 4501 sciscitaturus.
2524 4447 2718 4502 Attulit
2750 4459 2931 4504 autem
2967 4455 3267 4524 composita
3302 4473 3440 4529 quo-

1863 4546 1968 4601 que
2001 4526 2351 4603 t'liymiamata
2375 4577 2388 4601 ,
2422 4538 2475 4590 in
2522 4540 2718 4607 quibus
2749 4541 2911 4594 etiam
2956 4558 3152 4600 aurum
3203 4526 3437 4604 latenter

1789 4666 1841 4723 ,ο
1867 4624 2253 4679 immiscuerat.
2283 4625 2414 4691 Quae
2456 4642 2579 4682 cum
2614 4629 2929 4687 tradidisset
2970 4637 3110 4701 seni,
3160 4643 3435 4709 quaerebat

1867 4732 2078 4787 preces,
2120 4728 2175 4772 et
2206 4719 2654 4789 signiﬁcationem
2690 4739 2903 4792 eorum,
2936 4744 3057 4798 qua:
3084 4741 3239 4785 erant
3272 4747 3430 4787 even-

1865 4818 2003 4864 tura.
2043 4810 2134 4865 Ille
2163 4820 2368 4877 autcm,
2423 4812 2547 4868 dolo
2596 4816 2972 4886 deprehenso,
3026 4835 3148 4874 cum
3184 4822 3433 4891 quisnam

1861 4908 2031 4962 esset,
2061 4900 2266 4969 optime
2296 4912 2483 4957 nosset
2512 4920 2526 4959 :
2563 4904 2648 4959 Sit
2675 4920 2874 4973 tecum,
2904 4909 3111 4978 inquit,
3147 4908 3309 4980 Deus,
3344 4916 3436 4984 qui

1863 4990 2025 5044 etiam
2048 5001 2224 5048 tecum
2258 5006 2468 5067 regnat.
2504 4997 2854 5055 Vcrumenim
2893 5018 3027 5059 vero
3058 5005 3164 5069 abi,
3195 5008 3437 5063 munitus

1863 5095 2162 5156 martyrum
2210 5089 2499 5153 sacrificio,
2545 5093 2690 5159 quod
2743 5092 2883 5149 Deus
2935 5104 3019 5149 est
3061 5095 3337 5161 odoratus,
3385 5106 3438 5152 et

1868 5178 2123 5245 precibus
2154 5178 2427 5247 pontificis
2456 5181 2815 5248 Alexandriae,
2851 5193 2906 5239 et
2937 5184 3188 5255 Iacrymis
3214 5185 3429 5240 Justini.

1939 5462 2129 5517 XXIX.
2189 5465 2313 5517 Haec
2366 5481 2489 5519 cum
2539 5467 2802 5521 audiissct
2855 5469 3146 5530 Elesbaan,
3215 5478 3268 5523 et
3309 5484 3432 5526 eum

1866 5571 1972 5609 non
2018 5564 2281 5609 tentasset
2311 5558 2568 5626 amplius,
2604 5560 2980 5613 benedictione
3016 5554 3258 5628 accepta,
3304 5562 3435 5615 abiit

1866 5650 2036 5703 laetus.
2072 5648 2138 5701 Et
2168 5664 2291 5702 cum
2320 5651 2573 5719 jussisset
2604 5652 2900 5715 exercitui,
2933 5669 2999 5705 ne
3033 5656 3235 5705 ferrent
3274 5653 3430 5706 viati-

1868 5755 1988 5795 cum
2039 5740 2159 5807 plus
2215 5753 2375 5806 quam
2426 5742 2613 5811 viginti
2675 5744 2927 5809 dierum,
2977 5745 3261 5815 nawgavit.
3324 5743 3430 5798 Sed

1872 5846 2044 5899 neque
2084 5830 2360 5902 negligens
2404 5830 2502 5884 fuit
2538 5847 2629 5887 rex
2680 5835 3111 5903 Homeritarum;
3161 5849 3280 5887 nam
3318 5836 3431 5897 ipse
