  <div class='ocr_page' id='page_1' title='image "/cluster/home/n/w/nwhite01/storage/ocr_20150623/115/pst.000005714285/790.png"; bbox 0 0 4198 6312; ppageno 0'>
   <div class='ocr_carea' id='block_1_1' title="bbox 209 356 3458 442">
    <p class='ocr_par' dir='ltr' id='par_1_1' title="bbox 209 356 3458 442">
     <span class='ocr_line' id='line_1_1' title="bbox 209 356 3458 442; baseline 0.007 -32"><span class='ocrx_word' id='word_1_1' title='bbox 209 356 348 422; x_wconf 68' lang='lat'><strong>1285</strong></span> <span class='ocrx_word' id='word_1_2' title='bbox 1358 359 1827 424; x_wconf 76' lang='lat' dir='ltr'><strong>MARTYRIUM</strong></span> <span class='ocrx_word' id='word_1_3' title='bbox 1867 362 1930 425; x_wconf 69' lang='grc' dir='ltr'>ὃ.</span> <span class='ocrx_word' id='word_1_4' title='bbox 1971 362 2322 427; x_wconf 68' lang='lat' dir='ltr'><strong>ARETlI/E.</strong></span> <span class='ocrx_word' id='word_1_5' title='bbox 3325 377 3458 442; x_wconf 77' lang='lat'><strong>1286</strong></span> 
     </span>
    </p>
   </div>
   <div class='ocr_carea' id='block_1_2' title="bbox 210 472 1868 564">
    <p class='ocr_par' dir='ltr' id='par_1_2' title="bbox 210 472 1858 549">
     <span class='ocr_line' id='line_1_2' title="bbox 210 472 1858 549; baseline 0.003 -22"><span class='ocrx_word' id='word_1_6' title='bbox 210 473 318 527; x_wconf 82' lang='grc' dir='ltr'>νῶν</span> <span class='ocrx_word' id='word_1_7' title='bbox 347 472 553 530; x_wconf 78' lang='grc' dir='ltr'>ἄνωθεν</span> <span class='ocrx_word' id='word_1_8' title='bbox 593 473 798 540; x_wconf 80' lang='grc' dir='ltr'>κοντοῖς</span> <span class='ocrx_word' id='word_1_9' title='bbox 824 475 1132 548; x_wconf 76' lang='grc' dir='ltr'><strong>φερομένην</strong></span> <span class='ocrx_word' id='word_1_10' title='bbox 1164 476 1473 549; x_wconf 76' lang='grc' dir='ltr'><strong>προσδήσας</strong></span> <span class='ocrx_word' id='word_1_11' title='bbox 1515 477 1588 542; x_wconf 83' lang='grc' dir='ltr'>ὡς</span> <span class='ocrx_word' id='word_1_12' title='bbox 1607 479 1784 532; x_wconf 77' lang='grc' dir='ltr'><strong>δοκεῖν</strong></span> <span class='ocrx_word' id='word_1_13' title='bbox 1813 490 1858 548; x_wconf 76' lang='grc' dir='ltr'>Α</span> 
     </span>
    </p>
   </div>
   <div class='ocr_carea' id='block_1_3' title="bbox 1796 472 3454 564">
    <p class='ocr_par' dir='ltr' id='par_1_3' title="bbox 1813 478 3454 564">
     <span class='ocr_line' id='line_1_3' title="bbox 1813 478 3454 564; baseline 0.013 -33"><span class='ocrx_word' id='word_1_14' title='bbox 1813 490 1858 548; x_wconf 74' lang='grc' dir='ltr'>Α</span> <span class='ocrx_word' id='word_1_15' title='bbox 1891 478 2037 533; x_wconf 81' lang='lat' dir='ltr'><strong>misrt</strong></span> <span class='ocrx_word' id='word_1_16' title='bbox 2075 481 2239 534; x_wconf 87' lang='lat' dir='ltr'><strong>etiam</strong></span> <span class='ocrx_word' id='word_1_17' title='bbox 2269 481 2561 550; x_wconf 84' lang='lat' dir='ltr'><strong>quemdam</strong></span> <span class='ocrx_word' id='word_1_18' title='bbox 2595 499 2657 539; x_wconf 79' lang='lat' dir='ltr'><strong>ex</strong></span> <span class='ocrx_word' id='word_1_19' title='bbox 2693 485 2808 542; x_wconf 84' lang='lat' dir='ltr'><strong>suis</strong></span> <span class='ocrx_word' id='word_1_20' title='bbox 2839 489 3083 559; x_wconf 76' lang='lat' dir='ltr'><strong>cognatis</strong></span> <span class='ocrx_word' id='word_1_21' title='bbox 3116 507 3240 546; x_wconf 88' lang='lat' dir='ltr'><strong>cum</strong></span> <span class='ocrx_word' id='word_1_22' title='bbox 3270 495 3454 564; x_wconf 84' lang='lat' dir='ltr'><strong>viginti</strong></span> 
     </span>
    </p>
   </div>
   <div class='ocr_carea' id='block_1_4' title="bbox 209 565 1867 654">
    <p class='ocr_par' dir='ltr' id='par_1_4' title="bbox 209 565 1779 639">
     <span class='ocr_line' id='line_1_4' title="bbox 209 565 1779 639; baseline 0.004 -20"><span class='ocrx_word' id='word_1_23' title='bbox 209 567 277 619; x_wconf 84' lang='grc' dir='ltr'>τὰ</span> <span class='ocrx_word' id='word_1_24' title='bbox 309 565 409 638; x_wconf 76' lang='grc' dir='ltr'>ὄρη</span> <span class='ocrx_word' id='word_1_25' title='bbox 442 568 712 622; x_wconf 83' lang='grc' dir='ltr'>κινεῖσθαί</span> <span class='ocrx_word' id='word_1_26' title='bbox 746 585 857 620; x_wconf 87' lang='grc' dir='ltr'>τισι</span> <span class='ocrx_word' id='word_1_27' title='bbox 897 572 1166 638; x_wconf 78' lang='grc' dir='ltr'><strong>μηχαναῖς</strong></span> <span class='ocrx_word' id='word_1_28' title='bbox 1203 570 1294 622; x_wconf 74' lang='grc' dir='ltr'><strong>καὶ</strong></span> <span class='ocrx_word' id='word_1_29' title='bbox 1332 569 1594 639; x_wconf 85' lang='grc' dir='ltr'>φέρεσθαι</span> <span class='ocrx_word' id='word_1_30' title='bbox 1635 571 1779 625; x_wconf 80' lang='grc' dir='ltr'>κατὰ</span> 
     </span>
    </p>
   </div>
   <div class='ocr_carea' id='block_1_5' title="bbox 1796 565 3454 654">
    <p class='ocr_par' dir='ltr' id='par_1_5' title="bbox 1883 571 3454 654">
     <span class='ocr_line' id='line_1_5' title="bbox 1883 571 3454 654; baseline 0.012 -29"><span class='ocrx_word' id='word_1_31' title='bbox 1883 571 2124 625; x_wconf 88' lang='lat' dir='ltr'><strong>millibus</strong></span> <span class='ocrx_word' id='word_1_32' title='bbox 2153 573 2398 640; x_wconf 78' lang='lat' dir='ltr'><strong>equitum</strong></span> <span class='ocrx_word' id='word_1_33' title='bbox 2425 575 2491 628; x_wconf 85' lang='lat' dir='ltr'><strong>ad</strong></span> <span class='ocrx_word' id='word_1_34' title='bbox 2528 578 2916 645; x_wconf 87' lang='lat' dir='ltr'><strong>speculandam</strong></span> <span class='ocrx_word' id='word_1_35' title='bbox 2954 592 3162 650; x_wconf 89' lang='lat' dir='ltr'><strong>partem</strong></span> <span class='ocrx_word' id='word_1_36' title='bbox 3199 585 3367 654; x_wconf 85' lang='lat' dir='ltr'><strong>illam,</strong></span> <span class='ocrx_word' id='word_1_37' title='bbox 3401 590 3454 644; x_wconf 91' lang='lat' dir='ltr'><strong>in</strong></span> 
     </span>
    </p>
   </div>
   <div class='ocr_carea' id='block_1_6' title="bbox 206 659 1779 731">
    <p class='ocr_par' dir='ltr' id='par_1_6' title="bbox 206 659 1779 731">
     <span class='ocr_line' id='line_1_6' title="bbox 206 659 1779 731; baseline 0.002 -19"><span class='ocrx_word' id='word_1_38' title='bbox 206 659 317 713; x_wconf 83' lang='grc' dir='ltr'>τῶν</span> <span class='ocrx_word' id='word_1_39' title='bbox 350 660 550 714; x_wconf 79' lang='grc' dir='ltr'><strong>πλοίων</strong></span> <span class='ocrx_word' id='word_1_40' title='bbox 584 663 650 731; x_wconf 77' lang='grc' dir='ltr'>τῇ</span> <span class='ocrx_word' id='word_1_41' title='bbox 688 663 752 715; x_wconf 77' lang='grc' dir='ltr'>ὲκ</span> <span class='ocrx_word' id='word_1_42' title='bbox 785 661 992 715; x_wconf 85' lang='grc' dir='ltr'>τούτων</span> <span class='ocrx_word' id='word_1_43' title='bbox 1023 662 1153 731; x_wconf 81' lang='grc' dir='ltr'>σκιᾷ</span> <span class='ocrx_word' id='word_1_44' title='bbox 1185 661 1244 714; x_wconf 85' lang='grc' dir='ltr'><strong>τδ</strong></span> <span class='ocrx_word' id='word_1_45' title='bbox 1275 660 1481 713; x_wconf 83' lang='grc' dir='ltr'>λυποῦν</span> <span class='ocrx_word' id='word_1_46' title='bbox 1519 661 1612 714; x_wconf 83' lang='grc' dir='ltr'>τοῦ</span> <span class='ocrx_word' id='word_1_47' title='bbox 1645 662 1779 715; x_wconf 79' lang='grc' dir='ltr'>καύο</span> 
     </span>
    </p>
   </div>
   <div class='ocr_carea' id='block_1_7' title="bbox 211 753 1769 824">
    <p class='ocr_par' dir='ltr' id='par_1_7' title="bbox 211 753 1769 824">
     <span class='ocr_line' id='line_1_7' title="bbox 211 753 1769 824; baseline 0.002 -20"><span class='ocrx_word' id='word_1_48' title='bbox 211 769 383 824; x_wconf 82' lang='grc' dir='ltr'>ματος</span> <span class='ocrx_word' id='word_1_49' title='bbox 414 753 771 824; x_wconf 80' lang='grc' dir='ltr'>ἀπεκρούετο.</span> <span class='ocrx_word' id='word_1_50' title='bbox 806 753 1114 822; x_wconf 83' lang='grc' dir='ltr'>Ἐξέπεμπε</span> <span class='ocrx_word' id='word_1_51' title='bbox 1143 755 1197 806; x_wconf 84' lang='grc' dir='ltr'>δὲ</span> <span class='ocrx_word' id='word_1_52' title='bbox 1219 754 1448 806; x_wconf 83' lang='grc' dir='ltr'>καίτινα</span> <span class='ocrx_word' id='word_1_53' title='bbox 1471 755 1579 806; x_wconf 80' lang='grc' dir='ltr'>τῶν</span> <span class='ocrx_word' id='word_1_54' title='bbox 1608 755 1769 807; x_wconf 73' lang='grc' dir='ltr'>αὐτοῦ</span> 
     </span>
    </p>
   </div>
   <div class='ocr_carea' id='block_1_8' title="bbox 207 845 1776 916">
    <p class='ocr_par' dir='ltr' id='par_1_8' title="bbox 207 845 1776 916">
     <span class='ocr_line' id='line_1_8' title="bbox 207 845 1776 916; baseline 0.001 -21"><span class='ocrx_word' id='word_1_55' title='bbox 207 845 487 911; x_wconf 79' lang='grc' dir='ltr'>συγγενῶν</span> <span class='ocrx_word' id='word_1_56' title='bbox 526 845 666 915; x_wconf 79' lang='grc' dir='ltr'>μετὰ</span> <span class='ocrx_word' id='word_1_57' title='bbox 720 846 1020 915; x_wconf 79' lang='grc' dir='ltr'>δισμυρίων</span> <span class='ocrx_word' id='word_1_58' title='bbox 1071 847 1306 907; x_wconf 79' lang='grc' dir='ltr'>ἱππέων,</span> <span class='ocrx_word' id='word_1_59' title='bbox 1342 847 1477 916; x_wconf 77' lang='grc' dir='ltr'>πρὸς</span> <span class='ocrx_word' id='word_1_60' title='bbox 1509 848 1570 898; x_wconf 82' lang='grc' dir='ltr'>τὺ</span> <span class='ocrx_word' id='word_1_61' title='bbox 1605 863 1776 898; x_wconf 85' lang='grc' dir='ltr'>κατα-</span> 
     </span>
    </p>
   </div>
   <div class='ocr_carea' id='block_1_9' title="bbox 204 934 1776 1008">
    <p class='ocr_par' dir='ltr' id='par_1_9' title="bbox 204 934 1776 1008">
     <span class='ocr_line' id='line_1_9' title="bbox 204 934 1776 1008; baseline 0.001 -20"><span class='ocrx_word' id='word_1_62' title='bbox 204 938 480 1004; x_wconf 71' lang='grc' dir='ltr'>σκοπῆσαι</span> <span class='ocrx_word' id='word_1_63' title='bbox 511 937 572 988; x_wconf 74' lang='grc' dir='ltr'><strong>τὸ</strong></span> <span class='ocrx_word' id='word_1_64' title='bbox 623 938 811 1007; x_wconf 81' lang='grc' dir='ltr'>μέρος,</span> <span class='ocrx_word' id='word_1_65' title='bbox 855 937 980 988; x_wconf 81' lang='grc' dir='ltr'>ἔνθα</span> <span class='ocrx_word' id='word_1_66' title='bbox 1027 934 1092 1008; x_wconf 82' lang='grc' dir='ltr'>ἦν</span> <span class='ocrx_word' id='word_1_67' title='bbox 1123 939 1150 989; x_wconf 84' lang='grc' dir='ltr'>ὁ</span> <span class='ocrx_word' id='word_1_68' title='bbox 1191 939 1510 995; x_wconf 78' lang='grc' dir='ltr'>Ἓλεσϐαάν.</span> <span class='ocrx_word' id='word_1_69' title='bbox 1550 940 1658 992; x_wconf 82' lang='grc' dir='ltr'>Καί</span> <span class='ocrx_word' id='word_1_70' title='bbox 1691 955 1776 1001; x_wconf 88' lang='grc' dir='ltr'><strong>τις</strong></span> 
     </span>
    </p>
   </div>
   <div class='ocr_carea' id='block_1_10' title="bbox 204 1028 1775 1098">
    <p class='ocr_par' dir='ltr' id='par_1_10' title="bbox 204 1028 1775 1098">
     <span class='ocr_line' id='line_1_10' title="bbox 204 1028 1775 1098; baseline 0 -18"><span class='ocrx_word' id='word_1_71' title='bbox 204 1030 313 1080; x_wconf 56' lang='grc' dir='ltr'>τῷν</span> <span class='ocrx_word' id='word_1_72' title='bbox 347 1028 616 1098; x_wconf 79' lang='grc' dir='ltr'>εὐνούχων</span> <span class='ocrx_word' id='word_1_73' title='bbox 653 1028 745 1080; x_wconf 77' lang='grc' dir='ltr'>τοῦ</span> <span class='ocrx_word' id='word_1_74' title='bbox 799 1028 1086 1097; x_wconf 67' lang='grc' dir='ltr'>βασιλέως,</span> <span class='ocrx_word' id='word_1_75' title='bbox 1123 1030 1414 1082; x_wconf 75' lang='grc' dir='ltr'>ὑπολαϐὼν</span> <span class='ocrx_word' id='word_1_76' title='bbox 1443 1031 1634 1082; x_wconf 77' lang='grc' dir='ltr'>τοῦτον</span> <span class='ocrx_word' id='word_1_77' title='bbox 1695 1032 1775 1092; x_wconf 81' lang='grc' dir='ltr'>εἰς</span> 
     </span>
    </p>
   </div>
   <div class='ocr_carea' id='block_1_11' title="bbox 204 1118 1775 1210">
    <p class='ocr_par' dir='ltr' id='par_1_11' title="bbox 204 1118 1775 1210">
     <span class='ocr_line' id='line_1_11' title="bbox 204 1118 1775 1210; baseline 0.003 -39"><span class='ocrx_word' id='word_1_78' title='bbox 204 1121 507 1190; x_wconf 82' lang='grc' dir='ltr'>γυμνάσιον</span> <span class='ocrx_word' id='word_1_79' title='bbox 576 1122 796 1186; x_wconf 81' lang='grc' dir='ltr'>ἐξιέναι,</span> <span class='ocrx_word' id='word_1_80' title='bbox 851 1118 1076 1192; x_wconf 76' lang='grc' dir='ltr'>δοράτια</span> <span class='ocrx_word' id='word_1_81' title='bbox 1133 1123 1296 1174; x_wconf 87' lang='grc' dir='ltr'>πέντε</span> <span class='ocrx_word' id='word_1_82' title='bbox 1351 1126 1535 1192; x_wconf 81' lang='grc' dir='ltr'>χρυσᾶ</span> <span class='ocrx_word' id='word_1_83' title='bbox 1595 1122 1775 1210; x_wconf 78' lang='grc' dir='ltr'>λαϐὼν</span> 
     </span>
    </p>
   </div>
   <div class='ocr_carea' id='block_1_12' title="bbox 209 1213 1775 1286">
    <p class='ocr_par' dir='ltr' id='par_1_12' title="bbox 209 1213 1775 1286">
     <span class='ocr_line' id='line_1_12' title="bbox 209 1213 1775 1286; baseline 0.001 -21"><span class='ocrx_word' id='word_1_84' title='bbox 209 1213 534 1284; x_wconf 67' lang='grc' dir='ltr'>συνεξῆλθεν</span> <span class='ocrx_word' id='word_1_85' title='bbox 567 1214 737 1282; x_wconf 80' lang='grc' dir='ltr'>αὐτῷ.</span> <span class='ocrx_word' id='word_1_86' title='bbox 777 1213 933 1266; x_wconf 76' lang='grc' dir='ltr'>Ἐπεὶ</span> <span class='ocrx_word' id='word_1_87' title='bbox 962 1214 1016 1266; x_wconf 80' lang='grc' dir='ltr'><strong>δὲ</strong></span> <span class='ocrx_word' id='word_1_88' title='bbox 1056 1216 1180 1277; x_wconf 64' lang='grc' dir='ltr'>τοὺς</span> <span class='ocrx_word' id='word_1_89' title='bbox 1212 1218 1338 1286; x_wconf 83' lang='grc' dir='ltr'>περὶ</span> <span class='ocrx_word' id='word_1_90' title='bbox 1364 1217 1454 1268; x_wconf 75' lang='grc' dir='ltr'><strong>τὸν</strong></span> <span class='ocrx_word' id='word_1_91' title='bbox 1481 1215 1775 1269; x_wconf 70' lang='grc' dir='ltr'>Ἐλεσεαὰν</span> 
     </span>
    </p>
   </div>
   <div class='ocr_carea' id='block_1_13' title="bbox 205 1304 1776 1377">
    <p class='ocr_par' dir='ltr' id='par_1_13' title="bbox 205 1304 1776 1377">
     <span class='ocr_line' id='line_1_13' title="bbox 205 1304 1776 1377; baseline 0.003 -22"><span class='ocrx_word' id='word_1_92' title='bbox 205 1304 697 1374; x_wconf 79' lang='grc' dir='ltr'>ὲπαγρυπνοῦντας</span> <span class='ocrx_word' id='word_1_93' title='bbox 729 1304 899 1376; x_wconf 81' lang='grc' dir='ltr'>εὖροι,</span> <span class='ocrx_word' id='word_1_94' title='bbox 929 1305 1111 1359; x_wconf 88' lang='grc' dir='ltr'>λαϐὼν</span> <span class='ocrx_word' id='word_1_95' title='bbox 1141 1308 1232 1359; x_wconf 70' lang='grc' dir='ltr'><strong>τὸν</strong></span> <span class='ocrx_word' id='word_1_96' title='bbox 1262 1309 1535 1377; x_wconf 72' lang='grc' dir='ltr'>εὐνοῦχον,</span> <span class='ocrx_word' id='word_1_97' title='bbox 1571 1308 1663 1360; x_wconf 79' lang='grc' dir='ltr'><strong>καί</strong></span> <span class='ocrx_word' id='word_1_98' title='bbox 1695 1326 1776 1360; x_wconf 88' lang='grc' dir='ltr'>τι-</span> 
     </span>
    </p>
   </div>
   <div class='ocr_carea' id='block_1_14' title="bbox 203 1395 1772 1468">
    <p class='ocr_par' dir='ltr' id='par_1_14' title="bbox 203 1395 1772 1468">
     <span class='ocr_line' id='line_1_14' title="bbox 203 1395 1772 1468; baseline 0.004 -23"><span class='ocrx_word' id='word_1_99' title='bbox 203 1414 301 1458; x_wconf 83' lang='grc' dir='ltr'><strong>νας</strong></span> <span class='ocrx_word' id='word_1_100' title='bbox 335 1397 442 1449; x_wconf 85' lang='grc' dir='ltr'><strong>τῶν</strong></span> <span class='ocrx_word' id='word_1_101' title='bbox 473 1395 638 1449; x_wconf 80' lang='grc' dir='ltr'>αὑτοῦ</span> <span class='ocrx_word' id='word_1_102' title='bbox 677 1400 847 1467; x_wconf 84' lang='grc' dir='ltr'>τρεῖς,</span> <span class='ocrx_word' id='word_1_103' title='bbox 885 1396 1162 1466; x_wconf 76' lang='grc' dir='ltr'>μακρόθεν</span> <span class='ocrx_word' id='word_1_104' title='bbox 1205 1398 1367 1468; x_wconf 80' lang='grc' dir='ltr'>ἀπῄει</span> <span class='ocrx_word' id='word_1_105' title='bbox 1406 1400 1540 1468; x_wconf 79' lang='grc' dir='ltr'>πρὸς</span> <span class='ocrx_word' id='word_1_106' title='bbox 1573 1399 1772 1467; x_wconf 84' lang='grc' dir='ltr'>θήραν.</span> 
     </span>
    </p>
   </div>
   <div class='ocr_carea' id='block_1_15' title="bbox 206 1487 1776 1562">
    <p class='ocr_par' dir='ltr' id='par_1_15' title="bbox 206 1487 1776 1562">
     <span class='ocr_line' id='line_1_15' title="bbox 206 1487 1776 1562; baseline 0.002 -23"><span class='ocrx_word' id='word_1_107' title='bbox 206 1488 438 1556; x_wconf 81' lang='grc' dir='ltr'>Ἔτυχον</span> <span class='ocrx_word' id='word_1_108' title='bbox 464 1488 518 1539; x_wconf 80' lang='grc' dir='ltr'><strong>δέ</strong></span> <span class='ocrx_word' id='word_1_109' title='bbox 548 1506 693 1552; x_wconf 84' lang='grc' dir='ltr'>τινες</span> <span class='ocrx_word' id='word_1_110' title='bbox 720 1487 826 1543; x_wconf 83' lang='grc' dir='ltr'><strong>τῶν</strong></span> <span class='ocrx_word' id='word_1_111' title='bbox 858 1489 951 1542; x_wconf 78' lang='grc' dir='ltr'>τοῦ</span> <span class='ocrx_word' id='word_1_112' title='bbox 1018 1489 1313 1543; x_wconf 75' lang='grc' dir='ltr'>Ἐλεσϐαὰν</span> <span class='ocrx_word' id='word_1_113' title='bbox 1344 1490 1420 1559; x_wconf 82' lang='grc' dir='ltr'>τῷ</span> <span class='ocrx_word' id='word_1_114' title='bbox 1461 1490 1621 1562; x_wconf 64' lang='grc' dir='ltr'>λιμῷ,</span> <span class='ocrx_word' id='word_1_115' title='bbox 1657 1509 1776 1542; x_wconf 83' lang='grc' dir='ltr'>πιε-</span> 
     </span>
    </p>
   </div>
   <div class='ocr_carea' id='block_1_16' title="bbox 207 1577 1775 1651">
    <p class='ocr_par' dir='ltr' id='par_1_16' title="bbox 207 1577 1775 1651">
     <span class='ocr_line' id='line_1_16' title="bbox 207 1577 1775 1651; baseline 0.003 -22"><span class='ocrx_word' id='word_1_116' title='bbox 207 1577 423 1646; x_wconf 82' lang='grc' dir='ltr'>ζόμενοι</span> <span class='ocrx_word' id='word_1_117' title='bbox 472 1580 654 1632; x_wconf 85' lang='grc' dir='ltr'>ἵππων</span> <span class='ocrx_word' id='word_1_118' title='bbox 707 1579 995 1643; x_wconf 72' lang='grc' dir='ltr'>ἐπιϐάντες</span> <span class='ocrx_word' id='word_1_119' title='bbox 1044 1581 1237 1642; x_wconf 83' lang='grc' dir='ltr'>νυκτὸς</span> <span class='ocrx_word' id='word_1_120' title='bbox 1273 1583 1408 1651; x_wconf 57' lang='grc' dir='ltr'>πρδις</span> <span class='ocrx_word' id='word_1_121' title='bbox 1458 1583 1582 1644; x_wconf 72' lang='grc' dir='ltr'>τοὺς</span> <span class='ocrx_word' id='word_1_122' title='bbox 1616 1583 1775 1634; x_wconf 87' lang='grc' dir='ltr'>πολε-</span> 
     </span>
    </p>
   </div>
   <div class='ocr_carea' id='block_1_17' title="bbox 207 1670 1770 1740">
    <p class='ocr_par' dir='ltr' id='par_1_17' title="bbox 207 1670 1770 1740">
     <span class='ocr_line' id='line_1_17' title="bbox 207 1670 1770 1740; baseline 0.003 -20"><span class='ocrx_word' id='word_1_123' title='bbox 207 1671 362 1739; x_wconf 83' lang='grc' dir='ltr'>μίους</span> <span class='ocrx_word' id='word_1_124' title='bbox 416 1670 838 1740; x_wconf 75' lang='grc' dir='ltr'>διαδιδράσκειν,</span> <span class='ocrx_word' id='word_1_125' title='bbox 896 1670 944 1721; x_wconf 87' lang='grc' dir='ltr'>οἳ</span> <span class='ocrx_word' id='word_1_126' title='bbox 987 1673 1080 1723; x_wconf 76' lang='grc' dir='ltr'><strong>καὶ</strong></span> <span class='ocrx_word' id='word_1_127' title='bbox 1121 1673 1522 1740; x_wconf 76' lang='grc' dir='ltr'>περιτυχόντες</span> <span class='ocrx_word' id='word_1_128' title='bbox 1565 1675 1770 1737; x_wconf 70' lang='grc' dir='ltr'>αὐτοῖς,</span> 
     </span>
    </p>
   </div>
   <div class='ocr_carea' id='block_1_18' title="bbox 200 1761 1771 1834">
    <p class='ocr_par' dir='ltr' id='par_1_18' title="bbox 200 1761 1771 1834">
     <span class='ocr_line' id='line_1_18' title="bbox 200 1761 1771 1834; baseline 0.003 -23"><span class='ocrx_word' id='word_1_129' title='bbox 200 1763 329 1823; x_wconf 66' lang='grc' dir='ltr'>τοὺς</span> <span class='ocrx_word' id='word_1_130' title='bbox 367 1761 467 1830; x_wconf 81' lang='grc' dir='ltr'>μὲν</span> <span class='ocrx_word' id='word_1_131' title='bbox 523 1761 718 1822; x_wconf 83' lang='grc' dir='ltr'>ἄλλους</span> <span class='ocrx_word' id='word_1_132' title='bbox 765 1761 1124 1828; x_wconf 82' lang='grc' dir='ltr'>ἀπέκτειναν,</span> <span class='ocrx_word' id='word_1_133' title='bbox 1183 1763 1276 1814; x_wconf 79' lang='grc' dir='ltr'><strong>τὸν</strong></span> <span class='ocrx_word' id='word_1_134' title='bbox 1313 1767 1548 1834; x_wconf 84' lang='grc' dir='ltr'>συγγενῆ</span> <span class='ocrx_word' id='word_1_135' title='bbox 1583 1763 1639 1816; x_wconf 85' lang='grc' dir='ltr'>δὲ</span> <span class='ocrx_word' id='word_1_136' title='bbox 1675 1768 1771 1815; x_wconf 77' lang='grc' dir='ltr'>λα-</span> 
     </span>
    </p>
   </div>
   <div class='ocr_carea' id='block_1_19' title="bbox 1878 665 3460 734">
    <p class='ocr_par' dir='ltr' id='par_1_19' title="bbox 1878 665 3460 734">
     <span class='ocr_line' id='line_1_19' title="bbox 1878 665 3460 734; baseline 0.011 -17"><span class='ocrx_word' id='word_1_137' title='bbox 1878 679 1984 733; x_wconf 85' lang='lat' dir='ltr'><strong>qua</strong></span> <span class='ocrx_word' id='word_1_138' title='bbox 2017 674 2134 718; x_wconf 87' lang='lat' dir='ltr'><strong>erat</strong></span> <span class='ocrx_word' id='word_1_139' title='bbox 2160 665 2447 724; x_wconf 80' lang='lat' dir='ltr'><strong>Elesbaan,</strong></span> <span class='ocrx_word' id='word_1_140' title='bbox 2475 668 2704 733; x_wconf 86' lang='lat' dir='ltr'><strong>Quidam</strong></span> <span class='ocrx_word' id='word_1_141' title='bbox 2738 681 2917 725; x_wconf 90' lang='lat' dir='ltr'><strong>autem</strong></span> <span class='ocrx_word' id='word_1_142' title='bbox 2960 690 3026 727; x_wconf 79' lang='lat' dir='ltr'><strong>ex</strong></span> <span class='ocrx_word' id='word_1_143' title='bbox 3062 679 3330 734; x_wconf 77' lang='lat' dir='ltr'><strong>eunuchis</strong></span> <span class='ocrx_word' id='word_1_144' title='bbox 3370 697 3460 734; x_wconf 86' lang='lat' dir='ltr'><strong>re-</strong></span> 
     </span>
    </p>
   </div>
   <div class='ocr_carea' id='block_1_20' title="bbox 1877 755 3459 835">
    <p class='ocr_par' dir='ltr' id='par_1_20' title="bbox 1877 755 3459 835">
     <span class='ocr_line' id='line_1_20' title="bbox 1877 755 3459 835; baseline 0.013 -30"><span class='ocrx_word' id='word_1_145' title='bbox 1877 755 1957 824; x_wconf 84' lang='lat' dir='ltr'><strong>gis</strong></span> <span class='ocrx_word' id='word_1_146' title='bbox 1992 756 2285 810; x_wconf 71' lang='lat' dir='ltr'><strong>arbitratus</strong></span> <span class='ocrx_word' id='word_1_147' title='bbox 2336 773 2459 811; x_wconf 90' lang='lat' dir='ltr'><strong>eum</strong></span> <span class='ocrx_word' id='word_1_148' title='bbox 2497 760 2642 814; x_wconf 76' lang='lat' dir='ltr'><strong>exire</strong></span> <span class='ocrx_word' id='word_1_149' title='bbox 2698 764 2761 815; x_wconf 90' lang='lat' dir='ltr'><strong>ad</strong></span> <span class='ocrx_word' id='word_1_150' title='bbox 2821 778 2878 817; x_wconf 91' lang='lat' dir='ltr'><strong>se</strong></span> <span class='ocrx_word' id='word_1_151' title='bbox 2925 769 3319 835; x_wconf 78' lang='lat' dir='ltr'><strong>exercendum,</strong></span> <span class='ocrx_word' id='word_1_152' title='bbox 3366 789 3459 827; x_wconf 82' lang='lat' dir='ltr'><strong>ac-</strong></span> 
     </span>
    </p>
   </div>
   <div class='ocr_carea' id='block_1_21' title="bbox 1879 851 3457 934">
    <p class='ocr_par' dir='ltr' id='par_1_21' title="bbox 1879 851 3457 934">
     <span class='ocr_line' id='line_1_21' title="bbox 1879 851 3457 934; baseline 0.013 -35"><span class='ocrx_word' id='word_1_153' title='bbox 1879 852 2047 914; x_wconf 84' lang='lat' dir='ltr'><strong>ceptis</strong></span> <span class='ocrx_word' id='word_1_154' title='bbox 2073 851 2314 918; x_wconf 82' lang='lat' dir='ltr'><strong>quinque</strong></span> <span class='ocrx_word' id='word_1_155' title='bbox 2347 855 2532 907; x_wconf 82' lang='lat' dir='ltr'><strong>aureis</strong></span> <span class='ocrx_word' id='word_1_156' title='bbox 2566 855 2842 921; x_wconf 87' lang='lat' dir='ltr'><strong>lanceolis,</strong></span> <span class='ocrx_word' id='word_1_157' title='bbox 2878 873 3002 914; x_wconf 85' lang='lat' dir='ltr'><strong>cum</strong></span> <span class='ocrx_word' id='word_1_158' title='bbox 3041 875 3106 914; x_wconf 91' lang='lat' dir='ltr'><strong>eo</strong></span> <span class='ocrx_word' id='word_1_159' title='bbox 3142 873 3226 916; x_wconf 89' lang='lat' dir='ltr'><strong>est</strong></span> <span class='ocrx_word' id='word_1_160' title='bbox 3273 879 3457 934; x_wconf 81' lang='lat' dir='ltr'><strong>egres-</strong></span> 
     </span>
    </p>
   </div>
   <div class='ocr_carea' id='block_1_22' title="bbox 1884 940 3455 1020">
    <p class='ocr_par' dir='ltr' id='par_1_22' title="bbox 1884 940 3455 1020">
     <span class='ocr_line' id='line_1_22' title="bbox 1884 940 3455 1020; baseline 0.013 -29"><span class='ocrx_word' id='word_1_161' title='bbox 1884 952 2002 991; x_wconf 88' lang='lat' dir='ltr'><strong>sus.</strong></span> <span class='ocrx_word' id='word_1_162' title='bbox 2059 940 2193 994; x_wconf 88' lang='lat' dir='ltr'><strong>Cum</strong></span> <span class='ocrx_word' id='word_1_163' title='bbox 2232 944 2276 996; x_wconf 90' lang='lat' dir='ltr'><strong>is</strong></span> <span class='ocrx_word' id='word_1_164' title='bbox 2334 955 2515 998; x_wconf 85' lang='lat' dir='ltr'><strong>autem</strong></span> <span class='ocrx_word' id='word_1_165' title='bbox 2578 948 2840 1002; x_wconf 82' lang='lat' dir='ltr'><strong>Eleshaan</strong></span> <span class='ocrx_word' id='word_1_166' title='bbox 2905 954 3090 1020; x_wconf 90' lang='lat' dir='ltr'><strong>copias</strong></span> <span class='ocrx_word' id='word_1_167' title='bbox 3149 956 3455 1012; x_wconf 79' lang='lat' dir='ltr'><strong>invenisset</strong></span> 
     </span>
    </p>
   </div>
   <div class='ocr_carea' id='block_1_23' title="bbox 1878 1029 3449 1116">
    <p class='ocr_par' dir='ltr' id='par_1_23' title="bbox 1878 1029 3449 1116">
     <span class='ocr_line' id='line_1_23' title="bbox 1878 1029 3449 1116; baseline 0.012 -34"><span class='ocrx_word' id='word_1_168' title='bbox 1878 1029 2192 1098; x_wconf 77' lang='lat' dir='ltr'><strong>vigilantes,</strong></span> <span class='ocrx_word' id='word_1_169' title='bbox 2244 1049 2478 1101; x_wconf 87' lang='lat' dir='ltr'><strong>quarum</strong></span> <span class='ocrx_word' id='word_1_170' title='bbox 2532 1053 2658 1104; x_wconf 82' lang='lat' dir='ltr'><strong>pars</strong></span> <span class='ocrx_word' id='word_1_171' title='bbox 2710 1039 2823 1107; x_wconf 89' lang='lat' dir='ltr'><strong>jam</strong></span> <span class='ocrx_word' id='word_1_172' title='bbox 2859 1057 2889 1094; x_wconf 86' lang='lat' dir='ltr'><strong>e</strong></span> <span class='ocrx_word' id='word_1_173' title='bbox 2928 1043 3160 1097; x_wconf 86' lang='lat' dir='ltr'><strong>navibus</strong></span> <span class='ocrx_word' id='word_1_174' title='bbox 3205 1061 3449 1116; x_wconf 74' lang='lat' dir='ltr'><strong>egreSsa,</strong></span> 
     </span>
    </p>
   </div>
   <div class='ocr_carea' id='block_1_24' title="bbox 1875 1116 3458 1201">
    <p class='ocr_par' dir='ltr' id='par_1_24' title="bbox 1875 1116 3458 1201">
     <span class='ocr_line' id='line_1_24' title="bbox 1875 1116 3458 1201; baseline 0.015 -33"><span class='ocrx_word' id='word_1_175' title='bbox 1875 1116 2052 1170; x_wconf 88' lang='lat' dir='ltr'><strong>locmn</strong></span> <span class='ocrx_word' id='word_1_176' title='bbox 2088 1120 2140 1172; x_wconf 92' lang='lat' dir='ltr'><strong>in</strong></span> <span class='ocrx_word' id='word_1_177' title='bbox 2196 1121 2378 1175; x_wconf 90' lang='lat' dir='ltr'><strong>littore</strong></span> <span class='ocrx_word' id='word_1_178' title='bbox 2417 1136 2750 1194; x_wconf 85' lang='lat' dir='ltr'><strong>occuparat,</strong></span> <span class='ocrx_word' id='word_1_179' title='bbox 2805 1142 3031 1199; x_wconf 76' lang='lat' dir='ltr'><strong>accepto</strong></span> <span class='ocrx_word' id='word_1_180' title='bbox 3074 1139 3347 1201; x_wconf 85' lang='lat' dir='ltr'><strong>eunucho,</strong></span> <span class='ocrx_word' id='word_1_181' title='bbox 3400 1147 3458 1190; x_wconf 88' lang='lat' dir='ltr'><strong>et</strong></span> 
     </span>
    </p>
   </div>
   <div class='ocr_carea' id='block_1_25' title="bbox 1875 1209 3450 1287">
    <p class='ocr_par' dir='ltr' id='par_1_25' title="bbox 1875 1209 3450 1287">
     <span class='ocr_line' id='line_1_25' title="bbox 1875 1209 3450 1287; baseline 0.013 -28"><span class='ocrx_word' id='word_1_182' title='bbox 1875 1209 2048 1264; x_wconf 85' lang='lat' dir='ltr'><strong>tribus</strong></span> <span class='ocrx_word' id='word_1_183' title='bbox 2079 1225 2142 1263; x_wconf 81' lang='lat' dir='ltr'><strong>cx</strong></span> <span class='ocrx_word' id='word_1_184' title='bbox 2175 1213 2307 1275; x_wconf 89' lang='lat' dir='ltr'><strong>suis,</strong></span> <span class='ocrx_word' id='word_1_185' title='bbox 2345 1214 2476 1267; x_wconf 87' lang='lat' dir='ltr'><strong>abiit</strong></span> <span class='ocrx_word' id='word_1_186' title='bbox 2507 1217 2692 1284; x_wconf 87' lang='lat' dir='ltr'><strong>procul</strong></span> <span class='ocrx_word' id='word_1_187' title='bbox 2721 1219 2787 1272; x_wconf 86' lang='lat' dir='ltr'><strong>ad</strong></span> <span class='ocrx_word' id='word_1_188' title='bbox 2824 1221 3192 1277; x_wconf 78' lang='lat' dir='ltr'><strong>venationem.</strong></span> <span class='ocrx_word' id='word_1_189' title='bbox 3220 1225 3450 1287; x_wconf 84' lang='lat' dir='ltr'><strong>Quidam</strong></span> 
     </span>
    </p>
   </div>
   <div class='ocr_carea' id='block_1_26' title="bbox 1873 1300 3453 1385">
    <p class='ocr_par' dir='ltr' id='par_1_26' title="bbox 1873 1300 3453 1385">
     <span class='ocr_line' id='line_1_26' title="bbox 1873 1300 3453 1385; baseline 0.014 -36"><span class='ocrx_word' id='word_1_190' title='bbox 1873 1307 2056 1350; x_wconf 82' lang='lat' dir='ltr'><strong>autem</strong></span> <span class='ocrx_word' id='word_1_191' title='bbox 2090 1314 2152 1352; x_wconf 73' lang='lat' dir='ltr'><strong>ex</strong></span> <span class='ocrx_word' id='word_1_192' title='bbox 2191 1300 2456 1356; x_wconf 79' lang='lat' dir='ltr'><strong>Elcsbaan</strong></span> <span class='ocrx_word' id='word_1_193' title='bbox 2491 1309 2731 1362; x_wconf 67' lang='lat' dir='ltr'><strong>exercitu</strong></span> <span class='ocrx_word' id='word_1_194' title='bbox 2772 1313 3016 1379; x_wconf 75' lang='lat' dir='ltr'><strong>opprCSsi</strong></span> <span class='ocrx_word' id='word_1_195' title='bbox 3068 1313 3208 1368; x_wconf 73' lang='lat' dir='ltr'><strong>[artic</strong></span> <span class='ocrx_word' id='word_1_196' title='bbox 3231 1355 3244 1378; x_wconf 89' lang='lat'><strong>,</strong></span> <span class='ocrx_word' id='word_1_197' title='bbox 3281 1332 3453 1385; x_wconf 85' lang='lat' dir='ltr'><strong>equos</strong></span> 
     </span>
    </p>
   </div>
   <div class='ocr_carea' id='block_1_27' title="bbox 1876 1396 3450 1476">
    <p class='ocr_par' dir='ltr' id='par_1_27' title="bbox 1876 1396 3450 1476">
     <span class='ocr_line' id='line_1_27' title="bbox 1876 1396 3450 1476; baseline 0.013 -35"><span class='ocrx_word' id='word_1_198' title='bbox 1876 1398 2038 1442; x_wconf 90' lang='lat' dir='ltr'><strong>noctu</strong></span> <span class='ocrx_word' id='word_1_199' title='bbox 2090 1396 2559 1460; x_wconf 78' lang='lat' dir='ltr'><strong>conscenderant,</strong></span> <span class='ocrx_word' id='word_1_200' title='bbox 2613 1408 2672 1453; x_wconf 88' lang='lat' dir='ltr'><strong>ut</strong></span> <span class='ocrx_word' id='word_1_201' title='bbox 2729 1401 2912 1456; x_wconf 87' lang='lat' dir='ltr'><strong>hostes</strong></span> <span class='ocrx_word' id='word_1_202' title='bbox 2967 1404 3290 1476; x_wconf 82' lang='lat' dir='ltr'><strong>eﬂ&#39;ugerent.</strong></span> <span class='ocrx_word' id='word_1_203' title='bbox 3346 1410 3450 1473; x_wconf 85' lang='lat' dir='ltr'><strong>Qui</strong></span> 
     </span>
    </p>
   </div>
   <div class='ocr_carea' id='block_1_28' title="bbox 1875 1481 3445 1568">
    <p class='ocr_par' dir='ltr' id='par_1_28' title="bbox 1875 1481 3445 1568">
     <span class='ocr_line' id='line_1_28' title="bbox 1875 1481 3445 1568; baseline 0.015 -37"><span class='ocrx_word' id='word_1_204' title='bbox 1875 1495 1997 1533; x_wconf 93' lang='lat' dir='ltr'><strong>cum</strong></span> <span class='ocrx_word' id='word_1_205' title='bbox 2030 1481 2082 1534; x_wconf 89' lang='lat' dir='ltr'><strong>in</strong></span> <span class='ocrx_word' id='word_1_206' title='bbox 2134 1499 2230 1537; x_wconf 92' lang='lat' dir='ltr'><strong>eos</strong></span> <span class='ocrx_word' id='word_1_207' title='bbox 2283 1485 2619 1551; x_wconf 86' lang='lat' dir='ltr'><strong>incidissent,</strong></span> <span class='ocrx_word' id='word_1_208' title='bbox 2657 1492 2791 1547; x_wconf 89' lang='lat' dir='ltr'><strong>alios</strong></span> <span class='ocrx_word' id='word_1_209' title='bbox 2839 1495 3061 1562; x_wconf 89' lang='lat' dir='ltr'><strong>quidem</strong></span> <span class='ocrx_word' id='word_1_210' title='bbox 3105 1501 3445 1568; x_wconf 84' lang='lat' dir='ltr'><strong>occiderunt,</strong></span> 
     </span>
    </p>
   </div>
   <div class='ocr_carea' id='block_1_29' title="bbox 1874 1574 3454 1653">
    <p class='ocr_par' dir='ltr' id='par_1_29' title="bbox 1874 1574 3454 1653">
     <span class='ocr_line' id='line_1_29' title="bbox 1874 1574 3454 1653; baseline 0.014 -28"><span class='ocrx_word' id='word_1_211' title='bbox 1874 1574 2016 1642; x_wconf 84' lang='lat' dir='ltr'><strong>regis</strong></span> <span class='ocrx_word' id='word_1_212' title='bbox 2044 1587 2224 1633; x_wconf 87' lang='lat' dir='ltr'><strong>autem</strong></span> <span class='ocrx_word' id='word_1_213' title='bbox 2258 1591 2544 1648; x_wconf 78' lang='lat' dir='ltr'><strong>cognatum</strong></span> <span class='ocrx_word' id='word_1_214' title='bbox 2579 1585 2881 1653; x_wconf 76' lang='lat' dir='ltr'><strong>capientes,</strong></span> <span class='ocrx_word' id='word_1_215' title='bbox 2911 1597 2966 1640; x_wconf 90' lang='lat' dir='ltr'><strong>et</strong></span> <span class='ocrx_word' id='word_1_216' title='bbox 3002 1604 3198 1645; x_wconf 89' lang='lat' dir='ltr'><strong>aureas</strong></span> <span class='ocrx_word' id='word_1_217' title='bbox 3233 1592 3454 1648; x_wconf 82' lang='lat' dir='ltr'><strong>lanceas</strong></span> 
     </span>
    </p>
   </div>
   <div class='ocr_carea' id='block_1_30' title="bbox 1872 1670 3452 1738">
    <p class='ocr_par' dir='ltr' id='par_1_30' title="bbox 1872 1670 3452 1738">
     <span class='ocr_line' id='line_1_30' title="bbox 1872 1670 3452 1738; baseline 0.016 -26"><span class='ocrx_word' id='word_1_218' title='bbox 1872 1673 2154 1730; x_wconf 85' lang='lat' dir='ltr'><strong>portantes</strong></span> <span class='ocrx_word' id='word_1_219' title='bbox 2189 1706 2202 1729; x_wconf 96' lang='lat'><strong>,</strong></span> <span class='ocrx_word' id='word_1_220' title='bbox 2256 1670 2324 1722; x_wconf 81' lang='lat' dir='ltr'><strong>ad</strong></span> <span class='ocrx_word' id='word_1_221' title='bbox 2377 1686 2545 1726; x_wconf 82' lang='lat' dir='ltr'><strong>naves</strong></span> <span class='ocrx_word' id='word_1_222' title='bbox 2597 1675 2895 1731; x_wconf 88' lang='lat' dir='ltr'><strong>redierunt.</strong></span> <span class='ocrx_word' id='word_1_223' title='bbox 2953 1679 3056 1733; x_wconf 88' lang='lat' dir='ltr'><strong>Eas</strong></span> <span class='ocrx_word' id='word_1_224' title='bbox 3099 1691 3279 1735; x_wconf 86' lang='lat' dir='ltr'><strong>autem</strong></span> <span class='ocrx_word' id='word_1_225' title='bbox 3327 1699 3452 1738; x_wconf 83' lang='lat' dir='ltr'><strong>cum</strong></span> 
     </span>
    </p>
   </div>
   <div class='ocr_carea' id='block_1_31' title="bbox 1873 1757 3455 1841">
    <p class='ocr_par' dir='ltr' id='par_1_31' title="bbox 1873 1757 3455 1841">
     <span class='ocr_line' id='line_1_31' title="bbox 1873 1757 3455 1841; baseline 0.013 -34"><span class='ocrx_word' id='word_1_226' title='bbox 1873 1757 2172 1824; x_wconf 82' lang='lat' dir='ltr'><strong>accepisset</strong></span> <span class='ocrx_word' id='word_1_227' title='bbox 2203 1776 2292 1812; x_wconf 82' lang='lat' dir='ltr'><strong>rex</strong></span> <span class='ocrx_word' id='word_1_228' title='bbox 2326 1763 2468 1830; x_wconf 88' lang='lat' dir='ltr'><strong>pius,</strong></span> <span class='ocrx_word' id='word_1_229' title='bbox 2496 1767 2676 1817; x_wconf 83' lang='lat' dir='ltr'><strong>statim</strong></span> <span class='ocrx_word' id='word_1_230' title='bbox 2726 1767 2832 1821; x_wconf 78' lang='lat' dir='ltr'><strong>Deo</strong></span> <span class='ocrx_word' id='word_1_231' title='bbox 2861 1769 3148 1826; x_wconf 85' lang='lat' dir='ltr'><strong>dedicavit.</strong></span> <span class='ocrx_word' id='word_1_232' title='bbox 3198 1773 3318 1841; x_wconf 85' lang='lat' dir='ltr'><strong>Ipse</strong></span> <span class='ocrx_word' id='word_1_233' title='bbox 3357 1789 3455 1826; x_wconf 82' lang='lat' dir='ltr'><strong>au-</strong></span> 
     </span>
    </p>
   </div>
   <div class='ocr_carea' id='block_1_32' title="bbox 202 1841 1860 1924">
    <p class='ocr_par' dir='ltr' id='par_1_32' title="bbox 202 1841 1849 1924">
     <span class='ocr_line' id='line_1_32' title="bbox 202 1841 1849 1924; baseline 0.003 -22"><span class='ocrx_word' id='word_1_234' title='bbox 202 1851 398 1913; x_wconf 82' lang='grc' dir='ltr'>ϐόντες-</span> <span class='ocrx_word' id='word_1_235' title='bbox 423 1853 515 1904; x_wconf 73' lang='grc' dir='ltr'>τοῦ</span> <span class='ocrx_word' id='word_1_236' title='bbox 544 1852 833 1920; x_wconf 82' lang='grc' dir='ltr'>βασιλέως,</span> <span class='ocrx_word' id='word_1_237' title='bbox 867 1851 962 1904; x_wconf 68' lang='grc' dir='ltr'><strong>καλ⁵</strong></span> <span class='ocrx_word' id='word_1_238' title='bbox 995 1853 1062 1905; x_wconf 83' lang='grc' dir='ltr'><strong>τά</strong></span> <span class='ocrx_word' id='word_1_239' title='bbox 1125 1856 1306 1921; x_wconf 75' lang='grc' dir='ltr'>χρυσᾶ</span> <span class='ocrx_word' id='word_1_240' title='bbox 1352 1856 1576 1920; x_wconf 80' lang='grc' dir='ltr'>δόρατα,</span> <span class='ocrx_word' id='word_1_241' title='bbox 1635 1857 1769 1924; x_wconf 86' lang='grc' dir='ltr'>πρὸς</span> <span class='ocrx_word' id='word_1_242' title='bbox 1807 1841 1849 1896; x_wconf 75' lang='grc' dir='ltr'><strong>Β</strong></span> 
     </span>
    </p>
   </div>
   <div class='ocr_carea' id='block_1_33' title="bbox 1796 1841 3454 1924">
    <p class='ocr_par' dir='ltr' id='par_1_33' title="bbox 1807 1841 3454 1920">
     <span class='ocr_line' id='line_1_33' title="bbox 1807 1841 3454 1920; baseline 0.015 -24"><span class='ocrx_word' id='word_1_243' title='bbox 1807 1841 1849 1896; x_wconf 84' lang='grc' dir='ltr'><strong>Β</strong></span> <span class='ocrx_word' id='word_1_244' title='bbox 1878 1858 2010 1912; x_wconf 88' lang='lat' dir='ltr'><strong>tem,</strong></span> <span class='ocrx_word' id='word_1_245' title='bbox 2052 1852 2258 1920; x_wconf 89' lang='lat' dir='ltr'><strong>reliquo</strong></span> <span class='ocrx_word' id='word_1_246' title='bbox 2285 1865 2494 1908; x_wconf 88' lang='lat' dir='ltr'><strong>armato</strong></span> <span class='ocrx_word' id='word_1_247' title='bbox 2528 1859 2770 1912; x_wconf 80' lang='lat' dir='ltr'><strong>exercitu</strong></span> <span class='ocrx_word' id='word_1_248' title='bbox 2821 1861 3062 1914; x_wconf 87' lang='lat' dir='ltr'><strong>itmnisso</strong></span> <span class='ocrx_word' id='word_1_249' title='bbox 3093 1864 3146 1916; x_wconf 94' lang='lat' dir='ltr'><strong>in</strong></span> <span class='ocrx_word' id='word_1_250' title='bbox 3179 1863 3454 1920; x_wconf 73' lang='lat' dir='ltr'><strong>breviores</strong></span> 
     </span>
    </p>
   </div>
   <div class='ocr_carea' id='block_1_34' title="bbox 200 1932 1774 2014">
    <p class='ocr_par' dir='ltr' id='par_1_34' title="bbox 200 1944 1774 2014">
     <span class='ocr_line' id='line_1_34' title="bbox 200 1944 1774 2014; baseline 0.004 -20"><span class='ocrx_word' id='word_1_251' title='bbox 200 1947 269 1995; x_wconf 71' lang='grc' dir='ltr'>τὰ</span> <span class='ocrx_word' id='word_1_252' title='bbox 300 1946 459 1996; x_wconf 80' lang='grc' dir='ltr'>πλοῖα</span> <span class='ocrx_word' id='word_1_253' title='bbox 497 1944 657 1997; x_wconf 85' lang='grc' dir='ltr'>πάλιν</span> <span class='ocrx_word' id='word_1_254' title='bbox 706 1945 1043 2014; x_wconf 65' lang='grc' dir='ltr'>ἀνέστρεφον</span> <span class='ocrx_word' id='word_1_255' title='bbox 1069 1961 1080 1974; x_wconf 91' lang='grc'><strong>·</strong></span> <span class='ocrx_word' id='word_1_256' title='bbox 1132 1946 1168 1998; x_wconf 79' lang='grc' dir='ltr'><strong>ἃ.</strong></span> <span class='ocrx_word' id='word_1_257' title='bbox 1203 1948 1296 1999; x_wconf 74' lang='grc' dir='ltr'><strong>καὶ</strong></span> <span class='ocrx_word' id='word_1_258' title='bbox 1349 1947 1530 2000; x_wconf 85' lang='grc' dir='ltr'>λαϐὼν</span> <span class='ocrx_word' id='word_1_259' title='bbox 1562 1950 1589 2000; x_wconf 88' lang='grc' dir='ltr'>ὁ</span> <span class='ocrx_word' id='word_1_260' title='bbox 1619 1950 1774 2000; x_wconf 86' lang='grc' dir='ltr'>εὐσε-</span> 
     </span>
    </p>
   </div>
   <div class='ocr_carea' id='block_1_35' title="bbox 204 2036 1767 2110">
    <p class='ocr_par' dir='ltr' id='par_1_35' title="bbox 204 2036 1767 2110">
     <span class='ocr_line' id='line_1_35' title="bbox 204 2036 1767 2110; baseline 0.003 -23"><span class='ocrx_word' id='word_1_261' title='bbox 204 2036 301 2106; x_wconf 79' lang='grc' dir='ltr'><strong>ϐὴς</strong></span> <span class='ocrx_word' id='word_1_262' title='bbox 335 2036 586 2105; x_wconf 80' lang='grc' dir='ltr'>βασιλεὺς</span> <span class='ocrx_word' id='word_1_263' title='bbox 613 2037 774 2100; x_wconf 79' lang='grc' dir='ltr'>εὐθὺς</span> <span class='ocrx_word' id='word_1_264' title='bbox 815 2038 1034 2091; x_wconf 76' lang='grc' dir='ltr'>ἀνέθετο</span> <span class='ocrx_word' id='word_1_265' title='bbox 1072 2039 1147 2108; x_wconf 80' lang='grc' dir='ltr'><strong>τῷ</strong></span> <span class='ocrx_word' id='word_1_266' title='bbox 1180 2040 1316 2109; x_wconf 79' lang='grc' dir='ltr'>Θεῷ.</span> <span class='ocrx_word' id='word_1_267' title='bbox 1346 2041 1515 2102; x_wconf 78' lang='grc' dir='ltr'>Αὐτὸς</span> <span class='ocrx_word' id='word_1_268' title='bbox 1550 2040 1605 2092; x_wconf 76' lang='grc' dir='ltr'>δὲ</span> <span class='ocrx_word' id='word_1_269' title='bbox 1669 2039 1767 2110; x_wconf 80' lang='grc' dir='ltr'>τὴν</span> 
     </span>
    </p>
   </div>
   <div class='ocr_carea' id='block_1_36' title="bbox 209 2126 1768 2199">
    <p class='ocr_par' dir='ltr' id='par_1_36' title="bbox 209 2126 1768 2199">
     <span class='ocr_line' id='line_1_36' title="bbox 209 2126 1768 2199; baseline 0.004 -23"><span class='ocrx_word' id='word_1_270' title='bbox 209 2126 468 2194; x_wconf 84' lang='grc' dir='ltr'>στρατιὰν</span> <span class='ocrx_word' id='word_1_271' title='bbox 544 2126 894 2197; x_wconf 69' lang='grc' dir='ltr'>ὡπλισμένην</span> <span class='ocrx_word' id='word_1_272' title='bbox 947 2131 1002 2180; x_wconf 75' lang='grc' dir='ltr'>ἐν</span> <span class='ocrx_word' id='word_1_273' title='bbox 1066 2132 1177 2190; x_wconf 86' lang='grc' dir='ltr'>τοῖς</span> <span class='ocrx_word' id='word_1_274' title='bbox 1237 2130 1589 2199; x_wconf 75' lang='grc' dir='ltr'>βραχυτέροις</span> <span class='ocrx_word' id='word_1_275' title='bbox 1660 2131 1768 2182; x_wconf 81' lang='grc' dir='ltr'><strong>τῶν</strong></span> 
     </span>
    </p>
   </div>
   <div class='ocr_carea' id='block_1_37' title="bbox 206 2217 1765 2291">
    <p class='ocr_par' dir='ltr' id='par_1_37' title="bbox 206 2217 1765 2291">
     <span class='ocr_line' id='line_1_37' title="bbox 206 2217 1765 2291; baseline 0.003 -22"><span class='ocrx_word' id='word_1_276' title='bbox 206 2217 406 2269; x_wconf 82' lang='grc' dir='ltr'>πλοίων</span> <span class='ocrx_word' id='word_1_277' title='bbox 437 2217 713 2286; x_wconf 79' lang='grc' dir='ltr'>ἐμϐαλὼν,</span> <span class='ocrx_word' id='word_1_278' title='bbox 751 2219 944 2288; x_wconf 71' lang='grc' dir='ltr'>ἐξῆλθε</span> <span class='ocrx_word' id='word_1_279' title='bbox 976 2223 1108 2290; x_wconf 61' lang='grc' dir='ltr'>πρὸς</span> <span class='ocrx_word' id='word_1_280' title='bbox 1143 2223 1263 2282; x_wconf 68' lang='grc' dir='ltr'>τοὺς</span> <span class='ocrx_word' id='word_1_281' title='bbox 1307 2223 1366 2272; x_wconf 78' lang='grc' dir='ltr'><strong>ἐν</strong></span> <span class='ocrx_word' id='word_1_282' title='bbox 1398 2221 1631 2291; x_wconf 79' lang='grc' dir='ltr'>αἰγιαλῴ</span> <span class='ocrx_word' id='word_1_283' title='bbox 1668 2239 1765 2273; x_wconf 78' lang='grc' dir='ltr'>πο-</span> 
     </span>
    </p>
   </div>
   <div class='ocr_carea' id='block_1_38' title="bbox 201 2309 1763 2385">
    <p class='ocr_par' dir='ltr' id='par_1_38' title="bbox 201 2309 1763 2385">
     <span class='ocr_line' id='line_1_38' title="bbox 201 2309 1763 2385; baseline 0.004 -25"><span class='ocrx_word' id='word_1_284' title='bbox 201 2309 449 2378; x_wconf 85' lang='grc' dir='ltr'>λεμίους,</span> <span class='ocrx_word' id='word_1_285' title='bbox 511 2315 607 2366; x_wconf 75' lang='grc' dir='ltr'><strong>καὶ</strong></span> <span class='ocrx_word' id='word_1_286' title='bbox 643 2314 824 2385; x_wconf 75' lang='grc' dir='ltr'>μάχην</span> <span class='ocrx_word' id='word_1_287' title='bbox 883 2315 1151 2382; x_wconf 68' lang='grc' dir='ltr'>συνάψας,</span> <span class='ocrx_word' id='word_1_288' title='bbox 1211 2315 1353 2366; x_wconf 72' lang='grc' dir='ltr'>νῶτα</span> <span class='ocrx_word' id='word_1_289' title='bbox 1406 2315 1598 2377; x_wconf 73' lang='grc' dir='ltr'>δόντας</span> <span class='ocrx_word' id='word_1_290' title='bbox 1640 2315 1763 2376; x_wconf 82' lang='grc' dir='ltr'>τοὺς</span> 
     </span>
    </p>
   </div>
   <div class='ocr_carea' id='block_1_39' title="bbox 214 2402 1766 2474">
    <p class='ocr_par' dir='ltr' id='par_1_39' title="bbox 214 2402 1766 2474">
     <span class='ocr_line' id='line_1_39' title="bbox 214 2402 1766 2474; baseline 0.005 -22"><span class='ocrx_word' id='word_1_291' title='bbox 214 2402 505 2471; x_wconf 77' lang='grc' dir='ltr'>Ἐϐραίους</span> <span class='ocrx_word' id='word_1_292' title='bbox 549 2407 787 2473; x_wconf 78' lang='grc' dir='ltr'>πολέμου</span> <span class='ocrx_word' id='word_1_293' title='bbox 839 2406 985 2474; x_wconf 75' lang='grc' dir='ltr'>νόμω</span> <span class='ocrx_word' id='word_1_294' title='bbox 1035 2406 1244 2466; x_wconf 80' lang='grc' dir='ltr'>πάντας</span> <span class='ocrx_word' id='word_1_295' title='bbox 1277 2406 1640 2474; x_wconf 67' lang='grc' dir='ltr'>κατέσφαξεν,</span> <span class='ocrx_word' id='word_1_296' title='bbox 1692 2407 1766 2469; x_wconf 78' lang='grc' dir='ltr'><strong>ὡς</strong></span> 
     </span>
    </p>
   </div>
   <div class='ocr_carea' id='block_1_40' title="bbox 203 2496 1759 2568">
    <p class='ocr_par' dir='ltr' id='par_1_40' title="bbox 203 2496 1759 2568">
     <span class='ocr_line' id='line_1_40' title="bbox 203 2496 1759 2568; baseline 0.003 -22"><span class='ocrx_word' id='word_1_297' title='bbox 203 2497 340 2566; x_wconf 72' lang='grc' dir='ltr'>μηδὲ</span> <span class='ocrx_word' id='word_1_298' title='bbox 391 2496 620 2564; x_wconf 79' lang='grc' dir='ltr'>ἄγγελον</span> <span class='ocrx_word' id='word_1_299' title='bbox 672 2500 778 2551; x_wconf 82' lang='grc' dir='ltr'><strong>τῶν</strong></span> <span class='ocrx_word' id='word_1_300' title='bbox 810 2502 1118 2567; x_wconf 76' lang='grc' dir='ltr'>γενομένων</span> <span class='ocrx_word' id='word_1_301' title='bbox 1154 2498 1533 2552; x_wconf 68' lang='grc' dir='ltr'>ὑπολιπέσθαι.</span> <span class='ocrx_word' id='word_1_302' title='bbox 1577 2499 1759 2568; x_wconf 84' lang='grc' dir='ltr'>Ἕχων</span> 
     </span>
    </p>
   </div>
   <div class='ocr_carea' id='block_1_41' title="bbox 197 2589 1756 2661">
    <p class='ocr_par' dir='ltr' id='par_1_41' title="bbox 197 2589 1756 2661">
     <span class='ocr_line' id='line_1_41' title="bbox 197 2589 1756 2661; baseline -0.001 -18"><span class='ocrx_word' id='word_1_303' title='bbox 197 2591 253 2643; x_wconf 74' lang='grc' dir='ltr'>δὲ</span> <span class='ocrx_word' id='word_1_304' title='bbox 285 2589 390 2641; x_wconf 85' lang='grc' dir='ltr'>τῶν</span> <span class='ocrx_word' id='word_1_305' title='bbox 420 2590 513 2642; x_wconf 86' lang='grc' dir='ltr'>τοῦ</span> <span class='ocrx_word' id='word_1_306' title='bbox 552 2591 815 2661; x_wconf 83' lang='grc' dir='ltr'>βασιλέως</span> <span class='ocrx_word' id='word_1_307' title='bbox 854 2592 1112 2659; x_wconf 69' lang='grc' dir='ltr'>συγγενῆ,</span> <span class='ocrx_word' id='word_1_308' title='bbox 1150 2590 1433 2642; x_wconf 75' lang='grc' dir='ltr'>δεικνύντα</span> <span class='ocrx_word' id='word_1_309' title='bbox 1494 2591 1591 2660; x_wconf 80' lang='grc' dir='ltr'><strong>τὴν</strong></span> <span class='ocrx_word' id='word_1_310' title='bbox 1622 2594 1756 2660; x_wconf 64' lang='grc' dir='ltr'>πρὸς</span> 
     </span>
    </p>
   </div>
   <div class='ocr_carea' id='block_1_42' title="bbox 200 2680 1758 2757">
    <p class='ocr_par' dir='ltr' id='par_1_42' title="bbox 200 2680 1758 2757">
     <span class='ocr_line' id='line_1_42' title="bbox 200 2680 1758 2757; baseline -0.002 -19"><span class='ocrx_word' id='word_1_311' title='bbox 200 2687 351 2756; x_wconf 81' lang='grc' dir='ltr'>Φαρῆ</span> <span class='ocrx_word' id='word_1_312' title='bbox 379 2685 474 2757; x_wconf 76' lang='grc' dir='ltr'><strong>τὴν</strong></span> <span class='ocrx_word' id='word_1_313' title='bbox 509 2687 661 2737; x_wconf 81' lang='grc' dir='ltr'>πόλιν</span> <span class='ocrx_word' id='word_1_314' title='bbox 687 2687 826 2751; x_wconf 64' lang='grc' dir='ltr'>ὁδδν,</span> <span class='ocrx_word' id='word_1_315' title='bbox 860 2684 986 2737; x_wconf 73' lang='grc' dir='ltr'>ἔνθα</span> <span class='ocrx_word' id='word_1_316' title='bbox 1011 2680 1078 2754; x_wconf 75' lang='grc' dir='ltr'>ἦν</span> <span class='ocrx_word' id='word_1_317' title='bbox 1112 2684 1176 2736; x_wconf 67' lang='grc' dir='ltr'><strong>τὰ</strong></span> <span class='ocrx_word' id='word_1_318' title='bbox 1214 2683 1464 2753; x_wconf 79' lang='grc' dir='ltr'>βασίλεια</span> <span class='ocrx_word' id='word_1_319' title='bbox 1497 2685 1758 2749; x_wconf 75' lang='grc' dir='ltr'>Δουναὲιν,</span> 
     </span>
    </p>
   </div>
   <div class='ocr_carea' id='block_1_43' title="bbox 201 2777 1766 2846">
    <p class='ocr_par' dir='ltr' id='par_1_43' title="bbox 201 2777 1766 2846">
     <span class='ocr_line' id='line_1_43' title="bbox 201 2777 1766 2846; baseline -0.002 -16"><span class='ocrx_word' id='word_1_320' title='bbox 201 2778 398 2831; x_wconf 86' lang='grc' dir='ltr'>ἄνεισι.</span> <span class='ocrx_word' id='word_1_321' title='bbox 430 2781 539 2831; x_wconf 72' lang='grc' dir='ltr'><strong>Καὶ</strong></span> <span class='ocrx_word' id='word_1_322' title='bbox 564 2778 766 2846; x_wconf 83' lang='grc' dir='ltr'>ταύτης</span> <span class='ocrx_word' id='word_1_323' title='bbox 805 2778 1110 2846; x_wconf 83' lang='grc' dir='ltr'>κρατήσας,</span> <span class='ocrx_word' id='word_1_324' title='bbox 1149 2777 1446 2846; x_wconf 75' lang='grc' dir='ltr'>ἀφυλάκτῳ</span> <span class='ocrx_word' id='word_1_325' title='bbox 1477 2789 1534 2828; x_wconf 86' lang='grc' dir='ltr'><strong>τε</strong></span> <span class='ocrx_word' id='word_1_326' title='bbox 1560 2778 1624 2846; x_wconf 83' lang='grc' dir='ltr'>τῇ</span> <span class='ocrx_word' id='word_1_327' title='bbox 1663 2779 1766 2827; x_wconf 80' lang='grc' dir='ltr'>τιό-</span> 
     </span>
    </p>
   </div>
   <div class='ocr_carea' id='block_1_44' title="bbox 199 2866 1760 2941">
    <p class='ocr_par' dir='ltr' id='par_1_44' title="bbox 199 2866 1760 2941">
     <span class='ocr_line' id='line_1_44' title="bbox 199 2866 1760 2941; baseline -0.003 -19"><span class='ocrx_word' id='word_1_328' title='bbox 199 2871 282 2923; x_wconf 90' lang='grc' dir='ltr'><strong>λει</strong></span> <span class='ocrx_word' id='word_1_329' title='bbox 314 2868 648 2941; x_wconf 67' lang='grc' dir='ltr'>περιτυχὼν,</span> <span class='ocrx_word' id='word_1_330' title='bbox 686 2870 864 2919; x_wconf 86' lang='grc' dir='ltr'>πάντα</span> <span class='ocrx_word' id='word_1_331' title='bbox 893 2868 983 2919; x_wconf 78' lang='grc' dir='ltr'>τὸν</span> <span class='ocrx_word' id='word_1_332' title='bbox 1025 2869 1154 2936; x_wconf 76' lang='grc' dir='ltr'>περὶ</span> <span class='ocrx_word' id='word_1_333' title='bbox 1193 2871 1260 2921; x_wconf 75' lang='grc' dir='ltr'><strong>τὰ</strong></span> <span class='ocrx_word' id='word_1_334' title='bbox 1304 2867 1555 2936; x_wconf 82' lang='grc' dir='ltr'>βασίλεια</span> <span class='ocrx_word' id='word_1_335' title='bbox 1600 2866 1760 2920; x_wconf 74' lang='grc' dir='ltr'>πλοῦ-</span> 
     </span>
    </p>
   </div>
   <div class='ocr_carea' id='block_1_45' title="bbox 200 2957 1403 3028">
    <p class='ocr_par' dir='ltr' id='par_1_45' title="bbox 200 2957 1403 3028">
     <span class='ocr_line' id='line_1_45' title="bbox 200 2957 1403 3028; baseline -0.004 -12"><span class='ocrx_word' id='word_1_336' title='bbox 200 2979 313 3027; x_wconf 83' lang='grc' dir='ltr'>τον,</span> <span class='ocrx_word' id='word_1_337' title='bbox 346 2963 438 3014; x_wconf 80' lang='grc' dir='ltr'><strong>καὶ</strong></span> <span class='ocrx_word' id='word_1_338' title='bbox 469 2961 636 3021; x_wconf 77' lang='grc' dir='ltr'>αὑτάς</span> <span class='ocrx_word' id='word_1_339' title='bbox 668 2957 937 3028; x_wconf 77' lang='grc' dir='ltr'>λαμϐάνει</span> <span class='ocrx_word' id='word_1_340' title='bbox 969 2961 1064 3021; x_wconf 83' lang='grc' dir='ltr'>τὰς</span> <span class='ocrx_word' id='word_1_341' title='bbox 1103 2959 1403 3028; x_wconf 77' lang='grc' dir='ltr'>βασιλίδας.</span> 
     </span>
    </p>
   </div>
   <div class='ocr_carea' id='block_1_46' title="bbox 277 3049 1761 3123">
    <p class='ocr_par' dir='ltr' id='par_1_46' title="bbox 277 3049 1761 3123">
     <span class='ocr_line' id='line_1_46' title="bbox 277 3049 1761 3123; baseline 0 -19"><span class='ocrx_word' id='word_1_342' title='bbox 277 3053 396 3105; x_wconf 84' lang='grc' dir='ltr'><strong>ΛΒ’.</strong></span> <span class='ocrx_word' id='word_1_343' title='bbox 435 3051 546 3123; x_wconf 82' lang='grc' dir='ltr'>Τὴν</span> <span class='ocrx_word' id='word_1_344' title='bbox 605 3051 659 3102; x_wconf 74' lang='grc' dir='ltr'>δὲ</span> <span class='ocrx_word' id='word_1_345' title='bbox 705 3049 806 3119; x_wconf 85' lang='grc' dir='ltr'>τῆς</span> <span class='ocrx_word' id='word_1_346' title='bbox 851 3049 1060 3112; x_wconf 79' lang='grc' dir='ltr'>πόλεως</span> <span class='ocrx_word' id='word_1_347' title='bbox 1097 3050 1322 3115; x_wconf 74' lang='grc' dir='ltr'>ἅλωσιν,</span> <span class='ocrx_word' id='word_1_348' title='bbox 1374 3053 1467 3104; x_wconf 78' lang='grc' dir='ltr'><strong>καὶ</strong></span> <span class='ocrx_word' id='word_1_349' title='bbox 1499 3053 1598 3123; x_wconf 80' lang='grc' dir='ltr'><strong>τὴν</strong></span> <span class='ocrx_word' id='word_1_350' title='bbox 1651 3055 1761 3108; x_wconf 84' lang='grc' dir='ltr'><strong>τῶν</strong></span> 
     </span>
    </p>
   </div>
   <div class='ocr_carea' id='block_1_47' title="bbox 203 3140 1760 3214">
    <p class='ocr_par' dir='ltr' id='par_1_47' title="bbox 203 3140 1760 3214">
     <span class='ocr_line' id='line_1_47' title="bbox 203 3140 1760 3214; baseline 0 -18"><span class='ocrx_word' id='word_1_351' title='bbox 203 3143 493 3214; x_wconf 82' lang='grc' dir='ltr'>βασιλείων</span> <span class='ocrx_word' id='word_1_352' title='bbox 543 3140 866 3210; x_wconf 67' lang='grc' dir='ltr'>διαφθορὰν,</span> <span class='ocrx_word' id='word_1_353' title='bbox 898 3140 1064 3194; x_wconf 77' lang='grc' dir='ltr'>ἔτιδὲ</span> <span class='ocrx_word' id='word_1_354' title='bbox 1120 3142 1216 3194; x_wconf 75' lang='grc' dir='ltr'>καὶ</span> <span class='ocrx_word' id='word_1_355' title='bbox 1255 3141 1354 3213; x_wconf 80' lang='grc' dir='ltr'>τὴν</span> <span class='ocrx_word' id='word_1_356' title='bbox 1399 3143 1508 3196; x_wconf 81' lang='grc' dir='ltr'><strong>τῶν</strong></span> <span class='ocrx_word' id='word_1_357' title='bbox 1542 3146 1760 3199; x_wconf 86' lang='grc' dir='ltr'>οἰκείων</span> 
     </span>
    </p>
   </div>
   <div class='ocr_carea' id='block_1_48' title="bbox 200 3231 1764 3307">
    <p class='ocr_par' dir='ltr' id='par_1_48' title="bbox 200 3231 1764 3307">
     <span class='ocr_line' id='line_1_48' title="bbox 200 3231 1764 3307; baseline 0.001 -21"><span class='ocrx_word' id='word_1_358' title='bbox 200 3231 581 3302; x_wconf 76' lang='grc' dir='ltr'>αἰχμαλωσίαν</span> <span class='ocrx_word' id='word_1_359' title='bbox 613 3231 856 3282; x_wconf 86' lang='grc' dir='ltr'>Δουναὰν</span> <span class='ocrx_word' id='word_1_360' title='bbox 905 3232 1294 3296; x_wconf 75' lang='grc' dir='ltr'>διενωτισθεὶς,</span> <span class='ocrx_word' id='word_1_361' title='bbox 1324 3234 1422 3287; x_wconf 80' lang='grc' dir='ltr'>καὶ</span> <span class='ocrx_word' id='word_1_362' title='bbox 1455 3235 1637 3299; x_wconf 86' lang='grc' dir='ltr'>δείσας</span> <span class='ocrx_word' id='word_1_363' title='bbox 1691 3239 1764 3307; x_wconf 82' lang='grc' dir='ltr'>μὴ</span> 
     </span>
    </p>
   </div>
   <div class='ocr_carea' id='block_1_49' title="bbox 197 3320 1768 3396">
    <p class='ocr_par' dir='ltr' id='par_1_49' title="bbox 197 3320 1768 3396">
     <span class='ocr_line' id='line_1_49' title="bbox 197 3320 1768 3396; baseline 0.003 -21"><span class='ocrx_word' id='word_1_364' title='bbox 197 3323 307 3375; x_wconf 85' lang='grc' dir='ltr'>τῶν</span> <span class='ocrx_word' id='word_1_365' title='bbox 339 3321 505 3374; x_wconf 74' lang='grc' dir='ltr'>αὑτοῦ</span> <span class='ocrx_word' id='word_1_366' title='bbox 535 3320 811 3388; x_wconf 82' lang='grc' dir='ltr'>συγγενῶν</span> <span class='ocrx_word' id='word_1_367' title='bbox 834 3337 975 3382; x_wconf 87' lang='grc' dir='ltr'>τινες</span> <span class='ocrx_word' id='word_1_368' title='bbox 1016 3323 1094 3390; x_wconf 84' lang='grc' dir='ltr'>τῷ</span> <span class='ocrx_word' id='word_1_369' title='bbox 1133 3325 1423 3377; x_wconf 76' lang='grc' dir='ltr'>Ἐλεσϐαὰν</span> <span class='ocrx_word' id='word_1_370' title='bbox 1456 3330 1768 3396; x_wconf 84' lang='grc' dir='ltr'>προσρυῶσι</span> 
     </span>
    </p>
   </div>
   <div class='ocr_carea' id='block_1_50' title="bbox 204 3412 1768 3486">
    <p class='ocr_par' dir='ltr' id='par_1_50' title="bbox 204 3412 1768 3486">
     <span class='ocr_line' id='line_1_50' title="bbox 204 3412 1768 3486; baseline -0.004 -20"><span class='ocrx_word' id='word_1_371' title='bbox 204 3414 299 3466; x_wconf 71' lang='grc' dir='ltr'><strong>τοῦ</strong></span> <span class='ocrx_word' id='word_1_372' title='bbox 325 3413 455 3464; x_wconf 83' lang='grc' dir='ltr'>Θεοῦ</span> <span class='ocrx_word' id='word_1_373' title='bbox 481 3412 782 3481; x_wconf 72' lang='grc' dir='ltr'>σφήλαντος</span> <span class='ocrx_word' id='word_1_374' title='bbox 810 3412 902 3481; x_wconf 79' lang='grc' dir='ltr'><strong>τὴν</strong></span> <span class='ocrx_word' id='word_1_375' title='bbox 932 3413 1096 3465; x_wconf 77' lang='grc' dir='ltr'>αὑτοῦ</span> <span class='ocrx_word' id='word_1_376' title='bbox 1121 3417 1344 3484; x_wconf 77' lang='grc' dir='ltr'>γνώμην</span> <span class='ocrx_word' id='word_1_377' title='bbox 1366 3420 1571 3486; x_wconf 75' lang='grc' dir='ltr'>χρυσῆν</span> <span class='ocrx_word' id='word_1_378' title='bbox 1603 3435 1768 3469; x_wconf 62' lang='grc' dir='ltr'>κατα-</span> 
     </span>
    </p>
   </div>
   <div class='ocr_carea' id='block_1_51' title="bbox 201 3501 1765 3576">
    <p class='ocr_par' dir='ltr' id='par_1_51' title="bbox 201 3501 1765 3576">
     <span class='ocr_line' id='line_1_51' title="bbox 201 3501 1765 3576; baseline 0.004 -21"><span class='ocrx_word' id='word_1_379' title='bbox 201 3503 606 3572; x_wconf 85' lang='grc' dir='ltr'>σκευασάμενος</span> <span class='ocrx_word' id='word_1_380' title='bbox 629 3501 837 3567; x_wconf 73' lang='grc' dir='ltr'>ἅλυσιν,</span> <span class='ocrx_word' id='word_1_381' title='bbox 863 3502 1192 3575; x_wconf 74' lang='grc' dir='ltr'>καὶὲνδήσας</span> <span class='ocrx_word' id='word_1_382' title='bbox 1207 3506 1366 3558; x_wconf 75' lang='grc' dir='ltr'>αὐτόν</span> <span class='ocrx_word' id='word_1_383' title='bbox 1385 3525 1444 3560; x_wconf 86' lang='grc' dir='ltr'><strong>τε</strong></span> <span class='ocrx_word' id='word_1_384' title='bbox 1463 3508 1765 3576; x_wconf 71' lang='grc' dir='ltr'>κάκείνους,</span> 
     </span>
    </p>
   </div>
   <div class='ocr_carea' id='block_1_52' title="bbox 199 3592 1767 3665">
    <p class='ocr_par' dir='ltr' id='par_1_52' title="bbox 199 3592 1767 3665">
     <span class='ocr_line' id='line_1_52' title="bbox 199 3592 1767 3665; baseline 0.004 -19"><span class='ocrx_word' id='word_1_385' title='bbox 199 3593 437 3664; x_wconf 75' lang='grc' dir='ltr'>ἐκάθητο</span> <span class='ocrx_word' id='word_1_386' title='bbox 457 3592 564 3645; x_wconf 82' lang='grc' dir='ltr'><strong>τῶν</strong></span> <span class='ocrx_word' id='word_1_387' title='bbox 586 3593 926 3664; x_wconf 80' lang='grc' dir='ltr'>πραγμάτων</span> <span class='ocrx_word' id='word_1_388' title='bbox 949 3596 1267 3665; x_wconf 80' lang='grc' dir='ltr'>ἠμεληκὼς.</span> <span class='ocrx_word' id='word_1_389' title='bbox 1301 3599 1363 3649; x_wconf 80' lang='grc' dir='ltr'><strong>Οἱ</strong></span> <span class='ocrx_word' id='word_1_390' title='bbox 1387 3599 1566 3665; x_wconf 88' lang='grc' dir='ltr'>μέντοι</span> <span class='ocrx_word' id='word_1_391' title='bbox 1587 3603 1767 3652; x_wconf 77' lang='grc' dir='ltr'>Αἰθίο-</span> 
     </span>
    </p>
   </div>
   <div class='ocr_carea' id='block_1_53' title="bbox 199 3686 1769 3758">
    <p class='ocr_par' dir='ltr' id='par_1_53' title="bbox 199 3686 1769 3758">
     <span class='ocr_line' id='line_1_53' title="bbox 199 3686 1769 3758; baseline 0.004 -21"><span class='ocrx_word' id='word_1_392' title='bbox 199 3703 323 3750; x_wconf 84' lang='grc' dir='ltr'>πες,</span> <span class='ocrx_word' id='word_1_393' title='bbox 355 3687 402 3738; x_wconf 81' lang='grc' dir='ltr'>οἱ</span> <span class='ocrx_word' id='word_1_394' title='bbox 423 3688 480 3738; x_wconf 77' lang='grc' dir='ltr'><strong>ἐν</strong></span> <span class='ocrx_word' id='word_1_395' title='bbox 513 3688 621 3748; x_wconf 89' lang='grc' dir='ltr'>τοῖς</span> <span class='ocrx_word' id='word_1_396' title='bbox 653 3686 872 3747; x_wconf 84' lang='grc' dir='ltr'>πλοίοις,</span> <span class='ocrx_word' id='word_1_397' title='bbox 899 3687 1064 3754; x_wconf 76' lang='grc' dir='ltr'>μηδὲν</span> <span class='ocrx_word' id='word_1_398' title='bbox 1081 3689 1206 3758; x_wconf 80' lang='grc' dir='ltr'>περὶ</span> <span class='ocrx_word' id='word_1_399' title='bbox 1234 3689 1527 3743; x_wconf 73' lang='grc' dir='ltr'>Ἰ-Ξλεσϐαάν</span> <span class='ocrx_word' id='word_1_400' title='bbox 1556 3692 1646 3742; x_wconf 76' lang='grc' dir='ltr'>τοῦ</span> <span class='ocrx_word' id='word_1_401' title='bbox 1677 3693 1769 3743; x_wconf 78' lang='grc' dir='ltr'>αύ-</span> 
     </span>
    </p>
   </div>
   <div class='ocr_carea' id='block_1_54' title="bbox 195 3774 1768 3853">
    <p class='ocr_par' dir='ltr' id='par_1_54' title="bbox 195 3774 1768 3853">
     <span class='ocr_line' id='line_1_54' title="bbox 195 3774 1768 3853; baseline 0.005 -26"><span class='ocrx_word' id='word_1_402' title='bbox 195 3778 306 3830; x_wconf 78' lang='grc' dir='ltr'>τῶν</span> <span class='ocrx_word' id='word_1_403' title='bbox 335 3777 616 3846; x_wconf 82' lang='grc' dir='ltr'>βασιλέως,</span> <span class='ocrx_word' id='word_1_404' title='bbox 653 3774 685 3845; x_wconf 75' lang='grc' dir='ltr'>ἢ</span> <span class='ocrx_word' id='word_1_405' title='bbox 714 3774 821 3826; x_wconf 82' lang='grc' dir='ltr'><strong>τῶν</strong></span> <span class='ocrx_word' id='word_1_406' title='bbox 856 3775 946 3828; x_wconf 82' lang='grc' dir='ltr'>ὑπ’</span> <span class='ocrx_word' id='word_1_407' title='bbox 986 3778 1149 3830; x_wconf 77' lang='grc' dir='ltr'>αὑτοῦ</span> <span class='ocrx_word' id='word_1_408' title='bbox 1194 3782 1596 3850; x_wconf 71' lang='grc' dir='ltr'>πεπραγμένων</span> <span class='ocrx_word' id='word_1_409' title='bbox 1630 3784 1768 3853; x_wconf 79' lang='grc' dir='ltr'>ἀκη-</span> 
     </span>
    </p>
   </div>
   <div class='ocr_carea' id='block_1_55' title="bbox 199 3866 1768 3940">
    <p class='ocr_par' dir='ltr' id='par_1_55' title="bbox 199 3866 1768 3940">
     <span class='ocr_line' id='line_1_55' title="bbox 199 3866 1768 3940; baseline 0.003 -19"><span class='ocrx_word' id='word_1_410' title='bbox 199 3870 389 3928; x_wconf 78' lang='grc' dir='ltr'>κοότες</span> <span class='ocrx_word' id='word_1_411' title='bbox 421 3867 613 3919; x_wconf 85' lang='grc' dir='ltr'>σπάνει</span> <span class='ocrx_word' id='word_1_412' title='bbox 646 3882 704 3918; x_wconf 86' lang='grc' dir='ltr'><strong>τε</strong></span> <span class='ocrx_word' id='word_1_413' title='bbox 736 3866 844 3918; x_wconf 79' lang='grc' dir='ltr'><strong>τῶν</strong></span> <span class='ocrx_word' id='word_1_414' title='bbox 862 3869 1170 3936; x_wconf 69' lang='grc' dir='ltr'>ἀναγκαίων</span> <span class='ocrx_word' id='word_1_415' title='bbox 1187 3871 1638 3940; x_wconf 65' lang='grc' dir='ltr'>διαφθειρόμενοι,</span> <span class='ocrx_word' id='word_1_416' title='bbox 1677 3879 1768 3926; x_wconf 76' lang='grc' dir='ltr'>καὶ</span> 
     </span>
    </p>
   </div>
   <div class='ocr_carea' id='block_1_56' title="bbox 196 3957 1767 4032">
    <p class='ocr_par' dir='ltr' id='par_1_56' title="bbox 196 3957 1767 4032">
     <span class='ocr_line' id='line_1_56' title="bbox 196 3957 1767 4032; baseline 0.003 -20"><span class='ocrx_word' id='word_1_417' title='bbox 196 3964 256 4013; x_wconf 80' lang='grc' dir='ltr'>ἐν</span> <span class='ocrx_word' id='word_1_418' title='bbox 295 3960 483 4028; x_wconf 76' lang='grc' dir='ltr'>ἀπόρῳ</span> <span class='ocrx_word' id='word_1_419' title='bbox 507 3958 681 4019; x_wconf 71' lang='grc' dir='ltr'>ὄντες,</span> <span class='ocrx_word' id='word_1_420' title='bbox 746 3957 1100 4025; x_wconf 78' lang='grc' dir='ltr'>ἀπογνόντες,</span> <span class='ocrx_word' id='word_1_421' title='bbox 1151 3961 1448 4030; x_wconf 79' lang='grc' dir='ltr'>ἐτράποντο</span> <span class='ocrx_word' id='word_1_422' title='bbox 1485 3965 1618 4032; x_wconf 86' lang='grc' dir='ltr'>πρὸς</span> <span class='ocrx_word' id='word_1_423' title='bbox 1651 3967 1767 4018; x_wconf 78' lang='grc' dir='ltr'>ἱκε-</span> 
     </span>
    </p>
   </div>
   <div class='ocr_carea' id='block_1_57' title="bbox 199 4049 1767 4126">
    <p class='ocr_par' dir='ltr' id='par_1_57' title="bbox 199 4049 1767 4126">
     <span class='ocr_line' id='line_1_57' title="bbox 199 4049 1767 4126; baseline 0.004 -23"><span class='ocrx_word' id='word_1_424' title='bbox 199 4052 350 4104; x_wconf 78' lang='grc' dir='ltr'>τείαν</span> <span class='ocrx_word' id='word_1_425' title='bbox 388 4049 480 4100; x_wconf 85' lang='grc' dir='ltr'>τοῦ</span> <span class='ocrx_word' id='word_1_426' title='bbox 511 4049 692 4101; x_wconf 84' lang='grc' dir='ltr'>Θείου.</span> <span class='ocrx_word' id='word_1_427' title='bbox 735 4049 842 4101; x_wconf 74' lang='grc' dir='ltr'>Καὶ</span> <span class='ocrx_word' id='word_1_428' title='bbox 875 4049 944 4101; x_wconf 84' lang='grc' dir='ltr'>τὰ</span> <span class='ocrx_word' id='word_1_429' title='bbox 981 4051 1190 4118; x_wconf 73' lang='grc' dir='ltr'>μεγαλα</span> <span class='ocrx_word' id='word_1_430' title='bbox 1233 4054 1340 4107; x_wconf 84' lang='grc' dir='ltr'><strong>τῶν</strong></span> <span class='ocrx_word' id='word_1_431' title='bbox 1369 4055 1570 4109; x_wconf 84' lang='grc' dir='ltr'>πλοίων</span> <span class='ocrx_word' id='word_1_432' title='bbox 1615 4059 1767 4126; x_wconf 77' lang='grc' dir='ltr'>ἐνδή-</span> 
     </span>
    </p>
   </div>
   <div class='ocr_carea' id='block_1_58' title="bbox 198 4140 1764 4210">
    <p class='ocr_par' dir='ltr' id='par_1_58' title="bbox 198 4140 1764 4210">
     <span class='ocr_line' id='line_1_58' title="bbox 198 4140 1764 4210; baseline 0.006 -17"><span class='ocrx_word' id='word_1_433' title='bbox 198 4156 394 4201; x_wconf 79' lang='grc' dir='ltr'>σαντες</span> <span class='ocrx_word' id='word_1_434' title='bbox 453 4140 588 4210; x_wconf 78' lang='grc' dir='ltr'>πρδς</span> <span class='ocrx_word' id='word_1_435' title='bbox 659 4141 830 4194; x_wconf 71' lang='grc' dir='ltr'>ἑαυτὰ</span> <span class='ocrx_word' id='word_1_436' title='bbox 895 4143 1178 4209; x_wconf 74' lang='grc' dir='ltr'>κυκλόθεν,</span> <span class='ocrx_word' id='word_1_437' title='bbox 1235 4146 1439 4198; x_wconf 82' lang='grc' dir='ltr'>ἄνωθέν</span> <span class='ocrx_word' id='word_1_438' title='bbox 1477 4165 1535 4200; x_wconf 89' lang='grc' dir='ltr'><strong>τε</strong></span> <span class='ocrx_word' id='word_1_439' title='bbox 1582 4150 1650 4201; x_wconf 74' lang='grc' dir='ltr'>τὰ</span> <span class='ocrx_word' id='word_1_440' title='bbox 1674 4153 1764 4201; x_wconf 81' lang='grc' dir='ltr'>εύ-</span> 
     </span>
    </p>
   </div>
   <div class='ocr_carea' id='block_1_59' title="bbox 199 4230 1747 4304">
    <p class='ocr_par' dir='ltr' id='par_1_59' title="bbox 199 4230 1747 4304">
     <span class='ocr_line' id='line_1_59' title="bbox 199 4230 1747 4304; baseline 0.008 -25"><span class='ocrx_word' id='word_1_441' title='bbox 199 4233 354 4301; x_wconf 78' lang='grc' dir='ltr'>μήκη</span> <span class='ocrx_word' id='word_1_442' title='bbox 389 4230 520 4295; x_wconf 81' lang='grc' dir='ltr'>ξύλα</span> <span class='ocrx_word' id='word_1_443' title='bbox 558 4232 650 4284; x_wconf 74' lang='grc' dir='ltr'><strong>καὶ</strong></span> <span class='ocrx_word' id='word_1_444' title='bbox 689 4233 834 4283; x_wconf 75' lang='grc' dir='ltr'>ἱστία</span> <span class='ocrx_word' id='word_1_445' title='bbox 866 4235 1386 4302; x_wconf 78' lang='grc' dir='ltr'>προσεπιδήσαντες,</span> <span class='ocrx_word' id='word_1_446' title='bbox 1430 4242 1523 4289; x_wconf 74' lang='grc' dir='ltr'><strong>καὶ</strong></span> <span class='ocrx_word' id='word_1_447' title='bbox 1558 4238 1747 4304; x_wconf 75' lang='grc' dir='ltr'>ὥσπερ</span> 
     </span>
    </p>
   </div>
   <div class='ocr_carea' id='block_1_60' title="bbox 193 4321 1761 4398">
    <p class='ocr_par' dir='ltr' id='par_1_60' title="bbox 193 4321 1761 4398">
     <span class='ocr_line' id='line_1_60' title="bbox 193 4321 1761 4398; baseline 0.006 -24"><span class='ocrx_word' id='word_1_448' title='bbox 193 4326 321 4374; x_wconf 76' lang='grc' dir='ltr'>τινα</span> <span class='ocrx_word' id='word_1_449' title='bbox 364 4322 514 4372; x_wconf 80' lang='grc' dir='ltr'>πόλιν</span> <span class='ocrx_word' id='word_1_450' title='bbox 543 4325 599 4373; x_wconf 83' lang='grc' dir='ltr'><strong>ἐν</strong></span> <span class='ocrx_word' id='word_1_451' title='bbox 629 4323 694 4390; x_wconf 79' lang='grc' dir='ltr'>τῇ</span> <span class='ocrx_word' id='word_1_452' title='bbox 732 4321 977 4392; x_wconf 76' lang='grc' dir='ltr'>θαλάσσῃ</span> <span class='ocrx_word' id='word_1_453' title='bbox 1010 4323 1575 4398; x_wconf 67' lang='grc' dir='ltr'>διαμηχανησάμενοι,</span> <span class='ocrx_word' id='word_1_454' title='bbox 1619 4332 1676 4382; x_wconf 82' lang='grc' dir='ltr'><strong>ἐν</strong></span> <span class='ocrx_word' id='word_1_455' title='bbox 1706 4332 1761 4384; x_wconf 77' lang='grc' dir='ltr'>δὲ</span> 
     </span>
    </p>
   </div>
   <div class='ocr_carea' id='block_1_61' title="bbox 197 4411 1759 4488">
    <p class='ocr_par' dir='ltr' id='par_1_61' title="bbox 197 4411 1759 4488">
     <span class='ocr_line' id='line_1_61' title="bbox 197 4411 1759 4488; baseline 0.01 -27"><span class='ocrx_word' id='word_1_456' title='bbox 197 4417 318 4475; x_wconf 82' lang='grc' dir='ltr'>ταῖς</span> <span class='ocrx_word' id='word_1_457' title='bbox 359 4411 619 4479; x_wconf 86' lang='grc' dir='ltr'>πλαγίαις</span> <span class='ocrx_word' id='word_1_458' title='bbox 669 4412 868 4476; x_wconf 74' lang='grc' dir='ltr'>ἔξωθεν</span> <span class='ocrx_word' id='word_1_459' title='bbox 923 4415 990 4466; x_wconf 83' lang='grc' dir='ltr'>τὰ</span> <span class='ocrx_word' id='word_1_460' title='bbox 1033 4413 1347 4488; x_wconf 74' lang='grc' dir='ltr'>βραχύτερα</span> <span class='ocrx_word' id='word_1_461' title='bbox 1401 4421 1510 4472; x_wconf 85' lang='grc' dir='ltr'><strong>τῶν</strong></span> <span class='ocrx_word' id='word_1_462' title='bbox 1541 4423 1759 4486; x_wconf 73' lang='grc' dir='ltr'>πλοίων,</span> 
     </span>
    </p>
   </div>
   <div class='ocr_carea' id='block_1_62' title="bbox 198 4505 1761 4583">
    <p class='ocr_par' dir='ltr' id='par_1_62' title="bbox 198 4505 1761 4583">
     <span class='ocr_line' id='line_1_62' title="bbox 198 4505 1761 4583; baseline 0.006 -27"><span class='ocrx_word' id='word_1_463' title='bbox 198 4506 515 4575; x_wconf 79' lang='grc' dir='ltr'>προτείχιὸν</span> <span class='ocrx_word' id='word_1_464' title='bbox 569 4523 621 4557; x_wconf 86' lang='grc' dir='ltr'><strong>τι</strong></span> <span class='ocrx_word' id='word_1_465' title='bbox 681 4505 1017 4576; x_wconf 77' lang='grc' dir='ltr'>μιμούμενα,</span> <span class='ocrx_word' id='word_1_466' title='bbox 1077 4511 1520 4579; x_wconf 78' lang='grc' dir='ltr'>παραζεύξαντες</span> <span class='ocrx_word' id='word_1_467' title='bbox 1573 4515 1761 4583; x_wconf 71' lang='grc' dir='ltr'>ἁθρόοι</span> 
     </span>
    </p>
   </div>
   <div class='ocr_carea' id='block_1_63' title="bbox 195 4597 1763 4672">
    <p class='ocr_par' dir='ltr' id='par_1_63' title="bbox 195 4597 1763 4672">
     <span class='ocr_line' id='line_1_63' title="bbox 195 4597 1763 4672; baseline 0.004 -23"><span class='ocrx_word' id='word_1_468' title='bbox 195 4597 504 4667; x_wconf 82' lang='grc' dir='ltr'>γενόμενοι,</span> <span class='ocrx_word' id='word_1_469' title='bbox 551 4598 687 4666; x_wconf 84' lang='grc' dir='ltr'>μετὰ</span> <span class='ocrx_word' id='word_1_470' title='bbox 715 4597 964 4666; x_wconf 79' lang='grc' dir='ltr'>δακρύων</span> <span class='ocrx_word' id='word_1_471' title='bbox 1007 4599 1288 4667; x_wconf 77' lang='grc' dir='ltr'>ἱκετηρίαν</span> <span class='ocrx_word' id='word_1_472' title='bbox 1313 4600 1390 4669; x_wconf 82' lang='grc' dir='ltr'>τῷ</span> <span class='ocrx_word' id='word_1_473' title='bbox 1416 4602 1531 4672; x_wconf 85' lang='grc' dir='ltr'>Θεῴ</span> <span class='ocrx_word' id='word_1_474' title='bbox 1559 4606 1763 4672; x_wconf 75' lang='grc' dir='ltr'>προσῆ-</span> 
     </span>
    </p>
   </div>
   <div class='ocr_carea' id='block_1_64' title="bbox 194 4690 1760 4765">
    <p class='ocr_par' dir='ltr' id='par_1_64' title="bbox 194 4690 1760 4765">
     <span class='ocr_line' id='line_1_64' title="bbox 194 4690 1760 4765; baseline 0.003 -23"><span class='ocrx_word' id='word_1_475' title='bbox 194 4707 294 4758; x_wconf 85' lang='grc' dir='ltr'><strong>γον</strong></span> <span class='ocrx_word' id='word_1_476' title='bbox 337 4692 570 4759; x_wconf 82' lang='grc' dir='ltr'>μακράν.</span> <span class='ocrx_word' id='word_1_477' title='bbox 644 4690 774 4740; x_wconf 80' lang='grc' dir='ltr'>Εἱτα</span> <span class='ocrx_word' id='word_1_478' title='bbox 810 4690 916 4741; x_wconf 82' lang='grc' dir='ltr'><strong>τὼν</strong></span> <span class='ocrx_word' id='word_1_479' title='bbox 968 4690 1127 4758; x_wconf 79' lang='grc' dir='ltr'>ἱερῶν</span> <span class='ocrx_word' id='word_1_480' title='bbox 1181 4694 1618 4762; x_wconf 73' lang='grc' dir='ltr'>ἀπογευσάμενοι</span> <span class='ocrx_word' id='word_1_481' title='bbox 1664 4715 1760 4765; x_wconf 79' lang='grc' dir='ltr'>μυ-</span> 
     </span>
    </p>
   </div>
   <div class='ocr_carea' id='block_1_65' title="bbox 199 4779 1762 4858">
    <p class='ocr_par' dir='ltr' id='par_1_65' title="bbox 199 4779 1762 4858">
     <span class='ocr_line' id='line_1_65' title="bbox 199 4779 1762 4858; baseline 0.007 -31"><span class='ocrx_word' id='word_1_482' title='bbox 199 4781 441 4848; x_wconf 81' lang='grc' dir='ltr'>στηρίων</span> <span class='ocrx_word' id='word_1_483' title='bbox 474 4779 570 4830; x_wconf 80' lang='grc' dir='ltr'>καὶ</span> <span class='ocrx_word' id='word_1_484' title='bbox 618 4779 1001 4849; x_wconf 77' lang='grc' dir='ltr'>ὁπλισάμενοι,</span> <span class='ocrx_word' id='word_1_485' title='bbox 1042 4783 1363 4858; x_wconf 81' lang='grc' dir='ltr'>κατέϐαινον</span> <span class='ocrx_word' id='word_1_486' title='bbox 1398 4785 1491 4835; x_wconf 80' lang='grc' dir='ltr'>ἐπὶ</span> <span class='ocrx_word' id='word_1_487' title='bbox 1529 4787 1596 4836; x_wconf 69' lang='grc' dir='ltr'><strong>τὰ</strong></span> <span class='ocrx_word' id='word_1_488' title='bbox 1630 4788 1762 4856; x_wconf 70' lang='grc' dir='ltr'>βρα-</span> 
     </span>
    </p>
   </div>
   <div class='ocr_carea' id='block_1_66' title="bbox 193 4869 1760 4946">
    <p class='ocr_par' dir='ltr' id='par_1_66' title="bbox 193 4869 1760 4946">
     <span class='ocr_line' id='line_1_66' title="bbox 193 4869 1760 4946; baseline 0.005 -25"><span class='ocrx_word' id='word_1_489' title='bbox 193 4872 403 4942; x_wconf 82' lang='grc' dir='ltr'>χύτερα</span> <span class='ocrx_word' id='word_1_490' title='bbox 443 4869 620 4921; x_wconf 72' lang='grc' dir='ltr'><strong>πλοῖα⁴</strong></span> <span class='ocrx_word' id='word_1_491' title='bbox 658 4874 750 4922; x_wconf 75' lang='grc' dir='ltr'>καὶ</span> <span class='ocrx_word' id='word_1_492' title='bbox 779 4872 1002 4933; x_wconf 80' lang='grc' dir='ltr'>στάντες</span> <span class='ocrx_word' id='word_1_493' title='bbox 1031 4874 1092 4923; x_wconf 81' lang='grc' dir='ltr'><strong>ἐκ</strong></span> <span class='ocrx_word' id='word_1_494' title='bbox 1125 4871 1378 4939; x_wconf 70' lang='grc' dir='ltr'>πλαγίου,</span> <span class='ocrx_word' id='word_1_495' title='bbox 1411 4875 1487 4943; x_wconf 81' lang='grc' dir='ltr'>τῷ</span> <span class='ocrx_word' id='word_1_496' title='bbox 1525 4877 1600 4945; x_wconf 77' lang='grc' dir='ltr'>μὴ</span> <span class='ocrx_word' id='word_1_497' title='bbox 1636 4877 1760 4946; x_wconf 56' lang='lat' dir='ltr'><strong>gld-</strong></span> 
     </span>
    </p>
   </div>
   <div class='ocr_carea' id='block_1_67' title="bbox 195 4959 1757 5034">
    <p class='ocr_par' dir='ltr' id='par_1_67' title="bbox 195 4959 1757 5034">
     <span class='ocr_line' id='line_1_67' title="bbox 195 4959 1757 5034; baseline 0.003 -22"><span class='ocrx_word' id='word_1_498' title='bbox 195 4961 300 5030; x_wconf 77' lang='grc' dir='ltr'><strong>ϐήν</strong></span> <span class='ocrx_word' id='word_1_499' title='bbox 342 4962 465 5012; x_wconf 69' lang='grc' dir='ltr'>τινὰ</span> <span class='ocrx_word' id='word_1_500' title='bbox 502 4959 606 5010; x_wconf 85' lang='grc' dir='ltr'><strong>ὑπὸ</strong></span> <span class='ocrx_word' id='word_1_501' title='bbox 638 4961 746 5010; x_wconf 83' lang='grc' dir='ltr'>τῶν</span> <span class='ocrx_word' id='word_1_502' title='bbox 783 4960 954 5028; x_wconf 81' lang='grc' dir='ltr'>βελῶν</span> <span class='ocrx_word' id='word_1_503' title='bbox 987 4961 1279 5030; x_wconf 75' lang='grc' dir='ltr'>ὑπομένειν</span> <span class='ocrx_word' id='word_1_504' title='bbox 1309 4962 1417 5014; x_wconf 84' lang='grc' dir='ltr'>τῶν</span> <span class='ocrx_word' id='word_1_505' title='bbox 1464 4966 1757 5034; x_wconf 76' lang='grc' dir='ltr'>πολεμίων,</span> 
     </span>
    </p>
   </div>
   <div class='ocr_carea' id='block_1_68' title="bbox 196 5053 1763 5121">
    <p class='ocr_par' dir='ltr' id='par_1_68' title="bbox 196 5053 1763 5121">
     <span class='ocr_line' id='line_1_68' title="bbox 196 5053 1763 5121; baseline 0.002 -15"><span class='ocrx_word' id='word_1_506' title='bbox 196 5055 375 5106; x_wconf 66' lang='grc' dir='ltr'>ὤθουν</span> <span class='ocrx_word' id='word_1_507' title='bbox 408 5053 546 5103; x_wconf 71' lang='grc' dir='ltr'>αὐτὰ</span> <span class='ocrx_word' id='word_1_508' title='bbox 587 5053 719 5119; x_wconf 71' lang='grc' dir='ltr'>πρὸς</span> <span class='ocrx_word' id='word_1_509' title='bbox 769 5054 870 5120; x_wconf 83' lang='grc' dir='ltr'>τὴν</span> <span class='ocrx_word' id='word_1_510' title='bbox 904 5053 1026 5121; x_wconf 75' lang='grc' dir='ltr'>γῆν,</span> <span class='ocrx_word' id='word_1_511' title='bbox 1071 5053 1224 5106; x_wconf 81' lang='grc' dir='ltr'>αὐτοί</span> <span class='ocrx_word' id='word_1_512' title='bbox 1263 5070 1319 5104; x_wconf 89' lang='grc' dir='ltr'><strong>τε</strong></span> <span class='ocrx_word' id='word_1_513' title='bbox 1389 5058 1481 5106; x_wconf 74' lang='grc' dir='ltr'><strong>καὶ</strong></span> <span class='ocrx_word' id='word_1_514' title='bbox 1521 5059 1664 5110; x_wconf 77' lang='grc' dir='ltr'>ἅπαν</span> <span class='ocrx_word' id='word_1_515' title='bbox 1704 5060 1763 5109; x_wconf 81' lang='grc' dir='ltr'><strong>τὸ</strong></span> 
     </span>
    </p>
   </div>
   <div class='ocr_carea' id='block_1_69' title="bbox 196 5146 1763 5216">
    <p class='ocr_par' dir='ltr' id='par_1_69' title="bbox 196 5146 1763 5216">
     <span class='ocr_line' id='line_1_69' title="bbox 196 5146 1763 5216; baseline 0.003 -18"><span class='ocrx_word' id='word_1_516' title='bbox 196 5146 492 5202; x_wconf 79' lang='grc' dir='ltr'>ναυτικόν·</span> <span class='ocrx_word' id='word_1_517' title='bbox 527 5146 592 5198; x_wconf 78' lang='grc' dir='ltr'><strong>τά</strong></span> <span class='ocrx_word' id='word_1_518' title='bbox 633 5146 688 5197; x_wconf 84' lang='grc' dir='ltr'>δὲ</span> <span class='ocrx_word' id='word_1_519' title='bbox 749 5147 860 5206; x_wconf 83' lang='grc' dir='ltr'>τοῖς</span> <span class='ocrx_word' id='word_1_520' title='bbox 925 5147 1182 5212; x_wconf 81' lang='grc' dir='ltr'>μεγάλοις</span> <span class='ocrx_word' id='word_1_521' title='bbox 1253 5148 1617 5216; x_wconf 77' lang='grc' dir='ltr'>συνδεδεμένα</span> <span class='ocrx_word' id='word_1_522' title='bbox 1670 5153 1763 5202; x_wconf 71' lang='grc' dir='ltr'><strong>καὶ</strong></span> 
     </span>
    </p>
   </div>
   <div class='ocr_carea' id='block_1_70' title="bbox 195 5235 1762 5309">
    <p class='ocr_par' dir='ltr' id='par_1_70' title="bbox 195 5235 1762 5309">
     <span class='ocr_line' id='line_1_70' title="bbox 195 5235 1762 5309; baseline 0.004 -20"><span class='ocrx_word' id='word_1_523' title='bbox 195 5238 341 5290; x_wconf 75' lang='grc' dir='ltr'>αὐτα</span> <span class='ocrx_word' id='word_1_524' title='bbox 405 5235 841 5302; x_wconf 77' lang='grc' dir='ltr'>συνεφείλκοντο,</span> <span class='ocrx_word' id='word_1_525' title='bbox 895 5237 1051 5304; x_wconf 76' lang='grc' dir='ltr'>ἄχρις</span> <span class='ocrx_word' id='word_1_526' title='bbox 1111 5239 1175 5290; x_wconf 86' lang='grc' dir='ltr'><strong>ἂν</strong></span> <span class='ocrx_word' id='word_1_527' title='bbox 1208 5240 1264 5289; x_wconf 78' lang='lat' dir='ltr'><strong>al</strong></span> <span class='ocrx_word' id='word_1_528' title='bbox 1319 5241 1552 5309; x_wconf 71' lang='grc' dir='ltr'>πλευραὶ</span> <span class='ocrx_word' id='word_1_529' title='bbox 1584 5243 1762 5296; x_wconf 72' lang='grc' dir='ltr'>αὐτῶν</span> 
     </span>
    </p>
   </div>
   <div class='ocr_carea' id='block_1_71' title="bbox 195 5329 1762 5402">
    <p class='ocr_par' dir='ltr' id='par_1_71' title="bbox 195 5329 1762 5402">
     <span class='ocr_line' id='line_1_71' title="bbox 195 5329 1762 5402; baseline -0.003 -20"><span class='ocrx_word' id='word_1_530' title='bbox 195 5329 629 5400; x_wconf 72' lang='grc' dir='ltr'>προσοκείλασαι</span> <span class='ocrx_word' id='word_1_531' title='bbox 687 5331 1058 5397; x_wconf 76' lang='grc' dir='ltr'>προσήρεισαν</span> <span class='ocrx_word' id='word_1_532' title='bbox 1116 5331 1190 5398; x_wconf 81' lang='grc' dir='ltr'>τῷ</span> <span class='ocrx_word' id='word_1_533' title='bbox 1245 5333 1502 5402; x_wconf 81' lang='grc' dir='ltr'>αἰγιαλῷ,</span> <span class='ocrx_word' id='word_1_534' title='bbox 1559 5335 1631 5395; x_wconf 76' lang='grc' dir='ltr'>ὡς</span> <span class='ocrx_word' id='word_1_535' title='bbox 1674 5351 1762 5400; x_wconf 63' lang='grc' dir='ltr'>γε..</span> 
     </span>
    </p>
   </div>
   <div class='ocr_carea' id='block_1_72' title="bbox 191 5421 1758 5492">
    <p class='ocr_par' dir='ltr' id='par_1_72' title="bbox 191 5421 1758 5492">
     <span class='ocr_line' id='line_1_72' title="bbox 191 5421 1758 5492; baseline 0.003 -16"><span class='ocrx_word' id='word_1_536' title='bbox 191 5423 387 5476; x_wconf 82' lang='grc' dir='ltr'>νέσθαι</span> <span class='ocrx_word' id='word_1_537' title='bbox 424 5424 595 5490; x_wconf 84' lang='grc' dir='ltr'>τεῖχος</span> <span class='ocrx_word' id='word_1_538' title='bbox 626 5421 808 5482; x_wconf 83' lang='grc' dir='ltr'>αὐτοῖς</span> <span class='ocrx_word' id='word_1_539' title='bbox 841 5423 933 5472; x_wconf 76' lang='grc' dir='ltr'><strong>καὶ</strong></span> <span class='ocrx_word' id='word_1_540' title='bbox 962 5424 1071 5484; x_wconf 84' lang='grc' dir='ltr'>τοῖς</span> <span class='ocrx_word' id='word_1_541' title='bbox 1111 5423 1539 5492; x_wconf 69' lang='grc' dir='ltr'>Ὀμηρίταις.τ5ι</span> <span class='ocrx_word' id='word_1_542' title='bbox 1579 5428 1758 5481; x_wconf 69' lang='grc' dir='ltr'>πλοῖα.</span> 
     </span>
    </p>
   </div>
   <div class='ocr_carea' id='block_1_73' title="bbox 195 5513 1758 5586">
    <p class='ocr_par' dir='ltr' id='par_1_73' title="bbox 195 5513 1758 5586">
     <span class='ocr_line' id='line_1_73' title="bbox 195 5513 1758 5586; baseline 0.002 -21"><span class='ocrx_word' id='word_1_543' title='bbox 195 5514 609 5581; x_wconf 72' lang='grc' dir='ltr'>Προεϐαλόντες</span> <span class='ocrx_word' id='word_1_544' title='bbox 640 5513 692 5563; x_wconf 72' lang='grc' dir='ltr'>δὲ</span> <span class='ocrx_word' id='word_1_545' title='bbox 737 5515 784 5564; x_wconf 79' lang='grc' dir='ltr'>οἱ</span> <span class='ocrx_word' id='word_1_546' title='bbox 824 5514 1070 5582; x_wconf 68' lang='grc' dir='ltr'>πολέμιοι</span> <span class='ocrx_word' id='word_1_547' title='bbox 1105 5521 1216 5576; x_wconf 82' lang='grc' dir='ltr'>τοῖς</span> <span class='ocrx_word' id='word_1_548' title='bbox 1251 5518 1438 5586; x_wconf 61' lang='lat' dir='ltr'><strong>adpetit</strong></span> <span class='ocrx_word' id='word_1_549' title='bbox 1489 5519 1581 5569; x_wconf 73' lang='grc' dir='ltr'><strong>καὶ</strong></span> <span class='ocrx_word' id='word_1_550' title='bbox 1640 5523 1758 5581; x_wconf 80' lang='grc' dir='ltr'>ταῖς</span> 
     </span>
    </p>
   </div>
   <div class='ocr_carea' id='block_1_74' title="bbox 196 5609 1762 5683">
    <p class='ocr_par' dir='ltr' id='par_1_74' title="bbox 196 5609 1762 5683">
     <span class='ocr_line' id='line_1_74' title="bbox 196 5609 1762 5683; baseline 0.005 -25"><span class='ocrx_word' id='word_1_551' title='bbox 196 5611 428 5668; x_wconf 75' lang='grc' dir='ltr'>πέλταις</span> <span class='ocrx_word' id='word_1_552' title='bbox 488 5609 768 5660; x_wconf 76' lang='grc' dir='ltr'>κατέκλων</span> <span class='ocrx_word' id='word_1_553' title='bbox 825 5611 928 5672; x_wconf 68' lang='grc' dir='ltr'><strong>τὰς</strong></span> <span class='ocrx_word' id='word_1_554' title='bbox 987 5610 1094 5663; x_wconf 77' lang='grc' dir='ltr'>τῶν</span> <span class='ocrx_word' id='word_1_555' title='bbox 1154 5611 1507 5683; x_wconf 75' lang='grc' dir='ltr'>βραχυτέρων</span> <span class='ocrx_word' id='word_1_556' title='bbox 1560 5616 1762 5666; x_wconf 77' lang='grc' dir='ltr'>πλοίων</span> 
     </span>
    </p>
   </div>
   <div class='ocr_carea' id='block_1_75' title="bbox 199 5701 1759 5770">
    <p class='ocr_par' dir='ltr' id='par_1_75' title="bbox 199 5701 1759 5770">
     <span class='ocr_line' id='line_1_75' title="bbox 199 5701 1759 5770; baseline 0.004 -18"><span class='ocrx_word' id='word_1_557' title='bbox 199 5705 463 5770; x_wconf 74' lang='grc' dir='ltr'>πλευρὰς,</span> <span class='ocrx_word' id='word_1_558' title='bbox 499 5703 588 5753; x_wconf 77' lang='grc' dir='ltr'><strong>καὶ</strong></span> <span class='ocrx_word' id='word_1_559' title='bbox 620 5703 786 5753; x_wconf 75' lang='grc' dir='ltr'>πολλὰ</span> <span class='ocrx_word' id='word_1_560' title='bbox 817 5704 939 5764; x_wconf 75' lang='grc' dir='ltr'>τοὺς</span> <span class='ocrx_word' id='word_1_561' title='bbox 971 5701 1233 5765; x_wconf 72' lang='grc' dir='ltr'>Αιθίοπας</span> <span class='ocrx_word' id='word_1_562' title='bbox 1290 5706 1545 5759; x_wconf 68' lang='grc' dir='ltr'>ἐλύπουν.</span> <span class='ocrx_word' id='word_1_563' title='bbox 1603 5709 1663 5758; x_wconf 76' lang='grc' dir='ltr'><strong>ΟΞ</strong></span> <span class='ocrx_word' id='word_1_564' title='bbox 1706 5707 1759 5759; x_wconf 76' lang='grc' dir='ltr'><strong>δε</strong></span> 
     </span>
    </p>
   </div>
   <div class='ocr_carea' id='block_1_76' title="bbox 1707 5800 1723 5826">
    <p class='ocr_par' dir='ltr' id='par_1_76' title="bbox 1707 5800 1723 5826">
     <span class='ocr_line' id='line_1_76' title="bbox 1707 5800 1723 5826; baseline 0 -2"><span class='ocrx_word' id='word_1_565' title='bbox 1707 5800 1723 5826; x_wconf 69' lang='grc' dir='ltr'>ἓ.</span> 
     </span>
    </p>
   </div>
   <div class='ocr_carea' id='block_1_77' title="bbox 195 5794 1760 5864">
    <p class='ocr_par' dir='ltr' id='par_1_77' title="bbox 195 5794 1760 5864">
     <span class='ocr_line' id='line_1_77' title="bbox 195 5794 1760 5864; baseline -0.01 4"><span class='ocrx_word' id='word_1_566' title='bbox 195 5796 335 5854; x_wconf 62' lang='grc' dir='ltr'><strong>πρὸς</strong></span> <span class='ocrx_word' id='word_1_567' title='bbox 369 5794 581 5852; x_wconf 54' lang='grc' dir='ltr'><strong>ἄμυναν</strong></span> <span class='ocrx_word' id='word_1_568' title='bbox 614 5794 770 5858; x_wconf 64' lang='grc' dir='ltr'>αὖθις</span> <span class='ocrx_word' id='word_1_569' title='bbox 802 5795 936 5858; x_wconf 72' lang='grc' dir='ltr'><strong>μετά</strong></span> <span class='ocrx_word' id='word_1_570' title='bbox 986 5796 1234 5864; x_wconf 45' lang='lat' dir='ltr'><strong>{mugitu}</strong></span> <span class='ocrx_word' id='word_1_571' title='bbox 1281 5798 1630 5860; x_wconf 67' lang='grc' dir='ltr'>ἐξεκαλοῦντο</span> <span class='ocrx_word' id='word_1_572' title='bbox 1671 5800 1760 5852; x_wconf 61' lang='grc' dir='ltr'>τὶν</span> 
     </span>
    </p>
   </div>
   <div class='ocr_carea' id='block_1_78' title="bbox 1879 1948 3452 2023">
    <p class='ocr_par' dir='ltr' id='par_1_78' title="bbox 1879 1948 3452 2023">
     <span class='ocr_line' id='line_1_78' title="bbox 1879 1948 3452 2023; baseline 0.011 -31"><span class='ocrx_word' id='word_1_573' title='bbox 1879 1956 2066 2006; x_wconf 82' lang='lat' dir='ltr'><strong>naves,</strong></span> <span class='ocrx_word' id='word_1_574' title='bbox 2110 1960 2358 2012; x_wconf 82' lang='lat' dir='ltr'><strong>egressus</strong></span> <span class='ocrx_word' id='word_1_575' title='bbox 2388 1956 2471 1999; x_wconf 87' lang='lat' dir='ltr'><strong>est</strong></span> <span class='ocrx_word' id='word_1_576' title='bbox 2501 1948 2565 1999; x_wconf 90' lang='lat' dir='ltr'><strong>ad</strong></span> <span class='ocrx_word' id='word_1_577' title='bbox 2597 1949 2800 2014; x_wconf 88' lang='lat' dir='ltr'><strong>hostes,</strong></span> <span class='ocrx_word' id='word_1_578' title='bbox 2833 1952 2922 2018; x_wconf 90' lang='lat' dir='ltr'><strong>qui</strong></span> <span class='ocrx_word' id='word_1_579' title='bbox 2958 1963 3113 2006; x_wconf 84' lang='lat' dir='ltr'><strong>erant</strong></span> <span class='ocrx_word' id='word_1_580' title='bbox 3147 1955 3198 2007; x_wconf 91' lang='lat' dir='ltr'><strong>in</strong></span> <span class='ocrx_word' id='word_1_581' title='bbox 3241 1955 3452 2023; x_wconf 85' lang='lat' dir='ltr'><strong>littore,</strong></span> 
     </span>
    </p>
   </div>
   <div class='ocr_carea' id='block_1_79' title="bbox 1879 2038 3450 2115">
    <p class='ocr_par' dir='ltr' id='par_1_79' title="bbox 1879 2038 3450 2115">
     <span class='ocr_line' id='line_1_79' title="bbox 1879 2038 3450 2115; baseline 0.01 -31"><span class='ocrx_word' id='word_1_582' title='bbox 1879 2039 1934 2084; x_wconf 87' lang='lat' dir='ltr'><strong>et</strong></span> <span class='ocrx_word' id='word_1_583' title='bbox 1965 2048 2142 2101; x_wconf 83' lang='lat' dir='ltr'><strong>pugna</strong></span> <span class='ocrx_word' id='word_1_584' title='bbox 2178 2044 2320 2088; x_wconf 83' lang='lat' dir='ltr'><strong>terra</strong></span> <span class='ocrx_word' id='word_1_585' title='bbox 2372 2038 2618 2105; x_wconf 87' lang='lat' dir='ltr'><strong>marique</strong></span> <span class='ocrx_word' id='word_1_586' title='bbox 2662 2043 2974 2100; x_wconf 75' lang='lat' dir='ltr'><strong>commissa,</strong></span> <span class='ocrx_word' id='word_1_587' title='bbox 3014 2041 3309 2108; x_wconf 66' lang='lat' dir='ltr'><strong>Hebraeos,</strong></span> <span class='ocrx_word' id='word_1_588' title='bbox 3355 2047 3450 2115; x_wconf 89' lang='lat' dir='ltr'><strong>qui</strong></span> 
     </span>
    </p>
   </div>
   <div class='ocr_carea' id='block_1_80' title="bbox 1878 2126 3453 2200">
    <p class='ocr_par' dir='ltr' id='par_1_80' title="bbox 1878 2126 3453 2200">
     <span class='ocr_line' id='line_1_80' title="bbox 1878 2126 3453 2200; baseline 0.011 -26"><span class='ocrx_word' id='word_1_589' title='bbox 1878 2131 2022 2193; x_wconf 82' lang='lat' dir='ltr'><strong>terga</strong></span> <span class='ocrx_word' id='word_1_590' title='bbox 2059 2126 2343 2189; x_wconf 87' lang='lat' dir='ltr'><strong>dederant,</strong></span> <span class='ocrx_word' id='word_1_591' title='bbox 2377 2129 2500 2196; x_wconf 86' lang='lat' dir='ltr'><strong>jure</strong></span> <span class='ocrx_word' id='word_1_592' title='bbox 2548 2130 2670 2183; x_wconf 85' lang='lat' dir='ltr'><strong>belli</strong></span> <span class='ocrx_word' id='word_1_593' title='bbox 2715 2146 2906 2186; x_wconf 91' lang='lat' dir='ltr'><strong>omnes</strong></span> <span class='ocrx_word' id='word_1_594' title='bbox 2943 2136 3165 2200; x_wconf 80' lang='lat' dir='ltr'><strong>occidit,</strong></span> <span class='ocrx_word' id='word_1_595' title='bbox 3219 2139 3356 2191; x_wconf 88' lang='lat' dir='ltr'><strong>adeo</strong></span> <span class='ocrx_word' id='word_1_596' title='bbox 3393 2146 3453 2192; x_wconf 85' lang='lat' dir='ltr'><strong>ut</strong></span> 
     </span>
    </p>
   </div>
   <div class='ocr_carea' id='block_1_81' title="bbox 1875 2218 3450 2295">
    <p class='ocr_par' dir='ltr' id='par_1_81' title="bbox 1875 2218 3450 2295">
     <span class='ocr_line' id='line_1_81' title="bbox 1875 2218 3450 2295; baseline 0.014 -29"><span class='ocrx_word' id='word_1_597' title='bbox 1875 2229 1942 2267; x_wconf 87' lang='lat' dir='ltr'><strong>ne</strong></span> <span class='ocrx_word' id='word_1_598' title='bbox 1990 2232 2130 2270; x_wconf 90' lang='lat' dir='ltr'><strong>unus</strong></span> <span class='ocrx_word' id='word_1_599' title='bbox 2176 2218 2393 2284; x_wconf 81' lang='lat' dir='ltr'><strong>quidem</strong></span> <span class='ocrx_word' id='word_1_600' title='bbox 2452 2222 2523 2273; x_wconf 92' lang='lat' dir='ltr'><strong>sit</strong></span> <span class='ocrx_word' id='word_1_601' title='bbox 2576 2223 2798 2279; x_wconf 78' lang='lat' dir='ltr'><strong>relictus</strong></span> <span class='ocrx_word' id='word_1_602' title='bbox 2847 2225 2920 2277; x_wconf 89' lang='lat' dir='ltr'><strong>rei</strong></span> <span class='ocrx_word' id='word_1_603' title='bbox 2976 2238 3139 2295; x_wconf 77' lang='lat' dir='ltr'><strong>gesta:</strong></span> <span class='ocrx_word' id='word_1_604' title='bbox 3202 2231 3450 2288; x_wconf 85' lang='lat' dir='ltr'><strong>nuntius.</strong></span> 
     </span>
    </p>
   </div>
   <div class='ocr_carea' id='block_1_82' title="bbox 1873 2304 3452 2388">
    <p class='ocr_par' dir='ltr' id='par_1_82' title="bbox 1873 2304 3452 2388">
     <span class='ocr_line' id='line_1_82' title="bbox 1873 2304 3452 2388; baseline 0.012 -31"><span class='ocrx_word' id='word_1_605' title='bbox 1873 2304 2008 2358; x_wconf 87' lang='lat' dir='ltr'><strong>Cum</strong></span> <span class='ocrx_word' id='word_1_606' title='bbox 2040 2316 2219 2360; x_wconf 88' lang='lat' dir='ltr'><strong>autem</strong></span> <span class='ocrx_word' id='word_1_607' title='bbox 2256 2309 2479 2364; x_wconf 83' lang='lat' dir='ltr'><strong>haberet</strong></span> <span class='ocrx_word' id='word_1_608' title='bbox 2513 2324 2803 2381; x_wconf 77' lang='lat' dir='ltr'><strong>cngnatum</strong></span> <span class='ocrx_word' id='word_1_609' title='bbox 2839 2318 3000 2386; x_wconf 69' lang='lat' dir='ltr'><strong>regis,</strong></span> <span class='ocrx_word' id='word_1_610' title='bbox 3031 2320 3122 2388; x_wconf 85' lang='lat' dir='ltr'><strong>qui</strong></span> <span class='ocrx_word' id='word_1_611' title='bbox 3165 2321 3214 2374; x_wconf 91' lang='lat' dir='ltr'><strong>ei</strong></span> <span class='ocrx_word' id='word_1_612' title='bbox 3260 2333 3452 2375; x_wconf 87' lang='lat' dir='ltr'><strong>osten-</strong></span> 
     </span>
    </p>
   </div>
   <div class='ocr_carea' id='block_1_83' title="bbox 1874 2399 3448 2484">
    <p class='ocr_par' dir='ltr' id='par_1_83' title="bbox 1874 2399 3448 2484">
     <span class='ocr_line' id='line_1_83' title="bbox 1874 2399 3448 2484; baseline 0.013 -34"><span class='ocrx_word' id='word_1_613' title='bbox 1874 2399 2036 2451; x_wconf 84' lang='lat' dir='ltr'><strong>debat</strong></span> <span class='ocrx_word' id='word_1_614' title='bbox 2073 2401 2234 2464; x_wconf 89' lang='lat' dir='ltr'><strong>viam,</strong></span> <span class='ocrx_word' id='word_1_615' title='bbox 2277 2418 2396 2472; x_wconf 67' lang='lat' dir='ltr'><strong>quae</strong></span> <span class='ocrx_word' id='word_1_616' title='bbox 2425 2404 2572 2457; x_wconf 87' lang='lat' dir='ltr'><strong>ducit</strong></span> <span class='ocrx_word' id='word_1_617' title='bbox 2605 2407 2670 2459; x_wconf 85' lang='lat' dir='ltr'><strong>ad</strong></span> <span class='ocrx_word' id='word_1_618' title='bbox 2700 2407 2974 2462; x_wconf 86' lang='lat' dir='ltr'><strong>civitatem</strong></span> <span class='ocrx_word' id='word_1_619' title='bbox 3007 2411 3182 2467; x_wconf 84' lang='lat' dir='ltr'><strong>Phare</strong></span> <span class='ocrx_word' id='word_1_620' title='bbox 3204 2457 3217 2479; x_wconf 96' lang='lat'><strong>,</strong></span> <span class='ocrx_word' id='word_1_621' title='bbox 3253 2414 3306 2467; x_wconf 89' lang='lat' dir='ltr'><strong>in</strong></span> <span class='ocrx_word' id='word_1_622' title='bbox 3342 2432 3448 2484; x_wconf 87' lang='lat' dir='ltr'><strong>qua</strong></span> 
     </span>
    </p>
   </div>
   <div class='ocr_carea' id='block_1_84' title="bbox 1872 2488 3447 2570">
    <p class='ocr_par' dir='ltr' id='par_1_84' title="bbox 1872 2488 3447 2570">
     <span class='ocr_line' id='line_1_84' title="bbox 1872 2488 3447 2570; baseline 0.011 -30"><span class='ocrx_word' id='word_1_623' title='bbox 1872 2496 1989 2540; x_wconf 86' lang='lat' dir='ltr'><strong>erat</strong></span> <span class='ocrx_word' id='word_1_624' title='bbox 2023 2488 2166 2555; x_wconf 72' lang='lat' dir='ltr'><strong>regia</strong></span> <span class='ocrx_word' id='word_1_625' title='bbox 2204 2488 2450 2555; x_wconf 85' lang='lat' dir='ltr'><strong>Dunaan,</strong></span> <span class='ocrx_word' id='word_1_626' title='bbox 2485 2493 2551 2545; x_wconf 86' lang='lat' dir='ltr'><strong>ad</strong></span> <span class='ocrx_word' id='word_1_627' title='bbox 2583 2494 2725 2547; x_wconf 80' lang='lat' dir='ltr'><strong>illazn</strong></span> <span class='ocrx_word' id='word_1_628' title='bbox 2762 2500 3034 2554; x_wconf 84' lang='lat' dir='ltr'><strong>ascendit.</strong></span> <span class='ocrx_word' id='word_1_629' title='bbox 3067 2502 3182 2565; x_wconf 86' lang='lat' dir='ltr'><strong>Qua</strong></span> <span class='ocrx_word' id='word_1_630' title='bbox 3225 2505 3447 2570; x_wconf 89' lang='lat' dir='ltr'><strong>potitus,</strong></span> 
     </span>
    </p>
   </div>
   <div class='ocr_carea' id='block_1_85' title="bbox 1873 2580 3448 2664">
    <p class='ocr_par' dir='ltr' id='par_1_85' title="bbox 1873 2580 3448 2664">
     <span class='ocr_line' id='line_1_85' title="bbox 1873 2580 3448 2664; baseline 0.013 -34"><span class='ocrx_word' id='word_1_631' title='bbox 1873 2587 1931 2631; x_wconf 92' lang='lat' dir='ltr'><strong>ut</strong></span> <span class='ocrx_word' id='word_1_632' title='bbox 1987 2581 2076 2647; x_wconf 86' lang='lat' dir='ltr'><strong>qui</strong></span> <span class='ocrx_word' id='word_1_633' title='bbox 2112 2580 2500 2635; x_wconf 76' lang='lat' dir='ltr'><strong>incustoditam</strong></span> <span class='ocrx_word' id='word_1_634' title='bbox 2561 2585 2879 2641; x_wconf 73' lang='lat' dir='ltr'><strong>offendisset</strong></span> <span class='ocrx_word' id='word_1_635' title='bbox 2932 2590 3244 2655; x_wconf 82' lang='lat' dir='ltr'><strong>civitatem,</strong></span> <span class='ocrx_word' id='word_1_636' title='bbox 3306 2597 3448 2664; x_wconf 82' lang='lat' dir='ltr'><strong>capit</strong></span> 
     </span>
    </p>
   </div>
   <div class='ocr_carea' id='block_1_86' title="bbox 1871 2673 3448 2753">
    <p class='ocr_par' dir='ltr' id='par_1_86' title="bbox 1871 2673 3448 2753">
     <span class='ocr_line' id='line_1_86' title="bbox 1871 2673 3448 2753; baseline 0.011 -29"><span class='ocrx_word' id='word_1_637' title='bbox 1871 2685 2062 2726; x_wconf 90' lang='lat' dir='ltr'><strong>omnes</strong></span> <span class='ocrx_word' id='word_1_638' title='bbox 2090 2673 2328 2742; x_wconf 87' lang='lat' dir='ltr'><strong>divitias,</strong></span> <span class='ocrx_word' id='word_1_639' title='bbox 2359 2690 2480 2744; x_wconf 84' lang='lat' dir='ltr'><strong>qua:</strong></span> <span class='ocrx_word' id='word_1_640' title='bbox 2511 2687 2668 2732; x_wconf 89' lang='lat' dir='ltr'><strong>erant</strong></span> <span class='ocrx_word' id='word_1_641' title='bbox 2711 2679 2765 2732; x_wconf 89' lang='lat' dir='ltr'><strong>in</strong></span> <span class='ocrx_word' id='word_1_642' title='bbox 2802 2680 2964 2751; x_wconf 89' lang='lat' dir='ltr'><strong>regia,</strong></span> <span class='ocrx_word' id='word_1_643' title='bbox 2995 2692 3050 2737; x_wconf 88' lang='lat' dir='ltr'><strong>et</strong></span> <span class='ocrx_word' id='word_1_644' title='bbox 3095 2684 3242 2753; x_wconf 84' lang='lat' dir='ltr'><strong>ipsas</strong></span> <span class='ocrx_word' id='word_1_645' title='bbox 3286 2686 3448 2742; x_wconf 88' lang='lat' dir='ltr'><strong>etiam</strong></span> 
     </span>
    </p>
   </div>
   <div class='ocr_carea' id='block_1_87' title="bbox 1879 2762 2114 2830">
    <p class='ocr_par' dir='ltr' id='par_1_87' title="bbox 1879 2762 2114 2830">
     <span class='ocr_line' id='line_1_87' title="bbox 1879 2762 2114 2830; baseline 0.009 -18"><span class='ocrx_word' id='word_1_646' title='bbox 1879 2762 2114 2830; x_wconf 77' lang='lat' dir='ltr'><strong>reginas.</strong></span> 
     </span>
    </p>
   </div>
   <div class='ocr_carea' id='block_1_88' title="bbox 1939 3065 3444 3158">
    <p class='ocr_par' dir='ltr' id='par_1_88' title="bbox 1939 3065 3444 3158">
     <span class='ocr_line' id='line_1_88' title="bbox 1939 3065 3444 3158; baseline 0.015 -39"><span class='ocrx_word' id='word_1_647' title='bbox 1939 3065 2156 3124; x_wconf 77' lang='lat' dir='ltr'><strong>XXX&quot;.</strong></span> <span class='ocrx_word' id='word_1_648' title='bbox 2200 3072 2396 3126; x_wconf 83' lang='lat' dir='ltr'><strong>Verum</strong></span> <span class='ocrx_word' id='word_1_649' title='bbox 2445 3090 2568 3128; x_wconf 91' lang='lat' dir='ltr'><strong>cum</strong></span> <span class='ocrx_word' id='word_1_650' title='bbox 2621 3087 2833 3147; x_wconf 85' lang='lat' dir='ltr'><strong>captam</strong></span> <span class='ocrx_word' id='word_1_651' title='bbox 2885 3080 3098 3146; x_wconf 90' lang='lat' dir='ltr'><strong>urbem,</strong></span> <span class='ocrx_word' id='word_1_652' title='bbox 3135 3092 3190 3139; x_wconf 90' lang='lat' dir='ltr'><strong>et</strong></span> <span class='ocrx_word' id='word_1_653' title='bbox 3239 3086 3444 3158; x_wconf 80' lang='lat' dir='ltr'><strong>regiam</strong></span> 
     </span>
    </p>
   </div>
   <div class='ocr_carea' id='block_1_89' title="bbox 1789 3166 3450 3259">
    <p class='ocr_par' dir='ltr' id='par_1_89' title="bbox 1789 3166 3450 3259">
     <span class='ocr_line' id='line_1_89' title="bbox 1789 3166 3450 3259; baseline 0.017 -54"><span class='ocrx_word' id='word_1_654' title='bbox 1789 3166 2181 3259; x_wconf 80' lang='lat' dir='ltr'><strong>Coccupatam</strong></span> <span class='ocrx_word' id='word_1_655' title='bbox 2220 3199 2234 3224; x_wconf 94' lang='lat'><strong>,</strong></span> <span class='ocrx_word' id='word_1_656' title='bbox 2290 3171 2450 3230; x_wconf 88' lang='lat' dir='ltr'><strong>atque</strong></span> <span class='ocrx_word' id='word_1_657' title='bbox 2504 3180 2633 3220; x_wconf 91' lang='lat' dir='ltr'><strong>suos</strong></span> <span class='ocrx_word' id='word_1_658' title='bbox 2702 3168 2844 3222; x_wconf 81' lang='lat' dir='ltr'><strong>bello</strong></span> <span class='ocrx_word' id='word_1_659' title='bbox 2929 3184 3118 3241; x_wconf 90' lang='lat' dir='ltr'><strong>captos</strong></span> <span class='ocrx_word' id='word_1_660' title='bbox 3187 3177 3450 3234; x_wconf 86' lang='lat' dir='ltr'><strong>audiisset</strong></span> 
     </span>
    </p>
   </div>
   <div class='ocr_carea' id='block_1_90' title="bbox 1876 3247 3452 3333">
    <p class='ocr_par' dir='ltr' id='par_1_90' title="bbox 1876 3247 3452 3333">
     <span class='ocr_line' id='line_1_90' title="bbox 1876 3247 3452 3333; baseline 0.017 -35"><span class='ocrx_word' id='word_1_661' title='bbox 1876 3247 2124 3313; x_wconf 86' lang='lat' dir='ltr'><strong>Dunaan,</strong></span> <span class='ocrx_word' id='word_1_662' title='bbox 2183 3253 2384 3307; x_wconf 89' lang='lat' dir='ltr'><strong>timens</strong></span> <span class='ocrx_word' id='word_1_663' title='bbox 2427 3270 2496 3308; x_wconf 90' lang='lat' dir='ltr'><strong>ne</strong></span> <span class='ocrx_word' id='word_1_664' title='bbox 2547 3257 2714 3327; x_wconf 87' lang='lat' dir='ltr'><strong>aliqui</strong></span> <span class='ocrx_word' id='word_1_665' title='bbox 2757 3275 2820 3312; x_wconf 86' lang='lat' dir='ltr'><strong>ex</strong></span> <span class='ocrx_word' id='word_1_666' title='bbox 2869 3266 3113 3333; x_wconf 74' lang='lat' dir='ltr'><strong>cognatis</strong></span> <span class='ocrx_word' id='word_1_667' title='bbox 3153 3267 3452 3326; x_wconf 82' lang='lat' dir='ltr'><strong>detieerent</strong></span> 
     </span>
    </p>
   </div>
   <div class='ocr_carea' id='block_1_91' title="bbox 1869 3338 3448 3416">
    <p class='ocr_par' dir='ltr' id='par_1_91' title="bbox 1869 3338 3448 3416">
     <span class='ocr_line' id='line_1_91' title="bbox 1869 3338 3448 3416; baseline 0.016 -27"><span class='ocrx_word' id='word_1_668' title='bbox 1869 3339 1934 3391; x_wconf 88' lang='lat' dir='ltr'><strong>ad</strong></span> <span class='ocrx_word' id='word_1_669' title='bbox 1969 3338 2235 3395; x_wconf 86' lang='lat' dir='ltr'><strong>Elesbaan</strong></span> <span class='ocrx_word' id='word_1_670' title='bbox 2264 3383 2278 3407; x_wconf 94' lang='lat'><strong>,</strong></span> <span class='ocrx_word' id='word_1_671' title='bbox 2329 3355 2510 3401; x_wconf 89' lang='lat' dir='ltr'><strong>mente</strong></span> <span class='ocrx_word' id='word_1_672' title='bbox 2562 3348 2610 3401; x_wconf 89' lang='lat' dir='ltr'><strong>ei</strong></span> <span class='ocrx_word' id='word_1_673' title='bbox 2661 3365 2690 3403; x_wconf 89' lang='lat' dir='ltr'><strong>a</strong></span> <span class='ocrx_word' id='word_1_674' title='bbox 2741 3349 2848 3405; x_wconf 89' lang='lat' dir='ltr'><strong>Deo</strong></span> <span class='ocrx_word' id='word_1_675' title='bbox 2886 3354 3082 3416; x_wconf 88' lang='lat' dir='ltr'><strong>ablata.</strong></span> <span class='ocrx_word' id='word_1_676' title='bbox 3118 3373 3238 3412; x_wconf 90' lang='lat' dir='ltr'><strong>cum</strong></span> <span class='ocrx_word' id='word_1_677' title='bbox 3285 3375 3448 3414; x_wconf 88' lang='lat' dir='ltr'><strong>aurea</strong></span> 
     </span>
    </p>
   </div>
   <div class='ocr_carea' id='block_1_92' title="bbox 1866 3438 3448 3512">
    <p class='ocr_par' dir='ltr' id='par_1_92' title="bbox 1866 3438 3448 3512">
     <span class='ocr_line' id='line_1_92' title="bbox 1866 3438 3448 3512; baseline 0.016 -29"><span class='ocrx_word' id='word_1_678' title='bbox 1866 3438 2057 3483; x_wconf 84' lang='lat' dir='ltr'><strong>catena</strong></span> <span class='ocrx_word' id='word_1_679' title='bbox 2119 3448 2176 3484; x_wconf 89' lang='lat' dir='ltr'><strong>se</strong></span> <span class='ocrx_word' id='word_1_680' title='bbox 2252 3447 2308 3488; x_wconf 89' lang='lat' dir='ltr'><strong>et</strong></span> <span class='ocrx_word' id='word_1_681' title='bbox 2392 3438 2510 3491; x_wconf 89' lang='lat' dir='ltr'><strong>illos</strong></span> <span class='ocrx_word' id='word_1_682' title='bbox 2599 3442 2896 3512; x_wconf 75' lang='lat' dir='ltr'><strong>alligasset,</strong></span> <span class='ocrx_word' id='word_1_683' title='bbox 2963 3448 3185 3505; x_wconf 82' lang='lat' dir='ltr'><strong>sedebat</strong></span> <span class='ocrx_word' id='word_1_684' title='bbox 3243 3451 3448 3507; x_wconf 88' lang='lat' dir='ltr'><strong>nullam</strong></span> 
     </span>
    </p>
   </div>
   <div class='ocr_carea' id='block_1_93' title="bbox 1868 3529 3450 3608">
    <p class='ocr_par' dir='ltr' id='par_1_93' title="bbox 1868 3529 3450 3608">
     <span class='ocr_line' id='line_1_93' title="bbox 1868 3529 3450 3608; baseline 0.016 -35"><span class='ocrx_word' id='word_1_685' title='bbox 1868 3535 2050 3575; x_wconf 87' lang='lat' dir='ltr'><strong>rerum</strong></span> <span class='ocrx_word' id='word_1_686' title='bbox 2093 3538 2278 3577; x_wconf 88' lang='lat' dir='ltr'><strong>curam</strong></span> <span class='ocrx_word' id='word_1_687' title='bbox 2304 3541 2520 3595; x_wconf 70' lang='lat' dir='ltr'><strong>gerens.</strong></span> <span class='ocrx_word' id='word_1_688' title='bbox 2552 3529 2654 3594; x_wconf 88' lang='lat' dir='ltr'><strong>Qui</strong></span> <span class='ocrx_word' id='word_1_689' title='bbox 2697 3545 2878 3588; x_wconf 87' lang='lat' dir='ltr'><strong>autem</strong></span> <span class='ocrx_word' id='word_1_690' title='bbox 2914 3541 2966 3588; x_wconf 88' lang='lat' dir='ltr'><strong>in</strong></span> <span class='ocrx_word' id='word_1_691' title='bbox 2999 3542 3250 3608; x_wconf 81' lang='lat' dir='ltr'><strong>pluribus</strong></span> <span class='ocrx_word' id='word_1_692' title='bbox 3278 3544 3450 3597; x_wconf 84' lang='lat' dir='ltr'><strong>navi—</strong></span> 
     </span>
    </p>
   </div>
   <div class='ocr_carea' id='block_1_94' title="bbox 1868 3613 3448 3693">
    <p class='ocr_par' dir='ltr' id='par_1_94' title="bbox 1868 3613 3448 3693">
     <span class='ocr_line' id='line_1_94' title="bbox 1868 3613 3448 3693; baseline 0.016 -28"><span class='ocrx_word' id='word_1_693' title='bbox 1868 3613 1971 3668; x_wconf 89' lang='lat' dir='ltr'><strong>bus</strong></span> <span class='ocrx_word' id='word_1_694' title='bbox 2001 3625 2156 3668; x_wconf 87' lang='lat' dir='ltr'><strong>erant</strong></span> <span class='ocrx_word' id='word_1_695' title='bbox 2191 3616 2499 3688; x_wconf 66' lang='lat' dir='ltr'><strong>1Ethiopes,</strong></span> <span class='ocrx_word' id='word_1_696' title='bbox 2537 3639 2658 3677; x_wconf 90' lang='lat' dir='ltr'><strong>cum</strong></span> <span class='ocrx_word' id='word_1_697' title='bbox 2694 3626 2830 3680; x_wconf 91' lang='lat' dir='ltr'><strong>nihil</strong></span> <span class='ocrx_word' id='word_1_698' title='bbox 2873 3631 3208 3686; x_wconf 83' lang='lat' dir='ltr'><strong>audivissent</strong></span> <span class='ocrx_word' id='word_1_699' title='bbox 3241 3638 3304 3688; x_wconf 90' lang='lat' dir='ltr'><strong>de</strong></span> <span class='ocrx_word' id='word_1_700' title='bbox 3346 3652 3448 3693; x_wconf 91' lang='lat' dir='ltr'><strong>suo</strong></span> 
     </span>
    </p>
   </div>
   <div class='ocr_carea' id='block_1_95' title="bbox 1869 3703 3446 3790">
    <p class='ocr_par' dir='ltr' id='par_1_95' title="bbox 1869 3703 3446 3790">
     <span class='ocr_line' id='line_1_95' title="bbox 1869 3703 3446 3790; baseline 0.018 -35"><span class='ocrx_word' id='word_1_701' title='bbox 1869 3719 1994 3774; x_wconf 83' lang='lat' dir='ltr'><strong>rege</strong></span> <span class='ocrx_word' id='word_1_702' title='bbox 2027 3703 2313 3774; x_wconf 83' lang='lat' dir='ltr'><strong>Elesbaan,</strong></span> <span class='ocrx_word' id='word_1_703' title='bbox 2349 3723 2443 3764; x_wconf 88' lang='lat' dir='ltr'><strong>aut</strong></span> <span class='ocrx_word' id='word_1_704' title='bbox 2474 3714 2541 3767; x_wconf 89' lang='lat' dir='ltr'><strong>de</strong></span> <span class='ocrx_word' id='word_1_705' title='bbox 2593 3717 2680 3779; x_wconf 89' lang='lat' dir='ltr'><strong>iis,</strong></span> <span class='ocrx_word' id='word_1_706' title='bbox 2725 3734 2846 3785; x_wconf 74' lang='lat' dir='ltr'><strong>quze</strong></span> <span class='ocrx_word' id='word_1_707' title='bbox 2891 3735 3153 3790; x_wconf 81' lang='lat' dir='ltr'><strong>gesserat,</strong></span> <span class='ocrx_word' id='word_1_708' title='bbox 3190 3737 3245 3780; x_wconf 89' lang='lat' dir='ltr'><strong>et</strong></span> <span class='ocrx_word' id='word_1_709' title='bbox 3294 3727 3446 3784; x_wconf 89' lang='lat' dir='ltr'><strong>labo-</strong></span> 
     </span>
    </p>
   </div>
   <div class='ocr_carea' id='block_1_96' title="bbox 1869 3798 3446 3886">
    <p class='ocr_par' dir='ltr' id='par_1_96' title="bbox 1869 3798 3446 3886">
     <span class='ocr_line' id='line_1_96' title="bbox 1869 3798 3446 3886; baseline 0.015 -38"><span class='ocrx_word' id='word_1_710' title='bbox 1869 3807 2054 3850; x_wconf 81' lang='lat' dir='ltr'><strong>rarent.</strong></span> <span class='ocrx_word' id='word_1_711' title='bbox 2111 3798 2292 3867; x_wconf 86' lang='lat' dir='ltr'><strong>inopia</strong></span> <span class='ocrx_word' id='word_1_712' title='bbox 2367 3817 2548 3857; x_wconf 87' lang='lat' dir='ltr'><strong>rertnn</strong></span> <span class='ocrx_word' id='word_1_713' title='bbox 2616 3810 3091 3878; x_wconf 86' lang='lat' dir='ltr'><strong>necessariarum,</strong></span> <span class='ocrx_word' id='word_1_714' title='bbox 3153 3829 3446 3886; x_wconf 84' lang='lat' dir='ltr'><strong>essentque</strong></span> 
     </span>
    </p>
   </div>
   <div class='ocr_carea' id='block_1_97' title="bbox 1865 3883 3443 3962">
    <p class='ocr_par' dir='ltr' id='par_1_97' title="bbox 1865 3883 3443 3962">
     <span class='ocr_line' id='line_1_97' title="bbox 1865 3883 3443 3962; baseline 0.018 -28"><span class='ocrx_word' id='word_1_715' title='bbox 1865 3883 2048 3937; x_wconf 87' lang='lat' dir='ltr'><strong>animo</strong></span> <span class='ocrx_word' id='word_1_716' title='bbox 2091 3886 2238 3939; x_wconf 91' lang='lat' dir='ltr'><strong>dubii</strong></span> <span class='ocrx_word' id='word_1_717' title='bbox 2288 3897 2340 3941; x_wconf 90' lang='lat' dir='ltr'><strong>et</strong></span> <span class='ocrx_word' id='word_1_718' title='bbox 2386 3893 2654 3961; x_wconf 80' lang='lat' dir='ltr'><strong>perplexi,</strong></span> <span class='ocrx_word' id='word_1_719' title='bbox 2681 3899 2930 3951; x_wconf 85' lang='lat' dir='ltr'><strong>conversi</strong></span> <span class='ocrx_word' id='word_1_720' title='bbox 2995 3912 3123 3955; x_wconf 90' lang='lat' dir='ltr'><strong>sunt</strong></span> <span class='ocrx_word' id='word_1_721' title='bbox 3174 3906 3240 3957; x_wconf 88' lang='lat' dir='ltr'><strong>ad</strong></span> <span class='ocrx_word' id='word_1_722' title='bbox 3272 3905 3443 3962; x_wconf 85' lang='lat' dir='ltr'><strong>Deum</strong></span> 
     </span>
    </p>
   </div>
   <div class='ocr_carea' id='block_1_98' title="bbox 1867 3975 3447 4057">
    <p class='ocr_par' dir='ltr' id='par_1_98' title="bbox 1867 3975 3447 4057">
     <span class='ocr_line' id='line_1_98' title="bbox 1867 3975 3447 4057; baseline 0.016 -30"><span class='ocrx_word' id='word_1_723' title='bbox 1867 3975 2300 4044; x_wconf 86' lang='lat' dir='ltr'><strong>supplicandum.</strong></span> <span class='ocrx_word' id='word_1_724' title='bbox 2335 3981 2394 4033; x_wconf 88' lang='lat' dir='ltr'><strong>Et</strong></span> <span class='ocrx_word' id='word_1_725' title='bbox 2429 3995 2548 4036; x_wconf 86' lang='lat' dir='ltr'><strong>cum</strong></span> <span class='ocrx_word' id='word_1_726' title='bbox 2589 4001 2808 4055; x_wconf 87' lang='lat' dir='ltr'><strong>magnas</strong></span> <span class='ocrx_word' id='word_1_727' title='bbox 2851 3989 3068 4057; x_wconf 86' lang='lat' dir='ltr'><strong>quidem</strong></span> <span class='ocrx_word' id='word_1_728' title='bbox 3102 4008 3268 4048; x_wconf 86' lang='lat' dir='ltr'><strong>naves</strong></span> <span class='ocrx_word' id='word_1_729' title='bbox 3303 3997 3447 4053; x_wconf 83' lang='lat' dir='ltr'><strong>inter</strong></span> 
     </span>
    </p>
   </div>
   <div class='ocr_carea' id='block_1_99' title="bbox 1866 4068 3443 4151">
    <p class='ocr_par' dir='ltr' id='par_1_99' title="bbox 1866 4068 3443 4151">
     <span class='ocr_line' id='line_1_99' title="bbox 1866 4068 3443 4151; baseline 0.015 -31"><span class='ocrx_word' id='word_1_730' title='bbox 1866 4081 1924 4121; x_wconf 90' lang='lat' dir='ltr'><strong>se</strong></span> <span class='ocrx_word' id='word_1_731' title='bbox 1953 4068 2284 4136; x_wconf 80' lang='lat' dir='ltr'><strong>alligassem,</strong></span> <span class='ocrx_word' id='word_1_732' title='bbox 2328 4083 2385 4126; x_wconf 93' lang='lat' dir='ltr'><strong>et</strong></span> <span class='ocrx_word' id='word_1_733' title='bbox 2426 4089 2589 4144; x_wconf 88' lang='lat' dir='ltr'><strong>super</strong></span> <span class='ocrx_word' id='word_1_734' title='bbox 2620 4077 2851 4149; x_wconf 84' lang='lat' dir='ltr'><strong>oblonga</strong></span> <span class='ocrx_word' id='word_1_735' title='bbox 2892 4081 3037 4151; x_wconf 79' lang='lat' dir='ltr'><strong>ligna</strong></span> <span class='ocrx_word' id='word_1_736' title='bbox 3079 4087 3197 4138; x_wconf 89' lang='lat' dir='ltr'><strong>vela</strong></span> <span class='ocrx_word' id='word_1_737' title='bbox 3245 4088 3443 4144; x_wconf 89' lang='lat' dir='ltr'><strong>deinde</strong></span> 
     </span>
    </p>
   </div>
   <div class='ocr_carea' id='block_1_100' title="bbox 1867 4157 3440 4234">
    <p class='ocr_par' dir='ltr' id='par_1_100' title="bbox 1867 4157 3440 4234">
     <span class='ocr_line' id='line_1_100' title="bbox 1867 4157 3440 4234; baseline 0.017 -26"><span class='ocrx_word' id='word_1_738' title='bbox 1867 4157 2209 4223; x_wconf 76' lang='lat' dir='ltr'><strong>vinxissent,</strong></span> <span class='ocrx_word' id='word_1_739' title='bbox 2243 4173 2298 4215; x_wconf 88' lang='lat' dir='ltr'><strong>et</strong></span> <span class='ocrx_word' id='word_1_740' title='bbox 2335 4164 2500 4217; x_wconf 89' lang='lat' dir='ltr'><strong>veluti</strong></span> <span class='ocrx_word' id='word_1_741' title='bbox 2537 4171 2826 4234; x_wconf 85' lang='lat' dir='ltr'><strong>quamdam</strong></span> <span class='ocrx_word' id='word_1_742' title='bbox 2867 4173 3142 4227; x_wconf 80' lang='lat' dir='ltr'><strong>civitatem</strong></span> <span class='ocrx_word' id='word_1_743' title='bbox 3197 4178 3249 4230; x_wconf 91' lang='lat' dir='ltr'><strong>in</strong></span> <span class='ocrx_word' id='word_1_744' title='bbox 3306 4181 3440 4234; x_wconf 87' lang='lat' dir='ltr'><strong>mari</strong></span> 
     </span>
    </p>
   </div>
   <div class='ocr_carea' id='block_1_101' title="bbox 1865 4251 3445 4325">
    <p class='ocr_par' dir='ltr' id='par_1_101' title="bbox 1865 4251 3445 4325">
     <span class='ocr_line' id='line_1_101' title="bbox 1865 4251 3445 4325; baseline 0.016 -25"><span class='ocrx_word' id='word_1_745' title='bbox 1865 4258 2048 4302; x_wconf 86' lang='lat' dir='ltr'><strong>essent</strong></span> <span class='ocrx_word' id='word_1_746' title='bbox 2095 4251 2338 4306; x_wconf 85' lang='lat' dir='ltr'><strong>fabricati</strong></span> <span class='ocrx_word' id='word_1_747' title='bbox 2371 4275 2384 4308; x_wconf 92' lang='lat'>:</span> <span class='ocrx_word' id='word_1_748' title='bbox 2412 4259 2753 4314; x_wconf 78' lang='lat' dir='ltr'><strong>extrinsecus</strong></span> <span class='ocrx_word' id='word_1_749' title='bbox 2789 4272 2970 4317; x_wconf 85' lang='lat' dir='ltr'><strong>autern</strong></span> <span class='ocrx_word' id='word_1_750' title='bbox 3024 4265 3308 4324; x_wconf 85' lang='lat' dir='ltr'><strong>breviores</strong></span> <span class='ocrx_word' id='word_1_751' title='bbox 3349 4289 3445 4325; x_wconf 88' lang='lat' dir='ltr'><strong>na-</strong></span> 
     </span>
    </p>
   </div>
   <div class='ocr_carea' id='block_1_102' title="bbox 1865 4347 3442 4432">
    <p class='ocr_par' dir='ltr' id='par_1_102' title="bbox 1865 4347 3442 4432">
     <span class='ocr_line' id='line_1_102' title="bbox 1865 4347 3442 4432; baseline 0.016 -39"><span class='ocrx_word' id='word_1_752' title='bbox 1865 4355 1979 4406; x_wconf 84' lang='lat' dir='ltr'><strong>ves,</strong></span> <span class='ocrx_word' id='word_1_753' title='bbox 2017 4359 2136 4411; x_wconf 79' lang='lat' dir='ltr'><strong>qua:</strong></span> <span class='ocrx_word' id='word_1_754' title='bbox 2183 4347 2452 4414; x_wconf 87' lang='lat' dir='ltr'><strong>qnoddam</strong></span> <span class='ocrx_word' id='word_1_755' title='bbox 2513 4367 2791 4406; x_wconf 87' lang='lat' dir='ltr'><strong>murorum</strong></span> <span class='ocrx_word' id='word_1_756' title='bbox 2842 4355 3196 4413; x_wconf 86' lang='lat' dir='ltr'><strong>imitabantur</strong></span> <span class='ocrx_word' id='word_1_757' title='bbox 3241 4380 3442 4432; x_wconf 86' lang='lat' dir='ltr'><strong>propu-</strong></span> 
     </span>
    </p>
   </div>
   <div class='ocr_carea' id='block_1_103' title="bbox 1866 4435 3440 4524">
    <p class='ocr_par' dir='ltr' id='par_1_103' title="bbox 1866 4435 3440 4524">
     <span class='ocr_line' id='line_1_103' title="bbox 1866 4435 3440 4524; baseline 0.017 -41"><span class='ocrx_word' id='word_1_758' title='bbox 1866 4435 2190 4499; x_wconf 81' lang='lat' dir='ltr'><strong>gnaculum,</strong></span> <span class='ocrx_word' id='word_1_759' title='bbox 2227 4439 2604 4505; x_wconf 84' lang='lat' dir='ltr'><strong>ordinassent,</strong></span> <span class='ocrx_word' id='word_1_760' title='bbox 2658 4458 2850 4498; x_wconf 76' lang='lat' dir='ltr'><strong>omnes</strong></span> <span class='ocrx_word' id='word_1_761' title='bbox 2897 4447 3059 4500; x_wconf 86' lang='lat' dir='ltr'><strong>simul</strong></span> <span class='ocrx_word' id='word_1_762' title='bbox 3106 4457 3440 4524; x_wconf 71' lang='lat' dir='ltr'><strong>congregati,</strong></span> 
     </span>
    </p>
   </div>
   <div class='ocr_carea' id='block_1_104' title="bbox 1799 4523 3440 4611">
    <p class='ocr_par' dir='ltr' id='par_1_104' title="bbox 1799 4523 3440 4611">
     <span class='ocr_line' id='line_1_104' title="bbox 1799 4523 3440 4611; baseline 0.018 -39"><span class='ocrx_word' id='word_1_763' title='bbox 1799 4542 1838 4594; x_wconf 76' lang='grc' dir='ltr'><strong>ι)</strong></span> <span class='ocrx_word' id='word_1_764' title='bbox 1867 4537 1989 4574; x_wconf 89' lang='lat' dir='ltr'><strong>cum</strong></span> <span class='ocrx_word' id='word_1_765' title='bbox 2023 4523 2277 4593; x_wconf 72' lang='lat' dir='ltr'><strong>lacrymis</strong></span> <span class='ocrx_word' id='word_1_766' title='bbox 2313 4530 2420 4580; x_wconf 88' lang='lat' dir='ltr'><strong>Deo</strong></span> <span class='ocrx_word' id='word_1_767' title='bbox 2457 4530 2671 4600; x_wconf 79' lang='lat' dir='ltr'><strong>longam</strong></span> <span class='ocrx_word' id='word_1_768' title='bbox 2723 4535 3040 4592; x_wconf 82' lang='lat' dir='ltr'><strong>obtulerunt</strong></span> <span class='ocrx_word' id='word_1_769' title='bbox 3088 4523 3440 4611; x_wconf 85' lang='lat' dir='ltr'><strong>supplicatio-</strong></span> 
     </span>
    </p>
   </div>
   <div class='ocr_carea' id='block_1_105' title="bbox 1866 4613 3435 4700">
    <p class='ocr_par' dir='ltr' id='par_1_105' title="bbox 1866 4613 3435 4700">
     <span class='ocr_line' id='line_1_105' title="bbox 1866 4613 3435 4700; baseline 0.017 -36"><span class='ocrx_word' id='word_1_770' title='bbox 1866 4627 2013 4669; x_wconf 91' lang='lat' dir='ltr'><strong>nem.</strong></span> <span class='ocrx_word' id='word_1_771' title='bbox 2051 4613 2257 4670; x_wconf 87' lang='lat' dir='ltr'><strong>Deinde</strong></span> <span class='ocrx_word' id='word_1_772' title='bbox 2292 4633 2413 4672; x_wconf 91' lang='lat' dir='ltr'><strong>cum</strong></span> <span class='ocrx_word' id='word_1_773' title='bbox 2446 4636 2598 4673; x_wconf 87' lang='lat' dir='ltr'><strong>sacra</strong></span> <span class='ocrx_word' id='word_1_774' title='bbox 2629 4630 2935 4693; x_wconf 82' lang='lat' dir='ltr'><strong>gustassent</strong></span> <span class='ocrx_word' id='word_1_775' title='bbox 2964 4634 3242 4700; x_wconf 81' lang='lat' dir='ltr'><strong>mysteria,</strong></span> <span class='ocrx_word' id='word_1_776' title='bbox 3289 4647 3342 4688; x_wconf 76' lang='lat' dir='ltr'><strong>et</strong></span> <span class='ocrx_word' id='word_1_777' title='bbox 3377 4652 3435 4691; x_wconf 89' lang='lat' dir='ltr'><strong>se</strong></span> 
     </span>
    </p>
   </div>
   <div class='ocr_carea' id='block_1_106' title="bbox 1865 4710 3440 4782">
    <p class='ocr_par' dir='ltr' id='par_1_106' title="bbox 1865 4710 3440 4782">
     <span class='ocr_line' id='line_1_106' title="bbox 1865 4710 3440 4782; baseline 0.018 -29"><span class='ocrx_word' id='word_1_778' title='bbox 1865 4717 2202 4770; x_wconf 86' lang='lat' dir='ltr'><strong>artnassent,</strong></span> <span class='ocrx_word' id='word_1_779' title='bbox 2255 4710 2660 4768; x_wconf 78' lang='lat' dir='ltr'><strong>descenderunt</strong></span> <span class='ocrx_word' id='word_1_780' title='bbox 2716 4718 2766 4768; x_wconf 92' lang='lat' dir='ltr'><strong>in</strong></span> <span class='ocrx_word' id='word_1_781' title='bbox 2818 4734 2984 4772; x_wconf 81' lang='lat' dir='ltr'><strong>naves</strong></span> <span class='ocrx_word' id='word_1_782' title='bbox 3028 4723 3350 4778; x_wconf 85' lang='lat' dir='ltr'><strong>breviores:</strong></span> <span class='ocrx_word' id='word_1_783' title='bbox 3385 4737 3440 4782; x_wconf 88' lang='lat' dir='ltr'><strong>et</strong></span> 
     </span>
    </p>
   </div>
   <div class='ocr_carea' id='block_1_107' title="bbox 1867 4799 3438 4878">
    <p class='ocr_par' dir='ltr' id='par_1_107' title="bbox 1867 4799 3438 4878">
     <span class='ocr_line' id='line_1_107' title="bbox 1867 4799 3438 4878; baseline 0.015 -32"><span class='ocrx_word' id='word_1_784' title='bbox 1867 4802 2074 4849; x_wconf 87' lang='lat' dir='ltr'><strong>stantes</strong></span> <span class='ocrx_word' id='word_1_785' title='bbox 2103 4813 2168 4850; x_wconf 80' lang='lat' dir='ltr'><strong>ex</strong></span> <span class='ocrx_word' id='word_1_786' title='bbox 2196 4799 2440 4867; x_wconf 84' lang='lat' dir='ltr'><strong>obliquo,</strong></span> <span class='ocrx_word' id='word_1_787' title='bbox 2475 4819 2543 4855; x_wconf 89' lang='lat' dir='ltr'><strong>ne</strong></span> <span class='ocrx_word' id='word_1_788' title='bbox 2576 4806 2883 4872; x_wconf 73' lang='lat' dir='ltr'><strong>acciperent</strong></span> <span class='ocrx_word' id='word_1_789' title='bbox 2918 4811 3136 4878; x_wconf 77' lang='lat' dir='ltr'><strong>aliquod</strong></span> <span class='ocrx_word' id='word_1_790' title='bbox 3180 4814 3438 4870; x_wconf 85' lang='lat' dir='ltr'><strong>damnum</strong></span> 
     </span>
    </p>
   </div>
   <div class='ocr_carea' id='block_1_108' title="bbox 1867 4883 3440 4967">
    <p class='ocr_par' dir='ltr' id='par_1_108' title="bbox 1867 4883 3440 4967">
     <span class='ocr_line' id='line_1_108' title="bbox 1867 4883 3440 4967; baseline 0.017 -33"><span class='ocrx_word' id='word_1_791' title='bbox 1867 4896 1897 4934; x_wconf 86' lang='lat' dir='ltr'><strong>a</strong></span> <span class='ocrx_word' id='word_1_792' title='bbox 1936 4883 2056 4936; x_wconf 88' lang='lat' dir='ltr'><strong>telis</strong></span> <span class='ocrx_word' id='word_1_793' title='bbox 2085 4886 2345 4952; x_wconf 91' lang='lat' dir='ltr'><strong>hostium,</strong></span> <span class='ocrx_word' id='word_1_794' title='bbox 2377 4905 2470 4943; x_wconf 89' lang='lat' dir='ltr'><strong>eas</strong></span> <span class='ocrx_word' id='word_1_795' title='bbox 2505 4892 2602 4960; x_wconf 88' lang='lat' dir='ltr'><strong>ipsi</strong></span> <span class='ocrx_word' id='word_1_796' title='bbox 2639 4897 2874 4963; x_wconf 79' lang='lat' dir='ltr'><strong>majores</strong></span> <span class='ocrx_word' id='word_1_797' title='bbox 2907 4910 3025 4967; x_wconf 88' lang='lat' dir='ltr'><strong>post</strong></span> <span class='ocrx_word' id='word_1_798' title='bbox 3075 4917 3130 4955; x_wconf 90' lang='lat' dir='ltr'><strong>se</strong></span> <span class='ocrx_word' id='word_1_799' title='bbox 3163 4905 3440 4961; x_wconf 79' lang='lat' dir='ltr'><strong>trahentes</strong></span> 
     </span>
    </p>
   </div>
   <div class='ocr_carea' id='block_1_109' title="bbox 1866 4973 3433 5058">
    <p class='ocr_par' dir='ltr' id='par_1_109' title="bbox 1866 4973 3433 5058">
     <span class='ocr_line' id='line_1_109' title="bbox 1866 4973 3433 5058; baseline 0.015 -32"><span class='ocrx_word' id='word_1_800' title='bbox 1866 4973 2223 5042; x_wconf 87' lang='lat' dir='ltr'><strong>impulserunl</strong></span> <span class='ocrx_word' id='word_1_801' title='bbox 2251 4981 2315 5033; x_wconf 92' lang='lat' dir='ltr'><strong>ad</strong></span> <span class='ocrx_word' id='word_1_802' title='bbox 2344 4991 2568 5048; x_wconf 87' lang='lat' dir='ltr'><strong>terram,</strong></span> <span class='ocrx_word' id='word_1_803' title='bbox 2595 4985 2765 5040; x_wconf 83' lang='lat' dir='ltr'><strong>donec</strong></span> <span class='ocrx_word' id='word_1_804' title='bbox 2797 4992 3018 5058; x_wconf 79' lang='lat' dir='ltr'><strong>appulsa</strong></span> <span class='ocrx_word' id='word_1_805' title='bbox 3050 5008 3236 5047; x_wconf 90' lang='lat' dir='ltr'><strong>eorum</strong></span> <span class='ocrx_word' id='word_1_806' title='bbox 3267 4997 3433 5052; x_wconf 75' lang='lat' dir='ltr'><strong>latera</strong></span> 
     </span>
    </p>
   </div>
   <div class='ocr_carea' id='block_1_110' title="bbox 1865 5062 3439 5154">
    <p class='ocr_par' dir='ltr' id='par_1_110' title="bbox 1865 5062 3439 5154">
     <span class='ocr_line' id='line_1_110' title="bbox 1865 5062 3439 5154; baseline 0.015 -39"><span class='ocrx_word' id='word_1_807' title='bbox 1865 5062 1966 5116; x_wconf 82' lang='lat' dir='ltr'><strong>lixa</strong></span> <span class='ocrx_word' id='word_1_808' title='bbox 2000 5063 2200 5120; x_wconf 83' lang='lat' dir='ltr'><strong>fuerint</strong></span> <span class='ocrx_word' id='word_1_809' title='bbox 2249 5069 2300 5121; x_wconf 90' lang='lat' dir='ltr'><strong>in</strong></span> <span class='ocrx_word' id='word_1_810' title='bbox 2343 5071 2558 5135; x_wconf 88' lang='lat' dir='ltr'><strong>littore,</strong></span> <span class='ocrx_word' id='word_1_811' title='bbox 2609 5076 2742 5129; x_wconf 77' lang='lat' dir='ltr'><strong>adeo</strong></span> <span class='ocrx_word' id='word_1_812' title='bbox 2783 5089 2838 5130; x_wconf 91' lang='lat' dir='ltr'><strong>ut</strong></span> <span class='ocrx_word' id='word_1_813' title='bbox 2886 5094 3051 5134; x_wconf 86' lang='lat' dir='ltr'><strong>naves</strong></span> <span class='ocrx_word' id='word_1_814' title='bbox 3085 5097 3270 5136; x_wconf 78' lang='lat' dir='ltr'><strong>essent</strong></span> <span class='ocrx_word' id='word_1_815' title='bbox 3311 5087 3439 5154; x_wconf 81' lang='lat' dir='ltr'><strong>ipsis</strong></span> 
     </span>
    </p>
   </div>
   <div class='ocr_carea' id='block_1_111' title="bbox 1866 5158 3434 5239">
    <p class='ocr_par' dir='ltr' id='par_1_111' title="bbox 1866 5158 3434 5239">
     <span class='ocr_line' id='line_1_111' title="bbox 1866 5158 3434 5239; baseline 0.014 -33"><span class='ocrx_word' id='word_1_816' title='bbox 1866 5171 1964 5222; x_wconf 86' lang='lat' dir='ltr'><strong>pro</strong></span> <span class='ocrx_word' id='word_1_817' title='bbox 1995 5173 2170 5210; x_wconf 86' lang='lat' dir='ltr'><strong>muro.</strong></span> <span class='ocrx_word' id='word_1_818' title='bbox 2205 5158 2400 5215; x_wconf 75' lang='lat' dir='ltr'><strong>Hostes</strong></span> <span class='ocrx_word' id='word_1_819' title='bbox 2439 5179 2566 5215; x_wconf 88' lang='lat' dir='ltr'><strong>vero</strong></span> <span class='ocrx_word' id='word_1_820' title='bbox 2596 5166 2868 5221; x_wconf 90' lang='lat' dir='ltr'><strong>irruentes</strong></span> <span class='ocrx_word' id='word_1_821' title='bbox 2900 5186 3020 5223; x_wconf 88' lang='lat' dir='ltr'><strong>cum</strong></span> <span class='ocrx_word' id='word_1_822' title='bbox 3053 5175 3275 5239; x_wconf 76' lang='lat' dir='ltr'><strong>lanceis,</strong></span> <span class='ocrx_word' id='word_1_823' title='bbox 3316 5193 3434 5229; x_wconf 75' lang='lat' dir='ltr'><strong>ron-</strong></span> 
     </span>
    </p>
   </div>
   <div class='ocr_carea' id='block_1_112' title="bbox 1865 5245 3435 5335">
    <p class='ocr_par' dir='ltr' id='par_1_112' title="bbox 1865 5245 3435 5335">
     <span class='ocr_line' id='line_1_112' title="bbox 1865 5245 3435 5335; baseline 0.024 -37"><span class='ocrx_word' id='word_1_824' title='bbox 1865 5245 2176 5315; x_wconf 80' lang='lat' dir='ltr'><strong>fringebant</strong></span> <span class='ocrx_word' id='word_1_825' title='bbox 2235 5251 2401 5306; x_wconf 89' lang='lat' dir='ltr'><strong>latera</strong></span> <span class='ocrx_word' id='word_1_826' title='bbox 2469 5255 2781 5311; x_wconf 74' lang='lat' dir='ltr'><strong>brevierum</strong></span> <span class='ocrx_word' id='word_1_827' title='bbox 2840 5263 3083 5326; x_wconf 66' lang='lat' dir='ltr'><strong>navium.</strong></span> <span class='ocrx_word' id='word_1_828' title='bbox 3147 5274 3201 5317; x_wconf 64' lang='grc' dir='ltr'><strong>ει</strong></span> <span class='ocrx_word' id='word_1_829' title='bbox 3250 5282 3435 5335; x_wconf 54' lang='lat' dir='ltr'><strong>&quot;mgna</strong></span> 
     </span>
    </p>
   </div>
   <div class='ocr_carea' id='block_1_113' title="bbox 1867 5338 3440 5429">
    <p class='ocr_par' dir='ltr' id='par_1_113' title="bbox 1867 5338 3440 5429">
     <span class='ocr_line' id='line_1_113' title="bbox 1867 5338 3440 5429; baseline 0.015 -42"><span class='ocrx_word' id='word_1_830' title='bbox 1867 5338 2114 5392; x_wconf 84' lang='lat' dir='ltr'><strong>molestia</strong></span> <span class='ocrx_word' id='word_1_831' title='bbox 2163 5343 2470 5400; x_wconf 71' lang='lat' dir='ltr'><strong>adiciebant</strong></span> <span class='ocrx_word' id='word_1_832' title='bbox 2502 5349 2812 5418; x_wconf 63' lang='lat' dir='ltr'><strong>Aithiopes.</strong></span> <span class='ocrx_word' id='word_1_833' title='bbox 2864 5353 2965 5417; x_wconf 88' lang='lat' dir='ltr'><strong>Qui</strong></span> <span class='ocrx_word' id='word_1_834' title='bbox 3019 5371 3140 5408; x_wconf 87' lang='lat' dir='ltr'><strong>eum</strong></span> <span class='ocrx_word' id='word_1_835' title='bbox 3188 5359 3440 5429; x_wconf 62' lang='lat' dir='ltr'><strong>lat-rvinis</strong></span> 
     </span>
    </p>
   </div>
   <div class='ocr_carea' id='block_1_114' title="bbox 1867 5433 3439 5515">
    <p class='ocr_par' dir='ltr' id='par_1_114' title="bbox 1867 5433 3439 5515">
     <span class='ocr_line' id='line_1_114' title="bbox 1867 5433 3439 5515; baseline 0.015 -36"><span class='ocrx_word' id='word_1_836' title='bbox 1867 5443 2054 5484; x_wconf 83' lang='lat' dir='ltr'><strong>rursus</strong></span> <span class='ocrx_word' id='word_1_837' title='bbox 2114 5433 2323 5486; x_wconf 83' lang='lat' dir='ltr'><strong>Domini</strong></span> <span class='ocrx_word' id='word_1_838' title='bbox 2374 5438 2702 5493; x_wconf 77' lang='lat' dir='ltr'><strong>invocabant</strong></span> <span class='ocrx_word' id='word_1_839' title='bbox 2750 5450 3030 5497; x_wconf 71' lang='lat' dir='ltr'><strong>auxilium.</strong></span> <span class='ocrx_word' id='word_1_840' title='bbox 3086 5449 3204 5515; x_wconf 81' lang='lat' dir='ltr'><strong>Ipse</strong></span> <span class='ocrx_word' id='word_1_841' title='bbox 3261 5463 3439 5502; x_wconf 65' lang='lat' dir='ltr'><strong>autem</strong></span> 
     </span>
    </p>
   </div>
   <div class='ocr_carea' id='block_1_115' title="bbox 1867 5529 3440 5602">
    <p class='ocr_par' dir='ltr' id='par_1_115' title="bbox 1867 5529 3440 5602">
     <span class='ocr_line' id='line_1_115' title="bbox 1867 5529 3440 5602; baseline 0.014 -30"><span class='ocrx_word' id='word_1_842' title='bbox 1867 5535 1959 5572; x_wconf 76' lang='lat' dir='ltr'><strong>eos</strong></span> <span class='ocrx_word' id='word_1_843' title='bbox 2014 5529 2300 5580; x_wconf 68' lang='lat' dir='ltr'><strong>exaudiit:</strong></span> <span class='ocrx_word' id='word_1_844' title='bbox 2346 5541 2397 5582; x_wconf 73' lang='lat' dir='ltr'><strong>et</strong></span> <span class='ocrx_word' id='word_1_845' title='bbox 2446 5534 2626 5585; x_wconf 76' lang='lat' dir='ltr'><strong>statim</strong></span> <span class='ocrx_word' id='word_1_846' title='bbox 2689 5552 2784 5586; x_wconf 72' lang='lat' dir='ltr'><strong>vox</strong></span> <span class='ocrx_word' id='word_1_847' title='bbox 2841 5540 3084 5602; x_wconf 67' lang='lat' dir='ltr'><strong>qlld’rlam</strong></span> <span class='ocrx_word' id='word_1_848' title='bbox 3151 5540 3250 5591; x_wconf 68' lang='lat' dir='ltr'><strong>l&#39;uit</strong></span> <span class='ocrx_word' id='word_1_849' title='bbox 3304 5542 3440 5594; x_wconf 70' lang='lat' dir='ltr'><strong>cudo</strong></span> 
     </span>
    </p>
   </div>
   <div class='ocr_carea' id='block_1_116' title="bbox 1866 5615 3434 5693">
    <p class='ocr_par' dir='ltr' id='par_1_116' title="bbox 1866 5615 3434 5693">
     <span class='ocr_line' id='line_1_116' title="bbox 1866 5615 3434 5693; baseline 0.013 -27"><span class='ocrx_word' id='word_1_850' title='bbox 1866 5615 2134 5679; x_wconf 84' lang='lat' dir='ltr'><strong>exaudita,</strong></span> <span class='ocrx_word' id='word_1_851' title='bbox 2163 5635 2281 5686; x_wconf 68' lang='lat' dir='ltr'><strong>quae</strong></span> <span class='ocrx_word' id='word_1_852' title='bbox 2314 5623 2527 5677; x_wconf 84' lang='lat' dir='ltr'><strong>diccbat</strong></span> <span class='ocrx_word' id='word_1_853' title='bbox 2566 5641 2578 5678; x_wconf 83' lang='lat'>:</span> <span class='ocrx_word' id='word_1_854' title='bbox 2615 5627 2855 5693; x_wconf 71' lang='lat' dir='ltr'><strong>Gabriel,</strong></span> <span class='ocrx_word' id='word_1_855' title='bbox 2905 5632 3141 5693; x_wconf 69' lang='lat' dir='ltr'><strong>Uttltrlcl,</strong></span> <span class='ocrx_word' id='word_1_856' title='bbox 3173 5631 3385 5686; x_wconf 84' lang='lat' dir='ltr'><strong>Gabriel</strong></span> <span class='ocrx_word' id='word_1_857' title='bbox 3423 5652 3434 5686; x_wconf 94' lang='lat'>:</span> 
     </span>
    </p>
   </div>
   <div class='ocr_carea' id='block_1_117' title="bbox 1865 5708 3436 5792">
    <p class='ocr_par' dir='ltr' id='par_1_117' title="bbox 1865 5708 3436 5792">
     <span class='ocr_line' id='line_1_117' title="bbox 1865 5708 3436 5792; baseline 0.021 -35"><span class='ocrx_word' id='word_1_858' title='bbox 1865 5715 1919 5758; x_wconf 77' lang='lat' dir='ltr'><strong>et</strong></span> <span class='ocrx_word' id='word_1_859' title='bbox 1957 5708 2173 5776; x_wconf 87' lang='lat' dir='ltr'><strong>quidam</strong></span> <span class='ocrx_word' id='word_1_860' title='bbox 2212 5731 2273 5766; x_wconf 76' lang='lat' dir='ltr'><strong>ex</strong></span> <span class='ocrx_word' id='word_1_861' title='bbox 2311 5715 2437 5778; x_wconf 82' lang='lat' dir='ltr'><strong>illis,</strong></span> <span class='ocrx_word' id='word_1_862' title='bbox 2473 5719 2563 5785; x_wconf 83' lang='lat' dir='ltr'><strong>qui</strong></span> <span class='ocrx_word' id='word_1_863' title='bbox 2604 5735 2768 5774; x_wconf 69' lang='lat' dir='ltr'><strong>naves</strong></span> <span class='ocrx_word' id='word_1_864' title='bbox 2826 5722 3195 5788; x_wconf 50' lang='lat' dir='ltr'><strong>impellebat“,</strong></span> <span class='ocrx_word' id='word_1_865' title='bbox 3233 5724 3436 5792; x_wconf 66' lang='lat' dir='ltr'><strong>virgam</strong></span> 
     </span>
    </p>
   </div>
   <div class='ocr_carea' id='block_1_118' title="bbox 1869 5797 3438 5884">
    <p class='ocr_par' dir='ltr' id='par_1_118' title="bbox 1869 5797 3438 5884">
     <span class='ocr_line' id='line_1_118' title="bbox 1869 5797 3438 5884; baseline 0.015 -34"><span class='ocrx_word' id='word_1_866' title='bbox 1869 5797 2045 5855; x_wconf 81' lang='lat' dir='ltr'><strong>ferens</strong></span> <span class='ocrx_word' id='word_1_867' title='bbox 2073 5803 2322 5872; x_wconf 83' lang='lat' dir='ltr'><strong>ferream,</strong></span> <span class='ocrx_word' id='word_1_868' title='bbox 2358 5824 2477 5884; x_wconf 71' lang='lat' dir='ltr'><strong>qua:</strong></span> <span class='ocrx_word' id='word_1_869' title='bbox 2511 5825 2747 5877; x_wconf 84' lang='lat' dir='ltr'><strong>superae</strong></span> <span class='ocrx_word' id='word_1_870' title='bbox 2791 5814 3008 5880; x_wconf 83' lang='lat' dir='ltr'><strong>quidem</strong></span> <span class='ocrx_word' id='word_1_871' title='bbox 3047 5815 3276 5870; x_wconf 86' lang='lat' dir='ltr'><strong>habebat</strong></span> <span class='ocrx_word' id='word_1_872' title='bbox 3309 5834 3438 5873; x_wconf 84' lang='lat' dir='ltr'><strong>cru—</strong></span> 
     </span>
    </p>
   </div>
  </div>
