4198 6312
771 352 787 413 1
800 354 897 418 287

2047 301 2330 404 nisNSIs
2367 342 2727 404 ocream

3891 334 4014 401 1288

766 481 922 529 rem,
963 460 1175 516 inferne
1231 468 1413 513 autem
1470 456 1713 510 lanceam
1764 469 1889 509 cum
1952 463 2250 518 enatasset,
2287 462 2343 508 et

2445 452 2685 523 Κύριον⁸
2728 454 2821 505 καὶ
2883 451 3045 514 αὐτὸς
3100 453 3370 521 ἐπήκουεν
3422 451 3623 517 αὐτῶν,
3680 450 3780 505 καὶ
3816 450 4011 515 εὐθέως

768 555 931 609 unius
966 551 1088 622 equi
1121 549 1346 605 caudam
1402 546 1889 618 apprehendisset,
1941 546 1992 600 in
2035 548 2156 615 ejus
2203 548 2346 601 latus

776 648 889 717 figit
918 647 1163 700 lanceam
1194 642 1348 708 adeo,
1409 651 1468 695 ut
1511 656 1635 694 mox
1683 640 1933 694 turbatus
1969 655 2138 708 equus
2191 639 2343 707 deje-

765 737 905 791 cerit
946 736 1154 789 hostem
1182 773 1195 795 ,
1244 741 1301 786 et
1332 731 1421 785 alii
1455 730 1668 800 equites
1731 730 1922 785 timore
1970 728 2146 783 aﬂ‘ecti
2207 729 2347 783 ceci-

767 831 946 887 derint
979 828 1033 883 in
1070 839 1269 883 terram

2449 546 2602 613 φωνή
2642 561 2720 607 τις
2779 542 3070 614 οὐρανόθεν
3127 541 3376 612 ἠκούετο,
3433 542 3695 609 λέγουσα,
3752 542 4010 611 1ἀ6ρ.ἡ).,

2446 636 2707 704 Γαϐριὴλ,
2758 624 3147 705 Γαὸριήλονκαί
3185 652 3267 697 τις
3302 633 3361 699 ἐξ
3401 636 3646 697 ἐκείνων,
3676 634 3727 687 οἳ
3766 634 3835 686 τὰ
3870 635 4015 684 nisi:

2445 726 2691 790 διὼθουν,
2722 726 2948 794 σιδηρᾶν
2978 727 3156 795 ςέρων
3180 725 3395 795 ῥάϐδον,
3424 726 3654 794 σταυρὸν
3686 726 3789 795 μὲν
3816 726 4016 778 ἀνωθεν

2445 820 2694 889 ἔχουσαν,
2733 818 2933 887 λόγχην
2964 820 3018 871 δέ
3054 820 3322 881 κάτωθεν,
3356 818 3775 887 διανηξάμενος,
3811 821 3905 871 καί
3932 819 4014 867 οι)-

767 923 866 991 ρᾶς
914 920 1033 983 ἐνὸς
1095 918 1262 971 ἵππου
1323 916 1735 987 ἐπιλαϐόμενος,
1788 915 1931 970 κατά
1995 914 2095 981 τῆς
2157 911 2349 967 τούτου
2415 911 2660 981 πλευρᾶς
2716 910 2814 979 τὴν
2867 910 3066 978 λόγχην
3126 911 3525 978 καταπηγνύει,
3568 910 3641 972 ὡς
3681 912 3880 963 αὐτίκα
3914 912 4020 960 δια·

764 1016 1107 1088 ταραχθέντα
1160 1014 1252 1067 τὸν
1310 1013 1495 1076 ἵππον,
1548 1006 1847 1067 ἀποϐαλεῖν
1903 1011 1995 1065 τὸν
2051 1010 2327 1079 πολέμιον,
2390 1008 2483 1062 καὶ
2516 1006 2643 1069 τοὺς
2695 1006 2888 1069 ἄλλους

764 1110 864 1178 γῆν
899 1108 1222 1177 τραπέσθαι.

842 1201 1084 1257 XXXIII.
1130 1201 1482 1258 Confidentes
1530 1201 1713 1270 itaque
1754 1198 2040 1268 Aithiopes
2086 1212 2208 1253 cum
2259 1198 2349 1252 de-

768 1293 1114 1347 seendissent
1144 1307 1173 1346 e
1205 1293 1457 1354 navibus,
1481 1302 1536 1346 et
1567 1307 1763 1345 manus
1786 1290 2197 1345 conseruissent
2227 1303 2347 1343 cum

770 1386 1038 1450 hostibus,
1075 1399 1169 1438 eos
1206 1383 1489 1448 fuderunt,
1527 1394 1581 1437 et
1609 1399 1800 1437 omnes
1832 1382 2249 1441 interfecerunt,
2294 1389 2349 1434 et

769 1476 977 1545 regium
1039 1474 1265 1544 ingressi
1324 1474 1775 1539 tabernaculum,
1837 1474 2127 1527 inveniunt
2176 1488 2343 1527 aurea

769 1579 958 1620 eatena
994 1566 1233 1619 vinctum
1271 1581 1393 1620 cum
1430 1567 1517 1628 iis,
1555 1566 1645 1635 qui
1675 1580 1875 1631 genere
1906 1566 1971 1618 ad
2003 1566 2179 1635 ipsum
2214 1565 2340 1617 atti-

768 1659 991 1723 nebant,
1023 1657 1251 1711 Dunaan
1293 1673 1473 1727 regem
1516 1657 1823 1713 Hebraeum.
1868 1657 2001 1713 Cum
2031 1666 2209 1712 autem
2254 1658 2336 1710 in-

2948 1006 3133 1068 Ξππεῖς
3187 1006 3673 1068 ἀποδειλιάσαντας
3731 1005 3868 1073 πρὲις
3933 1008 4019 1071 την

2522 1188 2643 1242 ΛΡ.
2691 1187 3199 1255 Ἀναθαρσήσαντες
3249 1185 3304 1237 δὲ
3336 1185 3384 1236 οἱ
3437 1184 3699 1246 Αἰθιόπες
3750 1189 3847 1239 καὶ
3897 1190 4021 1242 citro.

2451 1281 2647 1345 ϐάντες
2705 1280 2814 1333 τῶν
2870 1279 3095 1344 πλοίων,
3155 1280 3252 1332 καὶ
3302 1277 3670 1347 συμϐαλόντες
3710 1282 3825 1340 τοῖς
3859 1283 4011 1333 πολε-

2449 1373 2614 1441 μίοις,
2651 1372 2952 1441 ἐτρέψαντό
2986 1390 3043 1425 τε
3083 1374 3178 1425 καὶ
3223 1371 3623 1440 διεχειρίσαντο
3656 1373 3892 1435 πάντας,
3929 1380 4018 1426 καὶ

2450 1468 2532 1527 είς
2569 1463 2667 1535 τὴν
2702 1465 2975 1535 βασίλειον
3003 1464 3250 1527 ἐλθόντες
3312 1464 3540 1534 σκηνὴν,
3579 1464 3933 1533 εὑρίσκουσιν
3963 1472 4017 1519 ἐν

2455 1557 2643 1612 ἁλύσει
2681 1559 2855 1627 χρυσῇ
2898 1556 3184 1625 δεδεμένον
3233 1555 3329 1608 σὺν
3382 1559 3494 1619 τοῖς
3529 1561 3875 1628 προσήκουσι
3931 1561 4020 1613 καὶ

2451 1651 2615 1705 αὑτὸν
2653 1650 2716 1722 δὴ
2773 1651 3016 1705 Δουναάν
3042 1649 3132 1703 τὸν
3181 1648 3457 1720 Ἐϐραῖον.
3517 1651 3803 1714 Μαθόντες
3840 1653 3893 1705 δὲ
3932 1655 4019 1706 καὶ

768 1751 1107 1805 tellexissent
1136 1766 1294 1804 suum
1331 1765 1549 1820 quoque
1586 1768 1769 1821 regem
1802 1752 2336 1821 prestantissimum,

2451 1745 2540 1797 τὸν
2581 1742 2793 1797 ἑαυτῶν
2828 1742 3050 1813 βασιλέα
3090 1741 3181 1796 τὸν
3237 1743 3467 1809 ἄριστον
3507 1742 3685 1798 πάντα
3726 1744 4019 1800 Ἐλεσεαὰν

769 1852 824 1897 et
855 1844 1002 1897 omni
1038 1858 1103 1896 ex
1136 1853 1290 1916 parte
1332 1845 1598 1913 Optimum
1640 1843 1902 1898 Elesbaan
1936 1844 2041 1897 illic
2076 1856 2341 1911 occupas-

771 1944 853 1989 set
883 1935 1106 2005 regiam,
1134 1950 1361 2004 propere
1391 1935 1458 1990 ad
1491 1950 1614 1989 eum
1648 1944 2018 1998 accesserunt,
2050 1945 2103 1989 et
2135 1934 2341 1999 omnia,

772 2043 891 2097 quae
920 2034 1069 2098 gesta
1108 2025 1342 2089 fuerant,
1370 2034 1758 2097 exposuerunt.
1793 2026 1886 2080 ille
1932 2036 2138 2091 autem,
2202 2042 2344 2097 prte-

773 2118 915 2173 sidio
948 2118 1138 2172 relicto
1169 2117 1220 2170 in
1268 2116 1511 2180 civitate,
1566 2118 1802 2171 maxima
1853 2118 1990 2172 abiit
2044 2118 2341 2173 celeritate.

771 2210 840 2267 Et
869 2225 990 2264 cum
1024 2209 1321 2264 invenisset
1352 2209 1579 2263 Dunaan
1622 2224 1786 2263 aurea
1819 2209 1906 2262 illa
1948 2209 2191 2264 vinctum
2240 2225 2342 2265 ca—

772 2310 922 2361 tena,
956 2298 1133 2368 ipsum
1165 2297 1441 2352 interfecit
1469 2309 1524 2351 et
1560 2306 1840 2366 cognatos,
1885 2298 2053 2351 Deum
2094 2299 2341 2366 laudans,

773 2400 829 2445 et
889 2390 1157 2445 insultans
1209 2388 1411 2444 Christi
1472 2389 1761 2454 hostibus,
1820 2404 2037 2460 poenam
2084 2392 2345 2445 dantibus

772 2484 1061 2539 audacium
1106 2498 1329 2537 suorum
1372 2482 1707 2546 facinorum,
1753 2496 1872 2550 qua:
1917 2482 2251 2535 admiserant
2290 2482 2343 2534 in

772 2575 1045 2629 Christum
1097 2582 1153 2628 et
1203 2573 1410 2627 Christi
1477 2588 1716 2627 erucem.
1780 2590 1798 2623 ι
1850 2572 2148 2627 Laetabitur
2200 2572 2345 2626 enim

771 2666 953 2734 justus
992 2663 1203 2733 (inquit
1252 2678 1482 2733 magnus
1538 2662 1750 2732 David)
1797 2678 1919 2717 cum
1977 2662 2173 2717 viderit
2223 2664 2345 2717 vin-

775 2757 973 2810 dictam
1010 2757 1053 2810 ".
1095 2774 1113 2806 ι
1155 2756 1220 2809 Ει
1256 2756 1376 2810 ideo
1404 2755 1494 2825 qui
1547 2772 1612 2809 ex
1665 2756 1743 2809 eis
1789 2755 2009 2811 fuerunt
2052 2756 2340 2820 vulnerati,

784 2866 802 2896 ι
838 2861 947 2900 non
978 2846 1201 2901 fuerunt
1245 2846 1514 2901 vulnerati
1577 2848 1753 2918 gladio
1810 2852 1900 2918 (ut
1953 2849 2085 2903 dicit
2133 2848 2348 2902 divinus

777 2936 979 3005 Isaias)
1042 2951 1219 3004 neque
1271 2937 1469 2991 mortui
1522 2952 1753 2998 eorum,
1815 2937 2017 2990 mortui
2068 2936 2208 2990 bello
2238 2936 2278 2989 ⁸.
2321 2956 2339 2988 ι

777 3024 875 3079 Est
908 3027 1050 3079 enim
1086 3040 1173 3079 res
1208 3023 1367 3080 fortis
1396 3032 1451 3080 et
1484 3024 1637 3089 dura,
1672 3026 1749 3079 ira
1808 3026 1901 3081 Dei
1929 3028 2074 3098 (ipse
2105 3042 2190 3083 me
2229 3045 2346 3083 rur-

776 3132 871 3171 sus
898 3117 1111 3185 docet),
1146 3128 1204 3171 ut
1233 3116 1468 3188 grando,
1523 3132 1641 3188 qua:
1674 3117 1927 3173 deorsum
1975 3121 2181 3183 fertur,
2236 3134 2343 3173 non

778 3208 985 3262 habens
1033 3218 1402 3278 tegumentum
1440 3227 1454 3263 :
1486 3219 1544 3265 ut
1594 3225 1747 3279 aqua:
1788 3225 1995 3278 magna:
2029 3201 2339 3276 multitudo,

776 3314 900 3367 qua:
935 3301 1100 3353 trahit
1129 3302 1405 3369 regionem
1434 3303 1477 3355 '.

848 3390 1088 3446 XXXIV.
1130 3391 1404 3446 Reversus
1457 3406 1586 3463 ergo
1635 3390 1900 3448 Elesbaan
1950 3395 2017 3449 ad
2070 3394 2342 3451 civitatem

778 3480 976 3544 Phare,
1012 3497 1203 3537 omnes
1231 3482 1524 3549 interemit,
1556 3486 1645 3554 qui
1675 3496 1831 3541 erant
1863 3487 1915 3540 in
1941 3489 2110 3556 regia,
2135 3502 2191 3542 et
2221 3505 2342 3543 eum

782 3574 941 3628 vellet
987 3576 1272 3631 ecclesiam
1326 3578 1381 3630 in
1433 3592 1496 3629 ea
1523 3577 1812 3640 aedificare,
1847 3576 1951 3631 fuit
1990 3578 2105 3647 ipse
2137 3578 2346 3649 primus

780 3665 961 3735 epifex
1017 3667 1253 3719 aedificii.
1314 3664 1645 3736 Significavit
1702 3678 1885 3724 autem
1951 3671 2168 3736 omnia,
2225 3687 2345 3742 qua:

782 3765 933 3821 gesta
983 3754 1237 3816 fuerant,
1275 3755 1516 3825 pontifici
1549 3758 1926 3823 Alexandriae,
1961 3769 2015 3813 et
2060 3775 2159 3829 per
2192 3762 2343 3815 illum

783 3842 1001 3898 Justino
1037 3844 1372 3914 imperatori.
1408 3844 1721 3901 Patriarcba
1766 3858 1947 3902 autem
2005 3850 2346 3908 Alexandriae

782 3938 1091 3991 ordinatum
1147 3940 1465 4008 episcopum
1531 3940 1680 3994 misit
1731 3940 1799 3994 ad
1853 3939 2177 3997 Homeritas.
2243 3944 2346 4009 Qui

782 4045 907 4084 cum
941 4030 1048 4083 illis
1074 4040 1451 4083 consecrasset
1483 4032 1762 4100 templum,
1795 4034 1939 4101 quod
1971 4033 2148 4088 fuerat
2179 4035 2346 4089 aedifi-

783 4130 985 4184 catum,
1017 4119 1255 4189 baptizat
1283 4120 1505 4189 quidem
1544 4136 1752 4189 omnes,
1783 4123 1875 4193 qui
1916 4134 2073 4179 erant
2104 4125 2156 4179 in
2209 4128 2346 4182 civi-

786 4209 987 4263 tatibus
1017 4219 1072 4264 et
1116 4211 1268 4281 pagis
1308 4211 1745 4278 Homeritarum,
1782 4213 1838 4266 in
1882 4217 2103 4270 nomine
2146 4227 2347 4272 sancta:

786 4300 1091 4355 Trinitatis.
1121 4300 1196 4354 Ex
1236 4303 1315 4354 eis
1352 4311 1531 4356 autem
1562 4302 1781 4358 ordinat
1819 4304 2076 4360 diaconos
2124 4316 2181 4360 et
2221 4324 2345 4376 pre-

2449 1837 2548 1905 τὴν
2584 1835 2862 1903 βασίλειον
2899 1835 3249 1903 κατασχόντα
3278 1834 3434 1887 πόλιν
3484 1834 3665 1887 ἐκεῖσε
3702 1840 4015 1906 τυγχάνειν,

2446 1926 2646 1997 σπουδῇ
2665 1944 2722 1979 τε
2746 1927 2819 1989 ὡς
2846 1925 3006 1978 αὑτὸν
3030 1924 3307 1993 ἀφίκοντο,
3340 1926 3433 1977 καὶ
3460 1924 3637 1978 πάντα
3659 1928 3727 1977 τὰ
3760 1929 4020 1995 γενόμενα

2445 2018 2759 2087 διεσάφουν.
2799 2019 2857 2073 Ὀ
2890 2018 2973 2083 δὲ,
3012 2017 3259 2087 φρουράν
3291 2018 3349 2068 ἐν
3396 2019 3463 2087 τῇ
3498 2018 3648 2069 πόλει
3682 2019 4017 2086 καταλιπὼν,

2444 2111 2609 2182 ἀπῄει
2649 2112 2745 2163 σὺν
2780 2110 2955 2179 τάχει,
2990 2108 3086 2160 καὶ
3127 2108 3217 2159 τὸν
3248 2109 3489 2159 Δουναὰν
3524 2107 3726 2178 εὑρὼν,
3760 2110 3862 2178 τὴν
3892 2128 4021 2179 χρυ-

2447 2204 2545 2274 σῆν
2604 2203 2823 2271 ἐκείνην
2882 2199 3273 2269 περικείμενον
3341 2196 3555 2263 ἅλυσιν,
3593 2199 3756 2252 αὐτόν
3818 2218 3875 2253 τε
3932 2205 4020 2256 καὶ

2446 2296 2571 2356 τοὺς
2597 2294 2885 2359 συγγενεῖς
2917 2290 3151 2353 ἀνεῖλεν,
3182 2289 3511 2352 ἐπιθειάζων
3538 2290 3731 2354 πολλὰ,
3771 2294 3868 2345 καὶ
3894 2297 4021 2362 ἐφη-

2449 2384 2671 2453 δόμενος
2702 2381 2795 2433 ἐπὶ
2824 2382 2933 2442 τοῖς
2969 2369 3184 2449 ἐχθροῖς
3215 2379 3308 2433 τοῦ
3340 2380 3605 2451 Χριστοῦ,
3629 2381 3787 2451 δίκην
3821 2383 4019 2436 διδοῦσι

2451 2475 2563 2527 τῶν
2594 2472 2996 2543 τολμηθέντων,
3053 2466 3127 2523 ὧν
3178 2487 3236 2523 τε
3292 2472 3372 2534 είς
3424 2472 3789 2541 Χριστιανοὺς
3831 2476 4019 2537 αὑτοὺς

2447 2567 2539 2618 καὶ⁸
2573 2566 2663 2619 τὸν
2688 2563 2778 2618 τοῦ
2807 2562 3043 2634 Χριστοῦ
3093 2564 3327 2631 σταυρὸν
3374 2563 3830 2633 ἐπλημμέλησα).
3873 2584 3890 2615 ι
3922 2565 4017 2616 Εὑ-

2446 2658 2821 2729 φρανθήσεται
2856 2658 2965 2722 γὰρ
2994 2654 3201 2714 δίκαιος
3221 2655 3269 2720 (ὁ
3302 2653 3475 2721 μέγας
3503 2654 3606 2722 ἐφη
3636 2656 3848 2720 Acr-£5),
3886 2659 4008 2709 ὅταν

2447 2746 2531 2815 ἴδῃ
2566 2747 2867 2814 ἐκδίκησιν.
2912 2762 2929 2794 ι
2960 2745 3057 2797 Διὰ
3085 2743 3239 2795 τοῦτο
3296 2746 3388 2796 καὶ
3442 2747 3730 2813 γεγόνασιν
3777 2752 3829 2801 οἱ
3864 2766 4020 2816 τραυ-

2450 2836 2637 2900 ματίαι
2671 2834 2865 2905 αὐτῶν,
2904 2853 2921 2885 ι
2963 2835 3023 2886 οὐ
3052 2836 3389 2903 τραυματίαι
3443 2840 3740 2907 μαχαίρας,
3779 2858 3797 2889 ι
3833 2840 3895 2890 τὸ
3932 2839 4019 2891 τοῦ

2450 2923 2591 2976 θείου
2648 2926 2811 2992 φάναι
2845 2926 3093 2991 Ἡσαΐου,
3132 2944 3149 2978 ι
3186 2926 3297 2979 οὗθ’
3326 2928 3373 2979 of
3406 2930 3593 2996 νεκροὶ
3624 2930 3811 2981 αὺ.ῶν
3843 2931 4022 2999 νεκροὶ

2448 3018 2709 3088 πολέμου.
2749 3038 2767 3069 ι
2808 3021 3049 3090 Ὶσχυρδν
3099 3022 3208 3089 γὰρ
3238 3022 3332 3071 καὶ
3374 3020 3609 3089 σκληρὸν
3638 3024 3665 3073 ὁ
3702 3021 3877 3088 Ουμὶς
3911 3025 4018 3075 Ku-

2454 3110 2593 3176 ρίου,
2636 3111 2797 3171 αὑτός
2859 3128 2925 3178 με
2961 3110 3201 3163 διδάσκει
3251 3110 3439 3174 πάλιν,
3476 3110 3549 3172 ὡς
3597 3111 3812 3181 χάλαζα
3858 3120 4020 3164 κατα-

2454 3200 2753 3269 φερομένη,
2788 3200 2886 3252 οὐκ
2917 3201 3116 3270 ἔχουσα
3150 3203 3379 3270 σκέπην,
3404 3202 3476 3266 ὠς
3506 3202 3695 3266 ὓδατος
3731 3204 3869 3257 πολὺ
3897 3204 4023 3275 πλῆ-

2455 3290 2544 3354 θος
2576 3290 2638 3342 σύ
2646 3308 2737 3360 ρον
2770 3292 2975 3363 χώραν.

2521 3382 2641 3438 ΛΔ’.
2695 3385 2861 3449 Αὖθις
2915 3387 3008 3440 οὖν
3045 3387 3398 3459 ὑποστρέψας
3442 3388 3741 3442 Ἐλεσὸαάν
3790 3390 3925 3459 πρὸς
3958 3391 4019 3443 τά

2452 3473 2604 3540 Φαρὴ
2636 3475 2733 3541 τὴν
2772 3476 2862 3524 πό)
2878 3492 2947 3540 ιν,
2986 3477 3189 3537 πάντας
3241 3479 3419 3530 ἀνεῖλε
3444 3483 3592 3541 ,τοὺς
3640 3482 3699 3531 ἐν
3727 3484 3843 3543 τοῖς
3876 3488 4019 3547 βασι-

2452 3562 2635 3628 λείοις,
2667 3566 2961 3636 ἐκκλησίαν
2983 3583 3043 3620 τε
3069 3569 3126 3619 ἐν
3152 3569 3288 3639 αὐτῇ
3314 3569 3838 3640 οίκοδομησάμενος,
3868 3574 4018 3634 αὐτη

2451 3657 2661 3724 πρῶτος
2692 3659 2991 3731 αὐτουργὸς
3049 3661 3147 3733 τῆς
3196 3662 3486 3733 οἰκοδομῆς
3535 3664 3768 3732 γίνεται.
3806 3666 4015 3737 Ἐδήλιυ

2451 3764 2510 3801 τε
2538 3750 2605 3801 τὰ
2638 3748 3097 3820 διαπεπραγμένα
3133 3754 3312 3806 πάντα
3370 3755 3448 3822 τῷ
3488 3756 3899 3827 Ἀλεξανδρείας
3930 3760 4019 3826 ἁρ-

2452 3844 2627 3911 χιερεῖ
2664 3844 2757 3895 καὶ
2807 3843 2875 3895 δι’
2952 3844 3163 3898 ἐκείνου
3224 3847 3493 3917 Ἰουστίνῳ
3547 3848 3624 3918 τῷ
3677 3849 3913 3918 βασιλεῖ.
3958 3850 4013 3903 Ὀ

2455 3937 2638 4003 μέντοι
2713 3939 3061 4009 πατριάρχης
3129 3940 3542 4009 Ἀλεξανδρείας
3606 3953 4010 4012 χειροτονησας,

2452 4026 2750 4079 ἐπίσκοπον
2784 4033 2893 4090 τοῖς
2936 4031 3259 4099 Ὀμηριταῖς
3307 4033 3621 4100 ἐξέπεμπεν
3642 4050 3656 4062 ’
3721 4034 3779 4097 ὃς
3813 4042 3903 4085 και⁸
3933 4038 4015 4085 τὸν

2452 4117 2876 4189 οἰκοδομηθέντα
2928 4121 3276 4189 καθαγιάσας
3315 4122 3440 4175 ναὸν
3471 4122 3731 4193 βαπτίζει
3768 4129 3869 4195 μὲν
3900 4132 4014 4190 τοὺς

2452 4212 2509 4262 ἐν
2551 4213 2670 4275 ταῖς
2700 4211 2892 4266 πόλεσι
2946 4213 3042 4268 καὶ
3076 4212 3282 4286 χώραις
3340 4216 3449 4268 τῶν
3495 4218 3808 4289 Ὀμηριτὼν
3850 4221 4013 4272 an“.

2452 4317 2571 4364 τας,
2622 4303 2680 4353 ἐν
2726 4301 2803 4371 τῷ
2840 4304 2937 4373 τῆς
2974 4305 3135 4373 ἁγίας
3190 4307 3417 4376 Τριάδος
3448 4309 3706 4379 ὀνόματι⁶
3742 4312 4009 4370 διακόνους

786 4392 1065 4461 sbyteros;
1108 4401 1161 4445 et
1194 4392 1455 4459 ccclesiis,
1491 4410 1608 4463 qua:
1640 4406 1794 4450 erant
1818 4396 1869 4449 in
1905 4397 2142 4468 regione,
2177 4399 2347 4455 reddit

2455 4392 2511 4445 δὲ
2546 4391 2605 4455 ἐξ
2634 4393 2814 4445 αὐτῶν
2850 4396 2946 4446 καὶ
2971 4396 3380 4465 πρεσϐυτέρους
3425 4405 3749 4469 χειροτονεῖ,
3808 4406 3899 4454 καὶ
3928 4408 4014 4468 τὴν

786 4491 985 4536 statum
1017 4496 1176 4536 suum
1207 4483 1442 4537 solitum.

858 4660 1075 4715 XXXV.
1136 4662 1527 4717 Divinissimus
1572 4675 1750 4719 autem
1796 4683 1887 4720 rex
1935 4668 2051 4737 ipse
2095 4669 2353 4727 Elesbaan

792 4751 954 4808 simul
983 4768 1105 4807 cum
1137 4768 1201 4807 eo
1239 4753 1385 4808 venit
1416 4754 1645 4825 Nagram
1692 4765 1987 4828 martyrum
2037 4761 2311 4816 civitatem
2338 4780 2353 4829 ;

789 4857 844 4898 et
901 4861 1023 4898 cum
1074 4845 1184 4898 illic
1242 4845 1596 4900 exstruxisset
1646 4849 1950 4917 ecclesiam,
2015 4862 2067 4906 et
2119 4856 2358 4924 quinque

791 4937 1165 5005 possessiones
1231 4938 1407 5008 regias
1480 4940 1529 4991 ei
1601 4941 1968 5007 attribuisset,
2036 4953 2092 4997 et
2159 4947 2359 5001 deinde

791 5031 954 5081 etiam
989 5046 1050 5084 ex
1086 5031 1337 5102 martyris
1363 5032 1582 5086 Aretlize
1613 5034 2051 5102 possessionibus
2101 5046 2211 5093 tres
2262 5040 2360 5094 ad-

793 5117 1034 5181 didisset,
1090 5128 1148 5171 ut
1188 5119 1279 5172 ille
1317 5122 1671 5176 mandaverat
1724 5123 1779 5176 in
1827 5123 1934 5179 fine
1986 5128 2249 5196 martyrii,
2305 5138 2361 5183 et

794 5209 1099 5279 collegisset
1149 5226 1359 5276 omnes,
1390 5213 1484 5282 qui
1526 5214 1743 5268 fuerant
1776 5217 1979 5270 redacti
2029 5218 2082 5271 in
2133 5222 2361 5275 servitu-

801 5310 931 5357 tem,
974 5312 1025 5356 et
1061 5302 1195 5355 alias
1223 5304 1452 5372 ᾱὶενετδὶ
1480 5305 1532 5358 in
1561 5315 1802 5374 tempore
1838 5311 2243 5377 persecutionis
2264 5355 2278 5378 ,
2308 5322 2364 5367 et

798 5390 1013 5444 Arethae
1041 5395 1290 5463 martyris
1324 5395 1489 5449 lilium
1524 5398 1716 5451 ducem
1751 5400 1926 5469 gentis
1964 5405 2362 5471 constituisset,

797 5490 851 5533 et
879 5499 1060 5537 curant
1091 5487 1348 5555 gessisset
1402 5490 1526 5554 loci,
1565 5490 1619 5543 in
1662 5506 1770 5558 quo
1824 5492 2077 5559 jacebant
2126 5496 2197 5548 ibi
2232 5512 2364 5550 con—

798 5588 1077 5630 summata:
1127 5590 1420 5650 martyrum
1477 5584 1755 5651 reliquiae,
1820 5593 1873 5636 et
1931 5587 2020 5653 jus
2071 5588 2203 5655 asyli
2254 5588 2365 5643 illic

876 5763 893 5793 ⁷
920 5762 1060 5819 Psal.
1095 5781 1124 5819 ι.
1165 5782 1222 5831 ιι,
1254 5768 1337 5820 Η.
1425 5767 1443 5797 ⁸
1473 5767 1572 5825 lsa.
1611 5785 1741 5832 xm,
1768 5769 1818 5823 2.

1916 5772 1931 5799 ⁵
1960 5769 2058 5823 lsa.
2098 5787 2290 5832 xxvnl,
2324 5773 2377 5829 Ξ.

2453 4484 2621 4554 ἄλλην
2650 4486 3049 4557 νενομισμένην
3074 4489 3193 4551 ταῖς
3222 4491 3363 4542 κατὰ
3386 4491 3547 4542 τόπον
3579 4493 3903 4563 ἐκκλησίαις
3931 4514 4015 4547 κε-

2454 4577 2717 4629 τάετασιν
2751 4577 3102 4633 ἀποδίδωσιν.

2526 4667 2647 4722 ΛΕ’.
2709 4670 2881 4733 Αὐτὸς
2925 4670 2981 4722 δέ
3020 4674 3048 4723 ὁ
3091 4672 3366 4736 θειότατος
3412 4673 3666 4744 βασιλεὺς
3705 4677 4006 4739 Ἐλεσεααν,

2456 4758 2571 4827 ἅμα
2601 4760 2748 4828 αὐτῷ
2774 4763 2851 4823 είς
2880 4759 3099 4832 Νεγρὰν
3127 4764 3225 4834 τὴν
3259 4765 3367 4818 τῶν
3394 4768 3689 4838 μαρτύρων
3714 4772 4010 4838 ἀφικνεῖται

2457 4852 2610 4903 πόλιν
2635 4866 2651 4883 ο
2694 4854 2917 4904 κάκεῖσε
2968 4854 3347 4926 δομησάμενος
3383 4858 3700 4929 ἐκκλησίαν,
3749 4868 3843 4915 καὶ
3871 4868 4013 4916 πέντε

2457 4941 2568 4994 τῶν
2599 4940 2895 5011 βασιλικῶν
2924 4948 3218 5017 κτημάτων
3269 4949 3328 5003 ἐν
3379 4950 3515 5020 αὐτῇ
3559 4954 3863 5021 ἀποτάξας,
3912 4956 4013 5008 εἶτα

2458 5035 2551 5087 καὶ
2578 5036 2642 5087 ἐκ
2678 5034 2788 5091 τῶν
2833 5032 2929 5089 τοῦ
2982 5039 3260 5110 μάρτυρος
3310 5042 3507 5113 Ἀρέθα
3549 5046 3680 5115 τρία
3737 5050 4011 5119 προσθεὶς,

2459 5126 2533 5188 ὡς
2567 5128 2775 5193 ἐκεῖνος
2806 5132 2935 5202 περὶ
2966 5133 3038 5185 τὰ
3077 5133 3177 5203 τῆς
3207 5138 3514 5206 μαρτυρίας
3540 5139 3669 5210 τέλη
3725 5144 4013 5212 ἐπέσκηψε.

2464 5220 2673 5282 πάντας
2704 5239 2762 5274 τε
2793 5238 2921 5286 τους
2965 5224 3527 5297 ἠνδραποδισμένους,
3573 5234 3669 5284 καὶ
3702 5236 3829 5298 τοὺς
3860 5238 4017 5297 ἄλλως

2472 5309 2993 5384 διεσκορπισμένους
3028 5318 3085 5370 ἐν
3128 5318 3205 5388 τῷ
3235 5320 3331 5373 τοῦ
3358 5321 3602 5391 διωγμοῦ
3670 5329 3849 5396 καιρῷ
3896 5345 4008 5379 συν-

2463 5401 2707 5470 θροίσας,
2759 5409 2853 5457 καὶ
2882 5406 2974 5458 τὸν
3003 5406 3095 5459 τοῦ
3130 5408 3276 5461 θείου
3303 5414 3611 5484 ⁸μάρτυρος
3650 5417 3851 5487 ’Δρὲθα
3893 5419 4014 5481 υἱὸν,

2465 5496 2560 5549 τοῦ
2614 5496 2800 5560 ἔθνους
2850 5499 3091 5570 ἀρχηγὸν
3119 5506 3495 5575 καταστήσας,
3549 5510 4016 5581 ἐπιμελησαμενός

2462 5605 2521 5640 τε
2588 5590 2747 5644 τοῦτό
2803 5609 2906 5645 που
2939 5595 2994 5646 ἐν
3021 5587 3065 5664 ᾧ
3107 5597 3175 5649 τά
3204 5597 3311 5650 τῶν
3345 5601 3645 5674 μαρτύρων
3681 5606 4017 5660 τελειωιέντι
