  <div class='ocr_page' id='page_1' title='image "/cluster/home/n/w/nwhite01/storage/ocr_20150623/115/pst.000005714285/793.png"; bbox 0 0 4198 6312; ppageno 0'>
   <div class='ocr_carea' id='block_1_1' title="bbox 731 340 854 404">
    <p class='ocr_par' dir='ltr' id='par_1_1' title="bbox 731 340 854 404">
     <span class='ocr_line' id='line_1_1' title="bbox 731 340 854 404; baseline -0.016 0"><span class='ocrx_word' id='word_1_1' title='bbox 731 340 854 404; x_wconf 79' lang='lat'><strong>1291</strong></span> 
     </span>
    </p>
   </div>
   <div class='ocr_carea' id='block_1_2' title="bbox 2019 329 2692 392">
    <p class='ocr_par' dir='ltr' id='par_1_2' title="bbox 2019 329 2692 392">
     <span class='ocr_line' id='line_1_2' title="bbox 2019 329 2692 392; baseline -0.001 0"><span class='ocrx_word' id='word_1_2' title='bbox 2019 329 2298 392; x_wconf 75' lang='lat' dir='ltr'><strong>MENSIS</strong></span> <span class='ocrx_word' id='word_1_3' title='bbox 2335 334 2692 392; x_wconf 71' lang='lat' dir='ltr'><strong>UC&#39;l&#39;OBER.</strong></span> 
     </span>
    </p>
   </div>
   <div class='ocr_carea' id='block_1_3' title="bbox 3841 327 3971 390">
    <p class='ocr_par' dir='ltr' id='par_1_3' title="bbox 3841 327 3971 390">
     <span class='ocr_line' id='line_1_3' title="bbox 3841 327 3971 390; baseline 0.031 -3"><span class='ocrx_word' id='word_1_4' title='bbox 3841 327 3971 390; x_wconf 75' lang='grc'><strong>1292</strong></span> 
     </span>
    </p>
   </div>
   <div class='ocr_carea' id='block_1_4' title="bbox 731 441 2307 513">
    <p class='ocr_par' dir='ltr' id='par_1_4' title="bbox 731 446 2302 513">
     <span class='ocr_line' id='line_1_4' title="bbox 731 446 2302 513; baseline -0.007 -6"><span class='ocrx_word' id='word_1_5' title='bbox 731 452 884 507; x_wconf 84' lang='lat' dir='ltr'><strong>bonis</strong></span> <span class='ocrx_word' id='word_1_6' title='bbox 914 454 980 505; x_wconf 89' lang='lat' dir='ltr'><strong>ab</strong></span> <span class='ocrx_word' id='word_1_7' title='bbox 1019 453 1172 504; x_wconf 85' lang='lat' dir='ltr'><strong>initio</strong></span> <span class='ocrx_word' id='word_1_8' title='bbox 1204 449 1452 501; x_wconf 81' lang='lat' dir='ltr'><strong>invidens</strong></span> <span class='ocrx_word' id='word_1_9' title='bbox 1501 446 1773 510; x_wconf 84' lang='lat' dir='ltr'><strong>inimicus,</strong></span> <span class='ocrx_word' id='word_1_10' title='bbox 1813 463 1918 502; x_wconf 89' lang='lat' dir='ltr'><strong>non</strong></span> <span class='ocrx_word' id='word_1_11' title='bbox 1961 449 2146 500; x_wconf 79' lang='lat' dir='ltr'><strong>valens</strong></span> <span class='ocrx_word' id='word_1_12' title='bbox 2179 460 2302 513; x_wconf 86' lang='lat' dir='ltr'><strong>per—</strong></span> 
     </span>
    </p>
   </div>
   <div class='ocr_carea' id='block_1_5' title="bbox 2400 441 3966 513">
    <p class='ocr_par' dir='ltr' id='par_1_5' title="bbox 2408 441 3966 512">
     <span class='ocr_line' id='line_1_5' title="bbox 2408 441 3966 512; baseline -0.001 -15"><span class='ocrx_word' id='word_1_13' title='bbox 2408 445 2498 497; x_wconf 76' lang='grc' dir='ltr'>τοῦ</span> <span class='ocrx_word' id='word_1_14' title='bbox 2537 446 2728 512; x_wconf 77' lang='grc' dir='ltr'>φθόνου</span> <span class='ocrx_word' id='word_1_15' title='bbox 2769 442 2949 511; x_wconf 76' lang='grc' dir='ltr'>πατὴρ</span> <span class='ocrx_word' id='word_1_16' title='bbox 2979 443 3065 493; x_wconf 80' lang='grc' dir='ltr'><strong>καὶ</strong></span> <span class='ocrx_word' id='word_1_17' title='bbox 3095 443 3207 504; x_wconf 84' lang='grc' dir='ltr'>τοῖς</span> <span class='ocrx_word' id='word_1_18' title='bbox 3241 442 3458 508; x_wconf 80' lang='grc' dir='ltr'><strong>ἀγαθοῖς</strong></span> <span class='ocrx_word' id='word_1_19' title='bbox 3486 442 3698 496; x_wconf 76' lang='grc' dir='ltr'>ἄνωθεν</span> <span class='ocrx_word' id='word_1_20' title='bbox 3738 441 3966 511; x_wconf 81' lang='grc' dir='ltr'>βασκαί-</span> 
     </span>
    </p>
   </div>
   <div class='ocr_carea' id='block_1_6' title="bbox 730 539 2296 608">
    <p class='ocr_par' dir='ltr' id='par_1_6' title="bbox 730 539 2296 608">
     <span class='ocr_line' id='line_1_6' title="bbox 730 539 2296 608; baseline -0.004 -11"><span class='ocrx_word' id='word_1_21' title='bbox 730 547 958 597; x_wconf 85' lang='lat' dir='ltr'><strong>suadere</strong></span> <span class='ocrx_word' id='word_1_22' title='bbox 999 541 1342 604; x_wconf 77' lang='lat' dir='ltr'><strong>Christianis,</strong></span> <span class='ocrx_word' id='word_1_23' title='bbox 1385 547 1530 594; x_wconf 78' lang='lat' dir='ltr'><strong>utea</strong></span> <span class='ocrx_word' id='word_1_24' title='bbox 1593 539 1936 608; x_wconf 80' lang='lat' dir='ltr'><strong>repellerent,</strong></span> <span class='ocrx_word' id='word_1_25' title='bbox 1975 553 2093 608; x_wconf 70' lang='lat' dir='ltr'><strong>qua:</strong></span> <span class='ocrx_word' id='word_1_26' title='bbox 2135 546 2296 590; x_wconf 83' lang='lat' dir='ltr'><strong>erant</strong></span> 
     </span>
    </p>
   </div>
   <div class='ocr_carea' id='block_1_7' title="bbox 729 630 2295 703">
    <p class='ocr_par' dir='ltr' id='par_1_7' title="bbox 729 630 2295 703">
     <span class='ocr_line' id='line_1_7' title="bbox 729 630 2295 703; baseline -0.002 -18"><span class='ocrx_word' id='word_1_27' title='bbox 729 636 1185 696; x_wconf 76' lang='lat' dir='ltr'><strong>Christianorum,</strong></span> <span class='ocrx_word' id='word_1_28' title='bbox 1219 649 1314 703; x_wconf 89' lang='lat' dir='ltr'><strong>per</strong></span> <span class='ocrx_word' id='word_1_29' title='bbox 1357 633 1641 701; x_wconf 87' lang='lat' dir='ltr'><strong>quosdam,</strong></span> <span class='ocrx_word' id='word_1_30' title='bbox 1679 633 1768 701; x_wconf 83' lang='lat' dir='ltr'><strong>qui</strong></span> <span class='ocrx_word' id='word_1_31' title='bbox 1827 631 2040 684; x_wconf 97' lang='lat' dir='ltr'><strong>fuerant</strong></span> <span class='ocrx_word' id='word_1_32' title='bbox 2073 630 2295 698; x_wconf 77' lang='lat' dir='ltr'><strong>indigne</strong></span> 
     </span>
    </p>
   </div>
   <div class='ocr_carea' id='block_1_8' title="bbox 726 721 2294 798">
    <p class='ocr_par' dir='ltr' id='par_1_8' title="bbox 726 721 2294 798">
     <span class='ocr_line' id='line_1_8' title="bbox 726 721 2294 798; baseline -0.004 -18"><span class='ocrx_word' id='word_1_33' title='bbox 726 728 906 798; x_wconf 83' lang='lat' dir='ltr'><strong>adepti</strong></span> <span class='ocrx_word' id='word_1_34' title='bbox 959 727 1277 796; x_wconf 76' lang='lat' dir='ltr'><strong>dignitatem</strong></span> <span class='ocrx_word' id='word_1_35' title='bbox 1335 725 1644 789; x_wconf 78' lang='lat' dir='ltr'><strong>sacerdotii,</strong></span> <span class='ocrx_word' id='word_1_36' title='bbox 1681 741 1737 778; x_wconf 90' lang='lat' dir='ltr'><strong>se</strong></span> <span class='ocrx_word' id='word_1_37' title='bbox 1782 725 2100 778; x_wconf 76' lang='lat' dir='ltr'><strong>Constantio</strong></span> <span class='ocrx_word' id='word_1_38' title='bbox 2158 721 2294 776; x_wconf 91' lang='lat' dir='ltr'><strong>insi-</strong></span> 
     </span>
    </p>
   </div>
   <div class='ocr_carea' id='block_1_9' title="bbox 727 812 2294 884">
    <p class='ocr_par' dir='ltr' id='par_1_9' title="bbox 727 812 2294 884">
     <span class='ocr_line' id='line_1_9' title="bbox 727 812 2294 884; baseline -0.004 -14"><span class='ocrx_word' id='word_1_39' title='bbox 727 835 923 876; x_wconf 84' lang='lat' dir='ltr'><strong>nuans,</strong></span> <span class='ocrx_word' id='word_1_40' title='bbox 979 831 1101 869; x_wconf 91' lang='lat' dir='ltr'><strong>eum</strong></span> <span class='ocrx_word' id='word_1_41' title='bbox 1154 824 1322 868; x_wconf 88' lang='lat' dir='ltr'><strong>totum</strong></span> <span class='ocrx_word' id='word_1_42' title='bbox 1375 824 1635 884; x_wconf 89' lang='lat' dir='ltr'><strong>quantum</strong></span> <span class='ocrx_word' id='word_1_43' title='bbox 1705 814 1909 868; x_wconf 90' lang='lat' dir='ltr'><strong>inducit</strong></span> <span class='ocrx_word' id='word_1_44' title='bbox 1963 815 2028 868; x_wconf 87' lang='lat' dir='ltr'><strong>ad</strong></span> <span class='ocrx_word' id='word_1_45' title='bbox 2085 812 2294 865; x_wconf 85' lang='lat' dir='ltr'><strong>Ariani-</strong></span> 
     </span>
    </p>
   </div>
   <div class='ocr_carea' id='block_1_10' title="bbox 726 906 2295 975">
    <p class='ocr_par' dir='ltr' id='par_1_10' title="bbox 726 906 2295 975">
     <span class='ocr_line' id='line_1_10' title="bbox 726 906 2295 975; baseline -0.006 -12"><span class='ocrx_word' id='word_1_46' title='bbox 726 926 922 963; x_wconf 85' lang='lat' dir='ltr'><strong>smum.</strong></span> <span class='ocrx_word' id='word_1_47' title='bbox 955 909 1092 961; x_wconf 90' lang='lat' dir='ltr'><strong>Hinc</strong></span> <span class='ocrx_word' id='word_1_48' title='bbox 1133 908 1263 961; x_wconf 77' lang='lat' dir='ltr'><strong>illud</strong></span> <span class='ocrx_word' id='word_1_49' title='bbox 1297 908 1518 975; x_wconf 79' lang='lat' dir='ltr'><strong>impium</strong></span> <span class='ocrx_word' id='word_1_50' title='bbox 1571 907 1760 975; x_wconf 81' lang='lat' dir='ltr'><strong>dogma</strong></span> <span class='ocrx_word' id='word_1_51' title='bbox 1795 906 2144 966; x_wconf 84' lang='lat' dir='ltr'><strong>Arianorum,</strong></span> <span class='ocrx_word' id='word_1_52' title='bbox 2179 912 2295 956; x_wconf 89' lang='lat' dir='ltr'><strong>tan-</strong></span> 
     </span>
    </p>
   </div>
   <div class='ocr_carea' id='block_1_11' title="bbox 725 995 2297 1066">
    <p class='ocr_par' dir='ltr' id='par_1_11' title="bbox 725 995 2297 1066">
     <span class='ocr_line' id='line_1_11' title="bbox 725 995 2297 1066; baseline -0.004 -14"><span class='ocrx_word' id='word_1_53' title='bbox 725 1015 887 1066; x_wconf 87' lang='lat' dir='ltr'><strong>quam</strong></span> <span class='ocrx_word' id='word_1_54' title='bbox 924 1013 1074 1051; x_wconf 89' lang='lat' dir='ltr'><strong>arma</strong></span> <span class='ocrx_word' id='word_1_55' title='bbox 1126 997 1328 1065; x_wconf 78' lang='lat' dir='ltr'><strong>aliqua,</strong></span> <span class='ocrx_word' id='word_1_56' title='bbox 1369 997 1678 1064; x_wconf 81' lang='lat' dir='ltr'><strong>impositum</strong></span> <span class='ocrx_word' id='word_1_57' title='bbox 1717 997 1974 1066; x_wconf 82' lang='lat' dir='ltr'><strong>potentiae</strong></span> <span class='ocrx_word' id='word_1_58' title='bbox 2010 995 2297 1062; x_wconf 86' lang='lat' dir='ltr'><strong>imperato-</strong></span> 
     </span>
    </p>
   </div>
   <div class='ocr_carea' id='block_1_12' title="bbox 727 1089 2296 1157">
    <p class='ocr_par' dir='ltr' id='par_1_12' title="bbox 727 1089 2296 1157">
     <span class='ocr_line' id='line_1_12' title="bbox 727 1089 2296 1157; baseline -0.004 -13"><span class='ocrx_word' id='word_1_59' title='bbox 727 1092 825 1153; x_wconf 89' lang='lat' dir='ltr'><strong>ris,</strong></span> <span class='ocrx_word' id='word_1_60' title='bbox 877 1091 1208 1144; x_wconf 82' lang='lat' dir='ltr'><strong>dilatabatur</strong></span> <span class='ocrx_word' id='word_1_61' title='bbox 1256 1098 1309 1142; x_wconf 85' lang='lat' dir='ltr'><strong>et</strong></span> <span class='ocrx_word' id='word_1_62' title='bbox 1368 1089 1684 1157; x_wconf 80' lang='lat' dir='ltr'><strong>augebatur,</strong></span> <span class='ocrx_word' id='word_1_63' title='bbox 1721 1097 1773 1141; x_wconf 91' lang='lat' dir='ltr'><strong>et</strong></span> <span class='ocrx_word' id='word_1_64' title='bbox 1819 1095 2296 1154; x_wconf 82' lang='lat' dir='ltr'><strong>quantamcunque</strong></span> 
     </span>
    </p>
   </div>
   <div class='ocr_carea' id='block_1_13' title="bbox 729 1177 2296 1250">
    <p class='ocr_par' dir='ltr' id='par_1_13' title="bbox 729 1177 2296 1250">
     <span class='ocr_line' id='line_1_13' title="bbox 729 1177 2296 1250; baseline -0.004 -16"><span class='ocrx_word' id='word_1_65' title='bbox 729 1184 1004 1250; x_wconf 80' lang='lat' dir='ltr'><strong>regionem</strong></span> <span class='ocrx_word' id='word_1_66' title='bbox 1044 1182 1413 1236; x_wconf 75' lang='lat' dir='ltr'><strong>Romanorum</strong></span> <span class='ocrx_word' id='word_1_67' title='bbox 1451 1181 1669 1233; x_wconf 88' lang='lat' dir='ltr'><strong>tenebat</strong></span> <span class='ocrx_word' id='word_1_68' title='bbox 1718 1177 2029 1248; x_wconf 89' lang='lat' dir='ltr'><strong>imperium,</strong></span> <span class='ocrx_word' id='word_1_69' title='bbox 2060 1192 2154 1245; x_wconf 90' lang='lat' dir='ltr'><strong>per</strong></span> <span class='ocrx_word' id='word_1_70' title='bbox 2192 1177 2296 1229; x_wconf 93' lang='lat' dir='ltr'><strong>vim</strong></span> 
     </span>
    </p>
   </div>
   <div class='ocr_carea' id='block_1_14' title="bbox 727 1266 2296 1337">
    <p class='ocr_par' dir='ltr' id='par_1_14' title="bbox 727 1266 2296 1337">
     <span class='ocr_line' id='line_1_14' title="bbox 727 1266 2296 1337; baseline -0.002 -14"><span class='ocrx_word' id='word_1_71' title='bbox 727 1273 1090 1327; x_wconf 72' lang='lat' dir='ltr'><strong>contendebat</strong></span> <span class='ocrx_word' id='word_1_72' title='bbox 1128 1272 1191 1324; x_wconf 90' lang='lat' dir='ltr'><strong>ad</strong></span> <span class='ocrx_word' id='word_1_73' title='bbox 1227 1286 1377 1324; x_wconf 88' lang='lat' dir='ltr'><strong>suam</strong></span> <span class='ocrx_word' id='word_1_74' title='bbox 1433 1270 1700 1323; x_wconf 82' lang='lat' dir='ltr'><strong>adducere</strong></span> <span class='ocrx_word' id='word_1_75' title='bbox 1759 1268 2094 1337; x_wconf 87' lang='lat' dir='ltr'><strong>opinionem.</strong></span> <span class='ocrx_word' id='word_1_76' title='bbox 2131 1266 2211 1321; x_wconf 89' lang='lat' dir='ltr'><strong>Ob</strong></span> <span class='ocrx_word' id='word_1_77' title='bbox 2246 1267 2296 1320; x_wconf 92' lang='lat' dir='ltr'><strong>id</strong></span> 
     </span>
    </p>
   </div>
   <div class='ocr_carea' id='block_1_15' title="bbox 728 1359 2298 1434">
    <p class='ocr_par' dir='ltr' id='par_1_15' title="bbox 728 1359 2298 1434">
     <span class='ocr_line' id='line_1_15' title="bbox 728 1359 2298 1434; baseline -0.004 -17"><span class='ocrx_word' id='word_1_78' title='bbox 728 1365 908 1434; x_wconf 79' lang='lat' dir='ltr'><strong>igitur,</strong></span> <span class='ocrx_word' id='word_1_79' title='bbox 946 1363 1033 1432; x_wconf 91' lang='lat' dir='ltr'><strong>qui</strong></span> <span class='ocrx_word' id='word_1_80' title='bbox 1087 1361 1362 1415; x_wconf 90' lang='lat' dir='ltr'><strong>homousii</strong></span> <span class='ocrx_word' id='word_1_81' title='bbox 1399 1361 1656 1414; x_wconf 89' lang='lat' dir='ltr'><strong>tenebant</strong></span> <span class='ocrx_word' id='word_1_82' title='bbox 1705 1359 2043 1427; x_wconf 79' lang='lat' dir='ltr'><strong>opinionem,</strong></span> <span class='ocrx_word' id='word_1_83' title='bbox 2082 1367 2136 1411; x_wconf 91' lang='lat' dir='ltr'><strong>et</strong></span> <span class='ocrx_word' id='word_1_84' title='bbox 2177 1373 2298 1427; x_wconf 78' lang='lat' dir='ltr'><strong>quae</strong></span> 
     </span>
    </p>
   </div>
   <div class='ocr_carea' id='block_1_16' title="bbox 728 1448 2297 1514">
    <p class='ocr_par' dir='ltr' id='par_1_16' title="bbox 728 1448 2297 1514">
     <span class='ocr_line' id='line_1_16' title="bbox 728 1448 2297 1514; baseline -0.004 -6"><span class='ocrx_word' id='word_1_85' title='bbox 728 1466 853 1510; x_wconf 86' lang='lat' dir='ltr'><strong>sunt</strong></span> <span class='ocrx_word' id='word_1_86' title='bbox 885 1453 1318 1509; x_wconf 84' lang='lat' dir='ltr'><strong>Christianorum</strong></span> <span class='ocrx_word' id='word_1_87' title='bbox 1356 1451 1704 1514; x_wconf 73' lang='lat' dir='ltr'><strong>exercebant,</strong></span> <span class='ocrx_word' id='word_1_88' title='bbox 1744 1459 1802 1504; x_wconf 93' lang='lat' dir='ltr'><strong>ut</strong></span> <span class='ocrx_word' id='word_1_89' title='bbox 1835 1448 2178 1503; x_wconf 84' lang='lat' dir='ltr'><strong>Christianos</strong></span> <span class='ocrx_word' id='word_1_90' title='bbox 2203 1449 2297 1502; x_wconf 89' lang='lat' dir='ltr'><strong>de-</strong></span> 
     </span>
    </p>
   </div>
   <div class='ocr_carea' id='block_1_17' title="bbox 726 1538 2298 1609">
    <p class='ocr_par' dir='ltr' id='par_1_17' title="bbox 726 1538 2298 1609">
     <span class='ocr_line' id='line_1_17' title="bbox 726 1538 2298 1609; baseline -0.006 -8"><span class='ocrx_word' id='word_1_91' title='bbox 726 1555 834 1609; x_wconf 87' lang='lat' dir='ltr'><strong>cet,</strong></span> <span class='ocrx_word' id='word_1_92' title='bbox 881 1545 1254 1598; x_wconf 58' lang='lat' dir='ltr'><strong>adiciebantur</strong></span> <span class='ocrx_word' id='word_1_93' title='bbox 1308 1541 1463 1595; x_wconf 91' lang='lat' dir='ltr'><strong>malis</strong></span> <span class='ocrx_word' id='word_1_94' title='bbox 1523 1538 2031 1603; x_wconf 79' lang='lat' dir='ltr'><strong>innumerabilibus,</strong></span> <span class='ocrx_word' id='word_1_95' title='bbox 2067 1539 2298 1592; x_wconf 76' lang='lat' dir='ltr'><strong>maxime</strong></span> 
     </span>
    </p>
   </div>
   <div class='ocr_carea' id='block_1_18' title="bbox 725 1632 2297 1703">
    <p class='ocr_par' dir='ltr' id='par_1_18' title="bbox 725 1632 2297 1703">
     <span class='ocr_line' id='line_1_18' title="bbox 725 1632 2297 1703; baseline -0.008 -8"><span class='ocrx_word' id='word_1_96' title='bbox 725 1655 847 1694; x_wconf 87' lang='lat' dir='ltr'><strong>cum</strong></span> <span class='ocrx_word' id='word_1_97' title='bbox 883 1638 1150 1692; x_wconf 74' lang='lat' dir='ltr'><strong>Eusebius</strong></span> <span class='ocrx_word' id='word_1_98' title='bbox 1181 1646 1236 1690; x_wconf 90' lang='lat' dir='ltr'><strong>et</strong></span> <span class='ocrx_word' id='word_1_99' title='bbox 1266 1634 1547 1703; x_wconf 81' lang='lat' dir='ltr'><strong>Philippus</strong></span> <span class='ocrx_word' id='word_1_100' title='bbox 1607 1633 1857 1703; x_wconf 91' lang='lat' dir='ltr'><strong>(quorum</strong></span> <span class='ocrx_word' id='word_1_101' title='bbox 1912 1633 2048 1686; x_wconf 88' lang='lat' dir='ltr'><strong>alter</strong></span> <span class='ocrx_word' id='word_1_102' title='bbox 2079 1632 2297 1700; x_wconf 90' lang='lat' dir='ltr'><strong>quidem</strong></span> 
     </span>
    </p>
   </div>
   <div class='ocr_carea' id='block_1_19' title="bbox 726 1723 2296 1795">
    <p class='ocr_par' dir='ltr' id='par_1_19' title="bbox 726 1723 2296 1795">
     <span class='ocr_line' id='line_1_19' title="bbox 726 1723 2296 1795; baseline -0.008 -10"><span class='ocrx_word' id='word_1_103' title='bbox 726 1741 952 1786; x_wconf 86' lang='lat' dir='ltr'><strong>ornatus</strong></span> <span class='ocrx_word' id='word_1_104' title='bbox 984 1729 1163 1783; x_wconf 83' lang='lat' dir='ltr'><strong>fuerat</strong></span> <span class='ocrx_word' id='word_1_105' title='bbox 1213 1728 1418 1781; x_wconf 89' lang='lat' dir='ltr'><strong>honore</strong></span> <span class='ocrx_word' id='word_1_106' title='bbox 1468 1723 1764 1795; x_wconf 75' lang='lat' dir='ltr'><strong>praepositi,</strong></span> <span class='ocrx_word' id='word_1_107' title='bbox 1801 1723 2082 1791; x_wconf 84' lang='lat' dir='ltr'><strong>Philippus</strong></span> <span class='ocrx_word' id='word_1_108' title='bbox 2115 1730 2296 1776; x_wconf 89' lang='lat' dir='ltr'><strong>autem</strong></span> 
     </span>
    </p>
   </div>
   <div class='ocr_carea' id='block_1_20' title="bbox 2399 528 3969 607">
    <p class='ocr_par' dir='ltr' id='par_1_20' title="bbox 2399 528 3969 607">
     <span class='ocr_line' id='line_1_20' title="bbox 2399 528 3969 607; baseline 0 -19"><span class='ocrx_word' id='word_1_109' title='bbox 2399 555 2502 588; x_wconf 78' lang='grc' dir='ltr'><strong>νων</strong></span> <span class='ocrx_word' id='word_1_110' title='bbox 2527 537 2741 607; x_wconf 72' lang='grc' dir='ltr'>ἐχθρὸς,</span> <span class='ocrx_word' id='word_1_111' title='bbox 2775 537 2893 586; x_wconf 76' lang='grc' dir='ltr'>ἐπεὶ</span> <span class='ocrx_word' id='word_1_112' title='bbox 2933 538 3006 602; x_wconf 71' lang='grc' dir='ltr'><strong>μὴ</strong></span> <span class='ocrx_word' id='word_1_113' title='bbox 3040 532 3247 585; x_wconf 78' lang='grc' dir='ltr'>πείθειν</span> <span class='ocrx_word' id='word_1_114' title='bbox 3285 528 3396 596; x_wconf 76' lang='grc' dir='ltr'>οἷός</span> <span class='ocrx_word' id='word_1_115' title='bbox 3424 552 3480 586; x_wconf 88' lang='grc' dir='ltr'><strong>τε</strong></span> <span class='ocrx_word' id='word_1_116' title='bbox 3515 532 3583 606; x_wconf 82' lang='grc' dir='ltr'>ἦν</span> <span class='ocrx_word' id='word_1_117' title='bbox 3612 535 3680 586; x_wconf 76' lang='grc' dir='ltr'><strong>τὰ</strong></span> <span class='ocrx_word' id='word_1_118' title='bbox 3710 536 3969 602; x_wconf 82' lang='grc' dir='ltr'>Χριστια·</span> 
     </span>
    </p>
   </div>
   <div class='ocr_carea' id='block_1_21' title="bbox 2399 626 3969 697">
    <p class='ocr_par' dir='ltr' id='par_1_21' title="bbox 2399 626 3969 697">
     <span class='ocr_line' id='line_1_21' title="bbox 2399 626 3969 697; baseline -0.003 -14"><span class='ocrx_word' id='word_1_119' title='bbox 2399 629 2502 683; x_wconf 89' lang='grc' dir='ltr'>νῶν</span> <span class='ocrx_word' id='word_1_120' title='bbox 2551 628 2888 684; x_wconf 64' lang='grc' dir='ltr'>ἀπωθεῖσθαι</span> <span class='ocrx_word' id='word_1_121' title='bbox 2943 626 3322 696; x_wconf 73' lang='grc' dir='ltr'>Χριστιανοὺς,</span> <span class='ocrx_word' id='word_1_122' title='bbox 3371 627 3460 680; x_wconf 74' lang='grc' dir='ltr'>διὰ</span> <span class='ocrx_word' id='word_1_123' title='bbox 3504 645 3664 680; x_wconf 87' lang='grc' dir='ltr'>τινων</span> <span class='ocrx_word' id='word_1_124' title='bbox 3713 629 3776 681; x_wconf 81' lang='grc' dir='ltr'><strong>οὑ</strong></span> <span class='ocrx_word' id='word_1_125' title='bbox 3836 628 3969 697; x_wconf 65' lang='grc' dir='ltr'>πρὸς</span> 
     </span>
    </p>
   </div>
   <div class='ocr_carea' id='block_1_22' title="bbox 2399 717 3970 788">
    <p class='ocr_par' dir='ltr' id='par_1_22' title="bbox 2399 717 3970 788">
     <span class='ocr_line' id='line_1_22' title="bbox 2399 717 3970 788; baseline 0.018 -14"><span class='ocrx_word' id='word_1_126' title='bbox 2399 720 2578 785; x_wconf 80' lang='grc' dir='ltr'>ἀξίαν,</span> <span class='ocrx_word' id='word_1_127' title='bbox 2614 720 2782 788; x_wconf 68' lang='grc' dir='ltr'>οἴμοι,</span> <span class='ocrx_word' id='word_1_128' title='bbox 2831 718 2924 770; x_wconf 57' lang='grc' dir='ltr'>τεῦ</span> <span class='ocrx_word' id='word_1_129' title='bbox 2972 719 3069 787; x_wconf 74' lang='grc' dir='ltr'><strong>τῆς</strong></span> <span class='ocrx_word' id='word_1_130' title='bbox 3113 718 3408 788; x_wconf 71' lang='grc' dir='ltr'><strong>ἱερωσύνης</strong></span> <span class='ocrx_word' id='word_1_131' title='bbox 3440 717 3749 786; x_wconf 68' lang='grc' dir='ltr'><strong>ἀξιώματος</strong></span> <span class='ocrx_word' id='word_1_132' title='bbox 3803 718 3970 787; x_wconf 49' lang='grc' dir='ltr'><strong>ἠξιω·</strong></span> 
     </span>
    </p>
   </div>
   <div class='ocr_carea' id='block_1_23' title="bbox 2403 806 3803 880">
    <p class='ocr_par' dir='ltr' id='par_1_23' title="bbox 2403 806 3803 880">
     <span class='ocr_line' id='line_1_23' title="bbox 2403 806 3803 880; baseline -0.001 -19"><span class='ocrx_word' id='word_1_133' title='bbox 2403 811 2579 880; x_wconf 78' lang='grc' dir='ltr'>μένων</span> <span class='ocrx_word' id='word_1_134' title='bbox 2651 811 2744 862; x_wconf 77' lang='grc' dir='ltr'><strong>τὸν</strong></span> <span class='ocrx_word' id='word_1_135' title='bbox 2826 809 3204 862; x_wconf 82' lang='grc' dir='ltr'>Κωνστάντιον</span> <span class='ocrx_word' id='word_1_136' title='bbox 3271 806 3523 861; x_wconf 64' lang='grc' dir='ltr'>ὑπελθὼν</span> <span class='ocrx_word' id='word_1_137' title='bbox 3589 809 3667 868; x_wconf 86' lang='grc' dir='ltr'>εἰς</span> <span class='ocrx_word' id='word_1_138' title='bbox 3731 807 3803 859; x_wconf 73' lang='grc' dir='ltr'>τὰ</span> 
     </span>
    </p>
   </div>
   <div class='ocr_carea' id='block_1_24' title="bbox 2413 897 3971 972">
    <p class='ocr_par' dir='ltr' id='par_1_24' title="bbox 2413 897 3971 972">
     <span class='ocr_line' id='line_1_24' title="bbox 2413 897 3971 972; baseline -0.004 -18"><span class='ocrx_word' id='word_1_139' title='bbox 2413 902 2705 972; x_wconf 70' lang='grc' dir='ltr'>Ἀρειανῶν</span> <span class='ocrx_word' id='word_1_140' title='bbox 2731 900 2850 952; x_wconf 71' lang='grc' dir='ltr'>ὅλον</span> <span class='ocrx_word' id='word_1_141' title='bbox 2874 901 3166 965; x_wconf 75' lang='grc' dir='ltr'>ὑπάγεται.</span> <span class='ocrx_word' id='word_1_142' title='bbox 3209 898 3488 952; x_wconf 75' lang='grc' dir='ltr'>Ἐντεῦθεν</span> <span class='ocrx_word' id='word_1_143' title='bbox 3524 897 3584 949; x_wconf 66' lang='grc' dir='ltr'><strong>τό</strong></span> <span class='ocrx_word' id='word_1_144' title='bbox 3619 897 3780 950; x_wconf 76' lang='grc' dir='ltr'>ἇῡεον</span> <span class='ocrx_word' id='word_1_145' title='bbox 3813 898 3971 950; x_wconf 68' lang='grc' dir='ltr'>τοῦτο</span> 
     </span>
    </p>
   </div>
   <div class='ocr_carea' id='block_1_25' title="bbox 3861 807 3970 860">
    <p class='ocr_par' dir='ltr' id='par_1_25' title="bbox 3861 807 3970 860">
     <span class='ocr_line' id='line_1_25' title="bbox 3861 807 3970 860; baseline 0 -1"><span class='ocrx_word' id='word_1_146' title='bbox 3861 807 3970 860; x_wconf 83' lang='grc' dir='ltr'><strong>τῶν</strong></span> 
     </span>
    </p>
   </div>
   <div class='ocr_carea' id='block_1_26' title="bbox 2399 989 3970 1064">
    <p class='ocr_par' dir='ltr' id='par_1_26' title="bbox 2399 989 3970 1064">
     <span class='ocr_line' id='line_1_26' title="bbox 2399 989 3970 1064; baseline -0.005 -15"><span class='ocrx_word' id='word_1_147' title='bbox 2399 996 2508 1049; x_wconf 79' lang='grc' dir='ltr'>τῶν</span> <span class='ocrx_word' id='word_1_148' title='bbox 2552 993 2847 1064; x_wconf 77' lang='grc' dir='ltr'>’Λρειανῶν</span> <span class='ocrx_word' id='word_1_149' title='bbox 2897 993 3097 1060; x_wconf 78' lang='grc' dir='ltr'>δόγμα,</span> <span class='ocrx_word' id='word_1_150' title='bbox 3141 989 3330 1060; x_wconf 79' lang='grc' dir='ltr'>ὥσπερ</span> <span class='ocrx_word' id='word_1_151' title='bbox 3361 990 3523 1042; x_wconf 73' lang='grc' dir='ltr'>ὅπλον</span> <span class='ocrx_word' id='word_1_152' title='bbox 3561 989 3658 1058; x_wconf 82' lang='grc' dir='ltr'>τὴν</span> <span class='ocrx_word' id='word_1_153' title='bbox 3691 990 3785 1041; x_wconf 76' lang='grc' dir='ltr'>τοῦ</span> <span class='ocrx_word' id='word_1_154' title='bbox 3837 1007 3970 1059; x_wconf 83' lang='grc' dir='ltr'>κρα-</span> 
     </span>
    </p>
   </div>
   <div class='ocr_carea' id='block_1_27' title="bbox 2399 1082 3974 1156">
    <p class='ocr_par' dir='ltr' id='par_1_27' title="bbox 2399 1082 3974 1156">
     <span class='ocr_line' id='line_1_27' title="bbox 2399 1082 3974 1156; baseline -0.004 -17"><span class='ocrx_word' id='word_1_155' title='bbox 2399 1087 2623 1149; x_wconf 78' lang='grc' dir='ltr'>τοῦντος</span> <span class='ocrx_word' id='word_1_156' title='bbox 2655 1085 3017 1156; x_wconf 82' lang='grc' dir='ltr'>περιῡέμενον</span> <span class='ocrx_word' id='word_1_157' title='bbox 3045 1083 3391 1143; x_wconf 73' lang='grc' dir='ltr'><strong>δυναστείαν,</strong></span> <span class='ocrx_word' id='word_1_158' title='bbox 3425 1082 3691 1134; x_wconf 75' lang='grc' dir='ltr'>ἐπλάτυνε</span> <span class='ocrx_word' id='word_1_159' title='bbox 3728 1082 3850 1132; x_wconf 81' lang='grc' dir='ltr'>τότε</span> <span class='ocrx_word' id='word_1_160' title='bbox 3885 1084 3974 1134; x_wconf 71' lang='grc' dir='ltr'><strong>καὶ</strong></span> 
     </span>
    </p>
   </div>
   <div class='ocr_carea' id='block_1_28' title="bbox 2401 1169 3967 1246">
    <p class='ocr_par' dir='ltr' id='par_1_28' title="bbox 2401 1169 3967 1246">
     <span class='ocr_line' id='line_1_28' title="bbox 2401 1169 3967 1246; baseline 0.006 -17"><span class='ocrx_word' id='word_1_161' title='bbox 2401 1176 2614 1246; x_wconf 70' lang='grc' dir='ltr'>ηὔξετο,</span> <span class='ocrx_word' id='word_1_162' title='bbox 2670 1178 2761 1229; x_wconf 74' lang='grc' dir='ltr'><strong>καὶ</strong></span> <span class='ocrx_word' id='word_1_163' title='bbox 2821 1176 3003 1227; x_wconf 70' lang='grc' dir='ltr'>πᾶσαν</span> <span class='ocrx_word' id='word_1_164' title='bbox 3057 1175 3190 1240; x_wconf 76' lang='grc' dir='ltr'>ὅσην</span> <span class='ocrx_word' id='word_1_165' title='bbox 3222 1174 3254 1240; x_wconf 89' lang='grc' dir='ltr'><strong>ή</strong></span> <span class='ocrx_word' id='word_1_166' title='bbox 3305 1171 3595 1238; x_wconf 83' lang='grc' dir='ltr'>Ῥωμαίων</span> <span class='ocrx_word' id='word_1_167' title='bbox 3640 1169 3792 1240; x_wconf 70' lang='grc' dir='ltr'>εἶχεν</span> <span class='ocrx_word' id='word_1_168' title='bbox 3823 1175 3967 1240; x_wconf 64' lang='grc' dir='ltr'>ἀρχῆ</span> 
     </span>
    </p>
   </div>
   <div class='ocr_carea' id='block_1_29' title="bbox 2401 1264 3974 1338">
    <p class='ocr_par' dir='ltr' id='par_1_29' title="bbox 2401 1264 3974 1338">
     <span class='ocr_line' id='line_1_29' title="bbox 2401 1264 3974 1338; baseline -0.005 -18"><span class='ocrx_word' id='word_1_169' title='bbox 2401 1266 2861 1338; x_wconf 64' lang='grc' dir='ltr'><strong>παραστήσασθαι</strong></span> <span class='ocrx_word' id='word_1_170' title='bbox 2923 1265 3060 1335; x_wconf 81' lang='grc' dir='ltr'>πρὸς</span> <span class='ocrx_word' id='word_1_171' title='bbox 3117 1266 3239 1334; x_wconf 85' lang='grc' dir='ltr'>βίαν</span> <span class='ocrx_word' id='word_1_172' title='bbox 3298 1264 3644 1330; x_wconf 57' lang='grc' dir='ltr'>ἐςιλονείκει.</span> <span class='ocrx_word' id='word_1_173' title='bbox 3715 1265 3828 1317; x_wconf 74' lang='grc' dir='ltr'>Καὶ</span> <span class='ocrx_word' id='word_1_174' title='bbox 3885 1265 3974 1314; x_wconf 74' lang='grc' dir='ltr'><strong>δια</strong></span> 
     </span>
    </p>
   </div>
   <div class='ocr_carea' id='block_1_30' title="bbox 2400 1356 3974 1428">
    <p class='ocr_par' dir='ltr' id='par_1_30' title="bbox 2400 1356 3974 1428">
     <span class='ocr_line' id='line_1_30' title="bbox 2400 1356 3974 1428; baseline -0.004 -16"><span class='ocrx_word' id='word_1_175' title='bbox 2400 1359 2556 1412; x_wconf 78' lang='grc' dir='ltr'>τοῦτο</span> <span class='ocrx_word' id='word_1_176' title='bbox 2607 1360 2821 1428; x_wconf 86' lang='grc' dir='ltr'>μυρίοις</span> <span class='ocrx_word' id='word_1_177' title='bbox 2865 1360 2916 1411; x_wconf 78' lang='grc' dir='ltr'>οἱ</span> <span class='ocrx_word' id='word_1_178' title='bbox 2957 1360 3018 1411; x_wconf 76' lang='grc' dir='ltr'>τὸ</span> <span class='ocrx_word' id='word_1_179' title='bbox 3061 1356 3347 1426; x_wconf 81' lang='grc' dir='ltr'>όμοουσιον</span> <span class='ocrx_word' id='word_1_180' title='bbox 3393 1357 3731 1422; x_wconf 72' lang='grc' dir='ltr'><strong>δοξάζοντες,</strong></span> <span class='ocrx_word' id='word_1_181' title='bbox 3767 1358 3866 1409; x_wconf 75' lang='grc' dir='ltr'><strong>καὶ</strong></span> <span class='ocrx_word' id='word_1_182' title='bbox 3909 1358 3974 1406; x_wconf 78' lang='grc' dir='ltr'>τὰ</span> 
     </span>
    </p>
   </div>
   <div class='ocr_carea' id='block_1_31' title="bbox 2401 1449 3975 1521">
    <p class='ocr_par' dir='ltr' id='par_1_31' title="bbox 2401 1449 3975 1521">
     <span class='ocr_line' id='line_1_31' title="bbox 2401 1449 3975 1521; baseline -0.003 -18"><span class='ocrx_word' id='word_1_183' title='bbox 2401 1449 2745 1521; x_wconf 73' lang='grc' dir='ltr'><strong>Χριστιανῶν</strong></span> <span class='ocrx_word' id='word_1_184' title='bbox 2779 1449 2851 1512; x_wconf 66' lang='grc' dir='ltr'>ὡς</span> <span class='ocrx_word' id='word_1_185' title='bbox 2885 1451 3042 1518; x_wconf 78' lang='grc' dir='ltr'>θέμις</span> <span class='ocrx_word' id='word_1_186' title='bbox 3077 1449 3422 1517; x_wconf 85' lang='grc' dir='ltr'>Χριστιανοῖς</span> <span class='ocrx_word' id='word_1_187' title='bbox 3454 1449 3754 1516; x_wconf 76' lang='grc' dir='ltr'><strong>μετιόντες,</strong></span> <span class='ocrx_word' id='word_1_188' title='bbox 3787 1466 3975 1516; x_wconf 84' lang='grc' dir='ltr'>περιε-</span> 
     </span>
    </p>
   </div>
   <div class='ocr_carea' id='block_1_32' title="bbox 2403 1540 3977 1609">
    <p class='ocr_par' dir='ltr' id='par_1_32' title="bbox 2403 1540 3977 1609">
     <span class='ocr_line' id='line_1_32' title="bbox 2403 1540 3977 1609; baseline -0.003 -14"><span class='ocrx_word' id='word_1_189' title='bbox 2403 1544 2657 1598; x_wconf 63' lang='grc' dir='ltr'>ϐάλλοντο</span> <span class='ocrx_word' id='word_1_190' title='bbox 2683 1545 2793 1603; x_wconf 89' lang='grc' dir='ltr'>τοῖς</span> <span class='ocrx_word' id='word_1_191' title='bbox 2844 1544 3057 1605; x_wconf 79' lang='grc' dir='ltr'>κακοῖς,</span> <span class='ocrx_word' id='word_1_192' title='bbox 3092 1540 3352 1593; x_wconf 80' lang='grc' dir='ltr'>Εὑσεϐίου</span> <span class='ocrx_word' id='word_1_193' title='bbox 3403 1540 3638 1609; x_wconf 81' lang='grc' dir='ltr'>μάλιστα</span> <span class='ocrx_word' id='word_1_194' title='bbox 3667 1542 3761 1592; x_wconf 77' lang='grc' dir='ltr'>καὶ</span> <span class='ocrx_word' id='word_1_195' title='bbox 3790 1540 3977 1592; x_wconf 80' lang='grc' dir='ltr'>Φιλίπ-</span> 
     </span>
    </p>
   </div>
   <div class='ocr_carea' id='block_1_33' title="bbox 2404 1629 3976 1706">
    <p class='ocr_par' dir='ltr' id='par_1_33' title="bbox 2404 1629 3976 1706">
     <span class='ocr_line' id='line_1_33' title="bbox 2404 1629 3976 1706; baseline -0.027 17"><span class='ocrx_word' id='word_1_196' title='bbox 2404 1655 2504 1689; x_wconf 63' lang='grc' dir='ltr'><strong>που</strong></span> <span class='ocrx_word' id='word_1_197' title='bbox 2569 1629 2664 1706; x_wconf 65' lang='grc' dir='ltr'><strong>(ὧν</strong></span> <span class='ocrx_word' id='word_1_198' title='bbox 2689 1636 2715 1687; x_wconf 70' lang='grc'>6</span> <span class='ocrx_word' id='word_1_199' title='bbox 2767 1635 2866 1704; x_wconf 61' lang='grc' dir='ltr'><strong>μὲν</strong></span> <span class='ocrx_word' id='word_1_200' title='bbox 2900 1637 2965 1705; x_wconf 72' lang='grc' dir='ltr'><strong>τῇ</strong></span> <span class='ocrx_word' id='word_1_201' title='bbox 3001 1633 3099 1687; x_wconf 66' lang='grc' dir='ltr'><strong>τοῦ</strong></span> <span class='ocrx_word' id='word_1_202' title='bbox 3135 1634 3500 1702; x_wconf 80' lang='grc' dir='ltr'>πραιποσίτου</span> <span class='ocrx_word' id='word_1_203' title='bbox 3536 1632 3804 1699; x_wconf 81' lang='grc' dir='ltr'>τετίμητο</span> <span class='ocrx_word' id='word_1_204' title='bbox 3829 1631 3976 1700; x_wconf 66' lang='grc' dir='ltr'>δόξῃ,</span> 
     </span>
    </p>
   </div>
   <div class='ocr_carea' id='block_1_34' title="bbox 2400 1725 3976 1799">
    <p class='ocr_par' dir='ltr' id='par_1_34' title="bbox 2400 1725 3976 1799">
     <span class='ocr_line' id='line_1_34' title="bbox 2400 1725 3976 1799; baseline -0.004 -18"><span class='ocrx_word' id='word_1_205' title='bbox 2400 1732 2426 1781; x_wconf 82' lang='grc' dir='ltr'>ὀ</span> <span class='ocrx_word' id='word_1_206' title='bbox 2448 1731 2503 1782; x_wconf 80' lang='grc' dir='ltr'>δὲ</span> <span class='ocrx_word' id='word_1_207' title='bbox 2528 1731 2595 1782; x_wconf 61' lang='grc' dir='ltr'>τε</span> <span class='ocrx_word' id='word_1_208' title='bbox 2621 1730 2717 1799; x_wconf 77' lang='grc' dir='ltr'>τῆς</span> <span class='ocrx_word' id='word_1_209' title='bbox 2744 1729 3012 1798; x_wconf 79' lang='grc' dir='ltr'>ἐπαρχίας</span> <span class='ocrx_word' id='word_1_210' title='bbox 3030 1727 3259 1791; x_wconf 84' lang='grc' dir='ltr'>διεῖπεν,</span> <span class='ocrx_word' id='word_1_211' title='bbox 3283 1729 3307 1779; x_wconf 86' lang='grc' dir='ltr'><strong>ό</strong></span> <span class='ocrx_word' id='word_1_212' title='bbox 3327 1727 3616 1791; x_wconf 79' lang='grc' dir='ltr'>Φίλιππος)</span> <span class='ocrx_word' id='word_1_213' title='bbox 3640 1725 3976 1790; x_wconf 77' lang='grc' dir='ltr'>ὑπέκκαυμα</span> 
     </span>
    </p>
   </div>
   <div class='ocr_carea' id='block_1_35' title="bbox 727 1793 2307 1892">
    <p class='ocr_par' dir='ltr' id='par_1_35' title="bbox 727 1793 2297 1892">
     <span class='ocr_line' id='line_1_35' title="bbox 727 1793 2297 1892; baseline -0.007 -14"><span class='ocrx_word' id='word_1_214' title='bbox 727 1834 845 1878; x_wconf 88' lang='lat' dir='ltr'><strong>erat</strong></span> <span class='ocrx_word' id='word_1_215' title='bbox 877 1821 1164 1892; x_wconf 86' lang='lat' dir='ltr'><strong>praefeetus</strong></span> <span class='ocrx_word' id='word_1_216' title='bbox 1201 1817 1471 1889; x_wconf 69' lang='lat' dir='ltr'><strong>praetorio)</strong></span> <span class='ocrx_word' id='word_1_217' title='bbox 1512 1793 1747 1870; x_wconf 89' lang='lat' dir='ltr'><strong>fuissent</strong></span> <span class='ocrx_word' id='word_1_218' title='bbox 1775 1813 2097 1870; x_wconf 89' lang='lat' dir='ltr'><strong>Constantio</strong></span> <span class='ocrx_word' id='word_1_219' title='bbox 2130 1813 2297 1867; x_wconf 88' lang='lat' dir='ltr'><strong>fomes</strong></span> 
     </span>
    </p>
   </div>
   <div class='ocr_carea' id='block_1_36' title="bbox 2400 1793 3976 1892">
    <p class='ocr_par' dir='ltr' id='par_1_36' title="bbox 2405 1816 3976 1887">
     <span class='ocr_line' id='line_1_36' title="bbox 2405 1816 3976 1887; baseline -0.004 -13"><span class='ocrx_word' id='word_1_220' title='bbox 2405 1819 2770 1887; x_wconf 79' lang='grc' dir='ltr'>Κωνσταντίῳ</span> <span class='ocrx_word' id='word_1_221' title='bbox 2802 1818 2895 1870; x_wconf 74' lang='grc' dir='ltr'>τοῦ</span> <span class='ocrx_word' id='word_1_222' title='bbox 2923 1818 3028 1870; x_wconf 81' lang='grc' dir='ltr'><strong>τῶν</strong></span> <span class='ocrx_word' id='word_1_223' title='bbox 3071 1817 3364 1886; x_wconf 83' lang='grc' dir='ltr'>Ἀρειανῶν</span> <span class='ocrx_word' id='word_1_224' title='bbox 3402 1816 3604 1883; x_wconf 78' lang='grc' dir='ltr'>ἔρωτος</span> <span class='ocrx_word' id='word_1_225' title='bbox 3637 1817 3976 1881; x_wconf 73' lang='grc' dir='ltr'>γενομένων.</span> 
     </span>
    </p>
   </div>
   <div class='ocr_carea' id='block_1_37' title="bbox 727 1903 2293 1971">
    <p class='ocr_par' dir='ltr' id='par_1_37' title="bbox 727 1903 2293 1971">
     <span class='ocr_line' id='line_1_37' title="bbox 727 1903 2293 1971; baseline -0.006 -5"><span class='ocrx_word' id='word_1_226' title='bbox 727 1913 926 1966; x_wconf 84' lang='lat' dir='ltr'><strong>amoris</strong></span> <span class='ocrx_word' id='word_1_227' title='bbox 957 1911 1304 1964; x_wconf 81' lang='lat' dir='ltr'><strong>Arianorum.</strong></span> <span class='ocrx_word' id='word_1_228' title='bbox 1342 1907 1437 1961; x_wconf 83' lang='lat' dir='ltr'><strong>Isti</strong></span> <span class='ocrx_word' id='word_1_229' title='bbox 1487 1907 1550 1960; x_wconf 88' lang='lat' dir='ltr'><strong>ad</strong></span> <span class='ocrx_word' id='word_1_230' title='bbox 1588 1907 1806 1959; x_wconf 87' lang='lat' dir='ltr'><strong>beatum</strong></span> <span class='ocrx_word' id='word_1_231' title='bbox 1839 1904 2064 1958; x_wconf 89' lang='lat' dir='ltr'><strong>Paulum</strong></span> <span class='ocrx_word' id='word_1_232' title='bbox 2100 1903 2293 1971; x_wconf 81' lang='lat' dir='ltr'><strong>expelli</strong></span> 
     </span>
    </p>
   </div>
   <div class='ocr_carea' id='block_1_38' title="bbox 727 1995 2295 2070">
    <p class='ocr_par' dir='ltr' id='par_1_38' title="bbox 727 1995 2295 2070">
     <span class='ocr_line' id='line_1_38' title="bbox 727 1995 2295 2070; baseline -0.004 -14"><span class='ocrx_word' id='word_1_233' title='bbox 727 2005 793 2058; x_wconf 90' lang='lat' dir='ltr'><strong>ab</strong></span> <span class='ocrx_word' id='word_1_234' title='bbox 822 2003 1087 2066; x_wconf 82' lang='lat' dir='ltr'><strong>Ecclesia,</strong></span> <span class='ocrx_word' id='word_1_235' title='bbox 1113 2011 1166 2056; x_wconf 89' lang='lat' dir='ltr'><strong>et</strong></span> <span class='ocrx_word' id='word_1_236' title='bbox 1195 2002 1420 2070; x_wconf 90' lang='lat' dir='ltr'><strong>impium</strong></span> <span class='ocrx_word' id='word_1_237' title='bbox 1453 1999 1572 2068; x_wconf 79' lang='lat' dir='ltr'><strong>ejus</strong></span> <span class='ocrx_word' id='word_1_238' title='bbox 1597 1999 1715 2051; x_wconf 89' lang='lat' dir='ltr'><strong>loco</strong></span> <span class='ocrx_word' id='word_1_239' title='bbox 1745 1997 2011 2052; x_wconf 88' lang='lat' dir='ltr'><strong>introduci</strong></span> <span class='ocrx_word' id='word_1_240' title='bbox 2045 1995 2295 2050; x_wconf 82' lang='lat' dir='ltr'><strong>Macedo-</strong></span> 
     </span>
    </p>
   </div>
   <div class='ocr_carea' id='block_1_39' title="bbox 725 2089 2300 2159">
    <p class='ocr_par' dir='ltr' id='par_1_39' title="bbox 725 2089 2300 2159">
     <span class='ocr_line' id='line_1_39' title="bbox 725 2089 2300 2159; baseline -0.006 -10"><span class='ocrx_word' id='word_1_241' title='bbox 725 2097 875 2149; x_wconf 88' lang='lat' dir='ltr'><strong>nium</strong></span> <span class='ocrx_word' id='word_1_242' title='bbox 913 2094 1190 2158; x_wconf 76' lang='lat' dir='ltr'><strong>volebant,</strong></span> <span class='ocrx_word' id='word_1_243' title='bbox 1223 2101 1277 2146; x_wconf 90' lang='lat' dir='ltr'><strong>et</strong></span> <span class='ocrx_word' id='word_1_244' title='bbox 1305 2091 1482 2146; x_wconf 84' lang='lat' dir='ltr'><strong>omnia</strong></span> <span class='ocrx_word' id='word_1_245' title='bbox 1545 2089 1836 2156; x_wconf 86' lang='lat' dir='ltr'><strong>faciebant,</strong></span> <span class='ocrx_word' id='word_1_246' title='bbox 1869 2106 1899 2143; x_wconf 88' lang='lat' dir='ltr'><strong>a</strong></span> <span class='ocrx_word' id='word_1_247' title='bbox 1947 2090 2145 2159; x_wconf 85' lang='lat' dir='ltr'><strong>quibus</strong></span> <span class='ocrx_word' id='word_1_248' title='bbox 2179 2089 2300 2158; x_wconf 85' lang='lat' dir='ltr'><strong>qui-</strong></span> 
     </span>
    </p>
   </div>
   <div class='ocr_carea' id='block_1_40' title="bbox 725 2178 2297 2254">
    <p class='ocr_par' dir='ltr' id='par_1_40' title="bbox 725 2178 2297 2254">
     <span class='ocr_line' id='line_1_40' title="bbox 725 2178 2297 2254; baseline -0.008 -11"><span class='ocrx_word' id='word_1_249' title='bbox 725 2189 848 2243; x_wconf 89' lang='lat' dir='ltr'><strong>dem</strong></span> <span class='ocrx_word' id='word_1_250' title='bbox 881 2185 1084 2249; x_wconf 77' lang='lat' dir='ltr'><strong>verbis,</strong></span> <span class='ocrx_word' id='word_1_251' title='bbox 1121 2200 1150 2238; x_wconf 91' lang='lat' dir='ltr'><strong>a</strong></span> <span class='ocrx_word' id='word_1_252' title='bbox 1184 2183 1383 2254; x_wconf 86' lang='lat' dir='ltr'><strong>quibus</strong></span> <span class='ocrx_word' id='word_1_253' title='bbox 1421 2189 1606 2236; x_wconf 86' lang='lat' dir='ltr'><strong>autem</strong></span> <span class='ocrx_word' id='word_1_254' title='bbox 1640 2180 1818 2244; x_wconf 87' lang='lat' dir='ltr'><strong>factis,</strong></span> <span class='ocrx_word' id='word_1_255' title='bbox 1860 2196 1888 2233; x_wconf 89' lang='lat' dir='ltr'><strong>a</strong></span> <span class='ocrx_word' id='word_1_256' title='bbox 1921 2193 2157 2248; x_wconf 86' lang='lat' dir='ltr'><strong>quonam</strong></span> <span class='ocrx_word' id='word_1_257' title='bbox 2200 2178 2297 2231; x_wconf 87' lang='lat' dir='ltr'><strong>de-</strong></span> 
     </span>
    </p>
   </div>
   <div class='ocr_carea' id='block_1_41' title="bbox 726 2272 2300 2349">
    <p class='ocr_par' dir='ltr' id='par_1_41' title="bbox 726 2272 2300 2349">
     <span class='ocr_line' id='line_1_41' title="bbox 726 2272 2300 2349; baseline -0.008 -15"><span class='ocrx_word' id='word_1_258' title='bbox 726 2282 893 2349; x_wconf 88' lang='lat' dir='ltr'><strong>nique</strong></span> <span class='ocrx_word' id='word_1_259' title='bbox 923 2280 1123 2332; x_wconf 87' lang='lat' dir='ltr'><strong>damno</strong></span> <span class='ocrx_word' id='word_1_260' title='bbox 1143 2277 1479 2330; x_wconf 86' lang='lat' dir='ltr'><strong>abstinentes</strong></span> <span class='ocrx_word' id='word_1_261' title='bbox 1500 2275 1768 2328; x_wconf 85' lang='lat' dir='ltr'><strong>adversus</strong></span> <span class='ocrx_word' id='word_1_262' title='bbox 1801 2286 1917 2334; x_wconf 90' lang='lat' dir='ltr'><strong>eos,</strong></span> <span class='ocrx_word' id='word_1_263' title='bbox 1950 2272 2040 2341; x_wconf 86' lang='lat' dir='ltr'><strong>qui</strong></span> <span class='ocrx_word' id='word_1_264' title='bbox 2080 2279 2300 2326; x_wconf 76' lang='lat' dir='ltr'><strong>tuentur</strong></span> 
     </span>
    </p>
   </div>
   <div class='ocr_carea' id='block_1_42' title="bbox 730 2360 2298 2433">
    <p class='ocr_par' dir='ltr' id='par_1_42' title="bbox 730 2360 2298 2433">
     <span class='ocr_line' id='line_1_42' title="bbox 730 2360 2298 2433; baseline -0.006 -10"><span class='ocrx_word' id='word_1_265' title='bbox 730 2368 1092 2424; x_wconf 87' lang='lat' dir='ltr'><strong>homonsion?</strong></span> <span class='ocrx_word' id='word_1_266' title='bbox 1127 2365 1257 2421; x_wconf 78' lang='lat' dir='ltr'><strong>Nam</strong></span> <span class='ocrx_word' id='word_1_267' title='bbox 1316 2365 1450 2419; x_wconf 89' lang='lat' dir='ltr'><strong>alios</strong></span> <span class='ocrx_word' id='word_1_268' title='bbox 1508 2363 1728 2433; x_wconf 82' lang='lat' dir='ltr'><strong>quidem</strong></span> <span class='ocrx_word' id='word_1_269' title='bbox 1771 2361 2073 2416; x_wconf 72' lang='lat' dir='ltr'><strong>etieccruut</strong></span> <span class='ocrx_word' id='word_1_270' title='bbox 2129 2360 2298 2414; x_wconf 91' lang='lat' dir='ltr'><strong>relin-</strong></span> 
     </span>
    </p>
   </div>
   <div class='ocr_carea' id='block_1_43' title="bbox 727 2457 2293 2531">
    <p class='ocr_par' dir='ltr' id='par_1_43' title="bbox 727 2457 2293 2531">
     <span class='ocr_line' id='line_1_43' title="bbox 727 2457 2293 2531; baseline -0.008 -15"><span class='ocrx_word' id='word_1_271' title='bbox 727 2476 893 2531; x_wconf 89' lang='lat' dir='ltr'><strong>quere</strong></span> <span class='ocrx_word' id='word_1_272' title='bbox 923 2461 1195 2515; x_wconf 83' lang='lat' dir='ltr'><strong>civitatem</strong></span> <span class='ocrx_word' id='word_1_273' title='bbox 1232 2476 1244 2512; x_wconf 90' lang='lat'><strong>:</strong></span> <span class='ocrx_word' id='word_1_274' title='bbox 1281 2458 1412 2510; x_wconf 89' lang='lat' dir='ltr'><strong>alios</strong></span> <span class='ocrx_word' id='word_1_275' title='bbox 1442 2467 1621 2509; x_wconf 90' lang='lat' dir='ltr'><strong>autem</strong></span> <span class='ocrx_word' id='word_1_276' title='bbox 1655 2457 1983 2509; x_wconf 86' lang='lat' dir='ltr'><strong>damnarunt</strong></span> <span class='ocrx_word' id='word_1_277' title='bbox 2014 2462 2293 2522; x_wconf 90' lang='lat' dir='ltr'><strong>perpetuo,</strong></span> 
     </span>
    </p>
   </div>
   <div class='ocr_carea' id='block_1_44' title="bbox 728 2543 2297 2622">
    <p class='ocr_par' dir='ltr' id='par_1_44' title="bbox 728 2543 2297 2622">
     <span class='ocr_line' id='line_1_44' title="bbox 728 2543 2297 2622; baseline -0.006 -18"><span class='ocrx_word' id='word_1_278' title='bbox 728 2564 889 2622; x_wconf 84' lang='lat' dir='ltr'><strong>atque</strong></span> <span class='ocrx_word' id='word_1_279' title='bbox 922 2551 1156 2619; x_wconf 86' lang='lat' dir='ltr'><strong>injusto,</strong></span> <span class='ocrx_word' id='word_1_280' title='bbox 1178 2549 1371 2603; x_wconf 82' lang='lat' dir='ltr'><strong>exsilio</strong></span> <span class='ocrx_word' id='word_1_281' title='bbox 1405 2565 1416 2599; x_wconf 90' lang='lat'>:</span> <span class='ocrx_word' id='word_1_282' title='bbox 1451 2548 1566 2600; x_wconf 86' lang='lat' dir='ltr'><strong>aliis</strong></span> <span class='ocrx_word' id='word_1_283' title='bbox 1596 2560 1724 2598; x_wconf 88' lang='lat' dir='ltr'><strong>vero</strong></span> <span class='ocrx_word' id='word_1_284' title='bbox 1758 2553 2117 2614; x_wconf 86' lang='lat' dir='ltr'><strong>procurarunt</strong></span> <span class='ocrx_word' id='word_1_285' title='bbox 2136 2543 2297 2595; x_wconf 87' lang='lat' dir='ltr'><strong>etiam</strong></span> 
     </span>
    </p>
   </div>
   <div class='ocr_carea' id='block_1_45' title="bbox 725 2632 2300 2703">
    <p class='ocr_par' dir='ltr' id='par_1_45' title="bbox 725 2632 2300 2703">
     <span class='ocr_line' id='line_1_45' title="bbox 725 2632 2300 2703; baseline -0.007 -6"><span class='ocrx_word' id='word_1_286' title='bbox 725 2660 756 2697; x_wconf 88' lang='lat' dir='ltr'><strong>a</strong></span> <span class='ocrx_word' id='word_1_287' title='bbox 790 2644 892 2696; x_wconf 85' lang='lat' dir='ltr'><strong>vita</strong></span> <span class='ocrx_word' id='word_1_288' title='bbox 925 2643 1227 2695; x_wconf 85' lang='lat' dir='ltr'><strong>decessum.</strong></span> <span class='ocrx_word' id='word_1_289' title='bbox 1276 2637 1413 2692; x_wconf 82' lang='lat' dir='ltr'><strong>llinc</strong></span> <span class='ocrx_word' id='word_1_290' title='bbox 1456 2632 1726 2690; x_wconf 78' lang='lat' dir='ltr'><strong>frontibus</strong></span> <span class='ocrx_word' id='word_1_291' title='bbox 1785 2635 2058 2703; x_wconf 64' lang='lat' dir='ltr'><strong>inscriptae</strong></span> <span class='ocrx_word' id='word_1_292' title='bbox 2117 2642 2300 2702; x_wconf 87' lang='lat' dir='ltr'><strong>turpes</strong></span> 
     </span>
    </p>
   </div>
   <div class='ocr_carea' id='block_1_46' title="bbox 727 2723 2300 2797">
    <p class='ocr_par' dir='ltr' id='par_1_46' title="bbox 727 2723 2300 2797">
     <span class='ocr_line' id='line_1_46' title="bbox 727 2723 2300 2797; baseline -0.009 -10"><span class='ocrx_word' id='word_1_293' title='bbox 727 2744 890 2796; x_wconf 67' lang='lat' dir='ltr'><strong>nom,</strong></span> <span class='ocrx_word' id='word_1_294' title='bbox 918 2735 1095 2786; x_wconf 63' lang='lat' dir='ltr'><strong>tacitae</strong></span> <span class='ocrx_word' id='word_1_295' title='bbox 1128 2731 1285 2783; x_wconf 81' lang='lat' dir='ltr'><strong>fidem</strong></span> <span class='ocrx_word' id='word_1_296' title='bbox 1316 2727 1682 2797; x_wconf 82' lang='lat' dir='ltr'><strong>significantes</strong></span> <span class='ocrx_word' id='word_1_297' title='bbox 1715 2725 2096 2788; x_wconf 71' lang='lat' dir='ltr'><strong>orthodoxam,</strong></span> <span class='ocrx_word' id='word_1_298' title='bbox 2122 2731 2176 2776; x_wconf 90' lang='lat' dir='ltr'><strong>et</strong></span> <span class='ocrx_word' id='word_1_299' title='bbox 2197 2723 2300 2774; x_wconf 91' lang='lat' dir='ltr'><strong>alia</strong></span> 
     </span>
    </p>
   </div>
   <div class='ocr_carea' id='block_1_47' title="bbox 729 2815 2302 2888">
    <p class='ocr_par' dir='ltr' id='par_1_47' title="bbox 729 2815 2302 2888">
     <span class='ocr_line' id='line_1_47' title="bbox 729 2815 2302 2888; baseline -0.012 -8"><span class='ocrx_word' id='word_1_300' title='bbox 729 2829 865 2880; x_wconf 82' lang='lat' dir='ltr'><strong>mala</strong></span> <span class='ocrx_word' id='word_1_301' title='bbox 921 2820 1336 2876; x_wconf 83' lang='lat' dir='ltr'><strong>innumerabilia</strong></span> <span class='ocrx_word' id='word_1_302' title='bbox 1390 2818 1691 2888; x_wconf 79' lang='lat' dir='ltr'><strong>excogitata</strong></span> <span class='ocrx_word' id='word_1_303' title='bbox 1766 2815 1988 2871; x_wconf 87' lang='lat' dir='ltr'><strong>fuerunt</strong></span> <span class='ocrx_word' id='word_1_304' title='bbox 2039 2815 2302 2866; x_wconf 85' lang='lat' dir='ltr'><strong>adversus</strong></span> 
     </span>
    </p>
   </div>
   <div class='ocr_carea' id='block_1_48' title="bbox 728 2904 2299 2975">
    <p class='ocr_par' dir='ltr' id='par_1_48' title="bbox 728 2904 2299 2975">
     <span class='ocr_line' id='line_1_48' title="bbox 728 2904 2299 2975; baseline -0.011 -4"><span class='ocrx_word' id='word_1_305' title='bbox 728 2916 1093 2975; x_wconf 80' lang='lat' dir='ltr'><strong>Christianos,</strong></span> <span class='ocrx_word' id='word_1_306' title='bbox 1122 2911 1330 2965; x_wconf 84' lang='lat' dir='ltr'><strong>etiamsi</strong></span> <span class='ocrx_word' id='word_1_307' title='bbox 1382 2925 1546 2972; x_wconf 84' lang='lat' dir='ltr'><strong>parva</strong></span> <span class='ocrx_word' id='word_1_308' title='bbox 1587 2908 1918 2960; x_wconf 80' lang='lat' dir='ltr'><strong>videbantur</strong></span> <span class='ocrx_word' id='word_1_309' title='bbox 1970 2905 2073 2974; x_wconf 89' lang='lat' dir='ltr'><strong>piis</strong></span> <span class='ocrx_word' id='word_1_310' title='bbox 2119 2904 2299 2956; x_wconf 87' lang='lat' dir='ltr'><strong>omnia</strong></span> 
     </span>
    </p>
   </div>
   <div class='ocr_carea' id='block_1_49' title="bbox 732 2995 2302 3078">
    <p class='ocr_par' dir='ltr' id='par_1_49' title="bbox 732 2995 2302 3078">
     <span class='ocr_line' id='line_1_49' title="bbox 732 2995 2302 3078; baseline -0.01 -18"><span class='ocrx_word' id='word_1_311' title='bbox 732 3018 952 3078; x_wconf 80' lang='lat' dir='ltr'><strong>propter</strong></span> <span class='ocrx_word' id='word_1_312' title='bbox 980 3003 1276 3063; x_wconf 88' lang='lat' dir='ltr'><strong>Christum,</strong></span> <span class='ocrx_word' id='word_1_313' title='bbox 1305 3008 1360 3054; x_wconf 86' lang='lat' dir='ltr'><strong>et:</strong></span> <span class='ocrx_word' id='word_1_314' title='bbox 1387 3014 1510 3052; x_wconf 88' lang='lat' dir='ltr'><strong>cum</strong></span> <span class='ocrx_word' id='word_1_315' title='bbox 1539 3013 1635 3067; x_wconf 88' lang='lat' dir='ltr'><strong>spe</strong></span> <span class='ocrx_word' id='word_1_316' title='bbox 1682 2995 1985 3050; x_wconf 89' lang='lat' dir='ltr'><strong>futurorum</strong></span> <span class='ocrx_word' id='word_1_317' title='bbox 2021 3009 2126 3048; x_wconf 88' lang='lat' dir='ltr'><strong>non</strong></span> <span class='ocrx_word' id='word_1_318' title='bbox 2173 3009 2302 3047; x_wconf 88' lang='lat' dir='ltr'><strong>con-</strong></span> 
     </span>
    </p>
   </div>
   <div class='ocr_carea' id='block_1_50' title="bbox 731 3085 2292 3160">
    <p class='ocr_par' dir='ltr' id='par_1_50' title="bbox 731 3085 2292 3160">
     <span class='ocr_line' id='line_1_50' title="bbox 731 3085 2292 3160; baseline -0.011 -5"><span class='ocrx_word' id='word_1_319' title='bbox 731 3100 972 3155; x_wconf 78' lang='lat' dir='ltr'><strong>ferenda.</strong></span> <span class='ocrx_word' id='word_1_320' title='bbox 1015 3096 1150 3150; x_wconf 79' lang='lat' dir='ltr'><strong>Hine</strong></span> <span class='ocrx_word' id='word_1_321' title='bbox 1205 3092 1476 3148; x_wconf 84' lang='lat' dir='ltr'><strong>secundus</strong></span> <span class='ocrx_word' id='word_1_322' title='bbox 1530 3090 1748 3160; x_wconf 88' lang='lat' dir='ltr'><strong>quidem</strong></span> <span class='ocrx_word' id='word_1_323' title='bbox 1803 3089 1889 3142; x_wconf 89' lang='lat' dir='ltr'><strong>hic</strong></span> <span class='ocrx_word' id='word_1_324' title='bbox 1923 3088 2139 3150; x_wconf 79' lang='lat' dir='ltr'><strong>Paulus,</strong></span> <span class='ocrx_word' id='word_1_325' title='bbox 2199 3085 2292 3153; x_wconf 92' lang='lat' dir='ltr'><strong>qui</strong></span> 
     </span>
    </p>
   </div>
   <div class='ocr_carea' id='block_1_51' title="bbox 732 3174 2294 3262">
    <p class='ocr_par' dir='ltr' id='par_1_51' title="bbox 732 3174 2294 3262">
     <span class='ocr_line' id='line_1_51' title="bbox 732 3174 2294 3262; baseline -0.013 -15"><span class='ocrx_word' id='word_1_326' title='bbox 732 3203 1027 3262; x_wconf 79' lang='lat' dir='ltr'><strong>engumnen</strong></span> <span class='ocrx_word' id='word_1_327' title='bbox 1079 3186 1267 3240; x_wconf 88' lang='lat' dir='ltr'><strong>habuit</strong></span> <span class='ocrx_word' id='word_1_328' title='bbox 1299 3199 1329 3238; x_wconf 91' lang='lat' dir='ltr'><strong>a</strong></span> <span class='ocrx_word' id='word_1_329' title='bbox 1374 3183 1740 3239; x_wconf 77' lang='lat' dir='ltr'><strong>confessione,</strong></span> <span class='ocrx_word' id='word_1_330' title='bbox 1773 3178 2064 3246; x_wconf 76' lang='lat' dir='ltr'><strong>expellitur</strong></span> <span class='ocrx_word' id='word_1_331' title='bbox 2103 3190 2130 3228; x_wconf 90' lang='lat' dir='ltr'><strong>a</strong></span> <span class='ocrx_word' id='word_1_332' title='bbox 2168 3174 2294 3228; x_wconf 86' lang='lat' dir='ltr'><strong>sede</strong></span> 
     </span>
    </p>
   </div>
   <div class='ocr_carea' id='block_1_52' title="bbox 733 3268 2298 3355">
    <p class='ocr_par' dir='ltr' id='par_1_52' title="bbox 733 3268 2298 3355">
     <span class='ocr_line' id='line_1_52' title="bbox 733 3268 2298 3355; baseline -0.01 -19"><span class='ocrx_word' id='word_1_333' title='bbox 733 3285 1077 3355; x_wconf 79' lang='lat' dir='ltr'><strong>pontificatus</strong></span> <span class='ocrx_word' id='word_1_334' title='bbox 1112 3299 1123 3330; x_wconf 89' lang='lat'>:</span> <span class='ocrx_word' id='word_1_335' title='bbox 1163 3278 1324 3330; x_wconf 88' lang='lat' dir='ltr'><strong>illotis</strong></span> <span class='ocrx_word' id='word_1_336' title='bbox 1353 3289 1554 3333; x_wconf 82' lang='lat' dir='ltr'><strong>autem,</strong></span> <span class='ocrx_word' id='word_1_337' title='bbox 1587 3281 1645 3324; x_wconf 92' lang='lat' dir='ltr'><strong>ut</strong></span> <span class='ocrx_word' id='word_1_338' title='bbox 1674 3271 1894 3334; x_wconf 86' lang='lat' dir='ltr'><strong>dicitur,</strong></span> <span class='ocrx_word' id='word_1_339' title='bbox 1925 3268 2178 3338; x_wconf 86' lang='lat' dir='ltr'><strong>pedibus,</strong></span> <span class='ocrx_word' id='word_1_340' title='bbox 2213 3283 2298 3321; x_wconf 79' lang='lat' dir='ltr'><strong>sa-</strong></span> 
     </span>
    </p>
   </div>
   <div class='ocr_carea' id='block_1_53' title="bbox 732 3374 1228 3446">
    <p class='ocr_par' dir='ltr' id='par_1_53' title="bbox 732 3374 1228 3446">
     <span class='ocr_line' id='line_1_53' title="bbox 732 3374 1228 3446; baseline -0.016 -14"><span class='ocrx_word' id='word_1_341' title='bbox 732 3396 820 3433; x_wconf 87' lang='lat' dir='ltr'><strong>era</strong></span> <span class='ocrx_word' id='word_1_342' title='bbox 852 3374 1228 3446; x_wconf 84' lang='lat' dir='ltr'><strong>profanantur.</strong></span> 
     </span>
    </p>
   </div>
   <div class='ocr_carea' id='block_1_54' title="bbox 805 3459 2301 3533">
    <p class='ocr_par' dir='ltr' id='par_1_54' title="bbox 805 3459 2301 3533">
     <span class='ocr_line' id='line_1_54' title="bbox 805 3459 2301 3533; baseline -0.015 -11"><span class='ocrx_word' id='word_1_343' title='bbox 805 3469 867 3522; x_wconf 85' lang='lat' dir='ltr'><strong>ll.</strong></span> <span class='ocrx_word' id='word_1_344' title='bbox 901 3465 1098 3519; x_wconf 90' lang='lat' dir='ltr'><strong>Horum</strong></span> <span class='ocrx_word' id='word_1_345' title='bbox 1128 3479 1256 3533; x_wconf 81' lang='lat' dir='ltr'><strong>ergo</strong></span> <span class='ocrx_word' id='word_1_346' title='bbox 1293 3459 1598 3516; x_wconf 86' lang='lat' dir='ltr'><strong>Constantii</strong></span> <span class='ocrx_word' id='word_1_347' title='bbox 1628 3467 1930 3525; x_wconf 89' lang='lat' dir='ltr'><strong>temporum</strong></span> <span class='ocrx_word' id='word_1_348' title='bbox 1963 3469 2100 3521; x_wconf 80' lang='lat' dir='ltr'><strong>Opus</strong></span> <span class='ocrx_word' id='word_1_349' title='bbox 2136 3462 2218 3505; x_wconf 86' lang='lat' dir='ltr'><strong>est</strong></span> <span class='ocrx_word' id='word_1_350' title='bbox 2247 3459 2301 3502; x_wconf 86' lang='lat' dir='ltr'><strong>et</strong></span> 
     </span>
    </p>
   </div>
   <div class='ocr_carea' id='block_1_55' title="bbox 734 3541 2304 3622">
    <p class='ocr_par' dir='ltr' id='par_1_55' title="bbox 734 3541 2304 3622">
     <span class='ocr_line' id='line_1_55' title="bbox 734 3541 2304 3622; baseline -0.015 -6"><span class='ocrx_word' id='word_1_351' title='bbox 734 3561 1057 3622; x_wconf 77' lang='lat' dir='ltr'><strong>Marcianus,</strong></span> <span class='ocrx_word' id='word_1_352' title='bbox 1089 3568 1144 3611; x_wconf 88' lang='lat' dir='ltr'><strong>et</strong></span> <span class='ocrx_word' id='word_1_353' title='bbox 1174 3553 1459 3620; x_wconf 77' lang='lat' dir='ltr'><strong>Martyrius</strong></span> <span class='ocrx_word' id='word_1_354' title='bbox 1487 3568 1500 3602; x_wconf 88' lang='lat'><strong>:</strong></span> <span class='ocrx_word' id='word_1_355' title='bbox 1540 3549 1737 3615; x_wconf 86' lang='lat' dir='ltr'><strong>quibus</strong></span> <span class='ocrx_word' id='word_1_356' title='bbox 1773 3545 1942 3612; x_wconf 81' lang='lat' dir='ltr'><strong>patria</strong></span> <span class='ocrx_word' id='word_1_357' title='bbox 1973 3541 2189 3611; x_wconf 87' lang='lat' dir='ltr'><strong>quidem</strong></span> <span class='ocrx_word' id='word_1_358' title='bbox 2223 3549 2304 3592; x_wconf 82' lang='lat' dir='ltr'><strong>est</strong></span> 
     </span>
    </p>
   </div>
   <div class='ocr_carea' id='block_1_56' title="bbox 738 3630 2301 3718">
    <p class='ocr_par' dir='ltr' id='par_1_56' title="bbox 738 3630 2301 3718">
     <span class='ocr_line' id='line_1_56' title="bbox 738 3630 2301 3718; baseline -0.017 -12"><span class='ocrx_word' id='word_1_359' title='bbox 738 3655 865 3706; x_wconf 89' lang='lat' dir='ltr'><strong>urbs</strong></span> <span class='ocrx_word' id='word_1_360' title='bbox 919 3664 1110 3718; x_wconf 77' lang='lat' dir='ltr'><strong>magna</strong></span> <span class='ocrx_word' id='word_1_361' title='bbox 1170 3647 1362 3714; x_wconf 80' lang='lat' dir='ltr'><strong>regia:</strong></span> <span class='ocrx_word' id='word_1_362' title='bbox 1407 3639 1660 3696; x_wconf 86' lang='lat' dir='ltr'><strong>educatio</strong></span> <span class='ocrx_word' id='word_1_363' title='bbox 1705 3645 1886 3690; x_wconf 88' lang='lat' dir='ltr'><strong>autem</strong></span> <span class='ocrx_word' id='word_1_364' title='bbox 1937 3641 1991 3686; x_wconf 89' lang='lat' dir='ltr'><strong>et</strong></span> <span class='ocrx_word' id='word_1_365' title='bbox 2050 3630 2301 3694; x_wconf 84' lang='lat' dir='ltr'><strong>eruditio,</strong></span> 
     </span>
    </p>
   </div>
   <div class='ocr_carea' id='block_1_57' title="bbox 734 3721 2321 3815">
    <p class='ocr_par' dir='ltr' id='par_1_57' title="bbox 734 3721 2321 3815">
     <span class='ocr_line' id='line_1_57' title="bbox 734 3721 2321 3815; baseline -0.016 -15"><span class='ocrx_word' id='word_1_366' title='bbox 734 3747 948 3815; x_wconf 79' lang='lat' dir='ltr'><strong>qualem</strong></span> <span class='ocrx_word' id='word_1_367' title='bbox 975 3741 1057 3795; x_wconf 88' lang='lat' dir='ltr'><strong>vir</strong></span> <span class='ocrx_word' id='word_1_368' title='bbox 1089 3738 1208 3808; x_wconf 89' lang='lat' dir='ltr'><strong>pius</strong></span> <span class='ocrx_word' id='word_1_369' title='bbox 1241 3735 1442 3790; x_wconf 89' lang='lat' dir='ltr'><strong>habere</strong></span> <span class='ocrx_word' id='word_1_370' title='bbox 1476 3730 1764 3801; x_wconf 71' lang='lat' dir='ltr'><strong>optaverit.</strong></span> <span class='ocrx_word' id='word_1_371' title='bbox 1809 3728 2004 3788; x_wconf 80' lang='lat' dir='ltr'><strong>Mores,</strong></span> <span class='ocrx_word' id='word_1_372' title='bbox 2052 3721 2321 3792; x_wconf 40' lang='lat' dir='ltr'><strong>benigni!</strong></span> 
     </span>
    </p>
   </div>
   <div class='ocr_carea' id='block_1_58' title="bbox 738 3819 2299 3898">
    <p class='ocr_par' dir='ltr' id='par_1_58' title="bbox 738 3819 2299 3898">
     <span class='ocr_line' id='line_1_58' title="bbox 738 3819 2299 3898; baseline -0.012 -11"><span class='ocrx_word' id='word_1_373' title='bbox 738 3849 815 3889; x_wconf 81' lang='lat' dir='ltr'><strong>ras</strong></span> <span class='ocrx_word' id='word_1_374' title='bbox 867 3843 921 3898; x_wconf 80' lang='lat' dir='ltr'><strong>et</strong></span> <span class='ocrx_word' id='word_1_375' title='bbox 979 3828 1300 3891; x_wconf 86' lang='lat' dir='ltr'><strong>moderatio,</strong></span> <span class='ocrx_word' id='word_1_376' title='bbox 1328 3836 1410 3879; x_wconf 88' lang='lat' dir='ltr'><strong>est</strong></span> <span class='ocrx_word' id='word_1_377' title='bbox 1467 3834 1805 3883; x_wconf 82' lang='lat' dir='ltr'><strong>accuratum,</strong></span> <span class='ocrx_word' id='word_1_378' title='bbox 1835 3835 1941 3889; x_wconf 92' lang='lat' dir='ltr'><strong>quo</strong></span> <span class='ocrx_word' id='word_1_379' title='bbox 1986 3819 2057 3872; x_wconf 88' lang='lat' dir='ltr'><strong>illi</strong></span> <span class='ocrx_word' id='word_1_380' title='bbox 2102 3832 2299 3886; x_wconf 73' lang='lat' dir='ltr'><strong>cogno-</strong></span> 
     </span>
    </p>
   </div>
   <div class='ocr_carea' id='block_1_59' title="bbox 736 3911 2305 3987">
    <p class='ocr_par' dir='ltr' id='par_1_59' title="bbox 736 3911 2305 3987">
     <span class='ocr_line' id='line_1_59' title="bbox 736 3911 2305 3987; baseline -0.014 -6"><span class='ocrx_word' id='word_1_381' title='bbox 736 3936 980 3987; x_wconf 81' lang='lat' dir='ltr'><strong>scuntur,</strong></span> <span class='ocrx_word' id='word_1_382' title='bbox 1015 3922 1296 3976; x_wconf 91' lang='lat' dir='ltr'><strong>iudicium.</strong></span> <span class='ocrx_word' id='word_1_383' title='bbox 1352 3917 1407 3971; x_wconf 91' lang='lat' dir='ltr'><strong>Si</strong></span> <span class='ocrx_word' id='word_1_384' title='bbox 1472 3924 1653 3969; x_wconf 90' lang='lat' dir='ltr'><strong>autem</strong></span> <span class='ocrx_word' id='word_1_385' title='bbox 1718 3920 1930 3981; x_wconf 76' lang='lat' dir='ltr'><strong>Oportet</strong></span> <span class='ocrx_word' id='word_1_386' title='bbox 1983 3911 2219 3962; x_wconf 87' lang='lat' dir='ltr'><strong>breviter</strong></span> <span class='ocrx_word' id='word_1_387' title='bbox 2251 3918 2305 3960; x_wconf 81' lang='lat' dir='ltr'><strong>et</strong></span> 
     </span>
    </p>
   </div>
   <div class='ocr_carea' id='block_1_60' title="bbox 738 3997 2300 4073">
    <p class='ocr_par' dir='ltr' id='par_1_60' title="bbox 738 3997 2300 4073">
     <span class='ocr_line' id='line_1_60' title="bbox 738 3997 2300 4073; baseline -0.013 -3"><span class='ocrx_word' id='word_1_388' title='bbox 738 4033 862 4072; x_wconf 84' lang='lat' dir='ltr'><strong>vere</strong></span> <span class='ocrx_word' id='word_1_389' title='bbox 917 4016 1118 4073; x_wconf 88' lang='lat' dir='ltr'><strong>dicere,</strong></span> <span class='ocrx_word' id='word_1_390' title='bbox 1153 4009 1205 4063; x_wconf 89' lang='lat' dir='ltr'><strong>id</strong></span> <span class='ocrx_word' id='word_1_391' title='bbox 1247 4015 1404 4061; x_wconf 88' lang='lat' dir='ltr'><strong>erant</strong></span> <span class='ocrx_word' id='word_1_392' title='bbox 1453 4006 1595 4058; x_wconf 89' lang='lat' dir='ltr'><strong>inter</strong></span> <span class='ocrx_word' id='word_1_393' title='bbox 1628 4013 1852 4058; x_wconf 62' lang='lat' dir='ltr'><strong>caeteros</strong></span> <span class='ocrx_word' id='word_1_394' title='bbox 1896 4003 2124 4063; x_wconf 88' lang='lat' dir='ltr'><strong>virtute,</strong></span> <span class='ocrx_word' id='word_1_395' title='bbox 2160 3997 2300 4065; x_wconf 86' lang='lat' dir='ltr'><strong>quod</strong></span> 
     </span>
    </p>
   </div>
   <div class='ocr_carea' id='block_1_61' title="bbox 736 4093 2303 4174">
    <p class='ocr_par' dir='ltr' id='par_1_61' title="bbox 736 4093 2303 4174">
     <span class='ocr_line' id='line_1_61' title="bbox 736 4093 2303 4174; baseline -0.012 -10"><span class='ocrx_word' id='word_1_396' title='bbox 736 4122 855 4166; x_wconf 84' lang='lat' dir='ltr'><strong>esse</strong></span> <span class='ocrx_word' id='word_1_397' title='bbox 887 4105 1113 4174; x_wconf 88' lang='lat' dir='ltr'><strong>imperio</strong></span> <span class='ocrx_word' id='word_1_398' title='bbox 1146 4099 1576 4171; x_wconf 81' lang='lat' dir='ltr'><strong>cognoscebatur</strong></span> <span class='ocrx_word' id='word_1_399' title='bbox 1617 4111 1802 4151; x_wconf 86' lang='lat' dir='ltr'><strong>eorum</strong></span> <span class='ocrx_word' id='word_1_400' title='bbox 1838 4094 2013 4168; x_wconf 84' lang='lat' dir='ltr'><strong>patria</strong></span> <span class='ocrx_word' id='word_1_401' title='bbox 2052 4093 2192 4146; x_wconf 87' lang='lat' dir='ltr'><strong>inter</strong></span> <span class='ocrx_word' id='word_1_402' title='bbox 2218 4109 2303 4145; x_wconf 88' lang='lat' dir='ltr'><strong>ur-</strong></span> 
     </span>
    </p>
   </div>
   <div class='ocr_carea' id='block_1_62' title="bbox 737 4183 2303 4265">
    <p class='ocr_par' dir='ltr' id='par_1_62' title="bbox 737 4183 2303 4265">
     <span class='ocr_line' id='line_1_62' title="bbox 737 4183 2303 4265; baseline -0.014 -9"><span class='ocrx_word' id='word_1_403' title='bbox 737 4203 852 4255; x_wconf 89' lang='lat' dir='ltr'><strong>bes.</strong></span> <span class='ocrx_word' id='word_1_404' title='bbox 890 4198 1017 4251; x_wconf 70' lang='lat' dir='ltr'><strong>Narn</strong></span> <span class='ocrx_word' id='word_1_405' title='bbox 1056 4197 1329 4265; x_wconf 85' lang='lat' dir='ltr'><strong>quomodo</strong></span> <span class='ocrx_word' id='word_1_406' title='bbox 1359 4192 1473 4260; x_wconf 86' lang='lat' dir='ltr'><strong>ipsa</strong></span> <span class='ocrx_word' id='word_1_407' title='bbox 1504 4189 1756 4240; x_wconf 85' lang='lat' dir='ltr'><strong>omnibus</strong></span> <span class='ocrx_word' id='word_1_408' title='bbox 1787 4186 1906 4238; x_wconf 90' lang='lat' dir='ltr'><strong>aliis</strong></span> <span class='ocrx_word' id='word_1_409' title='bbox 1937 4185 2187 4254; x_wconf 73' lang='lat' dir='ltr'><strong>pra-Sidet</strong></span> <span class='ocrx_word' id='word_1_410' title='bbox 2226 4183 2303 4237; x_wconf 85' lang='lat' dir='ltr'><strong>ci-</strong></span> 
     </span>
    </p>
   </div>
   <div class='ocr_carea' id='block_1_63' title="bbox 737 4274 2300 4352">
    <p class='ocr_par' dir='ltr' id='par_1_63' title="bbox 737 4274 2300 4352">
     <span class='ocr_line' id='line_1_63' title="bbox 737 4274 2300 4352; baseline -0.013 -8"><span class='ocrx_word' id='word_1_411' title='bbox 737 4292 1012 4352; x_wconf 83' lang='lat' dir='ltr'><strong>vitatibus,</strong></span> <span class='ocrx_word' id='word_1_412' title='bbox 1061 4297 1114 4340; x_wconf 89' lang='lat' dir='ltr'><strong>et</strong></span> <span class='ocrx_word' id='word_1_413' title='bbox 1149 4301 1214 4339; x_wconf 93' lang='lat' dir='ltr'><strong>eo</strong></span> <span class='ocrx_word' id='word_1_414' title='bbox 1261 4281 1405 4351; x_wconf 92' lang='lat' dir='ltr'><strong>quod</strong></span> <span class='ocrx_word' id='word_1_415' title='bbox 1451 4279 1596 4350; x_wconf 78' lang='lat' dir='ltr'><strong>regia</strong></span> <span class='ocrx_word' id='word_1_416' title='bbox 1642 4286 1696 4332; x_wconf 80' lang='lat' dir='ltr'><strong>et</strong></span> <span class='ocrx_word' id='word_1_417' title='bbox 1746 4276 1815 4330; x_wconf 90' lang='lat' dir='ltr'><strong>sit</strong></span> <span class='ocrx_word' id='word_1_418' title='bbox 1867 4287 1921 4328; x_wconf 91' lang='lat' dir='ltr'><strong>et</strong></span> <span class='ocrx_word' id='word_1_419' title='bbox 1969 4274 2300 4336; x_wconf 88' lang='lat' dir='ltr'><strong>nominetur,</strong></span> 
     </span>
    </p>
   </div>
   <div class='ocr_carea' id='block_1_64' title="bbox 737 4366 2301 4452">
    <p class='ocr_par' dir='ltr' id='par_1_64' title="bbox 737 4366 2301 4452">
     <span class='ocr_line' id='line_1_64' title="bbox 737 4366 2301 4452; baseline -0.01 -18"><span class='ocrx_word' id='word_1_420' title='bbox 737 4385 968 4452; x_wconf 90' lang='lat' dir='ltr'><strong>primum</strong></span> <span class='ocrx_word' id='word_1_421' title='bbox 1004 4378 1164 4433; x_wconf 88' lang='lat' dir='ltr'><strong>habet</strong></span> <span class='ocrx_word' id='word_1_422' title='bbox 1189 4377 1452 4431; x_wconf 87' lang='lat' dir='ltr'><strong>honorem</strong></span> <span class='ocrx_word' id='word_1_423' title='bbox 1491 4387 1504 4424; x_wconf 90' lang='lat'><strong>:</strong></span> <span class='ocrx_word' id='word_1_424' title='bbox 1541 4372 1730 4426; x_wconf 84' lang='lat' dir='ltr'><strong>eodem</strong></span> <span class='ocrx_word' id='word_1_425' title='bbox 1781 4366 1942 4422; x_wconf 90' lang='lat' dir='ltr'><strong>modo</strong></span> <span class='ocrx_word' id='word_1_426' title='bbox 1992 4366 2046 4421; x_wconf 86' lang='lat' dir='ltr'><strong>hi</strong></span> <span class='ocrx_word' id='word_1_427' title='bbox 2088 4379 2301 4436; x_wconf 88' lang='lat' dir='ltr'><strong>quoque</strong></span> 
     </span>
    </p>
   </div>
   <div class='ocr_carea' id='block_1_65' title="bbox 2402 1907 3975 1980">
    <p class='ocr_par' dir='ltr' id='par_1_65' title="bbox 2402 1907 3975 1980">
     <span class='ocr_line' id='line_1_65' title="bbox 2402 1907 3975 1980; baseline -0.003 -18"><span class='ocrx_word' id='word_1_428' title='bbox 2402 1908 2564 1964; x_wconf 79' lang='grc' dir='ltr'>Οὗτοι</span> <span class='ocrx_word' id='word_1_429' title='bbox 2606 1913 2702 1964; x_wconf 75' lang='grc' dir='ltr'>καὶ</span> <span class='ocrx_word' id='word_1_430' title='bbox 2753 1912 2842 1962; x_wconf 70' lang='grc' dir='ltr'><strong>τόν</strong></span> <span class='ocrx_word' id='word_1_431' title='bbox 2897 1910 3169 1980; x_wconf 80' lang='grc' dir='ltr'>μακάριον</span> <span class='ocrx_word' id='word_1_432' title='bbox 3216 1908 3556 1976; x_wconf 68' lang='grc' dir='ltr'>ἀπελαθῆναι</span> <span class='ocrx_word' id='word_1_433' title='bbox 3601 1907 3821 1960; x_wconf 74' lang='grc' dir='ltr'>Παῦλον</span> <span class='ocrx_word' id='word_1_434' title='bbox 3876 1909 3975 1975; x_wconf 74' lang='grc' dir='ltr'>τῆς</span> 
     </span>
    </p>
   </div>
   <div class='ocr_carea' id='block_1_66' title="bbox 2413 1999 3974 2069">
    <p class='ocr_par' dir='ltr' id='par_1_66' title="bbox 2413 1999 3974 2069">
     <span class='ocr_line' id='line_1_66' title="bbox 2413 1999 3974 2069; baseline -0.004 -13"><span class='ocrx_word' id='word_1_435' title='bbox 2413 2003 2762 2069; x_wconf 77' lang='grc' dir='ltr'>Ἐκκλησίας,</span> <span class='ocrx_word' id='word_1_436' title='bbox 2799 2000 3220 2068; x_wconf 76' lang='grc' dir='ltr'>ἁντεισαχοῆναι</span> <span class='ocrx_word' id='word_1_437' title='bbox 3253 2001 3309 2052; x_wconf 80' lang='grc' dir='ltr'><strong>δὲ</strong></span> <span class='ocrx_word' id='word_1_438' title='bbox 3339 2001 3428 2053; x_wconf 73' lang='grc' dir='ltr'><strong>τὸν</strong></span> <span class='ocrx_word' id='word_1_439' title='bbox 3458 2000 3694 2066; x_wconf 76' lang='grc' dir='ltr'>δυσσεϐῆ</span> <span class='ocrx_word' id='word_1_440' title='bbox 3727 1999 3974 2052; x_wconf 75' lang='grc' dir='ltr'>Μακεδό-</span> 
     </span>
    </p>
   </div>
   <div class='ocr_carea' id='block_1_67' title="bbox 2401 2091 3979 2158">
    <p class='ocr_par' dir='ltr' id='par_1_67' title="bbox 2401 2091 3979 2158">
     <span class='ocr_line' id='line_1_67' title="bbox 2401 2091 3979 2158; baseline -0.005 -8"><span class='ocrx_word' id='word_1_441' title='bbox 2401 2113 2537 2158; x_wconf 87' lang='grc' dir='ltr'>νιον,</span> <span class='ocrx_word' id='word_1_442' title='bbox 2600 2092 2886 2146; x_wconf 78' lang='grc' dir='ltr'>ἐϐούλοντό</span> <span class='ocrx_word' id='word_1_443' title='bbox 2923 2108 2982 2144; x_wconf 88' lang='grc' dir='ltr'><strong>τε</strong></span> <span class='ocrx_word' id='word_1_444' title='bbox 3024 2094 3120 2145; x_wconf 77' lang='grc' dir='ltr'><strong>καὶ</strong></span> <span class='ocrx_word' id='word_1_445' title='bbox 3164 2094 3344 2144; x_wconf 71' lang='grc' dir='ltr'>πάντα</span> <span class='ocrx_word' id='word_1_446' title='bbox 3393 2092 3648 2144; x_wconf 76' lang='grc' dir='ltr'>ἐποίουν·</span> <span class='ocrx_word' id='word_1_447' title='bbox 3696 2092 3842 2154; x_wconf 84' lang='grc' dir='ltr'>τίνος</span> <span class='ocrx_word' id='word_1_448' title='bbox 3881 2091 3979 2158; x_wconf 77' lang='grc' dir='ltr'>μὲν</span> 
     </span>
    </p>
   </div>
   <div class='ocr_carea' id='block_1_68' title="bbox 2402 2184 3979 2257">
    <p class='ocr_par' dir='ltr' id='par_1_68' title="bbox 2402 2184 3979 2257">
     <span class='ocr_line' id='line_1_68' title="bbox 2402 2184 3979 2257; baseline -0.003 -16"><span class='ocrx_word' id='word_1_449' title='bbox 2402 2189 2586 2257; x_wconf 85' lang='grc' dir='ltr'>λόγου,</span> <span class='ocrx_word' id='word_1_450' title='bbox 2632 2188 2780 2248; x_wconf 81' lang='grc' dir='ltr'>τίνος</span> <span class='ocrx_word' id='word_1_451' title='bbox 2807 2186 2863 2238; x_wconf 76' lang='grc' dir='ltr'>δὲ</span> <span class='ocrx_word' id='word_1_452' title='bbox 2892 2184 3080 2254; x_wconf 83' lang='grc' dir='ltr'>ἔργου,</span> <span class='ocrx_word' id='word_1_453' title='bbox 3137 2185 3296 2246; x_wconf 80' lang='grc' dir='ltr'>ποίας</span> <span class='ocrx_word' id='word_1_454' title='bbox 3331 2185 3387 2237; x_wconf 78' lang='grc' dir='ltr'><strong>δὲ</strong></span> <span class='ocrx_word' id='word_1_455' title='bbox 3417 2185 3620 2252; x_wconf 71' lang='grc' dir='ltr'>βλάϐης</span> <span class='ocrx_word' id='word_1_456' title='bbox 3674 2186 3820 2237; x_wconf 77' lang='grc' dir='ltr'>κατα</span> <span class='ocrx_word' id='word_1_457' title='bbox 3869 2185 3979 2236; x_wconf 68' lang='grc' dir='ltr'>τῶν</span> 
     </span>
    </p>
   </div>
   <div class='ocr_carea' id='block_1_69' title="bbox 2403 2275 3977 2352">
    <p class='ocr_par' dir='ltr' id='par_1_69' title="bbox 2403 2275 3977 2352">
     <span class='ocr_line' id='line_1_69' title="bbox 2403 2275 3977 2352; baseline -0.005 -19"><span class='ocrx_word' id='word_1_458' title='bbox 2403 2280 2823 2352; x_wconf 86' lang='grc' dir='ltr'>πρεσϐευόντων</span> <span class='ocrx_word' id='word_1_459' title='bbox 2855 2279 2914 2331; x_wconf 74' lang='grc' dir='ltr'>τὸ</span> <span class='ocrx_word' id='word_1_460' title='bbox 2947 2275 3233 2347; x_wconf 77' lang='grc' dir='ltr'>όμοοὺσιον</span> <span class='ocrx_word' id='word_1_461' title='bbox 3257 2277 3660 2344; x_wconf 77' lang='grc' dir='ltr'>ἀποσχόμενοι;</span> <span class='ocrx_word' id='word_1_462' title='bbox 3697 2275 3837 2335; x_wconf 65' lang='grc' dir='ltr'>Τοὺς</span> <span class='ocrx_word' id='word_1_463' title='bbox 3882 2276 3977 2344; x_wconf 72' lang='grc' dir='ltr'>μὲν</span> 
     </span>
    </p>
   </div>
   <div class='ocr_carea' id='block_1_70' title="bbox 2402 2366 3979 2443">
    <p class='ocr_par' dir='ltr' id='par_1_70' title="bbox 2402 2366 3979 2443">
     <span class='ocr_line' id='line_1_70' title="bbox 2402 2366 3979 2443; baseline -0.006 -18"><span class='ocrx_word' id='word_1_464' title='bbox 2402 2373 2509 2442; x_wconf 83' lang='grc' dir='ltr'>γὰρ</span> <span class='ocrx_word' id='word_1_465' title='bbox 2563 2372 2662 2443; x_wconf 79' lang='grc' dir='ltr'>τὴν</span> <span class='ocrx_word' id='word_1_466' title='bbox 2693 2373 2846 2424; x_wconf 83' lang='grc' dir='ltr'>πόλιν</span> <span class='ocrx_word' id='word_1_467' title='bbox 2878 2369 3123 2422; x_wconf 78' lang='grc' dir='ltr'>ἐκλιπεῖν</span> <span class='ocrx_word' id='word_1_468' title='bbox 3152 2367 3600 2436; x_wconf 74' lang='grc' dir='ltr'>παρεσκεύασαν,</span> <span class='ocrx_word' id='word_1_469' title='bbox 3631 2366 3743 2418; x_wconf 81' lang='grc' dir='ltr'><strong>τῶν</strong></span> <span class='ocrx_word' id='word_1_470' title='bbox 3779 2368 3836 2418; x_wconf 71' lang='grc' dir='ltr'><strong>δὲ</strong></span> <span class='ocrx_word' id='word_1_471' title='bbox 3871 2368 3979 2418; x_wconf 73' lang='grc' dir='ltr'>εει-</span> 
     </span>
    </p>
   </div>
   <div class='ocr_carea' id='block_1_71' title="bbox 2402 2460 3978 2533">
    <p class='ocr_par' dir='ltr' id='par_1_71' title="bbox 2402 2460 3978 2533">
     <span class='ocr_line' id='line_1_71' title="bbox 2402 2460 3978 2533; baseline -0.01 -13"><span class='ocrx_word' id='word_1_472' title='bbox 2402 2485 2498 2520; x_wconf 86' lang='grc' dir='ltr'><strong>κον</strong></span> <span class='ocrx_word' id='word_1_473' title='bbox 2533 2466 2825 2533; x_wconf 68' lang='grc' dir='ltr'>ἀειφυγίαν</span> <span class='ocrx_word' id='word_1_474' title='bbox 2871 2462 3222 2530; x_wconf 78' lang='grc' dir='ltr'>κατέκριναν,</span> <span class='ocrx_word' id='word_1_475' title='bbox 3260 2463 3372 2522; x_wconf 82' lang='grc' dir='ltr'>τοῖς</span> <span class='ocrx_word' id='word_1_476' title='bbox 3411 2460 3466 2512; x_wconf 83' lang='grc' dir='ltr'><strong>δὲ</strong></span> <span class='ocrx_word' id='word_1_477' title='bbox 3525 2462 3620 2510; x_wconf 71' lang='grc' dir='ltr'><strong>καὶ</strong></span> <span class='ocrx_word' id='word_1_478' title='bbox 3653 2461 3978 2524; x_wconf 61' lang='grc' dir='ltr'>ἀπαλλαγὴν</span> 
     </span>
    </p>
   </div>
   <div class='ocr_carea' id='block_1_72' title="bbox 2400 2551 3979 2628">
    <p class='ocr_par' dir='ltr' id='par_1_72' title="bbox 2400 2551 3979 2628">
     <span class='ocr_line' id='line_1_72' title="bbox 2400 2551 3979 2628; baseline -0.009 -16"><span class='ocrx_word' id='word_1_479' title='bbox 2400 2562 2500 2628; x_wconf 74' lang='grc' dir='ltr'><strong>τῆς</strong></span> <span class='ocrx_word' id='word_1_480' title='bbox 2529 2560 2672 2626; x_wconf 73' lang='grc' dir='ltr'>ζωῆς</span> <span class='ocrx_word' id='word_1_481' title='bbox 2709 2557 3102 2627; x_wconf 79' lang='grc' dir='ltr'>προεξένησαν.</span> <span class='ocrx_word' id='word_1_482' title='bbox 3151 2553 3435 2607; x_wconf 79' lang='grc' dir='ltr'>Ἐντεῦθεν</span> <span class='ocrx_word' id='word_1_483' title='bbox 3471 2555 3661 2618; x_wconf 76' lang='grc' dir='ltr'>ἄτιμοι</span> <span class='ocrx_word' id='word_1_484' title='bbox 3709 2551 3852 2602; x_wconf 81' lang='grc' dir='ltr'><strong>κατὰ</strong></span> <span class='ocrx_word' id='word_1_485' title='bbox 3890 2567 3979 2615; x_wconf 78' lang='grc' dir='ltr'>με-</span> 
     </span>
    </p>
   </div>
   <div class='ocr_carea' id='block_1_73' title="bbox 2402 2641 3977 2718">
    <p class='ocr_par' dir='ltr' id='par_1_73' title="bbox 2402 2641 3977 2718">
     <span class='ocr_line' id='line_1_73' title="bbox 2402 2641 3977 2718; baseline -0.009 -14"><span class='ocrx_word' id='word_1_486' title='bbox 2402 2651 2594 2704; x_wconf 84' lang='grc' dir='ltr'>τώπων</span> <span class='ocrx_word' id='word_1_487' title='bbox 2623 2652 2855 2718; x_wconf 67' lang='grc' dir='ltr'>γραφαὶ,</span> <span class='ocrx_word' id='word_1_488' title='bbox 2890 2643 3370 2711; x_wconf 76' lang='grc' dir='ltr'>ὑποσημαίνουσαι</span> <span class='ocrx_word' id='word_1_489' title='bbox 3403 2642 3460 2692; x_wconf 69' lang='grc' dir='ltr'>τὸ</span> <span class='ocrx_word' id='word_1_490' title='bbox 3495 2641 3804 2708; x_wconf 70' lang='grc' dir='ltr'>όρῦόδοξον,</span> <span class='ocrx_word' id='word_1_491' title='bbox 3842 2641 3977 2692; x_wconf 73' lang='grc' dir='ltr'>ἄλλα</span> 
     </span>
    </p>
   </div>
   <div class='ocr_carea' id='block_1_74' title="bbox 2401 2734 3980 2808">
    <p class='ocr_par' dir='ltr' id='par_1_74' title="bbox 2401 2734 3980 2808">
     <span class='ocr_line' id='line_1_74' title="bbox 2401 2734 3980 2808; baseline -0.004 -17"><span class='ocrx_word' id='word_1_492' title='bbox 2401 2759 2461 2794; x_wconf 88' lang='grc' dir='ltr'><strong>τε</strong></span> <span class='ocrx_word' id='word_1_493' title='bbox 2498 2741 2667 2808; x_wconf 83' lang='grc' dir='ltr'>μυρία</span> <span class='ocrx_word' id='word_1_494' title='bbox 2702 2737 2841 2789; x_wconf 79' lang='grc' dir='ltr'>κατὰ</span> <span class='ocrx_word' id='word_1_495' title='bbox 2878 2734 3222 2805; x_wconf 80' lang='grc' dir='ltr'>Χριστιανῶν</span> <span class='ocrx_word' id='word_1_496' title='bbox 3256 2736 3534 2786; x_wconf 76' lang='grc' dir='ltr'>ἐπενοεῖτο</span> <span class='ocrx_word' id='word_1_497' title='bbox 3581 2734 3764 2790; x_wconf 72' lang='grc' dir='ltr'>καινὰ.</span> <span class='ocrx_word' id='word_1_498' title='bbox 3801 2737 3849 2785; x_wconf 87' lang='grc' dir='ltr'><strong>εί</strong></span> <span class='ocrx_word' id='word_1_499' title='bbox 3888 2735 3980 2784; x_wconf 73' lang='grc' dir='ltr'><strong>καὶ</strong></span> 
     </span>
    </p>
   </div>
   <div class='ocr_carea' id='block_1_75' title="bbox 2408 2826 3978 2904">
    <p class='ocr_par' dir='ltr' id='par_1_75' title="bbox 2408 2826 3978 2904">
     <span class='ocr_line' id='line_1_75' title="bbox 2408 2826 3978 2904; baseline -0.007 -19"><span class='ocrx_word' id='word_1_500' title='bbox 2408 2833 2581 2904; x_wconf 78' lang='grc' dir='ltr'>μικρὰ</span> <span class='ocrx_word' id='word_1_501' title='bbox 2615 2830 2794 2882; x_wconf 78' lang='grc' dir='ltr'>πάντα</span> <span class='ocrx_word' id='word_1_502' title='bbox 2821 2829 2910 2882; x_wconf 68' lang='grc' dir='ltr'><strong>διὰ</strong></span> <span class='ocrx_word' id='word_1_503' title='bbox 2939 2828 3174 2896; x_wconf 76' lang='grc' dir='ltr'>Χριστὸν</span> <span class='ocrx_word' id='word_1_504' title='bbox 3203 2828 3376 2880; x_wconf 83' lang='grc' dir='ltr'>ἐδόκει</span> <span class='ocrx_word' id='word_1_505' title='bbox 3427 2829 3540 2890; x_wconf 88' lang='grc' dir='ltr'>τοῖς</span> <span class='ocrx_word' id='word_1_506' title='bbox 3572 2826 3849 2889; x_wconf 72' lang='grc' dir='ltr'>εὐσεϐέσι,</span> <span class='ocrx_word' id='word_1_507' title='bbox 3884 2827 3978 2875; x_wconf 76' lang='grc' dir='ltr'><strong>καὶ</strong></span> 
     </span>
    </p>
   </div>
   <div class='ocr_carea' id='block_1_76' title="bbox 2403 2916 3978 2985">
    <p class='ocr_par' dir='ltr' id='par_1_76' title="bbox 2403 2916 3978 2985">
     <span class='ocr_line' id='line_1_76' title="bbox 2403 2916 3978 2985; baseline -0.007 -8"><span class='ocrx_word' id='word_1_508' title='bbox 2403 2925 2512 2977; x_wconf 82' lang='grc' dir='ltr'>τῶν</span> <span class='ocrx_word' id='word_1_509' title='bbox 2543 2923 2772 2978; x_wconf 77' lang='grc' dir='ltr'>ἐλπίδων</span> <span class='ocrx_word' id='word_1_510' title='bbox 2815 2923 2914 2976; x_wconf 70' lang='grc' dir='ltr'><strong>οὑκ</strong></span> <span class='ocrx_word' id='word_1_511' title='bbox 2955 2921 3102 2985; x_wconf 75' lang='grc' dir='ltr'>ἄξια.</span> <span class='ocrx_word' id='word_1_512' title='bbox 3160 2919 3443 2973; x_wconf 76' lang='grc' dir='ltr'>Ἐντειῖθεν</span> <span class='ocrx_word' id='word_1_513' title='bbox 3485 2919 3513 2970; x_wconf 85' lang='grc' dir='ltr'><strong>ὀ</strong></span> <span class='ocrx_word' id='word_1_514' title='bbox 3563 2916 3818 2982; x_wconf 79' lang='grc' dir='ltr'>δεύτερος</span> <span class='ocrx_word' id='word_1_515' title='bbox 3877 2916 3978 2982; x_wconf 80' lang='grc' dir='ltr'><strong>μὲν</strong></span> 
     </span>
    </p>
   </div>
   <div class='ocr_carea' id='block_1_77' title="bbox 2404 3006 3977 3080">
    <p class='ocr_par' dir='ltr' id='par_1_77' title="bbox 2404 3006 3977 3080">
     <span class='ocr_line' id='line_1_77' title="bbox 2404 3006 3977 3080; baseline -0.01 -10"><span class='ocrx_word' id='word_1_516' title='bbox 2404 3013 2561 3079; x_wconf 69' lang='grc' dir='ltr'>οὗτος</span> <span class='ocrx_word' id='word_1_517' title='bbox 2589 3016 2798 3074; x_wconf 69' lang='grc' dir='ltr'>Παῦλος</span> <span class='ocrx_word' id='word_1_518' title='bbox 2825 3017 2852 3065; x_wconf 86' lang='grc' dir='ltr'><strong>ό</strong></span> <span class='ocrx_word' id='word_1_519' title='bbox 2902 3015 3000 3080; x_wconf 76' lang='grc' dir='ltr'>τῆς</span> <span class='ocrx_word' id='word_1_520' title='bbox 3044 3013 3340 3080; x_wconf 81' lang='grc' dir='ltr'>ὁμολογίας</span> <span class='ocrx_word' id='word_1_521' title='bbox 3387 3009 3701 3076; x_wconf 81' lang='grc' dir='ltr'>ἐπώνυμος,</span> <span class='ocrx_word' id='word_1_522' title='bbox 3752 3006 3848 3059; x_wconf 73' lang='grc' dir='ltr'>τοῦ</span> <span class='ocrx_word' id='word_1_523' title='bbox 3879 3008 3977 3072; x_wconf 75' lang='grc' dir='ltr'><strong>τῆς</strong></span> 
     </span>
    </p>
   </div>
   <div class='ocr_carea' id='block_1_78' title="bbox 2394 3097 3977 3186">
    <p class='ocr_par' dir='ltr' id='par_1_78' title="bbox 2394 3097 3977 3186">
     <span class='ocr_line' id='line_1_78' title="bbox 2394 3097 3977 3186; baseline -0.009 -24"><span class='ocrx_word' id='word_1_524' title='bbox 2394 3106 2800 3186; x_wconf 77' lang='grc' dir='ltr'>ἀρχιερωσύνης</span> <span class='ocrx_word' id='word_1_525' title='bbox 2819 3102 3008 3174; x_wconf 66' lang='grc' dir='ltr'>(θρόνου</span> <span class='ocrx_word' id='word_1_526' title='bbox 3031 3099 3418 3164; x_wconf 78' lang='grc' dir='ltr'>ἀποδιώκετσι,</span> <span class='ocrx_word' id='word_1_527' title='bbox 3445 3100 3688 3160; x_wconf 79' lang='grc' dir='ltr'>ἀνίπτοις</span> <span class='ocrx_word' id='word_1_528' title='bbox 3711 3097 3767 3149; x_wconf 81' lang='grc' dir='ltr'><strong>δὲ</strong></span> <span class='ocrx_word' id='word_1_529' title='bbox 3803 3098 3977 3168; x_wconf 74' lang='grc' dir='ltr'>χερσὶ,</span> 
     </span>
    </p>
   </div>
   <div class='ocr_carea' id='block_1_79' title="bbox 2403 3191 3476 3268">
    <p class='ocr_par' dir='ltr' id='par_1_79' title="bbox 2403 3191 3476 3268">
     <span class='ocr_line' id='line_1_79' title="bbox 2403 3191 3476 3268; baseline -0.017 -7"><span class='ocrx_word' id='word_1_530' title='bbox 2403 3209 2464 3263; x_wconf 85' lang='grc' dir='ltr'><strong>τὸ</strong></span> <span class='ocrx_word' id='word_1_531' title='bbox 2499 3203 2590 3258; x_wconf 76' lang='grc' dir='ltr'><strong>τοῦ</strong></span> <span class='ocrx_word' id='word_1_532' title='bbox 2623 3201 2803 3268; x_wconf 80' lang='grc' dir='ltr'>λόγου,</span> <span class='ocrx_word' id='word_1_533' title='bbox 2849 3191 3171 3265; x_wconf 79' lang='grc' dir='ltr'>βεϐηλοῦται</span> <span class='ocrx_word' id='word_1_534' title='bbox 3207 3193 3273 3243; x_wconf 71' lang='grc' dir='ltr'><strong>τὰ</strong></span> <span class='ocrx_word' id='word_1_535' title='bbox 3324 3191 3476 3256; x_wconf 85' lang='grc' dir='ltr'>ἆγια.</span> 
     </span>
    </p>
   </div>
   <div class='ocr_carea' id='block_1_80' title="bbox 2476 3429 3976 3506">
    <p class='ocr_par' dir='ltr' id='par_1_80' title="bbox 2476 3429 3976 3506">
     <span class='ocr_line' id='line_1_80' title="bbox 2476 3429 3976 3506; baseline -0.012 -9"><span class='ocrx_word' id='word_1_536' title='bbox 2476 3446 2550 3496; x_wconf 79' lang='lat' dir='ltr'><strong>B&#39;.</strong></span> <span class='ocrx_word' id='word_1_537' title='bbox 2584 3443 2703 3494; x_wconf 73' lang='grc' dir='ltr'>Τῶν</span> <span class='ocrx_word' id='word_1_538' title='bbox 2730 3439 2858 3506; x_wconf 61' lang='grc' dir='ltr'>γοῦν</span> <span class='ocrx_word' id='word_1_539' title='bbox 2891 3434 3281 3489; x_wconf 77' lang='grc' dir='ltr'>Κωνσταντίου</span> <span class='ocrx_word' id='word_1_540' title='bbox 3310 3434 3514 3482; x_wconf 64' lang='grc' dir='ltr'>τούτων</span> <span class='ocrx_word' id='word_1_541' title='bbox 3547 3431 3756 3497; x_wconf 77' lang='grc' dir='ltr'>καιρῶν</span> <span class='ocrx_word' id='word_1_542' title='bbox 3818 3429 3976 3495; x_wconf 80' lang='grc' dir='ltr'>ἔργον</span> 
     </span>
    </p>
   </div>
   <div class='ocr_carea' id='block_1_81' title="bbox 2410 3516 3975 3604">
    <p class='ocr_par' dir='ltr' id='par_1_81' title="bbox 2410 3516 3975 3604">
     <span class='ocr_line' id='line_1_81' title="bbox 2410 3516 3975 3604; baseline -0.017 -12"><span class='ocrx_word' id='word_1_543' title='bbox 2410 3539 2498 3592; x_wconf 72' lang='grc' dir='ltr'><strong>καὶ</strong></span> <span class='ocrx_word' id='word_1_544' title='bbox 2529 3531 2847 3604; x_wconf 70' lang='grc' dir='ltr'>Μαρκιανὸς</span> <span class='ocrx_word' id='word_1_545' title='bbox 2877 3529 2970 3581; x_wconf 76' lang='grc' dir='ltr'><strong>καὶ</strong></span> <span class='ocrx_word' id='word_1_546' title='bbox 2999 3523 3348 3594; x_wconf 83' lang='grc' dir='ltr'>Μαρτὺριος·</span> <span class='ocrx_word' id='word_1_547' title='bbox 3377 3516 3453 3585; x_wconf 73' lang='grc' dir='ltr'>οἷς</span> <span class='ocrx_word' id='word_1_548' title='bbox 3488 3525 3683 3590; x_wconf 81' lang='grc' dir='ltr'>πατρὶς</span> <span class='ocrx_word' id='word_1_549' title='bbox 3716 3522 3815 3590; x_wconf 75' lang='grc' dir='ltr'><strong>μὲν</strong></span> <span class='ocrx_word' id='word_1_550' title='bbox 3844 3524 3975 3573; x_wconf 73' lang='grc' dir='ltr'>ἂστυ</span> 
     </span>
    </p>
   </div>
   <div class='ocr_carea' id='block_1_82' title="bbox 2405 3612 3974 3693">
    <p class='ocr_par' dir='ltr' id='par_1_82' title="bbox 2405 3612 3974 3693">
     <span class='ocr_line' id='line_1_82' title="bbox 2405 3612 3974 3693; baseline -0.014 -11"><span class='ocrx_word' id='word_1_551' title='bbox 2405 3633 2464 3681; x_wconf 67' lang='grc' dir='ltr'>τὸ</span> <span class='ocrx_word' id='word_1_552' title='bbox 2503 3629 2643 3693; x_wconf 78' lang='grc' dir='ltr'>μέγα</span> <span class='ocrx_word' id='word_1_553' title='bbox 2668 3640 2724 3676; x_wconf 86' lang='grc' dir='ltr'><strong>τε</strong></span> <span class='ocrx_word' id='word_1_554' title='bbox 2757 3624 2852 3676; x_wconf 72' lang='grc' dir='ltr'>καὶ</span> <span class='ocrx_word' id='word_1_555' title='bbox 2882 3619 3181 3681; x_wconf 68' lang='grc' dir='ltr'>Βασίλειον,</span> <span class='ocrx_word' id='word_1_556' title='bbox 3227 3614 3492 3683; x_wconf 81' lang='grc' dir='ltr'>ἀναγωγὴ</span> <span class='ocrx_word' id='word_1_557' title='bbox 3528 3613 3582 3666; x_wconf 79' lang='grc' dir='ltr'><strong>δὲ</strong></span> <span class='ocrx_word' id='word_1_558' title='bbox 3616 3615 3710 3665; x_wconf 74' lang='grc' dir='ltr'>καὶ</span> <span class='ocrx_word' id='word_1_559' title='bbox 3734 3612 3974 3671; x_wconf 79' lang='grc' dir='ltr'>παιδεία,</span> 
     </span>
    </p>
   </div>
   <div class='ocr_carea' id='block_1_83' title="bbox 2407 3706 3974 3782">
    <p class='ocr_par' dir='ltr' id='par_1_83' title="bbox 2407 3706 3974 3782">
     <span class='ocr_line' id='line_1_83' title="bbox 2407 3706 3974 3782; baseline -0.011 -8"><span class='ocrx_word' id='word_1_560' title='bbox 2407 3722 2525 3782; x_wconf 78' lang='grc' dir='ltr'>οἵας</span> <span class='ocrx_word' id='word_1_561' title='bbox 2553 3720 2616 3772; x_wconf 74' lang='grc' dir='ltr'>ἄν</span> <span class='ocrx_word' id='word_1_562' title='bbox 2651 3735 2732 3778; x_wconf 79' lang='grc' dir='ltr'><strong>τις</strong></span> <span class='ocrx_word' id='word_1_563' title='bbox 2783 3714 3037 3781; x_wconf 59' lang='grc' dir='ltr'>θεοφιλὴς</span> <span class='ocrx_word' id='word_1_564' title='bbox 3085 3710 3219 3779; x_wconf 84' lang='grc' dir='ltr'>ἀνὴρ</span> <span class='ocrx_word' id='word_1_565' title='bbox 3243 3711 3424 3777; x_wconf 81' lang='grc' dir='ltr'>τυχεῖν</span> <span class='ocrx_word' id='word_1_566' title='bbox 3468 3706 3707 3770; x_wconf 69' lang='grc' dir='ltr'>εὔξαιτο.</span> <span class='ocrx_word' id='word_1_567' title='bbox 3746 3707 3974 3774; x_wconf 65' lang='grc' dir='ltr'>Τρίποι,</span> 
     </span>
    </p>
   </div>
   <div class='ocr_carea' id='block_1_84' title="bbox 2407 3796 3977 3882">
    <p class='ocr_par' dir='ltr' id='par_1_84' title="bbox 2407 3796 3977 3882">
     <span class='ocr_line' id='line_1_84' title="bbox 2407 3796 3977 3882; baseline -0.011 -19"><span class='ocrx_word' id='word_1_568' title='bbox 2407 3810 2708 3882; x_wconf 66' lang='grc' dir='ltr'>χρηστότης</span> <span class='ocrx_word' id='word_1_569' title='bbox 2741 3806 2833 3858; x_wconf 73' lang='grc' dir='ltr'><strong>καὶ</strong></span> <span class='ocrx_word' id='word_1_570' title='bbox 2867 3804 3140 3855; x_wconf 76' lang='grc' dir='ltr'>ἐπιείκεια</span> <span class='ocrx_word' id='word_1_571' title='bbox 3187 3799 3249 3851; x_wconf 79' lang='grc' dir='ltr'><strong>τὸ</strong></span> <span class='ocrx_word' id='word_1_572' title='bbox 3293 3800 3518 3851; x_wconf 69' lang='grc' dir='ltr'>ἐκείιων</span> <span class='ocrx_word' id='word_1_573' title='bbox 3575 3796 3807 3864; x_wconf 77' lang='grc' dir='ltr'>ἀκριϐὲς</span> <span class='ocrx_word' id='word_1_574' title='bbox 3840 3796 3977 3863; x_wconf 75' lang='grc' dir='ltr'>γ-ιὼο</span> 
     </span>
    </p>
   </div>
   <div class='ocr_carea' id='block_1_85' title="bbox 2411 3889 3973 3970">
    <p class='ocr_par' dir='ltr' id='par_1_85' title="bbox 2411 3889 3973 3970">
     <span class='ocr_line' id='line_1_85' title="bbox 2411 3889 3973 3970; baseline -0.008 -18"><span class='ocrx_word' id='word_1_575' title='bbox 2411 3919 2599 3970; x_wconf 79' lang='grc' dir='ltr'>ρισμα.</span> <span class='ocrx_word' id='word_1_576' title='bbox 2654 3901 2716 3950; x_wconf 75' lang='grc' dir='ltr'><strong>Εἰ</strong></span> <span class='ocrx_word' id='word_1_577' title='bbox 2765 3899 2820 3949; x_wconf 75' lang='grc' dir='ltr'>δὲ</span> <span class='ocrx_word' id='word_1_578' title='bbox 2870 3897 2951 3946; x_wconf 85' lang='grc' dir='ltr'><strong>δεῖ</strong></span> <span class='ocrx_word' id='word_1_579' title='bbox 3001 3893 3288 3961; x_wconf 74' lang='grc' dir='ltr'>συντόμως</span> <span class='ocrx_word' id='word_1_580' title='bbox 3350 3892 3444 3943; x_wconf 73' lang='grc' dir='ltr'><strong>καὶ</strong></span> <span class='ocrx_word' id='word_1_581' title='bbox 3500 3889 3717 3956; x_wconf 67' lang='grc' dir='ltr'>ἀληθῶς</span> <span class='ocrx_word' id='word_1_582' title='bbox 3781 3893 3973 3952; x_wconf 76' lang='grc' dir='ltr'>εἰπεῖν,</span> 
     </span>
    </p>
   </div>
   <div class='ocr_carea' id='block_1_86' title="bbox 2406 3980 3974 4051">
    <p class='ocr_par' dir='ltr' id='par_1_86' title="bbox 2406 3980 3974 4051">
     <span class='ocr_line' id='line_1_86' title="bbox 2406 3980 3974 4051; baseline -0.011 -7"><span class='ocrx_word' id='word_1_583' title='bbox 2406 3991 2562 4044; x_wconf 69' lang='grc' dir='ltr'>τοῦτο</span> <span class='ocrx_word' id='word_1_584' title='bbox 2588 3992 2698 4051; x_wconf 82' lang='grc' dir='ltr'>τοῖς</span> <span class='ocrx_word' id='word_1_585' title='bbox 2753 3988 2921 4038; x_wconf 77' lang='grc' dir='ltr'>πᾶσιν</span> <span class='ocrx_word' id='word_1_586' title='bbox 2954 3987 3110 4044; x_wconf 73' lang='grc' dir='ltr'>ὄντες</span> <span class='ocrx_word' id='word_1_587' title='bbox 3153 3985 3231 4044; x_wconf 86' lang='grc' dir='ltr'>εἰς</span> <span class='ocrx_word' id='word_1_588' title='bbox 3293 3983 3516 4050; x_wconf 68' lang='grc' dir='ltr'>ἀρετὴν,</span> <span class='ocrx_word' id='word_1_589' title='bbox 3548 3980 3743 4046; x_wconf 56' lang='lat' dir='ltr'><strong>eripi;</strong></span> <span class='ocrx_word' id='word_1_590' title='bbox 3781 3985 3974 4047; x_wconf 71' lang='grc' dir='ltr'>πατρὶς</span> 
     </span>
    </p>
   </div>
   <div class='ocr_carea' id='block_1_87' title="bbox 2405 4069 3976 4146">
    <p class='ocr_par' dir='ltr' id='par_1_87' title="bbox 2405 4069 3976 4146">
     <span class='ocr_line' id='line_1_87' title="bbox 2405 4069 3976 4146; baseline -0.011 -11"><span class='ocrx_word' id='word_1_591' title='bbox 2405 4085 2524 4146; x_wconf 84' lang='grc' dir='ltr'>ταῖς</span> <span class='ocrx_word' id='word_1_592' title='bbox 2568 4080 2788 4132; x_wconf 84' lang='grc' dir='ltr'>πόλεσιν</span> <span class='ocrx_word' id='word_1_593' title='bbox 2848 4073 3197 4143; x_wconf 76' lang='grc' dir='ltr'>ἐγνωρίζετο.</span> <span class='ocrx_word' id='word_1_594' title='bbox 3257 4071 3367 4124; x_wconf 78' lang='grc' dir='ltr'>Καὶ</span> <span class='ocrx_word' id='word_1_595' title='bbox 3425 4070 3614 4136; x_wconf 75' lang='grc' dir='ltr'>ὥσπερ</span> <span class='ocrx_word' id='word_1_596' title='bbox 3669 4069 3813 4135; x_wconf 70' lang='grc' dir='ltr'>αὕτη</span> <span class='ocrx_word' id='word_1_597' title='bbox 3870 4071 3976 4120; x_wconf 67' lang='grc' dir='ltr'>τῶν</span> 
     </span>
    </p>
   </div>
   <div class='ocr_carea' id='block_1_88' title="bbox 2404 4160 3974 4243">
    <p class='ocr_par' dir='ltr' id='par_1_88' title="bbox 2404 4160 3974 4243">
     <span class='ocr_line' id='line_1_88' title="bbox 2404 4160 3974 4243; baseline -0.01 -16"><span class='ocrx_word' id='word_1_598' title='bbox 2404 4177 2585 4243; x_wconf 18' lang='grc' dir='ltr'>ἄλλων,</span> <span class='ocrx_word' id='word_1_599' title='bbox 2611 4189 2670 4224; x_wconf 86' lang='grc' dir='ltr'><strong>τε</strong></span> <span class='ocrx_word' id='word_1_600' title='bbox 2715 4169 2905 4223; x_wconf 83' lang='grc' dir='ltr'>πασῶν</span> <span class='ocrx_word' id='word_1_601' title='bbox 2942 4165 3288 4236; x_wconf 74' lang='grc' dir='ltr'>προκάθηται</span> <span class='ocrx_word' id='word_1_602' title='bbox 3308 4162 3536 4225; x_wconf 81' lang='grc' dir='ltr'>πόλεων,</span> <span class='ocrx_word' id='word_1_603' title='bbox 3569 4160 3666 4213; x_wconf 76' lang='grc' dir='ltr'><strong>καὶ</strong></span> <span class='ocrx_word' id='word_1_604' title='bbox 3709 4162 3788 4230; x_wconf 82' lang='grc' dir='ltr'>τῷ</span> <span class='ocrx_word' id='word_1_605' title='bbox 3826 4160 3974 4228; x_wconf 65' lang='grc' dir='ltr'>βασι·</span> 
     </span>
    </p>
   </div>
   <div class='ocr_carea' id='block_1_89' title="bbox 2395 4254 3973 4334">
    <p class='ocr_par' dir='ltr' id='par_1_89' title="bbox 2395 4254 3973 4334">
     <span class='ocr_line' id='line_1_89' title="bbox 2395 4254 3973 4334; baseline -0.008 -17"><span class='ocrx_word' id='word_1_606' title='bbox 2395 4265 2529 4334; x_wconf 67' lang='grc' dir='ltr'>ηλικὴ</span> <span class='ocrx_word' id='word_1_607' title='bbox 2577 4265 2671 4315; x_wconf 71' lang='grc' dir='ltr'><strong>καὶ</strong></span> <span class='ocrx_word' id='word_1_608' title='bbox 2730 4258 2869 4314; x_wconf 79' lang='grc' dir='ltr'>εἷναι</span> <span class='ocrx_word' id='word_1_609' title='bbox 2921 4264 3014 4314; x_wconf 71' lang='grc' dir='ltr'><strong>καὶ</strong></span> <span class='ocrx_word' id='word_1_610' title='bbox 3047 4256 3409 4328; x_wconf 76' lang='grc' dir='ltr'>ὀνομάζεσθαι</span> <span class='ocrx_word' id='word_1_611' title='bbox 3452 4256 3551 4325; x_wconf 76' lang='grc' dir='ltr'><strong>τὴν</strong></span> <span class='ocrx_word' id='word_1_612' title='bbox 3593 4254 3821 4324; x_wconf 74' lang='grc' dir='ltr'>πρώτην</span> <span class='ocrx_word' id='word_1_613' title='bbox 3866 4255 3973 4322; x_wconf 74' lang='grc' dir='ltr'>ἔχει</span> 
     </span>
    </p>
   </div>
   <div class='ocr_carea' id='block_1_90' title="bbox 2405 4345 3974 4426">
    <p class='ocr_par' dir='ltr' id='par_1_90' title="bbox 2405 4345 3974 4426">
     <span class='ocr_line' id='line_1_90' title="bbox 2405 4345 3974 4426; baseline -0.009 -17"><span class='ocrx_word' id='word_1_614' title='bbox 2405 4358 2608 4426; x_wconf 81' lang='grc' dir='ltr'>τιμήν·</span> <span class='ocrx_word' id='word_1_615' title='bbox 2649 4354 2740 4407; x_wconf 69' lang='grc' dir='ltr'>τὸν</span> <span class='ocrx_word' id='word_1_616' title='bbox 2790 4353 2952 4405; x_wconf 69' lang='grc' dir='ltr'>αὑτὸν</span> <span class='ocrx_word' id='word_1_617' title='bbox 2984 4352 3048 4420; x_wconf 75' lang='grc' dir='ltr'>δὴ</span> <span class='ocrx_word' id='word_1_618' title='bbox 3079 4352 3172 4403; x_wconf 78' lang='grc' dir='ltr'><strong>καὶ</strong></span> <span class='ocrx_word' id='word_1_619' title='bbox 3215 4345 3361 4403; x_wconf 70' lang='grc' dir='ltr'>οὗτοι</span> <span class='ocrx_word' id='word_1_620' title='bbox 3413 4348 3614 4416; x_wconf 79' lang='grc' dir='ltr'>τρόπον</span> <span class='ocrx_word' id='word_1_621' title='bbox 3669 4347 3891 4398; x_wconf 75' lang='grc' dir='ltr'>πάντων</span> <span class='ocrx_word' id='word_1_622' title='bbox 3921 4350 3974 4396; x_wconf 85' lang='grc' dir='ltr'><strong>ἐν</strong></span> 
     </span>
    </p>
   </div>
   <div class='ocr_carea' id='block_1_91' title="bbox 738 4437 2307 4529">
    <p class='ocr_par' dir='ltr' id='par_1_91' title="bbox 738 4437 2304 4529">
     <span class='ocr_line' id='line_1_91' title="bbox 738 4437 2304 4529; baseline -0.013 0"><span class='ocrx_word' id='word_1_623' title='bbox 738 4437 790 4529; x_wconf 73' lang='lat' dir='ltr'><strong>in</strong></span> <span class='ocrx_word' id='word_1_624' title='bbox 820 4473 1070 4528; x_wconf 87' lang='lat' dir='ltr'><strong>omnibus</strong></span> <span class='ocrx_word' id='word_1_625' title='bbox 1099 4469 1258 4525; x_wconf 93' lang='lat' dir='ltr'><strong>bonis</strong></span> <span class='ocrx_word' id='word_1_626' title='bbox 1288 4465 1611 4522; x_wconf 88' lang='lat' dir='ltr'><strong>obtinebant</strong></span> <span class='ocrx_word' id='word_1_627' title='bbox 1662 4461 2018 4520; x_wconf 89' lang='lat' dir='ltr'><strong>dominatum,</strong></span> <span class='ocrx_word' id='word_1_628' title='bbox 2054 4473 2155 4512; x_wconf 89' lang='lat' dir='ltr'><strong>nec</strong></span> <span class='ocrx_word' id='word_1_629' title='bbox 2189 4467 2304 4510; x_wconf 87' lang='lat' dir='ltr'><strong>erat</strong></span> 
     </span>
    </p>
   </div>
   <div class='ocr_carea' id='block_1_92' title="bbox 2400 4437 3971 4529">
    <p class='ocr_par' dir='ltr' id='par_1_92' title="bbox 2410 4437 3971 4518">
     <span class='ocr_line' id='line_1_92' title="bbox 2410 4437 3971 4518; baseline -0.007 -15"><span class='ocrx_word' id='word_1_630' title='bbox 2410 4453 2576 4504; x_wconf 79' lang='grc' dir='ltr'>πᾶσιν</span> <span class='ocrx_word' id='word_1_631' title='bbox 2607 4448 2876 4518; x_wconf 75' lang='grc' dir='ltr'>ἐκράτουν</span> <span class='ocrx_word' id='word_1_632' title='bbox 2918 4447 3249 4510; x_wconf 80' lang='grc' dir='ltr'>ἐπαινετοῖς,</span> <span class='ocrx_word' id='word_1_633' title='bbox 3283 4445 3378 4498; x_wconf 75' lang='grc' dir='ltr'>καὶ</span> <span class='ocrx_word' id='word_1_634' title='bbox 3406 4441 3646 4510; x_wconf 72' lang='grc' dir='ltr'>ζηλωτὸν</span> <span class='ocrx_word' id='word_1_635' title='bbox 3685 4437 3751 4509; x_wconf 73' lang='grc' dir='ltr'>ἦν</span> <span class='ocrx_word' id='word_1_636' title='bbox 3785 4443 3844 4493; x_wconf 70' lang='grc' dir='ltr'>τὸ</span> <span class='ocrx_word' id='word_1_637' title='bbox 3871 4458 3971 4491; x_wconf 83' lang='grc' dir='ltr'>πα-</span> 
     </span>
    </p>
   </div>
   <div class='ocr_carea' id='block_1_93' title="bbox 739 4548 2301 4638">
    <p class='ocr_par' dir='ltr' id='par_1_93' title="bbox 739 4548 2301 4638">
     <span class='ocr_line' id='line_1_93' title="bbox 739 4548 2301 4638; baseline -0.015 -17"><span class='ocrx_word' id='word_1_638' title='bbox 739 4569 1056 4638; x_wconf 59' lang='grc' dir='ltr'>[ιι-κειιιτυιη</span> <span class='ocrx_word' id='word_1_639' title='bbox 1094 4561 1294 4630; x_wconf 85' lang='lat' dir='ltr'><strong>aliquid</strong></span> <span class='ocrx_word' id='word_1_640' title='bbox 1341 4559 1582 4619; x_wconf 90' lang='lat' dir='ltr'><strong>omnino,</strong></span> <span class='ocrx_word' id='word_1_641' title='bbox 1618 4556 1669 4607; x_wconf 90' lang='lat' dir='ltr'><strong>in</strong></span> <span class='ocrx_word' id='word_1_642' title='bbox 1702 4569 1807 4622; x_wconf 86' lang='lat' dir='ltr'><strong>quo</strong></span> <span class='ocrx_word' id='word_1_643' title='bbox 1838 4566 1948 4604; x_wconf 90' lang='lat' dir='ltr'><strong>non</strong></span> <span class='ocrx_word' id='word_1_644' title='bbox 1996 4549 2082 4601; x_wconf 90' lang='lat' dir='ltr'><strong>isti</strong></span> <span class='ocrx_word' id='word_1_645' title='bbox 2137 4548 2301 4600; x_wconf 89' lang='lat' dir='ltr'><strong>habe-</strong></span> 
     </span>
    </p>
   </div>
   <div class='ocr_carea' id='block_1_94' title="bbox 737 4643 2306 4727">
    <p class='ocr_par' dir='ltr' id='par_1_94' title="bbox 737 4643 2306 4727">
     <span class='ocr_line' id='line_1_94' title="bbox 737 4643 2306 4727; baseline -0.014 -14"><span class='ocrx_word' id='word_1_646' title='bbox 737 4669 859 4713; x_wconf 88' lang='lat' dir='ltr'><strong>rent</strong></span> <span class='ocrx_word' id='word_1_647' title='bbox 889 4657 1111 4727; x_wconf 83' lang='lat' dir='ltr'><strong>priinas.</strong></span> <span class='ocrx_word' id='word_1_648' title='bbox 1149 4651 1304 4722; x_wconf 83' lang='lat' dir='ltr'><strong>Apud</strong></span> <span class='ocrx_word' id='word_1_649' title='bbox 1361 4648 1604 4705; x_wconf 89' lang='lat' dir='ltr'><strong>divinum</strong></span> <span class='ocrx_word' id='word_1_650' title='bbox 1657 4658 1783 4714; x_wconf 81' lang='lat' dir='ltr'><strong>ergo</strong></span> <span class='ocrx_word' id='word_1_651' title='bbox 1813 4643 2035 4696; x_wconf 86' lang='lat' dir='ltr'><strong>Paulum</strong></span> <span class='ocrx_word' id='word_1_652' title='bbox 2066 4653 2306 4694; x_wconf 84' lang='lat' dir='ltr'><strong>commo-</strong></span> 
     </span>
    </p>
   </div>
   <div class='ocr_carea' id='block_1_95' title="bbox 737 4731 2304 4814">
    <p class='ocr_par' dir='ltr' id='par_1_95' title="bbox 737 4731 2304 4814">
     <span class='ocr_line' id='line_1_95' title="bbox 737 4731 2304 4814; baseline -0.015 -8"><span class='ocrx_word' id='word_1_653' title='bbox 737 4763 942 4814; x_wconf 90' lang='lat' dir='ltr'><strong>rantes,</strong></span> <span class='ocrx_word' id='word_1_654' title='bbox 976 4764 1097 4804; x_wconf 90' lang='lat' dir='ltr'><strong>cum</strong></span> <span class='ocrx_word' id='word_1_655' title='bbox 1137 4747 1334 4801; x_wconf 75' lang='lat' dir='ltr'><strong>scriba:</strong></span> <span class='ocrx_word' id='word_1_656' title='bbox 1367 4750 1549 4797; x_wconf 82' lang='lat' dir='ltr'><strong>essent</strong></span> <span class='ocrx_word' id='word_1_657' title='bbox 1595 4752 1805 4800; x_wconf 88' lang='lat' dir='ltr'><strong>eorum,</strong></span> <span class='ocrx_word' id='word_1_658' title='bbox 1839 4750 1956 4802; x_wconf 77' lang='lat' dir='ltr'><strong>qua:</strong></span> <span class='ocrx_word' id='word_1_659' title='bbox 1987 4734 2053 4787; x_wconf 90' lang='lat' dir='ltr'><strong>ab</strong></span> <span class='ocrx_word' id='word_1_660' title='bbox 2086 4733 2175 4786; x_wconf 89' lang='lat' dir='ltr'><strong>illo</strong></span> <span class='ocrx_word' id='word_1_661' title='bbox 2209 4731 2304 4784; x_wconf 84' lang='lat' dir='ltr'><strong>fie-</strong></span> 
     </span>
    </p>
   </div>
   <div class='ocr_carea' id='block_1_96' title="bbox 734 4821 2303 4908">
    <p class='ocr_par' dir='ltr' id='par_1_96' title="bbox 734 4821 2303 4908">
     <span class='ocr_line' id='line_1_96' title="bbox 734 4821 2303 4908; baseline -0.015 -12"><span class='ocrx_word' id='word_1_662' title='bbox 734 4843 883 4905; x_wconf 85' lang='lat' dir='ltr'><strong>bant,</strong></span> <span class='ocrx_word' id='word_1_663' title='bbox 915 4847 969 4893; x_wconf 91' lang='lat' dir='ltr'><strong>ct</strong></span> <span class='ocrx_word' id='word_1_664' title='bbox 1003 4837 1200 4908; x_wconf 87' lang='lat' dir='ltr'><strong>populo</strong></span> <span class='ocrx_word' id='word_1_665' title='bbox 1233 4835 1448 4889; x_wconf 75' lang='lat' dir='ltr'><strong>divinos</strong></span> <span class='ocrx_word' id='word_1_666' title='bbox 1495 4831 1662 4884; x_wconf 86' lang='lat' dir='ltr'><strong>libros</strong></span> <span class='ocrx_word' id='word_1_667' title='bbox 1689 4829 1951 4898; x_wconf 79' lang='lat' dir='ltr'><strong>legerent,</strong></span> <span class='ocrx_word' id='word_1_668' title='bbox 2000 4833 2104 4878; x_wconf 90' lang='lat' dir='ltr'><strong>tam</strong></span> <span class='ocrx_word' id='word_1_669' title='bbox 2138 4821 2303 4874; x_wconf 86' lang='lat' dir='ltr'><strong>vehe-</strong></span> 
     </span>
    </p>
   </div>
   <div class='ocr_carea' id='block_1_97' title="bbox 735 4912 2300 4986">
    <p class='ocr_par' dir='ltr' id='par_1_97' title="bbox 735 4912 2300 4986">
     <span class='ocr_line' id='line_1_97' title="bbox 735 4912 2300 4986; baseline -0.015 0"><span class='ocrx_word' id='word_1_670' title='bbox 735 4942 970 4986; x_wconf 87' lang='lat' dir='ltr'><strong>mentem</strong></span> <span class='ocrx_word' id='word_1_671' title='bbox 1029 4929 1085 4982; x_wconf 93' lang='lat' dir='ltr'><strong>in</strong></span> <span class='ocrx_word' id='word_1_672' title='bbox 1148 4927 1427 4983; x_wconf 85' lang='lat' dir='ltr'><strong>Christum</strong></span> <span class='ocrx_word' id='word_1_673' title='bbox 1490 4935 1731 4975; x_wconf 90' lang='lat' dir='ltr'><strong>amorem</strong></span> <span class='ocrx_word' id='word_1_674' title='bbox 1771 4917 2006 4976; x_wconf 85' lang='lat' dir='ltr'><strong>alebant,</strong></span> <span class='ocrx_word' id='word_1_675' title='bbox 2043 4923 2099 4966; x_wconf 91' lang='lat' dir='ltr'><strong>ut</strong></span> <span class='ocrx_word' id='word_1_676' title='bbox 2149 4912 2300 4964; x_wconf 90' lang='lat' dir='ltr'><strong>nihili</strong></span> 
     </span>
    </p>
   </div>
   <div class='ocr_carea' id='block_1_98' title="bbox 735 5005 2301 5084">
    <p class='ocr_par' dir='ltr' id='par_1_98' title="bbox 735 5005 2301 5084">
     <span class='ocr_line' id='line_1_98' title="bbox 735 5005 2301 5084; baseline -0.013 -8"><span class='ocrx_word' id='word_1_677' title='bbox 735 5024 1004 5076; x_wconf 89' lang='lat' dir='ltr'><strong>ducentes</strong></span> <span class='ocrx_word' id='word_1_678' title='bbox 1035 5019 1303 5073; x_wconf 90' lang='lat' dir='ltr'><strong>insaniam</strong></span> <span class='ocrx_word' id='word_1_679' title='bbox 1343 5015 1712 5084; x_wconf 88' lang='lat' dir='ltr'><strong>imperatoris,</strong></span> <span class='ocrx_word' id='word_1_680' title='bbox 1744 5007 2052 5064; x_wconf 80' lang='lat' dir='ltr'><strong>vehementi</strong></span> <span class='ocrx_word' id='word_1_681' title='bbox 2099 5005 2301 5072; x_wconf 86' lang='lat' dir='ltr'><strong>impetu</strong></span> 
     </span>
    </p>
   </div>
   <div class='ocr_carea' id='block_1_99' title="bbox 733 5097 2303 5169">
    <p class='ocr_par' dir='ltr' id='par_1_99' title="bbox 733 5097 2303 5169">
     <span class='ocr_line' id='line_1_99' title="bbox 733 5097 2303 5169; baseline -0.015 0"><span class='ocrx_word' id='word_1_682' title='bbox 733 5114 1126 5169; x_wconf 89' lang='lat' dir='ltr'><strong>contenderent</strong></span> <span class='ocrx_word' id='word_1_683' title='bbox 1167 5110 1428 5164; x_wconf 90' lang='lat' dir='ltr'><strong>adversus</strong></span> <span class='ocrx_word' id='word_1_684' title='bbox 1459 5105 1662 5161; x_wconf 88' lang='lat' dir='ltr'><strong>Christi</strong></span> <span class='ocrx_word' id='word_1_685' title='bbox 1698 5104 1902 5162; x_wconf 90' lang='lat' dir='ltr'><strong>hostes,</strong></span> <span class='ocrx_word' id='word_1_686' title='bbox 1943 5113 2044 5152; x_wconf 87' lang='lat' dir='ltr'><strong>nec</strong></span> <span class='ocrx_word' id='word_1_687' title='bbox 2079 5097 2303 5149; x_wconf 88' lang='lat' dir='ltr'><strong>omnino</strong></span> 
     </span>
    </p>
   </div>
   <div class='ocr_carea' id='block_1_100' title="bbox 736 5191 2304 5272">
    <p class='ocr_par' dir='ltr' id='par_1_100' title="bbox 736 5191 2304 5272">
     <span class='ocr_line' id='line_1_100' title="bbox 736 5191 2304 5272; baseline -0.011 -11"><span class='ocrx_word' id='word_1_688' title='bbox 736 5205 1076 5261; x_wconf 86' lang='lat' dir='ltr'><strong>tolerandum</strong></span> <span class='ocrx_word' id='word_1_689' title='bbox 1108 5210 1364 5272; x_wconf 87' lang='lat' dir='ltr'><strong>putarent</strong></span> <span class='ocrx_word' id='word_1_690' title='bbox 1421 5199 1512 5253; x_wconf 92' lang='lat' dir='ltr'><strong>Dei</strong></span> <span class='ocrx_word' id='word_1_691' title='bbox 1573 5197 1804 5252; x_wconf 83' lang='lat' dir='ltr'><strong>Verbum</strong></span> <span class='ocrx_word' id='word_1_692' title='bbox 1833 5208 1896 5246; x_wconf 87' lang='lat' dir='ltr'><strong>eo</strong></span> <span class='ocrx_word' id='word_1_693' title='bbox 1927 5191 2217 5252; x_wconf 82' lang='lat' dir='ltr'><strong>deducere,</strong></span> <span class='ocrx_word' id='word_1_694' title='bbox 2246 5199 2304 5244; x_wconf 93' lang='lat' dir='ltr'><strong>ut</strong></span> 
     </span>
    </p>
   </div>
   <div class='ocr_carea' id='block_1_101' title="bbox 734 5281 2305 5358">
    <p class='ocr_par' dir='ltr' id='par_1_101' title="bbox 734 5281 2305 5358">
     <span class='ocr_line' id='line_1_101' title="bbox 734 5281 2305 5358; baseline -0.014 -3"><span class='ocrx_word' id='word_1_695' title='bbox 734 5308 1024 5355; x_wconf 87' lang='lat' dir='ltr'><strong>censeatur</strong></span> <span class='ocrx_word' id='word_1_696' title='bbox 1062 5310 1148 5350; x_wconf 86' lang='lat' dir='ltr'><strong>res</strong></span> <span class='ocrx_word' id='word_1_697' title='bbox 1173 5303 1353 5348; x_wconf 88' lang='lat' dir='ltr'><strong>creata</strong></span> <span class='ocrx_word' id='word_1_698' title='bbox 1386 5311 1397 5346; x_wconf 93' lang='lat'>:</span> <span class='ocrx_word' id='word_1_699' title='bbox 1425 5292 1519 5347; x_wconf 88' lang='lat' dir='ltr'><strong>sed</strong></span> <span class='ocrx_word' id='word_1_700' title='bbox 1569 5306 1686 5345; x_wconf 93' lang='lat' dir='ltr'><strong>esse</strong></span> <span class='ocrx_word' id='word_1_701' title='bbox 1730 5287 1948 5358; x_wconf 86' lang='lat' dir='ltr'><strong>quidem</strong></span> <span class='ocrx_word' id='word_1_702' title='bbox 1985 5298 2107 5335; x_wconf 79' lang='lat' dir='ltr'><strong>cum</strong></span> <span class='ocrx_word' id='word_1_703' title='bbox 2147 5281 2305 5335; x_wconf 80' lang='lat' dir='ltr'><strong>Patre</strong></span> 
     </span>
    </p>
   </div>
   <div class='ocr_carea' id='block_1_102' title="bbox 737 5373 2306 5460">
    <p class='ocr_par' dir='ltr' id='par_1_102' title="bbox 737 5373 2306 5460">
     <span class='ocr_line' id='line_1_102' title="bbox 737 5373 2306 5460; baseline -0.013 -15"><span class='ocrx_word' id='word_1_704' title='bbox 737 5401 1011 5460; x_wconf 82' lang='lat' dir='ltr'><strong>expertem</strong></span> <span class='ocrx_word' id='word_1_705' title='bbox 1063 5386 1336 5458; x_wconf 90' lang='lat' dir='ltr'><strong>principii,</strong></span> <span class='ocrx_word' id='word_1_706' title='bbox 1378 5395 1433 5439; x_wconf 90' lang='lat' dir='ltr'><strong>et</strong></span> <span class='ocrx_word' id='word_1_707' title='bbox 1465 5381 1708 5454; x_wconf 89' lang='lat' dir='ltr'><strong>ejusdem</strong></span> <span class='ocrx_word' id='word_1_708' title='bbox 1755 5379 2005 5436; x_wconf 69' lang='lat' dir='ltr'><strong>essentne</strong></span> <span class='ocrx_word' id='word_1_709' title='bbox 2049 5373 2306 5431; x_wconf 86' lang='lat' dir='ltr'><strong>ostende-</strong></span> 
     </span>
    </p>
   </div>
   <div class='ocr_carea' id='block_1_103' title="bbox 737 5463 2301 5543">
    <p class='ocr_par' dir='ltr' id='par_1_103' title="bbox 737 5463 2301 5543">
     <span class='ocr_line' id='line_1_103' title="bbox 737 5463 2301 5543; baseline -0.011 -11"><span class='ocrx_word' id='word_1_710' title='bbox 737 5487 878 5543; x_wconf 89' lang='lat' dir='ltr'><strong>rent,</strong></span> <span class='ocrx_word' id='word_1_711' title='bbox 912 5479 1232 5530; x_wconf 81' lang='lat' dir='ltr'><strong>Arianorum</strong></span> <span class='ocrx_word' id='word_1_712' title='bbox 1284 5483 1464 5528; x_wconf 89' lang='lat' dir='ltr'><strong>autcm</strong></span> <span class='ocrx_word' id='word_1_713' title='bbox 1510 5471 1762 5542; x_wconf 87' lang='lat' dir='ltr'><strong>profanas</strong></span> <span class='ocrx_word' id='word_1_714' title='bbox 1812 5470 2079 5522; x_wconf 82' lang='lat' dir='ltr'><strong>novitates</strong></span> <span class='ocrx_word' id='word_1_715' title='bbox 2117 5465 2181 5517; x_wconf 87' lang='lat' dir='ltr'><strong>ad</strong></span> <span class='ocrx_word' id='word_1_716' title='bbox 2219 5463 2301 5516; x_wconf 86' lang='lat' dir='ltr'><strong>ni-</strong></span> 
     </span>
    </p>
   </div>
   <div class='ocr_carea' id='block_1_104' title="bbox 739 5570 1259 5638">
    <p class='ocr_par' dir='ltr' id='par_1_104' title="bbox 739 5570 1259 5638">
     <span class='ocr_line' id='line_1_104' title="bbox 739 5570 1259 5638; baseline -0.006 -16"><span class='ocrx_word' id='word_1_717' title='bbox 739 5570 906 5622; x_wconf 89' lang='lat' dir='ltr'><strong>hilum</strong></span> <span class='ocrx_word' id='word_1_718' title='bbox 933 5570 1259 5638; x_wconf 79' lang='lat' dir='ltr'><strong>redigerent.</strong></span> 
     </span>
    </p>
   </div>
   <div class='ocr_carea' id='block_1_105' title="bbox 813 5652 2304 5727">
    <p class='ocr_par' dir='ltr' id='par_1_105' title="bbox 813 5652 2304 5727">
     <span class='ocr_line' id='line_1_105' title="bbox 813 5652 2304 5727; baseline -0.007 -13"><span class='ocrx_word' id='word_1_719' title='bbox 813 5662 901 5714; x_wconf 92' lang='lat' dir='ltr'><strong>Ill.</strong></span> <span class='ocrx_word' id='word_1_720' title='bbox 941 5661 1157 5714; x_wconf 85' lang='lat' dir='ltr'><strong>Illorum</strong></span> <span class='ocrx_word' id='word_1_721' title='bbox 1189 5675 1320 5727; x_wconf 78' lang='lat' dir='ltr'><strong>ergo</strong></span> <span class='ocrx_word' id='word_1_722' title='bbox 1348 5657 1548 5720; x_wconf 84' lang='lat' dir='ltr'><strong>verbis,</strong></span> <span class='ocrx_word' id='word_1_723' title='bbox 1587 5671 1689 5708; x_wconf 90' lang='lat' dir='ltr'><strong>non</strong></span> <span class='ocrx_word' id='word_1_724' title='bbox 1715 5669 1871 5710; x_wconf 89' lang='lat' dir='ltr'><strong>secus</strong></span> <span class='ocrx_word' id='word_1_725' title='bbox 1903 5668 1966 5707; x_wconf 89' lang='lat' dir='ltr'><strong>ac</strong></span> <span class='ocrx_word' id='word_1_726' title='bbox 2007 5652 2144 5717; x_wconf 88' lang='lat' dir='ltr'><strong>telis,</strong></span> <span class='ocrx_word' id='word_1_727' title='bbox 2179 5666 2304 5705; x_wconf 87' lang='lat' dir='ltr'><strong>sau-</strong></span> 
     </span>
    </p>
   </div>
   <div class='ocr_carea' id='block_1_106' title="bbox 738 5743 2305 5820">
    <p class='ocr_par' dir='ltr' id='par_1_106' title="bbox 738 5743 2305 5820">
     <span class='ocr_line' id='line_1_106' title="bbox 738 5743 2305 5820; baseline -0.008 -13"><span class='ocrx_word' id='word_1_728' title='bbox 738 5753 860 5808; x_wconf 88' lang='lat' dir='ltr'><strong>ciati</strong></span> <span class='ocrx_word' id='word_1_729' title='bbox 894 5752 1168 5820; x_wconf 84' lang='lat' dir='ltr'><strong>infelices,</strong></span> <span class='ocrx_word' id='word_1_730' title='bbox 1204 5767 1324 5807; x_wconf 88' lang='lat' dir='ltr'><strong>cum</strong></span> <span class='ocrx_word' id='word_1_731' title='bbox 1370 5762 1468 5803; x_wconf 87' lang='lat' dir='ltr'><strong>nec</strong></span> <span class='ocrx_word' id='word_1_732' title='bbox 1500 5755 1722 5817; x_wconf 79' lang='lat' dir='ltr'><strong>possent</strong></span> <span class='ocrx_word' id='word_1_733' title='bbox 1763 5748 1838 5801; x_wconf 91' lang='lat' dir='ltr'><strong>eis</strong></span> <span class='ocrx_word' id='word_1_734' title='bbox 1875 5743 2145 5808; x_wconf 83' lang='lat' dir='ltr'><strong>resistere,</strong></span> <span class='ocrx_word' id='word_1_735' title='bbox 2208 5756 2305 5796; x_wconf 86' lang='lat' dir='ltr'><strong>nec</strong></span> 
     </span>
    </p>
   </div>
   <div class='ocr_carea' id='block_1_107' title="bbox 2407 4529 3973 4614">
    <p class='ocr_par' dir='ltr' id='par_1_107' title="bbox 2407 4529 3973 4614">
     <span class='ocr_line' id='line_1_107' title="bbox 2407 4529 3973 4614; baseline -0.009 -19"><span class='ocrx_word' id='word_1_736' title='bbox 2407 4545 2587 4614; x_wconf 80' lang='grc' dir='ltr'>ράπαν</span> <span class='ocrx_word' id='word_1_737' title='bbox 2619 4541 2790 4603; x_wconf 74' lang='grc' dir='ltr'>οὐδὲν,</span> <span class='ocrx_word' id='word_1_738' title='bbox 2825 4541 2889 4607; x_wconf 75' lang='grc' dir='ltr'>ἐφ</span> <span class='ocrx_word' id='word_1_739' title='bbox 2932 4533 2974 4606; x_wconf 82' lang='grc' dir='ltr'>ᾧ</span> <span class='ocrx_word' id='word_1_740' title='bbox 3013 4539 3087 4608; x_wconf 80' lang='grc' dir='ltr'>μὴ</span> <span class='ocrx_word' id='word_1_741' title='bbox 3111 4534 3256 4592; x_wconf 75' lang='grc' dir='ltr'>οὗτοι</span> <span class='ocrx_word' id='word_1_742' title='bbox 3281 4537 3343 4588; x_wconf 80' lang='grc' dir='ltr'>τὸ</span> <span class='ocrx_word' id='word_1_743' title='bbox 3390 4535 3657 4603; x_wconf 83' lang='grc' dir='ltr'>πρωτεῖον</span> <span class='ocrx_word' id='word_1_744' title='bbox 3684 4529 3855 4601; x_wconf 77' lang='grc' dir='ltr'>εἶχον.</span> <span class='ocrx_word' id='word_1_745' title='bbox 3887 4532 3973 4600; x_wconf 77' lang='grc' dir='ltr'>Τῷ</span> 
     </span>
    </p>
   </div>
   <div class='ocr_carea' id='block_1_108' title="bbox 2406 4625 3972 4703">
    <p class='ocr_par' dir='ltr' id='par_1_108' title="bbox 2406 4625 3972 4703">
     <span class='ocr_line' id='line_1_108' title="bbox 2406 4625 3972 4703; baseline -0.008 -14"><span class='ocrx_word' id='word_1_746' title='bbox 2406 4637 2532 4703; x_wconf 86' lang='grc' dir='ltr'>οείῳ</span> <span class='ocrx_word' id='word_1_747' title='bbox 2562 4631 2853 4701; x_wconf 82' lang='grc' dir='ltr'>τοιγαροῦν</span> <span class='ocrx_word' id='word_1_748' title='bbox 2885 4630 3082 4697; x_wconf 77' lang='grc' dir='ltr'>Παύλῳ</span> <span class='ocrx_word' id='word_1_749' title='bbox 3117 4629 3364 4688; x_wconf 82' lang='grc' dir='ltr'>συνόντες</span> <span class='ocrx_word' id='word_1_750' title='bbox 3399 4629 3492 4677; x_wconf 75' lang='grc' dir='ltr'><strong>καὶ</strong></span> <span class='ocrx_word' id='word_1_751' title='bbox 3517 4627 3625 4676; x_wconf 80' lang='grc' dir='ltr'>τῶν</span> <span class='ocrx_word' id='word_1_752' title='bbox 3650 4625 3738 4677; x_wconf 85' lang='grc' dir='ltr'>ὑπ’</span> <span class='ocrx_word' id='word_1_753' title='bbox 3765 4625 3972 4677; x_wconf 81' lang='grc' dir='ltr'>εκείνου</span> 
     </span>
    </p>
   </div>
   <div class='ocr_carea' id='block_1_109' title="bbox 2405 4717 3972 4795">
    <p class='ocr_par' dir='ltr' id='par_1_109' title="bbox 2405 4717 3972 4795">
     <span class='ocr_line' id='line_1_109' title="bbox 2405 4717 3972 4795; baseline -0.006 -18"><span class='ocrx_word' id='word_1_754' title='bbox 2405 4724 2796 4795; x_wconf 80' lang='grc' dir='ltr'>πραττομένων</span> <span class='ocrx_word' id='word_1_755' title='bbox 2855 4721 3006 4782; x_wconf 77' lang='grc' dir='ltr'>ὅντες</span> <span class='ocrx_word' id='word_1_756' title='bbox 3058 4719 3417 4788; x_wconf 73' lang='grc' dir='ltr'>ὑπογραφεῖς,</span> <span class='ocrx_word' id='word_1_757' title='bbox 3476 4717 3555 4788; x_wconf 78' lang='grc' dir='ltr'>τῷ</span> <span class='ocrx_word' id='word_1_758' title='bbox 3602 4720 3716 4787; x_wconf 83' lang='grc' dir='ltr'>λαῷ</span> <span class='ocrx_word' id='word_1_759' title='bbox 3773 4734 3830 4770; x_wconf 86' lang='grc' dir='ltr'><strong>τε</strong></span> <span class='ocrx_word' id='word_1_760' title='bbox 3878 4724 3972 4778; x_wconf 73' lang='grc' dir='ltr'><strong>τας</strong></span> 
     </span>
    </p>
   </div>
   <div class='ocr_carea' id='block_1_110' title="bbox 2406 4809 3972 4881">
    <p class='ocr_par' dir='ltr' id='par_1_110' title="bbox 2406 4809 3972 4881">
     <span class='ocr_line' id='line_1_110' title="bbox 2406 4809 3972 4881; baseline -0.006 -12"><span class='ocrx_word' id='word_1_761' title='bbox 2406 4819 2553 4878; x_wconf 79' lang='grc' dir='ltr'>Θείας</span> <span class='ocrx_word' id='word_1_762' title='bbox 2580 4813 3128 4881; x_wconf 84' lang='grc' dir='ltr'>ὑπαναγινώσκοντες</span> <span class='ocrx_word' id='word_1_763' title='bbox 3187 4809 3425 4880; x_wconf 74' lang='grc' dir='ltr'>βίϐλους,</span> <span class='ocrx_word' id='word_1_764' title='bbox 3457 4810 3600 4862; x_wconf 78' lang='grc' dir='ltr'>οὑτω</span> <span class='ocrx_word' id='word_1_765' title='bbox 3651 4811 3861 4880; x_wconf 66' lang='grc' dir='ltr'>θερμζν</span> <span class='ocrx_word' id='word_1_766' title='bbox 3888 4813 3972 4861; x_wconf 68' lang='lat' dir='ltr'><strong>17w</strong></span> 
     </span>
    </p>
   </div>
   <div class='ocr_carea' id='block_1_111' title="bbox 2406 4905 3968 4978">
    <p class='ocr_par' dir='ltr' id='par_1_111' title="bbox 2406 4905 3968 4978">
     <span class='ocr_line' id='line_1_111' title="bbox 2406 4905 3968 4978; baseline -0.005 -15"><span class='ocrx_word' id='word_1_767' title='bbox 2406 4913 2482 4971; x_wconf 82' lang='grc' dir='ltr'>εἰς</span> <span class='ocrx_word' id='word_1_768' title='bbox 2517 4909 2750 4978; x_wconf 75' lang='grc' dir='ltr'>Χριστὸν</span> <span class='ocrx_word' id='word_1_769' title='bbox 2785 4908 3094 4976; x_wconf 71' lang='grc' dir='ltr'>ὑπέτρειρον</span> <span class='ocrx_word' id='word_1_770' title='bbox 3121 4906 3320 4975; x_wconf 76' lang='grc' dir='ltr'>ἔρωτα,</span> <span class='ocrx_word' id='word_1_771' title='bbox 3358 4905 3433 4966; x_wconf 84' lang='grc' dir='ltr'>ὡς</span> <span class='ocrx_word' id='word_1_772' title='bbox 3465 4905 3618 4957; x_wconf 73' lang='grc' dir='ltr'>οὐδὲν</span> <span class='ocrx_word' id='word_1_773' title='bbox 3648 4906 3968 4970; x_wconf 71' lang='grc' dir='ltr'>ὑπολογισα-</span> 
     </span>
    </p>
   </div>
   <div class='ocr_carea' id='block_1_112' title="bbox 2410 4996 3973 5070">
    <p class='ocr_par' dir='ltr' id='par_1_112' title="bbox 2410 4996 3973 5070">
     <span class='ocr_line' id='line_1_112' title="bbox 2410 4996 3973 5070; baseline -0.004 -19"><span class='ocrx_word' id='word_1_774' title='bbox 2410 5003 2604 5070; x_wconf 80' lang='grc' dir='ltr'>μένους</span> <span class='ocrx_word' id='word_1_775' title='bbox 2637 5003 2737 5069; x_wconf 77' lang='grc' dir='ltr'><strong>τὴν</strong></span> <span class='ocrx_word' id='word_1_776' title='bbox 2769 4998 2863 5051; x_wconf 81' lang='grc' dir='ltr'>τοῦ</span> <span class='ocrx_word' id='word_1_777' title='bbox 2899 4997 3229 5067; x_wconf 83' lang='grc' dir='ltr'>κρατοῦντος</span> <span class='ocrx_word' id='word_1_778' title='bbox 3264 4996 3463 5066; x_wconf 87' lang='grc' dir='ltr'>μανίαν</span> <span class='ocrx_word' id='word_1_779' title='bbox 3483 4997 3689 5061; x_wconf 73' lang='grc' dir='ltr'>ὀξείαις</span> <span class='ocrx_word' id='word_1_780' title='bbox 3725 4996 3973 5067; x_wconf 66' lang='grc' dir='ltr'>χωρῆσαι</span> 
     </span>
    </p>
   </div>
   <div class='ocr_carea' id='block_1_113' title="bbox 2408 5090 3973 5163">
    <p class='ocr_par' dir='ltr' id='par_1_113' title="bbox 2408 5090 3973 5163">
     <span class='ocr_line' id='line_1_113' title="bbox 2408 5090 3973 5163; baseline -0.009 -16"><span class='ocrx_word' id='word_1_781' title='bbox 2408 5096 2544 5147; x_wconf 80' lang='grc' dir='ltr'>κατᾶ</span> <span class='ocrx_word' id='word_1_782' title='bbox 2581 5095 2690 5145; x_wconf 78' lang='grc' dir='ltr'><strong>τῶν</strong></span> <span class='ocrx_word' id='word_1_783' title='bbox 2735 5095 3136 5163; x_wconf 81' lang='grc' dir='ltr'>Χριστομὰχων</span> <span class='ocrx_word' id='word_1_784' title='bbox 3166 5094 3386 5161; x_wconf 81' lang='grc' dir='ltr'>ὁρμαῖς,</span> <span class='ocrx_word' id='word_1_785' title='bbox 3442 5091 3541 5142; x_wconf 81' lang='grc' dir='ltr'>καὶ</span> <span class='ocrx_word' id='word_1_786' title='bbox 3587 5090 3678 5146; x_wconf 76' lang='grc' dir='ltr'><strong>τὸν</strong></span> <span class='ocrx_word' id='word_1_787' title='bbox 3712 5090 3804 5141; x_wconf 68' lang='grc' dir='ltr'>τοῦ</span> <span class='ocrx_word' id='word_1_788' title='bbox 3841 5091 3973 5141; x_wconf 60' lang='grc' dir='ltr'>θεςῡ</span> 
     </span>
    </p>
   </div>
   <div class='ocr_carea' id='block_1_114' title="bbox 2406 5183 3968 5254">
    <p class='ocr_par' dir='ltr' id='par_1_114' title="bbox 2406 5183 3968 5254">
     <span class='ocr_line' id='line_1_114' title="bbox 2406 5183 3968 5254; baseline -0.006 -15"><span class='ocrx_word' id='word_1_789' title='bbox 2406 5187 2578 5254; x_wconf 82' lang='grc' dir='ltr'>Λόγον</span> <span class='ocrx_word' id='word_1_790' title='bbox 2646 5187 2726 5249; x_wconf 87' lang='grc' dir='ltr'><strong>είς</strong></span> <span class='ocrx_word' id='word_1_791' title='bbox 2783 5185 2990 5254; x_wconf 81' lang='grc' dir='ltr'>κτίσμα</span> <span class='ocrx_word' id='word_1_792' title='bbox 3043 5185 3377 5252; x_wconf 79' lang='grc' dir='ltr'>κατάγεσθαι</span> <span class='ocrx_word' id='word_1_793' title='bbox 3418 5183 3544 5253; x_wconf 73' lang='grc' dir='ltr'>μηδ’</span> <span class='ocrx_word' id='word_1_794' title='bbox 3581 5184 3718 5246; x_wconf 83' lang='grc' dir='ltr'>ὅλως</span> <span class='ocrx_word' id='word_1_795' title='bbox 3749 5184 3968 5234; x_wconf 66' lang='grc' dir='ltr'>ἀνεκτὸν</span> 
     </span>
    </p>
   </div>
   <div class='ocr_carea' id='block_1_115' title="bbox 2409 5275 3975 5348">
    <p class='ocr_par' dir='ltr' id='par_1_115' title="bbox 2409 5275 3975 5348">
     <span class='ocr_line' id='line_1_115' title="bbox 2409 5275 3975 5348; baseline -0.003 -18"><span class='ocrx_word' id='word_1_796' title='bbox 2409 5279 2658 5348; x_wconf 82' lang='grc' dir='ltr'>ποιῆσαι,</span> <span class='ocrx_word' id='word_1_797' title='bbox 2689 5279 2824 5330; x_wconf 70' lang='grc' dir='ltr'>ἀλλα</span> <span class='ocrx_word' id='word_1_798' title='bbox 2852 5281 3185 5348; x_wconf 74' lang='grc' dir='ltr'>συναναρχον</span> <span class='ocrx_word' id='word_1_799' title='bbox 3219 5278 3317 5348; x_wconf 80' lang='grc' dir='ltr'><strong>μὲν</strong></span> <span class='ocrx_word' id='word_1_800' title='bbox 3346 5275 3422 5346; x_wconf 78' lang='grc' dir='ltr'>τῷ</span> <span class='ocrx_word' id='word_1_801' title='bbox 3459 5276 3636 5346; x_wconf 76' lang='grc' dir='ltr'>Πατρὶ</span> <span class='ocrx_word' id='word_1_802' title='bbox 3672 5276 3764 5328; x_wconf 70' lang='grc' dir='ltr'>καὶ</span> <span class='ocrx_word' id='word_1_803' title='bbox 3783 5277 3975 5343; x_wconf 60' lang='lat' dir='ltr'><strong>upon-.3-</strong></span> 
     </span>
    </p>
   </div>
   <div class='ocr_carea' id='block_1_116' title="bbox 2410 5366 3973 5436">
    <p class='ocr_par' dir='ltr' id='par_1_116' title="bbox 2410 5366 3973 5436">
     <span class='ocr_line' id='line_1_116' title="bbox 2410 5366 3973 5436; baseline -0.003 -16"><span class='ocrx_word' id='word_1_804' title='bbox 2410 5386 2522 5421; x_wconf 88' lang='grc' dir='ltr'>σιον</span> <span class='ocrx_word' id='word_1_805' title='bbox 2576 5369 2735 5420; x_wconf 75' lang='grc' dir='ltr'>αὑτὸν</span> <span class='ocrx_word' id='word_1_806' title='bbox 2800 5369 3103 5434; x_wconf 79' lang='grc' dir='ltr'>ἀποδεῖξαι,</span> <span class='ocrx_word' id='word_1_807' title='bbox 3133 5369 3232 5430; x_wconf 71' lang='grc' dir='ltr'><strong>τὰς</strong></span> <span class='ocrx_word' id='word_1_808' title='bbox 3284 5368 3339 5420; x_wconf 79' lang='grc' dir='ltr'>δὲ</span> <span class='ocrx_word' id='word_1_809' title='bbox 3389 5367 3497 5419; x_wconf 82' lang='grc' dir='ltr'>τῶν</span> <span class='ocrx_word' id='word_1_810' title='bbox 3555 5366 3973 5436; x_wconf 76' lang='grc' dir='ltr'>ἁρειανιζόντων</span> 
     </span>
    </p>
   </div>
   <div class='ocr_carea' id='block_1_117' title="bbox 2411 5455 3972 5530">
    <p class='ocr_par' dir='ltr' id='par_1_117' title="bbox 2411 5455 3972 5530">
     <span class='ocr_line' id='line_1_117' title="bbox 2411 5455 3972 5530; baseline 0.001 -20"><span class='ocrx_word' id='word_1_811' title='bbox 2411 5459 2670 5530; x_wconf 79' lang='grc' dir='ltr'>βεϐήλους</span> <span class='ocrx_word' id='word_1_812' title='bbox 2700 5461 3031 5528; x_wconf 58' lang='grc' dir='ltr'>κενορωιίας</span> <span class='ocrx_word' id='word_1_813' title='bbox 3079 5461 3160 5522; x_wconf 88' lang='grc' dir='ltr'>εἱς</span> <span class='ocrx_word' id='word_1_814' title='bbox 3186 5458 3246 5510; x_wconf 86' lang='grc' dir='ltr'><strong>τὸ</strong></span> <span class='ocrx_word' id='word_1_815' title='bbox 3267 5458 3431 5528; x_wconf 79' lang='grc' dir='ltr'>μηδὲν</span> <span class='ocrx_word' id='word_1_816' title='bbox 3463 5455 3605 5511; x_wconf 84' lang='grc' dir='ltr'>εἶναι</span> <span class='ocrx_word' id='word_1_817' title='bbox 3629 5459 3972 5528; x_wconf 71' lang='grc' dir='ltr'>περιστῆσαι.</span> 
     </span>
    </p>
   </div>
   <div class='ocr_carea' id='block_1_118' title="bbox 2483 5638 3973 5713">
    <p class='ocr_par' dir='ltr' id='par_1_118' title="bbox 2483 5638 3973 5713">
     <span class='ocr_line' id='line_1_118' title="bbox 2483 5638 3973 5713; baseline -0.007 -15"><span class='ocrx_word' id='word_1_818' title='bbox 2483 5642 2556 5698; x_wconf 87' lang='grc' dir='ltr'><strong>Γ’.</strong></span> <span class='ocrx_word' id='word_1_819' title='bbox 2596 5643 2720 5706; x_wconf 85' lang='grc' dir='ltr'>Τοῖς</span> <span class='ocrx_word' id='word_1_820' title='bbox 2763 5643 2988 5696; x_wconf 80' lang='grc' dir='ltr'>ἐκείνων</span> <span class='ocrx_word' id='word_1_821' title='bbox 3036 5642 3328 5713; x_wconf 77' lang='grc' dir='ltr'>τοιγαροῦν</span> <span class='ocrx_word' id='word_1_822' title='bbox 3372 5645 3616 5713; x_wconf 69' lang='grc' dir='ltr'>ῥήμασιν</span> <span class='ocrx_word' id='word_1_823' title='bbox 3651 5638 3736 5695; x_wconf 72' lang='grc' dir='ltr'>οἷα</span> <span class='ocrx_word' id='word_1_824' title='bbox 3769 5642 3973 5709; x_wconf 65' lang='grc' dir='ltr'>βέλεσιν</span> 
     </span>
    </p>
   </div>
   <div class='ocr_carea' id='block_1_119' title="bbox 2411 5734 3974 5805">
    <p class='ocr_par' dir='ltr' id='par_1_119' title="bbox 2411 5734 3974 5805">
     <span class='ocr_line' id='line_1_119' title="bbox 2411 5734 3974 5805; baseline -0.006 -13"><span class='ocrx_word' id='word_1_825' title='bbox 2411 5738 2459 5792; x_wconf 73' lang='grc' dir='ltr'>οἱ</span> <span class='ocrx_word' id='word_1_826' title='bbox 2494 5734 2887 5804; x_wconf 76' lang='grc' dir='ltr'>κακοδαίμονες</span> <span class='ocrx_word' id='word_1_827' title='bbox 2937 5734 3248 5804; x_wconf 72' lang='grc' dir='ltr'>βληθέντες,</span> <span class='ocrx_word' id='word_1_828' title='bbox 3303 5737 3393 5787; x_wconf 66' lang='grc' dir='ltr'>καὶ</span> <span class='ocrx_word' id='word_1_829' title='bbox 3447 5735 3583 5805; x_wconf 68' lang='grc' dir='ltr'>μηδὲ</span> <span class='ocrx_word' id='word_1_830' title='bbox 3642 5738 3974 5792; x_wconf 71' lang='grc' dir='ltr'>ἀντιτείνειν,</span> 
     </span>
    </p>
   </div>
  </div>
