4198 6312
236 361 367 426 1297

1275 373 1448 434 ViTA
1495 373 1553 432 S.
1592 371 2030 433 ANASTASIE
2073 375 2422 434 ΗΟΜΑΝΕ.

3336 364 3462 429 1298

305 475 379 532 ι·’.
431 479 494 532 Ἢ
526 478 654 547 γοῦν
689 483 1011 548 διδάσκαλος
1051 485 1218 554 αὐτῆς
1258 486 1447 553 Σοφία,
1473 485 1566 556 τὴν
1601 484 1802 554 ἀθρόαν
1833 495 1872 549 Α

1906 489 2101 556 ianuis,
2130 487 2364 542 maximo
2403 489 2603 558 impetu
2641 485 2889 558 ingressi,
2923 482 3239 540 nominatim
3266 495 3472 549 σεπτε-

233 568 419 636 ῐφοδον
459 570 672 639 ἐκείνην
702 572 1030 646 θεασαμένη,
1086 579 1178 630 καὶ
1209 579 1308 648 τὴν
1354 581 1533 632 αἰτίαν
1567 580 1665 632 οὐκ
1729 580 1790 630 ἀ-

235 662 542 727 γνοήσασα,
614 664 728 717 ἀλλ’
795 667 1000 729 εὐθέως
1032 669 1388 738 συμϐαλοῦσα
1439 672 1500 724 τὸ
1533 674 1786 741 πρᾶγμα,

235 753 394 820 χάριν
429 755 597 824 ᾔτησε
633 759 757 818 τοὺς
788 760 1150 826 στρατιώτας.
1171 763 1310 816 ὥστε
1348 765 1544 834 μικρὸν
1577 766 1796 834 άναμεῖο

236 863 322 894 ναι
355 848 566 913 χρόνον.
624 852 732 902 Καὶ
776 851 1048 924 λαϐομένη
1105 859 1204 924 τῆς
1255 857 1613 919 Ἀναστασέας
1659 860 1794 924 μετά

235 935 508 1004 δακρύων,
548 942 723 993 στᾶσὰ
766 961 824 994 τε
856 946 1145 998 κατέναντι
1185 947 1277 1000 τοῦ
1325 948 1712 1017 θυσιαστηρίου
1741 953 1796 1001 ἐν

237 1029 558 1099 ἀποκρύφῳ,
599 1035 691 1084 καὶ
726 1033 843 1086 θεὸν
881 1039 1138 1105 μάρτυρα
1177 1039 1285 1091 τῶν
1333 1041 1468 1106 πρὸς
1514 1042 1681 1110 αὐτὴν
1712 1043 1795 1094 λό-

237 1135 347 1184 γων
381 1126 744 1196 ποιησαμένη,
829 1128 970 1194 Ἐγὼ
1015 1133 1114 1199 μέν
1171 1149 1252 1192 σε,
1291 1133 1649 1200 ποθεινοτάτη
1705 1151 1797 1202 μοι

238 1210 498 1282 Θύγατερ,
541 1215 670 1284 ἔφη,
707 1218 870 1270 παῖδα
903 1222 1326 1290 παραλαϐοῦσα,
1360 1225 1512 1276 οὐδὲν
1548 1227 1657 1276 τῶν
1721 1227 1802 1287 εἰς

239 1304 380 1371 ἐμὴν
403 1305 633 1374 δύναμιν
675 1312 767 1362 ἐπί
831 1330 911 1364 σοι
957 1313 1053 1381 τῆς
1091 1315 1226 1366 κατὰ
1275 1316 1406 1367 Θεδν
1454 1319 1703 1370 παιδείας
1738 1321 1799 1370 ἐκ

241 1395 466 1464 πρώτης
517 1400 731 1468 ἡμέρας
762 1405 857 1455 καὶ
890 1407 967 1464 εἰς
991 1405 1052 1457 τὸ
1080 1406 1254 1474 παρὸν
1307 1408 1556 1460 ἐνέλιπον
1583 1426 1596 1439 ·
1627 1412 1690 1463 σὺ
1723 1411 1799 1474 δὲ,

236 1501 316 1546 εις
350 1487 566 1553 ἠλικίαν
595 1492 691 1560 ἤδη
749 1497 840 1546 τοῦ
873 1495 1238 1563 πληρώματος
1297 1501 1681 1568 καταντήσασα
1710 1503 1800 1554 τοῦ

243 1577 498 1642 λριστοῦ,
529 1581 682 1634 ἄπιθι
712 1583 850 1652 πρὸς
891 1585 1047 1637 αὑτὸν
1072 1589 1478 1659 άγαλλιωμένη.
1517 1594 1672 1661 Λὺτῷ
1695 1595 1802 1664 γάρ

239 1684 298 1718 σε
341 1670 694 1738 νυμφεύομαι
729 1677 991 1742 σήμερον,
1046 1678 1141 1730 καὶ
1193 1680 1346 1749 αὑτῷ
1381 1685 1666 1751 προσάγω,
1711 1684 1803 1737 καὶ

235 1764 386 1832 αὐτῷ
420 1768 788 1836 παρατίθημι.
839 1771 966 1823 Ἰδοὺ
991 1774 1084 1824 καὶ
1108 1777 1134 1825 δ
1161 1776 1389 1843 νυμφὼν
1410 1777 1678 1847 εὐτρεπὴς
1707 1780 1797 1832 καὶ

236 1855 261 1905 ὁ
303 1856 482 1908 καλῶν
509 1858 768 1925 ἀψευδής*
803 1864 897 1913 καὶ
931 1867 979 1916 οἱ
1019 1865 1116 1932 τῆς
1142 1869 1318 1937 χαρᾶς
1343 1868 1564 1935 ἄγγελοι
1604 1872 1797 1939 πάρει-

244 1965 353 2010 σιν,
406 1947 479 2010 ώς
514 1949 753 2016 Χριστοῦ
791 1972 846 2006 σε
878 1956 1238 2020 δεξιώσασθαι
1271 1960 1507 2030 νύμξην,
1539 1964 1632 2014 καὶ
1665 1965 1800 2032 πρὸς

235 2039 360 2096 τοὺς
395 2037 668 2104 θαλάμους
738 2043 816 2112 τῷ
876 2046 1086 2114 βασιλεῖ
1129 2057 1562 2119 συνεισαγαγεῖν,
1609 2055 1798 2118 Βάδιζε

233 2127 414 2226 τοίνυν
437 2129 534 2196 τὴν
562 2135 753 2204 στενὴν
789 2137 998 2206 ταύτην
1027 2140 1120 2192 καὶ
1151 2141 1541 2213 τεθλιμμένην.
1576 2146 1680 2209 ἕως
1713 2147 1801 2201 διὰ

231 2233 331 2283 της
371 2218 512 2289 ὑπὲρ
544 2223 712 2275 αὑτοῦ
742 2230 1048 2296 μαρτυρίας
1069 2231 1124 2282 ἐν
1155 2232 1449 2302 εὐρυχώρῳ
1483 2237 1656 2306 στήσῃ
1674 2237 1800 2299 τοὺς

233 2309 402 2370 πόδας
437 2328 553 2365 σου.
591 2313 748 2367 Ἐπεὶ
789 2318 882 2369 καὶ
926 2316 1135 2372 δίκαιον
1161 2315 1204 2373 ὦ
1242 2329 1454 2387 τέκνον,
1499 2327 1558 2377 οὐ
1605 2330 1798 2384 παθεῖν

233 2396 374 2466 ὑπὲρ
406 2401 646 2469 Χριστοῦ
676 2407 858 2472 μόνον,
890 2409 1024 2460 ἀλλὰ
1062 2412 1153 2462 καὶ
1175 2413 1456 2480 πολλάκις,
1487 2416 1649 2486 εἴπερ
1686 2414 1796 2472 οἷον

229 2504 291 2540 τε
328 2491 624 2560 καὶτοῦτο,
655 2496 723 2548 δι’
760 2501 966 2551 ἐκεῖνον
1001 2501 1311 2559 ἀποθανεῖν.
1347 2509 1407 2558 Εί
1445 2509 1552 2577 γάρ
1597 2514 1799 2564 Δεσπό-

231 2597 330 2647 της
353 2582 428 2635 ὢν
456 2588 661 2650 ἐκεῖνος
684 2590 922 2642 ἀπέθανε
961 2592 1029 2644 δι’
1061 2596 1233 2664 ἡμᾶς,
1269 2597 1386 2659 πῶς
1416 2599 1474 2652 οὐ
1522 2603 1626 2673 χρὴ
1675 2605 1797 2656 δούς

230 2673 356 2735 λους
384 2675 544 2740 ὄντας
575 2679 722 2748 ἡμᾶς
780 2682 869 2734 τὸν
904 2683 1112 2737 ἐκείνου
1180 2688 1478 2757 προθύμως
1545 2697 1789 2763 μιμήσα-

231 2764 358 2814 σθαι
391 2764 655 2834 θάνατον;
701 2772 908 2836 Ἄλλως
940 2792 998 2827 τε
1031 2777 1087 2828 δὲ
1121 2779 1240 2832 οὐδὲ
1275 2779 1526 2858 θάνατος,
1552 2779 1596 2838 ὦ
1635 2788 1795 2854 μέλος

233 2856 390 2924 ἐμὸν,
435 2859 467 2927 ἠ
512 2860 600 2914 διὰ
660 2862 897 2931 Χριστὸν
957 2869 1206 2937 τελευτὴ,
1272 2874 1390 2926 ἀλλ’
1457 2856 1794 2948 εύιρροσύνη,

230 2950 398 3019 χαρά,
429 2951 618 3021 ἡδονὴ,
648 2953 994 3028 λαμπρότης.
1024 2962 1317 3033 ώραιότης,
1357 2969 1492 3032 φῶς,
1535 2931 1670 3024 πολὺ
1706 2931 1798 3026 τοῦ

233 3043 410 3108 φωτὸς
433 3044 627 3099 τούτου
659 3048 996 3120 γλυκύτερόν
1026 3070 1085 3106 τε
1107 3056 1201 3107 καὶ
1231 3057 1584 3130 ώραιότερον.
1612 3063 1796 3117 Πάντα

1896 585 2020 638 bant
2056 584 2411 636 Anastasiam.

1968 675 2055 728 llI.
2092 675 2225 742 Eius
2260 683 2438 729 autem
2469 674 2717 742 magistra
2746 670 2947 738 Sophia
2977 685 3099 725 cum
3129 671 3468 736 repentinam

1897 771 2040 824 illam
2075 768 2376 836 aspexisset
2421 764 2800 833 irruptionem.
2831 772 2884 816 et
2925 775 3141 816 causam
3176 774 3284 812 non
3315 759 3470 825 igno-

1900 873 2091 921 rasset.
2127 863 2222 916 sed
2254 876 2364 914 rem
2419 859 2621 922 statim,
2649 867 2707 911 ut
2747 867 2880 916 erat,
2929 853 3277 918 coniecisset.
3311 868 3336 903 a
3369 853 3472 904 tui-

1900 956 2082 1009 litibus
2117 953 2410 1023 postulavit
2444 953 2580 1005 hanc
2609 949 2857 1018 gratiam,
2890 956 2943 998 ut
2970 961 3160 1010 parum
3189 952 3471 1011 exspecta-

1902 1059 2042 1102 rent.
2081 1046 2209 1112 ane
2239 1061 2360 1099 cum
2410 1045 2714 1114 lacrymans
2762 1039 3060 1107 accepisset
3102 1035 3465 1098 Anastasiam,

1903 1151 1955 1198 ct
1983 1157 2099 1195 eam
2133 1141 2411 1195 statuisset
2440 1153 2506 1191 ex
2531 1137 2758 1189 adverso
2789 1149 2914 1195 arte,
2951 1140 3180 1191 secreto,
3213 1136 3266 1180 et
3300 1128 3466 1180 Deum

1905 1243 2094 1288 testem
2133 1233 2396 1287 adhibens
2424 1245 2632 1288 eorum,
2656 1243 2774 1295 qua:
2805 1224 3018 1278 dicebat
3043 1240 3055 1276 :
3091 1223 3198 1292 Ego
3225 1221 3464 1290 quidem.

1905 1327 2100 1395 inquit,
2138 1341 2168 1378 ο
2196 1323 2589 1391 jucundissima
2623 1320 2749 1378 ﬁlia.
2788 1315 2910 1373 cuiu
2946 1327 2997 1370 te
3036 1316 3268 1384 puellam
3311 1328 3466 1368 acce-

1905 1420 2124 1486 pissem,
2171 1416 2308 1469 nihil
2353 1431 2381 1468 a
2425 1415 2600 1484 primo
2645 1413 2731 1466 die
2781 1411 2847 1474 ad
2904 1409 3006 1463 hoc
3041 1422 3210 1474 usque
3253 1416 3470 1474 tempus

1903 1507 2222 1577 praetermisi
2278 1522 2376 1576 pro
2441 1505 2668 1568 viribus,
2723 1502 2867 1572 quod
2927 1500 3226 1570 pertineret
3281 1497 3347 1552 ad
3415 1507 3467 1550 to

1906 1599 2290 1654 instituendam
2326 1598 2380 1651 in
2433 1597 2519 1659 iis,
2554 1611 2697 1664 qute
2725 1595 2788 1647 ad
2841 1594 3009 1646 Deum
3061 1592 3354 1660 pertinent.
3386 1589 3466 1642 Tu

1904 1703 2083 1747 autem
2116 1705 2237 1744 cum
2261 1690 2370 1758 jam
2407 1687 2722 1756 perveneris
2756 1685 2818 1740 ad
2857 1694 3067 1740 aetatem
3116 1682 3470 1754 plenitudinis

1906 1783 2127 1844 Christi,
2159 1780 2294 1834 vade
2339 1781 2404 1835 ad
2441 1780 2621 1847 ipsum
2669 1779 2968 1832 exsultans.
3015 1775 3088 1827 Te
3135 1776 3278 1830 enim
3315 1774 3474 1827 hodie

1903 1873 2236 1939 despondeo,
2265 1879 2320 1924 et
2347 1869 2535 1932 oﬂ'ero,
2558 1877 2612 1922 et
2643 1870 2815 1923 trado.
2840 1867 2976 1922 Ecce
3002 1865 3110 1932 jam
3142 1872 3223 1917 est
3253 1873 3475 1931 paratus

1905 1965 2198 2024 thalamus,
2251 1972 2304 2016 et
2349 1963 2439 2031 qui
2492 1973 2542 2015 te
2575 1969 2754 2024 vocat,
2789 1970 2873 2012 est
2921 1973 3083 2011 verax
3121 1973 3133 2008 :
3171 1964 3222 2008 et
3275 1955 3475 2007 adsunt

1904 2063 2084 2120 nuntii
2119 2061 2322 2130 gaudii,
2367 2068 2427 2114 ut
2473 2069 2524 2114 te
2559 2058 2832 2126 accipiant
2877 2053 3076 2107 Christi
3110 2065 3387 2120 sponsam.
3420 2059 3470 2100 et

1903 2155 2170 2210 deducant
2203 2153 2269 2207 ad
2310 2150 2510 2222 Regem
2546 2150 2602 2204 in
2648 2162 2882 2218 superna
2917 2142 3289 2199 tabernacula.
3326 2139 3475 2192 Vade

1901 2263 2026 2314 ergo
2071 2262 2169 2315 per
2216 2245 2353 2299 hanc
2396 2253 2604 2297 arctam
2658 2250 2712 2294 et
2757 2245 3037 2308 angustam
3092 2235 3256 2297 viam,
3296 2223 3474 2286 donec

1902 2355 1999 2408 per
2040 2338 2357 2408 martyrium
2392 2351 2491 2406 pro
2541 2334 2660 2402 ipso
2706 2339 3043 2399 susceptum,
3094 2325 3148 2379 in
3184 2323 3474 2379 latitudine

1902 2437 2103 2485 statuat
2144 2430 2311 2498 pedes
2358 2438 2499 2482 tuos.
2557 2425 2689 2480 Nam
2731 2425 2936 2492 justum
2989 2429 3090 2482 est,
3123 2432 3155 2472 o
3195 2417 3322 2477 ﬁlia,
3361 2430 3470 2467 non

1901 2525 2073 2580 solum
2108 2539 2206 2593 pro
2237 2521 2453 2576 Christo
2482 2518 2611 2586 pati,
2643 2517 2736 2570 sed
2767 2516 2928 2568 etiam
2956 2526 3117 2580 saepe,
3151 2511 3193 2563 si
3221 2509 3325 2562 hoc
3358 2506 3468 2560 ﬁeri

1901 2624 2106 2686 posset,
2147 2613 2283 2668 mori
2332 2620 2557 2681 propter
2601 2608 2774 2661 illum.
2825 2603 2879 2658 Si
2929 2603 3095 2664 enim,
3154 2613 3275 2652 cum
3326 2605 3474 2651 esset

1902 2706 2186 2763 Dominus,
2232 2712 2484 2756 mortuus
2515 2707 2597 2753 est
2650 2707 2871 2765 propter
2909 2709 3030 2756 nos,
3065 2687 3334 2759 quomodo
3362 2701 3470 2740 non

1902 2804 2119 2863 Oportet
2150 2808 2275 2854 nos,
2324 2809 2446 2846 cum
2489 2791 2658 2844 simus
2695 2786 2860 2848 servi,
2903 2791 3156 2853 prompto
3197 2789 3250 2832 et
3304 2775 3470 2831 alacri

1903 2888 2084 2941 animo
2143 2884 2340 2938 imitari
2409 2883 2552 2936 illius
2605 2878 2876 2944 mortem?
2927 2875 3126 2930 Verum
3170 2886 3274 2925 nec
3324 2883 3476 2923 mors

1901 2979 2119 3049 quidem
2144 2987 2244 3041 est,
2277 2991 2308 3031 0
2340 2975 2465 3037 ﬁlia,
2502 2981 2723 3042 propter
2748 2968 3028 3026 Christum
3066 2967 3345 3025 decessus,
3376 2962 3471 3015 sed

1902 3069 2111 3131 laetitia,
2151 3067 2429 3137 gaudium,
2465 3065 2734 3132 voluptas.
2775 3059 3049 3127 Splendor,
3096 3052 3470 3125 pulchritudo,

230 3135 510 3204 ἄφθαρτα.
560 3140 740 3193 πάντα
802 3142 1018 3211 βέϐαια,
1054 3149 1232 3200 πάντα
1288 3150 1510 3218 μόνιμα,
1573 3153 1794 3225 διηνεκῆ
1829 3160 1871 3216 c

1906 3159 1995 3213 lux
2025 3135 2180 3226 longe
2211 3159 2309 3210 hac
2334 3159 2452 3209 luce
2483 3155 2694 3208 dulcior
2723 3163 2777 3206 et
2809 3150 3107 3220 pulchrior.
3145 3145 3337 3201 Omnia
3367 3144 3474 3197 illic

232 3229 436 3288 πάντα,
478 3229 570 3281 καὶ
603 3230 857 3285 οὐδέποτε
887 3235 1142 3303 λήγοντα.
1175 3241 1264 3307 Μὴ
1305 3240 1390 3314 δὴ,
1417 3237 1462 3294 ὦ
1490 3243 1796 3314 σπλάγχνον

231 3317 366 3383 ἑμον
397 3319 535 3385 πρὸς
567 3320 626 3370 τὸ
678 3322 951 3390 αὐστηρὸν
981 3325 1297 3396 άποὸλέψῃς
1339 3332 1446 3382 τών
1495 3303 1794 3402 τυράννων,

229 3410 323 3458 καὶ
387 3411 445 3460 τὸ
475 3411 638 3478 δριμὺ
670 3412 777 3465 τῶν
802 3414 1075 3470 κολάσεων
1096 3434 1110 3449 θ
1134 3420 1296 3484 αὐτὸς
1323 3424 1426 3492 γάρ
1459 3442 1538 3478 σοι.
1565 3427 1797 3496 Χριστὸς

226 3500 256 3550 ὁ
293 3503 525 3569 νυμφίος
560 3505 587 3556 ό
624 3505 714 3568 σὸς
745 3512 1183 3581 παραστήσεται,
1207 3517 1304 3579 τάς
1345 3517 1536 3581 ὀδύνας
1577 3522 1798 3574 ἐπικου-

231 3595 405 3661 φίζων
443 3599 536 3648 καὶ
572 3601 683 3651 τῶν
742 3603 997 3668 ἀναγκῶν
1034 3607 1455 3676 ἐξαιρούμενος.
1511 3613 1572 3663 Εἰ
1607 3614 1662 3664 δὲ
1707 3619 1798 3665 καὶ

236 3687 433 3752 μικρὸν
469 3704 526 3736 σε
561 3691 908 3759 συγχωρήσει
966 3696 1391 3775 κακοπαθῆσαι,
1424 3701 1564 3754 ὥστε
1610 3720 1702 3756 σου
1736 3705 1797 3757 τὸ

230 3783 481 3879 δοκίμιον
541 3783 639 3848 τῆς
696 3783 932 3850 πίστεως
978 3788 1256 3861 ὑπομονὴν
1303 3794 1795 3863 κατεργάσασθαι*

232 3868 351 3920 ἀλλ’
396 3871 511 3923 οὐκ
539 3875 620 3936 εἰς
663 3876 814 3938 τέλος
873 3880 1258 3950 ἐγκαταλείψει
1299 3886 1395 3937 καὶ
1441 3891 1793 3957 περιόψεται·

231 3961 352 4012 ἀλλῖ
388 3963 470 4014 ἔτι
507 3982 598 4016 σου
629 3969 970 4048 καμνούσης,
1008 3973 1372 4040 σϐεσθήσεται
1421 3979 1520 4047 μὲν
1556 3983 1797 4052 ἠδριμύε

231 4070 332 4120 της
357 4057 462 4107 τῶν
491 4058 774 4126 ἀλγεινῶν,
807 4062 1095 4116 ἀναστελεί
1121 4066 1174 4118 δέ
1208 4085 1291 4120 σοι
1314 4033 1679 4141 παράκλησιξ,
1705 4033 1795 4130 λαὶ

232 4150 351 4212 φώς
391 4150 482 4201 καὶ
515 4150 626 4219 ζωή
664 4169 720 4202 σε
758 4157 1085 4221 περιστελεί,
1121 4161 1212 4209 καὶ
1245 4159 1425 4228 ήδέξα
1459 4166 1664 4234 Κυρίου
1701 4185 1797 4219 xu-

235 4237 437 4289 κλώσει
478 4256 556 4290 σε.
593 4243 735 4307 Πρὸς
775 4241 946 4294 ταῦτα
976 4246 1008 4313 ἡ
1038 4246 1340 4316 παρθένος,
1393 4252 1574 4322 Eax-71;
1611 4255 1792 4324 ἔργον,

229 4325 277 4382 ὦ
323 4333 519 4400 μῆτερ,
554 4333 680 4402 ἔφη,
721 4335 940 4405 καὶτῆς
976 4338 1184 4392 ἄνωθεν
1213 4343 1390 4412 ῥοπῆς
1421 4361 1480 4398 τε
1512 4347 1610 4399 καὶ
1658 4365 1795 4417 συμ-

231 4425 432 4494 μαχίας
486 4425 548 4478 τὸ
587 4429 660 4496 μὴ
699 4429 833 4496 πρὸς
874 4431 1148 4502 τοσαύτην
1199 4435 1459 4503 ὠμότητα
1510 4439 1792 4506 τυράννων

227 4519 325 4570 καὶ
352 4520 547 4585 μανίαν
576 4520 975 4588 ἀπαγορεῦσαι.
1011 4541 1029 4575 ι
1059 4524 1130 4575 Τὸ
1162 4525 1259 4592 μὲν
1281 4525 1387 4594 γάρ
1416 4527 1642 4595 Πνεῦμα
1663 4529 1797 4598 πρό-
1831 4516 1872 4568 ι)

231 4613 422 4678 Θυμον.
456 4615 486 4682 ἡ
516 4614 569 4665 δὲ
593 4615 727 4684 σάρξ
759 4614 1011 4686 ἀσθενής·
1040 4637 1056 4670 ι
1089 4619 1223 4671 ἀλλά
1247 4619 1469 4690 δεήθητι
1493 4622 1585 4675 τοῦ
1615 4624 1792 4676 κοινοῦ

230 4704 524 4764 Δεσπὸτου,
563 4704 657 4755 καὶ
711 4705 989 4758 ἱκέτευσον
1027 4707 1188 4759 αὑτὸν
1237 4709 1385 4768 ὅπως
1440 4710 1796 4781 ἐξαποστείλῃ

231 4812 326 4864 μοι
355 4794 586 4864 δύναμιν
613 4797 672 4860 ἐξ
702 4797 890 4863 ὕψους,
931 4799 999 4850 δι’
1029 4793 1095 4869 ἧς
1128 4799 1592 4870 ἀντικαταστῆναι
1632 4790 1793 4872 δυνήὲ

229 4906 394 4955 σομαι
425 4890 559 4957 πρὸς
585 4890 725 4942 οὕτω
757 4893 949 4944 κακῶν
975 4892 1288 4964 βαρυτάτην
1326 4898 1624 4965 ἐπαγωγὴν
1650 4913 1663 4926 ·
1699 4898 1792 4948 καὶ

235 4980 538 5045 σπουδάσω,
586 4981 910 5053 μῆτερέμὴ,
942 4989 1006 5055 τῇ
1061 4988 1271 5040 ἐκείνου
1319 4989 1608 5057 δυναστείᾳ
1657 5006 1791 5057 κρα-

231 5075 562 5147 ταιουμένη,
600 5075 684 5126 διά
721 5076 908 5136 τέλους
936 5095 1018 5129 σοι
1062 5081 1300 5147 τηρῆσαι
1337 5082 1433 5142 τὰς
1494 5080 1793 5157 ὑποθήκας,

232 5167 326 5220 καὶ
355 5165 612 5233 οὺδεμιᾶς
641 5168 846 5220 τούτων
874 5171 1197 5240 ὀλιγωρήσω
1227 5174 1259 5244 ἢ
1311 5175 1660 5245 ἐπιλήσομαι.

301 5257 372 5313 Δ’.
407 5258 596 5312 Ταῦτα
645 5261 746 5329 τῆς
798 5265 1070 5331 παρθένου
1122 5267 1452 5337 διεξιούσης,
1496 5272 1590 5322 καὶ
1650 5271 1792 5325 οὕτω

220 5351 490 5419 γλυκείας
531 5355 596 5421 τῇ
654 5355 963 5424 διδασκάλῳ
1006 5361 1337 5428 ποιουμένης
1392 5364 1484 5415 καὶ
1535 5364 1792 5427 ποθεινὰς

228 5443 325 5503 τάς
363 5445 720 5512 ἐπαγγελίας,
747 5448 1103 5514 ἐπιπεσόντες
1130 5452 1326 5521 ἁθρόον
1349 5456 1396 5506 οἱ
1432 5457 1788 5524 στρατιῶται,

223 5539 320 5589 καί
353 5538 612 5609 καθάπερ
675 5543 862 5613 ἀρνίον
910 5545 1007 5613 τῆς
1065 5548 1273 5617 μητρὸς
1323 5549 1490 5618 αὐτὴν
1542 5551 1791 5604 ἀποσπά-

228 5645 443 5706 σαντεῇ
476 5631 652 5684 κλοιόν
693 5649 749 5686 τε
781 5635 1030 5706 σιδηροῦν
1079 5639 1491 5708 περιϐάλλουσι,
1532 5642 1625 5694 καὶ
1669 5642 1790 5712 γαί-

297 5799 522 5858 ‘Marth.
565 5823 679 5859 τινι
733 5809 815 5862 41.

1907 3253 1974 3308 ab
2001 3250 2218 3306 interitu
2253 3251 2444 3314 libera,
2468 3246 2650 3303 omnia
2685 3245 2838 3299 ﬁrma
2897 3258 2960 3298 ac
2999 3240 3209 3296 stabilia
3241 3277 3255 3302 ,
3288 3235 3469 3293 omnia

1905 3356 2167 3414 perpetua
2223 3351 2277 3396 et
2316 3354 2590 3409 nunquam
2623 3335 2951 3392 desinentia.
2991 3333 3069 3388 Ne
3103 3329 3402 3401 aspexeris,
3439 3345 3472 3382 o

1907 3437 2012 3488 ﬁlia
2065 3452 2205 3498 mea,
2243 3436 2310 3489 ad
2347 3436 2698 3491 aecrhitatem
2733 3441 3107 3504 tyrannorum,
3155 3437 3209 3482 et
3237 3425 3475 3496 gravita-

1907 3533 2014 3580 tem
2068 3524 2480 3600 suppliciorum.
2537 3525 2655 3591 Ipse
2722 3522 2867 3575 enim
2921 3520 3172 3575 Christus
3237 3529 3472 3585 sponsus

1907 3630 2032 3673 tuus
2083 3620 2177 3672 tibi
2225 3619 2437 3684 aderit,
2488 3618 2701 3673 dolores
2755 3616 3013 3676 allevans,
3057 3621 3112 3666 et
3158 3610 3398 3679 eripiens
3442 3623 3472 3658 ιι

1905 3711 2345 3766 necessitatibus.
2387 3711 2540 3776 Quod
2578 3712 2620 3763 si
2683 3711 2843 3764 etiam
2882 3705 3251 3768 concesserit,
3303 3711 3363 3756 ut
3414 3709 3472 3756 tu

1906 3804 2168 3857 malorum
2211 3803 2414 3872 aliquid
2465 3800 2806 3872 perpetiaris.
2859 3813 2967 3865 quo
3026 3807 3174 3852 tuam
3233 3794 3475 3850 toleran-

1905 3895 2036 3947 tiam
2088 3894 2284 3948 eﬁiciat
2329 3903 2433 3946 tute
2475 3893 2599 3945 ﬁdei
2652 3893 3024 3960 probationem
3063 3928 3076 3952 ,
3125 3900 3181 3944 at
3243 3904 3353 3942 non
3416 3887 3472 3940 in

1903 3986 2064 4041 ﬁnem
2096 3987 2311 4040 deseret
2342 3992 2398 4038 et
2432 3984 2716 4052 despiciet.
2750 3981 2844 4036 sed
2875 3991 2925 4035 te
2956 3979 3135 4034 adhuc
3169 3978 3470 4038 laborante.

1906 4080 2278 4149 exstinguetur
2311 4078 2528 4146 quidem
2564 4077 2814 4131 dolorum
2847 4073 3114 4128 acerbitas
3143 4087 3156 4123 :
3195 4069 3485 4134 exorietur_

1903 4182 2084 4225 autem
2117 4172 2214 4224 tibi
2247 4171 2544 4225 consolatio
2583 4182 2637 4224 et
2663 4169 2751 4223 lux
2786 4185 2798 4221 :
2835 4177 2890 4221 et
2913 4167 3020 4220 vita
3064 4175 3115 4219 te
3147 4162 3384 4222 amiciet,
3418 4169 3474 4214 et

1903 4263 2070 4333 gloria
2097 4262 2474 4317 circumdabit.
2503 4261 2582 4314 Ad
2612 4262 2724 4313 haec
2767 4260 2917 4324 virgo
2946 4274 2959 4310 :
2997 4255 3306 4324 Optandum
3349 4253 3471 4322 qui-

1903 4353 2023 4408 dem
2061 4362 2163 4416 est,
2219 4352 2410 4422 inquit,
2443 4368 2475 4406 ο
2511 4359 2702 4413 mater,
2749 4359 2804 4404 et
2850 4346 3116 4403 orandum
3153 4353 3211 4399 ut
3268 4345 3411 4413 quod
3441 4361 3468 4397 a

1903 4446 2085 4499 divino
2128 4446 2501 4516 proﬁciscatur
2545 4443 2765 4504 auxilio,
2819 4457 2884 4496 ne
2939 4439 3002 4495 ad
3053 4446 3255 4493 tantam
3291 4446 3472 4506 tyran-

1904 4551 2098 4590 norum
2142 4537 2514 4590 crudelitatem
2568 4546 2622 4587 et
2675 4533 2940 4586 insaniam
2987 4531 3252 4585 deﬁciam.
3289 4549 3304 4580 ι
3337 4527 3466 4582 Nam

1904 4629 2128 4698 spiritus
2180 4627 2396 4697 quidem
2447 4635 2530 4681 est
2580 4634 2898 4696 promptus,
2958 4639 3086 4677 caro
3148 4633 3330 4675 autem
3386 4623 3467 4674 in-

1904 4721 2056 4774 ﬁrma
2097 4721 2154 4772 ¹ι
2196 4740 2213 4772 ›
2250 4721 2342 4776 sed
2389 4735 2513 4790 roga
2563 4731 2905 4772 communem
2959 4713 3279 4775 Dominum,
3325 4722 3377 4765 et
3416 4712 3462 4764 ei

1902 4813 2142 4879 supplico
2170 4851 2182 4874 ,
2223 4821 2282 4864 ut
2327 4812 2502 4862 mittat
2539 4810 2604 4862 ad
2649 4823 2736 4862 me
2777 4808 3031 4861 virtutem
3075 4821 3140 4857 ex
3182 4806 3324 4863 alto.
3371 4820 3467 4872 per

1900 4920 2059 4974 quam
2095 4912 2282 4970 potero
2319 4903 2573 4956 resistere
2625 4910 2732 4954 tam
2763 4897 3034 4969 gravibus,
3059 4911 3178 4964 quae
3209 4894 3462 4964 inﬂigun-

1898 5006 2006 5059 tttr,
2046 4995 2246 5048 malis:
2282 4992 2612 5054 ctstudebo,
2657 4999 2829 5043 mater
2876 5001 3018 5052 mea,
3071 4982 3461 5038 illius-conﬁr-

1895 5099 2039 5142 mata
2092 5089 2313 5149 virtute,
2366 5096 2452 5139 tua
2517 5083 2723 5138 monita
2783 5090 3049 5150 perpetuo
3105 5092 3454 5137 conservare,

1893 5197 2069 5250 neque
2095 5183 2263 5235 ullum
2301 5195 2490 5234 eorum
2517 5178 2804 5246 negligant,
2842 5183 2936 5228 aut
2959 5173 3077 5242 ejus
3103 5169 3408 5224 obliviscar.

1969 5274 2054 5329 ιγ.
2097 5274 2230 5327 Cum
2281 5274 2394 5326 haec
2455 5274 2606 5338 virgo
2656 5269 2879 5330 diceret,
2919 5275 2975 5320 et
3037 5265 3302 5334 magistrae
3349 5273 3458 5317 tam

1895 5371 2074 5426 dulcia
2110 5381 2164 5425 et
2192 5369 2426 5439 jucunda
2464 5366 2660 5420 faceret
2705 5365 2995 5429 promissa,
3042 5363 3320 5414 irruerunt
3374 5376 3457 5412 re-

1895 5473 2056 5533 pente
2097 5464 2314 5521 miiites,
2367 5469 2421 5514 et
2475 5475 2591 5513 eam
2665 5468 2920 5525 tanquam
2966 5468 3154 5522 agnam
3196 5467 3223 5504 a
3288 5461 3456 5504 matre

1894 5556 2209 5618 avellentes,
2247 5553 2528 5623 imponunt
2566 5550 2614 5604 ei
2657 5549 2893 5603 ferreum
2926 5544 3150 5610 collare,
3185 5553 3239 5598 et
3277 5543 3454 5596 letam

1891 5647 2165 5702 adducunt
2211 5645 2272 5702 ad
2335 5643 2634 5716 praesidem.
2684 5641 2774 5695 Illa
2830 5647 3007 5692 autem
3068 5635 3115 5691 ei
3186 5643 3332 5688 stans
3387 5647 3455 5688 εκ
