4198 6312
786 361 922 424 1‘299

2047 371 2331 433 MENSIS
2367 370 2727 431 OCTOBER.

3888 373 4011 435 1300

786 484 1037 545 adverso,
1102 493 1279 539 mente
1310 486 1482 540 multo
1519 488 1688 557 magis
1718 488 1937 544 Christo
1995 492 2203 544 astabat
2247 506 2347 543 suo
2376 490 2425 547 Α

2376 490 2425 547 Α
2454 504 2657 557 ρουσαν
2689 490 2880 557 ἄγουσι
2918 490 3055 559 πρὸς
3082 491 3174 544 τὸν
3202 490 3464 561 ἡγεμόνα.
3505 490 3567 544 Ἦ
3596 491 3651 543 δὲ
3681 490 3827 543 κατά
3853 492 4010 561 πρόες

786 589 1008 637 spouso,
1052 584 1103 628 et
1145 588 1253 629 toto
1298 578 1461 631 animi
1510 579 1703 633 intuitu
1760 583 1823 633 ad
1880 598 2001 635 eum
2049 584 2349 651 aspiciebat

785 676 839 716 et
896 664 943 715 iu
992 664 1106 732 ejus
1160 670 1393 735 speciem
1449 682 1501 725 et
1547 673 2005 741 pulcln'itudinem
2077 676 2347 745 detigebat

784 757 969 808 oculos
1000 756 1388 828 intelligentia}.
1420 763 1594 832 Atque
1618 766 1906 833 stupebant
1936 766 2154 834 quidem
2185 777 2346 836 quot-

780 858 909 907 quot
961 850 1219 915 aderant,
1269 863 1323 907 et
1377 858 1618 924 corporis
1661 858 1779 925 ejus
1843 859 2342 928 pulchritudinem.

783 939 1009 1007 ejusque
1042 944 1463 1000 moderationem
1512 960 1567 1002 et
1604 950 1784 1003 vultus
1833 952 2172 1021 dignitatem.
2216 951 2348 1005 Pro-

784 1030 885 1083 bus
937 1042 1118 1087 autem
1175 1050 1291 1089 eam
1349 1039 1584 1107 primum
1638 1044 1847 1111 rOgavit
1913 1045 2055 1112 quod
2102 1054 2249 1099 esset
2298 1048 2346 1100 ei

784 1136 1003 1175 nomen.
1055 1123 1254 1195 Martyr
1299 1140 1518 1182 autem:
1566 1132 1757 1197 Vocor,
1812 1134 2006 1202 inquit,
2040 1138 2344 1193 Anastasia.

785 1212 927 1266 Deus
961 1216 1105 1268 enim
1138 1233 1224 1271 me
1256 1218 1379 1274 fecit
1408 1238 1647 1291 surgere,
1681 1236 1739 1280 ut
1768 1236 1839 1291 te,
1869 1236 1924 1281 et
1955 1236 2161 1295 patrem
2198 1241 2347 1283 tuum

789 1305 947 1358 hodie
972 1308 1176 1374 pudore
1204 1310 1452 1369 alliciam.
1483 1314 1686 1369 Probus
1718 1332 1847 1371 vero
1873 1318 2063 1372 videns
2087 1320 2345 1389 virginem

784 1394 836 1445 in
876 1397 1141 1466 principio
1194 1410 1298 1454 tam
1348 1419 1540 1473 aspere
1594 1410 1963 1477 respondisse,
2001 1414 2191 1466 statuit
2230 1430 2347 1467 eam

783 1490 997 1556 aggredi
1032 1492 1330 1557 blanditiis,
1364 1507 1417 1550 et
1465 1498 1543 1552 sic
1579 1501 1789 1556 mollire
1820 1504 2165 1572 asperitatem
2205 1507 2348 1560 illius

784 1589 836 1631 et
861 1579 1134 1645 duritiem,
1188 1588 1439 1642 nesciens
1470 1592 1680 1658 qualem
1711 1593 1960 1665 frangere
1990 1600 2252 1665 animum,
2296 1612 2351 1654 et

783 1673 996 1737 qualem
1051 1676 1191 1730 circa
1241 1680 1396 1733 tidem
1441 1683 1781 1739 adamantem
1829 1698 2042 1753 putaret
2088 1706 2146 1745 se
2190 1707 2349 1759 posse

784 1774 1087 1822 conterere.
1132 1770 1351 1827 Dicebat
1375 1774 1596 1843 itaque:
1628 1777 1745 1831 Tibi
1790 1782 2036 1845 consulo,
2064 1798 2096 1836 o
2140 1783 2267 1845 ﬁlia,
2294 1796 2351 1840 ut

2454 600 2603 639 ωπον
2628 584 2836 636 ἐκείνου
2879 586 3072 648 στᾶσα,
3111 586 3203 637 καὶ
3256 584 3407 654 αὐτῷ
3425 586 3767 653 παρεστάναι
3791 584 4012 637 δοκοῦσα

2459 678 2593 733 πολὺ
2631 677 2831 746 μᾶλλον
2858 679 2922 747 τῇ
2951 676 3161 747 διανοίᾳ
3192 676 3418 745 Χριστῷ
3449 675 3526 745 τῷ
3563 677 3763 745 ἑαυτῆς
3801 679 4010 746 νυμφίῳ

2456 770 2761 839 παρίστατο
2786 805 2800 832 ,
2836 770 2929 821 καὶ
2961 768 3064 837 ὅλῳ
3088 768 3167 836 τῷ
3198 769 3292 837 τῆς
3343 767 3521 836 ψυχῆς
3557 767 3834 837 βλέμματι
3880 771 4007 835 πρὸς

2454 863 2618 917 αὑτὸν
2640 863 2810 928 ἑώρα,
2831 862 2925 915 καὶ
2950 861 3024 928 τῷ
3054 861 3236 913 κάλλει
3270 862 3463 913 τούτου
3495 860 3672 929 καὶτῇ
3703 862 4009 931 ὡραιότητι,

2453 952 2657 1020 νοερῶς
2714 946 2783 1021 ἦν
2836 951 3177 1013 ἀτενίζουσα.
3221 951 3433 1013 Πάντας
3476 951 3576 1018 μὲν
3619 946 3711 1003 οὖν
3756 952 4008 1021 ἔκπληξις

2454 1042 2563 1114 εἶχε
2597 1045 2720 1106 τοὺς
2747 1042 3019 1112 παρόντας
3055 1044 3144 1093 ἐπί
3188 1059 3246 1094 τε
3312 1045 3377 1112 τῇ
3411 1040 3505 1095 τοῦ
3549 1042 3800 1112 σώματος
3844 1045 4006 1113 αὐτῆς

2454 1136 2593 1205 ὥρα,
2629 1137 2721 1188 καὶ
2764 1135 2841 1203 τῷ
2877 1134 3136 1203 εὐκόσμῳ
3186 1133 3281 1186 τοῦ
3332 1136 3790 1203 παραστήματος.
3856 1134 3914 1185 '0
3958 1135 4009 1187 δὲ

2456 1227 2662 1295 Πρόϐος
2684 1268 2698 1291 ,
2734 1226 2799 1278 Τί
2832 1242 2913 1277 σοι
2947 1226 3149 1293 δνομα;
3187 1224 3400 1293 πρῶτον
3440 1225 3604 1294 αὐτὴν
3635 1228 3818 1296 ἤρετο.
3848 1228 3953 1278 Καὶ
3981 1228 4010 1294 ή

2459 1320 2699 1387 μάρτυς,
2767 1316 3101 1370 Ἀναστασία
3158 1315 3458 1384 καλοῦμαι,
3521 1318 3674 1385 φησί.
3745 1319 3855 1371 Καὶ
3911 1319 4013 1387 γὰρ

2456 1408 2724 1476 ἀνέστησὲ
2787 1425 2851 1476 με
2884 1410 2911 1461 ὁ
2946 1408 3173 1477 Κύριος,
3218 1406 3360 1460 ὥστε
3405 1408 3498 1459 καὶ
3537 1409 3595 1460 σε
3620 1411 3887 1478 τήμερον,
3921 1413 4012 1460 καὶ

2457 1502 2666 1570 πατέρα
2696 1500 2786 1552 τὸν
2822 1499 2934 1561 σὺν,
2968 1500 3025 1562 ὃς
3059 1502 3207 1553 ἐστιν
3236 1503 3263 1553 ό
3312 1500 3581 1569 πονηρὸς,
3625 1500 4008 1569 καταισχῦναι.

2467 1591 2526 1642 ’0
2576 1589 2708 1657 γοῦν
2765 1590 2998 1659 Προεος,
3039 1589 3185 1643 οὕτω
3241 1590 3500 1658 τραχείας
3550 1589 3674 1642 ἰδὼν
3731 1593 3879 1659 παρὰ
3920 1592 4012 1660 τὴν

2457 1684 2634 1753 ἀρχὴν
2686 1681 2989 1734 δεδωκυῖαν
3039 1683 3138 1752 τὴν
3189 1682 3461 1752 παρθένον
3518 1684 3618 1745 τας
3672 1683 4009 1751 ἀποκρῖσεις,

2458 1777 2598 1842 ἔγνω
2631 1776 2895 1839 θωπείαις
2921 1775 3092 1846 αὐτὴν
3117 1776 3389 1841 ὑπελθεῖν,
3413 1777 3504 1828 καὶ
3533 1775 3706 1845 ταύτῃ
3739 1775 3800 1826 τὸ
3826 1776 4013 1841 πικρδν

783 1869 844 1905 ea
880 1858 1070 1929 eligas,
1115 1878 1233 1930 qua:
1267 1875 1394 1919 sunt
1436 1867 1526 1919 tibi
1581 1869 1756 1933 utilia,
1802 1880 1856 1923 et
1910 1873 2118 1942 magnis
2150 1875 2253 1929 diis
2298 1886 2348 1930 te
2391 1846 2426 1897 Β

2391 1846 2426 1897 Β
2460 1871 2638 1921 ἐκεῖνο
2668 1867 3049 1935 καταμαλάξαι
3068 1869 3158 1919 καὶ
3181 1867 3449 1936 αὐστηρὸν
3477 1870 3567 1919 καὶ
3588 1868 3883 1934 ἀπότομον,
3923 1866 4012 1917 οὐκ

782 1946 1068 2019 adjuugas,
1098 1962 1151 2005 et
1184 1954 1263 2008 eis
1299 1972 1404 2009 una
1430 1959 1712 2013 nobiscum
1749 1963 2038 2019 sacrifices.
2075 1965 2165 2020 Sic
2202 1969 2344 2022 enim

785 2044 903 2094 viro
962 2044 1180 2111 quidem
1221 2047 1469 2120 jungeris
1523 2054 1890 2123 matrimonio,
1945 2059 2103 2127 cujus
2144 2061 2247 2113 erit
2295 2063 2345 2113 in

782 2134 999 2189 civitate
1047 2138 1280 2192 maxima
1323 2145 1640 2208 auctoritas,
1691 2148 1958 2203 addentur
2010 2161 2190 2206 autem
2255 2154 2347 2207 tibi

782 2240 998 2295 quoque
1034 2232 1304 2298 pecunize,
1340 2250 1557 2300 aurum,
1592 2249 1896 2308 argentum,
1933 2253 2133 2304 vestes,
2164 2245 2348 2298 multi-

786 2318 912 2370 tudo
957 2321 1371 2390 mancipiorum,
1416 2327 1636 2395 erisque
1682 2331 1962 2398 splendida
1997 2342 2051 2386 et
2096 2333 2344 2404 insignis.

784 2405 939 2473 Apud
976 2416 1023 2460 te
1049 2422 1176 2475 ergo
1226 2415 1528 2478 considera,
1567 2417 1618 2469 id
1666 2421 1879 2474 consilii
1928 2424 2166 2492 capiens,
2199 2428 2345 2494 quod

782 2506 837 2552 et
865 2506 968 2552 tua:
997 2502 1285 2557 conveniat
1318 2506 1738 2573 pulchritudini,
1764 2521 1819 2565 et
1861 2514 2026 2569 animi
2053 2518 2346 2582 nobilitati,

783 2605 959 2658 neque
994 2594 1123 2648 velis
1162 2596 1254 2649 ira:
1288 2608 1486 2652 nostra:
1522 2599 1701 2655 facere
1748 2605 2070 2670 periculum,
2121 2624 2220 2661 nec
2270 2609 2353 2662 di-

783 2697 935 2733 scere
972 2694 1231 2748 quantum
1265 2688 1334 2740 sit
1369 2689 1569 2742 malum
1619 2692 1887 2760 impietas.
1921 2697 2031 2766 Ego
2062 2698 2205 2752 enim
2244 2708 2349 2754 tua:

782 2773 1222 2841 pulchritudinis,
1258 2786 1509 2848 tanquam
1546 2783 1736 2837 eodem
1765 2796 1917 2839 ortus
1962 2789 2247 2856 sanguine,
2294 2800 2348 2843 et

784 2873 907 2915 tuus
933 2874 1087 2931 pater
1115 2869 1411 2922 secundum
1443 2887 1661 2927 carnem
1705 2876 1858 2944 (deos
1906 2878 2123 2947 testor),
2162 2896 2346 2934 curam

783 2971 995 3024 gerens,
1034 2972 1266 3027 suggero
1308 2978 1426 3028 quae
1473 2972 1600 3017 sunt
1646 2965 1951 3033 profutura.
1994 2967 2149 3031 Quod
2199 2969 2242 3021 si
2292 2978 2347 3021 ttt

785 3047 868 3099 his
905 3064 1011 3099 non
1048 3050 1313 3116 parueris.
1342 3066 1521 3119 neque
1552 3056 1687 3107 meis
1715 3057 1947 3109 cesseris
1979 3057 2343 3124 suasionibus,

782 3157 1009 3194 necesse
1054 3142 1155 3195 erit
1202 3154 1256 3196 ut
1298 3160 1469 3198 meam
1512 3146 1769 3215 deinceps
1806 3157 2005 3202 tantam
2050 3151 2347 3220 experiaris
2375 3192 2415 3235 Γ

2387 3227 2416 3248 υ

780 3235 1060 3297 saevitiam,
1086 3246 1285 3304 quanta
1318 3254 1461 3291 nune
1492 3239 1822 3307 benignitate
1869 3240 2062 3295 frueris
2112 3251 2165 3295 et
2198 3257 2346 3293 man-

779 3325 1068 3378 suetudine
1105 3339 1119 3375 :
1168 3342 1274 3393 quo
1314 3335 1553 3395 tempore
1587 3328 1706 3379 etsi
1748 3329 1965 3382 ducaris
2002 3330 2341 3397 ptenitentia,

780 3416 913 3468 nihil
950 3416 1180 3471 l'ortasse
1212 3418 1305 3473 tibi
1332 3419 1593 3489 proderit.

2454 1958 2608 2021 είδὼς
2628 1960 2745 2011 οἵαν
2772 1959 3151 2026 ὑποχαυνῶσαι
3170 1957 3491 2028 ψυχὴν,οἴου
3507 1957 3864 2027 παράψασθαι
3890 1972 3952 2005 πε
3964 1955 4015 2022 pi.

2454 2054 2551 2122 τὴν
2582 2050 2763 2102 πίστιν
2798 2051 3104 2118 ἀδάμαντος
3132 2048 3283 2119 ᾤετο.
3325 2049 3557 2118 Ἀμέλει,
3621 2051 3717 2101 καὶ
3760 2046 4005 2113 πείσθητὶ

2464 2163 2574 2215 μοι,
2617 2143 2972 2214 συμϐουλεύω
3004 2160 3108 2204 σοι.
3140 2142 3401 2213 θύγατερ.
3441 2144 3613 2209 ἔλεγε.
3644 2143 3714 2194 τὰ
3760 2142 4003 2208 laurei?)

2456 2240 2621 2307 σαυτῇ
2654 2235 3003 2306 προελέσθαι,
3030 2233 3171 2296 θεοῖς
3199 2250 3255 2285 τε
3274 2236 3385 2288 τοῖς
3413 2233 3667 2302 μεγάλοις
3702 2231 4013 2295 συνθέσθαι,

2455 2332 2548 2382 καὶ
2590 2327 2848 2388 κοινωνὸς
2882 2328 3015 2395 ἡμῖν
3045 2327 3145 2392 τῆς
3176 2323 3358 2375 αὐτῶν
3403 2323 3746 2390 καταστῆναι
3803 2322 4012 2381 θυσίας.

2452 2420 2607 2475 Οὕτω
2646 2419 2752 2489 γὰρ
2786 2418 2944 2486 ἀνδρὶ
2975 2418 3071 2487 μὲν
3098 2417 3178 2469 ἑνὶ
3212 2415 3637 2485 συναρμοσθήση
3692 2415 3803 2466 τῶν
3855 2416 4014 2479 ἀξιώ-

2456 2529 2624 2583 ματος
2656 2512 2806 2583 παρά
2843 2514 2908 2581 τῇ
2981 2511 3134 2565 πόλει
3195 2509 3287 2561 τοῦ
3349 2510 3610 2578 μεγίστου
3656 2508 4011 2576 ἠξιωμένων·

2453 2604 2956 2676 προστεθήσεταιδέ
2987 2621 3068 2656 σοι
3098 2606 3191 2656 καὶ
3214 2603 3491 2673 χρήματα,
3517 2602 3738 2670 χρυσὶς,
3758 2602 4014 2668 ἄργυρος,

2451 2697 2701 2766 ἐσθῆτες,
2731 2696 3083 2765 ἀνδραπόδων
3124 2695 3354 2761 πληθὺς,
3388 2692 3480 2743 καὶ
3527 2690 3758 2759 λαμπρὰ
3812 2691 4016 2758 γενήσῃ

2450 2790 2586 2859 τοιχῦ
2644 2789 2736 2841 καὶ
2766 2787 3065 2856 περίδοξος.
3092 2786 3295 2851 Σκέψαι
3324 2781 3614 2852 τοιγαροῦν
3643 2784 3793 2850 παρὰ
3824 2785 4013 2846 σαυτῇ,

2454 2879 2765 2947 κατάλληλα
2797 2880 2862 2946 τῇ
2900 2893 2958 2928 τε
2983 2876 3079 2944 τῆς
3108 2874 3279 2944 ὄψεως
3313 2874 3431 2944 ὥρα
3472 2875 3566 2926 καὶ
3595 2877 3660 2944 τῇ
3699 2874 3797 2939 τῆς
3840 2873 4012 2939 ψυχῆς

2453 2970 2696 3039 εὐγενείᾳ
2729 2967 3135 3038 βουλευσαμένη
3168 2984 3183 2998 ο
3244 2967 3377 3035 μηδὲ
3430 2966 3660 3034 θελήσῃς
3713 2962 3891 3013 ἐλθεῖν
3928 2964 4002 3021 εἰς

2454 3064 2648 3131 πεῖραν
2679 3060 2963 3129 ἡμετέρας
3012 3054 3644 3125 ἀγανακτήσεως,ομηδε
3699 3047 3811 3104 οἷον
3851 3050 4012 3101 κακον

2455 3154 2647 3222 μαθεῖν
2682 3154 2712 3221 ἡ
2747 3151 2991 3203 ἀσέϐεια.
3036 3148 3178 3213 Ἐγὼ
3234 3149 3342 3215 γάρ
3388 3162 3481 3198 σου
3518 3144 3612 3196 τοῦ
3648 3144 3897 3203 κάλλους,
3943 3142 4012 3203 ὡς

2456 3244 2709 3309 αἵματος,
2736 3243 2969 3293 ἴστωσαν
3003 3241 3049 3291 οἱ
3075 3238 3206 3304 θεοὶ,
3238 3237 3513 3300 κοινωνὸς,
3548 3237 3642 3290 καὶ
3668 3236 3850 3303 πατὴρ
3876 3234 4011 3285 κατά

2458 3335 2633 3405 σάρκα
2670 3335 2985 3404 κηδόμενος,
3016 3332 3314 3404 ὑποτίθημι
3369 3331 3439 3385 τὰ
3496 3331 3836 3383 συνοίσοντα.
3875 3327 3934 3379 Εἰ
3958 3324 4011 3377 δὲ

2453 3426 2527 3497 μὴ
2562 3427 2655 3481 καὶ
2689 3428 2750 3480 σὺ
2778 3412 2911 3494 πρὸς
2963 3424 3134 3478 ταῦτα
3193 3425 3482 3495 παράσχῃς
3522 3424 3722 3491 ἑαυτὴν
3755 3418 4008 3487 πειθομέ-

777 3531 896 3580 νην,
935 3514 1070 3581 μηδὲ
1121 3517 1239 3573 ταῖς
1282 3513 1444 3581 ἐμαῖς
1488 3511 1665 3583 ἠπίως
1708 3513 1963 3567 εἴκουσαν
2002 3516 2408 3584 παραινέσεσιν,
2444 3518 2657 3586 ἀνάγκη
2686 3516 2869 3567 λοιπὸν
2892 3515 3158 3581 τοσαύτης
3212 3531 3312 3581 μου
3355 3512 3685 3578 πειραθῆναι
3730 3516 3831 3579 τῆς
3869 3512 4008 3575 ἀπη-

778 3608 925 3669 νείας
953 3608 1048 3660 καὶ
1078 3608 1415 3678 ἀγριότητος,
1442 3611 1575 3678 ὅσης
1595 3610 1687 3664 νῦν
1717 3612 2010 3671 ἀπολαύεις
2059 3611 2343 3678 εὐμενείας
2376 3610 2467 3664 καὶ
2530 3612 2885 3683 ἡμερότητος,
2950 3609 3075 3662 ὅταν
3128 3608 3220 3660 καὶ
3282 3606 3698 3676 μεταμελομένη
3731 3608 3871 3674 τάχα
3910 3623 4001 3673 μη⁹

776 3705 863 3755 ὁὲν
980 3721 1059 3756 σοι
1091 3706 1186 3773 τῆς
1223 3706 1594 3772 μεταμελείας
1623 3704 1949 3759 ἀπόνασθαι.

854 3798 915 3851 ν.
945 3797 1038 3851 llis
1064 3799 1244 3853 verbis
1270 3800 1486 3862 auditis,
1518 3811 1719 3871 martyr
1748 3804 1928 3855 statim
1957 3815 2039 3857 est
2065 3805 2345 3859 recordata

778 3902 1146 3945 maternarmu
1205 3893 1471 3961 sapientis
1529 3908 1641 3947 sua:
1700 3894 1971 3963 magistrae
2023 3896 2345 3949 admonitio-

777 4000 929 4045 num,
963 3993 1017 4037 et
1048 3985 1228 4037 statim
1269 3986 1647 4053 respondens:
1699 3985 1824 4039 Mihi
1864 3988 2104 4054 quidem,
2148 3989 2339 4056 inqttit,

775 4094 807 4131 ο
836 4078 1022 4147 jutlex,
1050 4086 1103 4131 et
1125 4092 1375 4144 sponsus,
1405 4085 1459 4129 et
1490 4077 1709 4138 divitiae,
1741 4087 1795 4131 et
1822 4079 1925 4130 vita
1950 4089 2032 4131 est
2054 4080 2338 4134 Christus:

777 4184 921 4220 mors
943 4178 1122 4220 autem
1153 4176 1370 4236 propter
1394 4168 1569 4235 ipsum
1609 4167 1911 4233 subeunda,
1959 4178 2041 4222 est
2072 4170 2199 4223 mibi
2238 4172 2344 4224 vita

778 4261 934 4329 longe
989 4259 1298 4327 pretiosior,
1344 4270 1565 4329 propter
1586 4277 1747 4329 quem
1798 4277 1906 4313 non
1962 4278 2177 4324 aurum,
2227 4279 2334 4317 non

777 4362 1084 4421 argentum,
1131 4366 1240 4404 non
1286 4352 1486 4419 aliquid
1530 4352 1673 4406 aliud
1716 4368 1778 4406 ex
1826 4353 1910 4417 iis,
1964 4368 2082 4420 quae
2133 4364 2259 4405 sunt
2292 4355 2344 4406 in

776 4442 1206 4510 terrajneunda,
1254 4442 1385 4494 mibi
1427 4443 1730 4510 jucundum
1780 4443 1881 4495 luit
1928 4444 2338 4509 existimatum;

776 4535 927 4587 illum
963 4533 1107 4587 enim
1141 4534 1338 4598 solum,
1378 4534 1632 4603 illiusque
1656 4536 2107 4589 consuetudinem
2136 4536 2339 4607 magni-

777 4625 939 4686 facio.
979 4640 1084 4694 qua
1120 4640 1237 4677 sum
1288 4624 1537 4679 l'ruitura.
1564 4625 1703 4693 Ignis
1750 4635 1927 4679 autem
1970 4636 2024 4679 et
2047 4626 2193 4680 ensis
2220 4665 2232 4689 ,
2285 4636 2339 4680 et

776 4718 997 4779 t'errnm,
1028 4726 1081 4768 et
1132 4717 1500 4769 membrorum
1533 4716 1919 4777 abscissiones,
1956 4728 2011 4769 et
2064 4718 2253 4785 plagaa,
2286 4727 2341 4771 et

773 4806 999 4873 ﬂagella,
1046 4817 1096 4859 et
1130 4806 1171 4860 si
1206 4807 1334 4874 quid
1391 4806 1533 4867 aliud
1570 4822 1597 4859 a
1649 4806 1802 4860 vobis
1833 4806 2194 4875 excogitatum
2240 4806 2340 4863 luit

773 4899 836 4949 ad
872 4898 1191 4958 cruciatum.
1219 4914 1281 4951 ea
1314 4908 1439 4950 sunt
1472 4899 1602 4951 mihi
1631 4900 1930 4967 voluptates
1957 4900 2151 4965 potius,
2177 4914 2336 4968 quam

777 4998 1064 5047 tormenta,
1106 4986 1155 5038 in
1200 4987 1349 5038 illum
1388 4987 1560 5039 solum
1608 4987 1858 5055 deligenti
1891 4989 2098 5050 oculos,
2142 4996 2337 5041 etnon

772 5092 833 5127 ea
867 5074 1038 5128 solum
1073 5076 1176 5142 pati
1212 5091 1309 5144 pro
1352 5076 1444 5129 illo
1487 5076 1750 5145 cupienti.
1785 5076 1878 5129 sed
1918 5077 2103 5137 etiam,
2147 5077 2188 5128 si
2225 5076 2335 5130 lleri

777 5178 979 5234 posset,
1023 5169 1155 5221 mori
1197 5168 1411 5222 millies.
1459 5167 1537 5221 Ne
1582 5168 1804 5221 simules
1840 5186 1965 5237 ergo
2009 5178 2059 5222 te
2095 5169 2335 5224 misereri

774 5261 969 5324 speciei
1017 5260 1117 5312 mei
1168 5260 1447 5328 corporis.
1498 5276 1617 5329 qua:
1666 5260 1932 5313 ﬂaccessit
1976 5277 2083 5313 non
2137 5262 2335 5324 minus,

771 5367 929 5418 quam
961 5351 1119 5405 liores
1144 5355 1253 5421 agzi
1293 5368 1306 5404 :
1338 5354 1431 5406 sed
1462 5353 1545 5406 lac
1578 5354 1758 5421 potius
1783 5354 1855 5416 id,
1885 5352 2026 5421 quod
2054 5363 2133 5407 est
2164 5354 2213 5404 iu
2248 5362 2334 5406 tua

775 5448 1065 5506 potestate.
1092 5452 1183 5495 aut
1208 5443 1367 5495 situm
1406 5453 1487 5495 est
1534 5443 1586 5496 iu
1618 5458 1825 5494 morum
1885 5453 2097 5496 tuorum
2140 5444 2335 5497 crude-

776 5536 942 5587 litate.
978 5534 1109 5587 Nam
1162 5551 1261 5601 ego
1298 5535 1515 5602 quidem
1564 5535 1773 5604 ligneos
1804 5545 1895 5585 aut
1940 5534 2179 5602 lapideos
2209 5534 2338 5587 deos

774 5642 1047 5693 nunquam
1118 5626 1402 5679 coluerim.
1452 5627 1544 5678 His
1590 5627 1653 5678 ad
1706 5626 1840 5679 iram
1893 5635 2092 5694 martyr
2151 5626 2339 5676 incitat

773 5721 1077 5779 pra'sidem.
1122 5718 1180 5770 Et
1216 5720 1445 5787 primum
1478 5719 1693 5787 quidem
1726 5720 1904 5787 plagas
1938 5722 2055 5786 ejus
2082 5717 2231 5787 genis
2257 5716 2338 5770 iu-

772 5808 903 5878 lligit
974 5810 1172 5864 Deinde
1214 5812 1373 5864 etiam
1415 5810 1693 5877 disrumpit
1737 5809 1991 5872 tunicam,
2046 5811 2185 5861 illam
2226 5810 2339 5877 pul-

2325 4487 2338 4509 ’
2376 4487 2419 4543 D

2522 3800 2597 3855 E'.
2631 3799 2849 3851 Τούτων
2890 3800 2921 3868 ἡ
2970 3799 3177 3867 μὰρτυς
3205 3797 3487 3851 ἀκούσασα
3550 3800 3659 3851 τῶν
3726 3803 4009 3869 ῥημάτων,

2450 3896 2529 3956 εἰς
2576 3893 2884 3961 ἀνάμνησιν
2924 3890 3087 3954 εὐθὺς
3127 3890 3234 3944 τῶν
3290 3892 3575 3962 μητρικῶν
3640 3892 3868 3945 ἐκείνων
3922 3895 4014 3960 τῆς

2451 3984 2623 4049 σοιρῆς
2653 3984 2971 4035 διδασκάλου
3018 3985 3216 4049 Σοφίας
3245 3984 3622 4053 παραινέσεων
3652 3985 3852 4052 ἤρχετο
3878 4004 3891 4015 ·
3927 3988 4014 4039 καὶ

2457 4074 2635 4147 ἡρέμα
2669 4072 3038 4139 ὑπολαϐοῦσα,
3075 4073 3250 4140 Ἐμοὶ,
3286 4074 3439 4141 φησὶ,
3471 4074 3727 4138 δικαστά,
3758 4077 3853 4127 καὶ
3878 4094 4011 4146 νυμ-

2448 4170 2587 4235 φίος,
2631 4167 2724 4220 καὶ
2759 4166 3004 4227 πλοῦτος,
3038 4166 3132 4218 καὶ
3160 4163 3273 4235 ζωὴ
3323 4166 3351 4217 ὁ
3375 4164 3607 4231 Χριστός
3636 4182 3649 4195 ·
3672 4166 3699 4216 ὁ
3728 4165 3787 4217 δὲ
3822 4165 3888 4218 δι’
3924 4169 4011 4217 αξι-

2444 4259 2533 4310 τὸν
2571 4258 2796 4319 θάνατος
2832 4256 3008 4324 πολλῷ
3043 4273 3133 4325 μοι
3170 4257 3263 4308 καὶ
3304 4258 3404 4325 τῆς
3443 4254 3591 4323 ζωῆς
3639 4256 3973 4325 τιμιώτερος
3997 4273 4011 4287 ·

2444 4349 2509 4399 δι’
2540 4348 2597 4399 ὃν
2652 4349 2711 4399 οὐ
2735 4348 2980 4415 χρυσίον,
3005 4349 3104 4398 οὑκ
3159 4345 3443 4415 ἀργύριον,
3496 4348 3593 4399 οὐκ
3633 4348 3766 4401 ἄλλο
3794 4368 3846 4401 τι
3907 4349 4010 4400 τῶν

2453 4435 2546 4489 ἐπὶ
2582 4439 2685 4505 γῆς
2743 4435 2919 4505 ἡδέων
2953 4434 3048 4502 ἡδύ
3111 4451 3202 4502 μοι
3242 4435 3572 4502 νενόμισται,
3610 4437 3753 4503 πλὴν
3811 4440 4010 4490 enim;

2450 4529 2635 4598 μόνου,
2674 4530 2767 4581 καὶ
2796 4528 2896 4595 τῆς
2924 4527 3137 4580 ἐκείνου
3190 4527 3475 4591 συνουσίας
3506 4529 3600 4581 καὶ
3633 4530 4007 4585 ἀπολαύσεως.

2445 4623 2561 4691 Πῦρ
2600 4622 2655 4673 δὲ
2695 4622 2788 4673 καὶ
2823 4621 2973 4690 ξίφος
2998 4622 3090 4671 καὶ
3126 4620 3365 4691 σίδηρος,
3407 4623 3500 4674 καὶ
3532 4621 3710 4689 μελῶν
3756 4625 4007 4691 ἐκτομαὶ,

2442 4713 2536 4765 καὶ
2570 4712 2775 4782 πληγαὶ
2801 4714 2895 4763 καὶ
2921 4713 3202 4781 μάστιγες,
3231 4714 3324 4764 καὶ
3359 4714 3413 4765 εἴ
3440 4731 3491 4765 τι
3526 4714 3654 4765 ἄλλο
3687 4716 3826 4785 παρ’
3858 4718 4007 4783 ὑμῶν

2443 4807 2517 4864 εἰς
2549 4804 2818 4872 τιμωρίαν
2843 4804 3205 4873 ἐπινενόηται,
3232 4805 3533 4873 ἡδοναίμοι
3568 4806 3797 4873 μᾶλλον,
3824 4810 3885 4859 οὖ
3918 4810 4011 4875 βά-

2444 4910 2615 4959 σανοι,
2654 4894 2788 4961 πρὸς
2815 4895 3023 4946 ἐκεῖνον
3045 4896 3229 4958 ἀτενὲς
3268 4895 3530 4966 ἐνορώσῃ’
3563 4897 3655 4947 καὶ
3693 4897 3768 4965 μὴ
3791 4899 4011 4949 τοιαῦτα

2444 4986 2604 5054 μόνον
2642 4987 2779 5053 ὑπὲρ
2816 4985 3029 5038 ἐκείνου
3072 4987 3287 5052 παθεῖν,
3320 4989 3432 5040 ἀλλ’
3464 4990 3622 5056 εἴπερ
3654 4982 3770 5042 οἷόν
3812 5008 3897 5052 τε,
3924 4993 4011 5041 καὶ

2447 5079 2705 5147 μυριάκις
2746 5077 3042 5130 ἀποθανεῖν
3091 5077 3413 5147 γλιχομένη.
3452 5082 3543 5149 Μὴ
3588 5083 3775 5134 τοῖνυν
3824 5085 3927 5153 τὴν
3961 5089 4011 5136 ἐν

2442 5169 2564 5235 ἐμοὶ
2603 5168 2695 5219 τοῦ
2748 5168 2997 5235 σώματος
3037 5169 3186 5239 ὥραν
3211 5173 3377 5223 ἐλεεῖν
3430 5173 3729 5241 ὑποκρίνου
3800 5178 3893 5228 ἶσα
3928 5180 4011 5228 καὶ

2440 5259 2613 5327 ἀγροῦ
2671 5259 2856 5311 ἄνθεσι
2926 5264 3369 5330 μαραινομένην·
3418 5264 3555 5315 ἀλλὰ
3619 5267 3763 5318 ποέει
3820 5268 3882 5319 τὸ
3948 5271 4007 5335 τῇ

2441 5349 2659 5420 ἐξουσίᾳ
2706 5368 2799 5403 σου
2858 5353 3056 5421 μᾶλλον
3126 5352 3156 5420 ἦ
3218 5356 3284 5422 τῇ
3330 5355 3437 5405 τῶν
3490 5356 3710 5422 τρόπων
3760 5358 4006 5424 ὠμότητι

2443 5443 2871 5509 παριστάμενον.
2917 5445 3001 5505 Ὠς
3036 5446 3209 5510 ἔγωγε
3246 5444 3477 5507 ξυλίνοις
3534 5446 3825 5513 ἧλιθίνοις
3870 5450 4005 5508 θεοῖς

2445 5533 2606 5595 σέὁας
2671 5535 2769 5586 οὐκ
2801 5535 2867 5587 ἂν
2901 5536 3341 5603 προσενέγκοιμι.
3382 5538 3603 5600 Τούτοις
3653 5542 3733 5602 εἰς
3784 5539 4001 5610 ὀργὴ-νὴ

2446 5626 2653 5693 μάρτυς
2679 5628 2907 5680 ἀνάπτει
2940 5627 3027 5679 τὸν
3051 5629 3310 5697 ἡγεμόνα.
3357 5629 3463 5680 Καὶ
3489 5630 3681 5697 πρῶτα
3727 5634 3823 5699 μὲν
3871 5633 4001 5697 αὐτῇ

2445 5710 2657 5779 πληγὰς
2692 5715 2831 5767 κατά
2855 5716 2962 5767 τῶν
2993 5716 3233 5784 παρειῶν
3268 5716 3555 5784 ἐπιτρίϐειο
3590 5718 3788 5771 ἔπειτα
3807 5719 3900 5769 καὶ
3922 5718 4000 5766 τον

2444 5807 2644 5876 χιτῶνα
2669 5805 3038 5877 διαρῤηγνύει,
3065 5808 3152 5857 καὶ
3182 5807 3383 5874 γυμνὸν
3406 5806 3524 5858 ὃ)ον
3561 5809 3611 5860 τὶ
3637 5809 3729 5861 καὶ⁸
3764 5804 3999 5875 ἀγγέλοις
