4198 6312
251 358 380 424 1301

1281 372 1462 434 VITA
1503 373 1562 433 S.
1605 373 2049 436 ANASTASI/E
2096 378 2454 441 ROMAN/E.

3354 379 3488 449 1302

245 471 527 540 αἰδέσιμον
559 472 736 528 ἐκεῖνο
785 476 980 543 κάλλος
1011 483 1506 554 παραστησάμενος
1534 487 1703 557 χωρὶς
1729 504 1812 539 τι·

1923 489 2308 556 rhritudinem,
2340 509 2459 563 quae
2485 495 2566 548 vel
2594 496 2727 562 ipsis
2762 504 2875 548 erat
2907 495 3114 565 angelis
3165 499 3487 563 reverenda,

244 563 336 626 νὸς
372 570 872 638 παραπετάσματος
903 573 932 644 ἢ
973 576 1398 646 περιδλήματος,
1432 579 1515 632 ἵνα
1538 581 1629 633 καὶ
1654 581 1815 633 πλέον

246 658 480 731 αἰσχύνῃ
526 661 817 730 παρθένον,
854 665 995 718 οὕτω
1027 668 1273 738 θορύϐων
1296 671 1440 742 ἀήθη
1474 674 1566 725 καὶ
1607 675 1816 741 ἀνδρῶν

246 748 442 817 ὄφεως,
485 753 576 804 τοῦ
603 753 846 824 θαλάμου
883 759 1042 813 πλέον
1071 762 1164 814 καὶ
1194 763 1294 832 τῆς
1335 766 1562 837 ἡσυχίας
1616 769 1818 822 εἰδυῖαν

245 841 416 906 οὐδὲν,
478 845 633 899 Οὖτω
688 865 790 916 σοι,
840 851 991 921 φησὶ,
1043 858 1320 924 προσῆκον
1377 858 1480 912 ὑπὸ
1545 860 1817 924 τοσούτοις

244 935 578 1004 ἀσχημονεῖν
606 940 813 1009 ἀνδρῶν
844 943 1108 1013 ὄμμασιν.
1147 947 1306 1000 Ἀλλὰ
1330 950 1427 1018 τῆς
1474 954 1816 1021 κατεχούσης

247 1044 307 1079 σε
337 1028 540 1098 ταύτης
574 1033 835 1097 ἀπονοίας
867 1037 1256 1106 ἀνενεγκοῦσα,
1296 1043 1562 1109 πρόσελθε
1603 1048 1670 1114 τῇ
1709 1047 1819 1097 τῶν

247 1117 387 1172 Οεῶν
408 1123 660 1194 εὐμενείᾳ
685 1141 698 1155 ·
731 1129 826 1180 καὶ
853 1130 927 1199 μὴ
958 1131 1155 1195 κάλλος
1181 1133 1434 1187 τοσοῦτον
1467 1136 1594 1188 ἰδεῖν
1631 1137 1819 1206 ἐθελή-

246 1227 396 1274 σειας
421 1214 696 1269 ἀπανθοῦν
727 1219 924 1284 ἀθλίως
956 1224 1060 1291 πρὸ
1117 1224 1217 1294 τῆς
1240 1224 1389 1295 ὧρας
1417 1229 1514 1280 καὶ
1558 1229 1818 1298 μαραινό·

247 1319 428 1370 μενον.
465 1306 653 1368 Οὐδεὶς
675 1310 781 1376 γὰρ
825 1312 1160 1370 ἀπειθούσαν
1198 1317 1310 1371 τῶν
1345 1319 1496 1389 ὲμῶν
1525 1337 1584 1373 σε
1614 1320 1818 1374 δύναιτ’

245 1394 311 1482 af
348 1392 629 1458 ὲἓῗελέσθοιι
658 1404 858 1469 χειρῶν
880 1419 892 1434 °
917 1406 1031 1458 ἀλλ’
1055 1411 1132 1471 εἰς
1169 1409 1341 1464 λεπτά
1375 1428 1433 1464 σε
1467 1412 1816 1482 κατατεμὼν,

247 1479 306 1537 εὖ
343 1484 476 1551 ἴσθι,
512 1488 710 1561 βρῶμα
735 1492 931 1563 θηρσὶν
955 1500 1171 1568 ἀγρίοις
1205 1503 1573 1574 προθήσομαι.

319 1752 411 1815 ς’.
449 1754 556 1806 Καὶ
588 1757 618 1826 ἠ
667 1757 874 1826 μάρτυς
899 1799 911 1821 ,
944 1761 1085 1831 ἐμοὶ,
1141 1767 1324 1832 φησὶν,
1373 1763 1416 1822 ὦ
1453 1771 1694 1840 ἡγεμὼν,
1723 1776 1823 1828 οὐκ

245 1845 605 1915 ασχημοσύνη
635 1848 743 1900 τῶν
773 1850 1006 1917 ἱματίων
1038 1857 1246 1910 τούτων
1276 1861 1427 1915 ἐστὶν
1514 1865 1817 1934 γύμνωσις·
1858 1852 1892 1903 Β

245 1932 380 1987 ἀλλὰ
405 1939 790 2010 καλλωπισμὸς
817 1945 1201 2016 λαμπρότατός
1232 1971 1288 2005 τε
1317 1957 1405 2006 καὶ
1438 1932 1820 2027 εύπρεπέστα-

243 2042 359 2124 τος.
416 2031 519 2083 Τὸν
587 2033 694 2102 γὰρ
782 2037 1010 2092 παλαιὸν
1072 2043 1359 2115 ἄνθρωπον
1429 2050 1816 2124 ἀποδυσαμένη

243 2117 337 2168 τδν
375 2121 558 2172 καινὸν
612 2122 668 2173 ὲν
713 2123 1031 2201 δικαιοσύνῃ
1090 2136 1182 2186 καὶ
1237 2136 1466 2206 ἀληθείᾳ.
1505 2117 1816 2213 ἐνδύσομαι;

245 2208 359 2260 Οὐκ
389 2211 486 2277 ἐμὲ
510 2212 692 2266 τοίνυν
727 2216 784 2269 ἐν
817 2219 1045 2286 τούτοις,
1086 2224 1222 2278 ἀλλὰ
1265 2228 1326 2279 σὲ
1358 2231 1557 2298 μᾶλλον
1589 2208 1822 2301 ἐγκαλύ-

249 2302 481 2356 πτεσθαι
512 2305 641 2375 χρὴ,
675 2308 754 2360 ὅτι
789 2311 864 2372 ὡς
889 2313 1112 2381 ἱμάτιον
1142 2318 1242 2384 τὴν
1275 2322 1532 2376 ἅσέὃειαν
1564 2327 1817 2396 ἐνεδύσω,

245 2397 339 2444 καὶ
370 2394 618 2464 εἰσῆλθεν
641 2399 772 2452 ὡσεὶ
805 2401 948 2473 ὕδωρ
972 2407 1053 2468 είς
1076 2409 1144 2459 τὰ
1173 2410 1384 2477 ἐγκατὰ
1414 2433 1530 2478 σου,
1565 2420 1658 2472 καὶ
1687 2394 1821 2475 (basi.

245 2483 420 2537 ὲλαιον
449 2487 505 2538 ἐν
527 2492 636 2552 τοῖς
665 2491 870 2556 ὀστέοις
901 2506 1017 2551 σου.
1047 2500 1268 2564 Μεταξὺ
1294 2504 1350 2556 δὲ
1377 2508 1470 2558 καὶ
1505 2508 1820 2584 θερμοτέρῳ

244 2576 515 2646 ληφθεῖσα
554 2583 630 2654 τῷ
670 2585 771 2654 τῆς
832 2588 1114 2660 ἀθλήσεως
1175 2594 1362 2664 ἔρωτι,
1407 2601 1500 2653 καὶ
1552 2576 1820 2659 δεδοικυῖα

248 2672 483 2771 illim“,
512 2677 1019 2746 καταμαλακισοεὶς
1044 2686 1071 2737 ὁ
1098 2687 1342 2756 ἡγεμὼν,
1371 2691 1668 2765 ἀποκλείσῃ
1691 2696 1820 2766 περὶ

246 2776 446 2856 μεσους
473 2764 572 2832 ἤδη
634 2770 761 2830 τοὺς
813 2772 1032 2837 ἀγῶνας
1087 2778 1225 2849 αὐτῇ
1261 2781 1356 2834 τοῦ
1425 2764 1729 2856 μαρτυρίου
1762 2764 1820 2842 τὸ

243 2853 480 2919 στάδιον,
517 2860 829 2926 προσετίθει
867 2866 960 2917 καὶ
996 2868 1062 2920 τὰ
1109 2871 1333 2924 τοιαῦτα
1359 2890 1373 2904 ·
1437 2853 1697 2946 Ὠμότατε
1745 2883 1821 2936 δι-

245 2945 483 3012 καστῶν,
519 2949 753 3007 θάνατον
815 2958 1121 3040 ὲπαγξιγεῖν
1154 2964 1425 3028 ἀπειλεῖς·
1477 2945 1610 3038 πρὸς
1662 2974 1820 3028 τοῦτό

626 3045 638 3060 ο
937 3017 948 3026 ·
993 3017 1049 3052 .r,
1361 3017 1401 3028 "
1484 3017 1608 3038 ΤἾ
1672 3017 1817 3028 ”⁷“’

244 3053 328 3088 σοι
363 3055 845 3133 παρεσκεύασμαι·
873 3017 1172 3128 τοῇοδξγάρ
1227 3075 1318 3126 μοι
1349 3059 1408 3112 τὸ
1444 3063 1685 3133 ἀτεχνῶς
1729 3066 1817 3120 εύ-

1920 593 2086 637 totam
2145 585 2344 637 nudam
2401 595 2739 652 ostensurus,
2791 588 2996 656 absque
3042 587 3153 643 ullo
3200 589 3342 648 velo.
3401 601 3493 642 aut

1917 681 2194 748 operculo.
2244 689 2304 734 ut
2336 681 2418 734 vel
2455 681 2642 750 majori
2675 682 2883 750 pudore
2923 681 3161 736 alliceret
3205 681 3493 750 virginem.

1918 787 2038 840 quae
2069 772 2238 825 turba:
2271 783 2322 826 et
2360 773 2638 826 hominum
2664 773 2837 827 oculis
2868 789 2977 827 non
3017 782 3131 828 erat
3163 782 3397 836 assueta,
3427 783 3487 825 ut

1918 884 2036 936 qua:
2089 877 2284 936 przeter
2327 869 2622 922 thalamum
2667 877 2722 922 et
2766 869 3002 937 quietem
3054 868 3188 920 nihil
3227 877 3492 920 noverat:

1919 961 2028 1020 Sic,
2065 962 2261 1030 inquit,
2319 971 2532 1030 oportet
2573 971 2622 1016 te
2681 970 2824 1015 tanta
2872 961 3007 1014 allici
3057 960 3396 1029 turpitudine
3443 969 3500 1010 et

1921 1055 2186 1109 dedecore
2217 1065 2340 1108 ante
2370 1054 2615 1108 omnium
2659 1054 2868 1108 oeulos.
2920 1054 3023 1108 Sed
3061 1053 3391 1120 resipiscens
3433 1048 3500 1101 ab

1919 1166 2004 1212 ea,
2035 1166 2158 1220 qua:
2193 1161 2244 1205 te
2269 1161 2435 1215 tenet,
2463 1151 2719 1212 amentia,
2748 1149 2815 1203 ad
2853 1150 3077 1204 deorum
3114 1145 3312 1201 accede
3337 1143 3498 1197 heni-

1919 1245 2180 1313 gnitalem
2219 1259 2232 1296 :
2264 1258 2364 1297 nec
2402 1243 2538 1297 velis
2570 1242 2754 1296 videre
2791 1250 2995 1294 tantam
3029 1238 3494 1309 pulchritudinem

1921 1335 2119 1388 misere
2150 1343 2275 1388 ante
2314 1343 2530 1402 tempus
2567 1331 3015 1391 eﬂlorescentem,
3057 1339 3112 1383 et
3162 1343 3507 1381 marcescen-

1923 1435 2049 1479 tem.
2090 1425 2258 1478 Nemo
2281 1425 2426 1478 enim
2458 1435 2532 1485 te,
2561 1424 2603 1477 si
2641 1439 2749 1478 non
2782 1437 2997 1492 pareas,
3031 1420 3272 1490 potuerit
3307 1434 3333 1471 a
3364 1418 3498 1470 meis

1923 1516 2172 1571 manibus
2199 1515 2448 1584 eripere:
2484 1511 2576 1568 sed
2602 1523 2652 1568 te
2684 1513 2992 1566 minutatim
3017 1511 3336 1571 dissectum,
3368 1507 3502 1561 leris

1924 1609 2231 1681 agrestibus
2262 1622 2531 1678 apponam
2560 1604 2919 1661 exedendam.
2963 1603 3076 1659 Hoc
3110 1602 3270 1656 velim
3300 1600 3370 1656 sit
3401 1599 3496 1653 tibi

1925 1715 2266 1768 persuasum.

1997 1794 2081 1848 Vl.
2114 1793 2309 1862 Martyr
2347 1802 2525 1844 autem
2557 1805 2568 1840 :
2607 1787 2762 1852 Mihi,
2807 1786 3006 1857 inquit.
3044 1802 3076 1840 υ
3129 1798 3350 1854 praeses,
3387 1797 3493 1834 non

1925 1897 2002 1940 est
2033 1885 2311 1956 turpitudo
2339 1893 2432 1937 aut
2465 1883 2723 1946 dedecus,
2754 1895 2873 1936 esse
2905 1880 3159 1934 nudatam
3214 1877 3459 1929 vestibus
3486 1892 3502 1928 :

1925 1979 2016 2030 sed
2059 1977 2326 2029 maximus
2359 1975 2537 2044 potius
2555 1983 2778 2029 ornatus
2807 1982 2861 2027 et
2883 1970 3338 2041 elegantissimus.
3368 1967 3500 2022 Nam

1925 2066 2092 2121 veteri
2133 2066 2350 2120 homine
2389 2075 2571 2128 exuta,
2620 2080 2822 2118 novum
2870 2065 3092 2118 induam
3120 2063 3172 2116 in
3204 2061 3416 2131 justitia
3450 2067 3506 2112 et

1923 2163 2172 2216 veritate.
2211 2159 2328 2213 Non
2358 2173 2442 2212 me
2493 2173 2642 2228 ergo,
2691 2159 2783 2212 sed
2826 2169 2876 2212 tc
2923 2161 3102 2227 potius
3128 2167 3343 2226 Oportet
3374 2170 3504 2224 pro-

1924 2267 2042 2327 pter
2075 2255 2188 2312 baec
2227 2251 2576 2317 erubescere,
2629 2252 2796 2321 quod.
2849 2261 3105 2319 tauquam
3147 2257 3382 2309 vestem,
3420 2247 3504 2298 in—

1925 2352 2111 2408 dueris
2149 2342 2505 2421 impietatem,
2552 2358 2606 2403 et
2665 2348 2904 2417 ingressa
2951 2343 3021 2398 sit
3061 2351 3318 2410 tanquam
3364 2355 3502 2406 aqua

1925 2452 2015 2495 tua
2050 2442 2280 2506 viscera,
2312 2449 2367 2495 et
2400 2441 2470 2495 sit
2507 2451 2764 2506 tanquam
2798 2437 2978 2490 oleum
3014 2434 3067 2486 in
3119 2433 3224 2486 tuis
3265 2431 3500 2483 ossibus.

1927 2537 2136 2589 Interea
2162 2544 2345 2589 autem
2393 2541 2551 2602 capta
2591 2528 2984 2583 vehementiori
3021 2540 3206 2579 amore
3257 2525 3507 2576 decerta-

1926 2626 2109 2688 tionis,
2170 2635 2225 2681 et
2285 2625 2508 2686 timens,
2549 2639 2618 2678 ne
2657 2633 2856 2693 prteses
2921 2617 3221 2686 emollitus,
3272 2616 3382 2682 iam
3450 2616 3501 2666 in

1924 2715 2105 2768 medio
2169 2715 2471 2768 certamine
2523 2729 2641 2766 eam
2691 2710 3000 2764 excluderet
3060 2723 3088 2760 a
3137 2707 3338 2771 stadio,
3390 2705 3504 2757 haec

1923 2821 2138 2879 quoque
2171 2805 2372 2875 adjecit
2402 2821 2414 2856 :
2455 2802 2845 2858 Crudelissimc
2869 2798 3141 2869 judieum,
3194 2797 3420 2850 minaris
3452 2807 3503 2850 te

1927 2909 2153 2954 mortem
2200 2896 2333 2951 mihi
2381 2909 2501 2950 esse
2542 2893 2882 2946 allaturum:
2937 2889 3004 2944 ad
3058 2890 3162 2943 hoc
3213 2905 3332 2946 sum
3406 2890 3498 2942 tibi

1925 3000 2124 3056 pnesto
2155 3004 2168 3038 :
2209 2989 2311 3042 hoc
2339 2987 2484 3041 enim
2517 2992 2599 3038 est
2634 2981 2767 3036 mihi
2799 2980 2956 3048 plane
2978 2979 3298 3049 Optandum.
3343 2977 3501 3041 Quod

1923 3082 1966 3135 si
2015 3081 2179 3135 etiam
2227 3095 2314 3132 me
2364 3081 2418 3132 in
2462 3077 2706 3131 membra
2751 3073 3100 3133 dissecueris,
3156 3081 3208 3122 et
3259 3069 3500 3136 linguam

243 3132 562 3188 κταιὸτατὸν
594 3156 649 3191 τε
684 3144 773 3193 καὶ
810 3133 1211 3204 ποθείνότατον.
1255 3151 1316 3204 Εἰ
1342 3153 1398 3206 δὲ
1442 3132 1644 3220 nisi;
1676 3160 1815 3231 μέλη

1923 3171 2311 3244 amputaveris,
2339 3180 2392 3225 et
2423 3169 2641 3230 dentes,
2673 3173 2945 3226 manuset
2983 3178 3214 3234 ungues,
3251 3171 3377 3215 tunc
3415 3177 3503 3214 me

248 3240 314 3289 με
343 3229 696 3298 κατατέμοις,
735 3240 829 3288 καὶ
855 3237 1104 3302 γλῶτταν
1137 3243 1415 3311 ἐκκόψεις,
1467 3250 1559 3300 καὶ
1598 3229 1818 3315 ὀδόντας

241 3319 338 3368 καὶ
369 3321 577 3388 χεῖρας,
605 3325 698 3378 καὶ
723 3326 941 3401 ὄνυχας,
996 3332 1115 3383 τότε
1163 3351 1228 3400 με
1280 3335 1349 3387 τὰ
1395 3338 1566 3404 μείζω
1615 3341 1818 3408 μᾶλλον

241 3409 652 3481 εύεργετήσεις,
718 3418 949 3486 Ὀφεὶλω
984 3425 1092 3494 γὰρ
1155 3427 1548 3501 ὅληνὲμαυτὴν
1605 3433 1684 3503 τῷ
1710 3435 1817 3504 Δη-

243 3504 514 3573 μιουργῷ⁹
545 3509 638 3561 καὶ
666 3510 821 3566 τοῦτὸ
852 3532 942 3584 μοι
970 3517 1156 3584 ἔφεσιν
1183 3523 1290 3585 ἀεὶ,
1321 3523 1470 3585 ὅπως
1501 3527 1565 3577 ἂν
1592 3528 1648 3585 ὲν
1687 3530 1818 3582 πᾶσι

240 3592 471 3686 δονςασοῇ
556 3602 668 3663 τοῖς
720 3605 871 3670 ἐμοῖς
941 3607 1145 3671 μέλεσι,
1207 3614 1300 3662 καὶ
1360 3619 1696 3686 παραστήσω
1744 3620 1820 3686 τῷ

246 3685 411 3736 αὐτου
450 3689 654 3757 βήματι
702 3696 878 3749 πάντα
914 3717 1014 3767 μου
1063 3703 1132 3754 τὰ
1170 3703 1308 3774 μέλη
1358 3707 1434 3776 τῷ
1491 3711 1682 3780 κόσμῳ
1723 3716 1821 3780 τῆς

255 3779 265 3789 ⁸
914 3757 924 3767 .
1171 3757 1180 3774 ,
1297 3757 1308 3772 .
1494 3757 1681 3779 ---η-η.
1734 3757 1771 3768 ..

241 3777 535 3843 ομσλογίας
567 3786 1048 3860 καλλωπιζόμενοι.
1080 3796 1304 3860 Τούτοις
1354 3763 1681 3857 ’Λναστασία
1722 3757 1819 3858 κοίΪ

244 3867 544 3939 ταπλήττει
597 3877 688 3929 τὸν
721 3880 984 3949 δικαστὴν
1050 3888 1144 3937 καὶ
1187 3888 1246 3939 τὸ
1294 3887 1542 3960 θέατρον.
1582 3896 1689 3949 Καὶ
1723 3899 1820 3960 τὰς

247 3966 606 4031 παραινέσεις
630 3971 836 4033 ἐκεῖνος
860 3976 1038 4040 ἀφεὶς,
1063 3977 1155 4030 ἐπὶ
1187 3979 1286 4044 τὰς
1317 3983 1571 4050 κολάσεις
1599 3991 1818 4060 ἐγὼρει.

244 4056 358 4108 Καὶ
397 4063 590 4128 πρῶτα
629 4065 727 4132 μὲν
765 4068 950 4136 πρηνῆ
977 4071 1184 4141 ταύτην
1211 4075 1273 4126 ἐκ
1306 4079 1588 4147 τεσσάρων
1632 4049 1821 4136 δια-τα-

247 4149 456 4217 θεῖσαν,
493 4158 584 4208 καί
615 4175 723 4210 τισι
759 4161 1151 4228 προσδεθεῖσαν
1193 4167 1385 4230 πάλοις
1417 4174 1558 4222 κατὰ
1591 4173 1695 4240 γῆς
1727 4192 1823 4229 πε-

245 4251 574 4316 πηγμένοις,
609 4253 820 4307 κελεύει
849 4261 1300 4328 μετεωρίζεσθαι,
1333 4265 1426 4318 καὶ
1455 4269 1701 4324 κάτωθεν
1727 4275 1824 4341 μὲν

250 4355 362 4409 πυρ
397 4343 560 4414 ἐλαίῳ
597 4350 691 4399 καὶ
769 4348 961 4423 πίσσῃ,
1018 4355 1113 4407 καὶ
1163 4355 1313 4426 θείῳ,
1377 4362 1472 4413 καὶ
1523 4338 1823 4432 κληματίσι

254 4435 497 4504 σφοδρῶς
528 4441 926 4510 ἀναπτόμενον,
961 4450 1075 4510 τοῖς
1108 4450 1442 4519 σπλάγχνοις
1478 4455 1649 4524 αὐτῆς
1693 4457 1825 4510 ὑπο-

1923 3269 2122 3323 allicics
2157 3265 2352 3336 majori
2384 3261 2668 3318 benelicio.
2724 3258 2807 3314 Me
2848 3259 2995 3314 enim
3051 3267 3240 3320 totam,
3274 3263 3503 3324 quanta-

1923 3375 2139 3427 cunque
2178 3374 2318 3419 sum,
2367 3358 2540 3422 debeo
2580 3355 2822 3412 Creatori
2851 3370 2864 3405 ε
2891 3361 2945 3408 et
2982 3353 3082 3404 hoc
3115 3349 3247 3403 mihi
3281 3363 3501 3415 semper

1924 3459 2005 3504 est
2040 3449 2093 3502 in
2122 3448 2282 3510 votis,
2332 3455 2393 3499 ut
2431 3448 2548 3517 ipse
2599 3445 2937 3514 gloriﬁcetur
2989 3443 3044 3496 in
3077 3439 3335 3494 omnibus
3363 3437 3501 3490 meis

1925 3541 2200 3604 membris,
2241 3549 2294 3595 et
2327 3540 2514 3596 sistam
2563 3546 2688 3590 ante
2727 3537 2846 3606 ejus
2883 3534 3118 3587 tribunal
3165 3532 3345 3585 omnia
3381 3543 3499 3581 mea

1923 3632 2166 3682 membra
2200 3630 2432 3681 nitentia
2467 3639 2662 3682 ornatu
2685 3623 3062 3680 confessionis.
3097 3621 3190 3676 llis
3215 3620 3499 3673 Anastasia

1923 3721 2289 3793 obstupefacit
2329 3731 2441 3777 toto
2475 3737 2598 3776 cum
2637 3719 2850 3774 theatro
2885 3721 3151 3788 judicent.
3182 3713 3284 3779 Qui
3320 3713 3502 3767 missis

1923 3815 2400 3867 adhortationibus
2433 3815 2696 3880 processit
2729 3813 2794 3865 ad
2841 3809 3129 3878 supplicia.
3167 3807 3233 3860 Et
3260 3808 3495 3875 primum

1923 3904 2139 3972 quidem
2174 3918 2292 3956 eam
2332 3916 2556 3971 pronam
2587 3917 2615 3952 a
2661 3909 2892 3967 quatuor
2931 3898 3062 3950 viris
3103 3906 3409 3956 extensum,
3445 3903 3499 3948 et

1925 3997 2250 4066 quihusdam
2307 3995 2441 4064 palis
2497 3993 2646 4047 humi
2695 3991 2814 4045 lixis
2861 3989 3151 4059 alligatam,
3183 3987 3341 4058 jubet
3388 3986 3500 4039 tolli

1927 4089 2212 4144 sublimem
2244 4130 2257 4152 ,
2286 4085 2568 4140 etinl‘erne
2611 4083 2826 4152 quidem
2873 4082 3050 4151 ignem
3081 4080 3222 4139 oleo,
3267 4085 3321 4128 et
3357 4075 3498 4143 pice.

1925 4179 2249 4243 ctsullure,
2301 4187 2356 4233 et
2409 4177 2698 4231 sarmentis
2749 4173 3105 4227 vehementer
3164 4182 3452 4223 accensum
3484 4204 3499 4226 ,

1927 4275 2046 4344 ejus
2091 4271 2368 4327 substerni
2409 4269 2708 4324 visceribus
2746 4284 2759 4320 :
2800 4283 2829 4320 a
2877 4265 3050 4320 tribus
3081 4270 3262 4317 autem
3310 4275 3500 4313 rursus

1928 4369 2164 4436 desuper
2197 4365 2508 4419 hominibus
2542 4362 2701 4417 simul
2740 4377 2847 4414 uno
2883 4362 3088 4428 impetu
3118 4356 3234 4424 ejus
3274 4355 3496 4407 dorsum

1929 4461 2096 4529 virgis
2155 4460 2309 4513 czcdi.
2384 4456 2508 4511 Haec
2569 4456 2786 4524 quidem
2830 4454 2907 4507 sic
2962 4467 3021 4504 se
3068 4449 3386 4502 habebant:
3447 4455 3500 4498 et

250 4531 658 4594 στρώννυσθαι’
700 4537 862 4605 τριχῆ
900 4539 954 4591 δὲ
988 4540 1151 4592 πάλιν
1201 4543 1410 4596 ἄνωθεν
1438 4547 1500 4598 ἐκ
1543 4549 1670 4614 μιᾶς
1731 4549 1823 4620 ῥά-

1928 4552 2258 4608 exsccuti-oni
2293 4551 2602 4605 mandatum
2633 4548 2755 4604 fuit.
2789 4545 2931 4614 quod
2956 4544 3120 4614 jussit
3149 4557 3369 4615 prases.

247 4620 388 4671 6οων
435 4630 756 4696 καταφορᾶς
807 4631 899 4683 τὸν
954 4633 1126 4687 νῶτον
1177 4637 1513 4701 αἰκίζεσθαι.
1562 4637 1688 4712 Εἶχε
1728 4643 1826 4712 μὲν
1865 4645 2004 4699 οὕτω
2048 4645 2240 4710 ταῦτα,
2283 4646 2375 4696 καὶ
2406 4643 2485 4707 εἰς
2532 4641 2691 4712 ἔργον
2728 4638 2967 4704 ὲξέϐαινε
3025 4637 3103 4707 τῷ
3156 4638 3382 4708 ἠγεμὸνι
3439 4640 3498 4690 τὸ

246 4714 595 4784 πρόσταγμα.

320 4812 395 4865 κ’.
423 4815 749 4890 Πασχούσης
779 4822 834 4873 δὲ
868 4822 1039 4890 αὐτῆς
1076 4823 1264 4878 τοῦτον
1301 4828 1392 4880 ἐπὶ
1425 4826 1558 4880 πολὺ
1583 4828 1675 4882 τὸν
1701 4831 1826 4898 τρό-

249 4924 372 4970 πον,
399 4908 491 4958 καὶ
515 4910 606 4961 τοῦ
637 4911 735 4978 μὲν
765 4913 934 4964 νώτου
960 4918 1082 4977 ταῖς
1115 4917 1368 4985 μάστιξιν
1399 4917 1606 4972 ἄνωθεν
1623 4921 1825 4985 διαξαι-

250 5000 500 5068 νομένου,
537 5002 648 5053 τῶν
677 5003 732 5054 δὲ
757 5006 1082 5077 σπλάγχνων
1110 5011 1354 5064 κάτωθεν
1391 5011 1822 5081 ύποκαιομένων,

250 5093 346 5146 καί
381 5094 488 5148 τῶν
515 5093 731 5162 φλεϐῶν
757 5098 836 5160 εἰς
888 5101 1095 5168 τέφραν
1121 5101 1559 5170 λεπτυνομένων,
1594 5106 1686 5158 καὶ
1714 5124 1818 5175 πῃ-

247 5188 519 5255 γνυμένου
553 5193 642 5243 καὶ
669 5192 1096 5260 ἀναλισκομένου
1129 5197 1222 5249 τοῦ
1271 5197 1525 5266 αἵματος,
1551 5200 1823 5262 κολάσεως

246 5279 428 5344 ὀξείας
455 5281 644 5346 ὀδύνας
669 5282 810 5336 οὕτω
839 5288 932 5337 καὶ
959 5287 1150 5351 ἀκοαῖς
1169 5290 1524 5360 ἐμποιούσης,
1551 5292 1582 5362 ἡ
1613 5295 1823 5364 μάρτυς

247 5376 316 5444 (ὣ
353 5376 530 5446 ψυχῆς
560 5380 807 5445 γενναίας
840 5380 1010 5442 ὄντως
1041 5381 1126 5434 διὰ
1152 5383 1410 5451 Χριστὸν,
1441 5384 1534 5436 καὶ
1566 5387 1822 5454 ἀναγκῶν

247 5471 587 5539 ὑψηλοτέρας
609 5475 705 5541 τῆς
739 5474 952 5542 φύσεως
980 5476 1016 5545 ί)
1045 5476 1176 5547 εὐχῇ
1213 5478 1346 5547 μόνῃ
1372 5480 1464 5530 καὶ
1496 5478 1613 5547 Θεῴ
1648 5497 1821 5549 προσ-

247 5565 430 5630 ανεῖχε
457 5579 469 5592 ο
518 5564 610 5614 καὶ
637 5565 743 5614 τῶν
772 5567 831 5626 ἐξ
871 5568 1065 5629 αἰῶνος
1112 5569 1275 5620 αὐτὸν
1327 5569 1820 5637 ὑπομιμνήσκουσα

249 5652 569 5720 θαυμασίων
598 5657 828 5726 (ἤσκητο
862 5659 971 5728 γὰρ
1007 5659 1248 5728 ἀκριϐῶς
1275 5664 1368 5714 καὶ
1396 5664 1492 5731 τὴν
1519 5660 1626 5714 τῶν
1659 5662 1822 5717 θείων

247 5744 482 5811 Γραφῶν
507 5747 746 5815 σύνεσ.ν)
806 5744 892 5800 οἷᾶ
945 5767 1048 5801 τινι
1087 5752 1262 5821 δρόσῳ
1313 5755 1378 5822 τῇ
1419 5758 1693 5823 προσευχῇ
1765 5755 1822 5806 τὸ

249 5856 358 5896 7'qu
391 5842 565 5895 ἐκείνο
610 5843 711 5895 τῶν
747 5843 1046 5911 ἀλγηδόνων
1086 5846 1385 5900 ἐσϐέννυεν.
1430 5847 1542 5914 'E'g‘
1569 5843 1646 5910 οἷς
1671 5851 1694 5899 ὁ
1719 5846 1816 5914 θὴρ

1965 4828 2076 4883 VII.
2111 4829 2247 4881 Cum
2291 4841 2351 4880 ea
2400 4841 2528 4895 ergo
2564 4825 2654 4880 diu
2701 4825 2780 4880 sic
2847 4833 3147 4895 pateretur,
3175 4830 3230 4877 et
3274 4823 3496 4879 dorsum

1925 4921 2142 4990 quidem
2176 4919 2399 4989 ﬂagellis
2430 4919 2664 4988 desuper
2694 4918 3047 4980 laceraretur,
3089 4916 3292 4970 viscera
3313 4927 3495 4971 autem

1927 5016 2139 5070 inferne
2181 5016 2600 5083 COltﬂtigl'al‘elll,
2638 5022 2692 5066 et
2741 5028 2890 5066 vena:
2922 5009 3298 5064 minuerentur
3331 5010 3382 5064 in
3419 5010 3497 5065 ci-

1925 5121 2136 5171 nerem,
2170 5115 2225 5160 et
2275 5113 2652 5158 concresceret
2709 5119 2771 5158 ac
2820 5110 3237 5157 consumeretur
3279 5101 3500 5170 sanguis

1926 5198 2211 5268 supplicio,
2246 5194 2327 5249 vel
2380 5193 2510 5264 ipsis
2536 5195 2758 5249 auribus
2787 5209 3007 5264 gravem
3051 5192 3312 5247 all'erente
3347 5193 3499 5248 dolo-

1925 5303 2060 5351 rem,
2095 5295 2297 5356 martyr
2330 5285 2348 5355 (
2377 5300 2409 5339 ο
2442 5300 2566 5339 vere
2611 5299 2934 5353 generosum
2971 5293 3191 5352 propter
3221 5283 3496 5337 Christum

1922 5378 2181 5441 animum,
2216 5386 2268 5430 et
2304 5375 2641 5445 superiorem
2673 5384 2877 5427 natura:
2903 5372 3337 5439 necessitatibus)
3371 5373 3500 5428 solis

1923 5470 2178 5540 precibus
2214 5478 2264 5523 ct
2302 5469 2411 5523 Deo
2441 5477 2558 5520 erat
2589 5466 2795 5518 intenta
2823 5483 2834 5518 :
2865 5472 2920 5519 et
2947 5481 3067 5534 quze
3090 5473 3218 5518 sunt
3240 5479 3269 5517 a
3302 5465 3498 5520 saeculo

1921 5563 2282 5627 admirabilia,
2318 5564 2372 5616 iu
2402 5559 2717 5614 memoriam
2745 5570 2798 5613 ct
2827 5574 2887 5612 os
2917 5558 3165 5626 rcdigens
3197 5561 3329 5629 (erat
3353 5558 3500 5612 enim

1935 5657 2089 5718 valde
2122 5657 2418 5711 exercitata
2461 5658 2624 5708 etiam
2661 5655 2710 5708 in
2757 5652 3110 5722 intelligentia
3191 5652 3514 5710 divinarum

1933 5750 2358 5819 Scripturarum)
2414 5749 2684 5809 oratione,
2724 5745 2882 5797 veluti
2939 5746 3170 5812 quodam
3226 5759 3365 5796 rore.
3402 5760 3497 5795 ex-

1930 5844 2225 5912 stinguebat
2249 5843 2392 5896 illurn
2415 5844 2584 5910 ignem
2613 5838 2876 5892 dolorum.
2901 5836 3258 5900 Quamobrem
3281 5835 3493 5886 defessa
