  <div class='ocr_page' id='page_1' title='image "/cluster/home/n/w/nwhite01/storage/ocr_20150623/115/pst.000005714285/801.png"; bbox 0 0 4198 6312; ppageno 0'>
   <div class='ocr_carea' id='block_1_1' title="bbox 763 356 898 416">
    <p class='ocr_par' dir='ltr' id='par_1_1' title="bbox 763 356 898 416">
     <span class='ocr_line' id='line_1_1' title="bbox 763 356 898 416; baseline -0.015 0"><span class='ocrx_word' id='word_1_1' title='bbox 763 356 898 416; x_wconf 80' lang='grc'><strong>1307</strong></span> 
     </span>
    </p>
   </div>
   <div class='ocr_carea' id='block_1_2' title="bbox 2036 367 2727 436">
    <p class='ocr_par' dir='ltr' id='par_1_2' title="bbox 2036 367 2727 436">
     <span class='ocr_line' id='line_1_2' title="bbox 2036 367 2727 436; baseline 0.012 -8"><span class='ocrx_word' id='word_1_2' title='bbox 2036 367 2323 430; x_wconf 79' lang='lat' dir='ltr'><strong>MENSIS</strong></span> <span class='ocrx_word' id='word_1_3' title='bbox 2363 372 2727 436; x_wconf 78' lang='lat' dir='ltr'><strong>OCTOBER.</strong></span> 
     </span>
    </p>
   </div>
   <div class='ocr_carea' id='block_1_3' title="bbox 3865 385 3990 449">
    <p class='ocr_par' dir='ltr' id='par_1_3' title="bbox 3865 385 3990 449">
     <span class='ocr_line' id='line_1_3' title="bbox 3865 385 3990 449; baseline 0.032 -3"><span class='ocrx_word' id='word_1_4' title='bbox 3865 385 3990 449; x_wconf 65' lang='lat'><strong>19,08</strong></span> 
     </span>
    </p>
   </div>
   <div class='ocr_carea' id='block_1_4' title="bbox 751 469 2409 574">
    <p class='ocr_par' dir='ltr' id='par_1_4' title="bbox 751 469 2398 544">
     <span class='ocr_line' id='line_1_4' title="bbox 751 469 2398 544; baseline 0.01 -24"><span class='ocrx_word' id='word_1_5' title='bbox 751 469 865 521; x_wconf 80' lang='lat' dir='ltr'><strong>bris</strong></span> <span class='ocrx_word' id='word_1_6' title='bbox 889 478 1032 522; x_wconf 79' lang='lat' dir='ltr'><strong>essat</strong></span> <span class='ocrx_word' id='word_1_7' title='bbox 1079 470 1324 524; x_wconf 79' lang='lat' dir='ltr'><strong>subitura</strong></span> <span class='ocrx_word' id='word_1_8' title='bbox 1373 474 1690 542; x_wconf 88' lang='lat' dir='ltr'><strong>martyrium</strong></span> <span class='ocrx_word' id='word_1_9' title='bbox 1723 492 1738 530; x_wconf 89' lang='lat'><strong>:</strong></span> <span class='ocrx_word' id='word_1_10' title='bbox 1768 492 1836 532; x_wconf 90' lang='lat' dir='ltr'><strong>ne</strong></span> <span class='ocrx_word' id='word_1_11' title='bbox 1872 478 2011 533; x_wconf 88' lang='lat' dir='ltr'><strong>forte</strong></span> <span class='ocrx_word' id='word_1_12' title='bbox 2053 482 2318 544; x_wconf 95' lang='lat' dir='ltr'><strong>emollita,</strong></span> <span class='ocrx_word' id='word_1_13' title='bbox 2359 489 2398 543; x_wconf 77' lang='grc' dir='ltr'><strong>Α</strong></span> 
     </span>
    </p>
   </div>
   <div class='ocr_carea' id='block_1_5' title="bbox 2331 469 3989 574">
    <p class='ocr_par' dir='ltr' id='par_1_5' title="bbox 2359 489 3989 574">
     <span class='ocr_line' id='line_1_5' title="bbox 2359 489 3989 574; baseline 0.006 -31"><span class='ocrx_word' id='word_1_14' title='bbox 2359 489 2398 543; x_wconf 77' lang='grc' dir='ltr'><strong>Α</strong></span> <span class='ocrx_word' id='word_1_15' title='bbox 2429 489 2526 558; x_wconf 78' lang='grc' dir='ltr'><strong>τὴν</strong></span> <span class='ocrx_word' id='word_1_16' title='bbox 2545 491 2849 559; x_wconf 71' lang='grc' dir='ltr'><strong>μαρτυρίαν</strong></span> <span class='ocrx_word' id='word_1_17' title='bbox 2871 493 3199 562; x_wconf 74' lang='grc' dir='ltr'><strong>ὑφίστασθαι</strong></span> <span class='ocrx_word' id='word_1_18' title='bbox 3226 497 3515 564; x_wconf 79' lang='grc' dir='ltr'><strong>μέλλουσα,</strong></span> <span class='ocrx_word' id='word_1_19' title='bbox 3542 497 3617 568; x_wconf 84' lang='grc' dir='ltr'><strong>μή</strong></span> <span class='ocrx_word' id='word_1_20' title='bbox 3643 512 3796 561; x_wconf 86' lang='grc' dir='ltr'><strong>ποτε,</strong></span> <span class='ocrx_word' id='word_1_21' title='bbox 3825 515 3989 574; x_wconf 80' lang='grc' dir='ltr'><strong>κατα-</strong></span> 
     </span>
    </p>
   </div>
   <div class='ocr_carea' id='block_1_6' title="bbox 754 561 2326 628">
    <p class='ocr_par' dir='ltr' id='par_1_6' title="bbox 754 561 2326 628">
     <span class='ocr_line' id='line_1_6' title="bbox 754 561 2326 628; baseline 0.01 -18"><span class='ocrx_word' id='word_1_22' title='bbox 754 561 1024 628; x_wconf 87' lang='lat' dir='ltr'><strong>aeeiperet</strong></span> <span class='ocrx_word' id='word_1_23' title='bbox 1082 562 1389 618; x_wconf 88' lang='lat' dir='ltr'><strong>miserabile</strong></span> <span class='ocrx_word' id='word_1_24' title='bbox 1465 564 1594 621; x_wconf 89' lang='lat' dir='ltr'><strong>illud</strong></span> <span class='ocrx_word' id='word_1_25' title='bbox 1659 567 1916 623; x_wconf 80' lang='lat' dir='ltr'><strong>damnum</strong></span> <span class='ocrx_word' id='word_1_26' title='bbox 1975 587 2326 626; x_wconf 88' lang='lat' dir='ltr'><strong>coronarum.</strong></span> 
     </span>
    </p>
   </div>
   <div class='ocr_carea' id='block_1_7' title="bbox 752 650 2326 730">
    <p class='ocr_par' dir='ltr' id='par_1_7' title="bbox 752 650 2326 730">
     <span class='ocr_line' id='line_1_7' title="bbox 752 650 2326 730; baseline 0.01 -26"><span class='ocrx_word' id='word_1_27' title='bbox 752 650 988 718; x_wconf 78' lang='lat' dir='ltr'><strong>Ideoque</strong></span> <span class='ocrx_word' id='word_1_28' title='bbox 1013 667 1183 721; x_wconf 83' lang='lat' dir='ltr'><strong>pruna</strong></span> <span class='ocrx_word' id='word_1_29' title='bbox 1217 655 1366 708; x_wconf 90' lang='lat' dir='ltr'><strong>humi</strong></span> <span class='ocrx_word' id='word_1_30' title='bbox 1393 655 1600 723; x_wconf 80' lang='lat' dir='ltr'><strong>jacens,</strong></span> <span class='ocrx_word' id='word_1_31' title='bbox 1625 659 1678 711; x_wconf 89' lang='lat' dir='ltr'><strong>in</strong></span> <span class='ocrx_word' id='word_1_32' title='bbox 1711 661 1833 730; x_wconf 84' lang='lat' dir='ltr'><strong>igne</strong></span> <span class='ocrx_word' id='word_1_33' title='bbox 1856 663 2122 718; x_wconf 90' lang='lat' dir='ltr'><strong>orationis</strong></span> <span class='ocrx_word' id='word_1_34' title='bbox 2153 673 2208 718; x_wconf 91' lang='lat' dir='ltr'><strong>et</strong></span> <span class='ocrx_word' id='word_1_35' title='bbox 2235 681 2326 718; x_wconf 88' lang='lat' dir='ltr'><strong>ca-</strong></span> 
     </span>
    </p>
   </div>
   <div class='ocr_carea' id='block_1_8' title="bbox 755 740 2330 824">
    <p class='ocr_par' dir='ltr' id='par_1_8' title="bbox 755 740 2330 824">
     <span class='ocr_line' id='line_1_8' title="bbox 755 740 2330 824; baseline 0.011 -32"><span class='ocrx_word' id='word_1_36' title='bbox 755 740 878 795; x_wconf 87' lang='lat' dir='ltr'><strong>lidis</strong></span> <span class='ocrx_word' id='word_1_37' title='bbox 918 741 1277 814; x_wconf 84' lang='lat' dir='ltr'><strong>lacrymarum</strong></span> <span class='ocrx_word' id='word_1_38' title='bbox 1330 745 1674 814; x_wconf 80' lang='lat' dir='ltr'><strong>ﬁuxionibus,</strong></span> <span class='ocrx_word' id='word_1_39' title='bbox 1705 751 1873 804; x_wconf 88' lang='lat' dir='ltr'><strong>Deum</strong></span> <span class='ocrx_word' id='word_1_40' title='bbox 1923 755 2160 821; x_wconf 82' lang='lat' dir='ltr'><strong>rogabat,</strong></span> <span class='ocrx_word' id='word_1_41' title='bbox 2204 771 2330 824; x_wconf 91' lang='lat' dir='ltr'><strong>sup-</strong></span> 
     </span>
    </p>
   </div>
   <div class='ocr_carea' id='block_1_9' title="bbox 755 831 2328 914">
    <p class='ocr_par' dir='ltr' id='par_1_9' title="bbox 755 831 2328 914">
     <span class='ocr_line' id='line_1_9' title="bbox 755 831 2328 914; baseline 0.014 -34"><span class='ocrx_word' id='word_1_42' title='bbox 755 831 1014 898; x_wconf 85' lang='lat' dir='ltr'><strong>plicabat.</strong></span> <span class='ocrx_word' id='word_1_43' title='bbox 1052 833 1397 898; x_wconf 85' lang='lat' dir='ltr'><strong>obsecrabat,</strong></span> <span class='ocrx_word' id='word_1_44' title='bbox 1433 854 1499 892; x_wconf 91' lang='lat' dir='ltr'><strong>ne</strong></span> <span class='ocrx_word' id='word_1_45' title='bbox 1537 852 1894 908; x_wconf 80' lang='lat' dir='ltr'><strong>superaretur</strong></span> <span class='ocrx_word' id='word_1_46' title='bbox 1920 854 2120 914; x_wconf 79' lang='lat' dir='ltr'><strong>martyr</strong></span> <span class='ocrx_word' id='word_1_47' title='bbox 2145 860 2172 898; x_wconf 91' lang='lat' dir='ltr'><strong>a</strong></span> <span class='ocrx_word' id='word_1_48' title='bbox 2197 861 2328 914; x_wconf 88' lang='lat' dir='ltr'><strong>sup-</strong></span> 
     </span>
    </p>
   </div>
   <div class='ocr_carea' id='block_1_10' title="bbox 753 921 2329 1005">
    <p class='ocr_par' dir='ltr' id='par_1_10' title="bbox 753 921 2329 1005">
     <span class='ocr_line' id='line_1_10' title="bbox 753 921 2329 1005; baseline 0.01 -32"><span class='ocrx_word' id='word_1_49' title='bbox 753 921 954 989; x_wconf 88' lang='lat' dir='ltr'><strong>pliciis.</strong></span> <span class='ocrx_word' id='word_1_50' title='bbox 987 921 1276 991; x_wconf 84' lang='lat' dir='ltr'><strong>Postquam</strong></span> <span class='ocrx_word' id='word_1_51' title='bbox 1334 939 1513 980; x_wconf 88' lang='lat' dir='ltr'><strong>autem</strong></span> <span class='ocrx_word' id='word_1_52' title='bbox 1549 929 1831 985; x_wconf 86' lang='lat' dir='ltr'><strong>Anastasia</strong></span> <span class='ocrx_word' id='word_1_53' title='bbox 1879 932 1988 1000; x_wconf 84' lang='lat' dir='ltr'><strong>jam</strong></span> <span class='ocrx_word' id='word_1_54' title='bbox 2019 935 2329 1005; x_wconf 83' lang='lat' dir='ltr'><strong>pulcherri-</strong></span> 
     </span>
    </p>
   </div>
   <div class='ocr_carea' id='block_1_11' title="bbox 755 1013 2332 1089">
    <p class='ocr_par' dir='ltr' id='par_1_11' title="bbox 755 1013 2332 1089">
     <span class='ocr_line' id='line_1_11' title="bbox 755 1013 2332 1089; baseline 0.008 -23"><span class='ocrx_word' id='word_1_55' title='bbox 755 1028 904 1066; x_wconf 90' lang='lat' dir='ltr'><strong>mum</strong></span> <span class='ocrx_word' id='word_1_56' title='bbox 942 1013 1100 1066; x_wconf 87' lang='lat' dir='ltr'><strong>ﬁnem</strong></span> <span class='ocrx_word' id='word_1_57' title='bbox 1153 1017 1409 1084; x_wconf 74' lang='lat' dir='ltr'><strong>imposuit</strong></span> <span class='ocrx_word' id='word_1_58' title='bbox 1459 1021 1732 1089; x_wconf 73' lang='lat' dir='ltr'><strong>martyrio,</strong></span> <span class='ocrx_word' id='word_1_59' title='bbox 1766 1032 1821 1075; x_wconf 91' lang='lat' dir='ltr'><strong>et</strong></span> <span class='ocrx_word' id='word_1_60' title='bbox 1855 1024 2072 1076; x_wconf 85' lang='lat' dir='ltr'><strong>transiit</strong></span> <span class='ocrx_word' id='word_1_61' title='bbox 2123 1025 2186 1077; x_wconf 89' lang='lat' dir='ltr'><strong>ad</strong></span> <span class='ocrx_word' id='word_1_62' title='bbox 2239 1041 2332 1080; x_wconf 88' lang='lat' dir='ltr'><strong>su-</strong></span> 
     </span>
    </p>
   </div>
   <div class='ocr_carea' id='block_1_12' title="bbox 754 1106 2332 1184">
    <p class='ocr_par' dir='ltr' id='par_1_12' title="bbox 754 1106 2332 1184">
     <span class='ocr_line' id='line_1_12' title="bbox 754 1106 2332 1184; baseline 0.011 -31"><span class='ocrx_word' id='word_1_63' title='bbox 754 1117 954 1171; x_wconf 86' lang='lat' dir='ltr'><strong>pernos</strong></span> <span class='ocrx_word' id='word_1_64' title='bbox 987 1106 1274 1167; x_wconf 81' lang='lat' dir='ltr'><strong>thalamos,</strong></span> <span class='ocrx_word' id='word_1_65' title='bbox 1311 1114 1365 1160; x_wconf 88' lang='lat' dir='ltr'><strong>et</strong></span> <span class='ocrx_word' id='word_1_66' title='bbox 1392 1109 1457 1160; x_wconf 88' lang='lat' dir='ltr'><strong>ad</strong></span> <span class='ocrx_word' id='word_1_67' title='bbox 1490 1112 1642 1162; x_wconf 86' lang='lat' dir='ltr'><strong>ﬁrma</strong></span> <span class='ocrx_word' id='word_1_68' title='bbox 1697 1112 1780 1164; x_wconf 89' lang='lat' dir='ltr'><strong>illa</strong></span> <span class='ocrx_word' id='word_1_69' title='bbox 1835 1128 1898 1165; x_wconf 87' lang='lat' dir='ltr'><strong>ac</strong></span> <span class='ocrx_word' id='word_1_70' title='bbox 1943 1113 2180 1177; x_wconf 82' lang='lat' dir='ltr'><strong>stabilia,</strong></span> <span class='ocrx_word' id='word_1_71' title='bbox 2212 1132 2332 1184; x_wconf 76' lang='lat' dir='ltr'><strong>qure</strong></span> 
     </span>
    </p>
   </div>
   <div class='ocr_carea' id='block_1_13' title="bbox 753 1191 2328 1272">
    <p class='ocr_par' dir='ltr' id='par_1_13' title="bbox 753 1191 2328 1272">
     <span class='ocr_line' id='line_1_13' title="bbox 753 1191 2328 1272; baseline 0.008 -27"><span class='ocrx_word' id='word_1_72' title='bbox 753 1191 1165 1257; x_wconf 76' lang='lat' dir='ltr'><strong>desiderantur,</strong></span> <span class='ocrx_word' id='word_1_73' title='bbox 1198 1197 1355 1262; x_wconf 86' lang='lat' dir='ltr'><strong>bona,</strong></span> <span class='ocrx_word' id='word_1_74' title='bbox 1389 1207 1516 1253; x_wconf 91' lang='lat' dir='ltr'><strong>tunc</strong></span> <span class='ocrx_word' id='word_1_75' title='bbox 1541 1203 1808 1254; x_wconf 83' lang='lat' dir='ltr'><strong>accedens</strong></span> <span class='ocrx_word' id='word_1_76' title='bbox 1843 1204 2064 1272; x_wconf 80' lang='lat' dir='ltr'><strong>angelus</strong></span> <span class='ocrx_word' id='word_1_77' title='bbox 2098 1205 2328 1268; x_wconf 85' lang='lat' dir='ltr'><strong>Domini,</strong></span> 
     </span>
    </p>
   </div>
   <div class='ocr_carea' id='block_1_14' title="bbox 756 1289 2328 1365">
    <p class='ocr_par' dir='ltr' id='par_1_14' title="bbox 756 1289 2328 1365">
     <span class='ocr_line' id='line_1_14' title="bbox 756 1289 2328 1365; baseline 0.009 -25"><span class='ocrx_word' id='word_1_78' title='bbox 756 1290 1066 1356; x_wconf 77' lang='lat' dir='ltr'><strong>magistram</strong></span> <span class='ocrx_word' id='word_1_79' title='bbox 1104 1289 1358 1359; x_wconf 84' lang='lat' dir='ltr'><strong>Sophiam</strong></span> <span class='ocrx_word' id='word_1_80' title='bbox 1395 1310 1423 1346; x_wconf 87' lang='lat' dir='ltr'><strong>a</strong></span> <span class='ocrx_word' id='word_1_81' title='bbox 1459 1305 1604 1348; x_wconf 88' lang='lat' dir='ltr'><strong>metu</strong></span> <span class='ocrx_word' id='word_1_82' title='bbox 1645 1295 1841 1350; x_wconf 85' lang='lat' dir='ltr'><strong>liberat</strong></span> <span class='ocrx_word' id='word_1_83' title='bbox 1883 1307 1936 1351; x_wconf 84' lang='lat' dir='ltr'><strong>et</strong></span> <span class='ocrx_word' id='word_1_84' title='bbox 1982 1314 2010 1351; x_wconf 92' lang='lat' dir='ltr'><strong>a</strong></span> <span class='ocrx_word' id='word_1_85' title='bbox 2059 1301 2224 1362; x_wconf 90' lang='lat' dir='ltr'><strong>curis,</strong></span> <span class='ocrx_word' id='word_1_86' title='bbox 2255 1311 2328 1365; x_wconf 92' lang='lat' dir='ltr'><strong>et,</strong></span> 
     </span>
    </p>
   </div>
   <div class='ocr_carea' id='block_1_15' title="bbox 756 1381 2335 1460">
    <p class='ocr_par' dir='ltr' id='par_1_15' title="bbox 756 1381 2335 1460">
     <span class='ocr_line' id='line_1_15' title="bbox 756 1381 2335 1460; baseline 0.009 -29"><span class='ocrx_word' id='word_1_87' title='bbox 756 1383 898 1447; x_wconf 87' lang='lat' dir='ltr'><strong>quod</strong></span> <span class='ocrx_word' id='word_1_88' title='bbox 940 1381 1176 1436; x_wconf 83' lang='lat' dir='ltr'><strong>maxime</strong></span> <span class='ocrx_word' id='word_1_89' title='bbox 1208 1388 1450 1452; x_wconf 79' lang='lat' dir='ltr'><strong>optabat,</strong></span> <span class='ocrx_word' id='word_1_90' title='bbox 1520 1393 1574 1437; x_wconf 77' lang='lat' dir='ltr'><strong>et</strong></span> <span class='ocrx_word' id='word_1_91' title='bbox 1607 1392 1724 1440; x_wconf 87' lang='lat' dir='ltr'><strong>erat</strong></span> <span class='ocrx_word' id='word_1_92' title='bbox 1753 1388 1798 1441; x_wconf 90' lang='lat' dir='ltr'><strong>ei</strong></span> <span class='ocrx_word' id='word_1_93' title='bbox 1835 1389 2019 1444; x_wconf 88' lang='lat' dir='ltr'><strong>auditu</strong></span> <span class='ocrx_word' id='word_1_94' title='bbox 2059 1391 2212 1460; x_wconf 89' lang='lat' dir='ltr'><strong>longe</strong></span> <span class='ocrx_word' id='word_1_95' title='bbox 2241 1394 2335 1459; x_wconf 89' lang='lat' dir='ltr'><strong>ju-</strong></span> 
     </span>
    </p>
   </div>
   <div class='ocr_carea' id='block_1_16' title="bbox 754 1473 2332 1548">
    <p class='ocr_par' dir='ltr' id='par_1_16' title="bbox 754 1473 2332 1548">
     <span class='ocr_line' id='line_1_16' title="bbox 754 1473 2332 1548; baseline 0.008 -24"><span class='ocrx_word' id='word_1_96' title='bbox 754 1473 1175 1534; x_wconf 76' lang='lat' dir='ltr'><strong>cundissin&#39;ium,</strong></span> <span class='ocrx_word' id='word_1_97' title='bbox 1241 1475 1359 1543; x_wconf 89' lang='lat' dir='ltr'><strong>ejus</strong></span> <span class='ocrx_word' id='word_1_98' title='bbox 1426 1477 1644 1531; x_wconf 86' lang='lat' dir='ltr'><strong>auribus</strong></span> <span class='ocrx_word' id='word_1_99' title='bbox 1702 1477 1972 1533; x_wconf 81' lang='lat' dir='ltr'><strong>instillans</strong></span> <span class='ocrx_word' id='word_1_100' title='bbox 2035 1482 2332 1548; x_wconf 83' lang='lat' dir='ltr'><strong>renuntiat,</strong></span> 
     </span>
    </p>
   </div>
   <div class='ocr_carea' id='block_1_17' title="bbox 753 1566 2333 1634">
    <p class='ocr_par' dir='ltr' id='par_1_17' title="bbox 753 1566 2333 1634">
     <span class='ocr_line' id='line_1_17' title="bbox 753 1566 2333 1634; baseline 0.008 -18"><span class='ocrx_word' id='word_1_101' title='bbox 753 1578 951 1632; x_wconf 86' lang='lat' dir='ltr'><strong>nempe</strong></span> <span class='ocrx_word' id='word_1_102' title='bbox 987 1566 1211 1634; x_wconf 78' lang='lat' dir='ltr'><strong>virginis</strong></span> <span class='ocrx_word' id='word_1_103' title='bbox 1244 1573 1791 1625; x_wconf 74' lang='lat' dir='ltr'><strong>consummationem.</strong></span> <span class='ocrx_word' id='word_1_104' title='bbox 1846 1571 2112 1628; x_wconf 70' lang='lat' dir='ltr'><strong>[’rreterea</strong></span> <span class='ocrx_word' id='word_1_105' title='bbox 2155 1584 2333 1628; x_wconf 88' lang='lat' dir='ltr'><strong>autem</strong></span> 
     </span>
    </p>
   </div>
   <div class='ocr_carea' id='block_1_18' title="bbox 751 1657 2336 1731">
    <p class='ocr_par' dir='ltr' id='par_1_18' title="bbox 751 1657 2336 1731">
     <span class='ocr_line' id='line_1_18' title="bbox 751 1657 2336 1731; baseline 0.007 -23"><span class='ocrx_word' id='word_1_106' title='bbox 751 1669 873 1708; x_wconf 87' lang='lat' dir='ltr'><strong>eam</strong></span> <span class='ocrx_word' id='word_1_107' title='bbox 906 1670 1126 1723; x_wconf 89' lang='lat' dir='ltr'><strong>quoque</strong></span> <span class='ocrx_word' id='word_1_108' title='bbox 1155 1657 1374 1713; x_wconf 82' lang='lat' dir='ltr'><strong>deducit</strong></span> <span class='ocrx_word' id='word_1_109' title='bbox 1404 1661 1469 1715; x_wconf 86' lang='lat' dir='ltr'><strong>ad</strong></span> <span class='ocrx_word' id='word_1_110' title='bbox 1499 1661 1780 1730; x_wconf 87' lang='lat' dir='ltr'><strong>reliquias,</strong></span> <span class='ocrx_word' id='word_1_111' title='bbox 1810 1672 1866 1717; x_wconf 86' lang='lat' dir='ltr'><strong>et</strong></span> <span class='ocrx_word' id='word_1_112' title='bbox 1887 1665 2030 1731; x_wconf 88' lang='lat' dir='ltr'><strong>quod</strong></span> <span class='ocrx_word' id='word_1_113' title='bbox 2060 1663 2336 1719; x_wconf 88' lang='lat' dir='ltr'><strong>desidera-</strong></span> 
     </span>
    </p>
   </div>
   <div class='ocr_carea' id='block_1_19' title="bbox 753 1745 2326 1823">
    <p class='ocr_par' dir='ltr' id='par_1_19' title="bbox 753 1745 2326 1823">
     <span class='ocr_line' id='line_1_19' title="bbox 753 1745 2326 1823; baseline 0.006 -25"><span class='ocrx_word' id='word_1_114' title='bbox 753 1745 847 1798; x_wconf 87' lang='lat' dir='ltr'><strong>bat</strong></span> <span class='ocrx_word' id='word_1_115' title='bbox 881 1749 1162 1816; x_wconf 80' lang='lat' dir='ltr'><strong>consequi,</strong></span> <span class='ocrx_word' id='word_1_116' title='bbox 1198 1758 1252 1803; x_wconf 91' lang='lat' dir='ltr'><strong>et</strong></span> <span class='ocrx_word' id='word_1_117' title='bbox 1285 1754 1746 1819; x_wconf 83' lang='lat' dir='ltr'><strong>quemadmodum</strong></span> <span class='ocrx_word' id='word_1_118' title='bbox 1777 1756 1995 1823; x_wconf 83' lang='lat' dir='ltr'><strong>optabat</strong></span> <span class='ocrx_word' id='word_1_119' title='bbox 2031 1755 2238 1820; x_wconf 86' lang='lat' dir='ltr'><strong>videre,</strong></span> <span class='ocrx_word' id='word_1_120' title='bbox 2279 1757 2326 1810; x_wconf 91' lang='lat' dir='ltr'><strong>ei</strong></span> 
     </span>
    </p>
   </div>
   <div class='ocr_carea' id='block_1_20' title="bbox 755 1819 2407 1916">
    <p class='ocr_par' dir='ltr' id='par_1_20' title="bbox 755 1819 2407 1916">
     <span class='ocr_line' id='line_1_20' title="bbox 755 1819 2407 1916; baseline 0.01 -27"><span class='ocrx_word' id='word_1_121' title='bbox 755 1839 922 1891; x_wconf 82' lang='lat' dir='ltr'><strong>tradit</strong></span> <span class='ocrx_word' id='word_1_122' title='bbox 949 1839 1212 1907; x_wconf 81' lang='lat' dir='ltr'><strong>reliquias</strong></span> <span class='ocrx_word' id='word_1_123' title='bbox 1249 1844 1339 1894; x_wconf 91' lang='lat' dir='ltr'><strong>tali</strong></span> <span class='ocrx_word' id='word_1_124' title='bbox 1373 1857 1696 1901; x_wconf 89' lang='lat' dir='ltr'><strong>ornamento</strong></span> <span class='ocrx_word' id='word_1_125' title='bbox 1739 1847 2118 1916; x_wconf 82' lang='lat' dir='ltr'><strong>confessionis,</strong></span> <span class='ocrx_word' id='word_1_126' title='bbox 2159 1859 2211 1904; x_wconf 87' lang='lat' dir='ltr'><strong>et</strong></span> <span class='ocrx_word' id='word_1_127' title='bbox 2242 1851 2331 1904; x_wconf 83' lang='lat' dir='ltr'><strong>tali</strong></span> <span class='ocrx_word' id='word_1_128' title='bbox 2363 1819 2407 1878; x_wconf 74' lang='grc' dir='ltr'><strong>Β</strong></span> 
     </span>
    </p>
   </div>
   <div class='ocr_carea' id='block_1_21' title="bbox 750 1930 2330 2007">
    <p class='ocr_par' dir='ltr' id='par_1_21' title="bbox 750 1930 2330 2007">
     <span class='ocr_line' id='line_1_21' title="bbox 750 1930 2330 2007; baseline 0.009 -27"><span class='ocrx_word' id='word_1_129' title='bbox 750 1930 952 1982; x_wconf 87' lang='lat' dir='ltr'><strong>amictu</strong></span> <span class='ocrx_word' id='word_1_130' title='bbox 1005 1940 1225 1985; x_wconf 83' lang='lat' dir='ltr'><strong>ornatas</strong></span> <span class='ocrx_word' id='word_1_131' title='bbox 1261 1937 1519 2005; x_wconf 80' lang='lat' dir='ltr'><strong>martyrii.</strong></span> <span class='ocrx_word' id='word_1_132' title='bbox 1551 1938 1727 2005; x_wconf 81' lang='lat' dir='ltr'><strong>Atque</strong></span> <span class='ocrx_word' id='word_1_133' title='bbox 1761 1939 1850 1992; x_wconf 87' lang='lat' dir='ltr'><strong>illa</strong></span> <span class='ocrx_word' id='word_1_134' title='bbox 1900 1940 2118 2007; x_wconf 86' lang='lat' dir='ltr'><strong>quidem</strong></span> <span class='ocrx_word' id='word_1_135' title='bbox 2149 1943 2330 1994; x_wconf 85' lang='lat' dir='ltr'><strong>statim</strong></span> 
     </span>
    </p>
   </div>
   <div class='ocr_carea' id='block_1_22' title="bbox 750 2020 2336 2101">
    <p class='ocr_par' dir='ltr' id='par_1_22' title="bbox 750 2020 2336 2101">
     <span class='ocr_line' id='line_1_22' title="bbox 750 2020 2336 2101; baseline 0.009 -28"><span class='ocrx_word' id='word_1_136' title='bbox 750 2020 1082 2075; x_wconf 81' lang='lat' dir='ltr'><strong>circumfusa</strong></span> <span class='ocrx_word' id='word_1_137' title='bbox 1131 2025 1398 2094; x_wconf 88' lang='lat' dir='ltr'><strong>reliquiis,</strong></span> <span class='ocrx_word' id='word_1_138' title='bbox 1455 2044 1654 2098; x_wconf 84' lang='lat' dir='ltr'><strong>easque</strong></span> <span class='ocrx_word' id='word_1_139' title='bbox 1692 2040 1832 2084; x_wconf 89' lang='lat' dir='ltr'><strong>totas</strong></span> <span class='ocrx_word' id='word_1_140' title='bbox 1863 2033 2256 2101; x_wconf 84' lang='lat' dir='ltr'><strong>complectens,</strong></span> <span class='ocrx_word' id='word_1_141' title='bbox 2281 2043 2336 2087; x_wconf 88' lang='lat' dir='ltr'><strong>et</strong></span> 
     </span>
    </p>
   </div>
   <div class='ocr_carea' id='block_1_23' title="bbox 751 2117 2336 2187">
    <p class='ocr_par' dir='ltr' id='par_1_23' title="bbox 751 2117 2336 2187">
     <span class='ocr_line' id='line_1_23' title="bbox 751 2117 2336 2187; baseline 0.008 -21"><span class='ocrx_word' id='word_1_142' title='bbox 751 2129 920 2166; x_wconf 87' lang='lat' dir='ltr'><strong>unum</strong></span> <span class='ocrx_word' id='word_1_143' title='bbox 987 2117 1238 2186; x_wconf 86' lang='lat' dir='ltr'><strong>quodque</strong></span> <span class='ocrx_word' id='word_1_144' title='bbox 1282 2121 1585 2174; x_wconf 74' lang='lat' dir='ltr'><strong>membrum</strong></span> <span class='ocrx_word' id='word_1_145' title='bbox 1639 2123 1792 2178; x_wconf 89' lang='lat' dir='ltr'><strong>valde</strong></span> <span class='ocrx_word' id='word_1_146' title='bbox 1855 2125 2199 2187; x_wconf 81' lang='lat' dir='ltr'><strong>exosculans,</strong></span> <span class='ocrx_word' id='word_1_147' title='bbox 2282 2135 2336 2179; x_wconf 91' lang='lat' dir='ltr'><strong>et</strong></span> 
     </span>
    </p>
   </div>
   <div class='ocr_carea' id='block_1_24' title="bbox 749 2207 2334 2275">
    <p class='ocr_par' dir='ltr' id='par_1_24' title="bbox 749 2207 2334 2275">
     <span class='ocr_line' id='line_1_24' title="bbox 749 2207 2334 2275; baseline 0.011 -22"><span class='ocrx_word' id='word_1_148' title='bbox 749 2219 858 2269; x_wconf 72' lang='lat' dir='ltr'><strong>pra:</strong></span> <span class='ocrx_word' id='word_1_149' title='bbox 911 2207 1106 2275; x_wconf 83' lang='lat' dir='ltr'><strong>gaudio</strong></span> <span class='ocrx_word' id='word_1_150' title='bbox 1159 2224 1220 2261; x_wconf 87' lang='lat' dir='ltr'><strong>ac</strong></span> <span class='ocrx_word' id='word_1_151' title='bbox 1248 2210 1520 2264; x_wconf 89' lang='lat' dir='ltr'><strong>desiderio</strong></span> <span class='ocrx_word' id='word_1_152' title='bbox 1557 2212 1760 2267; x_wconf 86' lang='lat' dir='ltr'><strong>calidas</strong></span> <span class='ocrx_word' id='word_1_153' title='bbox 1807 2215 1864 2268; x_wconf 92' lang='lat' dir='ltr'><strong>in</strong></span> <span class='ocrx_word' id='word_1_154' title='bbox 1931 2230 2025 2269; x_wconf 88' lang='lat' dir='ltr'><strong>eas</strong></span> <span class='ocrx_word' id='word_1_155' title='bbox 2049 2215 2334 2272; x_wconf 72' lang='lat' dir='ltr'><strong>effundens</strong></span> 
     </span>
    </p>
   </div>
   <div class='ocr_carea' id='block_1_25' title="bbox 751 2293 2332 2372">
    <p class='ocr_par' dir='ltr' id='par_1_25' title="bbox 751 2293 2332 2372">
     <span class='ocr_line' id='line_1_25' title="bbox 751 2293 2332 2372; baseline 0.011 -27"><span class='ocrx_word' id='word_1_156' title='bbox 751 2293 1035 2364; x_wconf 83' lang='lat' dir='ltr'><strong>lacrymas,</strong></span> <span class='ocrx_word' id='word_1_157' title='bbox 1077 2298 1290 2353; x_wconf 81' lang='lat' dir='ltr'><strong>dicebat</strong></span> <span class='ocrx_word' id='word_1_158' title='bbox 1333 2319 1345 2353; x_wconf 90' lang='lat'><strong>:</strong></span> <span class='ocrx_word' id='word_1_159' title='bbox 1381 2300 1514 2357; x_wconf 87' lang='lat' dir='ltr'><strong>Filia</strong></span> <span class='ocrx_word' id='word_1_160' title='bbox 1566 2305 1986 2372; x_wconf 87' lang='lat' dir='ltr'><strong>jucundissima,</strong></span> <span class='ocrx_word' id='word_1_161' title='bbox 2033 2309 2138 2362; x_wconf 90' lang='lat' dir='ltr'><strong>ﬁlia</strong></span> <span class='ocrx_word' id='word_1_162' title='bbox 2202 2311 2332 2363; x_wconf 90' lang='lat' dir='ltr'><strong>mihi</strong></span> 
     </span>
    </p>
   </div>
   <div class='ocr_carea' id='block_1_26' title="bbox 751 2386 2334 2464">
    <p class='ocr_par' dir='ltr' id='par_1_26' title="bbox 751 2386 2334 2464">
     <span class='ocr_line' id='line_1_26' title="bbox 751 2386 2334 2464; baseline 0.01 -26"><span class='ocrx_word' id='word_1_163' title='bbox 751 2386 1105 2454; x_wconf 73' lang='lat' dir='ltr'><strong>charissima,</strong></span> <span class='ocrx_word' id='word_1_164' title='bbox 1138 2390 1268 2454; x_wconf 89' lang='lat' dir='ltr'><strong>ﬁlia,</strong></span> <span class='ocrx_word' id='word_1_165' title='bbox 1299 2409 1461 2460; x_wconf 88' lang='lat' dir='ltr'><strong>quam</strong></span> <span class='ocrx_word' id='word_1_166' title='bbox 1493 2411 1594 2464; x_wconf 89' lang='lat' dir='ltr'><strong>ego</strong></span> <span class='ocrx_word' id='word_1_167' title='bbox 1642 2397 1694 2448; x_wconf 91' lang='lat' dir='ltr'><strong>in</strong></span> <span class='ocrx_word' id='word_1_168' title='bbox 1723 2399 2136 2463; x_wconf 73' lang='lat' dir='ltr'><strong>exercitatione,</strong></span> <span class='ocrx_word' id='word_1_169' title='bbox 2177 2401 2228 2453; x_wconf 93' lang='lat' dir='ltr'><strong>in</strong></span> <span class='ocrx_word' id='word_1_170' title='bbox 2260 2403 2334 2454; x_wconf 87' lang='lat' dir='ltr'><strong>si-</strong></span> 
     </span>
    </p>
   </div>
   <div class='ocr_carea' id='block_1_27' title="bbox 752 2478 2334 2560">
    <p class='ocr_par' dir='ltr' id='par_1_27' title="bbox 752 2478 2334 2560">
     <span class='ocr_line' id='line_1_27' title="bbox 752 2478 2334 2560; baseline 0.01 -31"><span class='ocrx_word' id='word_1_171' title='bbox 752 2478 944 2542; x_wconf 85' lang='lat' dir='ltr'><strong>lentio,</strong></span> <span class='ocrx_word' id='word_1_172' title='bbox 970 2492 1024 2534; x_wconf 90' lang='lat' dir='ltr'><strong>et</strong></span> <span class='ocrx_word' id='word_1_173' title='bbox 1074 2481 1125 2534; x_wconf 92' lang='lat' dir='ltr'><strong>in</strong></span> <span class='ocrx_word' id='word_1_174' title='bbox 1182 2483 1461 2539; x_wconf 84' lang='lat' dir='ltr'><strong>laboribus</strong></span> <span class='ocrx_word' id='word_1_175' title='bbox 1524 2487 1748 2554; x_wconf 83' lang='lat' dir='ltr'><strong>pulchre</strong></span> <span class='ocrx_word' id='word_1_176' title='bbox 1805 2489 2050 2554; x_wconf 87' lang='lat' dir='ltr'><strong>educavi,</strong></span> <span class='ocrx_word' id='word_1_177' title='bbox 2084 2507 2184 2560; x_wconf 90' lang='lat' dir='ltr'><strong>ago</strong></span> <span class='ocrx_word' id='word_1_178' title='bbox 2240 2491 2334 2545; x_wconf 87' lang='lat' dir='ltr'><strong>tibi</strong></span> 
     </span>
    </p>
   </div>
   <div class='ocr_carea' id='block_1_28' title="bbox 753 2574 2330 2652">
    <p class='ocr_par' dir='ltr' id='par_1_28' title="bbox 753 2574 2330 2652">
     <span class='ocr_line' id='line_1_28' title="bbox 753 2574 2330 2652; baseline 0.008 -28"><span class='ocrx_word' id='word_1_179' title='bbox 753 2574 954 2640; x_wconf 76' lang='lat' dir='ltr'><strong>gratias</strong></span> <span class='ocrx_word' id='word_1_180' title='bbox 1013 2575 1156 2643; x_wconf 87' lang='lat' dir='ltr'><strong>quod</strong></span> <span class='ocrx_word' id='word_1_181' title='bbox 1195 2587 1440 2630; x_wconf 86' lang='lat' dir='ltr'><strong>materna</strong></span> <span class='ocrx_word' id='word_1_182' title='bbox 1484 2587 1753 2646; x_wconf 67' lang='lat' dir='ltr'><strong>praecepta</strong></span> <span class='ocrx_word' id='word_1_183' title='bbox 1786 2596 1893 2633; x_wconf 90' lang='lat' dir='ltr'><strong>non</strong></span> <span class='ocrx_word' id='word_1_184' title='bbox 1925 2584 2330 2652; x_wconf 87' lang='lat' dir='ltr'><strong>contempsisti,</strong></span> 
     </span>
    </p>
   </div>
   <div class='ocr_carea' id='block_1_29' title="bbox 750 2665 2332 2734">
    <p class='ocr_par' dir='ltr' id='par_1_29' title="bbox 750 2665 2332 2734">
     <span class='ocr_line' id='line_1_29' title="bbox 750 2665 2332 2734; baseline 0.009 -21"><span class='ocrx_word' id='word_1_185' title='bbox 750 2665 894 2731; x_wconf 81' lang='lat' dir='ltr'><strong>quod</strong></span> <span class='ocrx_word' id='word_1_186' title='bbox 939 2680 1059 2730; x_wconf 67' lang='lat' dir='ltr'><strong>quae</strong></span> <span class='ocrx_word' id='word_1_187' title='bbox 1115 2667 1351 2734; x_wconf 85' lang='lat' dir='ltr'><strong>pollicita</strong></span> <span class='ocrx_word' id='word_1_188' title='bbox 1413 2668 1612 2731; x_wconf 89' lang='lat' dir='ltr'><strong>fueras,</strong></span> <span class='ocrx_word' id='word_1_189' title='bbox 1661 2671 1978 2730; x_wconf 71' lang='lat' dir='ltr'><strong>observasui,</strong></span> <span class='ocrx_word' id='word_1_190' title='bbox 2026 2684 2081 2727; x_wconf 88' lang='lat' dir='ltr'><strong>et</strong></span> <span class='ocrx_word' id='word_1_191' title='bbox 2138 2676 2332 2728; x_wconf 84' lang='lat' dir='ltr'><strong>stetisti</strong></span> 
     </span>
    </p>
   </div>
   <div class='ocr_carea' id='block_1_30' title="bbox 750 2755 2326 2820">
    <p class='ocr_par' dir='ltr' id='par_1_30' title="bbox 750 2755 2326 2820">
     <span class='ocr_line' id='line_1_30' title="bbox 750 2755 2326 2820; baseline 0.008 -15"><span class='ocrx_word' id='word_1_192' title='bbox 750 2755 1058 2820; x_wconf 76' lang='lat' dir='ltr'><strong>prm&#39;nissis,</strong></span> <span class='ocrx_word' id='word_1_193' title='bbox 1091 2771 1192 2810; x_wconf 89' lang='lat' dir='ltr'><strong>nec</strong></span> <span class='ocrx_word' id='word_1_194' title='bbox 1219 2773 1276 2811; x_wconf 89' lang='lat' dir='ltr'><strong>es</strong></span> <span class='ocrx_word' id='word_1_195' title='bbox 1324 2759 1487 2812; x_wconf 80' lang='lat' dir='ltr'><strong>oblita</strong></span> <span class='ocrx_word' id='word_1_196' title='bbox 1549 2761 1878 2815; x_wconf 87' lang='lat' dir='ltr'><strong>monitorum</strong></span> <span class='ocrx_word' id='word_1_197' title='bbox 1925 2779 1938 2814; x_wconf 91' lang='lat'><strong>:</strong></span> <span class='ocrx_word' id='word_1_198' title='bbox 1981 2763 2075 2817; x_wconf 82' lang='lat' dir='ltr'><strong>sed</strong></span> <span class='ocrx_word' id='word_1_199' title='bbox 2106 2764 2326 2818; x_wconf 80' lang='lat' dir='ltr'><strong>aSiitisti</strong></span> 
     </span>
    </p>
   </div>
   <div class='ocr_carea' id='block_1_31' title="bbox 751 2843 2331 2923">
    <p class='ocr_par' dir='ltr' id='par_1_31' title="bbox 751 2843 2331 2923">
     <span class='ocr_line' id='line_1_31' title="bbox 751 2843 2331 2923; baseline 0.007 -25"><span class='ocrx_word' id='word_1_200' title='bbox 751 2843 969 2898; x_wconf 85' lang='lat' dir='ltr'><strong>Christo</strong></span> <span class='ocrx_word' id='word_1_201' title='bbox 997 2863 1199 2914; x_wconf 86' lang='lat' dir='ltr'><strong>sponso</strong></span> <span class='ocrx_word' id='word_1_202' title='bbox 1245 2856 1359 2913; x_wconf 87' lang='lat' dir='ltr'><strong>tuo,</strong></span> <span class='ocrx_word' id='word_1_203' title='bbox 1394 2851 1723 2908; x_wconf 82' lang='lat' dir='ltr'><strong>vestimento</strong></span> <span class='ocrx_word' id='word_1_204' title='bbox 1769 2854 2095 2923; x_wconf 80' lang='lat' dir='ltr'><strong>virginitatis</strong></span> <span class='ocrx_word' id='word_1_205' title='bbox 2123 2855 2331 2921; x_wconf 89' lang='lat' dir='ltr'><strong>induta,</strong></span> 
     </span>
    </p>
   </div>
   <div class='ocr_carea' id='block_1_32' title="bbox 755 2938 2332 3011">
    <p class='ocr_par' dir='ltr' id='par_1_32' title="bbox 755 2938 2332 3011">
     <span class='ocr_line' id='line_1_32' title="bbox 755 2938 2332 3011; baseline 0.01 -26"><span class='ocrx_word' id='word_1_206' title='bbox 755 2939 958 2990; x_wconf 77' lang='lat' dir='ltr'><strong>variata</strong></span> <span class='ocrx_word' id='word_1_207' title='bbox 993 2938 1335 3007; x_wconf 86' lang='lat' dir='ltr'><strong>stigmatibns</strong></span> <span class='ocrx_word' id='word_1_208' title='bbox 1365 2944 1630 3011; x_wconf 78' lang='lat' dir='ltr'><strong>martyrii,</strong></span> <span class='ocrx_word' id='word_1_209' title='bbox 1655 2947 1996 2998; x_wconf 85' lang='lat' dir='ltr'><strong>circumdata</strong></span> <span class='ocrx_word' id='word_1_210' title='bbox 2035 2960 2236 2998; x_wconf 91' lang='lat' dir='ltr'><strong>corona</strong></span> <span class='ocrx_word' id='word_1_211' title='bbox 2270 2961 2332 3000; x_wconf 87' lang='lat' dir='ltr'><strong>ex</strong></span> 
     </span>
    </p>
   </div>
   <div class='ocr_carea' id='block_1_33' title="bbox 755 3028 2336 3096">
    <p class='ocr_par' dir='ltr' id='par_1_33' title="bbox 755 3028 2336 3096">
     <span class='ocr_line' id='line_1_33' title="bbox 755 3028 2336 3096; baseline 0.008 -18"><span class='ocrx_word' id='word_1_212' title='bbox 755 3028 1026 3096; x_wconf 87' lang='lat' dir='ltr'><strong>lapidibus</strong></span> <span class='ocrx_word' id='word_1_213' title='bbox 1060 3031 1313 3096; x_wconf 86' lang='lat' dir='ltr'><strong>pretiosis</strong></span> <span class='ocrx_word' id='word_1_214' title='bbox 1351 3048 1364 3084; x_wconf 89' lang='lat'>:</span> <span class='ocrx_word' id='word_1_215' title='bbox 1394 3040 1449 3083; x_wconf 91' lang='lat' dir='ltr'><strong>et</strong></span> <span class='ocrx_word' id='word_1_216' title='bbox 1478 3048 1625 3086; x_wconf 86' lang='lat' dir='ltr'><strong>nunc</strong></span> <span class='ocrx_word' id='word_1_217' title='bbox 1675 3032 1889 3086; x_wconf 84' lang='lat' dir='ltr'><strong>habitas</strong></span> <span class='ocrx_word' id='word_1_218' title='bbox 1921 3033 1974 3087; x_wconf 89' lang='lat' dir='ltr'><strong>in</strong></span> <span class='ocrx_word' id='word_1_219' title='bbox 2007 3034 2336 3090; x_wconf 76' lang='lat' dir='ltr'><strong>locotaber-</strong></span> 
     </span>
    </p>
   </div>
   <div class='ocr_carea' id='block_1_34' title="bbox 757 3109 2403 3214">
    <p class='ocr_par' dir='ltr' id='par_1_34' title="bbox 757 3109 2403 3214">
     <span class='ocr_line' id='line_1_34' title="bbox 757 3109 2403 3214; baseline 0.006 -43"><span class='ocrx_word' id='word_1_220' title='bbox 757 3109 934 3172; x_wconf 63' lang='lat' dir='ltr'><strong>nileiili</strong></span> <span class='ocrx_word' id='word_1_221' title='bbox 966 3122 1324 3188; x_wconf 85' lang='lat' dir='ltr'><strong>admirabilis,</strong></span> <span class='ocrx_word' id='word_1_222' title='bbox 1359 3123 1410 3177; x_wconf 90' lang='lat' dir='ltr'><strong>in</strong></span> <span class='ocrx_word' id='word_1_223' title='bbox 1446 3125 1607 3180; x_wconf 84' lang='lat' dir='ltr'><strong>domo</strong></span> <span class='ocrx_word' id='word_1_224' title='bbox 1641 3126 1822 3195; x_wconf 73' lang='lat' dir='ltr'><strong>gloriae</strong></span> <span class='ocrx_word' id='word_1_225' title='bbox 1860 3127 2095 3191; x_wconf 89' lang='lat' dir='ltr'><strong>Domini,</strong></span> <span class='ocrx_word' id='word_1_226' title='bbox 2131 3128 2222 3182; x_wconf 90' lang='lat' dir='ltr'><strong>ubi</strong></span> <span class='ocrx_word' id='word_1_227' title='bbox 2252 3139 2336 3181; x_wconf 90' lang='lat' dir='ltr'><strong>est</strong></span> <span class='ocrx_word' id='word_1_228' title='bbox 2361 3157 2403 3214; x_wconf 68' lang='grc' dir='ltr'>ο</span> 
     </span>
    </p>
   </div>
   <div class='ocr_carea' id='block_1_35' title="bbox 758 3214 2322 3290">
    <p class='ocr_par' dir='ltr' id='par_1_35' title="bbox 758 3214 2322 3290">
     <span class='ocr_line' id='line_1_35' title="bbox 758 3214 2322 3290; baseline 0.007 -25"><span class='ocrx_word' id='word_1_229' title='bbox 758 3214 1014 3269; x_wconf 79' lang='lat' dir='ltr'><strong>habitatio</strong></span> <span class='ocrx_word' id='word_1_230' title='bbox 1050 3216 1368 3270; x_wconf 57' lang='lat' dir='ltr'><strong>letanliinn.</strong></span> <span class='ocrx_word' id='word_1_231' title='bbox 1407 3219 1699 3287; x_wconf 84' lang='lat' dir='ltr'><strong>Propterea</strong></span> <span class='ocrx_word' id='word_1_232' title='bbox 1733 3237 1863 3290; x_wconf 86' lang='lat' dir='ltr'><strong>rogo</strong></span> <span class='ocrx_word' id='word_1_233' title='bbox 1915 3231 1989 3287; x_wconf 90' lang='lat' dir='ltr'><strong>te,</strong></span> <span class='ocrx_word' id='word_1_234' title='bbox 2020 3223 2183 3276; x_wconf 88' lang='lat' dir='ltr'><strong>chara</strong></span> <span class='ocrx_word' id='word_1_235' title='bbox 2216 3223 2322 3276; x_wconf 89' lang='lat' dir='ltr'><strong>ﬁlia</strong></span> 
     </span>
    </p>
   </div>
   <div class='ocr_carea' id='block_1_36' title="bbox 757 3308 2335 3378">
    <p class='ocr_par' dir='ltr' id='par_1_36' title="bbox 757 3308 2335 3378">
     <span class='ocr_line' id='line_1_36' title="bbox 757 3308 2335 3378; baseline 0.005 -20"><span class='ocrx_word' id='word_1_236' title='bbox 757 3315 805 3358; x_wconf 86' lang='lat' dir='ltr'><strong>et</strong></span> <span class='ocrx_word' id='word_1_237' title='bbox 837 3314 1010 3358; x_wconf 86' lang='lat' dir='ltr'><strong>mater</strong></span> <span class='ocrx_word' id='word_1_238' title='bbox 1040 3308 1295 3375; x_wconf 85' lang='lat' dir='ltr'><strong>spiritalis</strong></span> <span class='ocrx_word' id='word_1_239' title='bbox 1331 3309 1433 3378; x_wconf 90' lang='lat' dir='ltr'><strong>(sic</strong></span> <span class='ocrx_word' id='word_1_240' title='bbox 1462 3315 1608 3364; x_wconf 87' lang='lat' dir='ltr'><strong>enim</strong></span> <span class='ocrx_word' id='word_1_241' title='bbox 1667 3318 1720 3365; x_wconf 92' lang='lat' dir='ltr'><strong>te</strong></span> <span class='ocrx_word' id='word_1_242' title='bbox 1771 3315 2026 3367; x_wconf 83' lang='lat' dir='ltr'><strong>invocare</strong></span> <span class='ocrx_word' id='word_1_243' title='bbox 2071 3324 2155 3368; x_wconf 90' lang='lat' dir='ltr'><strong>est</strong></span> <span class='ocrx_word' id='word_1_244' title='bbox 2202 3313 2335 3366; x_wconf 90' lang='lat' dir='ltr'><strong>mihi</strong></span> 
     </span>
    </p>
   </div>
   <div class='ocr_carea' id='block_1_37' title="bbox 753 3397 2334 3463">
    <p class='ocr_par' dir='ltr' id='par_1_37' title="bbox 753 3397 2334 3463">
     <span class='ocr_line' id='line_1_37' title="bbox 753 3397 2334 3463; baseline 0.008 -14"><span class='ocrx_word' id='word_1_245' title='bbox 753 3397 1218 3463; x_wconf 79' lang='lat' dir='ltr'><strong>convenientius),</strong></span> <span class='ocrx_word' id='word_1_246' title='bbox 1249 3411 1369 3456; x_wconf 90' lang='lat' dir='ltr'><strong>esto</strong></span> <span class='ocrx_word' id='word_1_247' title='bbox 1425 3403 1556 3456; x_wconf 89' lang='lat' dir='ltr'><strong>mihi</strong></span> <span class='ocrx_word' id='word_1_248' title='bbox 1613 3403 1668 3456; x_wconf 91' lang='lat' dir='ltr'><strong>in</strong></span> <span class='ocrx_word' id='word_1_249' title='bbox 1707 3403 1812 3458; x_wconf 87' lang='lat' dir='ltr'><strong>hac</strong></span> <span class='ocrx_word' id='word_1_250' title='bbox 1849 3404 2000 3459; x_wconf 89' lang='lat' dir='ltr'><strong>brevi</strong></span> <span class='ocrx_word' id='word_1_251' title='bbox 2036 3415 2088 3460; x_wconf 87' lang='lat' dir='ltr'><strong>et</strong></span> <span class='ocrx_word' id='word_1_252' title='bbox 2131 3406 2334 3461; x_wconf 81' lang='lat' dir='ltr'><strong>caduca</strong></span> 
     </span>
    </p>
   </div>
   <div class='ocr_carea' id='block_1_38' title="bbox 756 3487 2334 3566">
    <p class='ocr_par' dir='ltr' id='par_1_38' title="bbox 756 3487 2334 3566">
     <span class='ocr_line' id='line_1_38' title="bbox 756 3487 2334 3566; baseline 0.008 -29"><span class='ocrx_word' id='word_1_253' title='bbox 756 3487 868 3540; x_wconf 86' lang='lat' dir='ltr'><strong>vita</strong></span> <span class='ocrx_word' id='word_1_254' title='bbox 900 3488 1037 3542; x_wconf 86' lang='lat' dir='ltr'><strong>bona</strong></span> <span class='ocrx_word' id='word_1_255' title='bbox 1066 3492 1249 3546; x_wconf 75' lang='lat' dir='ltr'><strong>nutrix</strong></span> <span class='ocrx_word' id='word_1_256' title='bbox 1283 3495 1606 3558; x_wconf 86' lang='lat' dir='ltr'><strong>senectutis,</strong></span> <span class='ocrx_word' id='word_1_257' title='bbox 1641 3505 1697 3549; x_wconf 91' lang='lat' dir='ltr'><strong>et</strong></span> <span class='ocrx_word' id='word_1_258' title='bbox 1724 3513 1822 3566; x_wconf 91' lang='lat' dir='ltr'><strong>pro</strong></span> <span class='ocrx_word' id='word_1_259' title='bbox 1851 3513 1938 3550; x_wconf 89' lang='lat' dir='ltr'><strong>me</strong></span> <span class='ocrx_word' id='word_1_260' title='bbox 1985 3499 2048 3550; x_wconf 86' lang='lat' dir='ltr'><strong>ad</strong></span> <span class='ocrx_word' id='word_1_261' title='bbox 2074 3508 2334 3550; x_wconf 71' lang='lat' dir='ltr'><strong>mternam</strong></span> 
     </span>
    </p>
   </div>
   <div class='ocr_carea' id='block_1_39' title="bbox 757 3579 2337 3653">
    <p class='ocr_par' dir='ltr' id='par_1_39' title="bbox 757 3579 2337 3653">
     <span class='ocr_line' id='line_1_39' title="bbox 757 3579 2337 3653; baseline 0.007 -25"><span class='ocrx_word' id='word_1_262' title='bbox 757 3579 920 3630; x_wconf 76' lang='lat' dir='ltr'><strong>vitam</strong></span> <span class='ocrx_word' id='word_1_263' title='bbox 956 3584 1379 3653; x_wconf 84' lang='lat' dir='ltr'><strong>transmigrante</strong></span> <span class='ocrx_word' id='word_1_264' title='bbox 1436 3585 1766 3651; x_wconf 88' lang='lat' dir='ltr'><strong>intercedas,</strong></span> <span class='ocrx_word' id='word_1_265' title='bbox 1800 3602 2148 3641; x_wconf 84' lang='lat' dir='ltr'><strong>communem</strong></span> <span class='ocrx_word' id='word_1_266' title='bbox 2201 3586 2337 3642; x_wconf 88' lang='lat' dir='ltr'><strong>mihi</strong></span> 
     </span>
    </p>
   </div>
   <div class='ocr_carea' id='block_1_40' title="bbox 759 3669 1329 3736">
    <p class='ocr_par' dir='ltr' id='par_1_40' title="bbox 759 3669 1329 3736">
     <span class='ocr_line' id='line_1_40' title="bbox 759 3669 1329 3736; baseline 0.014 -17"><span class='ocrx_word' id='word_1_267' title='bbox 759 3669 986 3736; x_wconf 87' lang='lat' dir='ltr'><strong>placans</strong></span> <span class='ocrx_word' id='word_1_268' title='bbox 1016 3671 1329 3728; x_wconf 81' lang='lat' dir='ltr'><strong>Dominum.</strong></span> 
     </span>
    </p>
   </div>
   <div class='ocr_carea' id='block_1_41' title="bbox 2437 582 3994 660">
    <p class='ocr_par' dir='ltr' id='par_1_41' title="bbox 2437 582 3994 660">
     <span class='ocr_line' id='line_1_41' title="bbox 2437 582 3994 660; baseline 0.005 -26"><span class='ocrx_word' id='word_1_269' title='bbox 2437 582 2863 652; x_wconf 86' lang='grc' dir='ltr'><strong>μαλακισθεῖσα,</strong></span> <span class='ocrx_word' id='word_1_270' title='bbox 2941 587 3040 655; x_wconf 70' lang='grc' dir='ltr'><strong>τὴν</strong></span> <span class='ocrx_word' id='word_1_271' title='bbox 3093 589 3333 652; x_wconf 70' lang='grc' dir='ltr'><strong>ἐλεεινὴ-ν</strong></span> <span class='ocrx_word' id='word_1_272' title='bbox 3370 589 3586 657; x_wconf 85' lang='grc' dir='ltr'><strong>ἐκείνην</strong></span> <span class='ocrx_word' id='word_1_273' title='bbox 3635 590 3840 660; x_wconf 82' lang='grc' dir='ltr'><strong>ὑποστῇ</strong></span> <span class='ocrx_word' id='word_1_274' title='bbox 3891 591 3994 642; x_wconf 81' lang='grc' dir='ltr'><strong>τῶν</strong></span> 
     </span>
    </p>
   </div>
   <div class='ocr_carea' id='block_1_42' title="bbox 2432 677 3995 751">
    <p class='ocr_par' dir='ltr' id='par_1_42' title="bbox 2432 677 3995 751">
     <span class='ocr_line' id='line_1_42' title="bbox 2432 677 3995 751; baseline 0.006 -23"><span class='ocrx_word' id='word_1_275' title='bbox 2432 679 2714 745; x_wconf 85' lang='grc' dir='ltr'><strong>στεφάνων</strong></span> <span class='ocrx_word' id='word_1_276' title='bbox 2744 677 2969 747; x_wconf 80' lang='grc' dir='ltr'><strong>ζημίαν,</strong></span> <span class='ocrx_word' id='word_1_277' title='bbox 2996 680 3088 732; x_wconf 77' lang='grc' dir='ltr'><strong>καὶ</strong></span> <span class='ocrx_word' id='word_1_278' title='bbox 3130 681 3343 749; x_wconf 80' lang='grc' dir='ltr'><strong>πρηνὴς</strong></span> <span class='ocrx_word' id='word_1_279' title='bbox 3370 680 3461 733; x_wconf 72' lang='grc' dir='ltr'><strong>ἐπὶ</strong></span> <span class='ocrx_word' id='word_1_280' title='bbox 3496 681 3591 734; x_wconf 88' lang='grc' dir='ltr'><strong>τοῦ</strong></span> <span class='ocrx_word' id='word_1_281' title='bbox 3621 683 3848 751; x_wconf 73' lang='grc' dir='ltr'><strong>ἐδάφους</strong></span> <span class='ocrx_word' id='word_1_282' title='bbox 3881 701 3995 737; x_wconf 83' lang='grc' dir='ltr'><strong>κει-</strong></span> 
     </span>
    </p>
   </div>
   <div class='ocr_carea' id='block_1_43' title="bbox 2432 770 3994 846">
    <p class='ocr_par' dir='ltr' id='par_1_43' title="bbox 2432 770 3994 846">
     <span class='ocr_line' id='line_1_43' title="bbox 2432 770 3994 846; baseline 0.004 -26"><span class='ocrx_word' id='word_1_283' title='bbox 2432 770 2593 838; x_wconf 85' lang='grc' dir='ltr'><strong>μένη,</strong></span> <span class='ocrx_word' id='word_1_284' title='bbox 2652 771 2711 822; x_wconf 85' lang='grc' dir='ltr'><strong>ἐν</strong></span> <span class='ocrx_word' id='word_1_285' title='bbox 2770 770 2904 838; x_wconf 78' lang='grc' dir='ltr'><strong>πυρὶ</strong></span> <span class='ocrx_word' id='word_1_286' title='bbox 2954 774 3262 840; x_wconf 80' lang='grc' dir='ltr'><strong>προσευχῆς</strong></span> <span class='ocrx_word' id='word_1_287' title='bbox 3339 773 3434 826; x_wconf 79' lang='grc' dir='ltr'><strong>καὶ</strong></span> <span class='ocrx_word' id='word_1_288' title='bbox 3483 773 3712 843; x_wconf 83' lang='grc' dir='ltr'><strong>θερμαῖς</strong></span> <span class='ocrx_word' id='word_1_289' title='bbox 3745 775 3994 846; x_wconf 75' lang='grc' dir='ltr'><strong>δακρύων</strong></span> 
     </span>
    </p>
   </div>
   <div class='ocr_carea' id='block_1_44' title="bbox 2432 861 3993 936">
    <p class='ocr_par' dir='ltr' id='par_1_44' title="bbox 2432 861 3993 936">
     <span class='ocr_line' id='line_1_44' title="bbox 2432 861 3993 936; baseline 0.005 -24"><span class='ocrx_word' id='word_1_290' title='bbox 2432 861 2722 931; x_wconf 78' lang='grc' dir='ltr'><strong>ἐπιρροαῖς</strong></span> <span class='ocrx_word' id='word_1_291' title='bbox 2773 861 2940 914; x_wconf 83' lang='grc' dir='ltr'><strong>ἐδεῖτο</strong></span> <span class='ocrx_word' id='word_1_292' title='bbox 2974 861 3065 914; x_wconf 86' lang='grc' dir='ltr'><strong>τοῦ</strong></span> <span class='ocrx_word' id='word_1_293' title='bbox 3105 862 3263 928; x_wconf 85' lang='grc' dir='ltr'><strong>Θεοῦ,</strong></span> <span class='ocrx_word' id='word_1_294' title='bbox 3312 864 3576 930; x_wconf 75' lang='grc' dir='ltr'><strong>ἱκέτευεν,</strong></span> <span class='ocrx_word' id='word_1_295' title='bbox 3603 866 3896 934; x_wconf 73' lang='grc' dir='ltr'><strong>ἠντιϐόλει,</strong></span> <span class='ocrx_word' id='word_1_296' title='bbox 3922 869 3993 936; x_wconf 74' lang='grc' dir='ltr'><strong>μὴ</strong></span> 
     </span>
    </p>
   </div>
   <div class='ocr_carea' id='block_1_45' title="bbox 2431 954 3991 1026">
    <p class='ocr_par' dir='ltr' id='par_1_45' title="bbox 2431 954 3991 1026">
     <span class='ocr_line' id='line_1_45' title="bbox 2431 954 3991 1026; baseline -0.001 -17"><span class='ocrx_word' id='word_1_297' title='bbox 2431 955 2684 1018; x_wconf 74' lang='grc' dir='ltr'><strong>ἀπειλαῖς</strong></span> <span class='ocrx_word' id='word_1_298' title='bbox 2718 954 3069 1025; x_wconf 76' lang='grc' dir='ltr'><strong>χειρωθῆναι,</strong></span> <span class='ocrx_word' id='word_1_299' title='bbox 3134 956 3207 1024; x_wconf 78' lang='grc' dir='ltr'><strong>μὴ</strong></span> <span class='ocrx_word' id='word_1_300' title='bbox 3258 957 3573 1019; x_wconf 76' lang='grc' dir='ltr'><strong>κολακείαις</strong></span> <span class='ocrx_word' id='word_1_301' title='bbox 3629 954 3890 1014; x_wconf 81' lang='grc' dir='ltr'><strong>ἐνδοῦναι,</strong></span> <span class='ocrx_word' id='word_1_302' title='bbox 3919 959 3991 1026; x_wconf 78' lang='grc' dir='ltr'><strong>μὴ</strong></span> 
     </span>
    </p>
   </div>
   <div class='ocr_carea' id='block_1_46' title="bbox 2432 1047 3987 1118">
    <p class='ocr_par' dir='ltr' id='par_1_46' title="bbox 2432 1047 3987 1118">
     <span class='ocr_line' id='line_1_46' title="bbox 2432 1047 3987 1118; baseline -0.001 -19"><span class='ocrx_word' id='word_1_303' title='bbox 2432 1047 2714 1116; x_wconf 82' lang='grc' dir='ltr'><strong>τιμωριῶν</strong></span> <span class='ocrx_word' id='word_1_304' title='bbox 2749 1047 3050 1118; x_wconf 81' lang='grc' dir='ltr'><strong>ἡττηθῆναι</strong></span> <span class='ocrx_word' id='word_1_305' title='bbox 3083 1047 3179 1116; x_wconf 80' lang='grc' dir='ltr'><strong>τὴν</strong></span> <span class='ocrx_word' id='word_1_306' title='bbox 3235 1049 3511 1116; x_wconf 79' lang='grc' dir='ltr'><strong>μάρτυρα.</strong></span> <span class='ocrx_word' id='word_1_307' title='bbox 3549 1048 3640 1109; x_wconf 80' lang='grc' dir='ltr'><strong>Ὦς</strong></span> <span class='ocrx_word' id='word_1_308' title='bbox 3675 1047 3729 1098; x_wconf 79' lang='grc' dir='ltr'><strong>δὲ</strong></span> <span class='ocrx_word' id='word_1_309' title='bbox 3776 1048 3835 1098; x_wconf 60' lang='lat' dir='ltr'><strong>ea</strong></span> <span class='ocrx_word' id='word_1_310' title='bbox 3871 1050 3987 1100; x_wconf 66' lang='lat' dir='ltr'><strong>xiii.-</strong></span> 
     </span>
    </p>
   </div>
   <div class='ocr_carea' id='block_1_47' title="bbox 2431 1139 3996 1209">
    <p class='ocr_par' dir='ltr' id='par_1_47' title="bbox 2431 1139 3996 1209">
     <span class='ocr_line' id='line_1_47' title="bbox 2431 1139 3996 1209; baseline 0.001 -19"><span class='ocrx_word' id='word_1_311' title='bbox 2431 1140 2611 1192; x_wconf 84' lang='grc' dir='ltr'><strong>λιστον</strong></span> <span class='ocrx_word' id='word_1_312' title='bbox 2643 1139 2913 1207; x_wconf 79' lang='grc' dir='ltr'><strong>ἐπέθηκεν</strong></span> <span class='ocrx_word' id='word_1_313' title='bbox 2959 1140 3058 1208; x_wconf 72' lang='grc' dir='ltr'><strong>ἤδη</strong></span> <span class='ocrx_word' id='word_1_314' title='bbox 3096 1141 3246 1202; x_wconf 81' lang='grc' dir='ltr'><strong>τέλος</strong></span> <span class='ocrx_word' id='word_1_315' title='bbox 3280 1141 3311 1209; x_wconf 84' lang='grc' dir='ltr'>ἠ</span> <span class='ocrx_word' id='word_1_316' title='bbox 3363 1140 3691 1192; x_wconf 82' lang='grc' dir='ltr'><strong>Ἀναστασία</strong></span> <span class='ocrx_word' id='word_1_317' title='bbox 3739 1139 3816 1209; x_wconf 85' lang='grc' dir='ltr'><strong>τῷ</strong></span> <span class='ocrx_word' id='word_1_318' title='bbox 3856 1157 3996 1208; x_wconf 85' lang='grc' dir='ltr'><strong>μαρ-</strong></span> 
     </span>
    </p>
   </div>
   <div class='ocr_carea' id='block_1_48' title="bbox 2431 1227 3999 1299">
    <p class='ocr_par' dir='ltr' id='par_1_48' title="bbox 2431 1227 3999 1299">
     <span class='ocr_line' id='line_1_48' title="bbox 2431 1227 3999 1299; baseline -0.001 -18"><span class='ocrx_word' id='word_1_319' title='bbox 2431 1229 2602 1299; x_wconf 83' lang='grc' dir='ltr'><strong>τυρίῳ</strong></span> <span class='ocrx_word' id='word_1_320' title='bbox 2631 1230 2724 1281; x_wconf 78' lang='grc' dir='ltr'><strong>καὶ</strong></span> <span class='ocrx_word' id='word_1_321' title='bbox 2761 1228 2896 1298; x_wconf 79' lang='grc' dir='ltr'><strong>πρὸς</strong></span> <span class='ocrx_word' id='word_1_322' title='bbox 2939 1229 3063 1287; x_wconf 76' lang='grc' dir='ltr'><strong>τοὺς</strong></span> <span class='ocrx_word' id='word_1_323' title='bbox 3103 1229 3214 1282; x_wconf 74' lang='grc' dir='ltr'><strong>ἂνω</strong></span> <span class='ocrx_word' id='word_1_324' title='bbox 3243 1227 3398 1298; x_wconf 75' lang='grc' dir='ltr'><strong>διέϐη</strong></span> <span class='ocrx_word' id='word_1_325' title='bbox 3430 1228 3729 1296; x_wconf 72' lang='grc' dir='ltr'><strong>θαλάμους,</strong></span> <span class='ocrx_word' id='word_1_326' title='bbox 3773 1231 3869 1281; x_wconf 69' lang='grc' dir='ltr'><strong>καὶ</strong></span> <span class='ocrx_word' id='word_1_327' title='bbox 3902 1231 3999 1291; x_wconf 74' lang='grc' dir='ltr'><strong>τὰς</strong></span> 
     </span>
    </p>
   </div>
   <div class='ocr_carea' id='block_1_49' title="bbox 2433 1319 4000 1389">
    <p class='ocr_par' dir='ltr' id='par_1_49' title="bbox 2433 1319 4000 1389">
     <span class='ocr_line' id='line_1_49' title="bbox 2433 1319 4000 1389; baseline -0.002 -16"><span class='ocrx_word' id='word_1_328' title='bbox 2433 1321 2726 1388; x_wconf 77' lang='grc' dir='ltr'><strong>ἀκινήτους</strong></span> <span class='ocrx_word' id='word_1_329' title='bbox 2799 1320 3011 1382; x_wconf 85' lang='grc' dir='ltr'><strong>ἐκείνας</strong></span> <span class='ocrx_word' id='word_1_330' title='bbox 3070 1319 3351 1382; x_wconf 77' lang='grc' dir='ltr'><strong>παστάδας</strong></span> <span class='ocrx_word' id='word_1_331' title='bbox 3410 1319 3506 1372; x_wconf 65' lang='grc' dir='ltr'><strong>καὶ</strong></span> <span class='ocrx_word' id='word_1_332' title='bbox 3562 1323 3629 1372; x_wconf 83' lang='grc' dir='ltr'><strong>τὰ</strong></span> <span class='ocrx_word' id='word_1_333' title='bbox 3689 1321 4000 1389; x_wconf 80' lang='grc' dir='ltr'><strong>ποθούμενα</strong></span> 
     </span>
    </p>
   </div>
   <div class='ocr_carea' id='block_1_50' title="bbox 2433 1410 4000 1486">
    <p class='ocr_par' dir='ltr' id='par_1_50' title="bbox 2433 1410 4000 1486">
     <span class='ocr_line' id='line_1_50' title="bbox 2433 1410 4000 1486; baseline 0 -22"><span class='ocrx_word' id='word_1_334' title='bbox 2433 1413 2633 1486; x_wconf 61' lang='grc' dir='ltr'><strong>ἀγαθὰ,</strong></span> <span class='ocrx_word' id='word_1_335' title='bbox 2658 1413 2776 1463; x_wconf 89' lang='grc' dir='ltr'><strong>τότε</strong></span> <span class='ocrx_word' id='word_1_336' title='bbox 2807 1412 2899 1464; x_wconf 64' lang='grc' dir='ltr'><strong>καὶ</strong></span> <span class='ocrx_word' id='word_1_337' title='bbox 2932 1410 3163 1478; x_wconf 77' lang='grc' dir='ltr'><strong>ἄγγελος</strong></span> <span class='ocrx_word' id='word_1_338' title='bbox 3216 1411 3606 1480; x_wconf 78' lang='grc' dir='ltr'><strong>παρεμϐαλὼν,</strong></span> <span class='ocrx_word' id='word_1_339' title='bbox 3637 1412 3866 1464; x_wconf 75' lang='grc' dir='ltr'><strong>ἀπολύει</strong></span> <span class='ocrx_word' id='word_1_340' title='bbox 3903 1415 4000 1480; x_wconf 68' lang='grc' dir='ltr'><strong>τὴν</strong></span> 
     </span>
    </p>
   </div>
   <div class='ocr_carea' id='block_1_51' title="bbox 2434 1501 3997 1570">
    <p class='ocr_par' dir='ltr' id='par_1_51' title="bbox 2434 1501 3997 1570">
     <span class='ocr_line' id='line_1_51' title="bbox 2434 1501 3997 1570; baseline -0.003 -16"><span class='ocrx_word' id='word_1_341' title='bbox 2434 1502 2754 1556; x_wconf 84' lang='grc' dir='ltr'><strong>διδάσκαλον</strong></span> <span class='ocrx_word' id='word_1_342' title='bbox 2794 1502 2994 1569; x_wconf 73' lang='grc' dir='ltr'><strong>Σοφίαν</strong></span> <span class='ocrx_word' id='word_1_343' title='bbox 3046 1501 3139 1552; x_wconf 83' lang='grc' dir='ltr'><strong>τοῦ</strong></span> <span class='ocrx_word' id='word_1_344' title='bbox 3186 1502 3352 1568; x_wconf 82' lang='grc' dir='ltr'><strong>φόὸου</strong></span> <span class='ocrx_word' id='word_1_345' title='bbox 3395 1501 3629 1554; x_wconf 76' lang='grc' dir='ltr'><strong>καὶτῶν</strong></span> <span class='ocrx_word' id='word_1_346' title='bbox 3680 1502 3997 1570; x_wconf 74' lang='grc' dir='ltr'><strong>φροντίδων,</strong></span> 
     </span>
    </p>
   </div>
   <div class='ocr_carea' id='block_1_52' title="bbox 2441 1595 4002 1667">
    <p class='ocr_par' dir='ltr' id='par_1_52' title="bbox 2441 1595 4002 1667">
     <span class='ocr_line' id='line_1_52' title="bbox 2441 1595 4002 1667; baseline -0.001 -19"><span class='ocrx_word' id='word_1_347' title='bbox 2441 1600 2534 1650; x_wconf 66' lang='grc' dir='ltr'><strong>καὶ</strong></span> <span class='ocrx_word' id='word_1_348' title='bbox 2564 1599 2623 1649; x_wconf 74' lang='grc' dir='ltr'><strong>τὸ</strong></span> <span class='ocrx_word' id='word_1_349' title='bbox 2677 1597 2934 1651; x_wconf 83' lang='grc' dir='ltr'><strong>ποθεινὸν</strong></span> <span class='ocrx_word' id='word_1_350' title='bbox 2994 1599 3129 1667; x_wconf 77' lang='grc' dir='ltr'><strong>αὐτῇ</strong></span> <span class='ocrx_word' id='word_1_351' title='bbox 3195 1598 3287 1649; x_wconf 69' lang='grc' dir='ltr'><strong>καὶ</strong></span> <span class='ocrx_word' id='word_1_352' title='bbox 3337 1597 3555 1666; x_wconf 72' lang='grc' dir='ltr'><strong>ἣδιστον</strong></span> <span class='ocrx_word' id='word_1_353' title='bbox 3607 1595 3856 1664; x_wconf 84' lang='grc' dir='ltr'><strong>ἄκουσμα</strong></span> <span class='ocrx_word' id='word_1_354' title='bbox 3913 1597 4002 1647; x_wconf 69' lang='grc' dir='ltr'><strong>καὶ</strong></span> 
     </span>
    </p>
   </div>
   <div class='ocr_carea' id='block_1_53' title="bbox 2434 1685 3997 1754">
    <p class='ocr_par' dir='ltr' id='par_1_53' title="bbox 2434 1685 3997 1754">
     <span class='ocr_line' id='line_1_53' title="bbox 2434 1685 3997 1754; baseline -0.001 -18"><span class='ocrx_word' id='word_1_355' title='bbox 2434 1685 2638 1751; x_wconf 77' lang='grc' dir='ltr'><strong>ἄφατον</strong></span> <span class='ocrx_word' id='word_1_356' title='bbox 2687 1685 2860 1749; x_wconf 75' lang='grc' dir='ltr'><strong>ὅντως</strong></span> <span class='ocrx_word' id='word_1_357' title='bbox 2922 1685 3240 1754; x_wconf 73' lang='grc' dir='ltr'><strong>γλυκύτητα</strong></span> <span class='ocrx_word' id='word_1_358' title='bbox 3306 1689 3417 1744; x_wconf 75' lang='grc' dir='ltr'><strong>τοῖς</strong></span> <span class='ocrx_word' id='word_1_359' title='bbox 3493 1685 3830 1753; x_wconf 68' lang='grc' dir='ltr'><strong>σπλάγχνοις</strong></span> <span class='ocrx_word' id='word_1_360' title='bbox 3878 1685 3997 1735; x_wconf 72' lang='grc' dir='ltr'><strong>ἐνα-</strong></span> 
     </span>
    </p>
   </div>
   <div class='ocr_carea' id='block_1_54' title="bbox 2439 1776 4000 1846">
    <p class='ocr_par' dir='ltr' id='par_1_54' title="bbox 2439 1776 4000 1846">
     <span class='ocr_line' id='line_1_54' title="bbox 2439 1776 4000 1846; baseline -0.002 -18"><span class='ocrx_word' id='word_1_361' title='bbox 2439 1777 2732 1839; x_wconf 77' lang='grc' dir='ltr'><strong>ποστάζον,</strong></span> <span class='ocrx_word' id='word_1_362' title='bbox 2773 1777 3041 1840; x_wconf 76' lang='grc' dir='ltr'><strong>εὐκταίως</strong></span> <span class='ocrx_word' id='word_1_363' title='bbox 3091 1777 3522 1845; x_wconf 75' lang='grc' dir='ltr'><strong>εὐαγγελίζεται,</strong></span> <span class='ocrx_word' id='word_1_364' title='bbox 3569 1777 3668 1845; x_wconf 77' lang='grc' dir='ltr'><strong>τῆς</strong></span> <span class='ocrx_word' id='word_1_365' title='bbox 3725 1776 4000 1846; x_wconf 71' lang='grc' dir='ltr'><strong>παρθένου</strong></span> 
     </span>
    </p>
   </div>
   <div class='ocr_carea' id='block_1_55' title="bbox 2439 1869 4000 1941">
    <p class='ocr_par' dir='ltr' id='par_1_55' title="bbox 2439 1869 4000 1941">
     <span class='ocr_line' id='line_1_55' title="bbox 2439 1869 4000 1941; baseline -0.002 -19"><span class='ocrx_word' id='word_1_366' title='bbox 2439 1872 2583 1940; x_wconf 75' lang='grc' dir='ltr'><strong>φημὶ</strong></span> <span class='ocrx_word' id='word_1_367' title='bbox 2617 1873 2715 1941; x_wconf 81' lang='grc' dir='ltr'><strong>τὴν</strong></span> <span class='ocrx_word' id='word_1_368' title='bbox 2740 1870 3039 1924; x_wconf 85' lang='grc' dir='ltr'><strong>τελείωσιν.</strong></span> <span class='ocrx_word' id='word_1_369' title='bbox 3064 1871 3186 1922; x_wconf 81' lang='grc' dir='ltr'><strong>Ἔτι</strong></span> <span class='ocrx_word' id='word_1_370' title='bbox 3241 1869 3298 1922; x_wconf 79' lang='grc' dir='ltr'><strong>δὲ</strong></span> <span class='ocrx_word' id='word_1_371' title='bbox 3336 1869 3428 1921; x_wconf 69' lang='grc' dir='ltr'><strong>καὶ</strong></span> <span class='ocrx_word' id='word_1_372' title='bbox 3457 1870 3649 1938; x_wconf 57' lang='lat' dir='ltr'><strong>bamb;</strong></span> <span class='ocrx_word' id='word_1_373' title='bbox 3700 1870 3834 1937; x_wconf 75' lang='grc' dir='ltr'><strong>αὐτῇ</strong></span> <span class='ocrx_word' id='word_1_374' title='bbox 3867 1869 4000 1936; x_wconf 63' lang='grc' dir='ltr'><strong>προς</strong></span> 
     </span>
    </p>
   </div>
   <div class='ocr_carea' id='block_1_56' title="bbox 2435 1957 3998 2032">
    <p class='ocr_par' dir='ltr' id='par_1_56' title="bbox 2435 1957 3998 2032">
     <span class='ocr_line' id='line_1_56' title="bbox 2435 1957 3998 2032; baseline -0.003 -16"><span class='ocrx_word' id='word_1_375' title='bbox 2435 1966 2494 2016; x_wconf 76' lang='grc' dir='ltr'><strong>τὸ</strong></span> <span class='ocrx_word' id='word_1_376' title='bbox 2529 1964 2777 2032; x_wconf 70' lang='grc' dir='ltr'><strong>λείψανον</strong></span> <span class='ocrx_word' id='word_1_377' title='bbox 2807 1963 3032 2030; x_wconf 86' lang='grc' dir='ltr'><strong>γίνεται,</strong></span> <span class='ocrx_word' id='word_1_378' title='bbox 3063 1966 3156 2016; x_wconf 73' lang='grc' dir='ltr'><strong>καὶ</strong></span> <span class='ocrx_word' id='word_1_379' title='bbox 3188 1957 3247 2017; x_wconf 71' lang='grc' dir='ltr'><strong>οὗ</strong></span> <span class='ocrx_word' id='word_1_380' title='bbox 3274 1965 3457 2032; x_wconf 81' lang='grc' dir='ltr'><strong>τυχεῖν</strong></span> <span class='ocrx_word' id='word_1_381' title='bbox 3510 1963 3696 2014; x_wconf 83' lang='grc' dir='ltr'><strong>ἐπόθει</strong></span> <span class='ocrx_word' id='word_1_382' title='bbox 3722 2004 3736 2028; x_wconf 89' lang='grc'><strong>,</strong></span> <span class='ocrx_word' id='word_1_383' title='bbox 3769 1963 3864 2014; x_wconf 68' lang='grc' dir='ltr'><strong>καὶ</strong></span> <span class='ocrx_word' id='word_1_384' title='bbox 3890 1961 3998 2012; x_wconf 67' lang='grc' dir='ltr'><strong>ῶσς-</strong></span> 
     </span>
    </p>
   </div>
   <div class='ocr_carea' id='block_1_57' title="bbox 2436 2039 4003 2128">
    <p class='ocr_par' dir='ltr' id='par_1_57' title="bbox 2436 2039 4003 2128">
     <span class='ocr_line' id='line_1_57' title="bbox 2436 2039 4003 2128; baseline -0.004 -16"><span class='ocrx_word' id='word_1_385' title='bbox 2436 2075 2538 2128; x_wconf 81' lang='grc' dir='ltr'><strong>περ</strong></span> <span class='ocrx_word' id='word_1_386' title='bbox 2599 2059 2726 2109; x_wconf 79' lang='grc' dir='ltr'><strong>ἰδεῖν</strong></span> <span class='ocrx_word' id='word_1_387' title='bbox 2780 2057 3001 2127; x_wconf 73' lang='grc' dir='ltr'><strong>ηὔχετο,</strong></span> <span class='ocrx_word' id='word_1_388' title='bbox 3031 2057 3206 2120; x_wconf 73' lang='grc' dir='ltr'><strong>οὕτως</strong></span> <span class='ocrx_word' id='word_1_389' title='bbox 3260 2058 3397 2126; x_wconf 76' lang='grc' dir='ltr'><strong>αὐτῇ</strong></span> <span class='ocrx_word' id='word_1_390' title='bbox 3449 2056 3545 2107; x_wconf 75' lang='grc' dir='ltr'><strong>καὶ</strong></span> <span class='ocrx_word' id='word_1_391' title='bbox 3576 2055 3636 2106; x_wconf 75' lang='grc' dir='ltr'><strong>τὺ</strong></span> <span class='ocrx_word' id='word_1_392' title='bbox 3671 2039 4003 2123; x_wconf 74' lang='grc' dir='ltr'><strong>ποθοῦμενον</strong></span> 
     </span>
    </p>
   </div>
   <div class='ocr_carea' id='block_1_58' title="bbox 2436 2146 4001 2218">
    <p class='ocr_par' dir='ltr' id='par_1_58' title="bbox 2436 2146 4001 2218">
     <span class='ocr_line' id='line_1_58' title="bbox 2436 2146 4001 2218; baseline -0.005 -15"><span class='ocrx_word' id='word_1_393' title='bbox 2436 2150 2751 2214; x_wconf 85' lang='grc' dir='ltr'><strong>ἀποδίδωσι,</strong></span> <span class='ocrx_word' id='word_1_394' title='bbox 2796 2147 3022 2216; x_wconf 79' lang='grc' dir='ltr'><strong>τοιούτῳ</strong></span> <span class='ocrx_word' id='word_1_395' title='bbox 3053 2149 3152 2218; x_wconf 84' lang='grc' dir='ltr'><strong>τῆς</strong></span> <span class='ocrx_word' id='word_1_396' title='bbox 3186 2147 3479 2218; x_wconf 83' lang='grc' dir='ltr'><strong>ὁμολογίας</strong></span> <span class='ocrx_word' id='word_1_397' title='bbox 3530 2146 3743 2214; x_wconf 79' lang='grc' dir='ltr'><strong>κόσμῳ,</strong></span> <span class='ocrx_word' id='word_1_398' title='bbox 3776 2146 4001 2213; x_wconf 73' lang='grc' dir='ltr'><strong>τοιαύτῃ</strong></span> 
     </span>
    </p>
   </div>
   <div class='ocr_carea' id='block_1_59' title="bbox 2433 2235 4004 2310">
    <p class='ocr_par' dir='ltr' id='par_1_59' title="bbox 2433 2235 4004 2310">
     <span class='ocr_line' id='line_1_59' title="bbox 2433 2235 4004 2310; baseline -0.005 -17"><span class='ocrx_word' id='word_1_399' title='bbox 2433 2241 2525 2293; x_wconf 85' lang='grc' dir='ltr'><strong>τοῦ</strong></span> <span class='ocrx_word' id='word_1_400' title='bbox 2551 2242 2850 2310; x_wconf 76' lang='grc' dir='ltr'><strong>μαρτυρίου</strong></span> <span class='ocrx_word' id='word_1_401' title='bbox 2891 2241 3048 2308; x_wconf 82' lang='grc' dir='ltr'><strong>στολῇ</strong></span> <span class='ocrx_word' id='word_1_402' title='bbox 3081 2240 3497 2309; x_wconf 80' lang='grc' dir='ltr'><strong>σεμνυνόμενον.</strong></span> <span class='ocrx_word' id='word_1_403' title='bbox 3541 2237 3758 2303; x_wconf 84' lang='grc' dir='ltr'><strong>Ἐκείνη</strong></span> <span class='ocrx_word' id='word_1_404' title='bbox 3786 2235 3875 2286; x_wconf 68' lang='grc' dir='ltr'><strong>οὖν</strong></span> <span class='ocrx_word' id='word_1_405' title='bbox 3931 2235 4004 2295; x_wconf 76' lang='grc' dir='ltr'><strong>ὡς</strong></span> 
     </span>
    </p>
   </div>
   <div class='ocr_carea' id='block_1_60' title="bbox 2435 2325 4006 2402">
    <p class='ocr_par' dir='ltr' id='par_1_60' title="bbox 2435 2325 4006 2402">
     <span class='ocr_line' id='line_1_60' title="bbox 2435 2325 4006 2402; baseline -0.017 -2"><span class='ocrx_word' id='word_1_406' title='bbox 2435 2329 2580 2402; x_wconf 75' lang='grc' dir='ltr'><strong>εἶχεν</strong></span> <span class='ocrx_word' id='word_1_407' title='bbox 2617 2333 2777 2394; x_wconf 73' lang='grc' dir='ltr'><strong>εὐθὺς</strong></span> <span class='ocrx_word' id='word_1_408' title='bbox 2807 2333 2884 2401; x_wconf 78' lang='grc' dir='ltr'><strong>τῷ</strong></span> <span class='ocrx_word' id='word_1_409' title='bbox 2940 2330 3181 2401; x_wconf 69' lang='grc' dir='ltr'><strong>λειψὰνῳ</strong></span> <span class='ocrx_word' id='word_1_410' title='bbox 3233 2331 3609 2400; x_wconf 78' lang='grc' dir='ltr'><strong>περιχυθεῖσα,</strong></span> <span class='ocrx_word' id='word_1_411' title='bbox 3642 2329 3737 2380; x_wconf 77' lang='grc' dir='ltr'><strong>καὶ</strong></span> <span class='ocrx_word' id='word_1_412' title='bbox 3770 2326 3866 2392; x_wconf 79' lang='grc' dir='ltr'><strong>ὅλη</strong></span> <span class='ocrx_word' id='word_1_413' title='bbox 3901 2325 4006 2392; x_wconf 75' lang='grc' dir='ltr'><strong>ὅλῳ</strong></span> 
     </span>
    </p>
   </div>
   <div class='ocr_carea' id='block_1_61' title="bbox 2436 2417 4006 2497">
    <p class='ocr_par' dir='ltr' id='par_1_61' title="bbox 2436 2417 4006 2497">
     <span class='ocr_line' id='line_1_61' title="bbox 2436 2417 4006 2497; baseline -0.008 -18"><span class='ocrx_word' id='word_1_414' title='bbox 2436 2426 2746 2497; x_wconf 76' lang='grc' dir='ltr'><strong>προσφῦσα,</strong></span> <span class='ocrx_word' id='word_1_415' title='bbox 2772 2426 2868 2478; x_wconf 75' lang='grc' dir='ltr'><strong>καὶ</strong></span> <span class='ocrx_word' id='word_1_416' title='bbox 2902 2425 3149 2493; x_wconf 86' lang='grc' dir='ltr'><strong>σφοδρῶς</strong></span> <span class='ocrx_word' id='word_1_417' title='bbox 3175 2425 3408 2477; x_wconf 74' lang='grc' dir='ltr'><strong>ἕκαστον</strong></span> <span class='ocrx_word' id='word_1_418' title='bbox 3443 2424 3602 2491; x_wconf 78' lang='grc' dir='ltr'><strong>μέλος</strong></span> <span class='ocrx_word' id='word_1_419' title='bbox 3629 2417 4006 2488; x_wconf 72' lang='grc' dir='ltr'><strong>καταφιλοῦσα</strong></span> 
     </span>
    </p>
   </div>
   <div class='ocr_carea' id='block_1_62' title="bbox 2437 2511 4009 2589">
    <p class='ocr_par' dir='ltr' id='par_1_62' title="bbox 2437 2511 4009 2589">
     <span class='ocr_line' id='line_1_62' title="bbox 2437 2511 4009 2589; baseline -0.007 -17"><span class='ocrx_word' id='word_1_420' title='bbox 2437 2520 2532 2572; x_wconf 73' lang='grc' dir='ltr'><strong>καὶ</strong></span> <span class='ocrx_word' id='word_1_421' title='bbox 2591 2521 2768 2589; x_wconf 70' lang='grc' dir='ltr'><strong>χαρᾶς</strong></span> <span class='ocrx_word' id='word_1_422' title='bbox 2824 2519 2912 2570; x_wconf 86' lang='grc' dir='ltr'><strong>ἐπ’</strong></span> <span class='ocrx_word' id='word_1_423' title='bbox 2972 2521 3156 2581; x_wconf 77' lang='grc' dir='ltr'><strong>αὐτοῖς</strong></span> <span class='ocrx_word' id='word_1_424' title='bbox 3213 2518 3310 2571; x_wconf 69' lang='grc' dir='ltr'><strong>καὶ</strong></span> <span class='ocrx_word' id='word_1_425' title='bbox 3364 2516 3530 2570; x_wconf 86' lang='grc' dir='ltr'><strong>πόθου</strong></span> <span class='ocrx_word' id='word_1_426' title='bbox 3566 2515 3784 2583; x_wconf 78' lang='grc' dir='ltr'><strong>δάκρυα</strong></span> <span class='ocrx_word' id='word_1_427' title='bbox 3828 2511 4009 2580; x_wconf 72' lang='grc' dir='ltr'><strong>θερμὰ</strong></span> 
     </span>
    </p>
   </div>
   <div class='ocr_carea' id='block_1_63' title="bbox 2436 2604 4007 2683">
    <p class='ocr_par' dir='ltr' id='par_1_63' title="bbox 2436 2604 4007 2683">
     <span class='ocr_line' id='line_1_63' title="bbox 2436 2604 4007 2683; baseline -0.008 -18"><span class='ocrx_word' id='word_1_428' title='bbox 2436 2615 2654 2683; x_wconf 74' lang='grc' dir='ltr'><strong>χέουσα,</strong></span> <span class='ocrx_word' id='word_1_429' title='bbox 2682 2613 2903 2675; x_wconf 83' lang='grc' dir='ltr'><strong>Τέκνον,</strong></span> <span class='ocrx_word' id='word_1_430' title='bbox 2935 2611 3110 2680; x_wconf 76' lang='grc' dir='ltr'><strong>ἔλεγε,</strong></span> <span class='ocrx_word' id='word_1_431' title='bbox 3139 2610 3412 2674; x_wconf 81' lang='grc' dir='ltr'><strong>ποθεινὸν,</strong></span> <span class='ocrx_word' id='word_1_432' title='bbox 3435 2609 3623 2660; x_wconf 78' lang='grc' dir='ltr'><strong>τέκνον</strong></span> <span class='ocrx_word' id='word_1_433' title='bbox 3653 2606 3786 2674; x_wconf 68' lang='grc' dir='ltr'><strong>ἐμὸν</strong></span> <span class='ocrx_word' id='word_1_434' title='bbox 3812 2604 4007 2656; x_wconf 73' lang='grc' dir='ltr'><strong>πολ.υέ-</strong></span> 
     </span>
    </p>
   </div>
   <div class='ocr_carea' id='block_1_64' title="bbox 2439 2698 4002 2776">
    <p class='ocr_par' dir='ltr' id='par_1_64' title="bbox 2439 2698 4002 2776">
     <span class='ocr_line' id='line_1_64' title="bbox 2439 2698 4002 2776; baseline -0.009 -17"><span class='ocrx_word' id='word_1_435' title='bbox 2439 2724 2655 2776; x_wconf 85' lang='grc' dir='ltr'><strong>ραστον,</strong></span> <span class='ocrx_word' id='word_1_436' title='bbox 2710 2709 2926 2767; x_wconf 80' lang='grc' dir='ltr'><strong>τέκνον,</strong></span> <span class='ocrx_word' id='word_1_437' title='bbox 2974 2707 3112 2773; x_wconf 80' lang='grc' dir='ltr'><strong>ὅπερ</strong></span> <span class='ocrx_word' id='word_1_438' title='bbox 3170 2703 3280 2770; x_wconf 81' lang='grc' dir='ltr'><strong>ἐγὼ</strong></span> <span class='ocrx_word' id='word_1_439' title='bbox 3309 2701 3488 2760; x_wconf 82' lang='grc' dir='ltr'><strong>καλῶς</strong></span> <span class='ocrx_word' id='word_1_440' title='bbox 3542 2700 3778 2767; x_wconf 83' lang='grc' dir='ltr'><strong>ἀσκήσει</strong></span> <span class='ocrx_word' id='word_1_441' title='bbox 3813 2698 3907 2748; x_wconf 77' lang='grc' dir='ltr'><strong>καὶ</strong></span> <span class='ocrx_word' id='word_1_442' title='bbox 3943 2698 4002 2764; x_wconf 72' lang='grc' dir='ltr'><strong>η-</strong></span> 
     </span>
    </p>
   </div>
   <div class='ocr_carea' id='block_1_65' title="bbox 2439 2789 4006 2868">
    <p class='ocr_par' dir='ltr' id='par_1_65' title="bbox 2439 2789 4006 2868">
     <span class='ocr_line' id='line_1_65' title="bbox 2439 2789 4006 2868; baseline -0.017 -4"><span class='ocrx_word' id='word_1_443' title='bbox 2439 2799 2618 2868; x_wconf 72' lang='grc' dir='ltr'><strong>συχίᾳν</strong></span> <span class='ocrx_word' id='word_1_444' title='bbox 2669 2799 2763 2851; x_wconf 60' lang='grc' dir='ltr'><strong>καιἱ</strong></span> <span class='ocrx_word' id='word_1_445' title='bbox 2819 2802 3004 2859; x_wconf 72' lang='grc' dir='ltr'><strong>πόνοις</strong></span> <span class='ocrx_word' id='word_1_446' title='bbox 3062 2795 3498 2866; x_wconf 75' lang='grc' dir='ltr'><strong>ἀνεθρεψάμην·</strong></span> <span class='ocrx_word' id='word_1_447' title='bbox 3534 2789 3848 2861; x_wconf 70' lang='grc' dir='ltr'><strong>εὐχαριστῶ</strong></span> <span class='ocrx_word' id='word_1_448' title='bbox 3907 2805 4006 2850; x_wconf 81' lang='grc' dir='ltr'><strong>σοι,</strong></span> 
     </span>
    </p>
   </div>
   <div class='ocr_carea' id='block_1_66' title="bbox 2435 2893 4008 2974">
    <p class='ocr_par' dir='ltr' id='par_1_66' title="bbox 2435 2893 4008 2974">
     <span class='ocr_line' id='line_1_66' title="bbox 2435 2893 4008 2974; baseline -0.003 -18"><span class='ocrx_word' id='word_1_449' title='bbox 2435 2905 2516 2957; x_wconf 82' lang='grc' dir='ltr'><strong>ὅτι</strong></span> <span class='ocrx_word' id='word_1_450' title='bbox 2567 2903 2846 2974; x_wconf 73' lang='grc' dir='ltr'><strong>μητρικάς</strong></span> <span class='ocrx_word' id='word_1_451' title='bbox 2901 2901 3122 2962; x_wconf 81' lang='grc' dir='ltr'><strong>ἐντολὰς</strong></span> <span class='ocrx_word' id='word_1_452' title='bbox 3156 2899 3216 2952; x_wconf 74' lang='grc' dir='ltr'><strong>οὖ</strong></span> <span class='ocrx_word' id='word_1_453' title='bbox 3250 2899 3528 2969; x_wconf 80' lang='grc' dir='ltr'><strong>παρεῖδες,</strong></span> <span class='ocrx_word' id='word_1_454' title='bbox 3577 2897 3676 2948; x_wconf 84' lang='grc' dir='ltr'><strong>οὺκ</strong></span> <span class='ocrx_word' id='word_1_455' title='bbox 3736 2893 4008 2963; x_wconf 72' lang='grc' dir='ltr'><strong>ἠθέτηπις</strong></span> 
     </span>
    </p>
   </div>
   <div class='ocr_carea' id='block_1_67' title="bbox 2437 2982 4008 3065">
    <p class='ocr_par' dir='ltr' id='par_1_67' title="bbox 2437 2982 4008 3065">
     <span class='ocr_line' id='line_1_67' title="bbox 2437 2982 4008 3065; baseline -0.013 -12"><span class='ocrx_word' id='word_1_456' title='bbox 2437 3001 2534 3062; x_wconf 79' lang='grc' dir='ltr'><strong>τὰς</strong></span> <span class='ocrx_word' id='word_1_457' title='bbox 2584 2997 2938 3065; x_wconf 85' lang='grc' dir='ltr'><strong>ἐπαγγελίας,</strong></span> <span class='ocrx_word' id='word_1_458' title='bbox 2986 2995 3086 3046; x_wconf 72' lang='grc' dir='ltr'><strong>οὐκ</strong></span> <span class='ocrx_word' id='word_1_459' title='bbox 3144 2991 3359 3062; x_wconf 71' lang='grc' dir='ltr'><strong>ἐψεύσω</strong></span> <span class='ocrx_word' id='word_1_460' title='bbox 3399 2992 3498 3053; x_wconf 70' lang='grc' dir='ltr'><strong>τὰς</strong></span> <span class='ocrx_word' id='word_1_461' title='bbox 3531 2986 3876 3056; x_wconf 78' lang='grc' dir='ltr'><strong>ὑποσχέσεις,</strong></span> <span class='ocrx_word' id='word_1_462' title='bbox 3913 2982 4008 3034; x_wconf 72' lang='grc' dir='ltr'><strong>οὐκ</strong></span> 
     </span>
    </p>
   </div>
   <div class='ocr_carea' id='block_1_68' title="bbox 2438 3084 4008 3160">
    <p class='ocr_par' dir='ltr' id='par_1_68' title="bbox 2438 3084 4008 3160">
     <span class='ocr_line' id='line_1_68' title="bbox 2438 3084 4008 3160; baseline -0.011 -10"><span class='ocrx_word' id='word_1_463' title='bbox 2438 3097 2705 3150; x_wconf 73' lang='grc' dir='ltr'><strong>ἐπελάθου</strong></span> <span class='ocrx_word' id='word_1_464' title='bbox 2755 3095 2862 3147; x_wconf 90' lang='grc' dir='ltr'><strong>τῶν</strong></span> <span class='ocrx_word' id='word_1_465' title='bbox 2912 3091 3293 3160; x_wconf 78' lang='grc' dir='ltr'><strong>παραινέσεων</strong></span> <span class='ocrx_word' id='word_1_466' title='bbox 3319 3105 3332 3120; x_wconf 88' lang='grc'><strong>·</strong></span> <span class='ocrx_word' id='word_1_467' title='bbox 3366 3088 3504 3142; x_wconf 79' lang='grc' dir='ltr'><strong>ἀλλὰ</strong></span> <span class='ocrx_word' id='word_1_468' title='bbox 3558 3085 3843 3156; x_wconf 79' lang='grc' dir='ltr'><strong>παρέστης</strong></span> <span class='ocrx_word' id='word_1_469' title='bbox 3874 3084 4008 3150; x_wconf 80' lang='grc' dir='ltr'><strong>Χρι-</strong></span> 
     </span>
    </p>
   </div>
   <div class='ocr_carea' id='block_1_69' title="bbox 2440 3178 4006 3259">
    <p class='ocr_par' dir='ltr' id='par_1_69' title="bbox 2440 3178 4006 3259">
     <span class='ocr_line' id='line_1_69' title="bbox 2440 3178 4006 3259; baseline -0.008 -16"><span class='ocrx_word' id='word_1_470' title='bbox 2440 3190 2549 3259; x_wconf 83' lang='grc' dir='ltr'><strong>στῷ</strong></span> <span class='ocrx_word' id='word_1_471' title='bbox 2576 3189 2653 3258; x_wconf 83' lang='grc' dir='ltr'><strong>τῷ</strong></span> <span class='ocrx_word' id='word_1_472' title='bbox 2687 3187 2904 3257; x_wconf 82' lang='grc' dir='ltr'><strong>νυμφίῳ</strong></span> <span class='ocrx_word' id='word_1_473' title='bbox 2957 3203 3074 3252; x_wconf 86' lang='grc' dir='ltr'><strong>σου,</strong></span> <span class='ocrx_word' id='word_1_474' title='bbox 3108 3188 3166 3238; x_wconf 86' lang='grc' dir='ltr'><strong>ἐν</strong></span> <span class='ocrx_word' id='word_1_475' title='bbox 3214 3180 3496 3253; x_wconf 79' lang='grc' dir='ltr'><strong>ἱματισμῷ</strong></span> <span class='ocrx_word' id='word_1_476' title='bbox 3542 3181 3644 3252; x_wconf 82' lang='grc' dir='ltr'><strong>τῆς</strong></span> <span class='ocrx_word' id='word_1_477' title='bbox 3708 3178 4006 3246; x_wconf 78' lang='grc' dir='ltr'><strong>παρθενῐας</strong></span> 
     </span>
    </p>
   </div>
   <div class='ocr_carea' id='block_1_70' title="bbox 2438 3273 3997 3356">
    <p class='ocr_par' dir='ltr' id='par_1_70' title="bbox 2438 3273 3997 3356">
     <span class='ocr_line' id='line_1_70' title="bbox 2438 3273 3997 3356; baseline -0.011 -18"><span class='ocrx_word' id='word_1_478' title='bbox 2438 3283 2903 3356; x_wconf 75' lang='grc' dir='ltr'><strong>περιϐεϐλημένη,</strong></span> <span class='ocrx_word' id='word_1_479' title='bbox 2949 3280 3062 3340; x_wconf 83' lang='grc' dir='ltr'><strong>τοῖς</strong></span> <span class='ocrx_word' id='word_1_480' title='bbox 3125 3277 3394 3347; x_wconf 84' lang='grc' dir='ltr'><strong>στίγμασι</strong></span> <span class='ocrx_word' id='word_1_481' title='bbox 3424 3276 3517 3329; x_wconf 81' lang='grc' dir='ltr'><strong>τοῦ</strong></span> <span class='ocrx_word' id='word_1_482' title='bbox 3558 3273 3865 3344; x_wconf 76' lang='grc' dir='ltr'><strong>μαρτυρίου</strong></span> <span class='ocrx_word' id='word_1_483' title='bbox 3901 3288 3997 3322; x_wconf 87' lang='grc' dir='ltr'><strong>πε-</strong></span> 
     </span>
    </p>
   </div>
   <div class='ocr_carea' id='block_1_71' title="bbox 2438 3367 4005 3446">
    <p class='ocr_par' dir='ltr' id='par_1_71' title="bbox 2438 3367 4005 3446">
     <span class='ocr_line' id='line_1_71' title="bbox 2438 3367 4005 3446; baseline -0.011 -14"><span class='ocrx_word' id='word_1_484' title='bbox 2438 3377 2784 3446; x_wconf 84' lang='grc' dir='ltr'><strong>ποικιλμένη,</strong></span> <span class='ocrx_word' id='word_1_485' title='bbox 2816 3375 3082 3441; x_wconf 75' lang='grc' dir='ltr'><strong>στέφανον</strong></span> <span class='ocrx_word' id='word_1_486' title='bbox 3122 3374 3186 3425; x_wconf 82' lang='grc' dir='ltr'><strong>ἐκ</strong></span> <span class='ocrx_word' id='word_1_487' title='bbox 3219 3370 3385 3424; x_wconf 87' lang='grc' dir='ltr'><strong>λίθων</strong></span> <span class='ocrx_word' id='word_1_488' title='bbox 3406 3370 3603 3439; x_wconf 79' lang='grc' dir='ltr'><strong>τιμίων</strong></span> <span class='ocrx_word' id='word_1_489' title='bbox 3623 3367 4005 3437; x_wconf 78' lang='grc' dir='ltr'><strong>περικειμένη-</strong></span> 
     </span>
    </p>
   </div>
   <div class='ocr_carea' id='block_1_72' title="bbox 2439 3459 4010 3534">
    <p class='ocr_par' dir='ltr' id='par_1_72' title="bbox 2439 3459 4010 3534">
     <span class='ocr_line' id='line_1_72' title="bbox 2439 3459 4010 3534; baseline -0.009 -13"><span class='ocrx_word' id='word_1_490' title='bbox 2439 3471 2536 3522; x_wconf 71' lang='grc' dir='ltr'><strong>καὶ</strong></span> <span class='ocrx_word' id='word_1_491' title='bbox 2568 3470 2661 3518; x_wconf 86' lang='grc' dir='ltr'><strong>νῦν</strong></span> <span class='ocrx_word' id='word_1_492' title='bbox 2691 3469 2858 3525; x_wconf 78' lang='grc' dir='ltr'><strong>οἰκεῖς</strong></span> <span class='ocrx_word' id='word_1_493' title='bbox 2887 3469 2944 3515; x_wconf 84' lang='grc' dir='ltr'><strong>ἐν</strong></span> <span class='ocrx_word' id='word_1_494' title='bbox 2975 3465 3122 3532; x_wconf 80' lang='grc' dir='ltr'><strong>τόπῳ</strong></span> <span class='ocrx_word' id='word_1_495' title='bbox 3158 3465 3368 3534; x_wconf 78' lang='grc' dir='ltr'><strong>σκηνῆς</strong></span> <span class='ocrx_word' id='word_1_496' title='bbox 3412 3461 3756 3528; x_wconf 78' lang='grc' dir='ltr'><strong>θαυμαστῆς,</strong></span> <span class='ocrx_word' id='word_1_497' title='bbox 3787 3464 3845 3512; x_wconf 80' lang='grc' dir='ltr'><strong>ὲν</strong></span> <span class='ocrx_word' id='word_1_498' title='bbox 3883 3459 4010 3524; x_wconf 76' lang='grc' dir='ltr'><strong>οἴκῳ</strong></span> 
     </span>
    </p>
   </div>
   <div class='ocr_carea' id='block_1_73' title="bbox 2439 3549 4009 3629">
    <p class='ocr_par' dir='ltr' id='par_1_73' title="bbox 2439 3549 4009 3629">
     <span class='ocr_line' id='line_1_73' title="bbox 2439 3549 4009 3629; baseline -0.008 -18"><span class='ocrx_word' id='word_1_499' title='bbox 2439 3559 2594 3629; x_wconf 79' lang='grc' dir='ltr'><strong>δόξης</strong></span> <span class='ocrx_word' id='word_1_500' title='bbox 2627 3556 2854 3625; x_wconf 82' lang='grc' dir='ltr'><strong>Κυρίου,</strong></span> <span class='ocrx_word' id='word_1_501' title='bbox 2885 3553 3015 3606; x_wconf 80' lang='grc' dir='ltr'><strong>ἔνθα</strong></span> <span class='ocrx_word' id='word_1_502' title='bbox 3048 3552 3494 3623; x_wconf 77' lang='grc' dir='ltr'><strong>εὐφραινομένων</strong></span> <span class='ocrx_word' id='word_1_503' title='bbox 3527 3551 3558 3618; x_wconf 84' lang='grc' dir='ltr'>ὴ</span> <span class='ocrx_word' id='word_1_504' title='bbox 3597 3550 3884 3602; x_wconf 80' lang='grc' dir='ltr'><strong>κατοικία.</strong></span> <span class='ocrx_word' id='word_1_505' title='bbox 3918 3549 4009 3600; x_wconf 64' lang='grc' dir='ltr'><strong>Διά</strong></span> 
     </span>
    </p>
   </div>
   <div class='ocr_carea' id='block_1_74' title="bbox 2442 3641 4008 3718">
    <p class='ocr_par' dir='ltr' id='par_1_74' title="bbox 2442 3641 4008 3718">
     <span class='ocr_line' id='line_1_74' title="bbox 2442 3641 4008 3718; baseline -0.008 -14"><span class='ocrx_word' id='word_1_506' title='bbox 2442 3651 2602 3704; x_wconf 82' lang='grc' dir='ltr'><strong>τοῦτό</strong></span> <span class='ocrx_word' id='word_1_507' title='bbox 2652 3667 2746 3702; x_wconf 91' lang='grc' dir='ltr'><strong>σου</strong></span> <span class='ocrx_word' id='word_1_508' title='bbox 2778 3649 2990 3718; x_wconf 81' lang='grc' dir='ltr'><strong>δέομαι,</strong></span> <span class='ocrx_word' id='word_1_509' title='bbox 3043 3645 3282 3715; x_wconf 83' lang='grc' dir='ltr'><strong>θύγατερ</strong></span> <span class='ocrx_word' id='word_1_510' title='bbox 3327 3645 3457 3714; x_wconf 85' lang='grc' dir='ltr'><strong>φίλη</strong></span> <span class='ocrx_word' id='word_1_511' title='bbox 3515 3645 3613 3696; x_wconf 74' lang='grc' dir='ltr'><strong>καὶ</strong></span> <span class='ocrx_word' id='word_1_512' title='bbox 3665 3641 4008 3710; x_wconf 79' lang='grc' dir='ltr'><strong>πνευματικὴ</strong></span> 
     </span>
    </p>
   </div>
   <div class='ocr_carea' id='block_1_75' title="bbox 759 3757 4008 3839">
    <p class='ocr_par' dir='ltr' id='par_1_75' title="bbox 759 3758 4008 3839">
     <span class='ocr_line' id='line_1_75' title="bbox 759 3758 4008 3839; baseline 0.002 -28"><span class='ocrx_word' id='word_1_513' title='bbox 759 3762 934 3830; x_wconf 79' lang='grc' dir='ltr'><strong>μῆτερ</strong></span> <span class='ocrx_word' id='word_1_514' title='bbox 993 3761 1155 3833; x_wconf 81' lang='grc' dir='ltr'><strong>(οὕτω</strong></span> <span class='ocrx_word' id='word_1_515' title='bbox 1217 3767 1328 3833; x_wconf 70' lang='grc' dir='ltr'><strong>γὰρ</strong></span> <span class='ocrx_word' id='word_1_516' title='bbox 1369 3767 1757 3820; x_wconf 78' lang='grc' dir='ltr'><strong>ἀνακαλεῖσθαι</strong></span> <span class='ocrx_word' id='word_1_517' title='bbox 1814 3786 1904 3838; x_wconf 86' lang='grc' dir='ltr'><strong>μοι</strong></span> <span class='ocrx_word' id='word_1_518' title='bbox 1961 3769 2163 3838; x_wconf 83' lang='grc' dir='ltr'><strong>μᾶλλον</strong></span> <span class='ocrx_word' id='word_1_519' title='bbox 2190 3766 2647 3839; x_wconf 79' lang='grc' dir='ltr'><strong>ἁρμοδιώτερον),</strong></span> <span class='ocrx_word' id='word_1_520' title='bbox 2685 3763 2845 3833; x_wconf 80' lang='grc' dir='ltr'><strong>γενοὗ</strong></span> <span class='ocrx_word' id='word_1_521' title='bbox 2877 3779 2968 3832; x_wconf 88' lang='grc' dir='ltr'><strong>μοι</strong></span> <span class='ocrx_word' id='word_1_522' title='bbox 3018 3759 3115 3812; x_wconf 75' lang='grc' dir='ltr'><strong>καὶ</strong></span> <span class='ocrx_word' id='word_1_523' title='bbox 3169 3759 3267 3828; x_wconf 78' lang='grc' dir='ltr'><strong>τῆς</strong></span> <span class='ocrx_word' id='word_1_524' title='bbox 3304 3758 3592 3829; x_wconf 72' lang='grc' dir='ltr'><strong>ἐπικαίρου</strong></span> <span class='ocrx_word' id='word_1_525' title='bbox 3639 3759 3847 3825; x_wconf 70' lang='grc' dir='ltr'><strong>ταύτης</strong></span> <span class='ocrx_word' id='word_1_526' title='bbox 3870 3760 4008 3825; x_wconf 71' lang='grc' dir='ltr'><strong>ξωης</strong></span> 
     </span>
    </p>
   </div>
   <div class='ocr_carea' id='block_1_76' title="bbox 759 3849 4009 3932">
    <p class='ocr_par' dir='ltr' id='par_1_76' title="bbox 759 3849 4009 3932">
     <span class='ocr_line' id='line_1_76' title="bbox 759 3849 4009 3932; baseline -0.007 -12"><span class='ocrx_word' id='word_1_527' title='bbox 759 3852 936 3923; x_wconf 78' lang='grc' dir='ltr'><strong>ἀγαθὴ</strong></span> <span class='ocrx_word' id='word_1_528' title='bbox 996 3857 1331 3926; x_wconf 70' lang='grc' dir='ltr'><strong>γηροτρόφος</strong></span> <span class='ocrx_word' id='word_1_529' title='bbox 1375 3860 1465 3912; x_wconf 67' lang='grc' dir='ltr'><strong>καὶ</strong></span> <span class='ocrx_word' id='word_1_530' title='bbox 1498 3858 1636 3930; x_wconf 75' lang='grc' dir='ltr'><strong>πρὸς</strong></span> <span class='ocrx_word' id='word_1_531' title='bbox 1675 3859 1774 3930; x_wconf 84' lang='grc' dir='ltr'><strong>τὴν</strong></span> <span class='ocrx_word' id='word_1_532' title='bbox 1825 3861 1994 3916; x_wconf 79' lang='grc' dir='ltr'><strong>ἀΐδιον</strong></span> <span class='ocrx_word' id='word_1_533' title='bbox 2030 3859 2440 3932; x_wconf 74' lang='grc' dir='ltr'><strong>μεταφοιτὼσῃ,</strong></span> <span class='ocrx_word' id='word_1_534' title='bbox 2483 3859 2707 3930; x_wconf 84' lang='grc' dir='ltr'><strong>μεσίτης</strong></span> <span class='ocrx_word' id='word_1_535' title='bbox 2758 3857 2874 3927; x_wconf 77' lang='grc' dir='ltr'><strong>ἅμα</strong></span> <span class='ocrx_word' id='word_1_536' title='bbox 2932 3853 3027 3907; x_wconf 78' lang='grc' dir='ltr'><strong>καὶ</strong></span> <span class='ocrx_word' id='word_1_537' title='bbox 3078 3851 3311 3922; x_wconf 81' lang='grc' dir='ltr'><strong>πρέσϐις</strong></span> <span class='ocrx_word' id='word_1_538' title='bbox 3355 3851 3447 3905; x_wconf 84' lang='grc' dir='ltr'><strong>τὸν</strong></span> <span class='ocrx_word' id='word_1_539' title='bbox 3493 3849 3673 3904; x_wconf 73' lang='grc' dir='ltr'><strong>κοινὸν</strong></span> <span class='ocrx_word' id='word_1_540' title='bbox 3720 3852 3848 3918; x_wconf 71' lang='grc' dir='ltr'><strong>ἐμοὶ</strong></span> <span class='ocrx_word' id='word_1_541' title='bbox 3888 3855 4009 3901; x_wconf 72' lang='grc' dir='ltr'><strong>Δεσ-</strong></span> 
     </span>
    </p>
   </div>
   <div class='ocr_carea' id='block_1_77' title="bbox 760 3944 1270 4017">
    <p class='ocr_par' dir='ltr' id='par_1_77' title="bbox 760 3944 1270 4017">
     <span class='ocr_line' id='line_1_77' title="bbox 760 3944 1270 4017; baseline 0.016 -23"><span class='ocrx_word' id='word_1_542' title='bbox 760 3944 929 4011; x_wconf 78' lang='grc' dir='ltr'><strong>πότην</strong></span> <span class='ocrx_word' id='word_1_543' title='bbox 961 3947 1270 4017; x_wconf 83' lang='grc' dir='ltr'><strong>ἱλεουμένη.</strong></span> 
     </span>
    </p>
   </div>
   <div class='ocr_carea' id='block_1_78' title="bbox 829 4037 2339 4116">
    <p class='ocr_par' dir='ltr' id='par_1_78' title="bbox 829 4037 2339 4116">
     <span class='ocr_line' id='line_1_78' title="bbox 829 4037 2339 4116; baseline 0.005 -24"><span class='ocrx_word' id='word_1_544' title='bbox 829 4037 942 4092; x_wconf 75' lang='lat' dir='ltr'><strong>XII.</strong></span> <span class='ocrx_word' id='word_1_545' title='bbox 977 4039 1102 4095; x_wconf 72' lang='lat' dir='ltr'><strong>Hanc</strong></span> <span class='ocrx_word' id='word_1_546' title='bbox 1129 4040 1214 4094; x_wconf 91' lang='lat' dir='ltr'><strong>illa</strong></span> <span class='ocrx_word' id='word_1_547' title='bbox 1248 4042 1481 4096; x_wconf 89' lang='lat' dir='ltr'><strong>ﬁliorum</strong></span> <span class='ocrx_word' id='word_1_548' title='bbox 1510 4059 1723 4109; x_wconf 89' lang='lat' dir='ltr'><strong>amans,</strong></span> <span class='ocrx_word' id='word_1_549' title='bbox 1755 4045 1953 4115; x_wconf 88' lang='lat' dir='ltr'><strong>piaque</strong></span> <span class='ocrx_word' id='word_1_550' title='bbox 1992 4061 2056 4100; x_wconf 89' lang='lat' dir='ltr'><strong>ac</strong></span> <span class='ocrx_word' id='word_1_551' title='bbox 2085 4045 2339 4116; x_wconf 86' lang='lat' dir='ltr'><strong>religiosa</strong></span> 
     </span>
    </p>
   </div>
   <div class='ocr_carea' id='block_1_79' title="bbox 760 4133 2339 4208">
    <p class='ocr_par' dir='ltr' id='par_1_79' title="bbox 760 4133 2339 4208">
     <span class='ocr_line' id='line_1_79' title="bbox 760 4133 2339 4208; baseline 0.004 -25"><span class='ocrx_word' id='word_1_552' title='bbox 760 4145 922 4193; x_wconf 85' lang='lat' dir='ltr'><strong>anus,</strong></span> <span class='ocrx_word' id='word_1_553' title='bbox 951 4146 1071 4200; x_wconf 66' lang='lat' dir='ltr'><strong>quae</strong></span> <span class='ocrx_word' id='word_1_554' title='bbox 1115 4133 1348 4196; x_wconf 81' lang='lat' dir='ltr'><strong>sciebat,</strong></span> <span class='ocrx_word' id='word_1_555' title='bbox 1382 4135 1454 4189; x_wconf 88' lang='lat' dir='ltr'><strong>ita</strong></span> <span class='ocrx_word' id='word_1_556' title='bbox 1507 4144 1566 4190; x_wconf 90' lang='lat' dir='ltr'><strong>ut</strong></span> <span class='ocrx_word' id='word_1_557' title='bbox 1617 4146 1837 4207; x_wconf 88' lang='lat' dir='ltr'><strong>oportet</strong></span> <span class='ocrx_word' id='word_1_558' title='bbox 1887 4138 2024 4194; x_wconf 90' lang='lat' dir='ltr'><strong>ﬁlias</strong></span> <span class='ocrx_word' id='word_1_559' title='bbox 2057 4153 2249 4208; x_wconf 85' lang='lat' dir='ltr'><strong>parere</strong></span> <span class='ocrx_word' id='word_1_560' title='bbox 2285 4145 2339 4192; x_wconf 85' lang='lat' dir='ltr'><strong>et</strong></span> 
     </span>
    </p>
   </div>
   <div class='ocr_carea' id='block_1_80' title="bbox 761 4222 2339 4298">
    <p class='ocr_par' dir='ltr' id='par_1_80' title="bbox 761 4222 2339 4298">
     <span class='ocr_line' id='line_1_80' title="bbox 761 4222 2339 4298; baseline 0.005 -22"><span class='ocrx_word' id='word_1_561' title='bbox 761 4222 1017 4287; x_wconf 82' lang='lat' dir='ltr'><strong>educare,</strong></span> <span class='ocrx_word' id='word_1_562' title='bbox 1059 4239 1181 4277; x_wconf 90' lang='lat' dir='ltr'><strong>cum</strong></span> <span class='ocrx_word' id='word_1_563' title='bbox 1228 4226 1456 4280; x_wconf 85' lang='lat' dir='ltr'><strong>dixisset</strong></span> <span class='ocrx_word' id='word_1_564' title='bbox 1503 4229 1853 4298; x_wconf 64' lang='lat' dir='ltr'><strong>martyri,&#39;et</strong></span> <span class='ocrx_word' id='word_1_565' title='bbox 1905 4246 2024 4283; x_wconf 88' lang='lat' dir='ltr'><strong>eam</strong></span> <span class='ocrx_word' id='word_1_566' title='bbox 2078 4231 2339 4285; x_wconf 86' lang='lat' dir='ltr'><strong>senilibus</strong></span> 
     </span>
    </p>
   </div>
   <div class='ocr_carea' id='block_1_81' title="bbox 760 4315 2341 4391">
    <p class='ocr_par' dir='ltr' id='par_1_81' title="bbox 760 4315 2341 4391">
     <span class='ocr_line' id='line_1_81' title="bbox 760 4315 2341 4391; baseline 0.004 -23"><span class='ocrx_word' id='word_1_567' title='bbox 760 4315 1007 4383; x_wconf 79' lang='lat' dir='ltr'><strong>amplexa</strong></span> <span class='ocrx_word' id='word_1_568' title='bbox 1053 4328 1197 4370; x_wconf 90' lang='lat' dir='ltr'><strong>esset</strong></span> <span class='ocrx_word' id='word_1_569' title='bbox 1240 4330 1295 4372; x_wconf 92' lang='lat' dir='ltr'><strong>et</strong></span> <span class='ocrx_word' id='word_1_570' title='bbox 1348 4323 1748 4388; x_wconf 87' lang='lat' dir='ltr'><strong>composuisset</strong></span> <span class='ocrx_word' id='word_1_571' title='bbox 1796 4323 2048 4376; x_wconf 88' lang='lat' dir='ltr'><strong>manibus</strong></span> <span class='ocrx_word' id='word_1_572' title='bbox 2097 4340 2110 4375; x_wconf 89' lang='lat'><strong>:</strong></span> <span class='ocrx_word' id='word_1_573' title='bbox 2158 4331 2341 4391; x_wconf 87' lang='lat' dir='ltr'><strong>egeret</strong></span> 
     </span>
    </p>
   </div>
   <div class='ocr_carea' id='block_1_82' title="bbox 2511 4033 4005 4110">
    <p class='ocr_par' dir='ltr' id='par_1_82' title="bbox 2511 4033 4005 4110">
     <span class='ocr_line' id='line_1_82' title="bbox 2511 4033 4005 4110; baseline -0.008 -16"><span class='ocrx_word' id='word_1_574' title='bbox 2511 4039 2812 4094; x_wconf 83' lang='grc' dir='ltr'><strong>ΙΒ’.Ταῦτα</strong></span> <span class='ocrx_word' id='word_1_575' title='bbox 2842 4035 3160 4110; x_wconf 22' lang='grc' dir='ltr'><strong>ήιφιλόπαις</strong></span> <span class='ocrx_word' id='word_1_576' title='bbox 3195 4034 3378 4102; x_wconf 84' lang='grc' dir='ltr'><strong>ἐκείνη</strong></span> <span class='ocrx_word' id='word_1_577' title='bbox 3414 4033 3588 4102; x_wconf 81' lang='grc' dir='ltr'><strong>γραῦς</strong></span> <span class='ocrx_word' id='word_1_578' title='bbox 3619 4035 3714 4086; x_wconf 70' lang='grc' dir='ltr'><strong>καὶ</strong></span> <span class='ocrx_word' id='word_1_579' title='bbox 3744 4033 4005 4101; x_wconf 73' lang='grc' dir='ltr'><strong>φιλόθεος,</strong></span> 
     </span>
    </p>
   </div>
   <div class='ocr_carea' id='block_1_83' title="bbox 2440 4127 4001 4200">
    <p class='ocr_par' dir='ltr' id='par_1_83' title="bbox 2440 4127 4001 4200">
     <span class='ocr_line' id='line_1_83' title="bbox 2440 4127 4001 4200; baseline -0.004 -11"><span class='ocrx_word' id='word_1_580' title='bbox 2440 4137 2532 4189; x_wconf 78' lang='grc' dir='ltr'><strong>καὶ</strong></span> <span class='ocrx_word' id='word_1_581' title='bbox 2567 4133 2775 4187; x_wconf 83' lang='grc' dir='ltr'><strong>ὠδίνειν</strong></span> <span class='ocrx_word' id='word_1_582' title='bbox 2805 4130 2880 4195; x_wconf 85' lang='grc' dir='ltr'><strong>ὠς</strong></span> <span class='ocrx_word' id='word_1_583' title='bbox 2906 4128 3012 4200; x_wconf 83' lang='grc' dir='ltr'><strong>χρὴ</strong></span> <span class='ocrx_word' id='word_1_584' title='bbox 3051 4127 3145 4182; x_wconf 83' lang='grc' dir='ltr'><strong>καὶ</strong></span> <span class='ocrx_word' id='word_1_585' title='bbox 3177 4127 3551 4195; x_wconf 85' lang='grc' dir='ltr'><strong>παιδαγωγεῖν</strong></span> <span class='ocrx_word' id='word_1_586' title='bbox 3578 4127 3754 4179; x_wconf 74' lang='grc' dir='ltr'><strong>εἰδυῖα</strong></span> <span class='ocrx_word' id='word_1_587' title='bbox 3779 4132 3844 4198; x_wconf 78' lang='grc' dir='ltr'><strong>τῇ</strong></span> <span class='ocrx_word' id='word_1_588' title='bbox 3870 4132 4001 4197; x_wconf 70' lang='grc' dir='ltr'><strong>μαρ-</strong></span> 
     </span>
    </p>
   </div>
   <div class='ocr_carea' id='block_1_84' title="bbox 2437 4221 4003 4299">
    <p class='ocr_par' dir='ltr' id='par_1_84' title="bbox 2437 4221 4003 4299">
     <span class='ocr_line' id='line_1_84' title="bbox 2437 4221 4003 4299; baseline -0.006 -17"><span class='ocrx_word' id='word_1_589' title='bbox 2437 4248 2560 4299; x_wconf 88' lang='grc' dir='ltr'><strong>τυρι</strong></span> <span class='ocrx_word' id='word_1_590' title='bbox 2594 4225 2842 4297; x_wconf 77' lang='grc' dir='ltr'><strong>είποῦσα⁹</strong></span> <span class='ocrx_word' id='word_1_591' title='bbox 2871 4226 2965 4278; x_wconf 78' lang='grc' dir='ltr'><strong>καὶ</strong></span> <span class='ocrx_word' id='word_1_592' title='bbox 2994 4223 3152 4293; x_wconf 73' lang='grc' dir='ltr'><strong>χερσὶ</strong></span> <span class='ocrx_word' id='word_1_593' title='bbox 3178 4221 3576 4290; x_wconf 79' lang='grc' dir='ltr'><strong>πρεσϐυτικαῖς</strong></span> <span class='ocrx_word' id='word_1_594' title='bbox 3606 4237 3666 4272; x_wconf 86' lang='grc' dir='ltr'><strong>τε</strong></span> <span class='ocrx_word' id='word_1_595' title='bbox 3705 4223 3805 4274; x_wconf 73' lang='grc' dir='ltr'><strong>καὶ</strong></span> <span class='ocrx_word' id='word_1_596' title='bbox 3833 4236 4003 4291; x_wconf 81' lang='grc' dir='ltr'><strong>γηρα-</strong></span> 
     </span>
    </p>
   </div>
   <div class='ocr_carea' id='block_1_85' title="bbox 2439 4312 4004 4383">
    <p class='ocr_par' dir='ltr' id='par_1_85' title="bbox 2439 4312 4004 4383">
     <span class='ocr_line' id='line_1_85' title="bbox 2439 4312 4004 4383; baseline -0.003 -13"><span class='ocrx_word' id='word_1_597' title='bbox 2439 4320 2586 4380; x_wconf 85' lang='grc' dir='ltr'><strong>λέαις</strong></span> <span class='ocrx_word' id='word_1_598' title='bbox 2632 4317 2801 4383; x_wconf 77' lang='grc' dir='ltr'><strong>αὐτὴν</strong></span> <span class='ocrx_word' id='word_1_599' title='bbox 2853 4313 3273 4382; x_wconf 79' lang='grc' dir='ltr'><strong>ἀγκαλισαμὲνη</strong></span> <span class='ocrx_word' id='word_1_600' title='bbox 3303 4312 3398 4363; x_wconf 73' lang='grc' dir='ltr'><strong>καὶ</strong></span> <span class='ocrx_word' id='word_1_601' title='bbox 3429 4314 3854 4382; x_wconf 81' lang='grc' dir='ltr'><strong>περιστείλασα,</strong></span> <span class='ocrx_word' id='word_1_602' title='bbox 3892 4315 4004 4366; x_wconf 79' lang='grc' dir='ltr'><strong>ἐπεὶ</strong></span> 
     </span>
    </p>
   </div>
   <div class='ocr_carea' id='block_1_86' title="bbox 761 4405 2419 4497">
    <p class='ocr_par' dir='ltr' id='par_1_86' title="bbox 761 4413 2411 4497">
     <span class='ocr_line' id='line_1_86' title="bbox 761 4413 2411 4497; baseline 0.004 -37"><span class='ocrx_word' id='word_1_603' title='bbox 761 4417 940 4460; x_wconf 86' lang='lat' dir='ltr'><strong>autem</strong></span> <span class='ocrx_word' id='word_1_604' title='bbox 975 4424 1159 4474; x_wconf 87' lang='lat' dir='ltr'><strong>manu,</strong></span> <span class='ocrx_word' id='word_1_605' title='bbox 1190 4427 1311 4481; x_wconf 65' lang='lat' dir='ltr'><strong>qua:</strong></span> <span class='ocrx_word' id='word_1_606' title='bbox 1341 4413 1388 4466; x_wconf 88' lang='lat' dir='ltr'><strong>ei</strong></span> <span class='ocrx_word' id='word_1_607' title='bbox 1421 4414 1709 4468; x_wconf 78' lang='lat' dir='ltr'><strong>inserviret</strong></span> <span class='ocrx_word' id='word_1_608' title='bbox 1746 4417 1800 4468; x_wconf 90' lang='lat' dir='ltr'><strong>in</strong></span> <span class='ocrx_word' id='word_1_609' title='bbox 1831 4413 2224 4470; x_wconf 81' lang='lat' dir='ltr'><strong>transferendis</strong></span> <span class='ocrx_word' id='word_1_610' title='bbox 2247 4429 2332 4466; x_wconf 89' lang='lat' dir='ltr'><strong>re-</strong></span> <span class='ocrx_word' id='word_1_611' title='bbox 2368 4442 2411 4497; x_wconf 71' lang='grc' dir='ltr'>ο</span> 
     </span>
    </p>
   </div>
   <div class='ocr_carea' id='block_1_87' title="bbox 2347 4405 4005 4497">
    <p class='ocr_par' dir='ltr' id='par_1_87' title="bbox 2368 4405 4005 4497">
     <span class='ocr_line' id='line_1_87' title="bbox 2368 4405 4005 4497; baseline -0.001 -35"><span class='ocrx_word' id='word_1_612' title='bbox 2368 4442 2411 4497; x_wconf 80' lang='lat' dir='ltr'><strong>D</strong></span> <span class='ocrx_word' id='word_1_613' title='bbox 2439 4409 2622 4481; x_wconf 73' lang='grc' dir='ltr'><strong>χειρὸς</strong></span> <span class='ocrx_word' id='word_1_614' title='bbox 2655 4407 2850 4479; x_wconf 78' lang='grc' dir='ltr'><strong>ἠπόρει</strong></span> <span class='ocrx_word' id='word_1_615' title='bbox 2882 4410 2944 4476; x_wconf 81' lang='grc' dir='ltr'><strong>τῇ</strong></span> <span class='ocrx_word' id='word_1_616' title='bbox 2981 4405 3323 4475; x_wconf 82' lang='grc' dir='ltr'><strong>μετακομιδῇ</strong></span> <span class='ocrx_word' id='word_1_617' title='bbox 3371 4405 3464 4459; x_wconf 91' lang='grc' dir='ltr'><strong>τοῦ</strong></span> <span class='ocrx_word' id='word_1_618' title='bbox 3525 4406 3788 4475; x_wconf 68' lang='grc' dir='ltr'><strong>λειψάνοῦ</strong></span> <span class='ocrx_word' id='word_1_619' title='bbox 3837 4408 4005 4460; x_wconf 79' lang='grc' dir='ltr'><strong>διακο-</strong></span> 
     </span>
    </p>
   </div>
   <div class='ocr_carea' id='block_1_88' title="bbox 763 4498 2334 4575">
    <p class='ocr_par' dir='ltr' id='par_1_88' title="bbox 763 4498 2334 4575">
     <span class='ocr_line' id='line_1_88' title="bbox 763 4498 2334 4575; baseline 0.006 -27"><span class='ocrx_word' id='word_1_620' title='bbox 763 4498 963 4566; x_wconf 87' lang='lat' dir='ltr'><strong>liqniis,</strong></span> <span class='ocrx_word' id='word_1_621' title='bbox 1003 4510 1059 4552; x_wconf 90' lang='lat' dir='ltr'><strong>ut</strong></span> <span class='ocrx_word' id='word_1_622' title='bbox 1083 4517 1204 4569; x_wconf 66' lang='lat' dir='ltr'><strong>qua:</strong></span> <span class='ocrx_word' id='word_1_623' title='bbox 1235 4512 1404 4568; x_wconf 81' lang='lat' dir='ltr'><strong>esset,</strong></span> <span class='ocrx_word' id='word_1_624' title='bbox 1436 4504 1580 4558; x_wconf 90' lang='lat' dir='ltr'><strong>sicut</strong></span> <span class='ocrx_word' id='word_1_625' title='bbox 1608 4505 1869 4575; x_wconf 74' lang='lat' dir='ltr'><strong>diximus,</strong></span> <span class='ocrx_word' id='word_1_626' title='bbox 1904 4505 2106 4566; x_wconf 87' lang='lat' dir='ltr'><strong>vetula,</strong></span> <span class='ocrx_word' id='word_1_627' title='bbox 2132 4513 2186 4558; x_wconf 93' lang='lat' dir='ltr'><strong>et</strong></span> <span class='ocrx_word' id='word_1_628' title='bbox 2233 4503 2334 4572; x_wconf 90' lang='lat' dir='ltr'><strong>ipsi</strong></span> 
     </span>
    </p>
   </div>
   <div class='ocr_carea' id='block_1_89' title="bbox 761 4587 2336 4662">
    <p class='ocr_par' dir='ltr' id='par_1_89' title="bbox 761 4587 2336 4662">
     <span class='ocr_line' id='line_1_89' title="bbox 761 4587 2336 4662; baseline 0.005 -23"><span class='ocrx_word' id='word_1_629' title='bbox 761 4587 941 4656; x_wconf 88' lang='lat' dir='ltr'><strong>potius</strong></span> <span class='ocrx_word' id='word_1_630' title='bbox 973 4595 1118 4643; x_wconf 87' lang='lat' dir='ltr'><strong>esset</strong></span> <span class='ocrx_word' id='word_1_631' title='bbox 1160 4605 1299 4659; x_wconf 89' lang='lat' dir='ltr'><strong>opus</strong></span> <span class='ocrx_word' id='word_1_632' title='bbox 1346 4607 1511 4645; x_wconf 89' lang='lat' dir='ltr'><strong>manu</strong></span> <span class='ocrx_word' id='word_1_633' title='bbox 1557 4603 1612 4646; x_wconf 86' lang='lat' dir='ltr'><strong>et</strong></span> <span class='ocrx_word' id='word_1_634' title='bbox 1656 4594 1848 4648; x_wconf 84' lang='lat' dir='ltr'><strong>baculo</strong></span> <span class='ocrx_word' id='word_1_635' title='bbox 1881 4610 1896 4648; x_wconf 88' lang='lat'><strong>:</strong></span> <span class='ocrx_word' id='word_1_636' title='bbox 1925 4594 2181 4662; x_wconf 88' lang='lat' dir='ltr'><strong>nullaque</strong></span> <span class='ocrx_word' id='word_1_637' title='bbox 2235 4593 2336 4662; x_wconf 81' lang='lat' dir='ltr'><strong>ipsi</strong></span> 
     </span>
    </p>
   </div>
   <div class='ocr_carea' id='block_1_90' title="bbox 761 4681 2338 4754">
    <p class='ocr_par' dir='ltr' id='par_1_90' title="bbox 761 4681 2338 4754">
     <span class='ocr_line' id='line_1_90' title="bbox 761 4681 2338 4754; baseline 0.004 -23"><span class='ocrx_word' id='word_1_638' title='bbox 761 4693 948 4731; x_wconf 87' lang='lat' dir='ltr'><strong>earum</strong></span> <span class='ocrx_word' id='word_1_639' title='bbox 978 4681 1524 4749; x_wconf 86' lang='lat' dir='ltr'><strong>transportandarum</strong></span> <span class='ocrx_word' id='word_1_640' title='bbox 1577 4694 1894 4754; x_wconf 85' lang='lat' dir='ltr'><strong>suppeteret</strong></span> <span class='ocrx_word' id='word_1_641' title='bbox 1934 4686 2095 4748; x_wconf 89' lang='lat' dir='ltr'><strong>ratio,</strong></span> <span class='ocrx_word' id='word_1_642' title='bbox 2129 4695 2184 4738; x_wconf 86' lang='lat' dir='ltr'><strong>et</strong></span> <span class='ocrx_word' id='word_1_643' title='bbox 2214 4685 2338 4738; x_wconf 88' lang='lat' dir='ltr'><strong>ideo</strong></span> 
     </span>
    </p>
   </div>
   <div class='ocr_carea' id='block_1_91' title="bbox 762 4771 2336 4846">
    <p class='ocr_par' dir='ltr' id='par_1_91' title="bbox 762 4771 2336 4846">
     <span class='ocr_line' id='line_1_91' title="bbox 762 4771 2336 4846; baseline 0.006 -24"><span class='ocrx_word' id='word_1_644' title='bbox 762 4777 927 4822; x_wconf 85' lang='lat' dir='ltr'><strong>staret</strong></span> <span class='ocrx_word' id='word_1_645' title='bbox 958 4771 1098 4840; x_wconf 90' lang='lat' dir='ltr'><strong>apud</strong></span> <span class='ocrx_word' id='word_1_646' title='bbox 1130 4788 1188 4826; x_wconf 92' lang='lat' dir='ltr'><strong>se</strong></span> <span class='ocrx_word' id='word_1_647' title='bbox 1219 4788 1360 4845; x_wconf 62' lang='lat' dir='ltr'><strong>aagre</strong></span> <span class='ocrx_word' id='word_1_648' title='bbox 1391 4772 1868 4841; x_wconf 84' lang='lat' dir='ltr'><strong>ferens,etaniino</strong></span> <span class='ocrx_word' id='word_1_649' title='bbox 1892 4777 2076 4841; x_wconf 84' lang='lat' dir='ltr'><strong>anxia,</strong></span> <span class='ocrx_word' id='word_1_650' title='bbox 2109 4786 2336 4846; x_wconf 89' lang='lat' dir='ltr'><strong>repente</strong></span> 
     </span>
    </p>
   </div>
   <div class='ocr_carea' id='block_1_92' title="bbox 761 4858 2336 4933">
    <p class='ocr_par' dir='ltr' id='par_1_92' title="bbox 761 4858 2336 4933">
     <span class='ocr_line' id='line_1_92' title="bbox 761 4858 2336 4933; baseline 0.01 -22"><span class='ocrx_word' id='word_1_651' title='bbox 761 4858 870 4912; x_wconf 86' lang='lat' dir='ltr'><strong>duo</strong></span> <span class='ocrx_word' id='word_1_652' title='bbox 897 4863 1120 4929; x_wconf 86' lang='lat' dir='ltr'><strong>quidam</strong></span> <span class='ocrx_word' id='word_1_653' title='bbox 1153 4865 1254 4918; x_wconf 82' lang='lat' dir='ltr'><strong>viri</strong></span> <span class='ocrx_word' id='word_1_654' title='bbox 1286 4867 1660 4933; x_wconf 87' lang='lat' dir='ltr'><strong>advenientes,</strong></span> <span class='ocrx_word' id='word_1_655' title='bbox 1706 4880 1761 4923; x_wconf 91' lang='lat' dir='ltr'><strong>et</strong></span> <span class='ocrx_word' id='word_1_656' title='bbox 1791 4871 1966 4926; x_wconf 89' lang='lat' dir='ltr'><strong>forma</strong></span> <span class='ocrx_word' id='word_1_657' title='bbox 2013 4881 2069 4924; x_wconf 93' lang='lat' dir='ltr'><strong>et</strong></span> <span class='ocrx_word' id='word_1_658' title='bbox 2096 4873 2336 4926; x_wconf 86' lang='lat' dir='ltr'><strong>moribus</strong></span> 
     </span>
    </p>
   </div>
   <div class='ocr_carea' id='block_1_93' title="bbox 762 4955 2337 5031">
    <p class='ocr_par' dir='ltr' id='par_1_93' title="bbox 762 4955 2337 5031">
     <span class='ocr_line' id='line_1_93' title="bbox 762 4955 2337 5031; baseline 0.01 -29"><span class='ocrx_word' id='word_1_659' title='bbox 762 4955 1074 5011; x_wconf 84' lang='lat' dir='ltr'><strong>reverendi.</strong></span> <span class='ocrx_word' id='word_1_660' title='bbox 1100 4957 1306 5010; x_wconf 84' lang='lat' dir='ltr'><strong>sanctis</strong></span> <span class='ocrx_word' id='word_1_661' title='bbox 1346 4961 1593 5016; x_wconf 90' lang='lat' dir='ltr'><strong>manibus</strong></span> <span class='ocrx_word' id='word_1_662' title='bbox 1622 4961 1880 5031; x_wconf 84' lang='lat' dir='ltr'><strong>subjectis</strong></span> <span class='ocrx_word' id='word_1_663' title='bbox 1923 4962 2191 5031; x_wconf 89' lang='lat' dir='ltr'><strong>reliquiis,</strong></span> <span class='ocrx_word' id='word_1_664' title='bbox 2231 4963 2337 5016; x_wconf 91' lang='lat' dir='ltr'><strong>eis-</strong></span> 
     </span>
    </p>
   </div>
   <div class='ocr_carea' id='block_1_94' title="bbox 761 5047 2339 5124">
    <p class='ocr_par' dir='ltr' id='par_1_94' title="bbox 761 5047 2339 5124">
     <span class='ocr_line' id='line_1_94' title="bbox 761 5047 2339 5124; baseline 0.009 -31"><span class='ocrx_word' id='word_1_665' title='bbox 761 5057 866 5109; x_wconf 87' lang='lat' dir='ltr'><strong>que</strong></span> <span class='ocrx_word' id='word_1_666' title='bbox 895 5059 1015 5097; x_wconf 88' lang='lat' dir='ltr'><strong>cum</strong></span> <span class='ocrx_word' id='word_1_667' title='bbox 1046 5047 1163 5114; x_wconf 89' lang='lat' dir='ltr'><strong>ipsa</strong></span> <span class='ocrx_word' id='word_1_668' title='bbox 1190 5050 1436 5114; x_wconf 87' lang='lat' dir='ltr'><strong>sublatis,</strong></span> <span class='ocrx_word' id='word_1_669' title='bbox 1472 5068 1642 5121; x_wconf 89' lang='lat' dir='ltr'><strong>prope</strong></span> <span class='ocrx_word' id='word_1_670' title='bbox 1672 5055 1860 5110; x_wconf 90' lang='lat' dir='ltr'><strong>urbem</strong></span> <span class='ocrx_word' id='word_1_671' title='bbox 1895 5053 2122 5110; x_wconf 81' lang='lat' dir='ltr'><strong>Romam</strong></span> <span class='ocrx_word' id='word_1_672' title='bbox 2155 5055 2339 5124; x_wconf 86' lang='lat' dir='ltr'><strong>splen-</strong></span> 
     </span>
    </p>
   </div>
   <div class='ocr_carea' id='block_1_95' title="bbox 762 5133 2338 5218">
    <p class='ocr_par' dir='ltr' id='par_1_95' title="bbox 762 5133 2338 5218">
     <span class='ocr_line' id='line_1_95' title="bbox 762 5133 2338 5218; baseline 0.009 -31"><span class='ocrx_word' id='word_1_673' title='bbox 762 5133 886 5188; x_wconf 87' lang='lat' dir='ltr'><strong>dide</strong></span> <span class='ocrx_word' id='word_1_674' title='bbox 937 5147 991 5189; x_wconf 79' lang='lat' dir='ltr'><strong>et</strong></span> <span class='ocrx_word' id='word_1_675' title='bbox 1035 5136 1332 5194; x_wconf 86' lang='lat' dir='ltr'><strong>honoriﬁce</strong></span> <span class='ocrx_word' id='word_1_676' title='bbox 1377 5144 1748 5210; x_wconf 84' lang='lat' dir='ltr'><strong>deposuerunt</strong></span> <span class='ocrx_word' id='word_1_677' title='bbox 1785 5186 1799 5209; x_wconf 97' lang='lat'><strong>,</strong></span> <span class='ocrx_word' id='word_1_678' title='bbox 1835 5148 1902 5199; x_wconf 91' lang='lat' dir='ltr'><strong>ad</strong></span> <span class='ocrx_word' id='word_1_679' title='bbox 1966 5145 2194 5218; x_wconf 81' lang='lat' dir='ltr'><strong>gloriam</strong></span> <span class='ocrx_word' id='word_1_680' title='bbox 2247 5145 2338 5200; x_wconf 87' lang='lat' dir='ltr'><strong>Dei</strong></span> 
     </span>
    </p>
   </div>
   <div class='ocr_carea' id='block_1_96' title="bbox 762 5225 2340 5309">
    <p class='ocr_par' dir='ltr' id='par_1_96' title="bbox 762 5225 2340 5309">
     <span class='ocr_line' id='line_1_96' title="bbox 762 5225 2340 5309; baseline 0.01 -29"><span class='ocrx_word' id='word_1_681' title='bbox 762 5225 956 5289; x_wconf 75' lang='lat' dir='ltr'><strong>Patris,</strong></span> <span class='ocrx_word' id='word_1_682' title='bbox 984 5238 1039 5282; x_wconf 94' lang='lat' dir='ltr'><strong>et</strong></span> <span class='ocrx_word' id='word_1_683' title='bbox 1070 5227 1280 5286; x_wconf 90' lang='lat' dir='ltr'><strong>Domini</strong></span> <span class='ocrx_word' id='word_1_684' title='bbox 1318 5237 1486 5288; x_wconf 89' lang='lat' dir='ltr'><strong>nostri</strong></span> <span class='ocrx_word' id='word_1_685' title='bbox 1510 5235 1635 5294; x_wconf 85' lang='lat' dir='ltr'><strong>Jesu</strong></span> <span class='ocrx_word' id='word_1_686' title='bbox 1666 5239 1868 5293; x_wconf 84' lang='lat' dir='ltr'><strong>Christi</strong></span> <span class='ocrx_word' id='word_1_687' title='bbox 1904 5280 1918 5303; x_wconf 94' lang='lat'><strong>,</strong></span> <span class='ocrx_word' id='word_1_688' title='bbox 1967 5257 2090 5294; x_wconf 88' lang='lat' dir='ltr'><strong>eum</strong></span> <span class='ocrx_word' id='word_1_689' title='bbox 2127 5256 2254 5309; x_wconf 86' lang='lat' dir='ltr'><strong>quo,</strong></span> <span class='ocrx_word' id='word_1_690' title='bbox 2285 5248 2340 5294; x_wconf 83' lang='lat' dir='ltr'><strong>et</strong></span> 
     </span>
    </p>
   </div>
   <div class='ocr_carea' id='block_1_97' title="bbox 764 5319 2334 5401">
    <p class='ocr_par' dir='ltr' id='par_1_97' title="bbox 764 5319 2334 5401">
     <span class='ocr_line' id='line_1_97' title="bbox 764 5319 2334 5401; baseline 0.013 -36"><span class='ocrx_word' id='word_1_691' title='bbox 764 5329 887 5368; x_wconf 89' lang='lat' dir='ltr'><strong>cum</strong></span> <span class='ocrx_word' id='word_1_692' title='bbox 914 5329 1103 5372; x_wconf 86' lang='lat' dir='ltr'><strong>sancto</strong></span> <span class='ocrx_word' id='word_1_693' title='bbox 1130 5319 1334 5390; x_wconf 90' lang='lat' dir='ltr'><strong>Spiritu</strong></span> <span class='ocrx_word' id='word_1_694' title='bbox 1368 5325 1444 5379; x_wconf 90' lang='lat' dir='ltr'><strong>illi</strong></span> <span class='ocrx_word' id='word_1_695' title='bbox 1475 5327 1547 5380; x_wconf 85' lang='lat' dir='ltr'><strong>sit</strong></span> <span class='ocrx_word' id='word_1_696' title='bbox 1586 5329 1761 5385; x_wconf 86' lang='lat' dir='ltr'><strong>honor</strong></span> <span class='ocrx_word' id='word_1_697' title='bbox 1796 5340 1848 5386; x_wconf 89' lang='lat' dir='ltr'><strong>et</strong></span> <span class='ocrx_word' id='word_1_698' title='bbox 1873 5331 2111 5401; x_wconf 89' lang='lat' dir='ltr'><strong>potentia</strong></span> <span class='ocrx_word' id='word_1_699' title='bbox 2149 5331 2198 5383; x_wconf 92' lang='lat' dir='ltr'><strong>in</strong></span> <span class='ocrx_word' id='word_1_700' title='bbox 2235 5348 2334 5385; x_wconf 80' lang='lat' dir='ltr'><strong>sa:-</strong></span> 
     </span>
    </p>
   </div>
   <div class='ocr_carea' id='block_1_98' title="bbox 764 5404 1491 5470">
    <p class='ocr_par' dir='ltr' id='par_1_98' title="bbox 764 5404 1491 5470">
     <span class='ocr_line' id='line_1_98' title="bbox 764 5404 1491 5470; baseline 0.018 -12"><span class='ocrx_word' id='word_1_701' title='bbox 764 5404 883 5460; x_wconf 85' lang='lat' dir='ltr'><strong>eula</strong></span> <span class='ocrx_word' id='word_1_702' title='bbox 916 5407 1263 5464; x_wconf 60' lang='lat' dir='ltr'><strong>saeculorum.</strong></span> <span class='ocrx_word' id='word_1_703' title='bbox 1297 5415 1491 5470; x_wconf 86' lang='lat' dir='ltr'><strong>Amen.</strong></span> 
     </span>
    </p>
   </div>
   <div class='ocr_carea' id='block_1_99' title="bbox 2439 4494 4005 4574">
    <p class='ocr_par' dir='ltr' id='par_1_99' title="bbox 2439 4494 4005 4574">
     <span class='ocr_line' id='line_1_99' title="bbox 2439 4494 4005 4574; baseline -0.004 -17"><span class='ocrx_word' id='word_1_704' title='bbox 2439 4504 2664 4574; x_wconf 81' lang='grc' dir='ltr'><strong>νούσης,</strong></span> <span class='ocrx_word' id='word_1_705' title='bbox 2693 4500 2920 4572; x_wconf 80' lang='grc' dir='ltr'><strong>γηραιὰ,</strong></span> <span class='ocrx_word' id='word_1_706' title='bbox 2949 4501 3200 4569; x_wconf 80' lang='grc' dir='ltr'><strong>καθάπερ</strong></span> <span class='ocrx_word' id='word_1_707' title='bbox 3235 4499 3471 4569; x_wconf 78' lang='grc' dir='ltr'><strong>ἔφημεν,</strong></span> <span class='ocrx_word' id='word_1_708' title='bbox 3502 4494 3660 4563; x_wconf 71' lang='grc' dir='ltr'><strong>οὖσα,</strong></span> <span class='ocrx_word' id='word_1_709' title='bbox 3705 4500 3803 4550; x_wconf 68' lang='grc' dir='ltr'><strong>καὶ</strong></span> <span class='ocrx_word' id='word_1_710' title='bbox 3835 4501 4005 4567; x_wconf 66' lang='grc' dir='ltr'><strong>χειρὶς</strong></span> 
     </span>
    </p>
   </div>
   <div class='ocr_carea' id='block_1_100' title="bbox 2436 4591 4003 4668">
    <p class='ocr_par' dir='ltr' id='par_1_100' title="bbox 2436 4591 4003 4668">
     <span class='ocr_line' id='line_1_100' title="bbox 2436 4591 4003 4668; baseline -0.006 -17"><span class='ocrx_word' id='word_1_711' title='bbox 2436 4600 2573 4668; x_wconf 74' lang='grc' dir='ltr'><strong>αὐτῇ</strong></span> <span class='ocrx_word' id='word_1_712' title='bbox 2619 4595 2821 4668; x_wconf 83' lang='grc' dir='ltr'><strong>μᾶλλον</strong></span> <span class='ocrx_word' id='word_1_713' title='bbox 2851 4594 3080 4666; x_wconf 78' lang='grc' dir='ltr'><strong>δεομένη</strong></span> <span class='ocrx_word' id='word_1_714' title='bbox 3138 4594 3235 4648; x_wconf 73' lang='grc' dir='ltr'><strong>καὶ</strong></span> <span class='ocrx_word' id='word_1_715' title='bbox 3298 4591 3598 4663; x_wconf 81' lang='grc' dir='ltr'><strong>βακτηρίας</strong></span> <span class='ocrx_word' id='word_1_716' title='bbox 3624 4607 3638 4621; x_wconf 88' lang='grc'><strong>·</strong></span> <span class='ocrx_word' id='word_1_717' title='bbox 3668 4591 3798 4642; x_wconf 78' lang='grc' dir='ltr'><strong>ἐπεὶ</strong></span> <span class='ocrx_word' id='word_1_718' title='bbox 3839 4591 4003 4644; x_wconf 59' lang='grc' dir='ltr'><strong>τάνυ-δ</strong></span> 
     </span>
    </p>
   </div>
   <div class='ocr_carea' id='block_1_101' title="bbox 2435 4683 4000 4758">
    <p class='ocr_par' dir='ltr' id='par_1_101' title="bbox 2435 4683 4000 4758">
     <span class='ocr_line' id='line_1_101' title="bbox 2435 4683 4000 4758; baseline -0.005 -16"><span class='ocrx_word' id='word_1_719' title='bbox 2435 4692 2606 4752; x_wconf 75' lang='grc' dir='ltr'><strong>οὓτως</strong></span> <span class='ocrx_word' id='word_1_720' title='bbox 2636 4684 2749 4758; x_wconf 85' lang='grc' dir='ltr'><strong>εἷχε</strong></span> <span class='ocrx_word' id='word_1_721' title='bbox 2781 4689 2912 4758; x_wconf 79' lang='grc' dir='ltr'><strong>περὶ</strong></span> <span class='ocrx_word' id='word_1_722' title='bbox 2951 4689 3053 4758; x_wconf 85' lang='grc' dir='ltr'><strong>τὴν</strong></span> <span class='ocrx_word' id='word_1_723' title='bbox 3110 4685 3484 4756; x_wconf 82' lang='grc' dir='ltr'><strong>μετακομιδὴν</strong></span> <span class='ocrx_word' id='word_1_724' title='bbox 3532 4683 3866 4754; x_wconf 77' lang='grc' dir='ltr'><strong>ἀμηχάνως,</strong></span> <span class='ocrx_word' id='word_1_725' title='bbox 3916 4685 4000 4737; x_wconf 76' lang='grc' dir='ltr'><strong>καὶ</strong></span> 
     </span>
    </p>
   </div>
   <div class='ocr_carea' id='block_1_102' title="bbox 2439 4778 4000 4851">
    <p class='ocr_par' dir='ltr' id='par_1_102' title="bbox 2439 4778 4000 4851">
     <span class='ocr_line' id='line_1_102' title="bbox 2439 4778 4000 4851; baseline -0.005 -16"><span class='ocrx_word' id='word_1_726' title='bbox 2439 4783 2590 4851; x_wconf 78' lang='grc' dir='ltr'><strong>παρὰ</strong></span> <span class='ocrx_word' id='word_1_727' title='bbox 2639 4783 2800 4835; x_wconf 87' lang='grc' dir='ltr'><strong>τοῦτο</strong></span> <span class='ocrx_word' id='word_1_728' title='bbox 2860 4781 3105 4850; x_wconf 72' lang='grc' dir='ltr'><strong>εἱστήκει</strong></span> <span class='ocrx_word' id='word_1_729' title='bbox 3141 4778 3573 4847; x_wconf 81' lang='grc' dir='ltr'><strong>δυσχεραίνουσα</strong></span> <span class='ocrx_word' id='word_1_730' title='bbox 3626 4778 3754 4829; x_wconf 87' lang='grc' dir='ltr'><strong>καθ’</strong></span> <span class='ocrx_word' id='word_1_731' title='bbox 3788 4779 4000 4844; x_wconf 79' lang='grc' dir='ltr'><strong>ἑαυτὴν,</strong></span> 
     </span>
    </p>
   </div>
   <div class='ocr_carea' id='block_1_103' title="bbox 2435 4871 3999 4944">
    <p class='ocr_par' dir='ltr' id='par_1_103' title="bbox 2435 4871 3999 4944">
     <span class='ocr_line' id='line_1_103' title="bbox 2435 4871 3999 4944; baseline -0.006 -15"><span class='ocrx_word' id='word_1_732' title='bbox 2435 4877 2529 4929; x_wconf 78' lang='grc' dir='ltr'><strong>καὶ</strong></span> <span class='ocrx_word' id='word_1_733' title='bbox 2567 4874 2868 4944; x_wconf 78' lang='grc' dir='ltr'><strong>ἀνιωμένη,</strong></span> <span class='ocrx_word' id='word_1_734' title='bbox 2898 4874 3053 4940; x_wconf 81' lang='grc' dir='ltr'><strong>ἄφνω</strong></span> <span class='ocrx_word' id='word_1_735' title='bbox 3099 4873 3194 4926; x_wconf 82' lang='grc' dir='ltr'><strong>δύο</strong></span> <span class='ocrx_word' id='word_1_736' title='bbox 3243 4871 3390 4934; x_wconf 81' lang='grc' dir='ltr'><strong>τινὲς</strong></span> <span class='ocrx_word' id='word_1_737' title='bbox 3436 4871 3768 4933; x_wconf 83' lang='grc' dir='ltr'><strong>ἐπιστάντες</strong></span> <span class='ocrx_word' id='word_1_738' title='bbox 3822 4871 3999 4938; x_wconf 77' lang='grc' dir='ltr'><strong>ἄνδρες</strong></span> 
     </span>
    </p>
   </div>
   <div class='ocr_carea' id='block_1_104' title="bbox 2437 4963 4001 5037">
    <p class='ocr_par' dir='ltr' id='par_1_104' title="bbox 2437 4963 4001 5037">
     <span class='ocr_line' id='line_1_104' title="bbox 2437 4963 4001 5037; baseline -0.006 -16"><span class='ocrx_word' id='word_1_739' title='bbox 2437 4968 2531 5021; x_wconf 72' lang='grc' dir='ltr'><strong>καὶ</strong></span> <span class='ocrx_word' id='word_1_740' title='bbox 2565 4966 2625 5019; x_wconf 77' lang='grc' dir='ltr'><strong>τὸ</strong></span> <span class='ocrx_word' id='word_1_741' title='bbox 2666 4963 2805 5027; x_wconf 81' lang='grc' dir='ltr'><strong>εἶδος</strong></span> <span class='ocrx_word' id='word_1_742' title='bbox 2855 4965 2949 5015; x_wconf 81' lang='grc' dir='ltr'><strong>καὶ</strong></span> <span class='ocrx_word' id='word_1_743' title='bbox 2974 4963 3066 5016; x_wconf 86' lang='grc' dir='ltr'><strong>τὸν</strong></span> <span class='ocrx_word' id='word_1_744' title='bbox 3122 4963 3324 5034; x_wconf 83' lang='grc' dir='ltr'><strong>τρόπον</strong></span> <span class='ocrx_word' id='word_1_745' title='bbox 3387 4963 3686 5037; x_wconf 60' lang='grc' dir='ltr'><strong>αἰδέσιμοι,</strong></span> <span class='ocrx_word' id='word_1_746' title='bbox 3735 4966 3925 5032; x_wconf 72' lang='grc' dir='ltr'><strong>χεῖρας</strong></span> <span class='ocrx_word' id='word_1_747' title='bbox 3949 4978 4001 5012; x_wconf 80' lang='grc' dir='ltr'><strong>τε</strong></span> 
     </span>
    </p>
   </div>
   <div class='ocr_carea' id='block_1_105' title="bbox 2435 5055 3999 5128">
    <p class='ocr_par' dir='ltr' id='par_1_105' title="bbox 2435 5055 3999 5128">
     <span class='ocr_line' id='line_1_105' title="bbox 2435 5055 3999 5128; baseline -0.003 -17"><span class='ocrx_word' id='word_1_748' title='bbox 2435 5059 2512 5128; x_wconf 80' lang='grc' dir='ltr'><strong>τῷ</strong></span> <span class='ocrx_word' id='word_1_749' title='bbox 2547 5059 2781 5126; x_wconf 63' lang='grc' dir='ltr'><strong>λειψάνῳ</strong></span> <span class='ocrx_word' id='word_1_750' title='bbox 2804 5056 3132 5127; x_wconf 81' lang='grc' dir='ltr'><strong>ὑποσχόντες</strong></span> <span class='ocrx_word' id='word_1_751' title='bbox 3163 5057 3318 5118; x_wconf 73' lang='grc' dir='ltr'><strong>ὁσίας</strong></span> <span class='ocrx_word' id='word_1_752' title='bbox 3362 5059 3458 5108; x_wconf 75' lang='grc' dir='ltr'><strong>καὶ</strong></span> <span class='ocrx_word' id='word_1_753' title='bbox 3490 5055 3654 5107; x_wconf 79' lang='grc' dir='ltr'><strong>τοῦτο</strong></span> <span class='ocrx_word' id='word_1_754' title='bbox 3698 5056 3999 5125; x_wconf 80' lang='grc' dir='ltr'><strong>ἀνελόμενοι</strong></span> 
     </span>
    </p>
   </div>
   <div class='ocr_carea' id='block_1_106' title="bbox 2439 5145 3998 5223">
    <p class='ocr_par' dir='ltr' id='par_1_106' title="bbox 2439 5145 3998 5223">
     <span class='ocr_line' id='line_1_106' title="bbox 2439 5145 3998 5223; baseline -0.003 -19"><span class='ocrx_word' id='word_1_755' title='bbox 2439 5153 2536 5204; x_wconf 79' lang='grc' dir='ltr'><strong>σὺν</strong></span> <span class='ocrx_word' id='word_1_756' title='bbox 2569 5152 2730 5223; x_wconf 66' lang='grc' dir='ltr'><strong>αὐτῇ,</strong></span> <span class='ocrx_word' id='word_1_757' title='bbox 2755 5150 2987 5219; x_wconf 85' lang='grc' dir='ltr'><strong>ἐχόμενα</strong></span> <span class='ocrx_word' id='word_1_758' title='bbox 3020 5150 3116 5217; x_wconf 79' lang='grc' dir='ltr'><strong>τῆς</strong></span> <span class='ocrx_word' id='word_1_759' title='bbox 3147 5149 3353 5208; x_wconf 88' lang='grc' dir='ltr'><strong>πόλεως</strong></span> <span class='ocrx_word' id='word_1_760' title='bbox 3396 5145 3618 5215; x_wconf 84' lang='grc' dir='ltr'><strong>Ῥώμης</strong></span> <span class='ocrx_word' id='word_1_761' title='bbox 3649 5147 3922 5216; x_wconf 81' lang='grc' dir='ltr'><strong>λαμπρῶς</strong></span> <span class='ocrx_word' id='word_1_762' title='bbox 3945 5164 3998 5199; x_wconf 83' lang='grc' dir='ltr'><strong>τε</strong></span> 
     </span>
    </p>
   </div>
   <div class='ocr_carea' id='block_1_107' title="bbox 2439 5239 3997 5309">
    <p class='ocr_par' dir='ltr' id='par_1_107' title="bbox 2439 5239 3997 5309">
     <span class='ocr_line' id='line_1_107' title="bbox 2439 5239 3997 5309; baseline -0.004 -13"><span class='ocrx_word' id='word_1_763' title='bbox 2439 5244 2528 5297; x_wconf 67' lang='grc' dir='ltr'><strong>καὶ</strong></span> <span class='ocrx_word' id='word_1_764' title='bbox 2558 5241 2856 5309; x_wconf 84' lang='grc' dir='ltr'><strong>φιλοτίμως</strong></span> <span class='ocrx_word' id='word_1_765' title='bbox 2905 5240 3216 5296; x_wconf 70' lang='grc' dir='ltr'><strong>κατέθεντο.</strong></span> <span class='ocrx_word' id='word_1_766' title='bbox 3245 5240 3339 5300; x_wconf 82' lang='grc' dir='ltr'><strong>Εἰς</strong></span> <span class='ocrx_word' id='word_1_767' title='bbox 3399 5239 3558 5302; x_wconf 77' lang='grc' dir='ltr'><strong>δόξαν</strong></span> <span class='ocrx_word' id='word_1_768' title='bbox 3605 5239 3748 5291; x_wconf 82' lang='grc' dir='ltr'><strong>Θεοῦ</strong></span> <span class='ocrx_word' id='word_1_769' title='bbox 3806 5240 3997 5304; x_wconf 56' lang='grc' dir='ltr'><strong>Πατρὶς</strong></span> 
     </span>
    </p>
   </div>
   <div class='ocr_carea' id='block_1_108' title="bbox 2441 5322 3997 5404">
    <p class='ocr_par' dir='ltr' id='par_1_108' title="bbox 2441 5322 3997 5404">
     <span class='ocr_line' id='line_1_108' title="bbox 2441 5322 3997 5404; baseline -0.008 -16"><span class='ocrx_word' id='word_1_770' title='bbox 2441 5337 2535 5388; x_wconf 69' lang='grc' dir='ltr'><strong>καὶ</strong></span> <span class='ocrx_word' id='word_1_771' title='bbox 2568 5334 2772 5404; x_wconf 77' lang='grc' dir='ltr'><strong>Κυρίου</strong></span> <span class='ocrx_word' id='word_1_772' title='bbox 2851 5330 3020 5400; x_wconf 87' lang='grc' dir='ltr'><strong>Ἰησοῦ</strong></span> <span class='ocrx_word' id='word_1_773' title='bbox 3052 5329 3311 5399; x_wconf 79' lang='grc' dir='ltr'><strong>Χριστοῦ,</strong></span> <span class='ocrx_word' id='word_1_774' title='bbox 3340 5328 3459 5399; x_wconf 82' lang='grc' dir='ltr'><strong>μεθ’</strong></span> <span class='ocrx_word' id='word_1_775' title='bbox 3506 5322 3568 5382; x_wconf 77' lang='grc' dir='ltr'><strong>οῦ</strong></span> <span class='ocrx_word' id='word_1_776' title='bbox 3612 5330 3779 5399; x_wconf 81' lang='grc' dir='ltr'><strong>τιμὴ,</strong></span> <span class='ocrx_word' id='word_1_777' title='bbox 3812 5330 3997 5396; x_wconf 69' lang='grc' dir='ltr'><strong>κράτος</strong></span> 
     </span>
    </p>
   </div>
   <div class='ocr_carea' id='block_1_109' title="bbox 2443 5417 3993 5495">
    <p class='ocr_par' dir='ltr' id='par_1_109' title="bbox 2443 5417 3993 5495">
     <span class='ocr_line' id='line_1_109' title="bbox 2443 5417 3993 5495; baseline -0.005 -16"><span class='ocrx_word' id='word_1_778' title='bbox 2443 5417 2700 5495; x_wconf 73' lang='grc' dir='ltr'><strong>σὺνὰγίῴ</strong></span> <span class='ocrx_word' id='word_1_779' title='bbox 2742 5423 3021 5492; x_wconf 72' lang='grc' dir='ltr'><strong>Πνεῦματι</strong></span> <span class='ocrx_word' id='word_1_780' title='bbox 3066 5424 3143 5485; x_wconf 79' lang='grc' dir='ltr'><strong>εἰς</strong></span> <span class='ocrx_word' id='word_1_781' title='bbox 3174 5422 3298 5486; x_wconf 67' lang='grc' dir='ltr'><strong>τοὺς</strong></span> <span class='ocrx_word' id='word_1_782' title='bbox 3358 5420 3561 5483; x_wconf 87' lang='grc' dir='ltr'><strong>αίῶνας</strong></span> <span class='ocrx_word' id='word_1_783' title='bbox 3616 5420 3729 5473; x_wconf 85' lang='grc' dir='ltr'><strong>τῶν</strong></span> <span class='ocrx_word' id='word_1_784' title='bbox 3780 5419 3993 5473; x_wconf 70' lang='grc' dir='ltr'><strong>αἰώνων.</strong></span> 
     </span>
    </p>
   </div>
   <div class='ocr_carea' id='block_1_110' title="bbox 2455 5519 2646 5588">
    <p class='ocr_par' dir='ltr' id='par_1_110' title="bbox 2455 5519 2646 5588">
     <span class='ocr_line' id='line_1_110' title="bbox 2455 5519 2646 5588; baseline 0 -17"><span class='ocrx_word' id='word_1_785' title='bbox 2455 5523 2508 5571; x_wconf 77' lang='grc' dir='ltr'><strong>Ἀ</strong></span> <span class='ocrx_word' id='word_1_786' title='bbox 2521 5519 2646 5588; x_wconf 82' lang='grc' dir='ltr'><strong>μήν.</strong></span> 
     </span>
    </p>
   </div>
  </div>
