4198 6312
716 336 843 398 1311

2004 335 2289 398 MENSIS
2334 333 2703 404 OCTOBER.

3836 353 3969 418 13ιῖ

708 453 874 505 etiam
905 450 1217 506 alimentum
1245 463 1595 521 aegrotorum,
1631 469 1744 508 non
1779 453 1949 508 solum
1982 452 2147 521 gratis
2189 463 2279 501 cu-

2402 452 2620 516 τρσξὰς.
2655 456 2754 509 οὐκ
2788 457 3054 528 ἀμίσθους
3097 461 3256 528 μόνον
3290 461 3386 524 τὰς
3422 461 3723 532 θεραπείας
3778 467 3968 528 ποιῶν,

711 559 858 604 rans,
911 543 1004 597 sed
1054 545 1217 598 etiam
1273 561 1397 598 cum
1448 546 1731 600 curatione
1785 545 2031 613 praebens
2081 554 2287 594 merce-

708 637 854 689 dern.
894 635 1038 690 Talis
1077 638 1294 706 quidem
1343 649 1726 694 sacrosanctus
1777 637 2049 691 Zenobius
2098 634 2288 703 obtigit

707 729 937 784 Cilicum
991 731 1217 800 regioni,
1247 748 1354 800 quo
1403 742 1647 801 tempore
1694 734 1987 800 imperator
2018 729 2290 782 Romano-

711 841 830 878 rum
870 825 1085 878 deditus
1117 826 1426 880 simulacris
1459 835 1512 880 et
1543 827 1718 894 impiae
1744 842 1806 879 ac
1839 825 1983 878 falsae
2019 821 2290 893 religioni,

711 929 957 976 mortuus
987 932 1070 971 ρει
1105 919 1155 970 in
1197 919 1378 985 impiis
1417 919 1786 987 dogmatibus.
1847 919 1952 973 Sed
1999 917 2142 970 illius
2175 917 2294 984 qui-

713 1008 834 1060 dem
872 1018 974 1060 tam
1011 1009 1245 1078 imperii,
1286 1027 1447 1080 quam
1495 1011 1694 1064 furoris
1727 1013 1780 1064 in
1817 1011 2177 1070 Christianos,
2207 1024 2294 1061 re-

711 1098 874 1153 lictus
938 1111 1022 1154 est
1074 1103 1248 1155 h:eres
1303 1105 1686 1158 Diocletianus.
1741 1103 1934 1157 Statim
1980 1113 2158 1154 autem
2196 1101 2294 1170 Ly-

711 1191 844 1244 siam
896 1193 1120 1259 prmlicit
1173 1194 1395 1260 Ciliciae,
1444 1197 1534 1259 qui
1569 1207 1620 1248 et
1667 1197 1735 1248 ad
1777 1195 2130 1248 cruciandum
2177 1203 2293 1247 erat

711 1284 1166 1348 violentissimus,
1204 1297 1256 1340 et
1287 1291 1349 1342 ad
1378 1286 1726 1341 alliciendum
1759 1289 2034 1340 blanditiis
2065 1288 2294 1340 maxima

712 1374 764 1428 vi
794 1377 1070 1442 praeditus.
1109 1379 1198 1432 Ille
1230 1389 1411 1431 autem
1445 1395 1567 1432 cum
1601 1380 1842 1432 venisset
1887 1379 1951 1432 ad
1996 1378 2164 1444 Mopsi
2210 1393 2298 1429 ur-

712 1466 834 1519 bem
873 1470 1071 1522 excitat
1121 1475 1558 1538 persecutionem
1611 1474 1874 1526 adversus
1933 1473 2293 1536 Christianos,

713 1573 942 1626 eamque
973 1563 1369 1629 graviSsimam,
1401 1574 1452 1617 et
1510 1566 1742 1618 maxime
1790 1564 2123 1618 horribilem.
2165 1564 2299 1616 Tres

712 1661 894 1704 autem
947 1669 1174 1708 numero
1222 1657 1616 1716 adolescentes.
1659 1657 1939 1722 Claudius,
1974 1659 2220 1712 Asterius
2247 1668 2299 1711 et

713 1741 887 1794 Neon.
931 1744 1150 1796 lucrum
1185 1747 1347 1799 etiam
1383 1749 1599 1801 exerciti
1637 1748 1688 1800 in
1733 1749 1820 1803 illa
1867 1750 2248 1819 persecutione
2284 1769 2294 1804 :

713 1845 850 1900 quos
883 1835 1004 1888 tulit
1039 1838 1254 1904 quidem
1304 1837 1533 1901 Isauria,
1587 1841 1870 1898 Larandus
1923 1855 2104 1897 autem
2149 1859 2301 1896 cater-

714 1927 849 1980 euit.
889 1928 924 1979 li
959 1931 1103 1982 enim
1139 1946 1166 1982 a
1202 1931 1355 2001 Lysia
1403 1935 1824 1988 vehementibus
1853 1945 1908 1988 et
1948 1936 2132 1989 multis
2175 1937 2302 1989 Sub-

711 2017 844 2088 jerti
877 2022 1234 2085 cruciatibus,
1279 2025 1331 2076 in
1381 2039 1600 2078 crucem
1634 2029 1737 2078 acti
1770 2039 1916 2078 (ιλιι-ι]
1971 2042 2175 2091 muros,
2211 2045 2300 2080 su-

717 2109 938 2162 bierunt
974 2124 1202 2166 mortem
1241 2115 1610 2169 maleticorum
1648 2133 1658 2167 :
1708 2133 1895 2170 eorum
1951 2130 2131 2172 autem
2183 2135 2303 2172 cor-

719 2215 849 2266 pora
886 2201 1124 2269 projecta
1157 2212 1282 2255 sunt
1312 2204 1623 2259 det-oranda
1657 2223 1683 2259 a
1713 2207 1842 2261 fet'is
1871 2218 1922 2262 et
1967 2209 2300 2262 volucribus.

717 2291 782 2342 Et
823 2293 1008 2362 Lysias
1058 2297 1278 2361 quidem
1319 2297 1478 2352 talem
1521 2301 1847 2354 ostendebat
1891 2301 2158 2354 insaniam
2207 2301 2304 2353 ad-

715 2399 910 2437 versus
949 2385 1309 2442 Christianos.

788 2476 884 2529 lll.
925 2477 1188 2547 Egregius
1242 2481 1405 2550 igitur
1433 2481 1709 2536 Zenobius
1744 2499 1867 2537 cum
1918 2485 1971 2537 in
2009 2494 2154 2538 tanta
2193 2483 2305 2537 vir-

719 2575 838 2620 tute
895 2571 1058 2622 vitam
1115 2573 1338 2639 egiSSet,
1387 2587 1438 2627 et
1487 2575 1670 2629 divina
1727 2577 2057 2630 rex-elatione
2099 2575 2304 2629 Christi

721 2677 936 2731 gregem
980 2666 1304 2730 pascendam
1357 2669 1711 2736 suscepisset,
1759 2680 1811 2724 et
1865 2670 2066 2724 Cilicia:
2113 2670 2307 2726 fuisset

720 2764 938 2809 creatus
991 2755 1306 2824 cpiscopus,
1361 2759 1413 2811 in
1468 2771 1748 2828 posterum
1810 2762 1972 2816 etiam
2031 2764 2305 2832 duplicem

724 2850 964 2900 OSlcttdil
993 2851 1330 2904 curationem
1361 2869 1374 2917 ;
1408 2865 1464 2907 ut
1494 2855 1584 2921 qtti
1620 2870 1724 2907 non
1754 2856 1927 2908 solum
1961 2858 2306 2924 corporibus,

727 2940 822 2993 sed
885 2942 1047 2995 etiam
1125 2947 1322 2997 animis
1376 2953 1707 3009 mederetur,
1763 2958 1817 3001 et
1870 2949 1956 2999 illa
2007 2950 2224 3016 quidem
2281 2966 2311 3004 a

723 3035 950 3097 morbis,
984 3037 1078 3088 has
1115 3051 1241 3091 vero
1270 3038 1526 3095 liberaret
1567 3043 1636 3094 ab
1683 3041 1980 3109 impietate.
2017 3042 2152 3098 lline
2179 3044 2311 3099 dici-

2395 542 2529 595 ἀλλὰ
2561 547 2654 597 καὶ
2691 548 2918 614 μισθοὺς
2969 551 3172 619 μᾶλλον
3204 554 3301 605 σὺν
3331 554 3516 617 αὐτοῖς
3568 559 3964 625 παρεχόμεῆς.

2396 634 2650 690 Τοιοῦτον
2678 639 2738 708 δή
2781 657 2899 693 τινα
2927 642 3015 694 τὸν
3052 643 3200 710 ἱερὸν
3237 645 3491 713 Ζηνόῦιον
3519 649 3691 715 τῶν
3733 649 3970 700 Κιλίκων

2397 728 2712 799 κεκλήρωτο
2743 732 2865 784 καθ’
2889 733 2915 784 ὃ
2947 734 3136 800 καιροῦ
3166 737 3259 788 καὶ
3289 739 3316 788 ό
3351 739 3448 806 τῆς
3487 737 3778 806 Ῥωμαίων
3801 742 3968 810 ἀρχῆς

2397 819 2756 890 αὐτοκράτωρ
2786 824 3024 887 εἰδώλοις
3057 828 3430 895 προσανέχων.
3465 830 3560 880 καὶ
3612 834 3678 898 τῇ
3725 832 3974 883 δυσσεόεῖ

2399 905 2666 979 θρησκεία
2706 914 3118 978 προστετηκὼς,
3153 919 3264 978 τοῖς
3298 918 3565 985 ὀλεθρίοις
3627 924 3967 975 συναπέθανε

2395 999 2680 1068 δόγμασιν.
2707 1004 2847 1056 Ἀλλ’
2875 1007 3084 1058 ἐκείνου
3128 1010 3226 1076 μὲν
3269 1009 3600 1079 κληρονόμος
3621 1012 3731 1064 τῶν
3754 1031 3812 1065 τε
3840 1016 3970 1084 σκή-

2398 1109 2582 1161 πτρων
2611 1098 2702 1148 καὶ
2739 1097 2839 1166 τῆς
2869 1101 3011 1150 κατὰ
3047 1101 3391 1170 Χριστιανῶν
3415 1103 3616 1172 λύσσης
3649 1105 3965 1174 Διοκλητιαο

2396 1186 2484 1248 νὸς
2518 1189 2929 1245 καταλείπεται.
2969 1193 3177 1246 Λυσίαν
3205 1193 3260 1246 δὲ
3289 1197 3631 1265 παραχρῆμα
3650 1201 3968 1267 τιμωρῆσα-

2399 1277 2520 1329 σθαί
2557 1296 2611 1331 τε
2649 1280 2953 1349 βιαιότατον
2975 1287 3069 1337 καὶ
3102 1285 3366 1350 θωπείαις
3397 1289 3782 1356 ὑπαγαγέσθαι
3810 1291 3970 1343 δεινόο

2397 1387 2557 1423 τατον
2613 1377 2710 1440 τῆς
2768 1377 3002 1430 Κιλίκων
3062 1380 3301 1450 ἔπαρχον
3349 1383 3775 1452 προχειρίζεται.
3812 1385 3870 1436 'O
3915 1384 3965 1436 δὲ

2399 1463 2494 1530 τὴν
2523 1466 2710 1534 Μόψου
2762 1469 3085 1523 καταλαϐὼν
3123 1473 3361 1542 διωγμὸν
3406 1476 3612 1541 ἐγείρει
3670 1479 3810 1529 κατὰ
3841 1480 3970 1546 Χριφ

2403 1557 2654 1619 στιανῶν,
2682 1561 2774 1611 καὶ
2802 1560 3059 1628 διωγμῶν
3095 1565 3185 1616 τὸν
3216 1566 3656 1632 φρικωδέστατον
3686 1570 3777 1618 καί
3806 1568 3969 1636 βαρύ-

2399 1661 2579 1709 τατον,
2619 1649 2779 1717 ἔργον
2831 1651 3043 1704 ἐκείνου
3083 1653 3177 1705 τοῦ
3236 1653 3506 1722 διωγμοῦ,
3546 1655 3640 1704 καὶ
3680 1658 3828 1722 τρεῖς
3884 1657 3972 1706 τὸν

2401 1738 2631 1806 ἀριθμὸν
2656 1743 2966 1795 νεανίσκοι·
3003 1745 3288 1810 Κλαύδιος,
3332 1746 3632 1814 Ἀστέριος,
3674 1745 3853 1805 Νέων,
3881 1748 3969 1810 οὒς

2416 1829 2653 1899 Ἰσαυρία
2688 1834 2785 1900 μὲν
2816 1835 3038 1904 ἤνεγκε,
3073 1838 3351 1906 Λαρανδὶις
3402 1838 3458 1891 δὲ
3520 1840 3783 1907 ἤσκησεν.
3819 1835 3973 1892 Οὗτοι

2404 1921 2626 1986 πολλαῖς
2647 1927 2750 1978 ὑπὸ
2777 1929 2978 1980 Λυσίου
3001 1933 3095 1982 καὶ
3115 1933 3375 2000 σφοδραῖς
3423 1933 3503 1984 ὅτι
3531 1935 3656 1992 ταῖς
3687 1935 3976 2001 τιμωρίαις

2405 2012 2802 2082 ὑποϐληθέντες
2863 2020 3081 2089 σταυρῷ
3135 2023 3586 2090 προσηλωθὲντες
3639 2022 3745 2087 ἔξω
3785 2025 3978 2092 τειχῶν

2402 2107 2492 2158 τὸν
2541 2107 2647 2159 τῶν
2704 2110 3028 2181 κακούργων
3097 2114 3412 2182 ὑπέστησαν
3486 2115 3761 2167 θάνατον·
3805 2117 3870 2166 τα
3926 2115 3979 2167 δᾶ

2404 2200 2611 2252 τούτων
2665 2202 2892 2270 σώματα
2946 2205 3157 2274 θηρίοις
3208 2211 3302 2259 καὶ
3340 2212 3610 2270 πετεινοῖς
3670 2210 3749 2271 εἰς
3805 2211 3982 2276 πυρὰν

2407 2292 2697 2360 προετέθη.
2756 2294 2864 2345 Καὶ
2901 2295 3108 2358 Λυσίας
3149 2296 3248 2365 μὲν
3286 2299 3348 2368 δὴ
3390 2300 3652 2371 τοιαύτην
3682 2299 3824 2353 κατὰ
3853 2300 3984 2369 Χρι-

2408 2385 2639 2436 στιανῶν
2672 2385 3019 2442 ἐπεδείκνυτο
3049 2389 3146 2460 τὴν
3181 2392 3396 2460 μανίαν.

2477 2475 2550 2528 Γ¹.
2587 2478 2841 2548 Ζηνόϐιος
2888 2481 2944 2533 δὲ
2977 2483 3004 2534 ὁ
3040 2482 3223 2546 καλὸς,
3253 2486 3308 2535 ἐν
3345 2486 3511 2553 ἀρετῇ
3545 2487 3794 2555 τοσαύτῃ
3829 2485 3979 2536 πολι·

2407 2572 2738 2640 τευσάμενος
2790 2575 2882 2626 καὶ
2917 2575 2978 2626 τὸ
3009 2576 3102 2628 τοῦ
3134 2577 3374 2643 Χριστοῦ
3427 2576 3682 2642 ποίμνιον
3712 2576 3984 2629 ἀποκαλέ-

2407 2665 2500 2732 est
2563 2664 2684 2732 θείᾳ
2740 2667 3118 2735 παρειληφὼς,
3202 2666 3502 2730 ἐπίσκοπος
3576 2669 3674 2736 τῆς
3746 2671 3982 2723 Κιλίκων

2411 2757 2773 2824 ἀναδειχθεὶς,
2824 2757 3021 2828 διπλῆν
3067 2759 3147 2819 εἰς
3200 2761 3261 2811 τὸ
3322 2759 3446 2828 ἑξῆς
3490 2761 3840 2814 ἐπεδείκνυτο
3888 2764 3981 2831 τὴν

2415 2846 2752 2916 θεραπείαν·
2801 2849 2862 2902 οὐ
2930 2849 3158 2919 σώματα
3219 2851 3400 2920 μόνον,
3465 2851 3602 2904 ἀλλα
3663 2856 3754 2904 καὶ
3810 2853 3980 2921 ψυχὰς

2416 2940 2698 3007 ἰατρεύων,
2728 2944 2823 2995 καὶ
2858 2946 2924 2997 τὰ
2987 2947 3088 3010 μὲν
3118 2946 3468 3014 νοσημάτων,
3509 2945 3607 3007 τὰς
3633 2944 3691 2997 δὲ
3727 2946 3974 3008 ἀσεϐείας

2412 3031 2734 3102 ἐλευθερῶν.
2775 3032 3055 3084 Ἐντεῦθεν
3087 3033 3249 3085 Ἰνδοῦ
3277 3051 3421 3097 τινος
3452 3035 3722 3102 φιλαρχου
3755 3034 3978 3099 σύζυγον

727 3133 814 3178 tur
850 3126 965 3180 indi
1011 3131 1290 3198 cujusdam
1337 3133 1573 3199 praefecti
1627 3124 1912 3206 conjugem
1948 3136 2205 3190 incidisse
2249 3138 2300 3190 in

2411 3121 2562 3190 κακῴ
2599 3139 2704 3173 τινι
2735 3121 2958 3188 λέγεται
2996 3121 3260 3189 βληθῆναι
3293 3123 3404 3176 τῶν
3457 3125 3801 3193 ἀνηκέστων.
3835 3121 3907 3176 Τὸ
3931 3125 3979 3176 δὲ

727 3218 975 3269 morbum
1006 3220 1483 3274 immedicabilem.
1526 3226 1572 3274 ls
1601 3235 1782 3275 autem
1817 3236 1933 3278 erat
1967 3237 2183 3282 cancer.
2219 3228 2308 3294 qui

726 3309 778 3359 in
817 3311 1130 3364 interiorem
1172 3323 1379 3382 partem
1416 3316 1657 3368 thoracis
1700 3316 2046 3372 incubuerat.
2089 3319 2314 3389 Propter

725 3418 886 3469 quem
917 3415 1256 3474 congregata.-
1289 3420 1479 3462 omnes
1517 3425 1710 3464 manus
1743 3412 2105 3479 medicorum,
2137 3424 2310 3467 artes-

726 3509 833 3562 que
883 3506 938 3549 et
974 3498 1368 3554 medii-amenta
1422 3513 1640 3557 ostensa
1697 3515 1824 3556 sunt
1874 3505 1946 3555 illi
1988 3506 2174 3556 morbo
2222 3519 2314 3557 ce-

729 3588 877 3639 dere.
914 3588 1108 3644 Uxoris
1139 3607 1268 3660 ergo
1301 3593 1473 3644 vicem
1509 3594 1700 3647 dolens
1737 3593 1918 3656 Indus,
1951 3602 2004 3647 et
2038 3595 2308 3649 undenam

732 3678 865 3727 tanti
916 3679 1041 3729 mali
1100 3681 1367 3733 inveniret
1435 3683 1760 3735 solutionem
1831 3685 2118 3750 diligenter
2190 3702 2313 3752 per-

735 3777 1017 3824 scrutans.
1055 3784 1083 3822 a
1118 3770 1349 3838 qttotlam
1402 3782 1702 3826 mercatore
1728 3776 1933 3842 acCepit
1965 3773 2031 3829 de
2055 3774 2313 3843 Zenobio,

734 3875 857 3912 eum
888 3863 1085 3916 multos
1116 3880 1309 3918 curare
1335 3876 1565 3934 aegrotos
1597 3866 1710 3918 solo
1745 3867 1908 3920 verbo
1951 3878 2006 3920 et
2057 3885 2311 3921 manuum

735 3953 1098 4021 impo<itioue.
1138 3958 1227 4008 Ille
1256 3967 1433 4008 autem
1466 3959 1646 4010 statim
1695 3957 1832 4023 nihil.
1866 3969 2174 4025 cunctatus,
2223 3962 2318 4015 sed

734 4049 915 4100 statim
944 4063 1067 4100 cum
1097 4049 1325 4119 conjuge
1357 4059 1411 4103 et
1441 4050 1626 4104 liberis
1682 4052 1785 4106 iter
1830 4054 2132 4124 ingressus,
2169 4056 2321 4110 venit

737 4138 921 4208 /F.gas.
957 4139 1103 4214 Talis
1133 4143 1278 4195 enim
1313 4152 1414 4200 est.
1454 4145 1542 4210 qui
1584 4145 1856 4215 afﬂigitur,
1888 4149 2125 4208 animus.
2170 4155 2225 4201 et
2254 4149 2320 4202 ad

739 4232 815 4291 id.
873 4233 1014 4300 quod
1064 4235 1300 4287 audierit
1352 4236 1761 4303 exsequendum
1839 4239 2138 4295 acerrimus
2197 4256 2323 4311 pro~

746 4334 869 4392 pter
898 4342 1049 4392 spem
1102 4327 1381 4380 meliorem
1441 4328 1728 4382 libertatis.
1760 4328 1892 4382 Cum
1922 4331 2047 4384 illuc
2075 4347 2200 4401 ergo
2233 4349 2324 4385 vc-

741 4419 931 4482 nisset,
963 4419 1184 4486 rogabat
1210 4423 1275 4475 de
1321 4421 1584 4484 Zenobio,
1631 4423 1848 4476 ubinam
1889 4436 2052 4488 esset,
2087 4437 2140 4479 et
2181 4427 2322 4495 apud

741 4530 902 4582 quem
935 4512 1192 4584 degeret;
1223 4526 1276 4570 et
1310 4534 1472 4571 omne
1512 4521 1750 4586 ponebat
1792 4521 2056 4585 studium,
2097 4531 2154 4574 ttt
2195 4537 2318 4575 eum

742 4607 972 4659 videret.
1013 4606 1146 4660 Cum
1194 4609 1296 4660 hoc
1333 4620 1513 4661 autem
1548 4613 1707 4662 modo
1758 4626 1816 4663 se
1868 4611 2090 4663 haberet
2137 4612 2318 4677 Indus,

743 4711 797 4753 et
830 4709 934 4752 tam
971 4702 1145 4770 magni
1180 4700 1382 4753 faceret
1414 4698 1562 4755 illum
1595 4704 1799 4766 videre,
1837 4702 1882 4755 ei
1915 4713 2132 4772 apparet
2167 4705 2322 4770 visio,

742 4808 862 4860 quae
893 4795 942 4846 ei
974 4809 1118 4853 vere,
1152 4803 1206 4846 et
1258 4811 1363 4846 non
1421 4786 1474 4845 in
1526 4797 1750 4859 somnis,
1800 4797 2025 4866 iubebat
2065 4798 2326 4852 aceetlere

742 4889 807 4938 ad
843 4884 1128 4937 ecclesiam
1173 4885 1610 4939 Christianorum
1647 4905 1658 4939 :
1691 4891 1744 4939 In
1800 4903 1861 4939 ea
1909 4889 2075 4952 enim,
2125 4890 2324 4956 iuqttit,

747 4978 992 5031 invenies
1023 4994 1165 5039 eum,
1206 4994 1366 5046 quem
1399 4979 1616 5046 quteris.
1651 4979 1785 5032 Cum
1823 4981 1868 5034 is
1899 4996 2027 5049 ergo
2056 4983 2324 5034 surrexis-

748 5082 850 5130 set.
889 5088 1012 5125 cum
1060 5088 1228 5126 uxore
1275 5073 1458 5125 statim
1506 5074 1654 5125 venit
1685 5073 1750 5126 ad
1787 5075 2065 5142 templum.
2107 5073 2169 5126 Et
2203 5089 2325 5124 ctttu

750 5168 802 5217 itt
833 5182 896 5216 eo
927 5164 1263 5218 invenissent
1299 5175 1544 5218 sanctum
1573 5174 1805 5219 stantem
1840 5166 1893 5219 in
1927 5166 2106 5220 medio
2139 5165 2329 5218 multi-

753 5257 979 5313 tudinis.
1016 5268 1070 5310 et
1100 5273 1163 5311 ex
1210 5273 1302 5311 ore
1335 5275 1434 5312 suo
1467 5259 1810 5313 emittentem
1845 5260 2108 5314 doctrina:
2149 5260 2329 5314 fontes

750 5345 1123 5402 suavissimos.
1155 5347 1376 5401 dimotis
1418 5347 1506 5412 iis,
1540 5353 1630 5416 qui
1666 5350 2162 5414 circumsistebant,
2207 5365 2331 5420 Spe-

749 5441 931 5495 ciosos
966 5442 1106 5493 illius
1150 5442 1338 5511 pedes,
1383 5453 1438 5494 et
1482 5443 1620 5497 bona
1665 5460 1849 5497 revera
1905 5446 2331 5516 evangelizantis

752 5533 1135 5589 ardentissime
1189 5537 1595 5605 apprehensant
1648 5538 1956 5606 supplices,
2018 5540 2335 5593 misericor—

755 5627 990 5696 dcmque
1037 5637 1092 5683 et
1138 5628 1462 5682 clementem
1503 5629 1644 5682 illam
1679 5631 1917 5684 animam
1953 5641 2110 5684 orant
2149 5641 2202 5685 et
2235 5631 2333 5684 ob-

758 5734 974 5774 secrant
1007 5729 1119 5774 uta
1156 5723 1296 5776 malo
1346 5723 1665 5778 liberentur.
1711 5723 1842 5777 Nam
1899 5727 2000 5777 etsi
2041 5723 2090 5776 in
2146 5723 2333 5777 uxoris

766 5813 985 5870 thorace
1068 5815 1267 5870 inesset
1340 5817 1580 5883 morbus,
1670 5818 1844 5873 mariti
1898 5821 2072 5876 tamen
2164 5819 2333 5872 multo

2415 3213 2518 3282 ἄρα
2558 3216 2820 3282 καρκῖνος
2853 3209 2922 3284 ἦν
2978 3215 3247 3267 ἐνδοτάτω
3291 3215 3384 3267 τοῦ
3417 3216 3667 3284 θώρακος
3701 3223 3980 3289 κατασκή-

2413 3305 2542 3375 ψας.
2590 3305 2707 3376 Ἐφ’
2731 3299 2774 3374 ᾦ
2813 3309 2984 3360 πᾶσαι
3015 3309 3108 3360 καὶ
3141 3311 3322 3377 χεῖρες
3347 3311 3548 3378 ἰατρῶν
3592 3311 3982 3378 ἀθροισθείσαι,

2413 3401 2505 3451 καὶ
2534 3399 2717 3468 τέχναι
2751 3402 2845 3453 καὶ
2879 3401 3166 3467 φάρμακα,
3199 3401 3428 3468 δεύτερα
3460 3404 3637 3456 πάντα
3663 3405 3759 3456 τοῦ
3793 3405 3985 3466 πάθους

2415 3490 2730 3558 ἠλέγχοντο.
2781 3489 3106 3558 ’Λχθὸμενος
3162 3487 3255 3542 οῦν
3317 3495 3443 3561 περὶ
3498 3496 3597 3562 τῆς
3660 3498 3914 3560 γυναικὸς
3962 3501 3987 3550 ὁ

2431 3581 2608 3646 Ἰνδὸς,
2646 3582 2740 3636 καὶ
2768 3582 2887 3636 ὅθεν
2921 3585 2984 3638 ἂν
3038 3584 3182 3638 ἔλθοι
3230 3585 3550 3656 τηλικούτου
3601 3587 3776 3640 κακοῦ
3841 3589 3985 3651 λύσις

2421 3677 2723 3744 φιλοπόνως
2781 3678 3110 3747 ἀνερευνῶν,
3164 3679 3424 3746 μανθάνει
3482 3681 3637 3750 παρά
3688 3700 3837 3746 τινος
3888 3681 3985 3734 τῶν

2419 3770 2676 3840 ἐμπόρων
2709 3769 2776 3822 τὰ
2808 3772 2936 3836 περὶ
2995 3771 3276 3840 Ζηνοϐίου,
3337 3774 3429 3822 καὶ
3483 3775 3564 3826 ὅτι
3621 3775 3853 3839 πολλοὺς
3891 3777 3989 3827 τῶν

2419 3863 2721 3915 νοσούντων
2752 3863 2898 3919 ἰᾶται
2935 3866 3140 3933 ῥήματι
3176 3863 3325 3934 μόνῳ
3365 3863 3460 3915 καὶ
3500 3866 3700 3932 χειρῶν
3732 3868 3988 3922 ἐπιθέσει.

2423 3959 2532 4011 Καὶ
2567 3958 2623 4021 ὃς
2669 3959 2868 4012 αὐτίκα
2909 3961 3150 4029 μελήσας
3201 3960 3356 4012 οὐδὲν
3414 3960 3524 4012 οὐδ’
3570 3963 3990 4032 ἀναϐαλόμενος,

2423 4050 2538 4102 ἀλλ’
2561 4051 2634 4112 ὡς
2654 4047 2801 4120 εἶχεν
2825 4050 2987 4113 εὐθὺς
3012 4052 3124 4119 ἅμα
3151 4053 3370 4123 συζύγῳ
3398 4056 3489 4106 καὶ
3515 4053 3752 4117 τέκνοις,
3778 4058 3992 4123 πορείας

2425 4141 2722 4212 ἁψάμενος,
2755 4144 2812 4195 ὲν
2861 4145 3050 4210 Αἰγαῖς
3081 4144 3311 4210 γίνεται.
3355 4142 3612 4197 Τοιοῦτον
3641 4145 3752 4216 γὰρ
3813 4147 3992 4210 πιεζο-

2427 4237 2561 4304 μένη
2602 4234 2774 4302 ψυχὴ,
2807 4235 2900 4286 καὶ
2936 4233 3123 4302 οὕτως,
3166 4238 3363 4290 ἁνύσαι
3418 4238 3478 4290 τὸ
3547 4239 3820 4292 ἀκουσθὲν
3881 4240 3994 4303 65,-1-

2424 4329 2562 4394 τὰτη
2614 4325 2678 4377 δι’
2730 4325 2919 4377 ἐλπίδα
2995 4328 3368 4395 χρηστοτέραν
3405 4328 3741 4398 ἐλευθερίας.
3793 4331 3994 4383 Ἐκεῖσε

2424 4417 2607 4470 τοίνυν
2637 4417 2951 4486 γενόμενος,
2992 4417 3330 4471 ἐπυνθάνετο
3384 4420 3510 4488 περὶ
3539 4421 3829 4486 Ζηνοείου,
3899 4423 3991 4475 πιῦ

2429 4517 2535 4582 ἄρα
2582 4510 2675 4562 καὶ
2726 4513 2782 4562 ἐν
2818 4512 2958 4574 τίνος
3013 4511 3096 4580 εἴη
3138 4509 3360 4578 διάγων,
3419 4512 3513 4562 καὶ
3575 4513 3816 4583 σπουδὴν
3862 4514 3997 4564 ἑποι-

2429 4607 2539 4658 εῖτο
2605 4607 2784 4658 πᾶσαν
2839 4605 2980 4658 ὥστε
3052 4605 3142 4656 τὸν
3195 4605 3364 4660 ἄνδρα
3414 4605 3735 4659 θεάσασθαι.
3813 4607 3997 4660 Τοῦτον

2427 4699 2482 4750 δὲ
2520 4698 2610 4750 τὸν
2631 4699 2829 4769 τρόπον
2857 4699 3034 4768 ἔχοντι
3061 4696 3142 4768 τῷ
3178 4697 3346 4765 Ἰνδῷ,
3408 4695 3500 4747 καὶ
3533 4697 3674 4750 οὕτω
3703 4699 3802 4767 τὴν
3869 4702 3999 4750 Exsi-

2429 4810 2520 4844 νου
2596 4793 2724 4846 θέαν
2831 4794 2960 4860 περὶ
3029 4791 3222 4845 πολλοῦ
3322 4791 3630 4860 ποιουμένῳ
3714 4794 3995 4859 ἐφίσταται

2429 4882 2550 4951 ὄψις
2581 4881 2728 4950 αὖτῷ
2763 4882 2947 4949 σαφῶς
3005 4881 3151 4949 ὕπαρ
3183 4881 3280 4932 οὐκ
3323 4881 3456 4948 δναρ
3495 4883 3831 4934 καταλαϐεῖν
3885 4889 3998 4935 ἐπι-

3052 4605 3142 4656 τδν
3195 4605 3364 4672 ἄνδρα
3414 4603 3735 4659 θεάσασθαι.

2432 4978 2753 5044 σκήπτουσα
2802 4977 2900 5044 τὴν
2981 4976 3087 5028 τῶν
3144 4974 3488 5044 Χριστιανῶν
3523 4977 3858 5046 ἐκκλησίαν·
3923 4980 4002 5030 Ἐν

2432 5069 2569 5136 αὐτῇ
2619 5069 2746 5136 γὰρ.

2433 5162 2739 5225 Διαναστὰς
2787 5163 2969 5214 τοίνυν
3020 5154 3193 5224 οὗτος,
3235 5161 3455 5214 ἄπεισιν
3511 5162 3676 5222 εὐθὺς
3738 5168 3878 5232 μετὰ
3915 5167 4002 5232 τῆς

2822 5071 2978 5136 φησι,
3029 5069 3122 5120 καὶ
3184 5068 3482 5137 περιτύχῃς
3532 5068 3609 5136 τῷ
3667 5069 4000 5140 ζητουμένῳ.

2433 5258 2694 5320 γυναικὸς
2726 5257 2873 5325 παρὰ
2910 5256 3002 5306 τὸν
3035 5257 3178 5308 ναόν.
3215 5257 3323 5306 Καὶ
3353 5257 3443 5307 τὸν
3478 5255 3635 5319 ἅγιον
3668 5257 3922 5325 εὑρόντες
3951 5258 3999 5306 ἐν

2435 5348 2582 5416 αὐτῷ
2637 5347 2872 5416 πλήθους
2915 5347 3125 5398 ἑστῶτα
3158 5347 3342 5414 μέσον,
3423 5347 3518 5398 καὶ
3563 5347 3752 5415 πηγὰς
3791 5349 3999 5416 ἡδίστης

2853 5437 2950 5491 τοῦ
3012 5440 3276 5507 στόματος
3341 5439 3594 5504 ἀφιέντα,
3681 5439 3997 5505 διωσάμενοι

2435 5533 2558 5594 τοὺς
2593 5530 2982 5601 περιεστῶτας,
3022 5531 3131 5582 τῶν
3156 5529 3374 5598 ὡραίων
3433 5529 3644 5582 ἐκείνου
3688 5532 3883 5593 ποδῶν,
3914 5533 3994 5582 καὶ

2435 5440 2782 5502 διδασκαλίας

2437 5626 2619 5691 ἁγαθὰ
2669 5625 2744 5687 ὠς
2791 5623 3005 5694 ἀληθῶς
3055 5621 3562 5692 εὐαγγελιζομένων
3616 5623 3752 5690 μετὰ
3812 5623 3991 5690 πολλῆς

2439 5718 2901 5790 ἐπιλαμϐάνονται
2945 5717 3041 5784 τῆς
3092 5715 3424 5785 θερμότητος
3467 5716 3558 5766 καὶ
3614 5720 3711 5782 τῆς
3751 5715 3985 5775 ἱκετείας.

2442 5816 2529 5867 καὶ
2562 5815 2771 5868 δέονται
2924 5809 3238 5879 συμπαθοῦς
3279 5809 3455 5879 ᾠνχῆς
3512 5809 3731 5879 ἐκείνης
3767 5811 3852 5860 καὶ
