4198 6312
238 362 373 430 1313

230 572 633 641 ἀπαλλαγῆναι.
695 574 754 624 ΕΞ
781 571 889 640 γάρ
919 572 1011 623 καὶ
1053 570 1127 639 τῷ
1168 572 1268 639 τῆς
1304 572 1556 637 γυναικὸς
1592 570 1804 639 θώρακι

228 667 289 718 τι
327 665 497 728 πάθος
533 668 681 733 ἐνῆν,
730 665 865 718 ἀλλά
903 664 1080 731 πολλῷ
1137 664 1300 714 πλέον
1337 667 1434 731 τῆς
1481 664 1574 715 τοῦ
1611 664 1803 732 ἀνδρὸς

229 757 413 827 ψυχῆς
478 758 700 824 ἥπτετο.
767 757 822 807 Ὀ
856 756 910 806 δὲ
952 756 1140 824 μισθὸν
1188 757 1385 817 αὐτοὺς
1424 756 1520 824 τῆς
1561 756 1805 825 ἰατρείας

230 850 484 915 ἐπιζητεῖ
533 848 629 917 τὴν
670 847 969 909 εύσέὸειαν,
1002 848 1094 899 καὶ
1127 850 1186 899 τὸ
1213 848 1311 908 τῆς
1337 850 1565 916 πατρίου
1599 849 1805 912 πλάνης

229 941 592 1000 ἀποστάντας,
652 939 1014 1007 αὐτομολῆσαι
1070 940 1202 1007 πρὸς
1250 938 1346 1008 τὴν
1391 942 1488 1008 τῆς
1551 940 1805 1007 ἀληθείας

230 1032 545 1097 ἐπίγνωσιν.
580 1030 755 1097 Ὅπερ
778 1026 871 1081 οὖν
903 1029 1193 1098 προθύμως
1221 1029 1397 1081 αὐτῶν
1433 1033 1604 1082 ποιεῖν
1632 1033 1796 1097 ἐπαγο

228 1124 582 1190 γελλομένων,
618 1123 645 1172 ὁ
677 1122 829 1189 ἅγιος
879 1122 1183 1186 ὑπολαὸὼν,
1235 1124 1322 1175 Ἐν
1354 1122 1577 1191 ὀνόματι
1626 1123 1800 1193 Ἰησοῦ

228 1215 466 1281 Χριστοῦ
505 1213 598 1265 τοῦ
632 1214 729 1284 τὴν
783 1215 1084 1285 αἱμόρρουν
1123 1217 1438 1283 ίασαμένου,
1475 1216 1630 1282 ὑγιὴς
1668 1214 1798 1279 ἴσθι,

229 1306 411 1369 γύναι,
453 1306 605 1372 φησὶ,
643 1307 738 1357 καὶ
774 1305 867 1357 τοῦ
902 1306 1113 1369 πάθους
1153 1305 1465 1375 ἐλευθεροῦ,
1489 1307 1585 1357 καὶ
1616 1322 1799 1376 παραυ

229 1397 421 1465 γςρῆμα
473 1398 504 1464 ἦ
556 1414 615 1448 τε
675 1398 885 1467 χαλεπὴ
941 1399 1093 1461 viso;
1156 1400 1339 1468 ἐκείνη
1382 1398 1636 1466 καθάπερ
1692 1398 1803 1450 τινὶ

229 1490 451 1555 μάστιγι
482 1489 557 1556 τῷ
598 1492 804 1559 ῥήματι
840 1493 1169 1562 ἀπελήλατο·
1231 1496 1324 1546 καὶ
1357 1493 1449 1545 τοῦ
1484 1492 1626 1544 θείου
1660 1491 1801 1559 βαπ-

224 1581 485 1647 τίσματος
516 1584 680 1644 αὑτός
710 1602 766 1635 τε
801 1586 891 1636 καὶ
926 1586 1156 1652 σύζυγος
1192 1588 1284 1638 καὶ
1312 1589 1359 1637 cl
1415 1587 1600 1645 παῖδες
1636 1586 1799 1650 ἀξιω-

225 1670 431 1734 θέντες,
487 1673 676 1727 ἔπειτα
743 1677 799 1728 δὲ
856 1678 950 1729 καὶ
1000 1677 1108 1728 τῶν
1147 1678 1309 1748 ἱερῶν
1364 1679 1799 1747 κοινωνήσαντες

228 1766 565 1833 μυστηρίων,
608 1766 789 1820 οἴκαδε
856 1769 1135 1838 χαίροντες
1201 1772 1530 1840 ἐπανῄεσαν,
1575 1771 1651 1840 τῷ
1700 1774 1798 1838 τῆς

1102 367 1574 426 MAHTYRIUM
1615 368 1721 426 SS.
1773 371 2079 429 ZENUBll
2124 370 2215 429 ET
2256 374 2600 433 ΖΕΝΟΒΙᾸΞ

232 480 574 548 λανθρὼπου,
612 478 702 530 καὶ
744 479 1067 548 λιπαρουτιν
1104 480 1264 532 αὐτόν
1290 479 1436 530 ’ὥστε
1469 478 1562 529 τοῦ
1594 480 1795 541 πάθους

1908 483 2079 551 magis
2136 485 2392 554 tangebat
2447 485 2707 539 animum.

3352 376 3489 438 13H

2784 485 2879 539 Ille
2939 495 3119 539 autem
3183 487 3486 541 curationis

1913 576 2218 630 mercedem
2250 577 2314 630 ab
2346 577 2423 629 eis
2470 578 2705 645 postulat
2747 579 3027 647 pietatem,
3060 588 3113 629 et
3153 584 3210 629 ut
3248 593 3275 629 a
3315 580 3488 646 patrio

1910 679 2095 717 errore
2122 666 2484 726 discedentes,
2518 668 2584 720 ad
2640 668 2931 737 agnitionis
2992 670 3271 720 veritatem
3310 679 3487 722 trans-

1909 754 2181 823 fugerent.
2244 759 2397 821 Quod
2443 761 2660 827 quidem
2710 772 2961 828 prmnpto
3016 771 3069 814 et
3112 762 3271 813 alacri
3319 760 3484 813 animi

1909 850 2086 902 studio
2121 866 2177 902 se
2206 849 2446 904 facturos
2483 854 2560 905 eis
2599 855 2996 919 proﬁtentibus,
3033 856 3315 920 excipiens
3357 871 3483 909 san-

1909 952 2030 994 ctus
2066 958 2077 992 :
2111 941 2165 993 ln
2203 943 2421 996 nomine
2453 944 2580 996 Jesu
2625 944 2850 1008 Christi,
2901 946 3093 1013 inquit.
3142 950 3231 1013 qui
3269 946 3487 999 sanavit

1908 1036 2196 1088 mulierem
2264 1036 2526 1105 profluvio
2580 1038 2862 1107 sanguinis
2920 1039 3297 1100 laborantem,
3356 1053 3486 1090 sana

1906 1139 2043 1187 e5lo.
2072 1128 2290 1190 mulier,
2315 1139 2369 1181 et
2397 1129 2624 1182 liberare
2658 1147 2685 1181 a
2723 1131 2951 1191 morbo;
2991 1130 3279 1196 statimque
3310 1131 3490 1199 gravis

1904 1219 1995 1272 ille
2052 1221 2273 1274 morbus
2328 1221 2506 1279 verbo.
2565 1230 2816 1288 tanquam
2873 1221 3083 1289 flagello
3132 1224 3333 1290 aliquo,
3385 1222 3497 1276 fuit.

1903 1313 2166 1378 expulsus
2202 1328 2213 1362 :
2249 1323 2300 1365 et
2334 1312 2579 1366 divinum
2614 1315 2940 1382 baptismum
2985 1324 3039 1367 et
3073 1315 3207 1383 ipse,
3239 1325 3293 1367 et
3325 1329 3485 1377 uxor,

1904 1408 1959 1451 et
2006 1400 2161 1453 liberi
2200 1401 2416 1454 fuerunt
2450 1406 2709 1458 assecuti.
2753 1406 2953 1459 Deinde
2989 1409 3151 1459 etiam
3195 1422 3315 1461 cum
3360 1405 3490 1457 fuis-

1904 1499 2024 1541 sent
2056 1490 2346 1561 participes
2378 1502 2863 1554 sacramentorum,
2901 1496 3122 1548 domum
3162 1495 3267 1550 laeti
3313 1495 3488 1547 redie-

1903 1592 2052 1645 runt,
2104 1592 2161 1636 ut
2212 1584 2305 1651 qui
2355 1600 2477 1637 cum
2526 1588 2716 1640 morbo
2768 1586 3037 1645 mulieris,
3096 1589 3187 1652 qui
3248 1596 3363 1638 erat
3425 1586 3479 1638 in

1904 1674 2144 1739 thorace,
2201 1690 2305 1727 una
2353 1692 2565 1743 quoque
2611 1678 2970 1744 perdidissent
3020 1679 3270 1729 morbum
3320 1678 3481 1730 dece-

1902 1768 2126 1836 ptionis,
2160 1780 2213 1821 et
2236 1770 2468 1822 sanitate
2502 1768 2693 1821 animae
2720 1768 2949 1822 fuissent
2975 1767 3313 1835 locupletati.

223 1859 482 1921 γυναικὸς
550 1861 676 1926 περλ¹
737 1861 827 1911 τὸν
871 1862 1095 1932 θώρακα
1146 1864 1309 1916 πάθει
1364 1867 1516 1934 κοινῇ
1551 1864 1610 1914 τι
1640 1863 1739 1933 τῆς
1788 1862 2003 1933 ἀπάτης
2061 1863 2271 1931 νόσημα
2334 1861 2820 1927 συναποϐαλόντες,
2873 1863 2966 1914 καὶ
3020 1862 3117 1933 τὴν
3156 1863 3254 1931 τῆς
3301 1862 3479 1933 ψυχῆς

222 1949 453 2012 ἕκαστος
487 1954 675 2018 ὑγείαν
710 1952 1134 2024 πλουτήσαντες.

297 2043 369 2097 Δ’.
414 2040 541 2096 Εἶτα
588 2050 681 2098 καὶ
738 2050 873 2119 γυνή
917 2068 996 2113 τις
1037 2052 1199 2121 ἑτέρα
1236 2052 1396 2103 πάλιν
1439 2052 1495 2103 ἐν
1549 2054 1613 2119 τῇ
1653 2050 1787 2115 πρὸς
1823 2055 1862 2107 Β

219 2139 436 2205 Δάφνην
490 2136 809 2209 Ἀντιοχείᾳ.
851 2143 908 2193 ἐν
971 2143 1140 2211 ἀρετῇ
1197 2145 1371 2206 ζῶσα,
1435 2142 1528 2195 καὶ
1576 2142 1791 2204 πολλοῖς

220 2230 543 2298 ἐπαρκοῦσα
584 2230 689 2283 τῶν
723 2232 1053 2300 πενομένων,
1093 2235 1255 2287 πάθει
1282 2236 1607 2306 περιπίπτει
1639 2235 1795 2303 χαλε-

221 2321 457 2389 πωτάτῳ
485 2337 498 2350 ’
540 2322 875 2387 φαγέδαιναν
930 2324 1085 2376 τοῦτο
1120 2327 1310 2389 παῖδες
1357 2327 1556 2395 ἰατρῶν
1596 2325 1794 2394 ὀνομά-

220 2412 394 2474 ζουσι.
425 2413 643 2476 Μεταξὺ
675 2412 729 2463 δὲ
762 2413 868 2483 ἄρα
908 2416 1015 2467 τῶν
1058 2420 1281 2486 μαστῶν
1333 2421 1559 2488 ἐκφυὲν,
1607 2420 1793 2488 κύκλῳ

219 2503 288 2553 τά
318 2504 443 2570 περί
478 2503 674 2564 αὐτοὺς
707 2503 1049 2571 ἐλυμαίνετο.
1105 2508 1294 2575 Πάσης
1329 2504 1422 2560 οὖν
1457 2510 1623 2578 ἄλλης
1653 2512 1794 2561 ἀπο-

219 2593 423 2660 γνοῦσα
481 2596 574 2647 κα“ι
614 2596 752 2664 αὑτὴ
795 2596 1115 2666 θεραπείας,
1159 2599 1407 2662 ὑπέξεισι
1439 2600 1653 2670 νύκτωρ
1693 2602 1792 2667 τῆς

225 2688 432 2747 πόλεως
456 2703 468 2715 ·
504 2687 735 2739 ἐλθοῦσά
764 2706 818 2739 τε
860 2690 945 2741 διά
974 2681 1313 2753 Σελευκείας,
1351 2692 1443 2743 καὶ
1473 2692 1582 2751 τοῖς
1613 2693 1791 2756 αἱγιαυ

217 2777 331 2839 λοίς
361 2780 650 2843 ἐπιστᾶτα,
683 2779 868 2831 πλοίου
901 2781 957 2831 τέ
1001 2798 1144 2842 τινος
1188 2784 1455 2847 ἐπιϐᾶσα,
1489 2786 1570 2847 είς
1618 2785 1792 2853 Αἰγὰς

224 2870 497 2939 καταίρει.
555 2870 663 2921 Καὶ
717 2869 1090 2939 προσελθοῦσα
1138 2871 1352 2940 θερμῶς
1393 2876 1466 2941 τῷ
1521 2877 1679 2944 ἁγίῳ,
1734 2878 1793 2928 τὸ

218 2960 390 3013 δεινὸν
426 2964 601 3013 ἐκεῖνο
658 2961 828 3024 πάθος
863 2961 1225 3025 ὑποδεικνύει,
1255 2962 1348 3013 καὶ
1403 2962 1573 3015 δεῖται
1604 2964 1789 3015 τούτου

219 3055 314 3105 καὶ
392 3053 623 3106 ἱκετεύει
660 3053 800 3105 ὥστε
842 3053 872 3124 ἢ
906 3055 961 3105 ἐν
1012 3053 1310 3122 ὀφθαλμοῖς
1366 3054 1655 3108 ἀποθανεῖν
1681 3058 1791 3119 τοῖς

218 3146 451 3208 ἐκείνου,
519 3150 612 3198 καὶ
670 3148 763 3199 σὺν
818 3147 972 3215 τάχει
1008 3148 1067 3199 τὸ
1106 3148 1455 3216 ὀφειλόμενον
1509 3150 1790 3214 ἀποτῖσαι,

215 3240 249 3307 ἢ
290 3241 381 3294 τοῦ
429 3239 708 3302 πιέζοντος
742 3241 1123 3307 ἀπαλλαγῆναι
1158 3240 1330 3291 κακοῦ
1353 3256 1366 3270 ·
1398 3241 1654 3293 τοσοῦτον
1684 3244 1793 3310 γάρ

215 3330 322 3380 ὑπὸ
351 3328 444 3379 τοῦ
496 3329 700 3389 πάθους
734 3330 1025 3395 ἠνέγκατο,
1054 3328 1149 3379 καὶ
1178 3328 1536 3395 τηλικαύταις
1570 3328 1787 3390 ὀδύναις

216 3418 516 3487 συνείχετο,
548 3419 621 3480 ὡς
659 3419 750 3469 καὶ
781 3418 871 3469 τὸν
919 3417 1151 3470 θάνατον
1187 3418 1243 3469 ἐν
1272 3419 1589 3488 εὐεργεσίας
1618 3421 1788 3472 αἰτεί-
1818 3398 1859 3453 c

217 3513 343 3565 σθαι
382 3516 559 3581 μέρει,
603 3513 699 3563 καὶ
733 3511 920 3563 τοῦτον
951 3507 1089 3567 εἶναι
1123 3512 1301 3564 δοκεῖν
1347 3514 1454 3563 τῶν
1479 3512 1786 3576 λυπούντων

209 3602 549 3670 ἐλευθερίαν.
595 3601 779 3652 Ταῦτα
818 3598 909 3650 τοῦ
967 3600 1121 3665 ἁγίου
1182 3599 1652 3669 δεδυσωπημένος,
1695 3603 1787 3654 καὶ

209 3695 278 3759 τῇ
325 3694 467 3759 χειρὶ
506 3689 684 3742 τὸτοῦ
731 3690 966 3758 σταυροῦ
1032 3692 1258 3760 σημεῖον
1305 3692 1785 3757 ὑποτυπώσαντος,

218 3788 408 3834 ἔπειτα
441 3784 607 3835 δὲκαὶ
631 3782 807 3835 τὸτοῦ
836 3784 1072 3851 Χριστοῦ
1108 3784 1249 3835 θεῖον
1275 3785 1786 3851 ὅνομαὲπιφθεγξα-

220 3878 381 3945 μένου
409 3879 420 3931 !
466 3879 548 3947 (ὢ
585 3877 716 3929 Θεοῦ
748 3880 1031 3946 χριμάτων
1062 3878 1072 3929 !
1114 3876 1157 3928 ὣ
1190 3880 1510 3930 ἀνεικάστου
1560 3878 1787 3949 χρηστόν

210 3973 452 4041 τητοςῑ)
508 3974 776 4042 ῥήγνυται
839 3970 933 4037 μὲν
974 3968 1174 4032 εὐθέως
1240 3970 1300 4021 τὸ
1345 3973 1534 4037 πάθος,
1594 3973 1787 4041 ἰχῶρος

212 4063 513 4131 πληρῶσαν
543 4062 602 4111 τὸ
628 4060 844 4127 ἔδαφος,
893 4058 1075 4113 λύεται
1101 4061 1156 4113 δὲ
1186 4058 1293 4113 τῶν
1328 4062 1529 4114 ὀδυνῶν
1562 4064 1593 4131 ἡ
1626 4063 1782 4133 ⁸ξυνὴ,

210 4157 307 4207 καὶ
345 4156 477 4222 πρὸς
517 4153 614 4222 τὴν
655 4152 928 4219 Ἀντιόχου
970 4153 1123 4221 ὑγιὴς
1151 4155 1434 4223 ἐπανήκει.

285 4247 360 4299 E'.
400 4246 479 4297 Τά
508 4245 563 4296 δὲ
598 4243 737 4312 μετὰ
790 4243 962 4294 ταῦτα
1008 4245 1245 4321 διωγμὸς
1295 4245 1441 4298 κατὰ
1492 4247 1593 4316 τῆς
1630 4248 1785 4301 εὐσε-

209 4340 364 4401 εείας
405 4336 809 4407 Διοκλητιανοῦ,
853 4338 945 4389 καὶ
995 4337 1172 4405 δόγμα
1206 4338 1337 4409 παρ’
1387 4342 1550 4393 αὑτοῦ
1588 4343 1785 4411 θεομά.

206 4450 332 4499 χον,
386 4432 479 4484 καὶ
510 4430 715 4493 Λυσίας
773 4431 872 4498 τῆς
929 4430 1209 4499 ὠμότητος
1278 4433 1486 4484 ἐκείνου
1549 4436 1642 4485 καὶ
1687 4434 1785 4501 τῆς

206 4524 607 4593 ἀπανθρωπίας
635 4524 912 4592 ὑπηρέτης
948 4522 1304 4591 θερμότατος.
1334 4526 1522 4589 Ὅστις
1549 4527 1617 4578 τά
1644 4526 1783 4578 κατά

205 4620 299 4669 τόν
329 4619 466 4667 θεῖον
512 4614 697 4682 μαθὼν
744 4615 1017 4685 Ζηνόὅιον,
1059 4618 1151 4668 καὶ
1188 4619 1333 4680 ὅπως
1367 4619 1459 4670 ἕνα
1502 4621 1661 4686 μόνον
1686 4636 1783 4688 κη-

209 4709 392 4779 ρύττει
433 4708 585 4771 Θεὸν,
624 4709 718 4759 καὶ
749 4708 857 4759 τῶν
908 4706 1072 4760 αὑτοῦ
1115 4709 1346 4760 ἐντολῶν
1387 4727 1445 4761 τε
1483 4712 1576 4762 καὶ
1622 4712 1781 4779 03111-

210 4806 397 4873 μάτων
454 4800 730 4869 ἐπιμελῶς
770 4801 1127 4870 περιέχεται,
1191 4804 1337 4862 ὅπως
1391 4819 1447 4853 τε
1501 4805 1565 4871 τῇ
1616 4804 1781 4857 αὑτοῦ

206 4893 492 4963 ἐπικλήσει
548 4894 735 4956 νόσους
773 4894 1036 4962 εὐγειρῶς
1085 4894 1198 4945 λύει
1245 4896 1443 4957 πάσας,
1500 4897 1591 4947 καὶ
1626 4898 1782 4965 χεῖρα

204 4993 319 5049 τοῖς
373 4986 648 5054 δεομένοις
692 4989 961 5053 προτείνει
1024 4986 1263 5054 δαψιλῶς
1325 4989 1578 5055 ῥέουσαν,
1621 4988 1783 5051 εὐθὺς

207 5081 371 5134 αὑτὸν
415 5077 799 5147 συλλαμϐάνει,
840 5082 932 5131 καὶ
973 5079 1310 5147 προκαθίσας
1353 5078 1450 5134 ἐπὶ
1486 5078 1660 5150 μέσης
1681 5080 1781 5147 τῆς

206 5175 439 5237 πολέως,
489 5173 584 5224 καὶ
640 5173 728 5222 τόν
780 5172 946 5239 ἄνδρα
1004 5174 1144 5223 κατὰ
1184 5170 1475 5238 πρόσωπον
1533 5169 1777 5236 ἀγαγὼν,

206 5266 387 5316 Πολλά
422 5280 533 5332 μοι,
565 5264 717 5333 φησί,
749 5265 877 5330 περὶ
910 5262 1024 5327 σοῦ,
1063 5264 1305 5331 Ζηνόὸιε,
1344 5264 1627 5331 ἣκουσταυ
1664 5261 1777 5313 ἀλλ’

202 5355 316 5425 ἐγὼ
346 5362 482 5425 μόνῃ
527 5353 808 5406 πιστεύειν
870 5356 1003 5423 ἁκοῇ
1043 5355 1237 5425 ῥᾳδίως
1276 5354 1377 5404 οὐκ
1443 5354 1603 5422 ἔχων,
1638 5353 1776 5407 ὥστε

205 5454 301 5503 καὶ
330 5450 647 5517 ὀφθαλμοὺς
677 5449 961 5518 μάρτυρας
993 5450 1217 5518 ποιῆσαι
1242 5447 1349 5500 τῶν
1381 5448 1774 5514 ἀκουσθέντων,

205 5545 300 5596 καί
341 5544 426 5595 ἵνα
460 5544 518 5592 τδ
554 5541 689 5593 πολὺ
733 5539 937 5591 συνέλω
996 5540 1091 5591 τοῦ
1131 5542 1313 5607 λόγου,
1350 5539 1441 5591 δύο
1496 5556 1577 5590 σοι
1604 5541 1777 5593 ταῦτα

202 5636 557 5703 προτίθεμαι,
601 5635 631 5700 ἢ
682 5634 971 5701 πεισθῆναι
1034 5632 1110 5701 τῷ
1148 5634 1255 5684 τῶν
1313 5631 1656 5700 κρατούντων
1689 5635 1782 5685 εὑ-

203 5732 357 5781 σείλεί
395 5729 749 5799 διατάγματι,
798 5729 893 5779 καὶ
957 5726 1113 5778 θῦσαι
1156 5728 1251 5779 σὺν
1298 5731 1429 5798 ἡμῖν
1468 5734 1578 5792 τοῖς
1616 5730 1781 5797 θεοῖς,

200 5823 343 5893 ὅπερ
375 5822 540 5891 τιμῆς
578 5838 633 5874 σε
659 5821 757 5890 τῆς
789 5820 1049 5890 μεγίστης
1084 5820 1390 5875 ἀπολαῦσαι
1428 5825 1836 5893 παρασκευάσει

1962 2045 2049 2100 1V.
2104 2045 2216 2097 Alia
2269 2060 2487 2114 quoque
2554 2048 2767 2109 mulier,
2828 2063 2948 2116 quae
3020 2049 3220 2104 virtute
3271 2052 3484 2109 vivebat

1901 2136 2231 2196 Antiochiae,
2267 2143 2319 2188 et
2340 2150 2496 2204 opem
2534 2135 2739 2189 ferebat
2769 2138 2953 2191 multis
3001 2140 3390 2208 indigentibus,
3428 2146 3483 2196 in

1898 2230 2144 2283 morbum
2180 2229 2368 2283 incidit
2406 2229 2809 2297 gravissimum.
2854 2231 2991 2284 Eum
3045 2234 3241 2287 medici
3298 2238 3483 2289 nenti-

1897 2334 2030 2374 nant
2062 2322 2469 2391 phagedainam.
2509 2322 2742 2376 Exortus
2774 2333 2957 2376 autem
3004 2325 3147 2378 inter
3185 2328 3472 2392 mamillas,

1897 2413 2148 2467 vastabat
2194 2416 2375 2466 omnia
2426 2413 2798 2467 circumcirca.
2850 2413 3078 2468 Omnem
3138 2432 3266 2484 ergo
3319 2419 3483 2473 aliam

1896 2506 2193 2573 desperans
2221 2506 2334 2574 ipsa
2367 2520 2582 2573 quoque
2617 2506 2977 2565 curationem,
3013 2508 3286 2575 egreditur
3313 2521 3482 2563 noctu

1895 2613 1924 2650 e
1957 2597 2183 2649 civitate
2214 2614 2227 2648 :
2258 2611 2491 2665 cumque
2540 2597 2783 2651 venisset
2831 2613 2927 2668 per
2967 2598 3296 2661 Seleuciam,
3332 2612 3386 2655 et
3418 2605 3484 2656 ad

1894 2685 2045 2737 littus
2077 2689 2419 2747 accessisset,
2472 2699 2527 2741 et
2572 2704 2762 2742 navem
2801 2690 3085 2754 quamdam
3123 2691 3483 2756 ascendisset,

1894 2776 2115 2845 appellit
2168 2774 2350 2844 1Egas.
2424 2777 2491 2828 Et
2551 2779 2761 2830 ardenti
2836 2779 3016 2831 studio
3078 2779 3145 2831 ad
3223 2784 3473 2835 sanetum

1896 2868 2183 2927 accedens,
2229 2866 2276 2919 ei
2331 2866 2569 2919 ostendit
2620 2882 2837 2934 gravem
2904 2869 3047 2921 illam
3104 2869 3479 2936 aﬂ'et‘timiem,

1896 2972 2131 3025 eumque
2168 2966 2319 3027 rogat
2349 2969 2403 3010 et
2436 2957 2725 3026 supplicat,
2764 2970 2814 3011 ut
2854 2960 2935 3012 vel
2963 2970 3089 3016 ante
3117 2962 3259 3016 illius
3286 2964 3476 3018 oculos

1896 3051 2179 3111 moriatur,
2214 3059 2268 3101 et
2303 3050 2410 3100 cito
2442 3049 2682 3101 exsolvat
2711 3051 2980 3115 debitum;
3017 3056 3097 3106 vel
3137 3054 3398 3109 liberetur
3433 3072 3462 3109 a

1897 3140 2059 3201 malo,
2103 3138 2245 3207 quod
2295 3155 2412 3192 eam
2466 3137 2672 3208 afﬂigit.
2720 3138 2939 3194 Morbus
2980 3144 3126 3195 enim
3180 3144 3229 3197 ei
3276 3153 3479 3199 tantam

1897 3232 2158 3286 afferebat
2214 3232 2628 3293 necessitatem,
2692 3242 2747 3285 et
2806 3242 3015 3286 tantum
3072 3235 3364 3296 dolorem,
3425 3246 3482 3289 ut

1896 3324 2057 3375 etiam
2084 3330 2310 3376 mortem
2338 3333 2546 3391 peteret
2574 3323 2690 3376 loco
2721 3322 2991 3384 beneficii,
3022 3334 3079 3377 et
3105 3342 3165 3377 ca
3196 3328 3476 3382 videretur

1893 3429 2011 3469 esse
2067 3414 2319 3466 liberatio
2387 3431 2414 3464 a
2477 3416 2657 3467 malis.
2728 3417 2862 3467 Cum
2928 3418 2974 3468 is
3035 3428 3215 3472 motus
3282 3417 3480 3472 fuisset

1894 3514 2136 3571 sanctus,
2168 3514 2221 3558 et
2255 3520 2419 3557 manu
2450 3504 2630 3559 crucis
2657 3504 2871 3574 signum
2913 3505 3155 3568 fecisset,
3193 3520 3244 3561 et
3273 3511 3474 3564 deinde

1891 3595 2132 3648 divinum
2164 3598 2363 3647 Christi
2399 3612 2593 3648 nomen
2634 3596 2940 3651 invocasset
2972 3598 3026 3665 (ο
3060 3592 3151 3650 Dei
3184 3598 3413 3665 judicia,
3445 3620 3477 3651 ω

1890 3688 2300 3759 benignitatem,
2328 3701 2447 3753 quae
2494 3685 2656 3739 nullis
2692 3696 2870 3755 potest
2914 3689 3093 3740 verbis
3129 3690 3358 3758 exprimi
3393 3693 3403 3742 Ξ
3439 3702 3475 3757 ),

1891 3782 2163 3845 rumpitur
2204 3781 2423 3845 quidem
2478 3780 2658 3829 statim
2708 3778 2951 3841 morbus,
2998 3779 3090 3847 qui
3134 3781 3308 3833 solum
3376 3782 3475 3834 im-

1892 3871 2061 3941 plevit
2097 3871 2252 3923 sanie
2291 3886 2302 3921 :
2341 3867 2570 3921 solvitur
2625 3877 2802 3920 autem
2859 3870 3052 3922 mulier
3100 3886 3128 3921 a
3172 3873 3471 3936 doloribus,

1890 3972 1944 4017 et
1977 3962 2266 4016 revertitur
2303 3974 2433 4012 sana
2466 3958 2831 4015 Antiochiam.

1961 4278 2023 4332 ν.
2065 4279 2195 4343 Qute
2227 4286 2407 4331 autem
2435 4286 2555 4347 post
2592 4278 2709 4332 lucc
2736 4291 3060 4347 sequuntur,
3100 4291 3230 4335 sunt
3261 4282 3471 4338 Diocle-

1891 4373 2020 4425 tiani
2077 4372 2383 4437 persecutio
2429 4368 2686 4422 adversus
2726 4372 3002 4437 pietatem,
3047 4380 3100 4423 et
3148 4372 3257 4425 Deo
3293 4375 3472 4427 inimi-

1887 4477 2007 4515 cum
2062 4461 2129 4514 ab
2173 4475 2237 4513 eo
2294 4460 2598 4527 profectum
2659 4461 2920 4525 edictum,
2970 4472 3023 4515 et
3078 4459 3265 4532 Lysias
3322 4466 3467 4520 illius

1886 4553 2107 4607 swvitim
2140 4560 2193 4605 et
2235 4551 2651 4605 inhumanitatis
2705 4552 2959 4606 minister
2993 4558 3314 4611 acerrimus.
3360 4558 3463 4623 Qui

1889 4662 2013 4699 cum
2049 4646 2355 4713 accepisset
2378 4643 2617 4696 divinum
2650 4643 2946 4698 Zenobium
2980 4648 3274 4715 praedicare
3294 4667 3463 4706 unum

1813 4734 2056 4790 Dsolum
2114 4736 2311 4798 Deum,
2366 4738 2593 4802 ejusque
2664 4746 2930 4802 praecepta
2998 4745 3053 4789 et
3124 4740 3461 4796 voluntatem

1884 4829 2122 4882 studiose
2151 4836 2204 4879 et
2232 4826 2520 4896 diligenter
2558 4827 2834 4895 amplecti,
2871 4840 2923 4880 et
2956 4827 3075 4897 ejus
3116 4828 3461 4887 invocatione

1883 4917 2104 4970 morbos
2158 4931 2350 4970 omnes
2401 4916 2557 4971 faeile
2614 4918 2847 4980 solvere,
2891 4928 2942 4971 et
2977 4934 3196 4971 manum
3242 4924 3459 4978 abunde

1881 5009 2319 5077 suppeditantem
2379 5009 2657 5075 porrigere
2702 5011 3026 5078 egentibus,
3082 5025 3204 5063 eum
3273 5014 3458 5069 statim

1879 5099 2318 5166 comprehendit,
2367 5112 2419 5151 et
2462 5113 2583 5150 cum
2640 5099 2692 5151 in
2735 5100 2913 5153 media
2946 5104 3283 5168 praesedisset
3320 5095 3455 5159 civi-

1880 5202 2010 5255 tate,
2040 5200 2093 5244 et
2125 5207 2246 5245 eum
2282 5206 2459 5244 coram
2488 5192 2606 5260 ipso
2636 5204 2879 5245 curasset
2906 5195 3202 5247 sistendum
3236 5215 3248 5248 :
3276 5196 3455 5266 Saepe,

1879 5283 2081 5353 inquit,
2114 5301 2145 5337 ο
2176 5284 2397 5349 Zenobi,
2430 5300 2457 5337 a
2494 5300 2576 5337 me
2605 5284 2672 5337 de
2701 5295 2750 5337 te
2777 5299 2859 5339 est
2885 5286 3125 5340 auditum
3157 5305 3168 5340 :
3204 5290 3297 5342 sed
3332 5308 3456 5345 cum

1878 5393 1986 5431 non
2018 5377 2174 5431 facile
2202 5392 2415 5445 possem
2450 5376 2549 5428 soli
2594 5376 2753 5431 fama:
2798 5380 3041 5441 credere,
3079 5392 3361 5448 propterea
3401 5393 3456 5437 te

1879 5470 1931 5523 in
1989 5485 2164 5522 meum
2223 5470 2419 5522 adduxi
2471 5481 2863 5536 conspectum,
2926 5479 2983 5524 ut
3050 5473 3211 5526 etiam
3267 5477 3459 5531 oculos

1878 5563 2133 5615 haberent
2180 5571 2345 5615 testes
2374 5578 2583 5623 eorum,
2635 5577 2753 5629 quze
2784 5564 2962 5616 audivi
3000 5584 3012 5617 :
3047 5575 3121 5630 et,
3175 5578 3230 5620 ut
3268 5571 3454 5636 paucis

1881 5654 2181 5715 absolvam,
2226 5654 2336 5707 hrec
2365 5654 2472 5707 duo
2506 5653 2599 5707 tibi
2634 5669 2898 5723 prepono,
2933 5666 2990 5709 ut
3027 5658 3109 5710 vel
3141 5675 3328 5727 pareas
3365 5664 3453 5730 pio

1882 5748 2059 5802 edicto
2097 5746 2510 5814 imperatorum,
2559 5756 2613 5799 et
2658 5747 2759 5800 diis
2793 5748 3075 5803 nobiscum
3128 5753 3438 5808 sacrilices:

2816 5839 2837 5851 ’ν
2880 5843 2888 5856 1

1863 5871 1875 5895 ,
1991 5839 2077 5887 καὶ
2172 5838 2401 5891 πλούτου
2468 5840 2752 5906 δαψίλειαν
2786 5839 2842 5893 εὖ
2880 5841 2988 5895 ἴσθι
3023 5845 3113 5895 καὶ
3154 5846 3267 5914 βίον
3314 5849 3451 5916 λαμ·
