4198 6312
738 377 878 442 1315

2021 359 2310 420 MENSIS
2349 355 2713 417 OCTOBER.

3846 344 3968 405 1316

736 490 876 556 quod
937 484 1152 553 quidem
1200 481 1418 545 elﬁciet,
1477 489 1535 533 ut
1584 489 1639 532 tu
1699 476 1991 530 maximum
2045 472 2387 530 honoremA

2337 471 2685 537 Απρὸτητα,
2750 466 2845 516 καὶ
2897 461 3117 530 ἀγαθῶν
3148 461 3323 515 ἄλλων
3366 458 3601 528 ἀμοιϐὰς
3656 459 3972 526 προξενήσει

734 577 1063 647 assequaris,
1099 586 1151 628 et
1184 589 1403 645 magnas
1433 587 1586 641 epes,
1612 580 1665 624 et
1698 570 1821 623 vita:
1851 566 2220 637 splendorem,
2250 574 2305 618 et

731 669 960 721 aliorum
1010 667 1274 717 bonorum
1324 661 1793 717 remunerationes
1842 658 1937 712 tibi
1995 654 2306 711 conciliabit

734 762 860 829 (hoc
893 760 988 813 tibi
1032 770 1184 828 potes
1215 768 1364 811 certo
1400 756 1801 827 persuadere);
1836 754 1918 807 vel
1954 762 2009 805 ut
2033 748 2306 805 damneris

735 852 801 905 ad
830 852 1029 919 plagas,
1066 850 1305 915 vincula,
1339 848 1641 909 cruciatus,
1689 854 1744 900 et
1782 854 1975 898 caztera
2011 850 2301 896 tormenta.

735 944 977 1009 Quorum
1009 942 1263 1011 quisnam
1312 950 1393 994 est
1423 941 1558 994 alius
1590 938 1728 1003 linis,
1774 936 1877 990 nisi
1907 951 2056 989 mors
2089 936 2311 989 omnino

736 1036 1052 1099 saevissima,
1084 1042 1140 1086 et
1167 1033 1322 1100 plena
1362 1034 1598 1086 maximo
1633 1030 1859 1085 dolore?
1896 1028 1976 1081 Ad
2011 1028 2123 1080 haac
2155 1040 2307 1095 egre-

734 1129 855 1197 gius
885 1125 1159 1180 Zenobius
1192 1143 1207 1179 :
1237 1126 1387 1187 Mihi,
1429 1124 1628 1193 inquit,
1680 1136 1823 1174 unus
1866 1128 1949 1173 est
1980 1133 2139 1171 verus
2170 1118 2310 1171 Deus

731 1218 889 1272 Jesus
920 1218 1192 1283 Christus,
1230 1218 1284 1271 in
1332 1231 1440 1285 quo
1473 1229 1573 1284 ego
1604 1213 1836 1273 conlido,
1871 1226 1898 1264 a
1933 1226 2040 1279 quo
2071 1219 2155 1263 est
2193 1210 2309 1277 ipsa

733 1315 969 1365 essentia
1002 1321 1056 1365 et
1101 1312 1227 1375 vita,
1289 1317 1606 1376 et‘propter
1648 1320 1807 1374 quem
1856 1311 1941 1356 est
1988 1302 2121 1356 mihi
2170 1300 2305 1355 mori

733 1402 992 1455 lucrum:
1041 1416 1220 1469 neque
1261 1399 1408 1454 enim
1456 1397 1747 1466 quidquam
1797 1410 1863 1450 ex
1914 1396 1998 1456 iis,
2047 1409 2168 1463 quae
2220 1394 2307 1449 hic

732 1495 1121 1563 suntjueunda
1155 1502 1209 1546 et
1238 1491 1599 1555 delcctahilia,
1628 1501 1709 1543 est
1742 1488 2139 1543 conferendum
2182 1502 2306 1539 cum

729 1600 815 1646 ea,
843 1602 947 1654 qua
973 1596 1057 1638 est
1089 1584 1216 1647 illic,
1247 1581 1704 1637 remuneratione.
1738 1580 2100 1645 Quamobrem
2132 1594 2307 1634 saevus

2414 576 2519 623 σοι,
2568 559 2599 628 ἢ
2634 555 2850 627 πληγὰς
2879 554 2972 608 κα1⁵
3016 551 3300 623 στρέϐλας,
3338 552 3427 603 καὶ
3460 551 3733 620 βασάνους
3785 550 3972 615 ἑτέρας

2413 651 2839 721 κατακριθῆναι,
2880 642 2953 701 ὧν
2993 648 3045 699 τί
3097 646 3156 698 τὸ
3190 645 3344 707 τέλος
3402 645 3433 714 ἢ
3478 644 3717 712 χαλεπὸς
3765 641 3975 702 πάντως

2413 749 2507 801 καὶ
2541 743 2933 812 ὀδυνηρότατος
2974 739 3245 805 θάνατος;
3294 736 3435 805 Πρὸς
3464 736 3636 787 ταῦτα
3672 738 3699 787 ὁ
3736 738 3976 802 γενναῖος

2412 838 2692 907 Ζηνὸὅιος,
2746 835 2902 903 Ἐμοὶ
2938 831 3069 893 Θεδς
3103 826 3180 893 εἷς
3207 828 3458 898 ἀληθινὸς
3482 829 3508 879 ὁ
3537 826 3740 889 Κύριος
3778 824 3974 907 Ἰησοῦς

2410 906 2648 998 Χριστός
2697 931 2869 991 ἐστιν,
2916 926 3045 996 ἔφη,
3087 923 3172 992 ἐφ’
3217 923 3275 974 ὃν
3308 920 3419 989 ἐγὼ
3456 919 3717 981 πέποιθα,
3759 918 3888 987 παρ’
3919 906 3973 967 οὗ

2408 1024 2503 1076 καὶ
2543 1021 2676 1075 αὐτὸ
2700 1020 2762 1073 τὸ
2793 1016 2933 1071 εἷναί
2969 1034 3060 1087 μοι
3092 1016 3189 1069 καὶ
3219 1015 3279 1068 τὸ
3319 1014 3437 1082 ζῇν,
3462 1014 3555 1065 καί
3588 1011 3655 1062 δι’
3678 1011 3736 1061 ὃν
3766 1011 3895 1077 ἐμοὶ
3919 1010 3975 1060 τὸ

2408 1117 2699 1170 ἀποθανεῖν
2738 1113 2949 1182 κέρδος.
3015 1109 3149 1163 Οὐδὲ
3189 1109 3297 1177 γὰρ
3326 1106 3443 1158 ἔστι
3470 1122 3522 1158 τι
3554 1104 3664 1156 τῶν
3693 1102 3819 1169 τῇδε
3858 1118 3977 1169 τερ-

2407 1210 2557 1263 πνῶν
2584 1209 2683 1278 τῆς
2711 1208 2921 1260 ἐκεῖθεν
2953 1204 3275 1265 ἀντιδόσεως
3306 1201 3474 1266 ἄξιον.
3521 1198 3637 1265 Ἐφ’
3673 1192 3755 1257 οἷς
3789 1197 3817 1247 ὁ
3847 1189 3975 1261 ἁπη-

2411 1302 2506 1371 νὴς
2541 1302 2748 1363 ἐκεῖνος
2795 1298 3206 1366 ἀγανακτήσας,
3271 1292 3591 1363 μετεωρίζει
3620 1291 3712 1341 τον
3748 1285 3979 1354 ἀθλητὴν

2414 1394 2507 1446 ἐπὶ
2544 1393 2721 1457 ξύλου,
2746 1394 2839 1445 καὶ
2871 1390 3135 1459 στρέϐλας
3163 1386 3329 1440 αὑτοῦ
3365 1387 3459 1439 καὶ
3488 1383 3760 1450 ξυστῆρας
3789 1383 3976 1443 ἐπάγει

2412 1484 2490 1554 τῷ
2532 1483 2788 1553 σώματι·
2858 1482 3083 1551 Ἲδωμεν
3122 1479 3170 1531 εί
3219 1476 3457 1546 Χριστος
3497 1473 3664 1534 ἔλθοι,
3702 1470 3976 1540 βοηθήσων

2414 1596 2583 1631 αοτω.

734 1678 1045 1746 indignatus
1079 1676 1282 1745 Lysias,
1317 1676 1551 1729 sublime
1588 1675 1642 1727 in
1678 1674 1824 1741 ligno
1877 1670 2017 1725 tollit
2071 1672 2355 1736 athletam,
2415 1680 2471 1727 et
2503 1679 2775 1726 tormenta
2810 1668 2975 1723 infert
3000 1666 3118 1735 eius
3142 1662 3354 1736 corpori
3389 1660 3748 1720 :Videamus,
3780 1658 3979 1711 dicens»

736 1786 803 1824 an
840 1771 1089 1823 Christus
1124 1772 1194 1824 sit
1223 1777 1504 1829 venturus,
1543 1775 1603 1821 ut
1636 1768 1684 1820 ei
1720 1782 1876 1837 opem
1905 1766 2065 1821 ferat.

810 1864 897 1918 Vl.
923 1864 1134 1917 Interea
1157 1879 1284 1918 vero
1314 1878 1538 1918 currens
1555 1864 1823 1925 alicunde,
1844 1863 1987 1915 venit
2006 1862 2071 1915 ad
2084 1877 2202 1914 eum
2221 1860 2324 1914 Ze-
2358 1870 2398 1925 Β

2323 1894 2324 1899 η
2358 1870 2398 1925 Β
2502 1861 2590 1924 ς’.
2632 1857 2862 1909 Ἔπειτα
2897 1854 3019 1923 ἥκει
3053 1851 3325 1920 δρομαίως
3375 1845 3535 1900 ποθὲν
3567 1845 3599 1913 ἡ
3649 1841 3852 1911 ἀδελφὴ
3887 1845 3981 1909 Ζη·

736 1957 897 2010 nobia
920 1973 1074 2011 soror
1091 1958 1231 2024 ejus.
1258 1957 1388 2020 Qua:
1407 1972 1528 2009 cum
1554 1970 1675 2007 eum
1697 1955 1991 2022 aspexisset
2009 1956 2059 2006 in
2085 1955 2245 2025 ligno,
2265 1964 2318 2008 et

737 2047 823 2101 vel
840 2062 903 2100 ex
922 2048 1037 2114 ipso
1057 2045 1366 2114 spectaculo
1384 2045 1582 2113 repleta
1604 2044 2045 2107 luissetaudacia,
2066 2046 2174 2099 etsi
2190 2046 2318 2113 quid

736 2145 819 2193 est
850 2137 1031 2198 molle,
1056 2135 1517 2200 autimbeeillum,
1546 2144 1634 2188 aut
1668 2136 1951 2198 muliebre,
1974 2135 2023 2186 id
2041 2144 2206 2187 totum
2228 2136 2321 2187 ab-

734 2230 976 2299 jecisset,
996 2232 1048 2281 et
1066 2242 1124 2281 se
1150 2241 1273 2279 vere
1291 2241 1409 2279 esse
1426 2228 1542 2296 ejus
1567 2241 1807 2279 sororem
1835 2225 2162 2277 ostendisset
2187 2242 2197 2274 :
2219 2226 2321 2278 Su-

739 2320 927 2387 perbe,
957 2317 1149 2386 inquit,
1169 2326 1413 2387 tyranne,
1441 2317 1696 2385 quidnam
1725 2316 1940 2370 sceleris
1962 2317 2177 2371 admisit
2210 2318 2320 2371 fra-

743 2421 842 2472 ter,
871 2410 1012 2478 quod
1039 2418 1094 2462 tu
1118 2424 1240 2462 eum
1262 2409 1338 2463 sic
1359 2408 1611 2477 torques?
1631 2408 1723 2462 llle
1748 2417 1925 2461 autem
1956 2410 2007 2475 (υ
2026 2410 2315 2475 sinistram,

742 2510 799 2555 et
815 2502 1075 2564 dolosam,
1093 2501 1472 2557 etilliberalem
1491 2500 1745 2567 animam)
1774 2500 1837 2553 ad
1856 2500 2095 2553 mulieris
2108 2499 2319 2553 dicendi

747 2592 1050 2644 libertatem
1105 2591 1470 2660 placidissime
1515 2591 1794 2659 respondit
1822 2600 1879 2645 et
1923 2591 2222 2655 lenissime,
2263 2603 2322 2647 ut

744 2694 796 2737 et
825 2685 877 2736 in
908 2699 1047 2748 eam,
1094 2693 1281 2752 utpote
1312 2683 1595 2747 feminam,
1624 2699 1682 2737 se
1715 2684 1925 2737 blandis
1974 2685 2152 2739 verbis
2188 2686 2321 2739 insi-

746 2784 961 2835 nuaret,
1015 2782 1069 2826 et
1124 2775 1405 2827 induceret
1461 2784 1520 2827 ut
1564 2775 1971 2829 imbecilliorem
2011 2793 2023 2827 :
2067 2776 2319 2831 Sacriﬁca

745 2868 914 2930 enim,
944 2868 1138 2933 inquit,
1167 2868 1405 2921 Zenobia
1440 2880 1492 2921 tu
1517 2884 1733 2935 quoque
1766 2870 1889 2931 diis,
1923 2885 2022 2923 nec
2052 2874 2321 2923 sustineas

747 2960 932 3011 videre
963 2959 1198 3026 speciem
1248 2973 1311 3009 ac
1364 2960 1604 3026 vigorem
1652 2968 1707 3011 et
1739 2958 1926 3011 liorem
1964 2961 2037 3012 tui
2075 2962 2321 3029 corporis

746 3051 1127 3103 miserabiliter
1155 3049 1339 3101 multis
1366 3064 1429 3101 ac
1461 3050 1621 3102 variis
1655 3051 1785 3104 tradi
1823 3052 2102 3119 suppliciis
2135 3071 2146 3104 :
2181 3070 2317 3122 quo-

748 3158 890 3205 rum,
928 3158 959 3196 0
992 3143 1203 3204 mulier,
1241 3142 1480 3195 dedecus
1520 3152 1604 3195 est
1632 3146 1787 3211 longe
1820 3143 1938 3211 ipso
1974 3146 2158 3197 dolore
2200 3162 2317 3213 gra-

748 3234 886 3286 vius.
918 3234 1007 3285 llla
1041 3242 1223 3287 autem
1261 3234 1418 3285 simul
1454 3248 1577 3285 cum
1624 3232 1787 3286 fratre
1844 3234 1991 3302 loqui
2049 3236 2317 3304 incipiens
2347 3216 2388 3271 (ἶ

750 3326 915 3379 veluti
950 3340 1058 3379 uno
1101 3326 1334 3394 quodam
1370 3335 1517 3377 motu
1550 3326 1715 3377 animi
1748 3336 1801 3380 et
1840 3342 2109 3380 consensu
2145 3346 2158 3381 :
2204 3329 2323 3383 Non

752 3416 930 3479 nobis,
996 3418 1273 3479 dixerunt,
1330 3417 1711 3485 persuadebis,
1760 3434 1792 3471 ο
1842 3428 2099 3488 tyranne,
2158 3425 2323 3472 Deum

750 3520 941 3559 verum
990 3515 1041 3559 et
1077 3508 1256 3559 vivum
1291 3518 1600 3575 permutare
1635 3523 1758 3559 cum
1796 3509 2099 3560 simulacris
2126 3518 2326 3561 morta-

752 3598 879 3652 lium
928 3600 1233 3658 hominum.
1282 3614 1383 3649 nec
1423 3600 1467 3649 si
1525 3599 1638 3650 lieri
1674 3599 1892 3667 quidem
1931 3610 2135 3668 posset,
2180 3610 2233 3653 ut
2270 3611 2325 3653 tu

755 3690 1181 3743 innumerabiles
1213 3690 1371 3743 nobis
1416 3701 1624 3741 mortes
1668 3690 1909 3753 allcrres,
1947 3700 2002 3741 et
2046 3706 2153 3741 non
2190 3692 2327 3745 hanc

757 3794 941 3841 unam,
974 3793 1093 3845 qua:
1126 3776 1282 3829 nobis
1309 3776 1391 3829 vel
1423 3777 1489 3829 ab
1520 3776 1635 3845 ipsa
1664 3786 1857 3830 natura
1888 3778 2118 3832 debetur
2140 3796 2326 3834 ncces-

754 3871 918 3927 sario.
974 3870 1099 3924 Hmc
1152 3885 1279 3940 ergo
1334 3884 1457 3923 cum
1508 3870 1794 3931 dixissent,
1847 3881 2113 3939 martyres
2146 3873 2325 3923 statim

759 3962 886 4016 lecti
924 3962 1202 4029 excipiunt
1252 3962 1434 4023 ferrei,
1475 3969 1531 4012 et
1574 3960 1711 4027 ignis
1762 3962 1861 4012 sub
1896 3960 2048 4013 lectis
2078 3960 2329 4012 accendi-

758 4064 863 4107 tur.
892 4054 1092 4106 Aderat
1125 4060 1306 4105 autem
1346 4051 1533 4121 Lysias
1576 4066 1793 4120 quoque
1833 4052 2139 4107 aeelamans
2172 4070 2184 4106 :
2230 4051 2329 4106 Vc-

759 4145 872 4198 niat
901 4146 1170 4205 Christus,
1207 4153 1261 4197 et
1310 4158 1469 4211 opem
1523 4142 1661 4196 lerat
1704 4144 1790 4207 iis,
1839 4144 1929 4212 qui
1967 4160 2063 4212 pro
2088 4146 2204 4214 ipso
2236 4164 2331 4215 pa-

760 4236 987 4289 tiuntur.
1026 4234 1298 4287 Zenobius
1329 4244 1508 4287 autem
1526 4235 1573 4287 ei
1598 4236 1823 4287 honeste
1849 4236 2018 4289 dixit:
2052 4236 2131 4287 Eu
2158 4238 2327 4302 adest,

760 4344 916 4384 suum
957 4344 1130 4381 roreui
1169 4330 1413 4396 prtebcns
1449 4326 1606 4379 nobis
1636 4326 1997 4391 medicinam,
2032 4327 2242 4380 etiamsi
2279 4338 2330 4381 tu

763 4424 866 4475 hoc
906 4436 1012 4474 non
1047 4423 1224 4490 possis
1256 4420 1457 4484 videre,
1495 4433 1619 4472 cum
1663 4418 1742 4473 sis
1773 4419 2145 4475 circumdatus
2185 4428 2332 4474 tanta

764 4513 993 4581 caligine
1026 4512 1342 4579 impietatis.

836 4601 950 4657 VII.
990 4599 1277 4671 Tyrannus
1308 4614 1437 4669 ergo
1465 4614 1587 4652 cum
1620 4600 1831 4655 videret
1863 4615 1957 4655 eos
2000 4610 2105 4654 tam
2138 4617 2331 4673 magno

764 4704 820 4747 et
857 4704 964 4747 tam
997 4693 1123 4747 forti
1156 4693 1341 4745 animo
1375 4690 1652 4761 przeditos,
1700 4691 1751 4743 iu
1798 4692 2084 4761 praesentia
2114 4694 2331 4759 quidem

764 4801 977 4839 cessare
1006 4785 1130 4839 facit
1164 4800 1351 4838 eorum
1377 4786 1698 4849 cruciatum,
1736 4786 1897 4839 simul
1924 4786 2142 4853 quidem
2185 4795 2238 4838 et
2267 4784 2333 4838 ad

765 4889 984 4930 sensum
1030 4876 1229 4929 doloris
1276 4890 1398 4928 eum
1451 4890 1791 4943 nequaquam
1844 4874 2089 4929 sullicere
2139 4878 2331 4932 existi-

770 4986 943 5029 mans,
979 4981 1033 5023 et
1079 4984 1172 5038 spe
1231 4969 1460 5037 quadam
1519 4969 1621 5022 sibi
1672 4968 1959 5023 blandiens
2018 4970 2134 5023 lore
2180 4982 2239 5023 ut
2300 4972 2333 5025 ii

771 5068 1219 5133 persuadeantur.
1267 5070 1319 5117 et
1354 5073 1767 5129 convertantur,
1811 5080 1912 5119 nec
1958 5077 2220 5136 perpetuo
2264 5066 2336 5122 ita

770 5159 869 5211 sibi
907 5159 1039 5212 nihil
1088 5167 1329 5227 pareant.
1368 5158 1501 5212 Cum
1554 5157 1734 5226 itaque
1764 5174 1793 5211 e
1823 5159 1976 5213 lectis
2012 5158 2208 5212 ferreis
2244 5169 2338 5213 eos

772 5252 990 5303 iecisset
1026 5268 1246 5322 surgere
1282 5268 1294 5303 :
1328 5252 1525 5315 Vestri,
1556 5252 1750 5320 inquit,
1784 5254 1944 5307 modo
1983 5252 2334 5319 miseremini,

772 5358 947 5411 neque
974 5344 1043 5397 sit
1082 5346 1217 5396 alter
1252 5345 1402 5399 alteri
1436 5345 1667 5398 invicem
1700 5356 1953 5413 aspectus
1994 5345 2335 5411 miserabilis,

772 5436 938 5489 lrater
972 5443 1098 5490 ante
1123 5437 1308 5489 oculos
1346 5439 1549 5492 sororis
1593 5442 1851 5490 atrociter
1892 5437 2228 5491 interfectus.
2261 5436 2336 5491 Illi

771 5538 949 5581 autem
984 5528 1225 5584 moribus
1250 5537 1304 5581 et
1334 5530 1529 5585 animis
1558 5530 1726 5601 magis
1754 5530 1967 5593 fratres,
2015 5548 2175 5599 quam
2220 5546 2341 5584 cor-

774 5620 1034 5688 poribus:
1070 5620 1208 5685 'l'ibi,
1263 5619 1590 5681 dixerunt,o
1632 5623 1818 5689 judex,
1877 5624 2057 5692 potius
2100 5620 2338 5675 consuli-

773 5727 914 5771 mus,
948 5721 1001 5765 ut
1036 5721 1138 5767 tuae
1163 5716 1355 5769 animae
1386 5712 1617 5783 aliquam
1644 5729 1827 5767 curam
1860 5730 2035 5786 geras,
2061 5723 2114 5768 et
2150 5715 2340 5769 timeas

770 5805 987 5876 quidem
1021 5807 1347 5876 gehennam,
1383 5807 1540 5878 cujus
1570 5807 1730 5863 minae
1764 5808 1855 5862 tibi
1892 5809 2251 5876 intentantur,
2289 5818 2340 5864 et

2422 1952 2594 2014 νοὸία,
2628 1948 2723 2001 καὶ
2750 1947 2939 1998 τοῦτον
2964 1944 3056 1996 ἐπὶ
3086 1942 3178 1994 τοῦ
3206 1941 3366 2005 ξύλου
3393 1937 3729 2005 θεασαμένη,
3752 1935 3980 2005 θάρσους

2420 2061 2477 2097 τε
2508 2042 2603 2095 καὶ
2642 2040 2735 2094 ἀπ’
2763 2038 2934 2107 αὐτῆς
2974 2040 3073 2103 τῆς
3116 2034 3244 2097 θέας
3296 2032 3726 2101 ὑποπλησθεῖσα,
3762 2034 3855 2080 καὶ
3882 2030 3984 2078 πᾶν

2422 2137 2472 2187 εἴ
2500 2152 2552 2186 τι
2601 2131 2843 2202 μαλακὸν
2884 2131 2917 2199 ἢ
2951 2127 3173 2190 ἀσθενὲς
3200 2126 3233 2196 ἦ
3266 2126 3574 2192 γυναικεῖον
3606 2118 3983 2179 ἀποϐαλοῦσα,

2422 2228 2518 2281 καὶ
2550 2226 2765 2296 ἀληθῶς
2804 2224 2887 2275 ὅτι
2919 2222 3163 2274 τοιούτου
3186 2216 3253 2288 ἦν
3282 2218 3474 2287 ἀνδρὸς
3500 2216 3703 2283 ἀδελφὴ
3744 2214 3982 2276 δείξασα,

2433 2318 2693 2383 ’Λλαζὼν,
2722 2317 2848 2385 ἔφη,
2882 2314 3137 2381 τύραννε,
3176 2312 3296 2363 τίνα
3328 2309 3582 2377 τοιαύτην
3612 2308 3984 2376 ἐργασάμενον

2420 2410 2659 2463 ἀτυπίαν
2717 2407 2951 2469 αίκίζεις
2992 2404 3082 2456 τὸν
3125 2401 3380 2469 ἀδελφόν;
3460 2401 3517 2452 ὐ
3570 2400 3646 2459 δὲ,
3687 2398 3751 2466 (ὣ
3800 2399 3983 2457 omni;

2423 2501 2605 2571 ψυχῆς
2644 2499 2739 2553 καὶ
2770 2499 2993 2568 δολερᾶς
3016 2498 3108 2549 καὶ
3128 2493 3480 2561 ἀνελευθέρου
3499 2492 3536 2559 Ξ)
3569 2492 3701 2558 πρὶς
3730 2490 3984 2556 τηλικαῦ-

2424 2612 2522 2662 την
2554 2592 2813 2662 γυναικὸς
2844 2590 3159 2660 παρρησίαν
3188 2588 3307 2654 μεθ’
3333 2587 3464 2651 ὅσης
3500 2583 3835 2653 ὀμαλὸτητος
3859 2586 3987 2632 ἀπο·

2422 2686 2687 2755 κρίνεται,
2721 2685 2806 2735 ἵνα
2834 2686 2927 2735 καὶ
2958 2683 3032 2736 ὡς
3067 2674 3199 2749 θῆλυ
3236 2678 3409 2747 κλέψῃ
3439 2675 3531 2727 καὶ
3576 2676 3648 2736 ὠς
3676 2676 3986 2727 ἀσθενέστε-

2428 2792 2518 2842 ρον
2570 2774 2831 2842 μαλακοῖς
2892 2772 3129 2839 ῥήμασιν
3200 2766 3580 2835 ὲπαγάγηταιῐ
3638 2765 3811 2816 Θῦσον
3861 2766 3985 2832 γαρ,

2426 2866 2576 2934 φησὶ,
2607 2863 2860 2933 Ζηνοδία,
2892 2862 2993 2913 κᾶν
3032 2860 3168 2929 αὐτὴ
3222 2862 3338 2921 τοῖς
3370 2858 3533 2919 θεοῖς,
3568 2858 3661 2907 καὶ
3696 2856 3770 2925 μὴ
3805 2855 3985 2920 σώμα-

2422 2974 2506 3016 τος
2541 2956 2741 3007 οἰκείου
2802 2954 3106 3019 εὐγένειαν,
3143 2950 3234 3002 καὶ
3268 2950 3453 3016 ἀκμὴν
3502 2945 3672 3015 ὥρας,
3709 2946 3805 2995 καὶ
3837 2944 3987 3004 ἄνθος

2425 3051 2673 3115 νεότητος
2708 3048 2834 3097 ἰδεῖν
2890 3045 3139 3104 ἐλεεινῶς
3197 3044 3407 3109 ἀνάσχῃ
3441 3039 3803 3107 πολυτρόποις
3846 3042 3987 3090 αἰκι-

2428 3140 2584 3203 σμοῖς
2645 3134 2983 3200 ἐκδιδὸμενα,
3046 3128 3118 3185 ὧν
3153 3132 3311 3195 πολὺ,
3349 3132 3530 3198 γύναι,
3583 3130 3680 3197 τῆς
3714 3128 3904 3195 ὀδννης
3958 3128 3985 3195 ἡ

2423 3228 2650 3296 αἰσχύνη
2679 3224 3001 3295 βαρύτερον.
3039 3224 3103 3275 Ἢ
3128 3223 3203 3283 δὲ,
3231 3222 3324 3274 τοῦ
3357 3222 3514 3288 λόγου
3546 3222 3643 3271 σὺν
3675 3220 3754 3287 τῷ
3782 3219 3987 3287 ἀδελφῷ

2423 3321 2794 3390 ἐπιλαϐομένη
2820 3361 2833 3384 ,
2867 3317 3117 3387 καθάπερ
3154 3317 3240 3394 ὑφ’
3271 3318 3351 3367 ἐνὶ
3380 3316 3555 3384 ψυχῆς
3589 3314 3878 3381 κινήματι,
3903 3316 3989 3363 καὶ

2425 3412 2839 3479 παραστήματι,
2878 3412 2950 3460 Οὐ
2983 3412 3213 3470 πείσεις,
3254 3406 3428 3467 εἷπον,
3465 3410 3635 3475 ἡμᾶς,
3669 3402 3713 3458 ᾧ
3740 3408 3985 3473 τύραννε,

2426 3502 2559 3554 Θεοῦ
2611 3502 2812 3564 ζῶντος
2873 3499 3129 3567 ἀληθινοῦ
3182 3498 3381 3550 εἴδωλα
3428 3499 3638 3566 θνητῶν
3692 3499 3990 3566 ἀνθρώπων

2426 3593 2757 3656 ἀλλάξασθαι
2788 3594 2898 3645 οὐδ’
2959 3593 3023 3645 ἂν
3058 3593 3106 3644 εί
3141 3591 3236 3645 καὶ
3280 3592 3507 3661 μυρίους
3543 3607 3627 3643 σοι
3670 3592 3897 3643 δυνατὸν
3931 3589 3990 3662 ἧν

2428 3687 2557 3753 ἡμῖν
2596 3685 2858 3746 θανάτους
2892 3687 3216 3749 ἐπαγαγεῖν,
3252 3684 3389 3735 ἀλλὰ
3426 3686 3500 3753 μὴ
3543 3685 3633 3735 τὸν
3666 3686 3763 3735 ἕνα
3809 3685 3993 3737 τοῦτον

2428 3780 2574 3840 ὅστις
2600 3781 2690 3830 καὶ
2720 3776 2848 3845 παρ’
2887 3776 3055 3841 αὐτῆς
3087 3776 3219 3844 ἡμῖν
3259 3773 3475 3842 φύσεως
3509 3776 3829 3842 ἀναγκαίως
3853 3777 3998 3844 ὀφεί-

2429 3872 2599 3925 λεται.
2651 3871 2834 3925 Ταῦτα
2895 3869 3186 3937 τοιγαροῦν
3268 3870 3565 3940 εἰρηκότας
3633 3870 3817 3924 κλῖναι
3877 3872 3994 3929 τοὺς

2434 3963 2721 4029 μάρτυρας
2758 3962 2917 4022 εὐθὺς
2960 3960 3319 4027 ὑποδέχονται
3361 3961 3599 4027 σιδηραῖ,
3628 3966 3722 4011 καὶ
3760 3962 3872 4028 πῦρ
3900 3963 3996 4012 ὑπο

2430 4056 2549 4116 ταῖς
2593 4053 2803 4113 κλίναις
2840 4051 3163 4104 ἁνὰπτεται.
3197 4051 3384 4118 Παρῆν
3416 4052 3469 4102 δὲ
3525 4052 3619 4101 καὶ
3649 4053 3854 4113 Λυσίας
3886 4054 3998 4102 ἑπι-

2433 4148 2665 4216 φωνὼν·
2730 4145 2964 4197 Ἰἰλθέτω
3014 4144 3268 4213 Χριστίς,
3324 4143 3646 4212 βοηθησάτω
3698 4141 3813 4207 τοῖς
3864 4148 3997 4213 ὑπὲρ

2433 4236 2598 4290 αὑτοῦ
2641 4236 2930 4306 πάσχουσι.
2966 4236 3071 4286 Καὶ
3100 4236 3126 4286 ὀ
3161 4236 3417 4303 Ζηνόϐιος
3449 4236 3703 4305 εὐκόσμῳ
3742 4236 3821 4305 τῷ
3857 4236 3993 4306 seu,

2442 4300 2735 4396 Πάρεστῖν,
2773 4327 2982 4392 ἔλεγεν,
3010 4327 3142 4389 ίδοὺ,
3184 4326 3281 4396 τὴν
3310 4326 3441 4397 παρ’
3467 4328 3629 4379 αὑτοῦ
3649 4328 3842 4395 δρόσον
3872 4330 3996 4393 ἴαμα

2438 4422 2698 4491 παρέχων
2743 4420 2899 4489 ἡμῖν,
2953 4421 3000 4471 εἰ
3040 4422 3134 4471 καὶ
3188 4422 3252 4472 σὺ
3302 4420 3491 4473 τοῦτον
3537 4421 3637 4471 οὐκ
3671 4421 3821 4488 ἔχεις
3852 4424 3996 4491 ὀρᾷν,

2358 4554 2411 4611 D
2435 4516 2707 4584 τοσαύτην
2737 4515 2993 4577 ἀσεϐείας
3022 4513 3191 4585 ἀχλὺν
3226 4516 3634 4585 περικείμενος.

2505 4610 2578 4662 Ζ’.
2625 4608 2682 4659 Ὀ
2719 4606 2848 4674 γοῦν
2874 4607 3161 4677 τύραννος,
3187 4606 3359 4668 οὕτως
3411 4608 3607 4671 αὐτοὺς
3640 4609 3788 4679 ὀρῶν
3842 4613 3993 4681 sacri}-

2436 4719 2542 4770 χως
2576 4704 2668 4754 καὶ
2695 4703 3039 4772 καρτερικῶς
3076 4702 3321 4771 ἔχοντας,
3360 4700 3541 4769 ἵστησι
3579 4706 3790 4775 ταύτην
3820 4708 3881 4758 τὸ
3909 4726 4000 4757 πα-

2441 4795 2531 4862 ρδν
2560 4796 2672 4857 τοῖς
2701 4796 2967 4860 γενναίοις
2993 4795 3092 4864 τὴν
3133 4793 3426 4863 τιμωρίαν,
3457 4794 3593 4863 ὁμοῦ
3622 4797 3723 4865 μὲν
3755 4801 3856 4868 οὐχ
3889 4802 4001 4851 ἱκα-

2434 4885 2533 4957 νὴν
2562 4886 2728 4954 αὐτὴν
2754 4888 2832 4948 είς
2860 4886 3050 4955 ὀδύνης
3073 4885 3322 4955 αἴσθησιν
3345 4887 3679 4959 δριμυτέρας
3698 4890 3997 4953 eaeaeae»,

2436 4977 2573 5047 ὁμοῦ
2624 4975 2679 5029 δὲ
2712 4976 2803 5029 καί
2832 4994 2972 5029 τισιν
3001 4976 3215 5028 ἐλπίσιν
3245 4977 3436 5030 ἑαυτὸν
3464 4982 3779 5033 ὑποσαίνων
3807 4982 3881 5043 ὠς
3904 4984 4002 5051 ἄρα

2440 5069 2826 5137 πεισθήσονται
2877 5072 2969 5121 καὶ
3008 5069 3395 5137 μεταϐαλοῦσι,
3446 5073 3541 5125 καὶ
3579 5074 3678 5142 οὐχ
3727 5074 3872 5127 οὕτω
3924 5078 4003 5127 διὰ

2438 5162 2621 5223 τέλους
2644 5162 2849 5214 ἑαυτῶν
2878 5162 3250 5232 ἀφειδήσουσι.
3284 5163 3499 5233 ’Δμέλει
3522 5168 3613 5217 καὶ
3644 5166 3755 5217 τῶν
3778 5167 4004 5237 σιδηρῶν

2439 5254 2664 5306 ἐκείνων
2693 5252 2891 5305 κλινῶν
2930 5252 3130 5315 αὐτοὺς
3180 5254 3510 5324 ἀναστήσας,
3548 5258 3870 5326 Οίκτείρατε
3908 5262 4003 5312 κᾶν

2440 5347 2565 5412 ἄρτι
2594 5345 2838 5408 ἑαυτοὺς,
2868 5343 3023 5413 φησι,
3053 5343 3245 5396 λάϐετέ
3300 5362 3420 5398 τινα
3449 5347 3600 5414 σιξῶν
3630 5351 3812 5402 αὐτῶν
3838 5352 3999 5412 ἔλεον,

2445 5437 2578 5506 μηδὲ
2633 5435 2754 5505 ὄψις
2803 5435 3052 5506 ἀλλήλοις
3114 5437 3308 5506 οἰκτρὰ
3359 5438 3612 5508 γένησθε,
3667 5441 3894 5510 ἀδελφὸς
3946 5446 3999 5493 ἐν

2441 5528 2738 5598 ὀφθαλμοῖς
2791 5526 3019 5593 ἀδελφοῦ
3074 5529 3326 5598 χαλεπῶς
3377 5532 3794 5601 ἀναιρούμενος.
3826 5536 3884 5584 ΟΞ
3945 5533 3994 5583 δὲ

2442 5624 2535 5675 τὸν
2568 5623 2767 5692 τρόπον
2803 5622 3002 5672 ἐκεῖνοι
3037 5622 3238 5690 μᾶλλον
3269 5623 3485 5691 ἀδελφοὶ
3519 5627 3610 5675 καὶ
3639 5626 3735 5685 τὰς
3770 5624 3935 5691 ψυχᾶς
3962 5626 3989 5691 ἦ

2442 5715 2510 5767 τὰ
2538 5715 2787 5784 σώματα,
2814 5714 2902 5765 Σοὶ
2930 5714 3152 5783 μᾶλλον,
3186 5709 3230 5767 ὧ
3259 5715 3515 5779 δικαστά,
3545 5716 3989 5786 συμϐουλεύομεν,

2449 5804 2621 5879 εἶπον,
2658 5809 2849 5863 θέσθαι
2879 5809 2997 5861 τινα
3024 5811 3118 5862 καὶ
3157 5809 3253 5879 τῆς
3292 5810 3489 5863 σαυτοῦ
3519 5810 3697 5879 ψυχῆς
3730 5813 3985 5881 πρόνοιαν,
