4198 6312
218 378 346 441 1317

1086 371 1548 430 MAH'I‘YRIUM
1596 372 1703 431 SS.
1743 368 2051 427 ZENOBH
2088 369 2181 427 ET
2222 371 2587 431 ΖΕΝΟΒΙΛῧ.

3326 377 3462 441 1318

211 488 302 540 καὶ
329 485 626 554 φείσασθαι
661 484 756 553 μὲν
778 483 875 551 τῆς
899 482 1275 552 ὴπειλημένης
1302 483 1525 549 γεέννης
1551 483 1647 534 καὶ
1675 480 1781 533 τῶν

1884 479 2145 548 supplicia
2183 480 2267 532 illa
2321 481 2670 543 immortalia,
2716 481 2965 535 discedas
3016 492 3196 534 autem
3249 483 3317 535 ab
3363 484 3465 536 hoc

208 574 492 628 ἀθανάτων
521 573 744 625 ἐκείνων
772 571 1069 635 κολάσεων,
1096 573 1400 640 ἀποστῆναι
1419 571 1472 622 δὲ
1496 570 1595 639 τῆς
1612 586 1778 637 (pave-

212 669 311 735 ρᾶς
342 664 545 732 ταύτης
600 665 835 731 ἀπάτης,
872 662 988 730 Θεῷ
1049 679 1107 713 τε
1166 661 1482 731 προσελθεῖν
1537 660 1778 731 ἀληθινῷ

211 756 303 805 καὶ
336 758 400 823 τῇ
440 754 718 822 εὐσεϐείᾳ.
755 752 863 805 Καὶ
893 752 998 803 οἵδε
1031 753 1189 820 ⁴ἡμεῖς
1250 752 1515 820 ἐγγυηταί
1550 768 1630 804 σοι
1663 751 1777 819 ἅμα

213 849 301 898 καὶ
349 846 685 916 πρεσϐευταὶ
708 847 774 896 τὰ
818 844 955 914 πρὸς
990 843 1154 895 αὐτὸν
1209 843 1303 896 καὶ
1342 844 1662 912 βεϐαιωταὶ,
1696 844 1778 895 ὅτι

212 941 303 988 καί
334 937 653 1000 ἀποδέξεται
700 936 797 1004 τῆς
834 936 1162 1005 μεταϐολῆς,
1192 937 1286 989 καὶ
1318 937 1604 1004 προσηνῶς
1643 936 1779 988 ὑπο-

208 1030 442 1095 δέξεται,
475 1030 569 1083 καὶ
603 1029 825 1095 ἀγαθῶν
860 1029 1083 1091 ἀξιώσει
1116 1029 1223 1081 τῶν
1272 1029 1620 1099 ἀπορρήτων.
1664 1028 1777 1095 Ἐφ’

209 1116 288 1183 οἷς
321 1123 650 1190 θερμότερος
685 1120 872 1188 ῶσπερ
928 1120 1026 1190 τὴν
1064 1120 1266 1173 λύσσαν
1302 1122 1519 1190 ἐκείνην
1553 1121 1645 1173 καὶ
1679 1120 1780 1188 τὴν

215 1216 413 1283 μανίαν
471 1210 711 1280 γεγονὼς
741 1215 767 1265 ὁ
798 1212 1003 1275 Λυσίας
1062 1213 1250 1284 λέϐησι
1306 1215 1403 1281 μὲν
1437 1214 1779 1283 ἐμϐληθῆναι

208 1307 307 1375 τὴν
336 1304 543 1371 ἀγαθὴν
567 1304 735 1367 ὄντως
768 1307 931 1357 δυάδα
960 1309 1307 1374 προστάττει.
1344 1308 1451 1359 Κάὶ
1480 1310 1526 1359 οἱ
1555 1307 1780 1375 λέϐητες

212 1400 322 1470 πῦρ
354 1398 596 1452 κάτωθεν
618 1394 760 1467 εἶχον
785 1399 1028 1465 σφοδρῶς
1052 1400 1445 1467 ἀναπτόμενον.
1478 1399 1702 1461 Στάντες
1725 1401 1781 1452 δὲ

214 1494 317 1563 πρὸ
343 1493 448 1545 τῶν
475 1492 715 1562 λεϐήτων
751 1494 967 1553 ἐκεῖνοι,
992 1493 1085 1544 καὶ
1144 1492 1453 1562 tensum;
1505 1493 1639 1561 μετὰ
1690 1494 1783 1546 καὶ

212 1585 306 1652 τῆς
351 1585 527 1653 ψυχῆς
578 1587 654 1647 εἰς
687 1584 949 1652 οὐρανοὺς
972 1584 1369 1648 ἀνατείναντες,
1402 1584 1569 1655 Κύριε
1608 1585 1780 1654 Ἰησοῦ

213 1676 436 1744 Χριστὲ,
463 1675 489 1725 ὁ
508 1676 595 1744 τῆς
626 1676 843 1744 εἰρήνης
863 1675 1014 1739 θεδςν
1041 1676 1095 1726 ὲν
1116 1676 1305 1746 εἰρήνῃ
1325 1675 1472 1739 δέξαι
1489 1676 1586 1738 τὰς
1610 1677 1783 1745 ψυχὰς

213 1767 391 1833 ἡμῶν,
421 1763 591 1819 εἷπον.
629 1768 735 1817 Καὶ
761 1765 895 1835 μετὰ
924 1768 1020 1836 τὴν
1064 1767 1227 1836 εὐχὴν
1253 1770 1300 1819 οἱ
1331 1767 1550 1836 λέϐητες
1586 1768 1785 1829 αὐτοὺς

215 1856 416 1918 εὐθέως
449 1858 773 1925 ἐλάμϐανον,
824 1860 917 1908 καὶ
950 1858 1007 1909 τὸ
1058 1857 1157 1926 μὲν
1190 1861 1245 1910 ὲν
1288 1860 1469 1920 αὐτοῖς
1515 1858 1655 1926 ὕδωρ
1692 1860 1782 1912 καὶ
1818 1839 1854 1891 Β

214 1948 378 1999 αὑτοῦ
418 1950 584 2017 πυρὶς
616 1948 722 2011 ἕξει
746 1950 1105 2018 σφοδρότερον
1128 1965 1138 1977 ·
1175 1950 1233 2002 τὸ
1264 1950 1317 2002 δὲ
1345 1950 1453 2001 τῶν
1489 1950 1782 2020 μαρτύρων

214 2040 428 2107 ζεῦγος,
471 2043 618 2104 θείας
646 2042 786 2103 τινος
816 2042 1022 2095 ἄνωθεν
1052 2042 1359 2110 αἰσθόμενοι
1392 2042 1606 2112 δρόσου,
1632 2044 1787 2115 ᾅδον-

213 2149 305 2191 τες
344 2134 524 2201 ἠρέμα
552 2133 774 2201 ἐξῄεσαν
803 2149 815 2161 ’
848 2136 880 2202 ἡ
916 2133 1026 2203 ᾠδὴ
1076 2133 1129 2184 δὲ
1162 2128 1229 2201 ἦν
1250 2150 1263 2160 ο
1287 2150 1303 2183 ι
1344 2132 1591 2196 Ἒσωσας
1620 2137 1786 2204 ἡμᾶς,

215 2224 409 2289 Κύριε,
444 2225 503 2273 ἐκ
545 2223 649 2273 τῶν
684 2223 974 2278 Θλιϐὀντων
1008 2224 1178 2293 ἡμᾶς,
1214 2226 1306 2275 καὶ
1336 2224 1461 2286 τοὺς
1502 2226 1788 2295 μισοῦντας

213 2316 359 2383 ἡμᾶς
390 2317 751 2384 κατήσχυνας.
784 2337 802 2369 ι

286 2402 363 2456 11’.
412 2404 694 2459 Ἐντεῦθεν
747 2411 773 2460 ὀ
825 2409 1051 2477 Λυσίας,
1085 2410 1184 2479 τὴν
1236 2409 1536 2479 μεταϐολὴν
1582 2410 1786 2464 παντά-

215 2514 382 2548 πασιν
429 2499 759 2563 ἀπελπίσας,
814 2502 912 2567 τὴν
960 2502 1279 2554 τελευταίαν
1314 2503 1434 2555 κατ’
1468 2502 1647 2555 αὐτῶν
1697 2504 1785 2556 διὰ

213 2589 397 2657 ξίιρους
450 2593 629 2644 δίδωσι
664 2593 860 2661 ψῆςον.
899 2594 1005 2644 Καὶ
1048 2598 1242 2662 τειχῶν
1285 2597 1390 2661 ἕξω
1416 2596 1513 2664 τῆς
1545 2597 1784 2662 Αἰγαίων

211 2686 351 2733 κατα
384 2682 443 2733 τὸ
476 2682 570 2735 τοῦ
619 2685 815 2735 Λυσίου
851 2686 1179 2753 προσταγμα
1209 2686 1255 2736 οἱ
1302 2687 1447 2753 ἅγιοι
1479 2688 1784 2754 γενόμενοι,

212 2774 305 2825 καὶ
339 2776 614 2841 προσευχῇ
650 2775 812 2827 πάλιν
850 2777 1079 2837 ἑαυτοὺς
1106 2777 1419 2840 δεδωκότες,
1453 2779 1786 2847 Εὑχαριστοῦ

211 2863 311 2932 μέν
344 2880 448 2929 σοι,
487 2863 686 2933 Χριστὲ
724 2866 750 2915 ὁ
784 2867 935 2925 Θεὸς,
971 2861 1146 2928 εἶπον,
1182 2869 1261 2916 ὅτι
1291 2869 1379 2917 τδν
1410 2870 1608 2937 δρίίλον
1638 2871 1785 2938 ἡμᾶς

207 2955 426 3007 τελέσαι
461 2956 716 3025 ἠξίωσας,
771 2956 869 3025 τὴν
925 2956 1107 3010 πίστιν
1151 2957 1413 3027 τηρῆσαι,
1471 2961 1561 3012 τὸν
1599 2963 1784 3026 ἀγῶνα

206 3048 297 3099 τὸν
332 3049 497 3101 καλὸν
532 3048 926 3116 ἀγωνίσασθαι.
961 3049 1132 3113 Αὐτὸς
1159 3051 1274 3117 οὖν,
1330 3051 1525 3121 Κύριε,
1565 3053 1659 3103 καὶ
1690 3052 1781 3103 τοῦ

1884 588 2071 627 errore
2105 574 2420 640 manifesto,
2461 582 2516 627 et
2563 575 2627 627 ad
2665 572 2831 627 Deum
2880 590 3066 628 verum
3115 574 3373 640 accedas,
3410 588 3467 629 et

1882 664 1947 717 ad
1988 665 2265 733 pietatem.
2320 665 2426 719 Nos
2468 675 2651 719 autem
2700 667 2792 719 tibi
2825 669 3032 719 erimus
3093 668 3234 735 apud
3291 666 3459 719 Deum

1884 757 2293 818 intercessores,
2343 771 2744 826 sponsoresque
2784 767 2839 811 et
2894 757 3266 825 lidejussores.
3317 761 3464 827 quod

1883 857 2159 916 acceptam
2207 856 2351 900 tuam
2401 849 2621 902 habebit
2653 852 3104 913 conversionem,
3147 860 3201 904 et
3253 860 3301 904 te
3343 851 3464 919 ιιίειο

1885 938 2001 992 cide
2048 938 2312 1008 excipiet,
2371 948 2427 993 et
2478 940 2789 1010 dignabitur
2840 941 2998 994 bonis
3064 941 3459 994 ineliabilibus.

1885 1030 2112 1098 Propter
2146 1045 2263 1099 qua:
2295 1030 2484 1100 Lysias
2510 1034 2657 1086 rabie
2688 1034 2920 1101 quadam
2956 1042 3008 1085 et
3054 1034 3239 1086 furore
3284 1034 3462 1087 factus

1883 1122 2081 1184 acrior,
2112 1121 2263 1185 jubet
2290 1121 2417 1175 illud
2446 1139 2541 1192 par
2573 1140 2698 1177 vere
2733 1126 2932 1176 bonum
2969 1125 3116 1191 injici
3148 1126 3199 1177 in
3230 1126 3459 1178 lebetes.

1884 1211 2119 1267 chetes
2166 1223 2345 1267 autem
2396 1217 2585 1269 sobtus
2638 1216 2910 1269 habebant
2951 1216 3126 1284 ignem
3174 1216 3327 1268 valde
3376 1231 3465 1269 ac-

1884 1321 2131 1361 censum.
2164 1304 2240 1359 Illi
2268 1323 2395 1360 vero
2431 1316 2637 1361 stantes
2677 1318 2803 1360 ante
2854 1307 3081 1368 lebetes,
3129 1323 3250 1362 cum
3281 1307 3466 1361 oculos

1885 1398 2043 1451 simul
2075 1412 2195 1450 cum
2229 1399 2407 1451 anima
2440 1401 2491 1451 in
2524 1401 2719 1453 coelum
2753 1400 3117 1463 sustulissent,
3157 1400 3411 1452 dicebant
3450 1418 3464 1451 :

1886 1488 2111 1542 Domine
2149 1489 2273 1543 Jesu
2310 1490 2557 1556 Christe,
2604 1491 2747 1543 Deus
2773 1491 2940 1559 pacis,
2989 1493 3202 1558 snseipe
3251 1492 3301 1541 in
3338 1505 3466 1558 pace

1888 1580 2097 1635 animas
2139 1591 2378 1634 nostras.
2417 1581 2610 1636 Finitis
2661 1582 2929 1650 precibus,
2964 1598 3058 1635 eos
3097 1582 3277 1635 statim
3310 1596 3466 1634 exce-

1890 1681 2085 1739 perunt
2120 1673 2358 1738 lebetes;
2392 1683 2451 1727 et
2485 1690 2603 1742 qua:
2644 1683 2761 1728 erat
2814 1674 2866 1726 in
2904 1675 2984 1726 eis
3023 1675 3242 1741 quidem
3299 1689 3462 1741 aqua,

1892 1765 1974 1816 vel
2026 1766 2144 1833 ipso
2172 1766 2293 1834 igne
2340 1766 2585 1817 fervebat
2652 1766 3047 1818 vehementius.
3114 1763 3213 1816 l’ar
3281 1776 3462 1816 autem

1889 1866 2206 1924 martyrum,
2249 1872 2373 1909 cum
2422 1857 2665 1909 divinum
2705 1856 2991 1923 quemdam
3042 1870 3222 1908 rorem
3256 1855 3323 1907 ab
3355 1857 3466 1906 alto

1889 1948 2169 2012 sensisset,
2221 1965 2422 2002 canens
2474 1950 2674 2002 sensim
2722 1958 2806 2001 est
2846 1963 3117 2017 egressus.
3175 1948 3461 2001 Canticum

1889 2049 2071 2093 autem
2098 2050 2244 2093 erat:
2282 2060 2299 2091 ι
2333 2040 2569 2094 Servasti
2599 2057 2718 2101 nos,
2749 2040 2995 2104 Domine,
3030 2040 3204 2100 abiis,
3240 2040 3329 2107 qui
3365 2057 3464 2093 nos

1889 2130 2158 2201 afﬂigunt;
2210 2141 2265 2186 et
2294 2147 2407 2199 eos,
2434 2132 2525 2202 qui
2562 2147 2660 2187 nos
2690 2132 2814 2187 odio
2853 2134 3070 2198 habent,
3108 2133 3331 2187 aliecisti
3364 2148 3466 2201 pu—

1888 2222 2040 2278 dore.
2083 2242 2101 2274 ι

1963 2423 2095 2479 νιιι.
2136 2425 2404 2481 Caeterum
2436 2428 2618 2497 Lysias
2642 2446 2762 2483 cum
2793 2445 2977 2484 eorum
3004 2432 3321 2485 mutationis
3343 2447 3470 2486 om-

1886 2533 2010 2572 nem
2067 2534 2217 2589 spem
2269 2522 2577 2589 ahjecisset,
2639 2524 2880 2575 ultimam
2927 2524 3030 2576 fert
3085 2526 3136 2575 in
3183 2538 3276 2576 eos
3336 2539 3464 2578 sen-

1890 2608 2134 2671 tentiam,
2180 2619 2236 2662 ut
2271 2611 2447 2680 gladio
2488 2611 2652 2664 vitam
2691 2612 2901 2664 finiant.
2930 2613 3065 2666 Cum
3105 2614 3284 2683 itaque
3314 2626 3464 2669 extra

1885 2716 2069 2755 muros
2112 2703 2345 2758 civitatis
2405 2704 2712 2775 JEgzeorum
2766 2708 2994 2760 fuissent
3046 2712 3237 2770 sancti,
3275 2712 3466 2777 utjus-

1887 2803 2029 2846 serat
2060 2793 2268 2864 Lysias,
2298 2805 2351 2847 et
2382 2811 2438 2848 se
2463 2812 2648 2849 rursus
2692 2799 2971 2849 dedissent
3009 2801 3259 2866 precibus
3290 2818 3302 2851 :
3340 2802 3464 2869 Agi-

1885 2900 2005 2937 mus
2041 2886 2137 2939 tibi
2173 2886 2394 2954 gratias,
2429 2886 2645 2940 Christe
2678 2887 2841 2953 Deus,
2884 2888 3166 2952 dicebant,
3201 2892 3341 2958 quod
3376 2894 3464 2944 di-

1884 2990 2080 3047 gnatus
2130 2982 2204 3032 sis
2240 2978 2476 3045 elliccre,
2512 2989 2570 3032 ut
2606 2980 2807 3033 bonum
2843 2994 3121 3034 certamen
3155 2984 3463 3038 decertare-

1885 3084 2027 3130 mus,
2080 3085 2301 3121 cursum
2344 3086 2868 3137 consummaremos,
2907 3074 3063 3125 lidem
3099 3090 3461 3130 servaremus.

209 3138 463 3207 βραϐείου
505 3145 795 3211 μετασχεῖν
824 3143 969 3211 ἡμᾶς
999 3145 1094 3210 τῆς
1134 3144 1385 3215 κλήσεως
1415 3145 1512 3212 τῆς
1541 3146 1651 3199 ἀνω
1695 3146 1780 3197 εὑ-

1888 3160 2007 3215 Tibi
2054 3176 2180 3231 ergo
2216 3162 2438 3229 placeat,
2501 3178 2533 3217 ο
2568 3161 2814 3224 Domine,
2864 3175 2919 3217 ut
2965 3167 3137 3219 simus
3172 3170 3464 3239 participes

204 3230 451 3298 δοκησον,
482 3233 573 3281 καὶ
602 3234 740 3297 μετᾶ
770 3234 880 3284 τῶν
911 3235 1395 3304 εὐαρεστησαντων
1422 3236 1498 3305 τῴ
1525 3236 1665 3304 ἁγίῳ
1688 3253 1778 3288 σου

206 3323 301 3371 καὶ
350 3322 651 3391 θαυμαστῷ
684 3324 906 3390 ὀνόματι
946 3329 1355 3394 συναρίθμησον
1382 3345 1394 3357 ο
1430 3330 1507 3377 ὅτι
1556 3330 1781 3393 εὐλογη-

203 3411 293 3473 τὸς
319 3406 369 3463 εἷ
394 3415 472 3473 είς
499 3414 624 3474 τοὺς
660 3414 883 3476 αἰῶνας.
918 3416 1026 3466 Καὶ
1076 3421 1420 3485 παραχρῆμα
1446 3417 1604 3486 ἔργον
1641 3413 1708 3488 ἦν
1745 3420 1776 3488 ἡ

204 3505 360 3574 εὐχή.
395 3506 500 3559 Καί
546 3524 629 3570 τις
665 3507 869 3560 ἀνωθεν
911 3509 1267 3578 ἀπηχουμένη
1304 3512 1454 3578 ςωνὴ
1503 3511 1625 3571 τοὺς
1661 3526 1780 3561 στε-

202 3599 402 3664 φάνους
438 3600 618 3661 αὐτοῖς
650 3600 1038 3667 ἐπηγγέλλετο,
1083 3606 1176 3651 καὶ
1210 3603 1345 3668 πρὸς
1398 3604 1578 3650 ἐκεῖνα
1620 3616 1777 3667 μετε-

203 3690 424 3739 καλεῖτο
466 3691 592 3749 τοὺς
638 3690 901 3756 ἀθλητὰς,
951 3684 1024 3743 ὧν
1070 3692 1166 3741 καὶ
1216 3692 1301 3744 διὰ
1338 3692 1430 3743 τοῦ
1469 3694 1775 3763 μαρτυρίου

202 3777 406 3837 παντὸς
438 3778 716 3846 ἐπιτυχεῖν
743 3779 998 3848 ηὔχοντο.
1028 3782 1138 3850 Τῆς
1163 3782 1217 3833 δὲ
1243 3786 1424 3851 φωνῆς
1450 3786 1653 3852 ταύτης
1685 3786 1777 3837 καὶ

200 3871 250 3920 οἱ
303 3871 571 3939 παρόντες
611 3872 965 3933 ἀκούσαντες.
1019 3875 1308 3926 πίπτουσιν
1364 3878 1454 3927 ἐπὶ
1495 3880 1594 3945 γῆς
1630 3894 1775 3947 πρη-

201 3966 310 4027 νεῖς
344 3967 434 4017 καὶ
469 3965 858 4033 δεδακρυμένοι
884 3966 958 4033 τῷ
994 3965 1281 4034 παραδόξῳ
1310 3971 1407 4037 τῆς
1435 3970 1771 4037 ἀκροάσεως.

199 4059 510 4126 ἰ’ριακοστῇ
553 4061 649 4127 μὲν
679 4054 770 4110 οὖν
809 4057 1135 4128 Ὀκτωϐρίου
1166 4060 1262 4122 τὰς
1288 4061 1524 4127 κεφαλὰς
1553 4063 1600 4112 οἱ
1635 4063 1775 4133 μάρ-

198 4167 362 4219 τυρες
396 4154 812 4220 ἀποτέμνονται.

273 4242 346 4292 ω’.
379 4243 457 4293 Τὰ
513 4242 567 4292 δὲ
595 4242 800 4291 τούτων
834 4240 955 4306 ἱερὰ
1016 4242 1243 4311 σώματα
1295 4244 1401 4313 πρὸ
1433 4245 1531 4315 τῆς
1570 4246 1772 4310 πόλεως

199 4332 465 4402 έρῤιμένα
537 4332 873 4401 Ἑρμογένης
923 4333 1015 4385 καὶ
1062 4336 1220 4398 Γαῖος
1290 4339 1338 4389 οἱ
1388 4340 1769 4408 πρεσϐύτεροι,

200 4425 423 4492 βαθείας
479 4426 670 4487 νυκτὸς
722 4427 838 4492 ἅμα
902 4426 1234 4497 ἀνελόμενοι,
1288 4428 1463 4499 σοροίς
1516 4447 1573 4482 τε
1628 4434 1766 4498 ἄγαν

197 4520 446 4583 εὐλαϐῶς
491 4521 586 4574 καὶ
618 4520 780 4581 ὁσίως
811 4519 1119 4589 ἐνθέμενοι,
1151 4525 1209 4574 ὲν
1239 4524 1317 4592 τῷ
1366 4527 1541 4577 ἐκεῖσε
1588 4526 1767 4595 κρύπο
1799 4516 1847 4576 D

196 4629 345 4664 τουσι
380 4612 649 4681 σπηλαίῳ.
685 4611 979 4663 Ἐδεδίεσαν
1012 4615 1119 4683 γὰρ
1149 4614 1255 4666 τῶν
1278 4617 1491 4668 ἀσεϐῶν
1515 4618 1613 4685 τὴν
1638 4621 1768 4683 ini]-

197 4722 370 4776 ρειαν,
405 4705 481 4773 μὴ
517 4709 608 4756 καὶ
648 4706 825 4759 αὐτῶν
860 4709 1089 4769 ἐκείνοις
1116 4708 1223 4761 τῶν
1267 4709 1532 4777 λειψάνων
1568 4710 1767 4780 φθονή-

196 4813 384 4849 σωσιν.
418 4795 572 4848 Οὕτω
592 4797 679 4850 διὰ
720 4801 937 4851 πάντων
962 4799 1141 4862 αὐτοῖς
1174 4800 1240 4852 τὰ
1276 4802 1374 4869 τῆς
1404 4802 1765 4871 ἀδελφότητος

195 4890 457 4957 ἐτηρήθη,
487 4895 577 4941 καὶ
608 4893 793 4960 κοινὴν
823 4896 920 4960 τὴν
952 4895 1258 4961 ὁμολογίαν,
1292 4898 1477 4966 κοινὴν
1516 4900 1606 4950 καὶ
1665 4900 1764 4968 τὴν

193 4980 440 5052 ἄθλησιν’
480 4986 848 5052 ἐποιήσαντο·
899 4992 991 5038 και
1048 4985 1232 5056 ὥσπερ
1300 4991 1428 5057 μιᾶς
1495 4990 1765 5057 προῆλθον

192 5075 453 5143 γαττρδς,
491 5074 633 5127 οὕτω
664 5078 757 5127 καὶ
790 5078 951 5138 τόπος
979 5073 1058 5139 εἷς
1083 5082 1409 5147 ἀμφοτέρων
1439 5083 1504 5133 τα
1536 5081 1765 5150 σώματα

190 5164 427 5231 δέχεται,
465 5168 555 5216 καὶ
592 5169 689 5235 μία
727 5168 901 5236 σκηνὴ
972 5171 1133 5220 πάλιν
1168 5173 1366 5233 αὐτοὺς
1406 5175 1462 5225 ἐν
1514 5173 1764 5242 οὐρανοῖς

193 5256 536 5326 ὑποδέχεται,
570 5261 647 5320 εἰς
678 5258 831 5322 δοξαν
866 5261 958 5311 τοῦ
989 5263 1191 5329 Κυρίου
1223 5264 1377 5332 ἡμῶν
1420 5264 1593 5333 Ἰησοῦ
1630 5267 1765 5334 Χρι-

192 5349 340 5411 στοῦ,
379 5344 421 5415 ᾧ
452 5352 649 5419 πρέπει
707 5356 855 5407 πᾶσα
895 5357 1256 5426 μεγαλωσύνη
1293 5374 1349 5408 τε
1400 5360 1495 5409 καὶ
1535 5362 1763 5428 μεγαλο-

190 5442 427 5508 πρέπεια
454 5444 548 5495 νῦν
572 5447 664 5497 καὶ
688 5448 773 5500 ἀεὶ
798 5448 888 5500 καὶ
915 5452 992 5509 εἰς
1016 5450 1141 5511 τοὺς
1167 5450 1364 5511 αἰῶνας
1393 5451 1499 5503 τῶν
1529 5454 1755 5509 αἰώνων.

202 5531 256 5581 Ἀ
268 5532 393 5598 μήν,

308 5713 447 5765 Psal.
482 5730 627 5776 XLIX,
657 5718 709 5770 8.

1889 3254 2091 3322 praemii
2125 3268 2375 3322 snperna:
2404 3254 2705 3309 vocationis
2734 3272 2745 3306 :
2776 3266 2831 3309 et
2861 3273 2961 3309 nos
2987 3259 3126 3311 refer
3185 3261 3236 3312 in
3270 3277 3463 3316 nume-

1887 3357 2005 3394 rum
2039 3357 2250 3405 eorum,
2297 3344 2387 3412 qui
2436 3345 2760 3413 placuerunt
2818 3356 3003 3399 saneto
3048 3357 3139 3401 tuo
3192 3361 3245 3402 et
3292 3352 3465 3403 admi-

1887 3430 2058 3484 rando
2096 3436 2341 3497 nomini;
2373 3436 2631 3502 quoniam
2682 3452 2740 3489 es
2789 3438 3108 3493 benedictus
3150 3442 3202 3494 in
3243 3446 3460 3497 saecula.

1886 3523 2075 3577 Statim
2125 3534 2306 3579 autem
2352 3541 2543 3594 preces
2592 3526 2823 3581 eﬂ'ectus
2856 3541 2938 3583 est
2986 3546 3357 3589 consecutus:
3408 3548 3462 3590 et

1886 3631 1992 3669 vox
2026 3621 2271 3684 quaedam
2308 3634 2576 3671 resonans
2611 3638 2641 3673 ε
2674 3624 2832 3697 caelo.
2861 3626 2940 3678 eis
2977 3626 3214 3695 pollicita
3249 3639 3333 3680 est
3371 3644 3463 3682 eo-

1888 3724 2070 3770 ronas,
2106 3719 2160 3763 et
2202 3710 2267 3762 ad
2302 3711 2387 3762 illa
2420 3710 2685 3764 evocabat
2711 3715 2967 3777 athletas,
3002 3734 3122 3784 qua:
3158 3720 3237 3771 illi
3268 3737 3460 3774 conse-

1884 3802 1973 3869 qui
2007 3802 2265 3866 optabant
2297 3818 2393 3868 per
2418 3805 2758 3870 martyrium.
2784 3804 2919 3858 Cum
2949 3819 3130 3861 autem
3152 3812 3459 3865 audiissent

1884 3904 2069 3942 vorem
2107 3888 2162 3950 ii,
2204 3891 2294 3958 qui
2324 3891 2570 3955 aderant,
2606 3894 2750 3944 humi
2781 3899 2985 3946 cadunt
3014 3900 3169 3965 proni
3199 3910 3255 3952 et
3286 3902 3459 3972 laci-y-

1884 3994 2094 4037 mantes
2125 3994 2341 4051 prepter
2372 3986 2745 4039 admirabilem
2777 3987 2918 4040 illam
2955 3990 3317 4045 auditionem.
3352 4000 3458 4046 At—

1882 4092 1988 4144 que
2041 4076 2318 4128 tricesimo
2366 4078 2583 4142 quidem
2623 4079 2825 4131 mensis
2872 4081 3126 4135 Octobris
3171 4096 3449 4153 amputata

1882 4168 2103 4220 fuerunt
2129 4169 2303 4237 capita
2341 4169 2689 4238 martyribus.

1952 4280 2043 4335 IX.
2089 4279 2253 4336 Sacra
2307 4293 2489 4337 autem
2543 4284 2759 4338 illorum
2805 4301 3032 4355 corpora
3087 4302 3212 4345 ante
3264 4294 3451 4348 urbem

1879 4376 2144 4447 projecta,
2170 4390 2292 4428 cum
2324 4374 2692 4444 Hermogenes
2724 4388 2778 4429 et
2807 4377 2968 4431 Caius
3003 4382 3298 4451 presbyteri
3330 4400 3453 4453 pro-

1878 4465 2045 4519 funda
2083 4474 2245 4519 nocte
2278 4480 2400 4518 cum
2458 4465 2569 4517 suis
2600 4463 2973 4531 sustulissent,
3018 4469 3215 4538 pieque
3260 4473 3452 4529 admo.

1875 4555 2003 4608 dum
2036 4564 2223 4607 sancte
2250 4564 2305 4607 et
2338 4554 2529 4609 loculis
2555 4555 2966 4625 imposuissent,
2998 4567 3245 4616 condunt
3275 4564 3329 4616 in
3360 4580 3448 4627 ea,

1875 4660 1995 4714 qua:
2023 4644 2130 4699 illic
2164 4654 2302 4711 erat,
2348 4646 2627 4715 spelunca.
2661 4646 2949 4703 'l‘imebant
2993 4654 3136 4706 enim
3177 4655 3447 4711 insultum

1876 4738 2191 4808 impiorum,
2235 4754 2303 4792 nc
2340 4738 2445 4791 illis
2481 4739 2642 4790 etiam
2695 4740 3006 4794 inviderent
3039 4747 3313 4813 reliquias.
3370 4750 3449 4802 Ita

1874 4829 1975 4883 fuit
2005 4831 2207 4882 sanctis
2232 4830 2317 4881 his
2344 4828 2606 4883 fratribus
2634 4829 2687 4883 in
2716 4832 2969 4885 omnibus
2994 4847 3311 4891 conservata
3338 4839 3450 4894 fra-

1876 4922 2123 4985 ternitas,
2164 4932 2217 4975 et
2246 4937 2590 4975 communem
2637 4924 3061 4989 confessionem,
3097 4941 3446 4986 communem

1869 5014 2033 5067 etiam
2072 5015 2321 5068 fecerunt
2353 5015 2779 5068 decertationem
2810 5034 2821 5068 :
2852 5027 2904 5069 ct
2934 5018 3209 5084 quomodo
3240 5036 3304 5073 ex
3333 5038 3447 5075 uno

1872 5118 2029 5161 utero
2075 5106 2419 5174 prodierunt,
2473 5104 2545 5159 ita
2596 5107 2759 5160 etiam
2814 5123 2954 5161 unus
3004 5109 3155 5164 locus
3203 5116 3445 5183 suscepit

1869 5200 2149 5266 utriusque
2178 5213 2407 5267 corpora
2440 5216 2451 5251 ;
2486 5198 2551 5251 ad
2586 5200 2811 5269 gloriam
2863 5200 3076 5254 Domini
3108 5206 3276 5258 nostri
3307 5207 3436 5259 Jesn

1867 5292 2086 5353 Chrisu,
2136 5290 2221 5343 cui
2272 5290 2439 5355 gloria
2484 5300 2535 5344 et
2586 5292 2822 5358 potentia
2871 5307 3014 5348 nunc
3056 5294 3196 5349 etin
3243 5298 3435 5353 saecula

1873 5383 2215 5436 sxculorum.
2266 5384 2456 5435 Arnen.
