4198 6312
206 362 336 429 i321

270 478 329 531 Γ.
365 475 497 529 Τότε
531 472 712 527 τοίνυν
753 469 852 524 οὑκ
883 463 952 541 ἦν
996 468 1077 522 ἔτι
1129 466 1357 525 ἀνεκτὸν
1404 466 1690 538 Ἐπιμάχῳ
1733 463 1765 533 ἡ
1800 467 1846 525 Α

203 569 408 641 ἐρημία
442 566 534 621 καὶ
582 565 643 618 τὸ
704 562 937 635 ἄμικτον
970 562 1152 615 ἐκεῖνο
1186 557 1281 613 τοῦ
1339 559 1455 629 βίου
1489 559 1582 613 καὶ
1622 559 1769 610 ἀκοι-

202 663 462 733 νώνητον.
535 658 696 712 Ἀλλά
757 655 834 727 τῷ
891 654 1079 726 θερμῷ
1140 652 1271 720 περὶ
1328 650 1427 722 τὴν
1486 649 1770 702 εὐσέϐειαν

203 754 368 825 ζήλῳ,
396 752 495 823 τὴν
530 748 709 819 ψυχὴν
748 747 1086 819 σφοδρότατα
1106 743 1367 813 κινηθεὶς,
1401 742 1495 794 καὶ
1531 740 1670 793 ὥστε
1698 741 1771 811 μὴ

201 846 407 916 ταύτην
432 840 766 911 ὑϐρίζεσθαι,
803 842 896 892 καὶ
919 840 1061 907 ζωῆς
1090 837 1204 906 ἅμα
1226 836 1318 887 καὶ
1346 832 1577 905 ἡσυχίας
1602 849 1770 885 κατα-

205 942 513 1010 φρονήσας,
550 934 798 989 κάτεισιν
845 934 924 995 είς
960 930 1131 1000 μέσην
1170 929 1267 997 τὴν
1316 927 1470 980 πόλιν
1511 927 1620 980 ἀπὸ
1672 924 1770 994 τῆς

202 1031 459 1100 ἐρημίας,
494 1027 744 1098 πρόσεισι
784 1025 842 1077 δὲ
891 1023 971 1093 τῷ
1018 1020 1327 1093 τυραννικῷ
1363 1021 1567 1090 βήματι
1607 1019 1772 1090 μηδὲν

203 1121 521 1188 ὑποπτήξας
554 1117 664 1170 τῶν
694 1116 1015 1186 ὁρωμένων,
1050 1114 1218 1184 μηδὲν
1249 1113 1357 1165 τῶν
1387 1112 1570 1181 φοϐεῖν
1606 1110 1769 1163 δυνα-

206 1213 378 1280 μένων
419 1209 814 1275 καταπλαγεὶς,
858 1208 954 1260 καὶ
993 1209 1152 1259 τοῦτο
1192 1205 1411 1276 πρῶτον
1462 1204 1769 1274 ἀρίστευμα

200 1307 298 1371 τῆς
334 1302 652 1371 θαυμαστῆς
684 1298 850 1352 αὐτοῦ
887 1301 1123 1352 ποιεῖται
1160 1298 1363 1368 ψυχῆς.
1407 1292 1541 1349 Εἶτα
1572 1293 1770 1347 καθαι-

204 1397 287 1465 ρεῖ
322 1395 419 1463 μὲν
465 1391 742 1445 είδωλικδν
791 1392 1000 1443 ἐκεῖνον
1050 1390 1235 1461 βωμὸν
1288 1390 1383 1442 καὶ
1447 1389 1528 1451 είς
1578 1386 1772 1454 ἔδαφος

204 1486 532 1557 ἀνατρέπει,
586 1482 721 1552 ὁμοῦ
776 1484 871 1538 καὶ
914 1484 1058 1554 χειρὶ
1102 1481 1327 1552 γενναίᾳ
1387 1481 1483 1534 καλ⁸
1543 1479 1772 1548 δυνάμει

203 1581 424 1649 ἀοράτῳ
474 1578 779 1649 χρώμενος.
822 1577 1000 1647 ’ορμᾷ
1051 1576 1108 1629 δὲ
1160 1576 1255 1628 καὶ
1301 1575 1421 1627 κατ’
1477 1571 1643 1628 αὑτοῦ
1675 1569 1769 1623 τοῦ

204 1670 511 1734 δικάζοντος
546 1669 701 1740 θυμῷ
730 1669 925 1738 δικαίῳ
952 1668 1044 1721 τὸν
1081 1667 1349 1737 ὑϐριστὴν
1375 1665 1471 1719 καὶ
1504 1663 1639 1718 Θεοὺ
1677 1662 1770 1717 καὶ

205 1765 384 1833 νόμων
432 1762 594 1832 ίερῶν
646 1762 1013 1832 ἀμυνόμενος.
1047 1761 1155 1813 Καὶ
1181 1759 1232 1812 εί
1276 1775 1339 1828 γε
1376 1759 1451 1829 μὴ
1483 1758 1635 1827 ’παρὰ
1661 1756 1769 1809 τῶν

206 1856 414 1907 ἐκείνου
469 1853 784 1923 δορυφόρων
821 1852 920 1917 τῆς
979 1852 1158 1922 ὁρμῆς
1209 1851 1504 1921 ἐπεσχέθη,
1569 1849 1771 1920 πτῷμα

206 1949 455 2018 δακρύων
483 1947 633 2012 ἀξιον
661 1946 748 2012 ἂν,
784 1949 811 2001 ὁ
838 1946 1099 2016 τύραννος
1128 1944 1327 1997 ἔκειτο.

275 2237 348 2293 Δ’.
390 2240 565 2309 Ὅπερ
607 2240 813 2301 ἐκεῖνος
863 2238 964 2291 οὑκ
987 2234 1250 2305 ἐνεγκὼν,
1290 2232 1425 2287 ἀλλὰ
1459 2231 1632 2302 μέσην
1674 2227 1776 2299 τὴν

203 2328 436 2397 καρδίαν
482 2328 585 2381 ὑπο
629 2329 731 2396 τῆς
771 2328 941 2397 ὀργῆς
978 2326 1272 2391 ἀνατέσας,
1326 2324 1409 2377 ὃτι
1455 2338 1559 2391 περ
1603 2320 1775 2382 οὑτως

204 2417 428 2485 εὐτελὴς
488 2417 629 2486 ἀνὴρ
695 2416 979 2486 αὐχμηρὸς
1033 2416 1132 2485 τὴν
1189 2416 1387 2485 κόμην,
1444 2412 1660 2482 οἰκτρὸς
1716 2409 1776 2462 τὸ

199 2508 491 2578 τριϐώνιον
526 2509 663 2576 μετὰ
703 2511 969 2577 τοσαύτης
1017 2506 1161 2577 αὐτῷ
1205 2508 1302 2577 τῆς
1342 2505 1549 2575 τόλμης
1603 2519 1774 2573 προσ-

206 2599 471 2669 ενεχθείη,
495 2599 708 2668 φυλακῇ
739 2598 828 2652 τὸν
851 2600 1004 2667 ἆγιον
1027 2600 1118 2651 καὶ
1139 2599 1355 2667 δεσμοῖς
1382 2596 1770 2667 παραδίδωσιν,

203 2687 291 2745 οἶα
348 2691 664 2761 ιι-ταρςὶιϐολόνΔ
692 2708 744 2743 τι
804 2691 896 2743 καὶ
951 2689 1124 2759 θρασὺ
1174 2690 1497 2759 δεδρακότα.
1539 2692 1636 2741 καὶ
1677 2692 1773 2756 τὴν

204 2783 361 2851 δίκην
394 2782 551 2845 ἀξίαν
584 2781 869 2850 ὑφέξοντα.
911 2780 1147 2842 Πολλοὺς
1183 2780 1281 2849 μὲν
1319 2776 1411 2832 οὖν
1444 2782 1538 2832 καὶ
1580 2778 1772 2841 ἀλλους

206 2866 324 2939 εἶχε
378 2872 436 2922 τὸ
487 2870 858 2939 δεσμωτήριον
913 2869 1049 2939 ὑπὲρ
1101 2868 1382 2931 εὐσεϐείας
1446 2869 1540 2921 καὶ
1579 2868 1776 2930 αὐτοὺς

208 2960 806 3029 κατακεκλασμένους.
850 2960 1011 3024 Ἀλλὰ
1059 2962 1223 3014 πᾶσιν
1268 2961 1451 3023 αὐτοῖς
1501 2960 1639 3030 ῥοπὴ
1674 2977 1771 3029 με·

210 3054 376 3123 γίστη
411 3054 504 3106 καὶ
544 3052 680 3122 πρὸς
713 3052 772 3104 τὸ
801 3052 1106 3121 μαρτύριον
1157 3051 1522 3123 παράκλησις,
1557 3052 1584 3102 ὁ
1612 3052 1775 3113 καλὸς

1323 346 1789 412 MARTYRIUM
1826 343 1885 407 S.
1926 343 2319 406 EPIMACIII.

3301 349 3438 417 1322

1948 459 2044 514 Ill.
2085 458 2239 513 Tunc
2294 457 2457 530 igitur
2510 458 2808 530 Epimacho
2867 461 3101 518 solitudo
3160 462 3275 534 ipsa
3325 481 3435 521 non

1876 553 2110 623 amplius
2148 553 2249 607 fuit
2296 553 2569 622 optabilis,
2622 572 2797 626 ncquc
2833 556 2920 611 illa
2958 557 3082 614 vita:
3122 560 3261 615 ratio
3293 570 3443 631 grata

1875 655 2010 708 erat,
2057 660 2165 714 qua
2212 648 2662 702 consuetudinem
2709 657 2761 703 et
2792 648 3073 703 hominum
3108 650 3441 720 impietatem

1874 738 2119 800 vitabat;
2168 739 2264 793 sed
2297 739 2499 793 amoris
2540 741 2731 795 ardore
2761 740 2815 795 in
2849 741 2943 797 Dei
2989 741 3247 811 pietatem
3279 742 3446 797 vehe-

1876 829 2217 884 mentissime
2252 844 2538 895 accensus,
2566 840 2622 885 et
2652 832 2766 885 zelo
2795 831 3032 901 quodam
3064 848 3260 903 magno
3292 834 3445 889 exci-

1876 927 2044 983 tatus,
2076 923 2239 976 vitam
2292 921 2474 989 simul,
2514 922 2862 977 solitudinem
2911 932 2963 978 et
3009 925 3249 994 quietem
3297 924 3445 979 illam

1875 1012 2225 1081 contempsit,
2264 1024 2317 1067 et
2345 1015 2413 1068 ab
2439 1029 2623 1069 eremo
2648 1014 2703 1068 in
2736 1014 2968 1068 mediam
2999 1016 3188 1070 urbem
3214 1016 3443 1071 descen-

1874 1102 1993 1157 dit:
2029 1103 2278 1172 quinimo
2321 1105 2454 1158 adiit
2495 1106 2561 1159 ad
2602 1105 2836 1161 tribunal
2887 1106 3125 1176 tyranni,
3171 1108 3310 1161 nihil
3346 1122 3444 1162 eo-

1876 1205 1995 1243 rum
2032 1199 2304 1255 metuens,
2343 1205 2461 1259 quae
2492 1193 2767 1261 corporeis
2791 1193 2961 1247 oculis
2992 1201 3315 1259 cernuntur,
3347 1206 3447 1247 ne-

1880 1295 1985 1350 the
2024 1281 2110 1336 his
2159 1283 2341 1347 rebus,
2380 1296 2499 1351 quae
2542 1289 2806 1336 terrorem
2862 1285 3136 1353 injiciun't,
3172 1293 3448 1354 perterre-

1875 1371 2069 1427 factus.
2107 1371 2284 1436 Quare
2322 1372 2697 1426 admirabilem
2734 1372 2901 1425 animi
2932 1372 3308 1428 fortitudinem
3358 1374 3445 1428 in—

1875 1468 2094 1522 dicavit.
2129 1468 2394 1539 Deinceps
2446 1470 2714 1525 idolorum
2766 1485 2915 1524 aram
2963 1469 3185 1536 evertit,
3218 1485 3447 1540 eamque

1886 1559 2003 1613 solo
2064 1560 2388 1628 adaequavit,
2448 1561 2642 1629 partim
2693 1575 2957 1631 generosa
3009 1568 3065 1615 et
3098 1560 3225 1615 forti
3260 1576 3446 1623 manu,

1877 1650 2078 1719 partim
2110 1651 2351 1718 potentia
2391 1651 2644 1719 quadam,
2678 1666 2786 1705 non
2832 1651 3089 1717 humana,
3128 1651 3222 1706 sed
3259 1652 3443 1707 divina

1877 1756 2029 1795 usus.
2065 1741 2145 1795 Ad
2185 1741 2299 1795 hmc
2328 1749 2382 1796 et
2429 1742 2689 1797 adversus
2716 1741 2956 1811 judicem
3002 1741 3265 1812 impetum
3298 1743 3446 1805 fecit,

1874 1835 2030 1906 justo
2063 1834 2299 1903 quodam
2335 1833 2521 1888 furore
2562 1834 2712 1888 illum
2743 1835 3034 1901 ulciscens,
3064 1836 3157 1904 qui
3197 1835 3366 1890 Deum
3396 1846 3450 1891 et

1878 1925 1996 1991 ejus
2027 1936 2209 1976 sacras
2234 1922 2379 1993 leges
2409 1922 2665 1979 violabat.
2706 1925 2776 1977 At
2804 1925 2907 1979 nisi
2941 1925 3009 1979 ab
3041 1924 3215 1994 ipsius
3241 1925 3449 1980 satelli-

1880 2013 2025 2067 tibus
2063 2016 2316 2083 martyris
2351 2015 2589 2085 impetus
2642 2016 2895 2072 detentus
2931 2015 3147 2083 fuisset,
3189 2026 3449 2089 tyrannus

1880 2100 1970 2154 ille
2005 2103 2299 2156 miserabili
2330 2118 2460 2157 casu
2492 2105 2776 2174 jacuissct.

1956 2224 2044 2282 lV.
2090 2226 2223 2293 Quae
2278 2230 2459 2284 omnia
2519 2233 2837 2305 cumjndex
2890 2251 3000 2290 non
3060 2237 3246 2305 ferret,
3302 2242 3450 2309 quod

1877 2316 2045 2371 homo
2094 2326 2200 2372 tam
2235 2319 2358 2373 vilis
2391 2330 2445 2374 et
2481 2322 2750 2391 abjectus,
2784 2339 2941 2379 coma
2978 2327 3288 2395 squalidus,
3327 2340 3450 2401 toga

1877 2409 2066 2473 miser,
2102 2418 2252 2464 tanto
2284 2410 2489 2481 impetu
2517 2413 2572 2466 in
2607 2428 2731 2467 eum
2766 2415 2975 2472 irruere
3009 2434 3174 2473 ausus
3202 2429 3368 2484 esset,
3393 2422 3446 2474 in

1879 2513 2155 2553 carcerem
2180 2510 2236 2555 ct
2271 2502 2483 2556 vincula
2511 2503 2687 2557 virum
2719 2506 2870 2561 illum
2903 2511 3308 2565 sanctissimum
3332 2513 3451 2582 jus-

1877 2590 1947 2644 sit
1980 2591 2203 2661 conjici,
2242 2605 2524 2663 propterea
2560 2597 2706 2666 quod
2757 2599 3041 2654 audaciam
3076 2608 3131 2656 et
3168 2604 3449 2658 temerita-

1878 2687 1985 2734 tem
2028 2696 2280 2751 magnam
2310 2699 2420 2752 pra:
2451 2700 2509 2739 se
2534 2686 2731 2741 tulerat
2762 2704 2775 2742 :
2812 2691 3162 2757 quamobrem
3192 2704 3246 2747 et
3271 2694 3449 2763 justas

1880 2783 2073 2838 pmnas
2100 2771 2147 2824 ei
2181 2772 2566 2841 persolvendas
2602 2791 2721 2831 esse
2761 2776 3023 2834 decrevit.
3049 2780 3197 2835 Multi
3229 2783 3447 2852 quidem

1878 2861 1988 2925 alii,
2044 2870 2099 2917 et
2147 2864 2248 2933 ipsi
2301 2865 2522 2935 pietatis
2572 2883 2733 2923 causa
2785 2870 3050 2935 conclusi,
3098 2886 3321 2928 carcere
3358 2874 3448 2928 illo

1877 2953 2279 3010 detinebantur.
2315 2958 2419 3013 Sed
2459 2959 2564 3013 illis
2590 2962 2844 3016 omnibus
2867 2965 3094 3019 multum
3125 2966 3449 3036 adjumenti,

1878 3061 2179 3117 magnaque
2212 3050 2279 3104 ad
2306 3052 2624 3121 martyrium
2677 3054 2908 3110 libenter
2936 3057 3318 3126 perferendum
3349 3063 3445 3117 ad-

207 3146 447 3214 κατέστη
491 3146 786 3213 Ἐπίμαχος
815 3158 830 3176 ο
864 3143 1080 3213 ἀμελῶν
1135 3144 1231 3212 μὲν
1280 3144 1384 3196 τῶν
1437 3144 1557 3197 καθ’
1590 3145 1810 3197 ἐαυτὸνε

1882 3136 2121 3195 hortatio
2175 3150 2290 3194 erat
2354 3140 2637 3210 Epimachi
2703 3146 2875 3199 oratio
2940 3158 3102 3218 atque
3169 3150 3441 3220 alacritas,

203 3239 418 3302 δεινῶν,
453 3238 547 3290 καὶ
580 3238 675 3306 τῆς
710 3236 934 3289 ἐκείνων
984 3235 1283 3303 θεραπείας
1324 3236 1773 3305 ἐπιμελούμενος.

212 3330 447 3381 Ἔπειτα
468 3329 523 3380 δὲ
557 3329 651 3381 καὶ
675 3330 1055 3397 παραινέσεως
1092 3328 1223 3396 πρὸς
1253 3326 1473 3391 αὐτοὺς,
1505 3326 1601 3379 καὶ
1629 3327 1776 3379 διδα-

211 3420 438 3483 σκαλίας
469 3420 792 3485 ἁπτόμενος,
819 3418 913 3470 καὶ
941 3416 1258 3485 συγκροτῶν
1279 3418 1497 3480 αὐτοὺς,
1530 3418 1778 3487 τειχίζων

211 3511 573 3580 πανταχόθεν,
636 3512 826 3577 νήφειν
883 3508 1072 3569 ποιῶν,
1108 3506 1411 3567 ἀναλώτους
1467 3508 1605 3575 ὅλως
1658 3511 1779 3569 ταῖς

209 3604 308 3655 τοῦ
341 3602 535 3673 ἐχθροῦ
591 3602 858 3671 μηχαναῖς
899 3599 1283 3671 ἐργαζόμενος.

284 3896 358 3949 Ε’.
388 3891 885 3964 Παραστησάμενος
911 3891 1199 3960 τοιγαροῦν
1234 3892 1428 3951 αὐτοὺς
1464 3889 1491 3939 ὁ
1518 3889 1776 3956 δικάζων,

213 3990 308 4041 καὶ
344 3987 564 4039 πλείονα
614 3985 766 4057 παρὰ
812 3984 946 4036 πολὺ
980 3984 1076 4053 τῆς
1128 3983 1400 4052 προτέρας
1438 3982 1532 4033 καὶ
1585 3982 1782 4052 θερμο-

212 4080 379 4148 τέραν
416 4079 513 4148 τήν
548 4078 799 4130 ἔνστασιν
835 4074 955 4127 ἰδὼν
985 4076 1487 4146 ἐπ.δεικνυμένους,
1529 4074 1778 4143 πυθόμε-

213 4187 301 4234 νος
331 4171 389 4223 δὲ
434 4172 528 4224 καὶ
575 4170 670 4241 τήν
698 4168 877 4222 αἰτίαν
911 4168 1004 4222 τοῦ
1063 4170 1409 4238 πράγματος,
1461 4168 1555 4221 καὶ
1590 4167 1781 4236 μαθὼν

213 4264 289 4326 ὡς
343 4263 642 4331 Ἐπιμάχου
696 4260 869 4315 ταῦτα
920 4260 1221 4330 συμϐουλαί
1263 4278 1320 4313 τε
1355 4261 1450 4315 καὶ
1485 4259 1778 4331 ὑποθῆκαι.

214 4354 433 4407 Τούτων
468 4354 565 4423 μὲν
599 4352 735 4420 μετά
768 4352 967 4415 πολλὰς
1003 4353 1105 4424 ’ήδη
1138 4354 1230 4406 καὶ
1264 4354 1572 4423 ἀφορήτους
1604 4370 1780 4421 τιμω-

1881 3230 2082 3301 quippe
2118 3233 2261 3300 quod
2302 3249 2491 3288 omnes
2522 3236 2819 3301 cruciatus,
2854 3254 2991 3309 quos
3020 3242 3115 3296 sibi
3145 3254 3361 3314 paratos
3383 3264 3445 3302 ae

1879 3326 2192 3393 propositos
2244 3325 2479 3393 videbat,
2526 3330 2837 3399 negligens,
2884 3332 2950 3385 de
3003 3334 3220 3390 illorum
3273 3340 3446 3393 salute

1880 3424 2090 3470 tantum
2134 3426 2251 3471 erat
2291 3417 2577 3474 sollicitus.
2614 3422 2693 3475 Ad
2732 3424 2846 3477 haec
2898 3426 3366 3485 admonitionibus
3394 3443 3448 3486 et

1879 3510 2125 3563 doctrina
2155 3510 2323 3562 multa
2360 3526 2456 3565 eos
2506 3513 2812 3570 instruebat
2854 3527 3018 3587 atque
3064 3520 3442 3579 confirmabat.

1880 3599 2115 3668 undique
2147 3598 2292 3669 ipsos
2324 3599 2597 3664 muniens,
2630 3604 2822 3672 eisque
2855 3611 3191 3675 persuadens
3221 3622 3283 3668 ut
3314 3616 3447 3687 vigi—

1879 3695 2052 3749 lantes
2086 3709 2152 3749 ac
2188 3693 2321 3748 tales
2369 3709 2489 3748 esse
2527 3697 2832 3764 studerent,
2868 3701 2961 3768 qui
2988 3705 3212 3760 omnino
3252 3709 3318 3763 ab
3350 3708 3445 3764 ho-

1880 3785 1979 3839 stis
2017 3784 2216 3839 diaboli
2247 3785 2515 3841 machinis
2541 3790 2839 3860 expugnari
2869 3807 2980 3847 non
3013 3808 3261 3864 possent.

1951 3923 2016 3977 ν.
2059 3923 2193 3979 Cum
2225 3939 2353 3979 vero
2398 3924 2563 3994 judex
2606 3928 2727 3985 illos
2776 3932 2842 3987 ad
2892 3947 2949 3989 se
2997 3934 3122 3992 duci
3166 3936 3444 4007 jussissct,

1880 4028 2082 4083 eosque
2139 4016 2309 4071 multo
2358 4021 2719 4087 constantius,
2774 4039 2934 4093 quam
2990 4038 3187 4093 antea,
3242 4032 3443 4089 Christi

1880 4104 2278 4161 conlcssioncm
2322 4110 2561 4178 profiteri
2588 4114 2833 4182 vidisset,
2863 4117 3089 4189 ejusque
3116 4123 3192 4178 rei
3225 4139 3443 4183 causam

1880 4189 2161 4260 Epimachi
2217 4195 2443 4250 consilia
2482 4206 2537 4252 et
2588 4200 3001 4260 adhortationes
3039 4206 3207 4265 fuisse
3245 4227 3445 4284 cogno-

1881 4283 2068 4349 visset,
2099 4283 2313 4339 illorum
2343 4288 2610 4355 omnium,
2636 4295 2972 4361 postmultos
2994 4305 3049 4352 et
3073 4283 3445 4359 intolerabiles

1881 4374 2179 4437 cruciatus,
2228 4374 2441 4445 linguas
2486 4382 2729 4437 exscindi
2764 4384 2951 4453 jussit,
2992 4387 3101 4458 (his
3142 4392 3286 4447 enim
3322 4403 3445 4449 utet-

216 4448 340 4517 ρίας
382 4446 633 4514 ἐκτέμνει
688 4442 784 4507 τάς
819 4443 1106 4512 γλώσσαςο
1156 4440 1316 4498 αὗται
1363 4446 1471 4515 γὰρ
1523 4441 1661 4515 ἦσαν
1723 4446 1777 4499 αἱ

272 4539 389 4556 IAN,
448 4537 575 4556 μιν-’⁸
682 4538 857 4556 ."._‘_-_
918 4536 1246 4556 7‘,_€___,_.___,
1308 4540 1363 4556 κ’-
1454 4536 1503 4556 .I,
1572 4538 1629 4556 ‘,.
1670 4540 1777 4556 __9_

1884 4467 2081 4521 bantur
2116 4478 2375 4538 martyres
2420 4470 2487 4525 ad
2525 4474 2807 4529 veritatem
2855 4440 3273 4549 defendendam,
3318 4502 3439 4556 qua).

220 4539 393 4608 μέσην
440 4537 585 4606 αὑτῷ
628 4538 862 4606 μάλιστα
912 4536 1251 4607 πλήττουσαι
1303 4540 1399 4607 τὴν
1451 4536 1632 4606 ψυχὴν
1667 4540 1778 4600 τοῖς

222 4631 463 4698 ἐλέγχοις
496 4630 591 4698 τῆς
626 4628 900 4700 ἀληθείας.
927 4627 1058 4682 Εἶτα
1089 4628 1182 4681 καὶ
1217 4629 1357 4697 ξίφει
1386 4632 1482 4692 τὰς
1521 4646 1780 4700 μαρτυρι-

219 4723 319 4785 κάς
341 4721 518 4774 αὐτῶν
540 4720 776 4790 κεφαλὰς
799 4723 1131 4792 ἀφαιρεῖται.
1177 4721 1331 4774 Μετὰ
1354 4720 1409 4774 δὲ
1426 4720 1641 4784 τούτους
1661 4720 1781 4788 ἄγει

216 4813 496 4884 δεσμώτην
527 4815 614 4865 τον
661 4816 901 4883 γενναῖον
960 4813 1276 4884 Ἐπίμαχον,
1308 4814 1402 4867 καὶ
1434 4814 1546 4865 Ἵνα
1578 4812 1648 4879 τί,
1680 4830 1782 4880 φη-

221 4908 326 4970 σιν,
350 4907 375 4957 ὀ
397 4904 590 4973 σεμνὸς
622 4906 683 4957 σὺ
711 4906 800 4957 καὶ
824 4904 883 4957 τὸ
906 4900 1041 4967 εἶδος
1072 4903 1399 4972 ἀξιοθέατος,
1428 4905 1504 4968 εἰς
1534 4904 1782 4956 τοσοῦτον

217 4998 482 5063 ἐξέπεοας
517 4996 852 5063 δυσσεϐείας,
896 4996 970 5060 ὡς
1006 4999 1079 5068 μὴ
1124 4998 1282 5067 μόνον
1311 4998 1490 5068 ήμῶν,
1524 4996 1657 5050 ἀλλά
1691 4996 1783 5048 καὶ

222 5090 359 5141 θεῶν
397 5088 575 5141 αὐτῶν
603 5090 692 5142 καὶ
728 5088 997 5160 βασιλέων
1050 5090 1471 5161 αὐτοκρατόρων
1506 5106 1783 5158 καταφρο-

222 5185 364 5247 νεῐν;
412 5179 753 5250 ’Δνθρώπους
780 5181 880 5249 μὲν
905 5182 1011 5250 γὰρ
1044 5181 1225 5246 ὄντας,
1255 5182 1467 5251 ἀνάγκη
1518 5180 1783 5243 πολλάκις

223 5273 554 5342 σφάλλεσθαι
602 5272 696 5325 τοῦ
745 5275 1137 5345 προσήκοντος,
1191 5273 1327 5344 πλὴν
1360 5273 1475 5327 ἀλλ’
1534 5274 1633 5325 οὐκ
1663 5273 1784 5324 ἐπι-

225 5370 405 5437 μένειν
450 5367 527 5419 δεῖ
574 5367 683 5430 τοῖς
725 5367 928 5433 αὐτοῖς,
961 5367 1092 5420 ἀλλά
1142 5366 1577 5437 μεταϐάλλεσθαι
1623 5368 1785 5419 πάλιν

219 5458 564 5530 διορθοῦσθαι
604 5459 670 5513 τά
712 5460 838 5531 παρ’
870 5460 1025 5531 ήμῶν
1056 5461 1131 5532 μὴ
1163 5460 1389 5524 δεόντω;
1417 5460 1778 5531 γεγενημένα.

220 5551 435 5604 υύκοὺν
488 5550 810 5623 ἀνθρωπίνῳ
843 5554 933 5605 καὶ
962 5552 1121 5615 αὐτὸς
1155 5554 1312 5608 πάθει
1374 5553 1628 5617 ἑαλωκὼς
1657 5554 1785 5608 ἀνά·

219 5643 387 5712 νηψόν
412 5660 542 5695 πιτε
574 5644 664 5697 καὶ
685 5645 1011 5715 ἡμετέρους,
1040 5642 1182 5711 εἶξον
1208 5648 1612 5718 προστάγμασι,
1644 5648 1784 5701 θύων

220 5734 503 5807 οὒνυήμῖν
544 5738 654 5797 τοῖς
713 5736 854 5800 θεοῖς
902 5747 994 5789 καὶ
1042 5740 1228 5805 αὐτοῖς
1279 5734 1502 5806 εὐνοῶν,
1557 5739 1651 5794 καὶ
1709 5742 1781 5803 ὡς

387 5828 650 5889 ΡΑτκοι.
694 5831 807 5891 Gn.
857 5832 1036 5892 CXV.

1888 4574 1974 4614 res
2030 4560 2231 4629 judicis
2286 4562 2527 4617 animum
2590 4567 2823 4624 maxime
2886 4572 3183 4643 cruciabat)
3249 4577 3447 4636 deinde

1884 4652 2197 4706 eorumdem
2222 4653 2398 4723 capita
2421 4655 2595 4725 gladio
2617 4661 2903 4728 amputari.
2933 4662 3059 4719 Post
3077 4666 3187 4721 haec
3206 4668 3447 4726 vinctum

1884 4738 1951 4792 ad
2000 4751 2059 4792 se
2110 4738 2234 4794 duci
2280 4741 2444 4811 jussit
2491 4758 2814 4814 generosum
2864 4747 3239 4823 Epimachum,
3286 4775 3445 4827 quem

1887 4829 2106 4885 intuens
2134 4849 2146 4884 :
2176 4832 2375 4899 Quare,
2410 4832 2607 4904 inquit,
2647 4846 2703 4893 tu
2727 4839 2810 4893 vir
2836 4839 2913 4894 ita
2955 4843 3153 4910 gravis,
3185 4856 3239 4901 et
3272 4846 3442 4903 forma

1886 4922 2188 4991 spectabili,
2246 4922 2311 4978 ad
2362 4938 2477 4979 eam
2533 4926 2866 4997 impietatem
2915 4934 3203 5005 prolapsus
3259 4953 3338 5002 es,
3392 4952 3449 4994 ut

1887 5030 1996 5069 non
2044 5015 2217 5070 solum
2252 5030 2373 5083 nos,
2425 5017 2520 5071 sed
2552 5018 2684 5075 deos
2713 5022 2872 5075 etiam
2922 5022 3069 5092 ipsos
3110 5035 3167 5079 et
3213 5027 3445 5097 impera-

1889 5115 2031 5161 tores
2061 5109 2481 5163 contemneres?
2512 5108 2773 5168 llomines
2804 5114 3025 5183 quidem
3066 5130 3207 5185 sape
3239 5120 3305 5174 ab
3330 5120 3447 5173 om—

1888 5198 1971 5253 cio
2004 5199 2259 5254 aberrare
2289 5214 2516 5258 necesse
2558 5212 2661 5267 est,
2692 5213 2747 5259 at
2786 5220 2895 5258 non
2951 5206 3108 5261 decet
3158 5217 3335 5264 tamen
3392 5214 3443 5265 in

1888 5291 2081 5345 erratis
2111 5307 2448 5361 permanere,
2482 5294 2580 5350 sed
2607 5295 2891 5351 consilium
2923 5308 3157 5367 mutare,
3191 5309 3243 5355 et
3274 5304 3447 5357 corri-

1887 5396 2033 5451 gere,
2064 5397 2184 5452 quae
2215 5398 2323 5437 non
2375 5394 2520 5440 recte
2551 5400 2580 5439 a
2610 5386 2769 5442 nobis
2800 5386 2945 5443 facta
2991 5388 3215 5447 fuerint.
3249 5391 3447 5458 Quam-

1887 5471 2073 5526 obrem
2111 5483 2164 5529 et
2196 5482 2273 5541 tu,
2307 5487 2427 5529 cum
2470 5476 2709 5532 humano
2760 5494 2910 5535 more
2953 5484 3284 5551 peccaveris,
3328 5492 3446 5539 tan-

1887 5562 2008 5617 dem
2039 5564 2349 5634 resipiscas,
2378 5577 2432 5621 et
2459 5567 2663 5624 nostris
2680 5570 2850 5641 jussis
2881 5572 3129 5639 obedias,
3164 5575 3449 5632 nobiscum

1889 5673 1991 5712 una
2015 5657 2117 5713 diis
2138 5658 2473 5730 sacriﬁcans,
2497 5672 2554 5718 et
2578 5663 2633 5718 in
2657 5663 2778 5721 illos
2804 5664 3238 5722 benevolentiam
3262 5677 3444 5725 osten-

1890 5745 2044 5815 dens,
2099 5762 2190 5815 ne,
2243 5748 2286 5804 si
2336 5748 2466 5808 deos
2512 5751 2658 5824 ipsos
2692 5754 2931 5813 omnium
2980 5753 3230 5812 dominos
3273 5758 3447 5815 colere

3066 5848 3136 5907 42
