4198 6312
806 368 942 435 1323

2102 378 2386 440 MENSIS
2426 379 2788 445 OCTOBER.

3929 378 4043 443 1324

808 481 1067 549 nolueris,
1097 490 1150 537 tu
1172 498 1391 556 quoque
1418 485 1809 545 sceleratorum
1834 489 2113 547 hominum
2148 503 2369 549 mortem

2482 492 2749 558 δεσπότας
2783 492 3106 564 θεραπεύων
3156 490 3438 557 ἁπάντων,
3486 490 3572 544 ἵνα
3626 488 3703 559 μὴ
3742 488 3837 540 καὶ
3869 492 3928 545 σὺ
3963 494 4041 546 τὸν

806 577 1053 646 patiaris.

875 661 964 718 Vl.
1006 663 1087 719 Ad
1130 666 1244 721 hare
1292 668 1712 725 ardentissimus
1748 672 1838 726 ille
1882 674 2127 728 veritatis
2174 690 2376 745 propu-

802 765 995 823 gnator
1036 756 1390 826 Epimachus,
1422 771 1668 829 apertam
1711 763 1857 819 illius
1891 766 2250 821 temeritatem
2285 781 2373 820 re-

802 847 1093 919 dargttens,
1120 851 1265 919 quod
1289 851 1753 910 admonitionibus
1774 865 1829 910 et
1856 859 2101 912 doctrina
2132 875 2225 913 sua
2249 875 2373 913 eum

804 936 868 990 ad
903 938 1230 1006 impietatem
1264 940 1544 1010 impellere
1581 957 1808 1001 conatus
1845 956 2010 1011 esset,
2053 949 2119 1003 ab
2150 950 2372 1004 exordio

802 1029 1068 1083 orationis
1116 1045 1228 1084 sua:
1279 1031 1429 1097 fecit,
1466 1046 1525 1089 ut
1578 1045 1838 1105 tyrannus
1871 1038 1986 1108 ipse
2037 1043 2219 1096 statim
2251 1044 2372 1112 ejus

796 1119 1039 1173 animum
1077 1124 1431 1192 perspiceret,
1459 1134 1513 1179 et
1542 1126 1608 1179 ab
1640 1129 1788 1181 omni
1822 1146 1917 1199 spe
1948 1131 2238 1188 decideret.
2267 1134 2368 1197 Me,

802 1210 998 1278 inquit,
1030 1228 1062 1267 o
1092 1215 1280 1283 judex.
1326 1231 1603 1286 nunquam
1642 1220 1711 1275 ab
1740 1236 1801 1275 ea
1834 1222 2053 1291 pietate,
2095 1225 2251 1293 cujus
2271 1242 2370 1297 ego

798 1303 1052 1359 alumnus
1098 1313 1152 1358 et
1196 1307 1408 1363 amicus
1456 1326 1596 1374 sum,
1652 1323 1706 1366 tu
1753 1323 1997 1369 avertere
2034 1319 2256 1385 poteris.
2292 1321 2369 1375 Ne

797 1392 961 1463 igitur
1006 1397 1071 1451 ad
1122 1401 1427 1469 negandum
1456 1402 1663 1457 Christi
1726 1392 2125 1462 confessionem
2170 1411 2370 1467 dehinc

795 1501 1078 1553 provoces,
1114 1506 1291 1560 neque
1321 1492 1464 1547 aliud
1500 1496 1776 1565 quippiam
1831 1514 1918 1552 me
1950 1498 2237 1567 facturum,
2276 1514 2370 1559 aut

796 1578 1066 1635 dicturum
1103 1599 1309 1651 speres,
1341 1587 1486 1655 quod
1524 1589 1690 1643 animi
1719 1600 1814 1645 aut
1843 1596 2045 1650 mentis
2083 1597 2368 1652 imbecilli-

796 1679 959 1725 tatem
991 1673 1275 1743 signiﬁcet.
1300 1677 1577 1735 Christum
1608 1684 1751 1738 cnim
1782 1687 2066 1753 conﬁteor,
2090 1689 2365 1746 Christum

794 1763 1044 1829 praedico,
1093 1780 1190 1833 per
1223 1784 1386 1837 quem
1436 1782 1619 1826 creata
1661 1785 1791 1830 sunt
1832 1780 2035 1844 omnia,
2080 1795 2175 1848 per
2204 1795 2361 1849 quem

794 1850 957 1907 homo
982 1852 1271 1923 formatus,
1303 1871 1357 1915 et.
1391 1861 1477 1917 lex
1509 1864 1633 1920 data
1666 1878 1749 1922 est
1776 1886 1788 1922 :
1821 1869 1913 1937 qui
1945 1881 2182 1925 mentem
2211 1873 2369 1927 nobis

793 1942 944 1998 dedit
974 1949 1217 2004 omnium
1248 1952 1440 2009 ducem
1474 1970 1537 2011 ac
1570 1959 1901 2027 magistram,
1925 1963 2015 2031 qui
2050 1979 2149 2033 pro
2180 1978 2366 2020 nostra

791 2035 1036 2091 omnium
1088 2042 1282 2107 salute,
1316 2060 1436 2114 qua:
1478 2048 1590 2116 jam
1629 2050 1891 2119 perierat,
1930 2053 2165 2110 humana
2199 2073 2367 2113 carne

793 2140 851 2181 se
902 2129 1100 2198 induit,
1147 2144 1202 2189 et
1252 2139 1548 2196 cruciﬁxus
1594 2157 1657 2197 ac
1710 2146 1957 2216 sepultus
2008 2148 2130 2216 fuit,
2183 2168 2369 2206 resur-

793 2219 953 2287 rexit,
1004 2232 1059 2277 et
1107 2224 1161 2279 itt
1215 2228 1385 2285 caelos
1428 2244 1740 2305 assumptus
1791 2249 1894 2303 est,
1954 2248 2117 2310 atque
2168 2243 2364 2299 iterum

791 2317 1061 2365 venturus
1108 2330 1229 2368 cum
1264 2318 1428 2386 gloria
1462 2324 1722 2380 creditur.
1773 2326 1988 2383 Utinam
2024 2342 2076 2384 et
2108 2340 2164 2385 tu
2207 2334 2365 2387 istam

792 2398 1061 2457 idolorum
1098 2411 1397 2465 caecitatem
1446 2414 1513 2469 ab
1546 2418 1718 2473 oculis
1748 2420 1941 2475 anima:
1990 2424 2281 2493 abjiccres,
2312 2433 2367 2480 et

791 2504 1014 2548 suavem
1048 2513 1110 2553 ac
1156 2501 1448 2558 salutarem
1479 2505 1673 2563 Christi
1717 2511 1891 2567 lucem
1935 2516 2231 2583 aspiceres.
2264 2517 2371 2573 No-

791 2585 884 2639 lim
919 2589 1063 2643 enittt
1107 2603 1260 2662 putet
1304 2597 1522 2667 aliquis,
1559 2611 1762 2658 temere
1798 2621 1862 2660 ac
1896 2607 2094 2662 frustra
2120 2624 2223 2663 nos
2250 2624 2369 2663 cor-

792 2692 923 2746 pora
954 2693 1138 2738 nostra
1180 2691 1513 2746 cruciatibus
1559 2693 1791 2750 libenter
1841 2700 2072 2753 tradere.
2122 2700 2237 2754 Non
2294 2702 2367 2755 ita

790 2786 981 2829 smnus
1031 2778 1325 2847 nobisipsis
1381 2782 1589 2840 inimici
1642 2798 1695 2841 ct
1744 2790 2113 2849 insidiatores.
2170 2793 2366 2849 Verum

789 2864 1046 2928 quoniam
1078 2868 1243 2922 altera
1277 2877 1521 2939 quaedam
1553 2877 1662 2931 vita
1694 2892 1777 2933 est
1804 2884 1975 2935 tnulto
2023 2885 2367 2953 praestantior

792 2956 913 3018 hac,
942 2974 1062 3027 quae
1089 2961 1346 3020 videtur:
1377 2966 1514 3021 alter
1536 2971 1755 3037 quidam
1790 2977 2049 3038 mundus,
2085 2986 2140 3030 et
2170 2977 2367 3045 sempi.

792 3055 943 3104 terna
1002 3067 1187 3107 rerum
1239 3057 1506 3113 bonarum
1555 3062 1868 3127 delectatio,
1921 3067 2071 3119 nullo
2121 3075 2364 3136 tempore

786 3141 1219 3217 circumscripta,
1271 3152 1365 3205 sed
1428 3169 1727 3223 perennem
1783 3158 2181 3226 jucunditatem
2232 3160 2363 3214 alIe-
2394 3190 2436 3246 ρ

788 3251 913 3289 rens
937 3255 948 3290 :
976 3248 1261 3308 propterea
1288 3247 1553 3300 mundum
1580 3249 1727 3303 hunc
1755 3251 2130 3319 Spectabilem,
2163 3261 2217 3307 et
2243 3269 2365 3307 car-

787 3341 909 3380 nem
945 3327 1085 3385 hanc
1116 3331 1360 3402 fragilem
1395 3346 1556 3406 atque
1580 3340 1840 3396 caducam
1865 3344 2217 3412 despicimus.
2254 3345 2361 3400 Ta-

790 3419 855 3471 lis
890 3430 974 3474 est
1025 3435 1209 3478 nostra
1248 3426 1543 3483 confessio.
1596 3429 1650 3483 In
1706 3434 1808 3486 hac
1863 3435 2001 3488 ﬁrmi
2038 3446 2091 3491 et
2140 3439 2365 3492 stabiles

787 3528 888 3564 con
928 3514 1159 3569 istimus.
1208 3517 1310 3573 Pro
1347 3520 1450 3575 hac
1501 3531 1556 3576 et
1610 3540 1709 3592 ego
1768 3530 2019 3592 quemvis
2062 3530 2363 3579 crueiatum

786 3607 1059 3661 sustinere
1088 3620 1312 3678 paratus
1344 3628 1487 3666 sum.
1518 3613 1596 3666 Tu
1634 3629 1762 3668 vero
1790 3615 1830 3668 si
1858 3622 2091 3669 celerem
2134 3628 2364 3673 mortem

787 3698 1057 3763 attuleris,
1104 3712 1419 3769 pergratum
1448 3705 1581 3757 mihi
1623 3705 1812 3769 facies,
1846 3717 1899 3760 et
1934 3707 2166 3777 teipsum
2200 3709 2367 3763 dedc-

788 3806 916 3844 core
963 3792 1240 3848 liberabis.
1274 3794 1393 3859 Quo
1423 3796 1569 3850 enim
1604 3797 1947 3853 diuturniorc
1987 3800 2230 3855 cruciatu
2278 3817 2365 3855 me

789 3880 1011 3952 atlliges,
1055 3897 1120 3937 co
1159 3885 1465 3955 promptior
1511 3889 1578 3941 ad
1625 3889 1774 3957 jussa
1829 3900 1916 3943 tua
1964 3893 2365 3947 contemnenda

790 3974 1056 4028 inveniar.
1098 3973 1232 4028 Nam
1268 3977 1314 4031 si
1356 3978 1496 4031 nihil
1528 3979 1675 4033 aliud
1708 3990 1876 4047 esset,
1907 3993 2055 4037 certe
2086 3993 2140 4037 et
2171 3992 2367 4055 marty-

789 4082 877 4121 res
905 4067 1024 4122 illos
1054 4082 1327 4131 revereor,
1349 4070 1441 4137 qui
1473 4079 1600 4125 ante
1622 4087 1721 4127 nos
1751 4083 2031 4127 certamen
2055 4076 2363 4142 subierunt,

792 4170 846 4213 et
878 4162 1116 4230 reliquos
1148 4163 1303 4228 istos,
1336 4164 1428 4231 qui
1475 4164 1763 4219 nobiscum
1798 4181 1902 4220 una
1931 4181 2206 4222 carcerem
2241 4183 2365 4221 rur-

790 4268 884 4307 sus
914 4254 1157 4308 habitant
1187 4272 1200 4308 :
1234 4256 1302 4310 ob
1334 4257 1493 4328 idque
1518 4270 1572 4314 et
1600 4260 1717 4328 ipse
1746 4261 1874 4314 illttd
1900 4263 2115 4327 studeo,
2152 4279 2220 4317 ne
2245 4264 2365 4318 sine

791 4355 990 4394 corona
1044 4341 1321 4398 discedam
1371 4359 1386 4398 :
1444 4346 1539 4401 sed
1595 4357 1655 4402 ut
1702 4360 1985 4420 postquam
2038 4352 2089 4404 in
2145 4354 2361 4408 illorum

791 4427 958 4483 choro
984 4441 1339 4486 cnumeratus
1368 4431 1544 4499 fuero,
1567 4435 1687 4492 istis
1716 4440 2011 4509 optabilem
2044 4442 2364 4498 certaminis

792 4517 893 4570 mei
926 4532 1146 4572 cursum
1178 4521 1482 4575 ostendam.

862 4606 996 4660 Vlll.
1042 4606 1167 4661 Hzec
1198 4611 1453 4680 martyris
1478 4612 1639 4665 verba
1676 4613 2076 4669 dubitationem
2111 4633 2362 4684 magnam

792 4702 1023 4762 tyranno
1050 4696 1391 4754 attulerunt:
1426 4700 1518 4769 qui
1549 4716 1668 4755 cum
1701 4702 2001 4770 Epimacho
2034 4707 2363 4772 persuadere

792 4800 899 4837 non
935 4798 1135 4851 posset,
1168 4802 1292 4840 eum
1316 4787 1370 4840 in
1401 4789 1545 4860 ligno
1577 4791 1836 4858 suspendi
1864 4792 2046 4857 jussit,
2080 4807 2143 4846 ac
2172 4794 2363 4849 ferreis

800 4879 1065 4947 unguibus
1103 4880 1347 4934 lacerari.
1378 4883 1471 4936 Ille
1503 4897 1567 4936 eo
1600 4882 1769 4952 magis
1794 4881 2062 4951 ejusmodi
2095 4893 2365 4940 tormento

800 4970 1103 5039 laetabatur,
1135 4990 1242 5043 quo
1271 4991 1328 5030 se
1358 4976 1428 5030 ob
1467 4991 1586 5029 eam
1621 4992 1733 5028 rem
1763 4975 2059 5030 beatiorem
2089 4978 2366 5034 existima-

801 5071 925 5120 bat:
967 5066 1167 5137 quippe
1186 5068 1327 5134 quod
1358 5067 1593 5121 imitator
1620 5075 1767 5121 esset
1794 5082 2006 5131 eorum,
2031 5085 2149 5138 qua:
2182 5070 2364 5125 Domi-

795 5175 895 5215 nus
919 5158 1077 5213 Jesus
1106 5175 1298 5230 passus
1331 5162 1524 5216 luerat.
1558 5163 1743 5231 Itaque
1774 5162 1951 5217 aiebat
1977 5183 1987 5215 :
2019 5164 2070 5217 Si
2100 5164 2365 5221 Dominus

792 5264 979 5307 noster
1012 5253 1169 5309 Jcsns
1200 5254 1446 5310 Christus
1474 5265 1698 5326 propter
1728 5271 1825 5310 nos
1852 5258 2146 5312 cruciﬁxus
2179 5268 2280 5321 est,
2312 5269 2367 5312 et

795 5344 934 5402 fellis
983 5357 1144 5416 atque
1174 5347 1316 5401 aceti
1369 5348 1645 5417 potionem
1698 5348 1945 5419 accepit:
1980 5348 2024 5402 si
2072 5349 2190 5419 ejus
2223 5351 2365 5405 latus

795 5443 980 5496 lancea
1009 5456 1326 5510 percussum
1369 5440 1492 5504 fuit,
1544 5442 1587 5494 si
1639 5441 1829 5511 palma:
1873 5442 2040 5497 clavis
2080 5444 2365 5512 perforata:

796 5540 941 5594 sunt,
969 5548 1137 5603 quare
1167 5548 1274 5587 non
1306 5533 1481 5588 debeo
1510 5543 1561 5588 et
1601 5548 1703 5602 ego
1751 5534 1895 5590 illius
1924 5550 2135 5602 servus,
2170 5553 2363 5607 magna

792 5644 916 5683 cum
960 5628 1239 5696 voluptate
1291 5626 1344 5679 in
1397 5626 1478 5680 his
1524 5626 1656 5696 ipsis
1692 5642 1813 5680 cum
1865 5628 2083 5683 Christo
2135 5630 2366 5684 Domino

796 5734 919 5773 meo
953 5717 1399 5773 communicare?
1426 5718 1587 5771 Certe
1618 5728 1823 5789 martyr
1854 5718 1940 5772 ille
1974 5720 2136 5774 etiam
2176 5722 2363 5774 lancea

797 5813 1005 5885 percuti
1054 5813 1347 5883 cupiebat:
1402 5812 1647 5883 quinimo
1680 5812 1748 5865 l'el
1796 5812 1970 5885 ipsum
2036 5815 2363 5884 appetebat:

2480 584 2587 636 τῶν
2613 585 2941 655 κακούργων
2971 585 3201 640 θάνατον
3231 586 3499 654 ὑποστῇς.

2551 673 2640 742 ς’.
2667 677 2809 747 Πρὸς
2840 680 3013 733 ταῦτα
3052 682 3079 732 ὁ
3123 677 3323 748 θερμὸς
3358 676 3528 739 ὅντως
3562 678 3773 740 ἐκεῖνος
3803 678 3899 745 τῆς
3926 678 4040 746 ἀλη-

2480 768 2628 832 θείας
2658 769 2980 839 ὑπέρμαχος
3011 771 3273 823 ἀπόνοιαν
3306 767 3473 822 αὐτοῦ
3520 770 3669 839 σαφῆ
3722 772 4035 835 καταγνοὺς,

2477 862 2559 914 ὅτι
2594 862 2685 914 καὶ
2722 862 3077 931 παραινέσεσι
3110 862 3276 930 δῆθεν
3320 861 3487 914 αὐτὸν
3529 861 3626 913 καὶ
3671 862 4030 924 διδασκαλίαις

2477 953 2858 1021 ἐπαγαγέσθαι
2890 954 3027 1023 πρὸς
3060 954 3160 1023 τὴν
3191 954 3452 1006 ἀσέϐειαν
3485 955 3769 1023 ἐπειρᾶτο,
3805 956 4040 1023 ἀπόγνω-

2479 1061 2563 1096 σιν
2609 1042 2759 1113 αὑτῷ
2805 1045 2869 1096 ἐκ
2904 1045 3206 1115 προοιμιῶν
3240 1046 3402 1109 εὐθὺς
3447 1045 3644 1099 ἑαυτοῦ
3691 1047 3910 1113 ἐμποιεῖ
3956 1050 4039 1098 καὶ

2475 1137 2582 1188 τῶν
2625 1135 2858 1190 ἐλπίδων
2889 1138 3117 1190 ἐκεινων
3137 1138 3413 1206 ἐκκρούει.
3465 1136 3597 1205 Ἐμὲ
3622 1136 3753 1203 γὰρ.
3787 1138 3967 1202 φησιν,
3998 1132 4037 1188 ὦ

2478 1228 2727 1291 δικαστά,
2774 1228 2873 1281 οὐκ
2924 1229 2989 1283 ἄν
3046 1245 3175 1280 ποτε
3227 1228 3325 1296 τῆς
3391 1229 3699 1296 συντρόφου
3750 1228 3845 1279 καὶ
3894 1228 4039 1294 φίλης

2473 1319 2760 1381 εὐσεϐείας
2807 1320 3161 1389 ἁποστήσεις,
3207 1319 3269 1372 οὐ
3297 1319 3435 1388 πρὸς
3487 1319 3721 1387 ἄρνησιν
3750 1319 4036 1388 ἐκκαλέση,

2472 1419 2568 1486 τῆς
2597 1418 2689 1471 τοῦ
2727 1418 2962 1487 Χριστοῦ
2990 1419 3284 1487 ὁμολογίας
3318 1418 3417 1471 οὐκ
3453 1417 3581 1470 ἄλλο
3613 1434 3665 1469 τι
3696 1417 3807 1469 τῶν
3839 1416 4039 1482 ἀγενῶν

2470 1510 2669 1578 δρᾶσαι
2701 1512 3152 1577 παρασκευάσεις
3196 1513 3228 1581 ἢ
3262 1509 3623 1576 φθέγξασθαι.
3671 1509 3911 1576 Χριστδν
3941 1510 4039 1576 γὰρ

2470 1599 2737 1670 ὁμολογῶ,
2791 1602 3026 1669 Χριστὸν
3066 1600 3457 1671 ἀνακηρύττω,
3519 1600 3588 1652 δι’
3646 1591 3708 1651 οὗ
3756 1598 3826 1650 τὰ
3878 1600 4041 1650 πάντα

2473 1693 2753 1762 παρῆκται
2782 1694 2873 1745 καὶ
2898 1694 3188 1763 ἅνθρωπος
3216 1695 3550 1756 πέπλασται,
3578 1692 3673 1744 καὶ
3707 1694 3868 1758 νόμος
3901 1691 4040 1759 αὐτῷ

2473 1788 2751 1839 τελεῖται·
2813 1786 2910 1839 καὶ
2957 1787 3081 1849 νοῦς
3134 1788 3340 1839 δέδοται
3395 1785 3615 1837 πάντων
3660 1781 3886 1852 ἡγεμὼν
3959 1784 4039 1832 καὶ

2473 1880 2816 1948 διδάσκαλος,
2849 1880 2907 1945 ὃς
2948 1880 3041 1933 ἐπὶ
3068 1879 3316 1950 σωτηρία
3341 1879 3450 1930 τῶν
3482 1877 3844 1931 ἀπολωλότων
3870 1875 4037 1945 ἡμῶν,

2473 1974 2570 2028 καὶ
2602 1975 2971 2043 σεσάρκωται,
3004 1974 3097 2025 καὶ
3130 1971 3497 2042 ἐσταύρωται,
3531 1970 3625 2023 καὶ
3651 1968 3921 2021 τέθαπται
3957 1967 4041 2018 καὶ

2472 2067 2794 2135 ἐγήγερται,
2826 2066 2919 2119 καὶ
2949 2065 3086 2136 πρὸς
3123 2065 3389 2133 οὐρανοὺς
3418 2062 3773 2131 ἀνείληπται-
3822 2060 3917 2112 καὶ
3949 2058 4043 2111 πᾶα

2469 2160 2552 2212 λιν
2593 2158 2912 2211 ἐλεύσεσθαι
2962 2156 3103 2227 μετά
3155 2156 3314 2224 δόξης
3352 2155 3739 2205 πεπίστευται.
3807 2152 3897 2211 Ὠς
3940 2149 4042 2199 εἴθε

2469 2252 2563 2305 καὶ
2597 2252 2657 2304 οὐ
2688 2253 2787 2319 τὴν
2824 2250 3114 2319 εἰδωλικὴν
3154 2249 3339 2318 λήμην
3368 2247 3478 2299 τῶν
3526 2247 3623 2315 τῆς
3656 2245 3836 2312 ψυχῆς
3866 2241 4043 2309 ὁμμάο

2467 2361 2576 2396 των
2614 2342 2925 2407 ἀποϐαλὼν,
2968 2342 3106 2411 πρὸς
3134 2340 3197 2393 τὸ
3232 2341 3406 2407 γλυκὺ
3450 2340 3562 2405 epeia;
3602 2336 3817 2388 ἐκείνου
3851 2334 4044 2386 διέϐλε-

2469 2431 2597 2502 ψεις.
2634 2433 2784 2501 Μηδέ
2814 2432 2922 2501 γὰρ
2952 2431 3149 2484 οἰέσθω
3184 2448 3266 2491 τις
3305 2427 3431 2496 εικῆ
3471 2428 3560 2480 καὶ
3591 2427 3772 2494 μάτην
3804 2426 3953 2493 ἡμᾶς
3989 2424 4042 2473 ea

2472 2526 2630 2593 σῶμα
2662 2527 2778 2587 ταῖς
2820 2524 3078 2593 βασάνοις
3107 2521 3466 2591 παραδιδόναι
3491 2536 3503 2549 ·
3547 2519 3646 2588 οὐχ
3689 2516 3860 2576 οὕτως
3888 2518 4042 2582 ἐσμὲν

2468 2614 2623 2667 αὐτοὶ
2647 2614 2856 2667 ἑαυτῶν
2908 2613 3096 2683 ἐχθροὶ
3141 2613 3237 2665 καὶ
3296 2610 3597 2664 ἐπίϐουλοι.
3661 2607 3809 2659 Ἀλλ’
3862 2605 4043 2675 ἐπειδὴ

2470 2705 2582 2777 ζωή
2616 2725 2702 2769 τις
2738 2707 2887 2759 ἐστὶν
2920 2707 3083 2774 ἑτέρα
3123 2702 3277 2773 παρᾶ
3307 2703 3440 2754 πολὺ
3477 2701 3748 2771 κρείττων
3780 2698 3878 2765 τῆς
3914 2698 4043 2766 69m-

2473 2798 2663 2867 μένης,
2705 2798 2795 2849 καὶ
2828 2796 3031 2863 κέσμος
3081 2794 3287 2861 ἕτερος,
3350 2794 3445 2846 καὶ
3477 2790 3698 2857 ἀγαθῶν
3750 2790 4043 2850 ἀπτὶλαυςις

2468 2889 2679 2947 aito-lia,
2722 2889 2782 2937 οὐ
2814 2888 2990 2955 χρόνῳ
3031 2884 3383 2956 μήτρουμένη
3409 2924 3423 2948 ,
3485 2881 3621 2934 ἀλλὰ
3660 2881 3929 2949 μένουσαν
3963 2881 4043 2931 ἀεὶ

2467 2978 2563 3047 τὴν
2591 2978 2935 3046 εὐφροσύνην
2988 2977 3368 3045 παρεχομένη,
3411 2973 3605 3025 τούτου
3641 2989 3702 3039 γε
3745 2972 3908 3024 ἕνεκα
3960 2972 4043 3022 καὶ

2466 3070 2672 3136 κόσμου
2706 3068 2799 3120 τοῦ
2845 3067 3148 3136 ὁρωμένου,
3204 3068 3299 3117 καὶ
3336 3065 3535 3132 σαρκὸς
3594 3061 4039 3131 καταφρονοῦμεν

2468 3158 2542 3220 ὡς
2577 3161 2864 3229 λυομένης.
2893 3160 3040 3227 Λῦτη
3073 3159 3219 3210 ἐστὶν
3252 3159 3280 3226 ἡ
3309 3158 3554 3226 ἡμετέρα
3592 3156 3873 3225 ὁμολογία,
3910 3157 4035 3217 πρὸς

2470 3250 2673 3320 ταύτην
2708 3250 3079 3320 ἐστηρίγμεθα
3145 3250 3239 3301 καὶ
3273 3248 3616 3317 ήδράσμεθα.
3664 3247 3839 3315 ’Υπὲρ
3874 3244 4037 3305 αὐτῆς

2469 3342 2563 3394 καὶ
2600 3344 2707 3395 πᾶν
2760 3341 2940 3394 ὁτιοῦν
2994 3344 3108 3410 εἰμι
3142 3340 3250 3391 τῶν
3296 3339 3486 3392 δεινῶν
3536 3338 3769 3406 πάσχειν
3810 3336 4038 3402 ἕτοιμος.

2480 3434 2622 3485 Ἀλλ’
2650 3433 2699 3484 εἰ
2735 3434 2831 3500 μὲν
2876 3433 3099 3499 ταχεῖάν
3151 3447 3241 3497 μοι
3288 3430 3385 3497 τὴν
3430 3428 3692 3496 τελευτὴν
3724 3427 4040 3492 ἐπαγαγοις,

2470 3524 2602 3588 ἡμῖν
2642 3537 2702 3571 τε
2744 3522 2810 3571 τὰ
2847 3519 3083 3587 μάλιστα
3120 3520 3323 3587 χαριεῖ,
3374 3517 3469 3569 καὶ
3515 3517 3746 3568 σεαυτὸν
3808 3515 4041 3568 ἀπαλλά-

2471 3607 2582 3674 ξεις
2613 3610 2895 3680 αίσχύνης.
2938 3610 2999 3662 El
3053 3609 3112 3662 δὲ
3158 3610 3253 3661 καὶ
3304 3607 3594 3661 κολάσεσιν
3646 3607 3826 3676 αὐτὴν
3869 3622 4041 3673 παρα-

2467 3702 2666 3764 τείνεις
2710 3703 2806 3773 καὶ
2864 3700 3181 3770 τιμωρίαις,
3231 3699 3489 3752 τοσοῦτον
3538 3698 3701 3751 πλέον
3772 3698 3894 3763 ὕψει
3953 3698 4039 3747 καὶ

2471 3794 2616 3863 ἡμᾶς
2691 3792 2786 3845 τοῦ
2859 3793 2955 3845 σοῦ
3027 3792 3513 3862 καταφρονοῦντας
3593 3794 4037 3859 προστάγματος.

2469 3884 2741 3952 Αἰδοῦμαι
2773 3884 2883 3954 γὰρ
2907 3884 2955 3937 εί
2987 3885 3062 3954 μή
3088 3901 3141 3935 τι
3166 3884 3375 3952 ἓτερον,
3419 3883 3555 3936 ἀλλά
3585 3884 3716 3946 τοὺς
3748 3883 3857 3954 πρὸ
3889 3883 4037 3950 ήμῶν

2470 3974 2547 4043 τῷ
2580 3975 2868 4045 μαρτυρίῳ
2915 3974 3322 4039 τελειωθέντας,
3362 3975 3456 4028 καὶ
3490 3975 3587 4027 σὺν
3622 3975 3755 4044 ἡμῖν
3796 3974 3957 4025 πάλιν
3988 3974 4041 4024 τὸ

2469 4065 2846 4136 δεσμωτήριον
2892 4064 3321 4129 κατοικοῦντας⁸
3355 4067 3449 4118 καὶ
3492 4065 3583 4119 διὰ
3624 4065 3789 4118 τοῦτο
3834 4064 4039 4117 σπεύδω

2471 4158 2548 4229 μὴ
2592 4158 2851 4212 ἀπελθεῖν
2902 4158 3317 4225 ἀστεφάνωτος,
3366 4158 3499 4212 ἀλλά
3545 4158 3657 4211 τῶν
3716 4158 3939 4210 ἐκείνων
3986 4174 4037 4205 τι

2469 4249 2617 4320 χορῷ
2650 4249 3127 4319 συναριθμηθῆναι
3186 4248 3283 4301 καὶ
3316 4248 3533 4312 τούτοις
3569 4248 3669 4318 τὴν
3705 4246 4037 4315 ποθουμένην

2468 4342 2566 4413 τῆς
2598 4340 2878 4412 ἀθλήσεως
2912 4340 3187 4406 ὑποδεῖξαι
3221 4341 3468 4410 πορείαν.

2552 4613 2633 4664 Η’.
2687 4611 2872 4665 Ταῦτα
2910 4613 2989 4675 εἰς
3044 4611 3357 4682 ἀμηχανίαν
3412 4610 3505 4663 τὸν
3550 4610 3824 4679 τύραννον
3891 4625 4036 4676 περι-

2475 4704 2678 4775 ίστησι,
2716 4708 2811 4759 καὶ
2839 4706 2900 4757 τὺ
2948 4704 3155 4757 πείθειν
3200 4704 3301 4756 οὐκ
3359 4702 3520 4773 ἔχων,
3584 4704 3679 4755 ἐπὶ
3748 4702 3905 4766 ξύλου
3952 4700 4036 4751 τον

2470 4799 2639 4869 ἄνδρα
2688 4796 3029 4868 μετεωρίζει,
3100 4796 3194 4849 καὶ
3240 4795 3502 4859 διαξαίνει
3561 4794 3808 4864 σιδηροῖς
3875 4794 4031 4846 αὐτὸν

2469 4894 2673 4959 ὄνυξιν.
2717 4892 2775 4943 Ὀ
2822 4890 2879 4942 δὲ
2921 4889 3177 4942 τοσοῦτον
3229 4888 3417 4958 ἔχαιρε
3455 4886 3657 4958 μᾶλλον
3688 4890 3753 4957 τῇ
3806 4888 4036 4955 τιμωρῖςι

2466 4983 2543 5045 ὡς
2566 4983 2661 5034 καὶ
2694 4980 3032 5049 μακαριστὸν
3069 4978 3267 5031 ἐαυτὸν
3290 4977 3499 5031 τιθέναι
3530 4976 3632 5047 τῆς
3660 4978 4028 5047 ἀναρτήσεως,

2469 5074 2551 5127 ὅτι
2591 5071 2928 5125 δεσποτικῶν
2972 5069 3313 5139 παθημάτων
3365 5067 3612 5138 μιμητὴς
3656 5070 4031 5120 ausam-mo-

2470 5164 2534 5219 Εἰ
2565 5164 2670 5232 γὰρ
2702 5166 2727 5215 ὁ
2764 5161 2968 5231 Κύριος
3011 5162 3168 5230 ήμῶν
3211 5159 3420 5228 Ἰησοῦς
3468 5160 3727 5228 Χριστὸς,
3769 5160 3942 5226 ἔλεγε,
3973 5158 4035 5209 δι’

2470 5260 2617 5327 ἡμᾶς
2670 5256 2765 5309 καὶ
2808 5253 3030 5324 σταυρῴ
3075 5252 3421 5324 προσήλωτο,
3454 5252 3549 5305 καὶ
3597 5252 3760 5323 χολὴν
3797 5253 3889 5305 καὶ
3922 5250 4035 5313 ὄξος

2470 5346 2933 5417 προσήκατο,καὶ
2978 5344 3150 5416 λόγχῃ
3211 5343 3309 5413 τὴν
3361 5342 3605 5414 πλευρὰν
3657 5345 3902 5404 νένυκτο,
3950 5343 4037 5393 καὶ

2470 5441 2623 5511 ἥλοις
2661 5439 2982 5507 διατέτρητο
3015 5436 3114 5498 τὰς
3146 5434 3440 5504 παλάμας·
3469 5434 3586 5497 πῶς
3610 5435 3671 5488 οὐ
3709 5437 3809 5506 χρή
3857 5451 3922 5502 με
3954 5433 4035 5483 τὶν

2471 5532 2653 5586 δοῦλον
2678 5530 2785 5582 τῶν
2814 5528 2995 5581 αὐτῶν
3020 5527 3097 5597 τῷ
3124 5527 3368 5597 Δεσπότῃ
3410 5525 3537 5596 μεθ’
3573 5528 3772 5597 ἡδονῆς
3790 5524 4035 5590 κοινωνῆ-

2473 5642 2596 5687 σαι;
2636 5623 2852 5692 ’Λμέλει
2884 5622 2976 5675 καὶ
3008 5622 3105 5691 τὴν
3136 5620 3339 5689 λόγχην
3386 5617 3595 5689 ἐζήτει,
3636 5620 3733 5673 καὶ
3761 5620 3857 5687 τῆς
3885 5615 4035 5688 χολῆς

2473 5716 2755 5781 ἐπεθύμει,
2805 5714 2922 5778 καὶ,
2961 5711 3298 5777 Ἰῐκέτωσαν,
3328 5711 3506 5779 ἔλεγε,
3532 5711 3603 5764 τὰ
3642 5711 4032 5780 κολαφξσματα.

2470 5814 2533 5865 τὰ
2567 5808 2968 5884 ἐμπτύσματαο
3017 5810 3043 5863 ὁ
3082 5806 3371 5870 ἀκάνθινος
3410 5802 3742 5859 ὲπιτιθέσθω
3800 5819 3885 5875 μοι
3923 5799 4034 5854 στέ-
