4198 6312
244 350 264 413 1
277 354 382 417 325

1372 347 1840 411 MARTYRIUM
1872 348 1928 408 S.
1977 344 2369 405 EPIMACHI.

3360 338 3381 398 ι
3392 339 3496 401 326

237 479 446 533 φανος·
494 463 888 535 ιγχιιριζίσθω
917 461 1185 534 κάλαμος.
1236 463 1301 517 Ol
1363 462 1675 533 ιμπαιγμοὶ
1727 461 1805 523 δὲ,

1935 468 1989 523 :t,
2042 457 2278 512 Veniant
2342 459 2397 511 in
2453 472 2539 511 tne
2602 457 2792 527 alapas,
2846 455 3067 510 dicebat
3111 473 3125 508 :
3179 452 3497 523 injiclantur

238 556 394 624 φησὶ,
423 555 548 619 ποῦ,
584 555 689 610 ποῦ
712 556 780 608 τὰ
816 553 1138 623 ῥαπίσματα
1162 571 1182 619 ,'
1212 554 1403 625 Μικρὰ
1446 556 1556 626 γὰρ
1588 552 1713 624 ἐμοὶ
1743 552 1812 606 τὰ

237 644 488 714 παρόντα
515 650 651 716 πρὸς
680 648 865 699 ἐκεῖνα
899 645 1150 716 βλέποντι
1180 648 1276 699 καὶ
1313 645 1488 708 οὕτως
1512 645 1811 714 ἐφιεμένῳ.

1918 560 2118 621 sputa:
2175 550 2541 607 circumdelur
2594 560 2759 621 caput
2807 566 2990 606 meum
3037 565 3237 605 corona
3269 548 3495 616 spinea;

1920 643 2081 698 detur
2114 644 2169 697 in
2201 659 2394 697 manus
2415 653 2470 697 et
2501 644 2731 698 arundo.
2764 641 2995 703 Ubinam
3052 650 3177 695 sunt
3232 640 3496 694 dedecora

239 745 296 790 et
340 736 664 793 irrisiones?
696 737 787 791 ubi
834 738 1035 807 alapae?
1076 735 1274 791 Omnia
1321 737 1467 792 enim
1517 734 1807 806 praesentia
1868 732 1981 790 haec
2020 737 2153 791 mihi
2206 737 2271 791 ad
2311 736 2496 792 futura
2530 736 2617 790 illa
2648 736 2791 791 bona
2838 735 3130 805 spectanti.
3187 748 3360 802 eaque
3399 748 3498 799 ap-

242 828 468 896 petenti,
502 827 760 881 videntur
791 842 952 896 parva
982 825 1227 895 quaedam
1250 840 1393 890 esse,
1420 842 1483 880 ac
1510 841 1607 895 pro
1631 820 1803 878 nihilo
1829 818 2095 877 facienda.

311 917 388 972 0'.
421 917 522 971 Διὰ
547 918 703 972 τοῦτο
726 918 820 970 καὶ
849 918 1080 986 βάσανος
1105 917 1268 987 ἑτέρα
1292 917 1369 986 τῷ
1401 917 1606 988 ἀθλητῇ
1641 932 1811 985 προσ-

242 1011 387 1080 θήκη
429 1009 531 1077 τῆς
578 1008 956 1079 προλαὸούσης
1001 1007 1265 1076 ἐπήγετο,
1301 1008 1396 1061 καὶ
1432 1007 1601 1070 λίθοις
1644 1006 1820 1072 ὀξέσιν

241 1103 272 1155 ὁ
302 1103 549 1168 γενναῖος
596 1100 916 1169 ἑπλήττετο,
960 1099 1291 1168 πρόσταγμα
1322 1099 1378 1151 δὲ
1412 1099 1504 1151 τοῦ
1548 1099 1816 1168 τυράννου

242 1192 426 1259 τοῦτο,
467 1192 564 1246 καὶ
597 1191 695 1261 τῆς
724 1190 968 1261 ἀπηνοῦς
1024 1192 1204 1262 ψυχῆς
1232 1193 1450 1260 ἐκείνης
1499 1192 1593 1243 καὶ
1642 1192 1819 1244 ἀπαν-

244 1284 488 1352 θρώπου.
528 1284 665 1347 Ἵνα,
700 1285 852 1352 φησὶ,
890 1284 1072 1337 πυκνὰ
1098 1285 1559 1356 διαθραττομένου
1588 1285 1681 1337 τοῦ
1717 1283 1820 1335 σώα

248 1391 439 1444 ματος,
483 1375 677 1428 θᾶττον
722 1376 1015 1445 ἀπορρήξῃ
1050 1376 1146 1428 καὶ
1176 1375 1276 1444 τὴν
1304 1375 1504 1444 ψυχήν.
1543 1373 1821 1443 Ἐλελήθει

244 1469 301 1519 δὲ
329 1468 437 1537 ἄρα
465 1467 848 1538 λαμπρότερον
869 1467 1030 1520 αὑτὸν
1054 1466 1443 1537 ἐργαζόμενος,
1470 1467 1563 1520 καὶ
1596 1467 1819 1519 πλείονα

244 1559 323 1627 τῷ
354 1559 590 1630 μάρτυρι
618 1559 891 1628 προξενῶν
917 1558 1014 1629 τὴν
1040 1559 1176 1628 πρὸς
1198 1558 1290 1612 τὸν
1319 1558 1456 1612 Θεὸν
1485 1558 1819 1630 παρρησίαν.

263 1651 428 1703 Ἀλλὰ
475 1649 802 1720 προσεκτέον
834 1649 912 1719 τῷ
942 1650 1241 1719 διηγήματι
1266 1662 1279 1676 ⁶
1314 1650 1407 1702 καὶ
1438 1650 1544 1718 γὰρ
1592 1650 1810 1719 ὲκδηλο⁹

1995 915 2088 970 IX.
2132 916 2255 973 Haec
2281 932 2403 971 cum
2432 916 2639 970 diceret
2660 925 2880 986 martyr,
2905 914 3186 984 prioribus
3209 913 3482 967 tormenti.

1918 1024 2057 1062 nova
2106 1008 2350 1077 quadam
2402 1007 2819 1070 adiiciebantur,
2886 1015 2942 1060 et
2987 1007 3163 1060 acutis
3210 1002 3482 1070 lapidibus

1919 1114 2216 1169 generosus
2250 1099 2340 1153 ille
2375 1097 2600 1161 athleta,
2634 1098 2871 1167 tyranni.
2910 1098 3015 1152 hoc
3046 1106 3131 1151 est
3163 1096 3401 1149 crudelis
3434 1105 3491 1149 et

1919 1194 2230 1247 inhumanae
2267 1206 2488 1260 prorsus
2517 1190 2712 1243 animae
2744 1190 2925 1257 jussu,
2954 1190 3276 1245 feriebalur.
3312 1186 3493 1244 Insta-

1918 1283 2012 1336 bat
2050 1285 2194 1337 enim
2227 1298 2291 1337 ac
2322 1281 2584 1352 urgebat:
2626 1279 2724 1340 Ita,
2759 1279 3033 1348 inquiens,
3068 1277 3345 1332 hominem
3376 1292 3498 1346 per-

1922 1376 2115 1436 cutitc.
2148 1384 2208 1430 ut
2257 1376 2378 1443 ejus
2416 1387 2646 1441 corpore
2696 1371 2907 1425 crebris
2956 1370 3153 1424 ictibus
3197 1368 3493 1438 perfracto,

1922 1468 2209 1521 celerrime
2238 1466 2472 1519 animam
2513 1465 2685 1532 ipsam
2721 1464 3033 1536 abrumpat.
3069 1461 3175 1516 Sed
3213 1477 3319 1514 non
3348 1461 3503 1514 vide-

1923 1560 2017 1614 bat
2064 1568 2325 1629 tyrannus
2378 1557 2487 1619 ille,
2540 1563 2832 1624 martyrem
2901 1569 2964 1607 ea
3026 1569 3085 1606 re
3150 1552 3502 1606 illustriorem

1929 1651 2091 1712 efﬁci,
2130 1649 2504 1718 majoremqne
2542 1648 2683 1715 apud
2726 1644 2895 1698 Deum
2934 1643 3188 1697 ﬁduciam
3223 1642 3326 1712 ipsi
3362 1657 3502 1695 con-

247 1742 411 1811 τέρας
440 1742 539 1812 ήδη
566 1745 664 1810 τῆς
690 1744 913 1811 χάριτος
941 1740 1258 1803 ἀπολαύειν,
1280 1741 1505 1795 καὶτῶν
1530 1743 1823 1813 θαυμάτων

1935 1742 2123 1802 ciliari.
2151 1740 2419 1795 Caeterum
2454 1750 2670 1799 earum,
2703 1752 2823 1806 quae
2855 1736 3085 1789 dicenda
3120 1742 3270 1796 sunt,
3304 1749 3505 1787 narra-

258 1833 565 1905 Ἐπίμαχος
596 1835 849 1904 ἄρχεται.

322 2097 379 2151 l'.
450 2096 508 2149 '0
564 2099 663 2167 μὲν
712 2098 955 2163 ὲξαίνετο
1019 2098 1291 2170 μετέωρος
1340 2100 1433 2153 ἰπὶ
1495 2098 1676 2166 ξύλου,
1732 2103 1827 2156 καὶ

250 2187 417 2250 λίθοις
444 2188 512 2240 τὰ
559 2190 693 2242 ὀστᾶ
723 2190 1099 2245 διακέκλαστο.
1138 2192 1287 2263 Κόρη
1328 2192 1385 2245 δέ
1414 2209 1497 2256 τις
1529 2194 1647 2247 ἐκεῖ
1684 2211 1826 2263 παρ-

251 2281 491 2350 ειστήκει
560 2280 725 2351 μέρος
792 2278 926 2337 οὖσα
972 2284 1066 2336 καὶ
1113 2283 1249 2354 αὐτὴ
1291 2283 1384 2338 τοῦ
1434 2284 1690 2353 θεάτρου,
1736 2285 1827 2338 τδν

252 2370 440 2441 ἔτερον
493 2373 871 2445 πεπηρωμένη
931 2374 1040 2427 τῶν
1096 2374 1410 2444 ὀφθαλμῶν.
1465 2373 1685 2445 Ταύτης
1735 2370 1829 2429 οὖν

258 2462 471 2525 ἀτενῶς
534 2464 670 2532 πρὸς
725 2466 931 2517 ἐκεῖνον
982 2464 1220 2535 ὁρώσης,
1272 2466 1365 2518 καὶ
1418 2467 1519 2529 τὰς
1582 2467 1830 2537 χαλεπὰς

258 2554 474 2616 ὲκείνας
512 2554 767 2617 κολάσεις
794 2555 1026 2628 ὀδυρμδν
1063 2558 1416 2628 ποιουμένης,
1453 2559 1618 2629 μέρος
1642 2577 1693 2612 τι
1719 2559 1827 2611 τῶν

258 2644 352 2696 τοῦ
420 2647 701 2715 μάρτυρος
750 2648 970 2718 σαρκῶν
1022 2647 1237 2701 ἐκεῖθεν
1301 2651 1657 2703 ἀποσπασθὲν
1736 2652 1828 2703 καὶ

258 2737 495 2807 διαέριόν
526 2755 641 2800 πως
671 2739 993 2808 φερόμενον,
1028 2741 1327 2806 ἀποστάζει
1356 2740 1455 2794 τοῦ
1486 2742 1716 2810 αἵματος
1752 2744 1831 2804 εἰς

259 2830 352 2881 τὸν
392 2831 702 2900 ὀφθαλμόν*
730 2833 825 2885 καὶ
874 2835 902 2886 ὁ
951 2833 1261 2903 σταλαγμὸς
1282 2834 1484 2887 αὐτίκα
1527 2838 1722 2902 παγεὶς
1765 2837 1831 2903 (ὢ

262 2919 547 2988 θαύματος
608 2923 930 2977 ἀνεικάστου
969 2925 982 2976 !
1022 2925 1067 2977 ὣ
1136 2925 1318 2979 πάντα
1375 2924 1535 2991 λόγον
1592 2926 1828 2997 νικώσης

259 3012 715 3081 φιλανθρωπίας),
770 3014 884 3080 φῶς
935 3013 1145 3081 γίνεται
1182 3014 1376 3087 ταὺτῃ.
1417 3018 1513 3069 καὶ
1554 3016 1682 3085 ὑγιῆ
1738 3016 1826 3069 τὸν

1930 1837 2133 1891 tionem
2189 1850 2502 1903 sequamur.
2572 1830 2839 1898 Deinceps
2889 1827 3035 1881 enim
3108 1827 3330 1903 planum
3392 1825 3508 1887 ﬁet.

1926 1927 2389 1998 quemadmodum
2426 1921 2766 1993 Epimachus
2796 1902 3230 1973 manifestiorem
3261 1916 3353 1971 Dei
3381 1931 3511 1987 ετα-

1929 2020 2062 2073 tiam
2094 2031 2150 2073 et
2179 2018 2441 2071 miracula
2472 2024 2692 2069 secutus
2724 2021 2830 2067 est.
3274 2022 3281 2029 '

2000 2110 2067 2163 Χ.
2114 2108 2474 2162 Lacerabatnr
2503 2106 2590 2159 ille
2612 2104 2832 2173 quidem
2867 2102 2922 2156 in
2949 2103 3119 2171 ligno,
3152 2112 3205 2154 et
3238 2098 3509 2167 lapidibus

1931 2202 2252 2261 feriebatur,
2288 2210 2347 2252 ut
2399 2198 2517 2265 ejus
2544 2210 2666 2249 ossa
2716 2195 2880 2247 etiam
2937 2193 3052 2263 ipsa
3103 2192 3508 2260 frangerentur.

1932 2290 2115 2345 Puella
2141 2304 2270 2345 vero
2291 2288 2535 2359 quaedam
2566 2286 2673 2341 illic
2691 2284 2925 2349 astabat,
2958 2295 3012 2339 et
3041 2285 3155 2354 ipsa
3178 2300 3284 2337 una
3314 2300 3380 2337 ex
3417 2298 3513 2338 eo-

1931 2400 2050 2438 rum
2083 2397 2335 2444 numero,
2384 2381 2477 2450 qui
2526 2379 2841 2449 spectaculo
2870 2378 3122 2431 aderant.
3160 2377 3291 2430 Erat
3324 2384 3509 2429 autem

1933 2475 2090 2531 oculo
2118 2475 2289 2528 altero
2326 2482 2619 2527 excaecata.
2676 2470 2771 2523 illa
2803 2485 2928 2524 cum
2979 2468 3045 2521 ad
3086 2476 3377 2536 martyrem
3428 2465 3513 2518 in-

1936 2576 2083 2620 tenta
2118 2573 2285 2627 esset,
2327 2574 2380 2618 et
2412 2563 2763 2631 gravissimos
2790 2562 2910 2630 ejus
2947 2560 3225 2613 cruciatus
3257 2559 3516 2611 lamenta-

1934 2669 2101 2719 retur,
2128 2673 2252 2727 pars
2278 2657 2523 2725 quaedam
2557 2670 2587 2709 e
2626 2655 2882 2723 martyris
2918 2652 3179 2704 carnibus
3206 2655 3513 2712 abstracta,

1932 2760 1985 2805 et
2014 2767 2110 2819 per
2142 2765 2324 2804 aerem
2354 2748 2583 2816 perlata,
2620 2746 2674 2799 in
2712 2744 2857 2804 illius
2900 2742 3096 2813 puellae
3127 2741 3345 2796 oculum
3378 2755 3507 2794 san-

1933 2841 2109 2907 guinis
2139 2848 2343 2909 guttam
2373 2835 2676 2897 instillavit,
2712 2850 2832 2902 qua:
2869 2833 3088 2901 quidem
3114 2832 3167 2899 (o
3196 2830 3517 2883 miraculum

1931 2930 2227 3001 singulare,
2262 2944 2295 2982 o
2324 2926 2416 2981 Dei
2446 2926 2844 2997 benignitatem
2879 2922 3035 2978 omni
3060 2924 3315 2976 oratione
3348 2921 3521 2989 majo-

1932 3021 2069 3089 rem)
2107 3021 2160 3073 in
2191 3020 2374 3073 lumen
2405 3018 2590 3072 statim
2628 3031 2889 3072 conversa
2922 3024 3028 3079 est,
3076 3023 3131 3068 et
3158 3014 3353 3082 puellm
3379 3029 3514 3067 ocu-

257 3103 537 3171 ὀφθαλμὸν
570 3105 918 3160 ἀποδίδωσιν.
964 3105 1126 3158 Ἀλλὰ
1151 3106 1312 3159 τοῦτο
1339 3106 1437 3176 μὲν
1464 3107 1527 3175 δὴ
1551 3106 1826 3176 πάρεργον

1935 3107 2042 3161 lum
2076 3122 2270 3161 sanum
2306 3106 2507 3160 eﬂ‘ecit.
2537 3104 2650 3158 Hoc
2682 3103 2963 3173 Epimachi
2990 3102 3245 3171 martyris
3276 3101 3516 3154 miracu-

270 3193 558 3266 Ἐπιμάχῳ
621 3195 714 3250 τοῦ
775 3198 1103 3267 μαρτυρίου,
1148 3200 1241 3251 καὶ
1281 3198 1452 3258 οὕτως
1514 3199 1681 3252 αὐτοῦ
1739 3200 1833 3250 καὶ

261 3286 412 3354 ῥανὶς
436 3286 668 3354 αἵματος
705 3286 841 3356 μόνη
883 3287 1153 3356 τοσαύτην
1185 3286 1410 3340 δύναται
1444 3287 1708 3357 παρέχειν
1736 3287 1833 3356 τὴν

259 3374 577 3441 θεραπείαν.

335 3466 443 3521 ΙΑ’.
490 3466 642 3517 Ἐπεὶ
667 3468 723 3519 δὲ
752 3465 977 3535 ἀκλινὴς
1005 3466 1213 3529 ἐκεῖνος
1235 3465 1415 3536 ὡρᾶτο
1432 3469 1526 3520 καὶ
1558 3471 1656 3535 τὴν
1683 3468 1837 3519 εὐσέ-

262 3553 421 3607 ϐειαν
470 3554 804 3623 ἁμετάθετος
847 3557 881 3624 ἡ
917 3555 1201 3608 τελευταία
1259 3554 1381 3609 κατ’
1428 3555 1593 3607 αὑτοῦ
1637 3556 1836 3608 δίδοται

262 3646 463 3714 ψῆφος,
488 3648 581 3698 καὶ
612 3647 758 3714 ξίφει
783 3649 883 3718 τὴν
914 3648 1066 3723 ίερᾲν
1094 3648 1312 3718 ὲκείνην
1350 3647 1378 3699 ὁ
1421 3648 1630 3717 μάρτυς
1669 3665 1841 3716 κεφα-

263 3738 361 3807 λὴν
386 3740 744 3809 ἀφαιρεῖται·
780 3737 839 3791 τὸ
886 3739 1070 3806 μέντοι
1105 3738 1265 3808 σῶμα
1308 3739 1502 3792 τούτου
1550 3740 1611 3791 τὸ
1658 3738 1838 3806 τίμιον

266 3827 476 3880 πιστῶν
509 3828 698 3897 χερσὶν
726 3827 887 3889 ὁσίως
921 3826 1270 3895 περισταλὲν,
1305 3828 1429 3880 ἐκεί
1459 3826 1837 3891 κατατίθεται,

265 3920 399 3971 ὅπου
427 3922 520 3973 καὶ
542 3919 643 3988 τὴν
675 3917 1021 3988 μαρτυρικὴν
1049 3918 1260 3989 ὑπέστη
1291 3919 1595 3973 τελείωσιν.
1630 3920 1837 3971 Τούτου

266 4010 365 4077 τὴν
414 4009 718 4078 μαρτυρίαν
760 4007 1039 4077 ἐθαύμασε
1092 4008 1189 4077 μὲν
1241 4009 1390 4061 καὶὸ
1419 4010 1528 4061 τῶν
1590 4009 1842 4073 Ἀλεξαν-

268 4102 439 4170 δρέων
461 4102 650 4171 δῆμος,
685 4101 779 4154 καὶ
810 4103 924 4155 ὅσοι
973 4101 1074 4170 τῆς
1106 4105 1406 4171 προσοίκου
1452 4103 1728 4170 Αἰγύπτου
1772 4102 1841 4156 τὰ

272 4192 502 4244 πιότατα
550 4192 829 4261 νέμονται,
877 4197 1257 4264 κατεκόσμησε
1294 4194 1348 4246 δὲ
1387 4195 1481 4245 καὶ
1507 4194 1844 4258 αὑτὸς-ἅνω-

271 4281 362 4333 θεν
390 4282 550 4334 αὐτὸν
581 4281 867 4351 στεφάνοις
890 4284 1166 4354 λαμπροῖς
1210 4287 1237 4337 ὁ
1261 4284 1655 4355 Ἀγωνοθέτης,
1687 4284 1753 4337 δι’
1785 4288 1843 4338 δν

268 4391 327 4427 τι
374 4376 568 4430 παθεῖν
601 4375 802 4440 εἵλετο,
837 4377 931 4431 καὶ
965 4370 1027 4431 οὗ
1091 4378 1333 4449 μιμητὴς
1387 4378 1543 4448 mea
1589 4379 1842 4447 γενέσθαι

269 4466 378 4521 τῶν
403 4471 783 4540 παθημάτων·
839 4464 883 4538 ᾧ
933 4470 1131 4539 πρέπει
1182 4472 1334 4524 πᾶσα
1364 4470 1515 4535 δόξα,
1571 4472 1705 4540 τιμὴ
1750 4472 1843 4522 καὶ

270 4563 659 4633 προσκύνησις,
700 4564 796 4618 νῦν
826 4566 919 4617 καὶ
959 4564 1046 4616 ἀεὶ
1082 4564 1177 4616 καὶ
1208 4563 1287 4625 εις
1328 4563 1455 4625 τοὺς
1497 4564 1699 4627 αίῶνας
1734 4562 1844 4615 τῶν

269 4655 503 4710 αἰώνων.
536 4658 729 4728 Ἀμήν.

1938 3199 2050 3253 lum
2093 3196 2247 3266 quasi
2280 3204 2733 3266 pertranseuntes
2788 3193 3049 3254 diximus,
3095 3201 3153 3246 ut
3189 3192 3509 3245 ostendere-

1942 3304 2063 3342 mus
2104 3299 2267 3341 nnam
2299 3287 2419 3355 ejus
2469 3286 2572 3338 viri
2602 3284 2885 3353 sanguinis
2923 3291 3130 3353 guttam
3171 3283 3358 3337 subito
3397 3292 3520 3338 tan-

1940 3388 2051 3434 tam
2077 3379 2415 3433 curationem
2440 3378 2637 3432 alferre
2673 3377 2944 3446 potuisse.

2009 3469 2107 3519 XI.
2147 3468 2283 3523 Cum
2339 3484 2469 3521 vero
2501 3477 2706 3537 martyr
2761 3469 2812 3520 in
2864 3468 3138 3521 diversam
3188 3465 3522 3519 sententiam

1940 3557 2083 3611 ﬁecti
2110 3573 2219 3611 non
2255 3567 2458 3625 posset,
2493 3569 2548 3610 et
2579 3560 2670 3609 Dei
2701 3559 3020 3628 religionem
3058 3573 3395 3627 nequaquam
3425 3572 3525 3610 ne-

1941 3667 2071 3721 gare
2098 3649 2282 3711 vellet,
2316 3648 2508 3701 ultima
2540 3648 2595 3700 in
2633 3662 2757 3701 eum
2782 3630 3056 3701 sententia
3091 3648 3195 3701 lata
3224 3659 3327 3709 est,
3356 3658 3410 3702 et
3434 3665 3525 3704 sa-

1941 3757 2094 3795 crum
2135 3740 2265 3792 illud
2300 3741 2555 3807 martyris
2595 3747 2763 3805 caput
2795 3738 2973 3790 securi
3019 3753 3343 3806 percussum
3382 3738 3523 3792 fuit:

1942 3842 1997 3887 et
2026 3833 2143 3901 ejus
2176 3829 2393 3899 quidem
2441 3827 2812 3882 venerandum
2858 3840 3077 3897 corpus,
3130 3827 3371 3882 ﬁdelium
3428 3828 3529 3881 ho-

1944 3924 2151 3978 minnm
2192 3920 2442 3974 manibus
2466 3918 2719 3989 religiose
2765 3929 3041 3981 curatum,
3097 3918 3205 3972 illic
3242 3919 3523 3973 conditum

1944 4024 2047 4075 est.
2098 4013 2187 4065 ubi
2244 4020 2298 4065 et
2355 4010 2598 4081 martyrii
2654 4010 2919 4064 sustinuit
2966 4012 3525 4064 consummationem.

1947 4106 2076 4175 Ejus
2109 4105 2211 4160 viri
2242 4112 2520 4159 certamen
2567 4117 2677 4156 non
2727 4102 3130 4156 Alexandrinus
3170 4110 3381 4154 tantum
3426 4118 3526 4170 po-

1945 4208 2123 4269 pntus,
2154 4195 2355 4265 quique
2386 4194 2644 4248 ﬁnitimas
2676 4208 2740 4247 ac
2772 4192 3141 4247 feracissimas
3174 4191 3388 4261 Egypti
3421 4208 3520 4245 re—

1946 4290 2134 4358 giones
2166 4286 2372 4349 colunt,
2402 4285 2559 4339 valde
2591 4284 2843 4337 admirati
2878 4299 2940 4336 ac
2972 4283 3194 4337 reveriti
3228 4291 3358 4337 sunt
3387 4300 3401 4337 :
3434 4282 3528 4337 sed

1948 4378 2080 4431 illud
2139 4377 2375 4430 mundus
2421 4390 2571 4429 nunc
2615 4373 2855 4428 celebrat
2905 4377 3213 4429 universus.
3264 4372 3528 4427 Enmdem

1950 4484 2166 4539 quoque
2194 4467 2554 4522 certaminum
2585 4476 2780 4521 auctor
2820 4476 2875 4519 et
2917 4466 3083 4535 judex
3119 4464 3264 4518 Dens
3314 4480 3344 4519 e
3388 4464 3530 4517 coelo

1953 4560 2146 4616 illustri
2179 4574 2381 4614 corona
2428 4557 2673 4619 donavit,
2724 4567 2951 4626 propter
3000 4572 3163 4625 quem
3198 4555 3530 4625 Epimachus

1949 4654 2224 4709 cruciatus
2264 4665 2454 4705 omnes
2495 4663 2785 4718 perpessus
2834 4657 2938 4707 est,
2991 4649 3223 4716 ejusque
3280 4646 3531 4700 imitator

272 4758 392 4799 esse
428 4745 481 4797 in
511 4749 795 4803 tormentis
828 4746 1167 4819 perferendis
1212 4750 1445 4801 maxime
1473 4748 1784 4818 concupivit
1824 4764 1887 4803 ae
1925 4747 2155 4803 studuit.
2189 4745 2296 4815 Ipsi
2332 4744 2575 4799 Creatori
2623 4753 2676 4797 et
2714 4742 3003 4807 Salvatori,
3042 4740 3271 4794 Domino
3305 4752 3367 4790 ac
3418 4736 3529 4789 Deo

277 4852 465 4894 nostro
507 4843 576 4895 sit
634 4842 826 4913 gloria,
887 4842 1062 4895 honor
1119 4850 1175 4896 et
1234 4842 1479 4897 adoratio
1531 4857 1654 4898 cum
1709 4843 1868 4897 Patre
1918 4842 2171 4913 principii
2253 4839 2483 4910 ﬁnisque
2544 4848 2789 4908 experte,
2857 4846 2913 4891 et
2974 4834 3319 4890 sanctissimo
3367 4841 3531 4901 atque

276 4936 586 4990 viviﬁcante
617 4936 843 5006 Spiritu,
877 4953 997 5007 qua:
1022 4947 1105 4991 est
1140 4952 1247 4990 una
1301 4936 1557 4992 divinitas
1603 4940 1653 4992 in
1683 4939 1875 5009 aequali
1911 4950 1966 4995 et
2000 4938 2277 4992 individua
2308 4936 2597 5001 Trinitate,
2624 4935 2785 4989 vitam
2831 4932 3085 5003 praebens
3114 4929 3260 4987 omni
3285 4926 3534 4999 spiritui,

278 5033 333 5077 et
367 5039 596 5095 regnans
628 5042 779 5082 nunc
814 5034 869 5082 et
898 5042 1137 5097 semper,
1169 5036 1225 5081 et
1265 5026 1322 5080 in
1368 5028 1562 5083 saecula
1612 5029 1960 5084 saeculorum.
1996 5029 2191 5083 Amen.
