4078 6222
820 482 1669 649 MENSIS
1816 480 2861 649 MARTIUS

1317 974 1447 1021 ΤΟΥ
1486 973 1569 1019 ΕΝ
1611 971 1829 1021 ΑΓΙΟΙΣ
1869 972 2125 1021 ΠΑΤΡΟΣ
2165 974 2358 1021 ΗΜΩΝ

555 1138 1503 1259 ΘΕΟΦΑΝΟΥΣ
1568 1138 1877 1257 ΤΟΥ
1935 1142 2246 1254 ΤΗΣ
2313 1136 3131 1255 ΣΙΓΡΙΑΝΗΣ

1253 1367 1517 1456 ΒΙΟΣ
1594 1369 1792 1454 ΚΑΙ
1873 1367 2437 1455 ΠΟΛΙΤΕΙΑ

753 1746 882 1889 S.
1059 1746 1209 1888 P.
1377 1746 1538 1885 Ν.
1705 1743 2961 1888 THEOPHANIS

450 2008 690 2069 MAGNI
719 2010 898 2070 AGRI
928 2007 1007 2066 IN
1051 2006 1414 2067 SIGRIANA
1460 2006 1710 2066 PROPE
1758 2004 2096 2066 CYZICUM
2142 2005 2545 2067 HEGUMENI
2592 2008 2691 2069 ET
2734 2005 3258 2069 CONFESSORIS

1002 2166 1339 2285 VITA
1429 2166 1610 2284 ΕΤ
1699 2164 2718 2292 CONVERSATIO

179 2387 340 2447 (Circa
365 2399 567 2434 annum
603 2385 714 2448 820,
752 2381 938 2448 Martii
954 2380 1039 2429 die
1064 2382 1148 2448 12..
1172 2407 1234 2415 —
1265 2379 1495 2448 Αοωεε.
1520 2379 1758 2448 Bolland.
1784 2380 1850 2428 ad
1878 2379 2015 2429 hanc
2041 2379 2190 2448 diem
2212 2381 2387 2430 Graece
2403 2386 2454 2431 et
2472 2382 2679 2436 Latine.
2710 2381 2963 2448 Ejusdem
3000 2383 3341 2448 Theophanis
3362 2384 3537 2434 Vitam

351 2448 571 2498 alteram
602 2447 768 2497 habes
794 2443 1069 2509 praefixam
1104 2442 1220 2506 ejus
1252 2443 1693 2505 Chronographiw
1720 2456 1885 2506 quam
1910 2443 2287 2507 complectitur
2309 2448 2489 2494 tomus
2520 2450 2703 2495 noster
2730 2442 3055 2497 centesimus
3090 2442 3353 2509 octavus.)

770 2782 1172 2832 ΠΡΟΟΙΜΙΟΝ.

262 2868 341 2922 Α’.
391 2868 590 2941 Ὠσπερ
633 2867 808 2937 λειμὼν
859 2870 1099 2932 εὐανθὴς,
1150 2864 1404 2925 ποικίλοις
1428 2864 1612 2915 ἄνθεσι
1665 2881 1778 2913 ποι-

181 2960 484 3028 καζόμενος,
553 2958 763 3031 ὡραῖζει
824 2964 940 3019 ταῖς
1009 2952 1198 3027 ὀδμαῖς
1278 2963 1375 3006 τῶν
1445 2952 1777 3011 καταλλήλωι

187 3045 447 3101 στιϐάδων
508 3050 629 3108 τοὺς
680 3048 900 3120 ἱστορεῖν
954 3043 1316 3118 βουλομένους,
1376 3047 1465 3093 καὶ
1522 3047 1678 3094 τόπον
1727 3039 1782 3092 ἐκ

186 3144 336 3189 τόπου
394 3135 701 3208 ἀμείϐοντας
758 3132 1125 3207 παλινδρομεῖν
1182 3132 1487 3204 ἀναγκάζει,
1549 3136 1636 3183 καὶ
1689 3134 1782 3188 τὴν

192 3226 518 3299 ἐπιχώρησιν
562 3225 728 3277 ἑκοντὶ
775 3222 1119 3294 παραϐλέπειν
1167 3239 1178 3251 ⁸
1226 3226 1311 3274 τόν
1352 3221 1501 3273 αὐτόν
1556 3217 1621 3279 δὴ
1666 3224 1788 3292 τρό-

192 3336 276 3367 πον
338 3321 426 3367 καὶ
477 3317 507 3373 ἡ
576 3322 814 3389 Χριστοῦ
880 3312 1181 3370 Ἐκκλησία.
1243 3318 1316 3383 Τῇ
1370 3313 1472 3384 γὰρ
1527 3306 1789 3362 πολυειδεί

195 3410 338 3478 πείρᾳ
364 3413 458 3456 τῶν
500 3402 587 3455 ἀπ’
631 3404 816 3463 αἰῶνος
860 3402 1019 3473 ἁγίων
1056 3409 1294 3473 κομῶσαι,
1344 3403 1470 3474 πρὸς
1502 3401 1637 3451 θείαν
1675 3402 1790 3458 τούς

198 3495 441 3566 ἀκροατὰς
522 3494 784 3565 ἐποτρύνει
862 3488 1185 3563 δοξολογίαν,
1279 3496 1368 3541 καὶ
1462 3490 1641 3562 ἑορτὴν
1740 3486 1791 3550 ἐξ

199 3584 367 3654 ἑορτῆς
414 3581 743 3654 ὶνηχούμενοι
796 3589 1134 3655 χαρμονικώς
1188 3588 1249 3651 τῇ
1309 3579 1427 3631 καθ’
1484 3580 1680 3650 ἡμέραν
1744 3579 1792 3628 ἓν

196 3671 409 3743 ἀλλακτῇ
489 3670 755 3742 ἐπωνυμίᾳ
825 3670 1138 3740 ἐπείγονται,
1201 3672 1349 3742 γέρας
1402 3666 1571 3719 αἶσιον
1644 3666 1795 3718 κελα-

198 3758 377 3818 δῆσαι.
418 3761 498 3813 Ἐν
540 3763 707 3829 τούτῳ
741 3762 842 3831 γὰρ
899 3763 989 3810 καὶ
1030 3756 1252 3817 εὐσεϐεῖς
1292 3758 1627 3831 προστιθέναι
1682 3756 1793 3807 ἑαυ-

193 3856 295 3911 τοῖς
360 3848 549 3921 ἁρετήν
603 3843 1027 3911 ἐπισπεύδουσιν,
1097 3851 1187 3898 καὶ
1248 3847 1295 3896 οἱ
1370 3845 1483 3896 λίαν
1556 3843 1796 3896 ἁσύνετοι

191 3940 372 4012 ρᾲστα
425 3944 514 3995 τῆς
579 3935 763 3988 ἑαυτῶν
832 3936 1093 3996 πολιτείας
1143 3938 1515 4005 κατεγνωκότες
1572 3930 1795 3985 εὐσεϐεῖν

192 4033 288 4085 τὴν
367 4032 579 4096 γνώμαν
627 4023 924 4096 βιάζονται.
981 4023 1090 4076 Οὐκ
1166 4020 1272 4087 οὖν,
1328 4022 1612 4094 ἀγαπητοὶ,
1668 4023 1796 4090 ὁσίῳ

2516 2775 2907 2831 PROLOGUS.

1960 2863 2000 2917 Ι.
2046 2861 2568 2928 Quemadmodum
2587 2879 2844 2919 vernans
2860 2867 3120 2935 pratum,
3135 2865 3318 2920 variis
3336 2864 3545 2921 distin-

1890 2957 2048 3007 ctum
2063 2951 2331 3014 ﬂoribus,
2350 2951 2783 3023 dispositarum
2800 2958 2935 3025 apte
2948 2953 3095 3009 inter
3116 2971 3180 3009 se
3203 2954 3543 3010 areolarum

1890 3040 2215 3110 fragrantia
2268 3042 2557 3113 inspicere
2598 3041 2861 3098 volentes
2899 3041 3175 3109 oblectat,
3224 3043 3547 3115 locumque

1893 3134 2336 3185 commutantes
2365 3146 2396 3185 e
2435 3130 2587 3195 loco,
2629 3131 2843 3186 eodem
2885 3131 3043 3187 unde
3084 3132 3355 3189 abierant
3394 3132 3553 3202 cogit

1894 3233 2215 3282 recurrere,
2268 3222 2367 3273 aut
2421 3218 2630 3275 saltem
2682 3220 2890 3275 oculos
2940 3226 3153 3292 sponte
3210 3221 3548 3293 obliquatos

1896 3307 2215 3373 reﬂectere,
2244 3308 2523 3363 eumdem
2554 3308 2730 3378 plane
2756 3309 2817 3363 in
2846 3308 3094 3364 modum
3124 3310 3335 3365 Christi
3363 3310 3552 3366 Eccle-

1900 3396 2010 3461 sia,
2034 3412 2262 3460 eorum,
2286 3398 2389 3467 qui
2421 3413 2455 3452 a
2482 3397 2701 3452 saeculo
2728 3404 2863 3452 sunt
2890 3403 3240 3454 sanctorum
3270 3398 3554 3455 multifor-

1901 3486 2014 3541 mis
2040 3484 2298 3556 exempli
2320 3490 2563 3556 compta
2587 3494 2818 3551 ornatu,
2854 3488 2927 3542 ad
2950 3486 3171 3543 divinas
3193 3487 3389 3543 laudis
3416 3503 3558 3543 con-

1900 3573 2218 3629 fessionem
2251 3574 2559 3630 audientes
2587 3574 2852 3645 impellit,
2896 3576 3056 3647 iique
3096 3577 3318 3648 quibus
3361 3593 3551 3632 unum

1902 3680 1973 3718 ex
2012 3663 2128 3718 alio
2168 3663 2387 3718 festum
2426 3664 2721 3727 indicitur,
2768 3664 3191 3719 exsultabundi
3239 3666 3559 3721 incitantur

1904 3769 2080 3808 suum
2099 3753 2313 3824 cuique
2325 3752 2557 3807 dierum
2576 3754 2814 3809 mutatis
2838 3753 3308 3825 appellationum
3325 3754 3560 3810 vicibus

1904 3842 2193 3898 honorem
2233 3840 2623 3895 deferendum
2665 3841 2990 3913 publicare.
3029 3843 3113 3897 Ad
3148 3843 3263 3898 hoc
3300 3845 3458 3898 enim
3505 3847 3563 3897 et

1906 3931 1963 3997 ii,
1997 3930 2101 4001 qui
2131 3930 2355 3985 caeteris
2377 3931 2569 4000 magis
2591 3936 2729 3986 sunt
2752 3930 3029 4000 religiosi,
3046 3936 3426 4001 concurrunt,
3445 3936 3562 3986 sat-

1907 4024 2150 4092 agentes
2189 4035 2361 4075 suam
2401 4018 2701 4089 adaugere
2732 4020 3005 4075 virtutem
3047 4026 3103 4075 et
3139 4020 3375 4075 desides
3410 4019 3563 4076 alias

196 4112 348 4189 ἀνδρὶ
407 4113 735 4187 ἐγκωμιάσαι
818 4132 906 4185 μοι
984 4109 1279 4176 σπεύδοντι,
1360 4113 1635 4186 προθύμως
1711 4112 1798 4169 τὰς
1833 4109 3569 4194 Βδίᾳυθἱηεεηεδιὶοοηνθτεᾶιὶοηίεειιωόειωοδῑιιθεὶεηα-

196 4205 351 4265 ἀκοὰς
398 4205 794 4278 ὑποστρώσατε,
840 4207 929 4254 καὶ
984 4208 1203 4271 νουνεχῆ
1259 4204 1353 4258 τὴν
1402 4199 1650 4271 ἀκρόασιν
1703 4217 1800 4249 πα-

194 4298 549 4369 ρακατέσχετι
600 4296 842 4363 σήμερον,
883 4296 975 4353 Τίς
1014 4287 1073 4343 δε
1104 4290 1249 4350 οὗτος
1281 4306 1294 4356 ;
1352 4288 1410 4341 Ὀ
1456 4288 1503 4341 ἐν
1543 4288 1802 4349 ἀσκηταῖς

197 4381 502 4454 περιϐόητος
548 4382 829 4453 Θεοφάνης,
876 4381 901 4431 6
946 4384 1103 4453 μέγας
1142 4388 1237 4440 τῆς
1289 4376 1598 4453 ὀρθοδοξίας
1652 4378 1802 4448 ὑπέρ-

196 4491 399 4545 μαχος,
453 4472 480 4521 6
529 4479 628 4523 τῶν
684 4468 938 4527 ἀληθινῶν
1000 4465 1279 4539 δογμάτων
1334 4472 1723 4539 προασπιστής,
1779 4466 1804 4517 6

198 4564 485 4635 προθύμως
527 4561 707 4613 ἑαυτὸν
763 4567 875 4621 τοῖς
922 4565 1183 4632 τυραννεῖν
1232 4555 1462 4609 ἐθέλουσι
1512 4550 1804 4627 παραδοὺς,

200 4654 229 4703 6
304 4654 401 4707 τὴν
448 4646 749 4703 δυσσέϐειαν
815 4656 906 4701 τοῦ
970 4654 1277 4719 κρατοῦντος
1343 4644 1548 4716 ἐλέγξας
1610 4641 1809 4715 δογμα-

194 4746 378 4799 τικαῖς
431 4736 801 4811 ἐκφαντορίαις,
858 4739 884 4789 6
952 4736 1055 4809 βίῳ
1113 4741 1202 4788 καὶ
1268 4735 1450 4806 πράξει
1510 4739 1597 4785 καὶ
1674 4733 1809 4803 λόγῳ

196 4830 443 4887 νηπιόθεν
527 4832 930 4899 κεκοσμημένος,
1008 4827 1033 4878 6
1116 4828 1181 4878 τὰ
1269 4821 1525 4877 δοκοῦντα
1622 4824 1813 4894 τερπνὰ

199 4916 672 4992 παραϐλεψάμενος
742 4916 806 4977 εἰς
871 4916 1028 4979 ἁπαν,
1093 4916 1118 4966 6
1172 4912 1220 4965 ἐν
1271 4916 1425 4985 γάμῳ
1474 4914 1811 4984 σωφροσύνην

200 5009 467 5071 ἀσκήσας,
530 5006 556 5057 6
613 5010 903 5077 σκορπίσας
976 5008 1264 5076 πενομένοις
1335 5006 1421 5054 τόν
1493 5005 1813 5073 πρόσκαιρον

198 5098 426 5149 πλοῦτον
456 5099 546 5146 καὶ
599 5090 963 5160 δικαιοσύνην,
1004 5094 1167 5164 ἐαυτῷ
1216 5094 1545 5165 θησανρίσας
1586 5090 1811 5155 αἰώνιον,

196 5196 381 5260 ὠσπερ
412 5188 571 5257 φησὶν
602 5185 628 5235 6
651 5184 701 5235 ἐν
730 5188 1016 5257 προφήταις
1044 5177 1358 5253 Ψαλμῳδός.

1910 4198 2092 4262 viam,
2119 4198 2385 4253 animum
2411 4204 2705 4267 coguntur
2733 4199 3012 4254 inducere
3036 4199 3113 4254 ad
3147 4200 3445 4270 pietatem.
3464 4201 3571 4254 Vo-

1910 4288 2259 4357 lentiigitur,
2287 4287 2675 4352 dilectissimi,
2706 4293 2978 4344 sanctum
2997 4289 3319 4360 praedicare
3348 4289 3567 4354 virum,

1912 4383 2168 4433 attentas
2200 4376 2459 4447 praebete
2491 4392 2684 4443 aures,
2709 4383 2887 4449 atque
2920 4377 3223 4434 hodiernae
3250 4378 3366 4434 diei
3399 4378 3473 4433 de
3500 4394 3572 4434 eo

1914 4465 2318 4521 narrationem
2358 4472 2632 4537 prompte
2673 4466 3092 4538 sapienterque
3134 4468 3429 4539 suscipite.
3474 4470 3575 4522 Hic

1916 4561 2117 4610 autem
2174 4554 2309 4625 quis
2356 4554 2385 4606 ‘2
2432 4554 2546 4624 ille,
2600 4553 2694 4609 ille
2752 4555 2902 4609 inter
2950 4563 3179 4612 ascetas
3243 4556 3577 4612 celebratus

1915 4642 2324 4713 Theophanes,
2341 4658 2592 4712 magnus
2608 4642 2957 4697 orthodoxae
2972 4643 3247 4699 defensor
3260 4644 3577 4714 religionis,

1919 4748 2070 4786 verte
2099 4738 2509 4802 propugnator
2534 4731 2850 4796 doctrinis;
2879 4732 2981 4804 qui
3008 4732 3212 4788 saevire
3238 4732 3580 4788 volentibus

1920 4821 2191 4876 alacriter
2221 4836 2281 4874 se
2316 4820 2575 4884 tradidit,
2624 4825 2683 4875 et
2728 4822 3032 4889 regnantis
3081 4821 3583 4893 impietatem't'a-

1922 4909 2123 4965 cunda
2152 4908 2456 4977 redarguit
2485 4909 2818 4965 eruditione
2849 4926 2862 4975 ;
2895 4910 3001 4981 qui
3032 4926 3068 4965 a
3101 4912 3292 4982 prima
3329 4911 3583 4982 pueritia

1923 5000 1983 5055 in
2011 5001 2146 5064 vita,
2176 5015 2377 5071 opere,
2408 5015 2477 5055 ac
2508 5015 2783 5055 sermone
2817 5000 3109 5069 excultus,
3140 5017 3210 5056 ea
3239 5017 3373 5072 quae
3404 4999 3586 5069 vulgo

1924 5088 2201 5143 videntur
2268 5088 2497 5153 suavia,
2555 5088 2803 5143 omnino
2834 5089 3125 5159 despexit,
3158 5087 3587 5144 continentiam

1927 5176 2109 5231 coluit
2126 5176 2184 5231 in
2200 5176 2501 5246 conjugio,
2522 5181 2577 5231 et
2596 5176 2954 5247 temporales
2972 5176 3209 5231 divitias
3228 5176 3590 5247 dispartiens

197 5273 594 5347 pauperibus,
644 5272 961 5344 justitiam,
1015 5275 1075 5327 ut
1105 5270 1186 5326 ait
1222 5270 1376 5326 inter
1405 5267 1730 5340 prophetas
1762 5265 2074 5322 Psalmista
2104 5268 2145 5331 ¹,
2190 5270 2523 5322 manentem
2562 5264 2622 5320 in
2646 5264 2921 5321 saeculum
2965 5265 3167 5321 saeculi
3201 5264 3313 5321 sibi
3357 5265 3595 5321 thesau-

196 5360 447 5421 rizavit.

270 5550 285 5584 '
336 5543 504 5603 Psal.
535 5557 638 5618 cx,
672 5547 758 5602 lO.

428 5646 680 5702 Pnaos.
715 5643 818 5700 Gn.
862 5641 1019 5701 CXV.
