4078 6222
394 264 454 319 11

463 390 526 443 Il.
557 390 702 445 Cum
740 388 919 459 igitur
944 390 1235 446 memoria
1269 390 1415 462 justi
1448 391 1519 447 sit
1548 390 1868 448 recolenda
1907 406 2043 445 cum

387 480 668 536 laudibus
689 482 732 548 ²,
766 494 840 535 ne
871 496 1018 535 meae
1042 496 1249 552 quaeso
1276 482 1578 555 imputetis
1599 481 2043 555 praecipitantiae

387 568 670 624 laudibus
687 568 981 623 eﬂ‘erentis
1003 584 1161 635 eum,
1186 570 1360 641 cujus
1382 571 1642 627 necdum
1667 571 1851 627 vitam
1874 584 2041 626 enar-

386 657 541 714 ravi.
583 660 648 713 Et
693 673 835 712 vero
882 672 1214 728 congruum
1248 659 1440 716 fuerat
1479 677 1611 716 eam
1653 659 2039 732 praemittere:

388 745 494 801 sed
522 744 816 817 quoniam
843 747 1212 818 sapientibus
1242 749 1585 822 sanctisque
1610 749 1751 804 viris
1781 748 1858 820 (t)
1890 762 2045 803 non-

387 834 564 889 nullis
604 834 1011 890 adnitentibus
1050 836 1323 893 distincte
1366 838 1699 909 expositam
1746 837 2042 893 habemus

385 923 567 994 hujus
580 923 743 979 beati
768 923 845 979 ab
868 923 1012 995 ipsis
1038 942 1229 997 usque
1251 926 1549 983 natalibus
1567 926 2038 990 conversionem,

385 1012 976 1085 propensionemque
1005 1013 1083 1069 ad
1111 1016 1205 1070 Dei
1251 1015 1476 1072 cultum
1520 1032 1532 1071 :
1570 1017 1768 1088 ipsam
1800 1031 2043 1088 quoque

385 1101 517 1173 ejus
547 1103 606 1158 in
639 1103 972 1159 monastica
992 1104 1116 1159 vita
1141 1106 1622 1162 exercitationem
1647 1106 2043 1161 conversatio-

385 1206 645 1262 nemque
676 1191 1088 1263 purissimam,
1121 1208 1357 1250 necnon
1396 1194 1795 1251 deﬁcientiam
1828 1194 2044 1266 imper-

382 1278 735 1345 fectionum,
771 1284 825 1335 et
855 1287 1029 1336 rectm
1068 1282 1207 1337 fidei
1248 1283 1707 1339 ostentationem
1748 1290 1928 1354 atque
1980 1283 2041 1337 in

384 1368 670 1424 molestiis
692 1369 1060 1441 perferendis
1084 1373 1504 1440 constantiam,
1525 1372 1748 1445 quibus
1771 1373 1891 1427 vita
1913 1372 2042 1443 ejus

382 1458 578 1527 magis
607 1474 792 1529 quam
826 1475 995 1525 auro,
1040 1462 1397 1532 margaritis,
1430 1462 1735 1533 lapidibus
1766 1461 2040 1533 pretiosis

381 1552 649 1611 ornatur,
684 1548 962 1620 equidem
997 1555 1060 1605 ut
1089 1550 1158 1605 iis
1198 1551 1481 1608 adderem
1515 1551 1760 1624 aliquid,
1796 1551 2041 1607 minime

381 1636 601 1694 adduci
644 1636 811 1708 potui
844 1653 856 1687 :
890 1638 994 1694 sed
1034 1656 1169 1712 quae
1200 1641 1474 1712 dispersa
1517 1641 1773 1707 fuerant,
1813 1656 1881 1695 ex
1929 1639 2039 1694 illis

380 1725 526 1797 ipsis
570 1726 1014 1782 narrationibus
1044 1728 1103 1784 in
1150 1745 1358 1795 unam,
1415 1735 1477 1786 ut
1514 1729 1787 1802 lapidarii
1827 1728 2036 1795 solent,

380 1830 738 1885 compagem
787 1816 1124 1886 colligenda
1181 1819 1431 1890 putavi:
1475 1819 1667 1874 sciens
1724 1818 1887 1889 quod
1935 1819 2039 1890 qui

377 1902 777 1975 impossibilia
793 1903 1068 1961 facienda
1083 1908 1350 1979 suscipit,
1364 1924 1608 1963 omnem
1627 1906 1844 1977 agendi
1862 1908 2040 1962 ratio-

1753 258 2018 321 MENSIS
2059 260 2404 323 MARTIUS.

3696 269 3761 326 12

2228 390 2296 444 Β’.
2343 391 2481 444 Ἐπεὶ
2528 395 2697 444 τοίνυν
2748 393 2773 448 ἡ
2818 394 2996 463 μνήμη
3056 398 3146 442 τοῦ
3175 386 3385 443 δικαίου
3427 412 3518 465 μετ
3568 392 3756 465 ’ἐγκω-

2154 484 2301 551 μίων,
2359 486 2429 552 μή
2502 500 2602 553 μου
2655 480 2933 553 μέμψησθε
2990 489 3082 541 τῆς
3150 486 3477 553 προπετείας,
3535 484 3604 543 ὡς
3656 505 3755 557 προ

2155 576 2245 619 τοῦ
2278 567 2395 640 βίου
2442 568 2835 641 ἕγκωμιάζοντι.
2889 568 3015 621 Τότε
3053 571 3154 643 γὰρ
3208 566 3463 641 ἁρμόδιον
3517 576 3752 643 πέφυκεν·

2076 389 2123 443 Α

2156 655 2263 708 ἀλλ’
2313 654 2493 716 ἐπειδη
2550 677 2661 710 τισι
2707 665 2883 729 σοφοῖς
2935 662 3023 709 καὶ
3059 663 3337 732 μακαρίοις
3386 656 3615 731 ἀνδράσι
3658 681 3756 713 πο-

2152 751 2366 814 νήσασι,
2416 752 2505 799 καὶ
2552 751 2645 805 τὴν
2698 754 2789 798 τοῦ
2839 750 3111 820 Μακαρίου
3153 745 3205 809 ἐξ
3257 747 3419 809 αὐτῆς
3471 754 3757 819 γεννήσεως

2156 834 2483 910 ἀναστροφήν
2538 855 2591 888 τε
2646 840 2736 888 καὶ
2780 832 3069 907 διαγωγὴν,
3120 840 3209 887 καὶ
3274 841 3367 894 τὴν
3424 840 3554 909 πρὸς
3621 840 3756 890 θεῖον

2156 924 2308 984 ζῆλον
2356 930 2583 991 κίνησιν,
2631 924 2688 977 οὐ
2739 928 2841 997 μὴν
2888 922 3014 975 ἀλλά
3052 927 3141 975 καὶ
3179 929 3267 982 τήν
3320 925 3369 976 ἐν
3425 934 3497 996 τῷ
3545 931 3755 999 μονήρει

2154 1012 2255 1086 βίῳ
2300 1015 2549 1079 ἄσκησιν,
2619 1018 2707 1065 καὶ
2763 1018 2855 1072 τὴν
2904 1015 3137 1085 καθαρὰν
3190 1014 3468 1084 πολιτείαν,
3526 1020 3613 1067 καὶ
3663 1022 3754 1073 τὴν

2151 1106 2315 1177 ᾶκραν
2346 1108 2676 1172 ταπείνωσιν,
2718 1108 2806 1155 καὶ
2841 1107 2934 1161 τὴν
2986 1111 3079 1164 τῆς
3130 1099 3439 1177 όρθοδοξίας
3476 1106 3751 1177 τράνωσιν,

2151 1198 2233 1245 καὶ
2281 1198 2373 1251 τὴν
2410 1196 2537 1265 πρὸς
2590 1196 2655 1245 τά
2703 1190 2847 1245 δεινά
2896 1196 3191 1266 καρτερίαν,
3245 1188 3511 1264 ἀριδήλως
3564 1189 3755 1264 διηγη-

2155 1286 2415 1353 σαμένοις,
2476 1281 2560 1333 ἐπὶ
2615 1290 2805 1355 χρυσῷ
2856 1285 2941 1332 καὶ
2995 1285 3347 1355 μαργαρίταις
3401 1286 3489 1333 καὶ
3560 1288 3755 1353 τιμίοις

2150 1370 2333 1431 λίθοιςυ

2153 1456 2427 1534 σποράδην
2498 1461 2552 1511 ἐκ
2626 1468 2725 1511 τῶν
2811 1461 2978 1510 αὑτῶν
3056 1454 3403 1530 διηγημάτων
3487 1458 3751 1523 συλλέξας,

2411 1372 2715 1445 προσθεῖναι
2799 1373 3003 1431 τούτοις
3072 1370 3177 1441 οὐχ
3252 1372 3556 1443 ἡγησάμην,
3631 1369 3757 1422 ἀλλά

2150 1552 2321 1622 ὥσπερ
2376 1569 2453 1611 τις
2504 1548 2789 1618 λιθολόγος,
2850 1547 2921 1608 εἰς
2973 1552 3096 1619 μίαν
3140 1553 3468 1606 κατασκευὴν
3510 1550 3755 1622 ἀθροῖσαι

2149 1640 2543 1713 προεθυμήθηυ.
2597 1637 2655 1690 Ὀ
2706 1640 2806 1711 γὰρ
2858 1633 3136 1698 ἀδυνάτοις
3190 1636 3486 1710 ἐπιχειρῶν,
3546 1637 3750 1690 τούναν-

2072 1746 2115 1801 Β
2148 1733 2253 1780 τίον
2302 1730 2616 1800 ἀσχημονὴν
2666 1725 2894 1779 ἀνθέλκει
2942 1729 3027 1777 τόν
3085 1731 3294 1797 τρόπον.
3357 1732 3596 1798 Συντόμῳ
3630 1734 3752 1798 γοῦν

2150 1825 2210 1890 τῇ
2273 1814 2521 1888 διηγήσει
2568 1818 2923 1888 χρησάμενος,
2978 1812 3218 1889 ἀμυδράν
3267 1836 3381 1867 τινα
3430 1825 3530 1868 τῶν
3590 1816 3750 1868 αὑτοῦ

2150 1908 2566 1980 κατορθωμάτων
2588 1906 2848 1976 ὑπόληψιν
2888 1903 3121 1963 καταυλὴ
3132 1924 3228 1958 σω.

378 2008 516 2047 nem
568 1992 848 2049 indecore
874 2000 1183 2065 pervertat.
1234 1997 1677 2069 Compendiosa
1707 1997 1885 2068 igitur
1908 1997 2245 2053 narratione
2274 2013 2417 2051 usus
2443 1995 2652 2051 rudem
2694 1996 2986 2051 duntaxat
3016 1994 3351 2066 quamdam
3382 1998 3539 2051 recte
3570 1995 3755 2051 facto-

385 2097 525 2137 rum
556 2081 684 2152 ejus
709 2083 1188 2155 complexionem
1221 2086 1602 2144 concinnavi.

1902 2185 2123 2241 CAPUT
2147 2184 2190 2240 Ι.

1482 2292 1750 2359 Natales,
1777 2293 2138 2362 conjugium,
2170 2290 2289 2347 vita
2314 2291 2373 2345 in
2405 2292 2644 2347 sarculo.

449 2412 543 2467 Ill.
587 2413 798 2469 Beatus
847 2413 974 2481 iste,
1029 2417 1225 2472 Patres
1272 2418 1620 2490 Fratresque
1679 2417 2031 2482 charissimi,

377 2501 456 2558 ab
476 2501 822 2557 Christianae
850 2502 1152 2573 religionis
1182 2505 1492 2574 signaculo
1518 2522 1738 2562 nomen
1760 2507 2031 2576 adeptus,

375 2590 667 2647 nobilium
698 2595 755 2647 et
782 2592 1170 2661 dignitatibus
1202 2595 1663 2664 conspicuorum
1693 2600 2032 2668 parentum,

375 2679 532 2735 ﬁlius
560 2679 688 2744 fuit,
716 2681 941 2753 quique
973 2684 1341 2738 Constantini
1370 2683 1735 2756 Copronymi
1768 2690 2035 2757 tempore

375 2768 560 2825 vitam
590 2784 661 2825 ex
692 2774 867 2825 rectm
898 2770 1037 2826 fidei
1069 2771 1309 2842 regulis,
1347 2773 1576 2829 occulte
1611 2778 1829 2840 tamen,
1873 2772 2035 2829 insti-

376 2858 640 2914 tuebant.
676 2860 740 2914 Et
780 2875 919 2916 vero
950 2876 1019 2915 ex
1053 2860 1152 2917 tali
1185 2876 1307 2917 suae
1360 2862 1685 2918 nativitatis
1742 2862 2033 2934 principio

378 2945 639 3002 debebat
666 2946 957 3017 refulgere
987 2949 1115 3004 hmo
1155 2949 1344 3016 stella,
1382 2966 1517 3021 quae
1558 2967 1593 3005 a
1623 2954 1741 3006 Deo
1770 2952 1829 3005 in
1856 2966 2033 3006 carne

377 3034 739 3089 manifestati
789 3036 1054 3107 mysterii
1102 3052 1439 3106 congruum
1486 3038 1764 3094 habitura
1810 3053 2031 3093 nomen

377 3127 504 3178 erat
532 3138 544 3177 ε
576 3136 772 3194 neque
797 3124 958 3179 enim
987 3125 1315 3195 purissima
1345 3126 1472 3181 haec
1502 3128 1825 3197 margarita
1850 3126 2031 3182 hodie

376 3212 1007 3283 proponereturnobis,
1023 3214 1067 3268 si
1082 3214 1141 3269 in
1155 3214 1253 3271 illa
1276 3230 1680 3286 perversarum
1694 3216 2030 3287 opinionum

377 3299 629 3370 caligine
660 3302 958 3371 genitores
990 3304 1119 3373 ejus
1144 3304 1459 3377 propalam
1476 3306 1758 3376 pietatem
1784 3305 2034 3361 fuissent

377 3390 652 3446 aversati.
674 3392 819 3447 Cum
832 3393 1119 3448 autemiis
1136 3394 1473 3464 unigenitus
1501 3400 1670 3460 esset,
1689 3410 1922 3466 apuero
1948 3394 2034 3450 di-

375 3478 551 3536 vinas
570 3480 816 3536 edoctus
840 3480 1084 3538 Litteras
1102 3487 1280 3555 atque
1299 3483 1375 3540 ad
1396 3485 1570 3540 totius
1595 3485 1910 3557 Scriptura;
1928 3484 2034 3539 ini-

376 3569 553 3625 tiatus
574 3570 995 3639 cognitionem,
1038 3587 1113 3627 ne
1158 3572 1412 3643 profana
1456 3574 1703 3646 quidem
1742 3573 2033 3645 sapientia

376 3657 765 3715 deﬁciebatur
781 3675 791 3714 :
810 3660 913 3715 sed
928 3660 1223 3734 quidquid
1239 3662 1301 3717 in
1314 3678 1384 3718 ea
1398 3668 1551 3719 esset
1564 3664 2030 3735 pulcherrimum

377 3746 687 3817 colligens,
713 3748 772 3803 id
797 3748 951 3805 intra
974 3750 1191 3805 mentis
1214 3767 1337 3807 sua:
1383 3751 1731 3809 thesaurum
1755 3752 1987 3808 abdidit
2014 3769 2028 3808 :

376 3835 541 3909 quod
554 3852 690 3892 vero
708 3836 1051 3895 fabulosum
1067 3844 1213 3905 erat,
1229 3839 1407 3911 longe
1422 3840 1567 3897 illud
1589 3841 1780 3897 valere
1789 3841 1809 3912 j
1821 3841 2028 3907 ubens,

377 3929 555 3997 prout
579 3927 993 3997 conveniebat,
1023 3928 1311 4001 despexit.
1344 3933 1424 3985 Eo
1455 3931 1786 3986 admodum
1811 3930 2031 4001 juvene

378 4014 577 4070 adhuc
589 4015 899 4071 etnecdum
914 4017 1235 4088 pubertatis
1248 4034 1441 4075 annos
1462 4021 1745 4089 ingresso,
1765 4026 2032 4091 parentes

380 4102 509 4173 ejus
523 4103 661 4159 hinc
673 4104 751 4159 ad
771 4106 1070 4161 Dominum
1084 4108 1472 4177 emigrarunt,
1492 4114 1547 4164 et
1570 4108 1732 4165 solus
1746 4110 2033 4181 ipseinter

380 4192 655 4265 copiosas
680 4195 967 4250 remansit
993 4196 1225 4253 divitias
1248 4216 1266 4268 ς
1296 4214 1557 4270 superna
1583 4198 1830 4255 forsitan
1860 4199 1921 4254 id
1951 4200 2032 4254 ita

377 4279 732 4354 disponente
761 4284 1153 4350 Providentia,
1196 4302 1270 4343 ne
1305 4304 1515 4344 eorum
1554 4304 1723 4344 amor
1760 4288 1912 4345 obex
1977 4287 2031 4344 ei

376 4370 543 4427 fieret
563 4376 721 4428 recta
747 4372 824 4428 ad
858 4376 1043 4431 Deum
1075 4375 1176 4431 Via
1206 4381 1567 4448 perrecturo.

450 4460 537 4515 lV.
580 4463 903 4533 Postquam
935 4478 1075 4519 vero
1124 4466 1447 4536 sacrilegus
1480 4467 1909 4525 Constantinus
1954 4468 2032 4537 (2)

375 4552 610 4622 turpem
649 4550 897 4623 turpiter
935 4552 1157 4609 efﬂavit
1194 4555 1488 4621 animum,
1544 4556 1865 4629 imperium
1918 4559 2028 4613 Leo

376 4638 657 4711 suscepit,
696 4645 967 4697 materno
998 4644 1356 4713 cognomine
1388 4646 1674 4703 Chazares
1708 4646 1783 4719 (3)
1826 4645 2029 4718 appel-

372 4726 529 4786 latus
562 4747 575 4787 :
604 4744 727 4801 quo
754 4736 1039 4802 regnante
1070 4732 1356 4805 patricius
1396 4736 1646 4808 quidam
1668 4736 1782 4809 ipsi
1810 4751 2029 4807 cogno-

442 4863 466 4897 ²
490 4862 667 4918 Prov.
691 4868 818 4928 x,7.

471 5041 523 5117 1)
553 5040 710 5097 Inter
736 5040 884 5097 alios
915 5042 951 5097 S
982 5041 1310 5099 Methodius
1342 5046 1701 5117 patriarcha.

467 5112 522 5183 2)
551 5134 579 5162 «
628 5117 817 5190 Anno_
846 5118 948 5168 775
997 5112 1523 5190 contra_Bulgaros
1562 5135 1857 5190 egressus,
1900 5136 2026 5178 cor-

367 5190 573 5257 reptus
590 5190 678 5239 est
698 5184 1050 5257 anthracum
1078 5186 1311 5252 morbo,
1333 5184 1389 5243 in
1412 5205 1587 5246 crura
1600 5184 2022 5249 sibidivinitus

367 5255 642 5333 immisso
663 5262 719 5333 et
741 5256 886 5333 febri
910 5257 1165 5333 subinde
1184 5259 2022 5333 vehementissima,etardore

369 5326 614 5401 medicis
660 5328 1017 5401 ob_incend‘ii
1048 5330 1167 5385 vim
1201 5332 1405 5401 ignoto
1434 5326 1726 5399 afﬂictus;
1758 5336 2022 5392 subdito-

367 5415 501 5478 rum
526 5398 790 5478 humeris
817 5399 1112 5478 grabbato
1138 5398 1371 5478 delatus
1396 5398 1858 5478 ArcadiopOIim,
1882 5408 2021 5464 inde

370 5470 766 5548 Selymbriam
798 5471 1114 5548 profectus
1149 5475 1215 5529 14
1246 5476 1627 5548 Septembris,
1656 5470 1852 5535 'nave'
1882 5494 2021 5536 con-

368 5541 581 5601 scensa
593 5541 670 5600 ad
684 5541 994 5599 castellum
1013 5541 1391 5619 Strongylu'm
1408 5541 1706 5623 devectus,
1724 5548 2018 5608 infelicem

2220 2413 2288 2467 Γ.
2344 2413 2403 2466 Ὀ
2460 2414 2717 2487 μακάριος
2769 2411 2937 2480 οὗτος,
2996 2407 3231 2482 Ἀδελφοί
3283 2415 3373 2463 καὶ
3427 2415 3669 2485 Πατέρες,
3725 2410 3750 2464 ὃ

2147 2511 2234 2564 τῆς
2284 2511 2657 2576 Χριστιανικῆς
2711 2496 3006 2575 σφραγίδος
3062 2499 3344 2571 ἐπώνυμος,
3396 2500 3607 2573 εὐγενῶν
3666 2520 3751 2572 φο-

2143 2598 2263 2645 νέων
2357 2598 2444 2643 καὶ
2511 2600 2606 2643 τῶν
2679 2590 2728 2641 ἐν
2820 2589 3083 2661 ἀξιώμασι
3150 2588 3495 2663 περιϐλέπτων
3577 2594 3750 2661 γέγονε

2144 2686 2336 2753 τέκνον,
2402 2680 2449 2732 ἐν
2519 2682 2731 2753 ἡμέραις
2790 2683 3181 2733 Κωνσταντίνου
3234 2686 3325 2730 τοῦ
3373 2681 3744 2750 Κοπρωνὺμου,

2145 2780 2205 2844 τῇ
2288 2773 2591 2844 ὑποκρυφίῳ
2680 2766 2808 2839 δόξῃ
2900 2765 3195 2843 όρθοδόξως
3282 2767 3747 2839 πολιτευσαμένων.

2144 2858 2288 2915 Ἔδει
2333 2863 2454 2933 γὰρ,
2500 2856 2606 2911 ἔδει
2650 2857 2702 2921 ἐξ
2746 2858 2944 2918 αὑτῶνς
2992 2861 3079 2910 τὸν
3132 2865 3226 2919 τῆς
3271 2862 3583 2929 Θεοφανείας
3613 2855 3750 2908 ἐπώ-

2144 2968 2301 3021 νυμον
2344 2955 2653 3019 γεννητικῶς
2702 2946 3028 3015 ἀποστίλψαι
3084 2954 3357 3020 φωστῆρα’
3416 2944 3474 2996 οὐ
3530 2947 3630 3017 γάρ
3686 2942 3747 2994 ἆν

2144 3042 2267 3108 ἡμῖν
2335 3038 2360 3086 ό
2410 3038 2633 3108 καθαρός
2690 3035 2843 3095 οὗτος
2906 3038 3228 3108 μαργαρίτης
3292 3032 3640 3105 προύτέθειτο,
3704 3031 3746 3083 εὶ

2068 3154 2108 3210 C
2144 3125 2191 3177 ἐν
2250 3127 2468 3198 ἡμέραις
2520 3128 2738 3183 σκότους
2797 3120 3056 3194 διαφανῶς
3114 3124 3162 3174 οἱ
3215 3124 3399 3173 τούτου
3447 3126 3747 3194 γεννήτορες

2142 3220 2237 3272 τὴν
2278 3212 2536 3266 εὐσέϐειαν
2586 3210 2934 3286 ἀπέστρεψαν.
2992 3214 3273 3280 Μονογενὴς
3325 3216 3601 3282 τοιγαροῦν
3650 3208 3745 3260 αὑ-

2142 3310 2250 3365 τοῖς
2307 3304 2559 3373 ὑπάρχων
2617 3302 2641 3352 ό
2711 3302 2987 3373 μακάριος,
3056 3295 3419 3351 ἐκπαιδεὺεται
3504 3300 3747 3357 νηπιόθεν

2142 3395 2208 3445 τά
2286 3394 2395 3465 ἱερά
2476 3392 2781 3463 Γράμματα,
2848 3393 3053 3464 Γραφήν
3120 3407 3173 3440 τε
3229 3395 3403 3441 πᾶσαν
3461 3388 3534 3450 εἰς
3588 3386 3746 3461 ἀκρον

2144 3484 2378 3555 μυηθεὶς,
2438 3476 2561 3532 οὐδὲ
2630 3487 2721 3539 τῆς
2770 3478 2865 3541 ἔξω
2934 3482 3116 3550 σοφίας
3193 3478 3473 3551 ἠμοίρησε.
3538 3480 3747 3537 Ταύτης

2141 3580 2263 3642 γοῦν
2311 3574 2368 3623 τό
2416 3568 2689 3621 κάλλιστον
2738 3566 3086 3639 ἐπιλεξάμενος
3138 3564 3185 3618 ἐν
3232 3574 3301 3636 νῷ
3349 3568 3744 3638 τεθησαὺρικεν,

2142 3663 2263 3713 ὅσον
2317 3657 2373 3712 δε
2428 3662 2487 3711 τὸ
2528 3654 2769 3729 μυθῶδες
2811 3660 3013 3728 μακρὰν
3062 3660 3269 3729 χαίρειν
3328 3656 3481 3707 εἰπὼν
3531 3654 3744 3727 παρελο-

2140 3755 2327 3822 γίσατο
2384 3752 2698 3822 πρεπόντως.
2767 3750 2898 3799 Νέου
2960 3742 3018 3798 δὲ
3073 3741 3269 3817 κομιδῇ
3322 3752 3415 3797 τοῦ
3468 3745 3742 3819 Μακαρίου

2142 3838 2493 3911 ὑπαρχοντος,
2560 3840 2649 3887 καὶ
2729 3838 2872 3886 οὔπω
2926 3841 3017 3896 τῆς
3080 3833 3271 3895 ηϐικῆς
3327 3833 3530 3893 ἡλικίας
3583 3831 3744 3885 ἐπιλε-

2140 3926 2420 3999 λημμένου,
2468 3928 2516 3977 οἱ
2556 3924 2714 3976 αὐτοῦ
2764 3928 2931 3994 γονείς
2982 3925 3112 3996 πρὸς
3154 3926 3339 3994 Κύριον
3386 3919 3739 3993 ἐξεδήμησαν,

2141 4019 2230 4065 καὶ
2286 4018 2422 4086 μένει
2469 4013 2644 4085 λοιμόν
2718 4017 2870 4085 μόνος
2927 4010 2975 4063 ἐν
3033 4010 3399 4083 ὑπερϐάλλοντι
3454 4010 3656 4079 πλούτῳ
3716 4010 3741 4060 ὁ

2141 4104 2302 4174 ἅγιος
2376 4104 2523 4174 τάχα
2599 4109 2689 4163 τῆς
2760 4104 3009 4175 Προνοίας
3073 4100 3232 4161 οὕτως
3297 4099 3737 4171 οἱκονομησάσης,

2144 4194 2226 4244 ἵνα
2277 4197 2347 4264 μὴ
2405 4193 2431 4243 ό
2487 4200 2585 4242 τῶν
2646 4194 2832 4262 γονέων
2894 4191 3068 4255 πόθος,
3118 4193 3437 4264 πρόσκομμα
3487 4196 3583 4249 τῆς
3622 4190 3747 4260 πρὸς

2144 4285 2270 4335 Θεὸν
2302 4280 2460 4333 αὐτοῦ
2492 4278 2671 4353 τρίϐου
2700 4282 3042 4350 γεννήσηται.

2214 4460 2282 4514 Δ’.
2334 4462 2721 4513 Κωνσταντίνου
2772 4454 2831 4510 δι
2880 4462 2971 4509 τοῦ
3038 4450 3328 4514 δυσσεϐοῦς
3379 4452 3619 4528 αἰσχρῶς
3668 4472 3747 4506 τε-

2062 4516 2105 4570 D
2140 4549 2505 4615 λευτήσαντος,
2563 4544 2877 4619 διαδέχεται
2925 4549 3018 4603 τὴν
3070 4542 3344 4617 βασιλείαν
3408 4516 3571 4597 Λέων.
3626 4544 3651 4594 ό
3692 4546 3747 4595 εκ

2139 4647 2403 4713 μητρικῆς
2476 4636 2770 4709 ἐπωνυμίας
2836 4638 3091 4710 Χαζάρης
3158 4632 3475 4694 ἐπικληθείς.
3549 4632 3632 4686 Ἐν
3688 4629 3747 4685 δι

2137 4736 2245 4791 τοῖς
2295 4732 2511 4800 χρόνοις
2558 4734 2653 4788 τῆς
2709 4724 2870 4777 αὑτοῦ
2921 4722 3189 4798 βασιλείας
3242 4718 3303 4795 ᾖν
3350 4740 3429 4783 τις
3475 4726 3749 4796 πατρίκιος

2132 5036 2194 5094 in
2246 5036 2482 5107 navigio
2527 5040 2769 5112 mortem
2813 5030 2982 5098 obiit,
3024 5031 3341 5112 vociferans
3370 5044 3457 5112 _ac
3487 5028 3727 5112 dicens.

2133 5110 2315 5165 Etiam
2330 5100 2534 5163 vivens
2559 5107 2677 5171 igni
2702 5121 2984 5178 nunquam
3008 5103 3427 5175 exstinguendo
3464 5100 3739 5157 addictus

2134 5198 2290 5237 sum.
2321 5201 2348 5233 »
2380 5180 2514 5234 Haec
2546 5178 2975 5252 Theophanes.
3043 5246 3055 5252 _
3264 5245 3274 5252 _
3388 5246 3402 5252 _
3548 5241 3558 5252 _

2205 5254 2279 5324 (ὅ)
2318 5256 2442 5327 _N_on
2474 5245 2740 5321 proprio;
2767 5248 2871 5305 sed
2899 5246 3089 5327 gentis
3111 5245 3356 5327 nomine
3388 5245 3593 5327 beonis
3618 5259 3742 5327 ma-

2130 5315 2281 5379 trem
2309 5315 2631 5395 Chazaram
2660 5315 2939 5395 vocatam
2973 5318 3247 5395 existimo
3282 5332 3294 5369 :
3321 5315 3437 5395 fuit
3462 5315 3643 5395 enim,
3678 5320 3739 5395 ut

2129 5396 2514 5469 Theophanes
2556 5394 2655 5469 ait,
2715 5390 3056 5469 «_(.‘hagani_
3094 5388 3387 5469 Chaaaria;
3440 5388 3727 5457 principis

2129 5457 2335 5534 filia,'»
2362 5457 2693 5523 Christiano
2729 5465 2865 5521 dein
2896 5457 3137 5520 nomine
3175 5459 3335 5515 dicta
3364 5457 3551 5514 Irene.
