4062 6222
250 296 317 351 l3
1553 294 1725 352 VITA
1765 291 1832 347 S.
1879 286 2354 346 THEOPHANIS.
3572 295 3643 350 M

250 425 522 495 ὁμωνυμος
582 419 749 490 αὐτῷ,
808 419 942 473 πάνυ
1004 418 1270 494 βάρϐαρος
1320 427 1411 474 καὶ
1464 418 1734 494 θηριώδης
1785 420 1854 470 τότ

2030 415 2158 471 linis
2176 416 2303 486 fuit,
2330 415 2628 474 barbarus
2647 415 2893 472 omnino
2912 419 3089 489 atque
3115 416 3308 473 eﬂ‘eris
3349 418 3634 490 moribus,

252 516 470 586 τρόπον,
514 514 603 561 καῖ
648 516 745 561 τοῦ
794 516 890 569 τῆς
944 511 1188 582 αἱρέσεως
1235 517 1464 583 σμήνους
1520 513 1766 583 σύμφρων
1818 529 1856 560 τι

2032 507 2357 581 aereticique
2385 506 2648 577 agminis
2669 505 3019 562 inﬁdelitate
3043 507 3266 573 socius,
3292 509 3636 565 auctoritate

259 608 359 653 καὶ
418 600 735 671 ἀντιληπτωρ
791 617 803 629 ·
867 599 918 659 ὃς
981 596 1073 651 διὰ
1127 606 1219 658 τὴν
1257 604 1503 659 τοιαύτην
1561 596 1863 652 δυσσέϐειαν

2035 597 2257 653 etensor
2300 614 2478 670 :quaa
2517 613 2655 651 eum
2698 596 2973 667 impietas
3013 596 3094 651 ita
3124 596 3466 667 imperatori
3500 614 3639 655 con-

277 690 614 761 ὁμοτράπεζος
682 694 756 756 τῷ
838 685 1050 759 βασιλεῖ
1114 691 1441 747 καθειιάστην
1507 691 1719 763 ὑπῆρχε
1784 693 1873 740 καὶ

2030 686 2217 754 .liavit,
2262 692 2323 742 ut
2351 686 2745 743 etconvivam
2784 684 3203 757 quotidianum
3235 686 3309 741 ad
3345 703 3634 752 mensam,

288 780 419 851 ρίλος
446 774 752 851 περιδέξιος.
817 781 917 829 Καὶ
978 776 1045 834 δὴ
1097 780 1274 849 μαθὼν
1313 781 1379 830 τὰ
1408 783 1525 852 περὶ
1555 787 1643 839 τῆς
1691 778 1873 839 ούσίας

2032 793 2039 831 '.
2068 778 2327 833 amicum
2356 777 2415 831 in
2446 775 2731 832 omnibus
2773 774 3333 846 conjunctissimum
3372 775 3636 832 haberet.

278 876 359 918 τοῦ
408 871 693 940 μακαρίου,
772 865 1004 918 κελεύσει
1060 865 1313 940 βασιλικῇ
1386 876 1615 941 συνεργῷ
1665 868 1875 940 χρησά-

2039 867 2109 933 ic,
2136 866 2238 921 ubi
2264 871 2492 937 quanta
2522 871 2675 920 esset
2702 864 2861 920 beati
2886 864 3126 935 juvenis
3165 864 3464 936 opulentia
3494 864 3643 919 didi-

270 975 434 1026 μενος,
495 956 735 1026 ζευγνύει
785 964 859 1026 τῷ
908 958 1154 1027 Θεοφάνει
1224 962 1317 1015 τὴν
1377 957 1535 1009 αύτοὺ
1593 959 1872 1030 θυγατέρα¹

2044 962 2082 1023 t,
2143 954 2323 1010 ﬁliam
2376 970 2547 1010 suam
2600 954 2903 1027 Teophani
2961 952 3173 1024 junxit,
3246 952 3644 1025 imperatoria;

267 1047 386 1115 ὅπερ
419 1042 517 1116 βίᾳ
542 1050 634 1096 καὶ
682 1044 828 1116 μόλις
867 1046 1014 1116 τάχα
1059 1064 1118 1116 γε
1157 1042 1251 1097 διὰ
1293 1051 1378 1098 τὸν
1434 1054 1521 1098 τοῦ
1550 1055 1871 1119 κρατοῦντος,

2039 1044 2268 1100 lSSiODlS
2296 1048 2513 1100 terrore
2538 1060 2683 1099 usus
2704 1043 2782 1099 ad
2804 1058 2908 1098 eas
2930 1042 3173 1113 nuptias
3209 1041 3643 1107 conciliandas,

266 1133 420 1205 φόϐον
486 1134 717 1196 εἴξαντος
775 1141 866 1186 τοῦ
934 1136 1242 1206 Θεοφάνους,
1290 1134 1538 1210 ἐξήρτυτο
1591 1140 1655 1189 τὰ
1703 1136 1870 1195 ἐπιτη-

2044 1134 2203 1190 iibus
2239 1148 2346 1204 pro
2376 1132 2680 1205 utriusque
2702 1131 2992 1204 dignitate
3014 1132 3337 1187 instructus
3356 1130 3648 1187 estthala-

267 1220 385 1276 δεια
421 1230 495 1293 τῷ
534 1232 744 1294 γαμικῷ
784 1223 1018 1295 θαλάμῳ.
1058 1231 1167 1276 Τῶν
1226 1221 1313 1276 οὖν
1361 1225 1545 1277 αἰσίων
1617 1228 1871 1279 τελεσθέν-

2044 1242 2124 1281 ιιιε
2156 1222 2422 1291 genialis,
2447 1222 2807 1293 Theophane
2834 1237 2990 1286 aegre
3013 1220 3260 1292 quidem
3294 1226 3472 1293 atque
3497 1219 3648 1276 relu-

268 1332 385 1380 των,
460 1312 689 1387 ἑσπέρας
762 1312 1182 1379 καταλαϐούσης,
1261 1319 1446 1385 μόνους
1539 1314 1587 1367 ἐν
1662 1316 1872 1388 οἰκίσκῳ

2048 1318 2233 1379 auter,
2269 1328 2341 1369 ex
2374 1317 2533 1367 metu
2566 1316 2766 1367 tamen
2801 1310 3163 1382 potentioris,
3221 1326 3291 1366 ea
3332 1315 3393 1365 ut
3442 1310 3646 1365 fierent

270 1410 465 1475 τερπνῷ
506 1406 594 1452 τόν
638 1420 693 1453 τε
741 1400 923 1460 εὐσεϐῆ
982 1407 1181 1454 νεανίαν
1238 1408 1329 1455 καὶ
1372 1408 1465 1462 τὴν
1515 1405 1695 1457 εύκλεᾶ
1723 1410 1874 1478 κόρην

2108 1404 2381 1459 mittente.
2418 1405 2567 1470 Ergo
2598 1399 2946 1471 nuptiarum
2978 1400 3278 1455 solemniis
3306 1400 3412 1455 rite
3448 1398 3647 1469 auspi-
3710 1466 3712 1473 ι

273 1492 594 1561 εἰσάγουσιν,
627 1492 698 1552 ὡς
750 1490 811 1541 ἂν
864 1490 1042 1551 αὐτοῖς
1091 1488 1395 1553 ἐπιτηδείως
1437 1496 1555 1565 ἔχοι
1597 1498 1723 1567 πρός
1754 1492 1877 1554 ἠδο-

2043 1498 2247 1566 ttoque
2272 1491 2605 1555 celebratis,
2635 1506 2775 1545 cum
2808 1506 3015 1560 vesper
3044 1489 3428 1555 incubuisset,
3484 1488 3647 1561 pien-

270 1589 362 1640 νῆς
415 1585 624 1652 τρόπον.
694 1587 852 1650 Σιγῆς
900 1577 959 1632 δὲ
1013 1586 1303 1652 γενομένης,
1360 1588 1449 1635 καὶ
1501 1586 1703 1636 πάντων
1759 1584 1874 1657 ἀφυ-

2044 1584 2289 1639 ssimum
2316 1582 2597 1652 juvenem
2625 1584 2805 1651 atque
2850 1578 3317 1636 illustrissimam
3356 1578 3648 1649 virginem

272 1670 605 1732 πνωσάντων,
664 1673 845 1729 νυκτός
899 1688 954 1721 τε
1022 1668 1239 1741 βαθείας
1290 1667 1666 1743 διαχυθείσης,
1728 1695 1876 1749 στρα-

2044 1675 2147 1729 )lOS
2189 1670 2481 1726 inducunt
2520 1669 2577 1724 in
2606 1667 2910 1733 conclave,
2972 1667 3049 1723 ad
3080 1667 3323 1723 delicias
3376 1666 3648 1739 volupta-

274 1762 380 1829 φάς
410 1760 436 1809 6
466 1760 741 1830 μακάριος,
776 1763 909 1829 φησί
938 1767 1010 1829 τῷ
1042 1766 1271 1833 κορασίῳ
1301 1757 1429 1813 τάδε
1469 1782 1482 1795 ο

2054 1777 2232 1834 mque
2264 1775 2334 1815 eo
2359 1775 2481 1831 quo
2512 1757 2781 1822 decebat,
2812 1762 3102 1828 apparatu
3140 1757 3517 1812 instructum.
3546 1754 3651 1810 Ubi

272 1846 419 1901 dum
449 1862 662 1902 omnes
693 1862 875 1918 sopor
890 1847 1047 1903 altus
1072 1853 1128 1904 et
1148 1864 1266 1905 nox
1296 1849 1594 1921 profunda
1618 1852 1730 1909 late
1762 1855 1983 1914 diffusa
2012 1857 2298 1922 tenet,per
2328 1848 2428 1903 illa
2456 1846 2716 1904 consiliis
2747 1845 2871 1901 suis
2920 1849 3259 1917 opportuna
3296 1844 3533 1901 silentia
3575 1844 3653 1900 ad

280 1934 542 2007 puellam
568 1951 895 1992 conversus
922 1936 1295 1999 adolescens.
1327 1954 1464 1994 eam
1492 1945 1579 1996 est
1602 1941 1660 1996 in
1686 1943 1844 2000 hunc
1863 1946 2113 2003 modum
2145 1940 2439 1996 allocutus
2469 1954 2482 1992 :

347 2023 420 2079 ε’,
482 2024 543 2076 Ὀ
740 2030 918 2100 παρὼν
999 2024 1136 2097 βίος,
1198 2023 1442 2098 ὦγύναι,
1530 2028 1759 2104 βραχὺς,
1815 2037 1884 2097 ὡς

2065 2034 2130 2089 V.
2178 2030 2444 2084 Praesens
2506 2025 2749 2095 quidem
2796 2024 2939 2093 vita,
2997 2023 3218 2093 conjux
3275 2022 3650 2093 charissima,

277 2119 434 2165 πᾶσιν
486 2110 728 2177 εὔδηλον,
792 2120 882 2167 καὶ
938 2110 1135 2187 ἀδηλία
1179 2124 1269 2167 τοῦ
1296 2116 1563 2188 μελλοντος
1613 2121 1760 2174 πλέον
1800 2142 1881 2175 κε-

2050 2121 2190 2178 revis
2207 2123 2311 2186 est,
2348 2119 2412 2170 ut
2453 2117 2665 2169 notum
2713 2112 3018 2176 omnibus,
3051 2116 3107 2167 et
3138 2126 3358 2181 magna
3402 2110 3654 2183 plerum-

276 2208 617 2274 κρατηεεένος,
657 2209 750 2255 καὶ
787 2208 961 2276 κρίσις
1015 2201 1305 2267 ἀδίκαστος
1351 2210 1466 2267 τοὺς
1524 2206 1572 2259 ἐν
1633 2207 1768 2280 τῷδε
1814 2222 1880 2282 τῷ

2050 2226 2112 2266 ue
2158 2205 2339 2263 futuri
2386 2202 2799 2259 incertitudine
2830 2204 3082 2266 tenetur;
3121 2200 3418 2271 judicium
3453 2206 3654 2257 autem

281 2290 378 2363 βίῳ
428 2289 735 2355 διαδέξεται
801 2293 1155 2354 εύθηνοῡντας.
1236 2302 1523 2368 Τοιγαροῦν
1563 2304 1652 2351 καὶ
1721 2302 1745 2351 6
1793 2304 1885 2372 γά-

2055 2312 2268 2355 ινθιτιιω
2300 2297 2501 2349 manet
2552 2307 2654 2347 eos
2713 2291 2814 2363 qui
2844 2290 2904 2345 in
2934 2291 3047 2346 hac
3064 2290 3187 2346 vita
3208 2289 3384 2345 bonis
3409 2295 3464 2346 et
3494 2289 3659 2346 volu-

282 2401 370 2453 μος
395 2382 486 2433 οὐκ
512 2380 813 2442 ἀπόϐλητος
861 2385 1006 2453 παρὰ
1035 2391 1150 2453 Θεῷ
1201 2400 1213 2413 ·
1267 2383 1373 2436 ἀλλ’
1413 2388 1468 2438 αἱ
1499 2386 1768 2461 φροντίδες
1797 2398 1886 2442 τοῦ

2052 2386 2255 2444 .atibus
2287 2382 2559 2440 afﬂuunt.
2594 2380 2751 2449 Ideo,
2794 2379 3069 2451 quamvis
3091 2379 3351 2449 conjugii
3376 2395 3517 2434 usus
3550 2378 3656 2433 mi-

284 2469 423 2543 βίον,
452 2469 762 2523 ἀλλοιοῦσαι
814 2475 899 2524 τὸν
952 2474 1115 2525 ἔνθεον
1167 2471 1442 2545 λογισμὸν,
1484 2476 1576 2528 οὐκ
1636 2477 1760 2531 ἐῶσι
1799 2499 1888 2531 κα-

2065 2492 2158 2533 me
2187 2473 2488 2545 rejiciatur
2518 2486 2555 2527 a
2605 2473 2738 2535 Deo,
2766 2469 2912 2540 ipsae
2944 2476 3164 2533 tamen,
3198 2484 3333 2541 quas
3386 2484 3525 2524 eum
3563 2482 3660 2523 co-

286 2563 442 2631 θαρώς
496 2559 878 2633 ἀντοφθαλμεῖν
958 2566 1089 2636 πρὸς
1150 2565 1215 2614 τὰ
1266 2565 1531 2635 μελλοντα.
1596 2566 1773 2639 Ἰσριεν
1831 2566 1890 2621 δὲ

2056 2569 2285 2622 ιὶὶδῑιωι·
2331 2560 2528 2617 saeculi
2560 2576 2738 2622 curae,
2772 2559 3016 2631 plenam
3046 2558 3249 2614 divino
3270 2558 3477 2629 spiritu
3498 2573 3660 2613 men-

282 2655 368 2701 καὶ
407 2652 495 2701 τόν
550 2652 599 2702 ἓν
661 2649 993 2721 Εύαγγελίοις
1048 2652 1312 2724 Λάζαρον,
1382 2650 1474 2705 διὰ
1540 2662 1886 2731 στενοχωρίας

2061 2671 2119 2710 m
2147 2656 2439 2709 evacuant
2464 2649 2867 2718 alienantque,
2903 2663 3012 2703 nec
3039 2648 3243 2702 sinunt
3264 2647 3427 2719 puris
3466 2646 3662 2702 oculis

286 2747 381 2798 τῆς
436 2735 636 2792 ἐνθένδε
696 2748 789 2791 τοῦ
876 2738 1112 2814 Ἀϐραὰμ
1163 2745 1285 2804 τοὺς
1340 2743 1563 2806 κόλπους
1618 2746 1890 2821 κληρωσά-

2067 2742 2213 2799 tueri
2246 2741 2461 2796 futura.
2490 2737 2771 2794 Novimus
2804 2738 3090 2792 Lazarum
3123 2736 3182 2789 in
3206 2735 3536 2803 Evangeliis
3558 2750 3663 2806 per

298 2846 463 2898 μενον,
525 2833 615 2879 καὶ
684 2833 773 2880 τόν
836 2827 884 2880 ἓν
954 2833 1124 2902 γεέννῃ
1195 2831 1561 2902 φλογιζόμενον
1623 2834 1891 2903 πλούσιον,

2058 2849 2125 2897 ts,
2152 2846 2305 2901 quas
2332 2828 2427 2883 hic
2446 2825 2720 2881 toleravit
2753 2824 3040 2887 miserias,
3073 2823 3134 2878 in
3173 2824 3430 2879 Abrahae
3464 2824 3662 2879 sinum

298 2912 439 2988 μηδε
466 2925 554 2976 τῆς
582 2922 702 2989 πρὸς
746 2918 904 2970 αύτόν
956 2926 1046 2970 τοῦ
1091 2920 1340 2992 Λαζάρου
1398 2920 1610 2994 ἀφίξεως
1654 2923 1895 2998 ἀξιούμε-

2057 2921 2185 2976 tisse
2224 2918 2490 2974 delatum
2533 2930 2547 2980 ;
2579 2919 2635 2969 et
2664 2913 2719 2968 in
2757 2912 3033 2981 gehenna
3071 2912 3379 2968 ardentem
3414 2911 3661 2968 divitem

294 3024 393 3071 νον,
466 3011 555 3057 καῖ
630 3011 884 3077 σταγόνος
956 3003 1145 3068 ὕδατος
1221 3008 1575 3084 ἐστερημένον,
1650 3018 1739 3065 καὶ
1814 3016 1891 3078 τὸ,

2061 3010 2215 3066 ahoc
2238 3008 2481 3081 quidem
2506 3004 2773 3059 obtinere
2806 3002 3101 3073 potuisse,
3128 3006 3192 3057 ut
3220 3001 3299 3057 ad
3327 3017 3389 3057 se
3409 3000 3665 3057 dimitte-

290 3116 315 3145 (ι
350 3094 625 3157 Ἀπελαϐες
656 3098 725 3147 τὰ
754 3095 944 3166 ,ἀγαθά
990 3116 1083 3148 σου
1134 3095 1180 3148 ἐν
1222 3106 1281 3170 τῇ
1334 3104 1441 3172 ςωῇ
1505 3120 1620 3166 σου,
1680 3122 1706 3153 ›)
1748 3100 1894 3173 ἐγκα-

2072 3105 2184 3168 tur,
2219 3099 2473 3153 Lazarus
2508 3111 2521 3149 :
2550 3092 2665 3159 cui,
2697 3108 2836 3148 cum
2867 3092 3047 3148 etiam
3079 3107 3252 3163 aqua;
3284 3097 3447 3160 gutta
3491 3106 3670 3161 nega-

287 3184 545 3255 λούμενον.
602 3185 707 3239 Καὶ
765 3186 790 3237 ό
834 3190 1183 3258 Μακαρισμὸς
1237 3189 1532 3259 ὑπόσχεσιν
1599 3189 1807 3261 ἀγαθῶν
1839 3191 1891 3243 ού

2062 3194 2184 3253 itur,
2219 3185 2365 3242 illud
2394 3184 2696 3240 funestum
2724 3181 2980 3236 insonuit
3010 3198 3023 3235 :
3059 3202 3082 3231 (ι
3113 3180 3402 3251 Recepisti
3419 3179 3666 3235 bonain

287 3280 392 3333 τοῖς
422 3273 469 3325 ἐν
524 3273 738 3344 πλούτῳ
780 3283 1017 3346 κομῶσιν
1067 3276 1426 3347 ὑπισχνεῖται,
1454 3278 1581 3330 ἀλλὰ
1606 3288 1715 3340 τοῖς
1744 3279 1891 3331 κλαύ»

482 3372 501 3379 -
574 3364 591 3374 .
684 3362 696 3375 ς
763 3370 783 3379 -
895 3362 913 3379 κ
948 3366 958 3379 .
1290 3373 1309 3379 -
1558 3375 1576 3379 _
1692 3376 1710 3379 μ
1855 3372 1865 3379 .

2070 3283 2127 3333 ta
2163 3282 2265 3332 tua
2294 3275 2362 3328 ²”.
2394 3294 2419 3326 ν
2452 3276 2650 3344 Neque
2681 3287 2820 3327 vero
2848 3286 2916 3325 ex
2947 3269 3304 3340 evangelicis
3343 3269 3672 3325 beatitudi-

2077 3367 2086 3379 .
2256 3364 2288 3379 ..
2992 3359 3447 3379 musaeum-
3488 3357 3643 3379 Δεηεη

292 3380 417 3415 σασι
439 3372 532 3414 νῦν
564 3364 645 3415 ὃτι
674 3362 783 3415 ἐκεῖ
834 3362 1168 3434 γελάσουσιν,
1225 3373 1334 3428 τοῖς
1363 3375 1596 3438 πτωχοῖς
1647 3376 1717 3437 τῷ
1749 3372 1894 3421 πνεύ-

2077 3367 2185 3421 bus
2213 3364 2334 3420 ulla
2370 3362 2626 3419 continet
2662 3360 2964 3415 bonorum
2992 3359 3454 3431 promissionem
3480 3357 3671 3413 diviti-

290 3471 437 3522 ματι,
464 3458 577 3514 τοῖς
632 3448 999 3524 δεδιωγμένοις
1058 3450 1151 3506 διὰ
1204 3451 1565 3520 δικαιοσύνην,
1625 3466 1735 3519 τοῖς
1776 3458 1894 3510 όνει-

2062 3473 2117 3511 1s
2148 3456 2399 3524 factam;
2428 3451 2529 3507 sed
2546 3450 2827 3506 ﬂentibus
2851 3465 3029 3513 nunc,
3053 3448 3196 3519 quia
3222 3447 3353 3503 istic
3374 3447 3666 3513 ridebunt.

292 3538 591 3613 διζομὲνοις
631 3538 723 3593 διὰ
780 3548 1012 3615 Χριστόν
1068 3549 1154 3596 καὶ
1204 3543 1345 3607 ἅπαξ
1393 3545 1581 3612 ἁπλῶς,
1633 3552 1782 3605 στενὴ
1813 3552 1896 3599 καὶ

2068 3553 2115 3603 it
2154 3542 2524 3617 pauperibus
2567 3538 2796 3611 spiritu,
2847 3542 2951 3594 aut
2990 3537 3457 3609 persecutionem
3500 3538 3672 3592 susti-

288 3630 597 3701 rsﬁhyyz’vn
628 3632 659 3688 ἡ
693 3627 875 3691 όδόςὴ
944 3630 1227 3703 ἀπάγουσα
1279 3634 1351 3695 εἰς
1419 3642 1512 3693 τῆν
1564 3636 1720 3701 ζωὴν,
1777 3635 1892 3688 πλα·

2070 3635 2293 3692 antibus
2321 3636 2561 3704 prOpter
2586 3627 2893 3698 justitiam,
2925 3626 3018 3681 vel
3056 3626 3417 3681 contumelia
3440 3630 3674 3696 propter

291 3726 405 3770 τεία
426 3715 487 3771 δε
523 3726 613 3770 καὶ
639 3719 937 3794 εὐρύχωρος
979 3722 1009 3778 ἡ
1046 3718 1325 3793 ἀπάγουσα
1386 3722 1456 3784 εἰς
1505 3728 1598 3781 τὴν
1627 3723 1895 3776 ἀπώλειαν.

2072 3724 2308 3780 πίεῑυω
2339 3718 2582 3775 affectis.
2604 3720 2794 3787 Atque
2826 3720 2888 3771 ut
2919 3730 3039 3769 uno
3066 3713 3247 3769 semel
3275 3713 3455 3769 verbo
3483 3711 3676 3768 absol-

301 3808 410 3859 Ούκ
462 3813 600 3860 ἔστιν
650 3804 738 3860 οὖν
819 3810 938 3860 ἄνευ
997 3809 1214 3880 θλίψεως
1272 3810 1559 3873 ὑπεξελθεῖν
1612 3814 1751 3884 ἡμᾶς
1799 3830 1809 3841 ⁸
1864 3813 1905 3865 εἰ

2074 3830 2152 3870 tm
2200 3828 2212 3866 :
2267 3832 2293 3860 »
2322 3811 2587 3878 Angusta
2617 3812 2787 3876 porta
2828 3809 2884 3859 et
2909 3807 3069 3858 arcta
3093 3808 3185 3858 est
3212 3803 3331 3865 via,
3364 3817 3498 3872 quae
3516 3800 3678 3856 ducit

304 3901 391 3967 μὲν
421 3899 525 3968 γὰρ
574 3895 782 3967 ἐντῷδε
832 3906 906 3968 τῷ
954 3896 1057 3970 βίῳ
1116 3909 1459 3972 χαρμονικῶς
1517 3898 1767 3974 διέξομεν,
1803 3902 1881 3954 θλί

2072 3903 2090 3957 l
2125 3902 2307 3956 vitam
2334 3915 2344 3953 :
2374 3898 2490 3953 lata
2516 3910 2655 3950 vero
2686 3898 2743 3948 et
2789 3893 3054 3963 spatiosa
3083 3907 3213 3963 quae
3243 3890 3406 3946 ducit
3440 3890 3518 3945 ad
3545 3905 3676 3961 per-

308 3985 402 4054 ψις
450 3986 499 4037 ἐν
547 3994 616 4055 τῷ
659 3987 886 4057 μέλλοντι
940 3983 1239 4051 διαδέξεται
1288 3992 1442 4061 ἡμᾶς.
1503 3990 1636 4042 Ἀλλ’
1683 3992 1725 4043 εἰ
1784 3990 1907 4063 βού-

2081 3990 2298 4046 tionem
2332 3990 2373 4051 ³,
2412 4006 2435 4036 n
2464 3984 2615 4040 adeo
2650 3988 2711 4037 ut
2736 3979 3096 4052 impossibile
3123 3978 3373 4034 omnino
3403 3978 3479 4032 sit
3506 3978 3679 4033 nobis

304 4073 399 4140 λει,
431 4076 602 4144 γύναι,
664 4080 850 4147 μικρὸν
900 4084 960 4148 τῇ
1019 4081 1167 4148 φύσει
1212 4084 1615 4140 κοινωνήσαντες
1676 4077 1768 4132 διὰ
1814 4085 1907 4139 τὴν

2072 4077 2462 4135 ibulationem
2490 4074 2759 4128 evadere.
2793 4070 2851 4126 Si
2903 4084 3165 4142 namque
3209 4067 3269 4123 in
3294 4067 3407 4123 hac
3434 4065 3553 4122 vita
3583 4066 3675 4136 ju-

302 4171 394 4215 τοῡ
452 4172 547 4215 σοῦ
599 4169 794 4238 πατρὸς
860 4162 1165 4234 αὐθάδειαν,
1229 4165 1505 4241 ἀπάρωμεν
1552 4168 1765 4231 ἑαυτοὺς
1814 4177 1906 4231 τῆς

2072 4166 2212 4222 inde
2252 4165 2594 4229 vixerimus,
2624 4160 2683 4215 in
2724 4160 2920 4215 futura
2951 4174 3059 4214 nos
3077 4157 3375 4213 tribulatio
3407 4156 3676 4226 excipiet.

302 4250 673 4327 βορϐορὼδους
724 4256 919 4316 ταύτης
973 4259 1062 4307 καὶ
1140 4265 1393 4329 συρφετῆς
1459 4254 1749 4330 διαγωγῆς,
1821 4264 1906 4312 καὶ

2077 4258 2409 4328 uapropter,
2440 4253 2488 4307 si
2543 4251 2754 4323 placet,
2798 4248 3165 4311 charissima,
3212 4246 3559 4316 corporibus
3604 4244 3681 4301 ad

302 4346 389 4393 τόν
455 4347 658 4416 μονήρη
720 4340 836 4415 βίον
922 4347 1409 4417 κατασπασώμεθα,
1496 4348 1632 4409 ὅπως
1699 4348 1906 4401 αἰωνίου

2085 4345 2322 4401 odicum
2354 4348 2588 4412 tempus
2614 4338 2916 4409 conjuncti
2940 4341 3179 4409 propter
3204 4335 3387 4407 patris
3417 4336 3497 4389 tui
3526 4336 3682 4390 inso-

306 4431 517 4505 εὐμοιρη
529 4449 607 4483 σω
611 4450 701 4503 μεν
741 4430 1043 4485 ἀπολαύσεω
1054 4454 1091 4495 ς.

2081 4441 2243 4489 ntem
2269 4431 2572 4496 ferociam,
2602 4429 3003 4483 subducemus
3030 4442 3137 4481 nos
3169 4424 3327 4495 ipsos
3363 4423 3683 4480 salebrosa:

307 4519 444 4576 huic
503 4528 686 4593 atque
711 4520 1037 4593 inquinata
1085 4522 1479 4590 conversioni,
1532 4524 1831 4598 vitamque
1876 4525 2260 4582 monasticam
2293 4520 2739 4592 amplectemur,
2794 4522 2856 4572 ut
2902 4521 3125 4597 aeterna
3170 4512 3372 4585 requie
3427 4512 3692 4584 perfrua-

312 4624 464 4664 mur.

396 4696 496 4781 ς’.
554 4701 623 4750 Τί
679 4694 767 4750 οὖν
822 4697 1024 4762 εὖσεϐες
1079 4702 1326 4771 γύναιον;
1360 4701 1454 4754 οὐκ
1520 4700 1753 4755 ἀνένευσε
1790 4706 1920 4777 πρὸς
1953 4704 1996 4759 ι)

2098 4701 2187 4756 VI.
2211 4699 2364 4766 Quid
2397 4699 2473 4755 ad
2504 4697 2629 4752 haec
2663 4696 2755 4767 pia
2784 4694 2996 4750 mulier
3034 4693 3060 4747 ‘I
3091 4707 3237 4747 num
3266 4690 3514 4781 renuit?
3544 4705 3689 4781 num

309 4779 510 4854 ταῦτας
545 4786 641 4839 οὐκ
669 4783 774 4841 εἶπε
803 4790 868 4840 τὰ
919 4792 989 4861 μὴ
1047 4791 1347 4848 καθήκοντα
1375 4808 1387 4821 '
1420 4796 1484 4844 Τί
1512 4795 1569 4844 τό
1614 4791 1798 4853 κάλλος
1826 4800 1913 4854 τῆς

2093 4789 2259 4863 iquid
2315 4793 2525 4860 praeter
2577 4786 2857 4840 decorem
2900 4783 3099 4838 locuta
3134 4799 3146 4837 :
3176 4782 3290 4836 Cur
3320 4779 3579 4851 speciem
3605 4779 3697 4849 ju-

310 4874 433 4947 ἕμῆς
481 4880 724 4938 νεότητος
762 4876 1129 4951 ἠμαύρωσαςς
1170 4884 1223 4931 τί
1274 4899 1373 4951 μου
1427 4884 1522 4938 τὴν
1574 4883 1746 4952 τύχην
1798 4880 1914 4932 ἀπέ-

2095 4879 2285 4935 intutis
2318 4893 2461 4932 meae
2493 4875 2803 4939 obscuras,
2837 4871 3024 4939 dixit;
3070 4886 3287 4942 meque
3325 4875 3556 4940 sperata
3572 4868 3699 4923 feli-

311 4966 561 5031 κλεισας;
595 4969 647 5017 τί
682 4969 777 5023 τὴν
802 4964 931 5037 ἐμὴν
978 4968 1153 5041 χαρὰν
1212 4967 1284 5029 εἰς
1317 4970 1501 5041 θρῆνον
1559 4968 1874 5041 μετήλλαξας
1907 4985 1915 5035 ;

2093 4974 2207 5025 tate
2239 4965 2577 5029 excludens,
2623 4961 2911 5035 gaudium
2946 4976 3144 5016 meum
3174 4959 3233 5013 in
3264 4959 3525 5014 lamenta
3554 4973 3697 5013 con-

314 5056 371 5107 Εί
426 5054 597 5114 οὕτως
642 5055 865 5125 ἡρετίσω
916 5057 982 5106 τὰ
1028 5058 1163 5108 κατὰ
1224 5061 1436 5124 σαυτὸν,
1473 5058 1567 5110 οὐκ
1618 5055 1666 5111 εἷ
1698 5063 1847 5131 μόνος
1877 5058 1918 5110 ἐν

2094 5058 2214 5113 artis
2236 5056 2263 5109 ‘I
2305 5055 2360 5110 Si
2392 5059 2455 5110 tu
2480 5054 2613 5108 hac.
2656 5068 2786 5123 quae
2815 5051 2970 5105 dicta
2995 5055 3102 5115 est,
3138 5048 3359 5104 ratione
3408 5046 3582 5103 saluti
3616 5047 3698 5101 tui

315 5142 541 5212 εὲγενίσι
598 5148 837 5217 νεώτερος
896 5161 910 5174 ’
972 5141 1079 5197 ἔδει
1130 5153 1253 5217 γοῦν
1329 5165 1406 5213 σε,
1462 5151 1561 5222 πρό
1610 5156 1701 5201 τοῦ
1753 5150 1919 5219 γάμου

2094 5145 2354 5202 msulere
2404 5142 2767 5205 decreveras,
2802 5156 2917 5195 non
2981 5145 3041 5193 tu
3074 5137 3237 5193 solus
3288 5137 3438 5191 inter
3468 5135 3698 5191 nobiles

319 5230 697 5306 ἀπαγορεῦσαι,
756 5238 846 5286 καὶ
912 5237 985 5306 μὴ
1062 5240 1291 5307 μαράναί
1366 5256 1466 5309 μου
1543 5241 1601 5289 τό
1677 5236 1923 5290 ἐπανθοῦν

2094 5236 2387 5291 lolescens
2404 5248 2465 5287 es
2483 5254 2493 5285 :
2510 5230 2819 5303 oportebat
2834 5244 2994 5297 ergo,
3013 5232 3336 5299 antequam
3352 5225 3480 5297 conj
3493 5225 3698 5295 ugium

320 5321 521 5383 κάλλος.
554 5318 726 5376 Οὐδὲν
764 5330 999 5375 τοιοῦτον
1030 5337 1046 5353 ⁸
1081 5321 1208 5376 ἀλλὰ
1257 5329 1310 5378 τί
1338 5342 1351 5393 ;
1400 5325 1599 5398 Ὥσπερ
1645 5346 1722 5388 τις
1754 5326 1924 5399 ἀγαθή

2093 5326 2305 5388 ιίτοιιιτ,
2343 5319 2683 5377 renuntiare
2735 5316 3065 5390 sponsioni,
3097 5331 3208 5372 nec
3237 5331 3430 5371 meam
3492 5330 3697 5370 recens

320 5417 384 5481 γῆ
437 5413 521 5464 τὸν
590 5415 782 5485 σπόρον
844 5408 1099 5485 δεξαμένη
1159 5413 1427 5487 πολύχουν
1498 5413 1783 5488 βλαστάνει
1843 5418 1924 5469 τὸν

2092 5412 2505 5470 ﬂorescentem
2566 5406 3089 5480 pulchritudinem,
3150 5404 3306 5461 velut
3363 5403 3696 5461 marcidam

397 5587 411 5603 '
435 5590 574 5646 an.
598 5605 713 5660 xw,
743 5594 831 5646 25.
857 5593 877 5625 ³
912 5589 1114 5648 Matth.
1153 5606 1253 5658 vn,
1302 5595 1381 5649 14.
