4078 6222
387 298 453 356 15
1739 303 1999 360 MENSIS
2042 304 2378 365 MARTIUS.
2456 324 2459 325 '
2794 328 2795 331 ‘
3685 318 3753 373 16

371 442 639 500 reddere.
671 440 823 497 Nihil
866 440 1082 499 horum
1130 444 1229 502 illa
1275 461 1286 501 :
1346 448 1473 512 sed,
1505 448 2001 522 quemadmodun

2137 437 2356 509 καρπὸν,
2398 435 2533 487 οὕτω
2589 441 2679 488 καὶ
2732 438 2790 486 τὸ
2847 437 3029 507 σεμνὸν
3082 436 3295 507 γύναιον
3336 446 3398 511 τῇ
3457 441 3584 515 καλῇ
3617 464 3749 520 παρ-

371 532 532 588 bona
564 537 715 587 terra
772 531 1102 604 suscipiens
1145 550 1372 603 semen,
1450 538 1704 593 multum
1765 538 2001 594 fructun

2136 529 2326 577 αινέσει
2388 532 2482 576 τοῦ
2560 527 2796 598 μάκαρος
2868 526 3219 596 στομωθεῖσα,

366 620 605 693 profert,
658 619 740 676 ita
788 621 1171 676 venerabilis.
1205 622 1450 691 femina,
1511 627 1745 697 egregia
1801 628 1997 698 sponsi

2133 633 2280 666 νευσε
2342 618 2432 665 καί
2490 633 2645 685 φησιν
2705 634 2717 645 ·
2772 613 2882 665 Οὐκ
2957 612 3185 685 ἀμύητός

368 709 778 766 adhortatione
829 710 1129 780 roborata,
1201 712 1476 769 alacriter
1561 717 1787 781 annuit,
1844 722 2001 788 atquc

2133 704 2270 777 ἄνερ,
2305 712 2403 754 τῶν
2446 704 2591 755 θείων
2635 702 3081 777 παραγγελμάτων
3124 719 3135 731 ⁶

368 798 795 872 respondens:
850 799 1018 855 Haud
1076 802 1357 872 equidem
1414 803 1763 880 divinarum,
1808 806 2015 878 inquit,

366 887 577 958 ignara
636 902 769 941 sum
834 888 1321 958 promissionum,
1375 892 1725 949 suavissime
1765 908 2018 969 sponse;

366 977 584 1033 etenim
660 976 969 1033 manifeste
1001 979 1059 1032 in
1120 981 1452 1051 Evangeliis
1498 982 1717 1039 clamat
1758 983 2023 1039 Salvator

368 1072 605 1125 noster:
644 1086 668 1117 α
715 1066 821 1127 Qui
849 1081 970 1122 non
999 1067 1272 1139 relinquit
1305 1076 1531 1141 patrem
1581 1077 1635 1126 et
1682 1076 1923 1127 matrem
1966 1076 2023 1127 et

366 1170 611 1211 uxorem
646 1160 704 1211 et
731 1154 885 1211 ﬁlios
912 1160 970 1210 et
998 1157 1209 1212 fratres
1236 1162 1294 1212 et
1333 1174 1564 1215 sorores
1616 1164 1672 1215 et
1706 1159 1923 1215 domos
1965 1164 2023 1216 et

365 1259 565 1314 agros,
598 1251 654 1299 et
683 1244 828 1301 tollit
854 1260 1091 1300 crucem
1124 1262 1295 1303 suam
1341 1252 1397 1303 et
1446 1247 1715 1320 sequitur
1743 1265 1858 1316 me,
1899 1265 2019 1305 non

364 1339 453 1389 est
484 1349 579 1389 me
608 1334 829 1404 dignus
855 1334 897 1388 ⁴.
925 1336 1056 1390 Jam
1085 1334 1263 1405 igitur
1282 1352 1485 1407 puros,
1520 1338 1566 1392 si
1588 1337 1803 1409 placet,
1840 1344 2020 1410 atque

360 1423 840 1496 incoinquiuatos
868 1439 975 1479 nos
998 1425 1283 1480 sistamus
1310 1425 1529 1482 caelesti
1565 1427 1811 1498 Sponso,
1840 1428 2019 1484 etiam

364 1528 432 1568 ex
443 1518 672 1568 ternum
685 1512 989 1569 hominem
1008 1518 1281 1569 nostrum
1306 1514 1624 1571 lmmacula
1635 1520 1764 1572 tum
1786 1532 2015 1573 conser-

360 1606 589 1657 vantes.
618 1601 764 1667 Quid
795 1601 965 1657 nobis
990 1605 1293 1673 proveniet
1318 1603 1727 1669 emolumenti,
1777 1605 1827 1659 si
1865 1620 2018 1676 opus

362 1695 451 1747 est
477 1696 541 1746 ut
566 1706 695 1761 nos,
737 1690 1013 1763 quamvis
1039 1691 1113 1746 ad
1136 1691 1313 1748 breve
1344 1698 1582 1764 tempus
1608 1698 1828 1759 mutuo,
1869 1694 2019 1749 sicut

360 1779 573 1852 inquis,
623 1780 894 1836 fruamur
942 1781 1227 1853 amplexu
1271 1783 1299 1838 ?
1351 1782 1490 1847 Quis
1556 1783 1715 1838 enim
1754 1782 2001 1839 futurun:

2131 1777 2299 1828 Κοιὶεί
2348 1779 2436 1848 μὲν
2472 1778 2627 1849 ἄρσεν
2694 1780 2793 1841 εἴη,
2872 1782 3057 1851 μερικὴ
3115 1798 3193 1840 τις
3251 1778 3440 1839 ἐκκοπὴ

360 1868 694 1941 spondebit,
727 1870 889 1942 quod
918 1870 977 1925 in
1022 1871 1122 1926 illo
1158 1871 1377 1940 exiguo
1427 1878 1689 1943 tempore
1747 1872 2001 1928 sobolerr

2130 1865 2277 1930 θῆλυ,
2329 1862 2546 1917 διπλοῦν
2594 1870 2651 1918 τὸ
2710 1871 2866 1918 κακόν
2899 1884 2910 1896 ·

361 1958 566 2015 facturi
597 1974 718 2014 non
757 1959 963 2024 simus,
992 1975 1128 2031 quae
1180 1965 1314 2016 nata
1367 1961 1540 2015 nobis
1585 1961 2015 2033 impedimento

360 2046 479 2104 sit?
498 2052 553 2104 et
568 2047 812 2120 quidem
826 2048 873 2102 si
890 2048 1159 2104 mascula
1190 2047 1385 2113 fuerit,
1411 2063 1548 2120 pars
1564 2049 1645 2104 illi
1670 2049 2013 2106 facultatum

359 2140 415 2193 et
449 2135 692 2192 affectus
722 2136 1049 2192 resecanda
1080 2137 1187 2192 erit
1219 2153 1231 2192 :
1263 2136 1309 2191 si
1349 2144 1549 2193 autem
1581 2138 1906 2205 muliebris,
1940 2155 2012 2195 eu

360 2226 666 2296 geminum
709 2224 968 2297 malum;
1019 2226 1312 2298 oportebit
1340 2243 1602 2299 namque
1627 2231 1684 2283 et
1732 2227 2011 2284 idoneam

360 2314 748 2371 matrimonio
774 2318 1113 2386 exspectare
1152 2321 1479 2381 aatatem,et
1507 2316 1796 2388 reliquam
1827 2317 1878 2373 ei
1902 2317 2010 2372 sol-
2120 2319 2371 2384 νομῆσαι.

357 2402 727 2459 licitudinem
752 2403 1107 2474 impendere.
1139 2404 1316 2476 Atqui
1354 2403 1490 2460 vitae
1512 2404 1672 2470 ﬁnis,
1706 2410 1770 2460 ut
1793 2406 2041 2476 ipsemet
2083 2400 2267 2474 paulo
2295 2406 2429 2455 ante
2461 2399 2720 2465 dicebas,
2756 2399 3010 2456 incertus
3042 2406 3148 2465 est,
3193 2407 3247 2458 et
3274 2402 3406 2458 vitae
3436 2403 3617 2475 hujus
3640 2407 3726 2462 in-

357 2490 754 2550 numerabiles
776 2491 1164 2564 laquei.Quod
1197 2492 1247 2548 si
1269 2493 1594 2550 castitatem
1617 2493 1769 2550 clam
1795 2493 2054 2550 colentes
2074 2488 2418 2554 vixerimus,
2447 2494 2606 2545 certa
2635 2505 2790 2555 sum,
2818 2489 3177 2546 desiderium
3211 2494 3563 2549 nostrumad
3586 2500 3727 2566 opta

274 2604 277 2605 ν
360 2586 484 2638 tum
511 2581 693 2637 finem
723 2581 1174 2654 perducendum
1208 2597 1244 2638 a
1270 2583 1405 2638 Deo.

3303 526 3532 599 ἀσμένως
3596 539 3749 587 κατέ-

2133 633 2280 666 νευσε
2342 618 2432 665 καί
2490 633 2645 685 φησιν
2705 634 2717 645 ·
2772 616 2882 665 Οὔκ
2957 616 3185 685 epam;
3268 616 3392 688 εἰμι,
3460 619 3747 689 γλυκύτατε

3191 710 3281 757 καὶ
3328 710 3429 779 γάρ
3487 707 3535 759 ἐν
3582 711 3750 782 Εὐαγε

2131 791 2320 863 γελίοις
2370 794 2395 844 ό
2426 797 2601 865 Σωτὴρ
2659 795 2804 865 ἡμῶν
2838 788 3103 866 ἀριδὴλως
3136 792 3257 866 βοᾲ’
3294 816 3320 847 (ι
3362 800 3423 849 Εἴ
3448 817 3523 858 τις
3553 800 3613 851 οὐ
3645 820 3746 851 κα-

2132 880 2361 952 ταλείψει
2459 886 2676 957 πατέρα,
2733 887 2822 933 καὶ
2883 886 3081 955 μητέρα
3168 889 3257 936 καὶ
3348 895 3590 957 γυναῖκα,
3652 895 3742 942 καὶ

2131 976 2301 1036 τέκνα,
2348 976 2435 1024 καὶ
2497 968 2769 1043 ἀδελφοὺς,
2814 977 2905 1024 καὶ
2954 969 3198 1045 ἀδελφὰς,
3254 980 3345 1027 καὶ
3396 976 3588 1041 οἰκίας,
3648 986 3739 1032 καὶ

2131 1060 2341 1134 ἀγροὺς,
2376 1068 2464 1113 καὶ
2486 1063 2585 1135 ἄρῃ
2610 1066 2694 1113 τόν
2742 1066 2966 1137 σταυρὸν
3010 1063 3190 1127 αὐτοῦ,
3249 1070 3335 1117 καὶ
3387 1066 3740 1127 ἀκολουθήσει

2130 1171 2238 1223 μοι,
2266 1151 2359 1204 οὐκ
2389 1154 2498 1204 ἔστι
2518 1172 2618 1224 μου
2647 1151 2810 1214 ἄξιος.
2840 1172 2867 1203 »
2900 1152 3123 1218 Οὐκοῦν,
3178 1153 3221 1205 εἰ
3251 1153 3448 1226 βούλει,
3481 1160 3741 1232 καθαροὺς

2130 1246 2218 1293 καὶ
2294 1240 2547 1301 ἀσπίλους
2605 1241 2812 1301 ἑαυτοὺς
2867 1248 3289 1316 παραστήσωμεν
3364 1254 3437 1316 τῷ
3514 1247 3737 1321 οὐρανίῳ

2128 1335 2331 1401 νυμφίῳ
2361 1336 2597 1404 Χριστῷ,
2631 1329 2912 1402 ἀμώμητον
2972 1336 3059 1384 καὶ
3112 1329 3439 1390 ἀκηλίδωτον
3496 1355 3581 1388 τον
3643 1338 3738 1399 ἔξω

3196 1426 3260 1473 Τί
3332 1426 3433 1496 γάρ
3468 1424 3660 1497 ὄφελος,
3694 1427 3739 1479 εἰ

2128 1512 2258 1581 πρὸς
2318 1511 2525 1583 μικρὸν,
2583 1511 2651 1569 ὡς
2692 1512 2831 1581 ἔφης,
2887 1509 3247 1582 συνέλθωμεν;
3304 1516 3396 1574 Τίς
3452 1511 3511 1566 δε
3578 1520 3666 1568 καὶ
3710 1518 3736 1568 ὁ

2128 1596 2389 1669 ἐγγυητὴς
2446 1600 2526 1650 ὅτι
2578 1601 2636 1650 οὐ
2691 1604 3008 1671 τεκνώσομεν
3052 1600 3102 1651 ἐν
3156 1608 3228 1671 τῷ

2130 1422 2274 1491 ἡμῶν
2324 1420 2592 1492 ἄνθρωπον
2670 1416 3114 1493 διατηρήσαντες.

3320 1611 3491 1677 μικρῴ
3545 1608 3730 1677 τούτῳ,

2128 1691 2216 1738 καὶ
2244 1687 2327 1739 ἵνα
2354 1691 2425 1759 μὴ
2457 1691 2670 1757 γένηται
2728 1689 2852 1759 ἡμῖν
2901 1688 2974 1749 εἰς
3024 1693 3345 1762 πρόσκομμα
3400 1695 3458 1743 τὸ
3505 1696 3731 1764 uxore;

3502 1780 3732 1835 ἐἰδὲ

2963 1872 3122 1942 χρεία
3149 1871 3250 1941 γὰρ
3310 1868 3578 1942 ἀναμεῖναι
3642 1878 3730 1925 καὶ

2123 1960 2349 2028 χρόνους
2375 1956 2547 2026 γάμου
2579 1959 2665 2007 καὶ
2692 1954 2875 2016 λοιπῆς
2924 1961 3188 2030 προνοίας.
3253 1964 3351 2011 Καὶ
3377 1962 3435 2011 τὸ
3469 1968 3561 2023 τῆς
3593 1962 3731 2023 ζωῆς

2123 2043 2281 2112 τέλος,
2313 2047 2379 2106 ὡς
2410 2046 2550 2116 ἔφης,
2586 2043 2662 2096 ἐπ’
2709 2041 2906 2116 ἀδήλῳ,
2955 2051 3044 2098 καὶ
3102 2048 3155 2098 αἱ
3212 2055 3304 2100 τοῦ
3333 2046 3454 2120 βίου
3506 2048 3730 2120 παγίδες

2124 2132 2489 2205 ἀναρίθμητοι.
2526 2136 2888 2195 Λανθανόντως
2944 2132 3030 2186 οὖν
3081 2134 3130 2187 ἐν
3190 2137 3368 2207 ἁγνεία
3421 2136 3728 2210 βιωσάντων

2122 2225 2289 2295 ἡμῶν,
2334 2219 2387 2274 εὖ
2448 2219 2571 2276 οῖδα
2626 2227 2716 2274 καὶ
2770 2228 2862 2281 τὴν
2917 2225 3063 2295 ἡμῶν
3094 2226 3263 2297 ἔφεσιν
3319 2229 3405 2278 τὸν
3437 2230 3566 2279 Θεὸν
3592 2227 3728 2281 οἰκο-

427 2670 539 2726 VII.
565 2670 878 2743 Obstupuit
896 2671 972 2728 ad
1001 2677 1117 2727 tam
1142 2686 1491 2744 generosam
1511 2670 1723 2743 puella)
1750 2676 2009 2727 mentem

353 2758 739 2817 beatissimus
763 2760 1018 2831 juvenis,
1043 2761 1419 2832 gralioseque
1435 2761 1826 2833 respondens:
1843 2760 2007 2827 Quod

355 2848 496 2905 utile
534 2848 724 2916 fuerit,
748 2849 958 2922 inquit,
1002 2848 1405 2905 manifestabit
1433 2850 1605 2905 nobis
1648 2852 1818 2905 Deus.
1856 2852 2006 2919 Ergo

353 2942 537 2995 totam
570 2954 742 3010 egere
763 2939 824 2994 in
845 2939 1125 3012 precibus
1150 2944 1405 3003 noctem,
1440 2941 1625 2995 Deum
1659 2939 2005 2995 invocantes

352 3033 415 3085 ut
442 3027 552 3084 sibi
583 3043 715 3083 eam
750 3028 809 3082 in
839 3043 965 3083 rem
1006 3027 1314 3084 consulere
1345 3035 1525 3100 atque
1546 3028 1884 3099 prospicere
1922 3026 2004 3081 di-

350 3120 651 3187 gnaretur.
707 3115 874 3172 Circa
902 3131 1181 3172 auroram
1203 3132 1343 3172 vero
1380 3116 1645 3186 contigit,
1693 3119 1756 3171 ut
1785 3115 2002 3171 obdor-

354 3206 674 3262 miscerent
691 3204 868 3261 ambo
893 3210 949 3262 et
967 3220 1153 3260 unum
1176 3204 1457 3277 idemque
1475 3220 1545 3259 eo
1567 3209 1832 3276 tempore
1846 3219 2002 3259 som-

346 3295 516 3352 nium
546 3294 834 3352 viderent.
870 3294 1153 3350 Viderunt
1183 3298 1383 3350 autem
1421 3293 1737 3367 quemdam
1784 3293 2002 3349 eximio

346 3383 670 3457 fulgentem
714 3385 948 3452 decore,
977 3384 1079 3456 qui
1111 3382 1345 3455 placida
1374 3382 1452 3438 ad
1496 3397 1597 3438 eos
1626 3398 1766 3437 voce
1790 3385 1995 3437 utens:

346 3474 651 3541 Dominus,
704 3472 1285 3547 iuquitpropositum
1348 3471 1533 3527 animi
1585 3470 1762 3527 vestri
1840 3471 1999 3526 susci

342 3565 527 3639 piens,
561 3564 722 3621 misit
748 3568 932 3627 me,ut
958 3562 1255 3631 signarem
1286 3576 1392 3616 vos
1423 3559 1500 3616 ad
1518 3559 1631 3616 hoc
1654 3563 1717 3615 ut
1744 3560 1998 3615 intactos

343 3670 450 3711 vos
465 3655 844 3723 integrosque
859 3649 966 3704 sibi
980 3648 1285 3705 offerretis.
1301 3651 1364 3703 Et
1376 3649 1657 3705 continuo
1677 3663 1782 3721 per
1808 3653 1995 3704 totum

340 3759 558 3816 corpus
576 3757 677 3797 eos
693 3739 1053 3809 consignans
1066 3754 1139 3794 ex
1151 3737 1333 3793 oculis
1349 3738 1589 3794 evanuit
1608 3739 1991 3793 intuentium:

340 3833 603 3906 quicum
635 3830 1039 3903 evigilassent,
1068 3834 1124 3884 et
1144 3845 1279 3901 quas
1303 3827 1574 3884 viderant
1596 3827 1707 3883 sibi
1740 3828 1993 3883 invicem

339 3923 563 3994 absque
591 3921 709 3977 ulla
737 3920 1074 3977 diversitate
1088 3922 1428 3974 narrassent
1451 3935 1464 3984 ;
1489 3918 1623 3974 data
1645 3920 1759 3974 Deo
1781 3917 1990 3986 gloria,

336 4011 438 4083 qui
472 4017 590 4067 tam
623 4008 1111 4066 facileinvenitur
1126 4006 1532 4079 quaerentibus
1565 4022 1648 4074 se,
1669 4006 1744 4062 de
1780 4011 1991 4061 caetero

337 4101 534 4172 specie
559 4099 803 4173 quidem
826 4104 889 4153 ut
909 4098 1215 4169 conjuges,
1244 4112 1451 4167 reapse
1470 4100 1531 4150 ut
1552 4094 1821 4166 germani
1839 4094 1993 4150 inter

338 4204 468 4245 sese
494 4187 711 4243 vixere.
763 4189 806 4243 Ο
838 4203 963 4242 rem
1010 4184 1270 4241 miraml
1319 4183 1486 4239 Novit
1546 4183 1838 4239 Dominus
1886 4184 1989 4254 qui

338 4282 475 4334 sunt
522 4276 651 4348 ejus
691 4277 735 4342 ⁵,
778 4281 834 4332 et
880 4275 1169 4348 quoniam
1214 4272 1411 4329 solum
1461 4273 1645 4328 Deum
1703 4271 1991 4344 exquisie-

2191 2665 2266 2721 Z'.
2314 2665 2617 2737 Ἐκπλαγεὶς
2669 2662 2729 2718 δε
2778 2668 2802 2717 ὁ
2852 2670 3105 2741 μακάριος
3157 2667 3240 2721 ἐπὶ
3288 2677 3348 2741 τῇ
3424 2678 3514 2731 τῆς
3569 2675 3724 2745 κόρης

2121 2751 2405 2827 δεξιωτάτη
2459 2759 2662 2826 γνώμῃ,
2713 2758 3004 2827 χαριέντως
3056 2758 3183 2829 πρὸς
3243 2755 3403 2814 αὐτὴν
3449 2755 3583 2810 εἷπε·
3622 2763 3720 2812 Κύ·

2115 2864 2227 2919 ριος
2254 2845 2376 2915 ἡμῖν
2408 2839 2635 2900 δηλώσει
2665 2845 2722 2895 τὸ
2774 2848 3052 2917 συμφέρον.
3114 2845 3187 2896 Δι’
3247 2845 3369 2907 ὅλης
3395 2842 3454 2898 δὲ
3511 2856 3601 2908 τῆς
3629 2869 3723 2900 νυ-

2115 2938 2235 2995 κτὸς
2277 2932 2707 3006 προσευξάμενοι,
2749 2938 2839 2984 καὶ
2890 2937 2976 2985 τὸν
3009 2937 3137 2987 Θεὸν
3187 2933 3268 2986 ἐπὶ
3302 2942 3371 3004 τῷ
3408 2942 3723 3011 συμφέροντι

2111 3025 2401 3091 προνοητὴν
2468 3026 2556 3071 καὶ
2617 3017 2883 3091 κηδεμόνα
2943 3020 3388 3093 ἐπικαλεσάμενοι,
3451 3029 3568 3095 περὶ
3627 3025 3722 3075 αὐ-

2109 3111 2206 3180 γάς
2237 3116 2332 3170 τῆς
2380 3110 2577 3180 ἡμέρας
2622 3106 2810 3166 συνέϐη
2869 3107 3177 3179 ἀφυπνωσαι
3227 3109 3567 3181 ἀμφοτέρους,
3624 3117 3715 3163 καὶ

2112 3198 2159 3251 ἓν
2219 3202 2308 3249 καὶ
2374 3200 2432 3249 τὸ
2500 3197 2625 3249 αὐτὸ
2692 3201 2811 3271 ὄναρ
2847 3198 3107 3267 θεωρῆσαι
3167 3214 3180 3227 ·

2111 3290 2309 3361 ώραίως
2383 3285 2817 3357 ἐξαστράπτοντα,
2919 3289 3047 3360 πρὸς
3124 3286 3313 3348 αὐτοὺς
3386 3292 3578 3360 πραεῖα
3651 3298 3712 3362 τῇ

2623 3377 2811 3448 Κύριος
2865 3375 3046 3435 όΘεὸς
3108 3379 3202 3433 τὴν
3228 3376 3368 3444 ὑμῶν
3410 3382 3716 3452 προαίρεσιν

3241 3199 3403 3273 ὁρῶσι
3467 3220 3493 3269 γ
3505 3202 3568 3274 άρ
3601 3220 3717 3253 τινα

2112 3383 2246 3448 φωνῇ
2271 3375 2484 3446 λέγοντα
2540 3388 2553 3400 '

2111 3462 2512 3537 ἀποδεξάμενος,
2554 3461 2817 3516 ἀπέστειλέ
2890 3482 2952 3534 με

2110 3553 2377 3629 ἀκεραίους
2433 3558 2522 3605 καὶ
2589 3550 2897 3625 ἀμωμήτους
2958 3553 3098 3623 αὐτῷ

2106 3648 2536 3718 κατασφραγίσας
2575 3640 2763 3703 αὐτοὺς
2814 3637 2886 3693 δι’
2946 3641 3064 3693 ὅλου
3101 3650 3192 3694 τοῦ
3252 3649 3513 3715 σώματος,
3555 3647 3713 3718 ἄφανο

3052 3471 3339 3537 σφραγῖσαι
3414 3466 3549 3537 ὑμᾶς
3624 3475 3716 3519 τοῦ

3197 3562 3547 3628 παραστῆναι.
3616 3561 3712 3609 Καὶ

2105 3753 2187 3793 τος
2253 3732 2464 3803 ἐγένετο.
2516 3730 2941 3802 Ἀφυπνισάντων
3010 3727 3068 3783 δε
3130 3735 3318 3800 αὐτῶν,
3382 3739 3472 3785 καὶ
3527 3737 3595 3787 τά
3625 3743 3715 3795 τῆς

2105 3821 2363 3883 ὀπτασίας
2459 3819 2863 3892 ἀπαραλλάκτως
2945 3818 3179 3883 ἀλλήλοις
3284 3818 3712 3895 διηγησαμένων,

2102 3914 2315 3963 καὶτὸν
2369 3912 2497 3963 Θεὸν
2562 3908 2893 3971 δοξασάντων
2952 3911 3036 3961 τὸν
3096 3911 3458 3983 εὑρισκόμενον
3514 3910 3711 3985 ῥᾳδίως

2102 4007 2208 4061 τοῖς
2275 4000 2522 4059 ζητοῦσιν
2555 3997 2729 4063 αὐτὸν,
2790 4001 2847 4049 τὸ
2878 3998 3056 4049 λοιπὸν
3101 3994 3305 4070 διῆγον,
3350 4005 3593 4072 σχήματι
3622 4004 3711 4072 μὲν

2101 4091 2170 4151 ὡς
2220 4088 2461 4158 σύζυγοι,
2522 4089 2793 4159 πράγματι
2838 4083 2896 4138 δε
2936 4089 2999 4147 ὡς
3040 4083 3273 4159 ἀδελφοί.
3322 4087 3390 4139 Ὦ
3446 4096 3535 4140 τοῦ
3588 4090 3708 4140 Θαύ-

2099 4176 2301 4250 ματοςέ
2338 4175 2504 4247 Ἐγνω
2531 4178 2718 4250 Κύριος
2779 4180 2900 4237 τούς
2952 4175 3111 4227 αὐτοῦ
3148 4194 3159 4206 ’
3214 4176 3257 4228 εἰ
3282 4180 3433 4245 μόνον
3466 4177 3708 4239 ἐξεζήτη-

2102 4287 2195 4320 σαν
2248 4269 2334 4319 τὸν
2385 4269 2527 4329 Θεὸν,
2580 4265 2732 4327 εὐθὺς
2781 4263 3055 4338 ἐπίκουρος
3102 4265 3276 4326 αὐτοῖς
3354 4270 3443 4317 καὶ
3519 4264 3711 4337 βοηθὸς

335 4370 494 4431 runt,
526 4364 811 4421 continuo
838 4364 1151 4421 auxiliator
1190 4367 1361 4434 atque
1414 4362 1653 4432 adjutor
1704 4376 1808 4433 pro
1840 4359 1991 4416 desi-

2115 4359 2227 4432 τρὸς
2283 4359 2375 4413 τὴν
2426 4357 2597 4426 ἔφεσιν
2660 4355 2864 4429 εὑρέθη.
2918 4359 2982 4407 Ti
3048 4361 3201 4406 τοῦτο
3268 4362 3359 4406 τοῦ
3403 4356 3536 4406 κοιτά
3594 4360 3711 4415 τοὺς

334 4455 500 4512 derio
539 4454 685 4527 ipsis
710 4454 980 4510 inventus
1030 4458 1137 4507 est.
1173 4450 1323 4518 Quid
1355 4450 1470 4506 hoc
1515 4448 1759 4506 inferius
1789 4465 1859 4505 eo
1885 4449 1988 4504 mi-

334 4545 556 4611 raculo,
584 4544 747 4618 quod
789 4543 941 4599 circa
972 4546 1087 4597 tres
1120 4540 1408 4612 puerosin
1432 4539 1711 4595 fornnace
1754 4542 1986 4607 gcstum

335 4634 778 4691 admiramur“?
801 4632 930 4687 Istic
948 4630 1196 4703 angelus
1216 4635 1486 4685 urentem
1506 4628 1818 4684 flammam
1834 4627 1988 4697 ignis

333 4725 394 4781 in
436 4729 677 4780 ventum
708 4722 857 4778 roris
897 4720 1142 4777 ﬂantem
1187 4725 1566 4775 commutans
1611 4717 1825 4772 illaesos
1873 4733 1989 4772 ser-

332 4814 497 4870 vavit
520 4812 789 4869 illos:hic
817 4809 1085 4866 similiter
1120 4808 1371 4880 angelus
1394 4808 1691 4863 concitum
1720 4807 1989 4876 igneum-

332 4918 449 4976 que
518 4900 836 4974 voluptatis
903 4899 1181 4955 ardorem
1234 4898 1293 4953 in
1343 4913 1537 4953 rorem
1586 4894 1989 4952 continentiae-

333 4997 497 5047 trans
518 4991 804 5056 formans,
838 5004 1095 5061 sponsos
1126 4985 1449 5043 custodivit
1477 4984 1774 5049 innoxios,
1808 4988 1987 5056 atque

331 5079 526 5153 ignem
550 5096 674 5135 cum
716 5077 851 5135 feno
881 5077 1084 5133 docuit
1112 5077 1256 5132 citra
1276 5076 1571 5131 damnum
1600 5074 1985 5144 conjungere.

404 5170 542 5225 VIII.
566 5171 730 5225 Nunc
782 5166 1071 5240 quoniam
1095 5164 1686 5221 coconversationem
1736 5160 1920 5217 sancti
1952 5177 1989 5217 a

332 5258 636 5316 nativitate
657 5259 735 5314 ad
759 5255 1209 5313 matrimonium
1237 5269 1425 5327 usque
1456 5252 1697 5310 abunde
1723 5250 1991 5307 declara-

333 5349 544 5415 vimus,
594 5347 769 5417 agite,
824 5346 1056 5403 Christo
1086 5344 1309 5413 dilecti,
1340 5348 1395 5399 et
1427 5358 1499 5398 ex
1550 5340 1980 5398 certaminibus

334 5437 465 5511 ejus
530 5436 838 5510 specimen
867 5436 1115 5493 demum
1142 5432 1384 5506 aliquod
1405 5430 1632 5489 auditui
1664 5434 1863 5487 vestro
1906 5428 1987 5486 ad

405 5617 429 5653 ⁴
457 5618 590 5687 Luc,
617 5632 737 5681 xxv,
771 5616 858 5671 26.
893 5616 914 5650 ³
947 5616 1099 5670 Num
1131 5628 1251 5681 xvi,
1283 5615 1335 5667 5.
1368 5612 1389 5648 ⁶
1415 5611 1564 5669 Dan.
1594 5625 1672 5695 ιιι,
1710 5612 1796 5666 50.

2096 4451 2235 4520 τρεῖς
2297 4440 2491 4504 παῖδας
2537 4446 2796 4514 θαύματος
2854 4442 3200 4516 ἀτιμότερον;
3260 4442 3395 4494 Ἐκεῖ
3468 4446 3558 4515 μὲν
3606 4446 3708 4517 γάρ

2096 4534 2311 4607 ἄγγελος
2386 4538 2480 4591 τὴν
2557 4532 2953 4605 συμφλέγουσαν
3028 4535 3190 4606 αὔραν
3264 4527 3354 4583 τοῦ
3429 4535 3592 4605 πυρὸς
3642 4533 3713 4595 εἰς

2096 4632 2297 4694 πνεῦμα
2335 4619 2533 4697 δρόσου
2584 4618 2894 4695 διασυρίζον
2952 4619 3273 4692 μεταϐαλὼν,
3323 4618 3559 4682 ἀϐλαϐεῖς
3590 4626 3711 4685 τοὺς

2096 4708 2291 4773 παῖδας
2365 4709 2590 4764 διέσωσε
2667 4732 2679 4744 ο
2758 4709 3024 4761 κάνταῦθα
3095 4708 3249 4761 πάλιν
3324 4709 3547 4782 ἄγγελος
3616 4717 3710 4771 τὴν

2098 4799 2379 4875 ὀξύρροπον
2429 4805 2519 4851 καὶ
2567 4794 2810 4871 φλογώδη
2856 4806 2951 4857 τῆς
2994 4792 3191 4859 ἡδονῆς
3243 4795 3415 4869 ἀκμὴν
3470 4799 3540 4861 εἰς
3612 4820 3709 4852 σω⁶

2098 4892 2358 4961 φροσύνης
2404 4885 2595 4964 δρόσον
2652 4886 3098 4961 μεταῤῥυθμίσας,
3157 4884 3354 4947 ἀσινεῖς
3395 4891 3520 4950 τοὺς
3571 4892 3707 4947 νέους

2100 4975 2399 5051 διετήρησε,
2459 4983 2549 5031 καὶ
2608 4982 2735 5053 πυρὶ
2802 4980 2996 5049 χόρτον
3082 4973 3317 5037 ἀϐλαϐῶς
3397 4972 3707 5035 συνδυάζειν

2099 5067 2246 5127 ἐπετὴ
2257 5064 2460 5120 δευσεν.

2170 5156 2248 5209 Η’.
2300 5157 2441 5209 Ἐπεὶ
2492 5159 2663 5208 τοίνυν
2710 5158 2802 5213 τὴν
2858 5152 2913 5205 ἐκ
2969 5158 3255 5226 γεννήσεως
3305 5159 3395 5205 τοῦ
3444 5157 3704 5225 μακαρίου

2097 5249 2260 5319 μέχρι
2314 5245 2567 5316 συζυγίας
2625 5241 2955 5318 ἀναστροφὴν
3032 5243 3380 5315 ἀποχρώντως
3438 5237 3708 5299 ἐδηλώσα-

2096 5354 2207 5408 μεν,
2241 5338 2355 5408 φέρε
2413 5331 2480 5393 δὴ
2544 5333 2721 5386 λοιπὸν
2788 5340 2876 5387 καὶ
2940 5341 3039 5386 τῶν
3104 5332 3262 5385 αὐτοῦ
3329 5329 3707 5403 ἀγωνισμάτων

2099 5428 2317 5498 μερικὴν
2366 5443 2481 5475 τινα
2526 5428 2919 5497 κατηχήσωμεν
2971 5424 3193 5495 ἔμφασιν
3269 5426 3385 5482 ταῖς
3434 5419 3711 5495 ὑμετέραις
