4078 6222
224 316 283 370 Π
1535 308 1699 366 VITA
1737 308 1799 364 S.
1838 308 1847 329 '

1955 307 2219 365 ΞΟΡΗΑΝ
2226 309 2309 365 IS.
3526 312 3597 369 i8

226 443 426 502 ἀκοαῖς,
492 435 847 509 φιλόχριστοι.
906 434 1112 488 Τούτων
1170 434 1305 487 οὕτω
1358 436 1470 508 θείᾳ
1528 437 1695 487 νεύσει
1751 434 1827 486 οἰ-

1955 450 2331 491 3ommunem
2354 436 2784 493 admoveamus
2804 436 3275 494 instructionem.
3301 438 3397 494 Bis
3413 438 3596 510 igitur

232 528 629 600 κονομηθέντων,
707 527 848 577 κατά
920 526 1105 598 μικρὸν
1199 531 1305 586 τοῖς
1380 528 1669 596 πενομένοις
1744 526 1829 575 τὸν

1955 522 2145 578 iivino
2175 529 2317 579 nutu
2344 525 2421 580 ad
2452 541 2591 580 eum
2619 525 2869 581 modum
2910 526 3261 592 constitutis,
3291 542 3428 583 cum
3471 544 3595 584 ma-

248 619 462 671 πλοῦτον
517 614 876 687 σκορπίζοντες
945 612 993 665 ἓν
1052 614 1479 687 ὑποκεκρυμμένη
1554 610 1832 683 ὑπολήψει,

1955 628 2095 681 gnos
2124 612 2287 669 brevi
2315 614 2625 670 thesauros
2650 614 3022 686 pauperibus
3054 615 3301 671 latenter
3350 616 3597 673 dividis-

266 707 439 781 μᾶλλον
482 701 532 757 δὲ
575 700 646 756 δι’
699 703 868 755 αὐτῶν
922 702 1124 763 ἑαυτοῖς
1180 703 1605 777 θησαυρίζοντες,
1665 701 1835 753 λαθεῖν

1955 706 2093 765 sent,
2119 707 2222 758 aut
2264 704 2462 773 potius
2510 704 2653 776 ipsis
2684 704 2799 760 sibi
2832 720 2932 777 per
2961 719 3171 760 eorum
3200 721 3419 761 manus
3452 722 3596 762 con-

273 797 336 857 εἰς
361 794 480 854 τᾶος
512 796 593 844 τὸν
645 801 741 853 τῆς
787 796 949 865 κόρης
1003 791 1097 843 οῦκ
1127 794 1363 862 ἴσχυσαν
1408 795 1626 863 πατέρα,
1670 786 1835 842 δεινόν

1955 790 2246 856 iidissent,
2263 792 2442 849 latere
2464 794 2687 850 diutius
2716 794 2925 866 puellm
2945 800 3170 866 patrem
3192 810 3309 850 non
3331 800 3596 866 potuere,

272 905 314 936 τε
354 889 479 946 ὄντα,
529 887 619 934 καὶ
691 880 887 947 ἀπηνῆ,
957 886 1046 932 καὶ
1134 879 1498 954 ἀπάνθρωπον,
1574 885 1663 931 καὶ
1723 879 1835 931 λίαν

1955 896 2217 936 severum
2249 882 2473 954 utique,
2505 882 2818 948 immitem,
2850 884 3275 950 inhumanum,
3308 888 3488 957 atque
3520 884 3598 941 ab

260 973 563 1044 ἆνελεήμονα.
644 975 801 1032 Γνοὺς
869 973 970 1044 γὰρ
1045 974 1139 1028 τὴν
1204 969 1486 1026 καλλίστην
1562 978 1659 1021 τῶν
1715 972 1837 1021 νέων

1955 972 2107 1025 omni
2124 986 2257 1025 com
2268 972 2659 1028 miserationis
2682 972 2947 1029 alienum
2967 972 3200 1029 affectu.
3222 976 3600 1045 Cognoscens

256 1063 487 1135 ἐμπορίαν
538 1062 563 1112 ὁ
630 1060 973 1133 ταλαίπωρος,
1032 1064 1122 1111 καὶ
1181 1058 1475 1131 ἀποτυχίαν
1528 1058 1716 1130 μᾶλλον
1780 1056 1838 1109 τό

1955 1074 2088 1128 ergo
2113 1058 2315 1115 infelix
2341 1076 2495 1127 eam,
2524 1077 2712 1133 quam
2746 1062 2886 1118 novi
2916 1063 3088 1134 nupti
3119 1062 3412 1134 optimam
3442 1062 3604 1119 insti-

254 1154 467 1224 γνωσθὲν
520 1152 549 1209 ᾖ
609 1148 869 1202 εὐσέϐειαν
930 1150 1281 1221 ἡγησάμενος,
1333 1149 1571 1201 εἰσελθὼν
1626 1147 1675 1200 ἐν
1728 1154 1839 1209 τοῖς

1955 1154 2201 1216 tuerant,
2226 1151 2530 1207 mercandi
2571 1152 2748 1215 viam.
2779 1156 2836 1209 et
2876 1152 3042 1225 quod
3078 1158 3442 1222 cognoverat
3480 1168 3606 1210 non

256 1241 532 1314 βασιλείοις
581 1241 1020 1312 προσανατίθεται
1074 1247 1145 1309 τῷ
1200 1236 1410 1309 βασιλεῖ
1464 1244 1682 1289 τοιαῦτα
1738 1241 1835 1308 φή-

1955 1238 2147 1310 pietati
2180 1239 2507 1311 imputaus,
2542 1239 2987 1297 sedinfelicitati
3032 1241 3332 1307 maximas,
3368 1243 3423 1297 in
3442 1242 3607 1315 pala-

256 1350 381 1391 σας⁶
409 1338 681 1401 Δυστυχῶ,
730 1328 972 1401 βασιλεῦ,
1024 1328 1109 1381 ἐπὶ
1154 1337 1226 1399 τῷ
1275 1327 1573 1401 ἀπράγμονι
1616 1326 1837 1401 γαμϐρῷ

1955 1328 2097 1383 tium
2122 1327 2200 1383 ad
2228 1328 2649 1400 imperatorem
2678 1346 3057 1401 progressus,
3088 1331 3171 1387 ita
3202 1331 3392 1388 fatur:
3425 1332 3470 1389 Ο
3510 1348 3605 1388 me

252 1442 345 1493 μου
372 1443 384 1454 ·
418 1424 705 1492 σκορπίσας
746 1422 847 1492 γὰρ
893 1419 1227 1489 κακιγκάκως
1270 1420 1356 1469 τὸν
1406 1413 1544 1470 ἴδιον
1593 1417 1833 1481 πλοῦτον,

1955 1416 2387 1488 calamitosum,
2432 1418 2778 1490 imperator,
2816 1425 3061 1492 propter
3110 1422 3311 1489 generi
3359 1421 3477 1477 mei
3520 1422 3608 1478 in-

251 1508 364 1563 οῦδε
397 1518 489 1561 τῶν
539 1518 633 1567 τῆς
682 1508 810 1579 ἐμῆς
865 1509 1123 1579 θυγατρὸς
1178 1506 1414 1578 ἐφείσατο
1465 1508 1787 1579 πραγμάτων
1823 1523 1835 1535 ·

1955 1505 2157 1562 srtiam
2192 1507 2203 1560 l
2239 1522 2383 1579 opes
2413 1508 2574 1563 enim
2606 1525 2748 1564 suas
2782 1508 3063 1581 pessimis
3092 1509 3434 1581 dilapidans
3479 1527 3607 1567 mo-

251 1597 349 1657 ἧδη
392 1602 489 1673 γὰρ
530 1603 622 1650 καὶ
654 1598 822 1649 αὐτῶν
872 1600 929 1648 τὸ
977 1596 1217 1649 πλεῖστον
1255 1601 1410 1671 μέρος
1457 1597 1695 1668 ἠφάνισε,
1748 1600 1836 1647 καὶ

1955 1593 2056 1661 :lis,
2087 1609 2160 1650 ne
2190 1595 2325 1650 ﬁliae
2369 1596 2613 1668 quidem
2654 1613 2769 1652 mre
2818 1595 3164 1654 substantia
3212 1598 3521 1665 abstinuit,
3555 1604 3613 1656 et

250 1686 364 1741 οὔδε
407 1694 577 1740 τέκνου
615 1689 645 1744 ἡ
689 1686 872 1743 ἕλεεινὴ
924 1705 1023 1757 μου
1069 1688 1304 1760 θυγάτηρ
1357 1686 1591 1748 ἀξιοῦται
1638 1692 1796 1756 γονῆς
1822 1701 1833 1715 ο

1955 1684 2077 1753 ejus
2102 1685 2433 1741 maximam
2460 1686 2588 1757 jam
2618 1692 2847 1758 partem
2868 1687 3261 1759 disperdidit:
3290 1689 3393 1743 sed
3415 1704 3611 1761 neque

249 1776 382 1849 οἶμαι
412 1774 467 1829 is
522 1773 618 1828 διὰ
656 1779 715 1831 τὸ
760 1778 897 1826 κατὰ
943 1778 1113 1826 πάντα
1161 1774 1484 1846 ταλαίπωρον
1515 1779 1604 1825 καὶ
1639 1773 1835 1845 ἀπράγ-

1955 1772 2268 1836 liberorum
2296 1791 2366 1829 ex
2392 1791 2462 1831 eo
2493 1778 2903 1847 procreatione
2946 1776 3147 1832 infelix
3193 1776 3311 1833 ﬁlia
3353 1793 3485 1834 mea
3515 1778 3601 1833 di-

254 1887 369 1939 μονα
411 1864 557 1931 εἶναι,
623 1866 676 1916 ὃν
731 1872 900 1924 κακῶς
966 1862 1260 1937 ἐγνώρισεν.
1327 1863 1460 1915 Ἀλλ’
1526 1864 1568 1916 εἰ
1625 1862 1835 1928 κελεύει,

1955 1877 2069 1931 gna
2092 1863 2389 1919 invenitur
2420 1880 2433 1929 ;
2466 1864 2720 1936 ideoque
2751 1880 2855 1936 per
2880 1866 3085 1922 omnia
3137 1867 3422 1922 miserum
3470 1882 3611 1923 eum

260 1962 393 2028 φησι,
431 1959 484 2007 τὸ
528 1958 719 2027 κράτος
767 1972 881 2018 σου,
934 1956 1118 2025 μικρὸν
1164 1952 1441 2005 ἀνανεῦσαι
1489 1952 1542 2004 ἐκ
1593 1960 1689 2015 τῆς
1738 1972 1843 2005 τοι-

1955 1956 2129 2023 atque
2150 1950 2437 2023 ignavum
2460 1968 2695 2017 censeo,
2714 1969 2896 2025 quem
2917 1953 3117 2010 omine
3141 1954 3318 2026 plane
3348 1954 3613 2012 infausto

256 2049 402 2105 αὐτος
446 2046 707 2119 ῥᾳθυμίας
754 2046 813 2094 τὸ
865 2042 983 2115 ἐμὸν
1030 2051 1219 2117 γῆρας,
1272 2050 1453 2095 τοῦτον
1502 2039 1843 2113 ίκδημοσίοις

1955 2040 2244 2110 cognovit.
2284 2041 2397 2096 Sed
2426 2040 2475 2095 si
2507 2042 2784 2112 majestas
2816 2048 2919 2099 tua
2956 2048 3203 2109 annuat,
3235 2048 3298 2100 ut
3341 2050 3616 2101 senectus

258 2134 663 2205 ἀπασχολεῑσθαι
702 2134 983 2204 πράγμασι
1030 2130 1209 2205 πόρρω
1257 2151 1356 2184 που
1398 2131 1661 2190 κελεύσοις
1720 2150 1845 2182 στα-

1956 2146 2091 2187 mea
2120 2130 2199 2185 ab
2230 2130 2526 2200 ejusmodi
2557 2131 2872 2203 paululum
2922 2133 3173 2205 respiret
3221 2138 3277 2190 et
3325 2134 3616 2191 relevetur

255 2226 409 2287 λῆναι,
453 2228 611 2293 μήπω
664 2221 737 2281 εἰς
795 2220 932 2280 τέλος
972 2228 1076 2281 τοῖς
1125 2220 1237 2272 λίαν
1292 2220 1652 2292 ἐστερημένοις
1689 2239 1847 2271 κατα-

1955 2220 2185 2284 inertia,
2207 2220 2413 2291 procul
2439 2235 2578 2276 eum
2595 2220 2836 2290 jubebis
2864 2222 3198 2288 amandari,
3222 2223 3484 2296 publicis
3512 2224 3616 2280 ali-

265 2316 477 2387 ριθμήση
509 2330 612 2383 μου
639 2314 697 2362 τὸ
748 2312 1044 2380 θυγάτριον.
1098 2312 1253 2361 Πόθεν
1283 2312 1383 2382 γὰρ
1436 2305 1725 2380 διδαχθεὶς
1754 2312 1847 2365 τὴν

1958 2308 2096 2364 cubi
2125 2309 2376 2375 negotiis
2403 2314 2768 2379 vacaturum,
2800 2326 2874 2366 ne
2904 2311 3150 2367 demum
3181 2314 3421 2384 penitus
3473 2329 3614 2385 spo-

267 2402 645 2471 ἀπονινοημένην
722 2402 916 2456 ταύτην
978 2399 1230 2472 ἐμπορίαν
1308 2398 1403 2450 οῦκ
1498 2397 1787 2469 ἐπίσταμαι
1831 2414 1843 2427 ·

1959 2397 2115 2453 liatis
2167 2397 2350 2454 ﬁliola
2404 2414 2541 2454 mea
2596 2404 3040 2455 annumeretur.
3105 2402 3391 2474 Equidem
3456 2402 3615 2459 unde

260 2494 415 2564 ὥσπερ
480 2509 553 2549 τις
628 2484 847 2559 ἀνδριὰς
922 2487 1155 2558 χαλκοῦς
1222 2486 1465 2547 ἀκίνητος
1518 2491 1656 2558 μένει
1721 2489 1847 2560 πρὸς

1962 2487 2204 2542 edoctus
2234 2487 2308 2541 sit
2336 2487 2611 2543 insanam
2633 2488 2794 2544 illam
2824 2489 3059 2545 vivendi
3086 2506 3383 2554 normam,
3411 2492 3617 2547 intelli-

256 2584 408 2651 ἔφεσιν
455 2588 551 2630 τῶν
604 2586 848 2650 τερπνῶν,
922 2581 1010 2629 καὶ
1070 2581 1127 2627 τὸ
1184 2573 1252 2633 δή
1311 2576 1696 2648 χαλεπώτερον,
1757 2576 1843 2628 οἶα

1964 2590 2100 2645 gere
2149 2590 2403 2647 nequeo,
2452 2576 2556 2647 qui
2596 2576 2786 2632 instar
2828 2593 3009 2633 aenea;
3043 2582 3254 2634 statuas
3289 2578 3615 2635 immobilis

263 2668 524 2740 συμϐαίνει
583 2666 822 2725 πολλάκις
874 2672 980 2726 τοῖς
1032 2665 1338 2728 ἐξεπηκόσι
1389 2669 1474 2717 τὸν
1526 2673 1665 2729 νοῦν,
1724 2668 1847 2739 πρὸς

1963 2668 2271 2736 permanet
2297 2665 2373 2719 ad
2392 2664 2691 2720 desideria
2712 2667 3083 2736 voluptatum
3106 2684 3119 2733 ;
3139 2668 3414 2739 quodque
3435 2668 3613 2725 etiam

268 2760 293 2809 ὂ
338 2777 390 2807 τι
417 2757 474 2805 ἂν
526 2757 695 2825 αἰτηθῇ
746 2758 803 2807 τό
849 2755 1094 2827 ὑπάρχον
1154 2755 1294 2824 αῦτῷ
1337 2756 1514 2829 ῥᾷστα
1552 2759 1847 2826 παρασχὼν

1965 2753 2268 2808 molestius
2315 2752 2549 2813 accidit,
2582 2752 2741 2807 velut
2770 2755 3046 2809 usuvenit
3078 2770 3257 2826 saepe,
3310 2756 3609 2827 quidquid

282 2846 624 2916 ἀποστερεῖται
686 2846 930 2915 ὁσημέραι
995 2850 1087 2904 τῆς
1154 2846 1345 2905 οἰκείας
1422 2847 1684 2917 εὐπορίας,
1755 2844 1847 2913 μά-

1962 2839 2040 2895 ab
2057 2840 2236 2894 obvio
2252 2841 2464 2911 quovis
2478 2841 2648 2895 fuerit
2662 2841 2996 2912 postulatus
3012 2842 3292 2899 facillime
3317 2844 3609 2916 pra-hens,

284 2935 431 2985 λιστα
476 2940 569 2992 τοῖς
603 2928 793 3000 ψευδῶς
837 2920 1016 2983 πέθίαν
1052 2937 1540 3006 προσποιουμένοις.
1596 2928 1739 2988 ’Ὶιδη
1790 2928 1847 2983 δὲ

1962 2934 2027 2983 ut
2068 2934 2263 2983 mente
2311 2929 2467 3000 capti
2506 2929 2701 2985 facere
2736 2946 2894 3001 saepe
2927 2930 3137 2995 solent,
3184 2932 3305 2987 suis
3346 2932 3613 3005 quotidie

278 3030 359 3075 καὶ
404 3031 495 3073 τῶν
540 3024 757 3092 κεράμων
815 3021 975 3072 aria-on)
1028 3022 1121 3072 οὐκ
1168 3021 1451 3085 ἀνθέξεται,
1485 3022 1629 3094 εἰμὴ
1666 3024 1847 3074 θᾶττον

1961 3017 2225 3089 privatur
2249 3018 2491 3090 opibus,
2519 3020 2579 3074 in
2606 3034 2710 3075 eos
2747 3020 3007 3077 maxime
3027 3021 3310 3086 liberalis,
3341 3023 3441 3095 qui
3468 3038 3615 3095 pau-

270 3118 407 3183 πενίᾳ
457 3111 822 3184 περιστιχθεὶς,
888 3112 1059 3171 ἱκανὸς
1123 3115 1335 3181 γένηται
1401 3115 1529 3185 πρὸς
1601 3115 1694 3169 τὴν
1747 3118 1847 3162 τῶν

1962 3107 2187 3179 periem
2211 3107 2511 3164 simulant.
2536 3108 2805 3165 Profecto
2824 3125 2898 3165 ne
2928 3109 3270 3181 ﬁglinorum
3287 3112 3534 3185 quidem
3562 3112 3614 3168 ei

267 3204 450 3254 οἰκείων
474 3200 786 3273 πραγμάτων
810 3197 1153 3273 ἐπικράτειαν.

1957 3195 2129 3267 copia
2151 3203 2443 3268 suppetet,
2467 3198 2581 3253 nisi
2606 3198 2968 3270 quantocius
3001 3200 3079 3255 ab
3108 3216 3178 3256 ea
3206 3216 3329 3273 qua
3358 3202 3614 3273 cingitur

1955 3286 2155 3358 inOpia
2193 3285 2379 3342 factus
2424 3287 2793 3359 prudentior,
2828 3288 3083 3346 idoneus
3128 3290 3230 3348 ﬁat
3259 3293 3438 3348 rebus
3492 3293 3613 3348 suis

1957 3374 2300 3429 retinendis.

326 3463 383 3515 6'
425 3467 520 3514 Καὶ
587 3457 654 3518 δὴ
708 3462 893 3512 θᾶττον
936 3459 1205 3520 κληθέντος
1262 3467 1354 3511 τοῦ
1398 3464 1661 3534 μακαρίου
1717 3461 1846 3535 πρὸς

2028 3463 2115 3518 ΙΧ.
2161 3466 2312 3533 Ergo
2350 3464 2668 3519 accersitus
2723 3464 3004 3522 continuo
3063 3465 3142 3521 ad
3191 3466 3614 3539 imperatorem

258 3560 340 3601 τοῦ
400 3550 668 3621 βασιλέως,
730 3549 990 3602 στέλλεται
1044 3550 1167 3622 παρ’
1232 3549 1391 3602 αὐτοῦ
1460 3549 1543 3602 ἐπὶ
1585 3553 1649 3602 τὰ
1715 3555 1843 3623 μέρη

1957 3552 2185 3616 beatus,
2218 3552 2532 3621 ablegatur
2559 3552 2637 3607 ab
2669 3569 2738 3609 eo
2758 3553 2816 3607 iu
2842 3561 3037 3625 partes
3059 3555 3401 3627 Cyzicenas,
3427 3558 3617 3629 publi-

260 3642 479 3700 Κυζίκου
528 3646 649 3713 πρὸς
683 3636 955 3711 δημοσίων
994 3648 1141 3691 τινῶν
1174 3641 1490 3712 πραγμάτων
1532 3636 1799 3697 διοίκησιν
1831 3662 1843 3673 ·

1957 3658 2166 3697 corum
2194 3641 2602 3713 quorumdam
2629 3642 3003 3712 negotiorum
3036 3644 3228 3716 gratia
3262 3661 3275 3697 :
3310 3651 3433 3702 erat
3458 3646 3615 3703 enim

257 3726 313 3787 ἦν
353 3733 452 3799 γὰρ
499 3735 583 3781 καὶ
635 3729 916 3801 βασιλικοῦ
966 3727 1279 3801 ἀξιώματος,
1321 3729 1378 3780 οὐ
1438 3737 1536 3779 τῶν
1597 3727 1645 3780 ἐν
1694 3729 1843 3794 τέλει,

1960 3733 2134 3802 regiae
2173 3730 2479 3801 dignitatis
2518 3732 2577 3787 in
2619 3733 2778 3800 aula,
2821 3748 2941 3788 non
2991 3738 3191 3789 tamen
3240 3751 3473 3802 eorum,
3516 3739 3618 3809 qui

258 3817 361 3869 ἀλλ’
410 3821 669 3889 ὑπηρέτης
722 3826 822 3869 τῶν
885 3816 1175 3890 βασιλικῶν
1218 3822 1615 3889 κεκοσμημένων
1658 3819 1845 3886 ἳππων,

1961 3820 2289 3892 principem
2304 3820 2500 3876 locum
2520 3822 2683 3891 apud
2696 3837 2833 3876 eum
2849 3822 3216 3887 obtinebant,
3234 3824 3337 3878 sed
3356 3824 3622 3881 minister

260 3908 342 3967 οῦς
389 3905 455 3965 δή
521 3911 814 3979 στράτωρας
867 3906 1037 3959 καλεῖν
1089 3908 1117 3965 ἡ
1175 3907 1316 3969 τάξις
1365 3908 1610 3961 εἰθισται.
1652 3910 1847 3959 Τούτου

1960 3924 2250 3982 equorum
2265 3909 2564 3979 regiorum
2578 3909 3007 3979 elegantiorum
3028 3911 3129 3981 (3')
3153 3911 3304 3967 inter
3328 3928 3449 3981 eos,
3469 3929 3620 3984 quos

266 3994 325 4049 δὲ
393 4004 481 4048 τοῦ
530 4000 924 4069 προστάγματος
988 4004 1059 4065 τῷ
1139 4000 1378 4068 μακαρίῳ
1433 3992 1693 4063 δοθέντος,
1761 4001 1847 4048 καὶ

1962 4003 2241 4055 stratores
2285 3998 2364 4070 (4)
2405 3998 2716 4054 consuevit
2749 3998 2898 4054 ordo
2942 4000 3021 4069 (5)
3069 3999 3401 4055 nominare.
3449 4002 3621 4067 Quod

254 4092 422 4159 χαρᾶς
462 4085 600 4155 αὐτῷ
630 4087 689 4137 οῦ
739 4094 836 4147 τῆς
884 4088 1157 4156 τυχούσης
1190 4087 1588 4158 περιχυθείσης,
1640 4088 1708 4147 ὡς
1752 4084 1847 4137 ἐτέ-

1964 4104 2100 4142 cum
2144 4087 2236 4143 ille
2292 4086 2646 4143 mandatum
2696 4088 3045 4159 accepisset,
3075 4088 3396 4162 laetitiaque
3443 4106 3516 4147 ex
3550 4106 3621 4148 eo

252 4195 344 4249 ρας
385 4174 617 4248 ἀφορμῆς
668 4175 809 4245 αῦτῴ
849 4183 939 4235 τῆς
979 4173 1032 4226 ἐκ
1089 4182 1179 4227 τοῦ
1220 4179 1419 4246 κόσμου
1466 4173 1847 4247 ἀναχωρήσεως

1964 4182 2115 4232 esset
2159 4191 2281 4231 non
2307 4176 2529 4247 vulgari
2562 4178 2858 4249 perfusus,
2891 4181 3183 4249 tanquam
3216 4178 3311 4234 cui
3341 4194 3501 4237 nova
3525 4180 3620 4236 di-

255 4266 415 4317 θεοθεν
472 4265 931 4336 οἰκονομηθείσης,
979 4266 1045 4315 τὰ
1086 4266 1210 4337 πρὸς
1264 4269 1358 4321 τὴν
1411 4260 1532 4315 ὁδὸν
1589 4268 1847 4336 συντόμως

1968 4265 2180 4320 vinitus
2194 4265 2503 4321 offerretur
2524 4266 2764 4322 occasio
2780 4266 2988 4322 mundi
3008 4267 3244 4339 penitus
3265 4267 3615 4326 deserendi:

252 4354 563 4427 ηὐτρέπιστο
609 4350 887 4412 ἐπιτήδεια
928 4371 940 4382 ·
982 4358 1070 4405 καὶ
1100 4358 1357 4427 πρόφασιν
1406 4352 1660 4425 μαλακίας
1695 4372 1847 4427 προσ-

1966 4354 2259 4426 quidquid
2288 4357 2365 4409 ad
2381 4355 2485 4409 iter
2506 4354 2913 4410 necessarium
2935 4360 3257 4428 eratquam
3270 4355 3620 4414 brevissime

250 4446 616 4516 ποιησάμενος,
706 4447 821 4503 τοῦς
904 4446 994 4515 μὲν
1060 4442 1197 4513 αὐτῷ
1278 4443 1692 4514 ὑπηρετήσοντας
1765 4438 1847 4493 διὰ

1967 4443 2303 4515 apparavit,
2321 4442 2719 4515 simulatoque
2739 4443 3101 4499 inﬁrmitatis
3122 4450 3410 4516 praetextu
3430 4446 3621 4503 famu-

248 4542 327 4585 τοῦ
380 4532 592 4609 δρόμου
644 4536 945 4604 πεπομφὼς,
996 4532 1153 4593 αὐτὸς
1210 4530 1257 4582 ἐν
1309 4528 1640 4603 ταχυδρομῳ
1696 4531 1847 4602 πλοίῳ

1966 4532 2056 4588 los
2086 4548 2298 4587 omnes
2331 4548 2471 4587 suos
2519 4548 2624 4603 per
2674 4548 2915 4587 cursum
2967 4534 3275 4604 praemisit,
3304 4535 3426 4605 ipse
3478 4552 3620 4593 vero

250 4623 430 4689 ἐπιϐῇ,
490 4620 885 4694 καταλαμϐάνει
923 4624 983 4674 τὸ
1032 4628 1123 4674 τοῦ
1161 4620 1386 4693 μεγάλου
1445 4629 1680 4693 ποταμοῦ
1738 4626 1847 4673 στό-

1968 4622 2229 4677 celocem
2261 4622 2690 4691 conscendens,
2718 4622 2795 4677 ad
2826 4621 3031 4692 Magni
3063 4622 3141 4694 (6)
3171 4622 3436 4679 ﬂuminis
3487 4641 3618 4697 per-

309 4749 397 4820 (3’)
460 4752 695 4805 Eorum
749 4747 1006 4820 scilicet,
1041 4763 1197 4819 quos
1254 4750 1504 4820 O’Upﬂn‘);
1540 4746 1847 4820 βασιλικοῦς

1962 4747 2296 4820 Cedrenum
2329 4748 2499 4811 Goar,
2534 4745 2865 4820 nominatis
2891 4762 3045 4820 quos
3071 4748 3334 4819 sequitur
3369 4751 3619 4805 auctori-

250 4818 424 4882 ams;
446 4841 476 4871 «
509 4835 710 4892 equos
733 4819 926 4892 regios
940 4819 1014 4874 ad
1030 4818 1258 4892 manum
1274 4818 1581 4892 ducendOS
1603 4840 1630 4871 ι)
1651 4819 1853 4890 appel-
1963 4819 2097 4882 bus,
2126 4819 2432 4888 explicans
2458 4818 2604 4889 quid
2641 4818 3178 4892 muneris'haberet
3202 4826 3613 4886 protostrator,

248 4892 317 4947 lat
332 4889 605 4949 Codinus
628 4891 984 4960 Curopalata
1001 4891 1186 4954 c.5,n.
1216 4891 1360 4959 ll,in
1388 4906 1647 4962 quorum
1665 4889 1852 4945 unum
1960 4906 2132 4962 quem
2162 4897 2475 4945 stratorem
2507 4894 2561 4943 et
2590 4889 2856 4945 comitem
2890 4895 2955 4962 et
2988 4890 3367 4962 domesticum
3414 4894 3617 4950 vocari

249 4966 827 5036 cumimperatorem
851 4960 1466 5036 stratores__levassent,
1493 4962 1853 5036 sequebatur
1963 4960 2419 5036 nonnunquam,
2451 4965 2507 5015 et
2532 4962 2807 5036 senatorii
2829 4960 3056 5036 ordinis
3081 4962 3305 5026 haberi,
3336 4967 3391 5036 et
3413 4962 3615 5020 decre-

252 5032 573 5092 vacuorum
600 5049 894 5105 equorum
917 5033 1272 5101 magniﬁcus
1291 5032 1605 5088 comitatus
1631 5049 1643 5087 :
1678 5034 1850 5102 cujus
1962 5039 2157 5105 scente
2190 5032 2458 5105 imperio,
2491 5033 2675 5086 aciem
2708 5048 2864 5105 saepe
2892 5032 3131 5105 duxisse
3153 5033 3429 5089 ostendit.

252 5103 1146 5174 instituendioriginemCodinus
1165 5105 1241 5161 ad
1263 5105 1853 5175 imperatoremTheo-
2031 5104 2109 5175 (5)
2142 5103 2499 5175 Ofﬁciorumr
2528 5119 2606 5175 ac,
2645 5103 3113 5160 ministeriorum
3161 5104 3457 5160 curialum
3501 5120 3616 5161 no-

252 5178 467 5248 philum
487 5178 699 5237 refert,
718 5177 977 5248 quicum
1000 5175 1325 5247 aliquando
1342 5174 1585 5247 equum.
1608 5176 1699 5230 cui
1714 5176 1851 5248 insi-
1962 5174 2802 5248 menelaturaacdistributio.

248 5244 432 5317 debat,
461 5244 757 5305 cessisset
787 5246 1038 5311 mulieri,
1072 5244 1201 5302 e'um
1231 5254 1290 5303 ut
1322 5248 1377 5303 vi
1398 5244 1639 5317 raptum
1665 5246 1853 5302 vindi-
2032 5247 2109 5316 (6)
2144 5246 2378 5302 Fluvius
2416 5245 2512 5300 hic
2548 5245 2909 5317 Olympenos
2944 5244 3162 5317 dividit
3204 5261 3240 5301 a
3281 5245 3566 5315 Sigrianis
3598 5266 3612 5305 :

248 5316 634 5397 canti,’eoque
652 5326 894 5397 coactus
908 5323 1063 5397 esset
1084 5320 1275 5389 primo
1292 5316 1538 5397 obvium
1563 5334 1849 5397 c‘onscen-
1962 5318 2272 5397 Etolemaso
2289 5325 2344 5372 et
2374 5316 2685 5397 Plutarcho
2704 5316 2919 5397 (inquit
2939 5316 2997 5397 i_n
3024 5317 3319 5397 Thesauro
3340 5318 3615 5397 Ortelius)

248 5391 388 5455 dere.
416 5388 805 5449 constituerit
828 5396 889 5446 ut
908 5390 967 5445 in
990 5388 1235 5445 omnem
1260 5394 1537 5446 eventum
1566 5390 1849 5461 deinceps
1963 5389 2317 5461 Rhyndacus
2364 5389 2741 5461 nominatur._
2759 5388 2902 5443 olim
2952 5390 3139 5460 Lycus
3178 5389 3388 5454 dictus,
3433 5390 3616 5461 Plinio

250 5472 631 5535 sequerentur
660 5462 797 5535 equi
824 5461 1161 5518 sessoribus
1192 5462 1381 5517 vacui.
1469 5531 1483 5535 _
1782 5458 1797 5461 ⁷
1962 5458 2218 5535 t_es_te,__at
2242 5460 2549 5515 recentiori
2582 5458 2853 5535 nomine.
2876 5464 2937 5514 ut
2984 5458 3072 5515 est
3120 5460 3281 5531 apud
3324 5460 3613 5533 Apollonii

327 5531 381 5608 ι)
400 5558 429 5588 σι
460 5531 811 5608 Stratorum
831 5550 1051 5589 munus
1077 5539 1202 5608 erat
1217 5548 1438 5608 equum
1460 5531 1628 5588 freno
1653 5538 1850 5608 tenere
1961 5531 2349 5596 Scholiasten,
2380 5536 2655 5603 Μέγιστος,
2683 5531 2999 5589 Maximus.

254 5612 296 5661 et
318 5603 760 5665 conscendenti
800 5604 1143 5679 imperatori
1172 5603 1351 5678 opem
1383 5603 1533 5660 ferre
1565 5622 1577 5663 :
1612 5624 1640 5655 »
1678 5604 1756 5661 ita
1786 5603 1847 5660 in
