4078 6222
415 320 486 378 19
1781 324 2051 383 MENSIS
2090 325 2426 386 manus.
3714 349 3785 407 20

415 443 575 499 venit
600 442 821 499 ostium
850 460 863 499 :
900 459 969 499 ac
998 444 1259 518 denique
1289 446 1339 502 ei
1367 463 1499 520 qua}
1528 448 1654 505 istic
1700 454 1788 506 est
1834 451 2039 520 region

2175 473 2291 525 μιον
2334 474 2347 488 ⁸
2377 460 2466 545 καὶ
2518 456 2739 516 πλησίον
2769 459 2947 513 λοιπὸν
2976 470 3074 526 τῆς
3121 460 3308 517 ἐκεῖθεν
3356 484 3619 539 γενομενος
3658 481 3780 545 γῆς,

414 532 924 606 appropinquans,
971 535 1285 606 tranquillo
1330 552 1511 593 cursu
1555 538 1665 593 iter
1715 539 2068 596 conﬁciebat

412 639 611 685 suum,
642 621 882 693 quando
922 622 1185 678 lustrans
1234 631 1529 698 praerupta
1562 628 1712 697 ejus,
1745 627 1841 699 qui
1879 629 1938 683 in
1984 630 2064 685 Si-

411 714 582 785 grina
595 716 704 776 est,
723 710 942 766 montis
956 711 1168 782 littora,
1185 713 1385 769 divina
1404 716 1671 787 quadam
1686 717 2064 788 providentia

408 800 690 875 profundi
729 800 1047 871 cujusdam
1091 803 1403 875 praecipitii
1441 803 1639 861 lucum
1690 807 1930 872 invenit,
1962 806 2064 862 sil-

407 894 664 945 vestrem
692 888 871 961 plane
902 905 971 945 ac
1001 906 1397 948 cavernosum
1430 910 1443 960 ;
1469 895 1734 967 adquem
1759 911 1789 950 e
1827 896 2061 967 navigio

410 978 800 1045 descendens,
836 983 1015 1051 atque
1046 982 1428 1038 exscensione
1466 983 1645 1053 facta,
1678 984 1842 1040 solus
1886 986 2061 1041 taedio

407 1068 629 1125 itineris
664 1068 1010 1140 compulsus
1043 1070 1205 1135 abiit,
1239 1072 1463 1127 caeteris
1491 1073 1546 1127 in
1578 1074 1711 1130 navi
1758 1073 2061 1147 imperans

402 1173 532 1213 sese
565 1162 627 1213 ut
656 1156 879 1212 ibidem
902 1158 1087 1229 quieti
1119 1166 1550 1231 exspectarent.

473 1250 531 1303 Χ.
562 1249 1016 1315 Recognoscens
1043 1263 1176 1303 vero
1200 1248 1510 1318 diligenter
1532 1250 1752 1316 locum,
1776 1255 1954 1324 atque
1977 1252 2055 1307 ad

403 1336 860 1394 exercitationes
884 1336 1125 1406 spiritus
1147 1337 1537 1408 peridoneum
1566 1339 1883 1412 utilemque
1901 1341 2036 1396 inve

396 1426 559 1483 nisse
617 1426 877 1493 gavisus,
915 1424 975 1480 in
1025 1433 1257 1497 partem
1312 1443 1437 1482 sese
1488 1433 1766 1484 oraturus
1813 1430 2054 1501 recepit,

397 1516 584 1571 Deum
620 1514 969 1587 deprecans,
1006 1519 1089 1579 ut,
1116 1518 1279 1587 quod
1310 1517 1633 1588 expediens
1673 1522 1827 1575 esset
1850 1518 1910 1574 id
1949 1519 2057 1576 sibi

395 1604 705 1661 revelaret.
740 1603 1031 1659 Diuturna
1060 1609 1261 1660 autem
1291 1605 1612 1662 multarum
1637 1607 1919 1664 horarum
1959 1624 2054 1679 ge-

396 1693 737 1750 nuﬂexione
758 1692 1037 1748 deﬁciens
1056 1709 1193 1749 cum
1223 1694 1537 1766 paululum
1556 1696 2054 1761 resedisset,velut

2173 542 2569 620 γαληνοδρομίᾳ
2629 553 2723 607 τὴν
2785 556 2995 623 πορείαν
3064 552 3311 622 ἐποιεῖτο,
3371 564 3780 632 καταμανθάνων

2172 637 2235 687 τὰ
2285 634 2597 725 κρημνώδεα
2670 646 2762 691 τοῦ
2833 649 2916 700 τῆς
2978 649 3256 715 Σιγριανῆς
3322 644 3474 719 ὄρους
3530 653 3777 725 παράλια.

2176 727 2318 777 Κατὰ
2375 722 2461 776 οὖν
2528 728 2666 779 θείαν
2718 730 2833 781 τινά
2898 735 3143 803 πρόνοιαν
3210 722 3613 809 καταλαμϐάνειν
3668 746 3785 795 τινὰ

2174 812 2543 887 βαθύκρημνον
2586 816 2812 889 λόχμην,
2864 818 3079 879 ἀλσώδη
3112 841 3166 874 τε
3204 829 3294 877 καὶ
3339 823 3581 899 ἀντρώδη
3618 847 3631 860 ·
3690 838 3782 886 καὶ

2173 901 2366 963 ἀποϐὰς
2400 906 2449 956 ἐν
2493 905 2632 977 αύτῷ
2663 906 2764 959 ἀπὸ
2808 916 2899 960 τοῦ
2938 909 3143 977 πλοίου,
3197 917 3350 984 μόνος
3378 923 3438 988 τῇ
3483 913 3779 995 δυσχέρείᾳ

2173 990 2514 1065 βεϐιασμένος
2590 994 2795 1063 ἀνῆλθε,
2873 1005 2977 1060 τοῖς
3050 1000 3225 1065 ἄλλοις
3281 1005 3563 1079 ἐπιτρέψας
3594 990 3672 1061 divi
3704 990 3777 1083 τῷ

2170 1080 2332 1153 πλοίῳ
2358 1084 2388 1141 ἡ
2400 1092 2542 1155 συχῆ
2566 1087 2751 1156 μένειν.

2245 1243 2302 1296 I'.
2353 1247 2626 1317 Διαμαθὼν
2683 1243 2743 1300 δε
2798 1251 2884 1300 τὸν
2940 1254 3095 1304 τόπον
3147 1250 3386 1328 ἀκριϐῶς,
3443 1261 3532 1311 καὶ
3592 1258 3775 1322 ἡσθεὶς

2170 1330 2460 1391 ἐπιτήδειον
2514 1332 2641 1387 εἶναι
2692 1340 2821 1409 πρὸς
2874 1338 3117 1411 ψυχικὴν
3183 1343 3445 1415 ὠφέλειαν,
3497 1346 3771 1420 εὐξάμενος

2169 1418 2229 1475 δὲ
2275 1424 2390 1476 κατ’
2424 1421 2585 1491 ἰδίαν,
2637 1430 2724 1478 καὶ
2774 1431 2859 1479 τὸν
2913 1434 3041 1482 Θεὸν
3089 1435 3145 1483 τὸ
3195 1438 3455 1507 συμφέρον
3502 1439 3774 1503 ἱκετεύσας

2166 1511 2520 1584 ἀποκαλύψαι,
2570 1521 2843 1587 κεκμηκώς
2887 1514 2947 1571 δὲ
2976 1516 3030 1570 ἐκ
3079 1528 3175 1583 τῆς
3222 1520 3306 1575 ἐπὶ
3336 1522 3587 1588 πλείστας
3629 1530 3767 1602 ὧρας

2163 1607 2438 1675 γενομένης
2489 1604 2575 1655 ὑπ’
2623 1604 2781 1657 αὑτοῦ
2832 1608 3188 1678 γονυκλισίας,
3238 1616 3327 1664 καὶ
3378 1618 3565 1687 μικρὸν
3617 1620 3768 1672 καθε-

2167 1692 2327 1781 σθεὶς,
2386 1692 2455 1781 ὡς
2506 1691 2553 1744 ἐν
2604 1692 2849 1747 ἐκστάσει
2927 1701 3125 1768 γέγονε,
3179 1704 3271 1752 καὶ
3334 1702 3431 1776 ὁρᾲ
3474 1713 3768 1781 γρηγοροῦ-

395 1783 455 1839 in
470 1782 689 1838 exstasi
704 1781 889 1837 factus
904 1787 989 1838 est
1001 1782 1164 1853 prius
1179 1784 1482 1857 oculisque
1497 1786 1870 1855 vigilantibus
1885 1787 2046 1854 vidit,

2166 1798 2246 1831 σιν
2296 1779 2580 1853 ὀφθαλμοῖς
2621 1786 2706 1835 τὸν
2755 1789 3076 1859 προφανέντα
3123 1787 3263 1858 αύτῷ
3312 1792 3362 1841 ἓν
3408 1799 3469 1863 τῇ
3525 1792 3767 1848 παστάδι

398 1887 557 1936 eum,
623 1872 725 1943 qui
793 1886 853 1925 in
916 1870 1179 1927 thalamo
1237 1872 1349 1927 sibi
1414 1880 1795 1946 apparuerat,
1858 1875 2053 1947 splen-

397 1960 787 2018 didissimum
818 1960 1012 2015 virum
1048 1976 1061 2026 ;
1093 1962 1191 2032 qui
1216 1978 1431 2017 manus
1471 1969 1718 2019 extentas
1743 1964 1931 2034 digito
1970 1965 2052 2022 lo-

395 2066 533 2108 cum
565 2049 889 2121 designans
917 2065 929 2105 :
963 2052 1120 2105 Tuus
1142 2051 1407 2123 quidem,
1436 2052 1647 2125 inquit,
1682 2068 1868 2120 socer,
1894 2055 2050 2126 ejus-

394 2139 654 2211 demque
682 2155 817 2194 cum
851 2154 921 2194 eo
955 2139 1172 2195 mentis
1213 2140 1538 2212 imperator
1581 2143 1731 2198 intra
1768 2144 2048 2213 exiguum

394 2232 631 2300 tempus
662 2244 733 2284 ex
761 2227 877 2284 hac
906 2228 1023 2284 vita
1070 2228 1377 2286 discedent
1406 2247 1418 2285 :
1455 2236 1595 2287 tunc
1628 2236 1827 2287 autem
1868 2233 2049 2289 bonis

394 2318 532 2383 tuis,
562 2317 799 2373 nemine
830 2332 892 2372 se
924 2324 1284 2389 opponente,
1321 2320 1378 2374 in
1408 2336 1701 2392 pauperes
1726 2321 1907 2377 libere
1933 2323 2050 2377 dis-

396 2406 656 2472 tributis,
692 2408 807 2461 huc
853 2406 1175 2462 adveniens
1217 2415 1524 2480 acceptam
1570 2410 1691 2464 Deo
1736 2410 1914 2466 vitam
1964 2411 2047 2466 in-

394 2494 623 2550 stitues.
656 2497 771 2549 Hac
803 2493 981 2564 igitur
1005 2495 1376 2567 apparitione
1402 2496 1651 2553 edoctus
1679 2497 1886 2553 beatus
1913 2515 2048 2571 qua

396 2585 473 2641 ad
490 2600 658 2639 suam
672 2583 1091 2639 conducebant
1110 2585 1625 2658 utilitatem,atque
1640 2587 1718 2642 ad
1733 2588 2049 2659 Cyzicenas

394 2678 593 2747 partes
626 2672 801 2744 paulo
833 2678 966 2745 post
1008 2674 1316 2745 appulsus,
1350 2675 1621 2745 injuncto
1667 2676 1777 2732 sibi
1809 2678 2048 2747 negotio

393 2778 579 2835 quam
606 2761 888 2818 citissime
906 2762 1199 2827 confecto,
1225 2769 1449 2819 rectum
1479 2766 2046 2839 Constantinopolim

395 2867 639 2908 cursum
668 2851 852 2907 tenuit
882 2867 895 2905 :
927 2852 1381 2923 etquaesitorum
1414 2869 1448 2909 a
1473 2869 1535 2909 se
1566 2867 1897 2925 congruam
1926 2845 2050 2911 red-

394 2940 545 2997 dens
572 2940 918 3012 imperatori
944 2940 1258 3006 rationem,
1288 2941 1478 2997 altiori
1510 2942 1690 2999 etiam
1733 2945 1923 3012 gradu
1963 2948 2050 2999 est

394 3030 473 3086 ab
495 3045 565 3084 eo
587 3029 936 3098 honoratus,
966 3034 1143 3101 atque
1164 3029 1314 3085 inter
1338 3030 1671 3102 spatharios
1707 3032 1783 3104 (‘7)
1805 3032 2048 3088 allectus

2162 1867 2413 1941 φωτοειδῆ
2457 1868 2648 1944 ἄνδρα,
2693 1877 2787 1931 τὴν
2828 1882 2989 1949 χεῖρα
3038 1875 3373 1950 ἐκτεταμένην
3415 1883 3624 1953 ἔχοντα,
3678 1890 3769 1939 καὶ

2159 1965 2231 2027 τῷ
2263 1955 2502 2031 δακτύλῳ
2542 1965 2627 2014 τόν
2674 1967 2827 2016 τόπον
2875 1963 3254 2021 ὑποδεικνύντα
3303 1973 3391 2022 καὶ
3442 1974 3569 2046 πρὸς
3609 1973 3765 2027 αὑτὸν

2158 2045 2370 2119 λέγοντα
2400 2066 2411 2079 ’
2461 2048 2520 2101 Ὁ
2550 2054 2639 2123 μὲν
2674 2054 2766 2113 σὸς
2812 2050 3098 2120 κηδεστὴς,
3151 2055 3278 2109 ἀλλά
3320 2063 3410 2112 καὶ
3440 2045 3488 2111 όν
3521 2064 3766 2134 σύμφρων

2159 2136 2318 2191 αὑτοῦ
2371 2136 2642 2211 βασιλεὺς,
2694 2141 2743 2195 έν
2793 2143 2992 2215 ὀλίγαις
3046 2147 3262 2218 ἡμέραις
3310 2156 3409 2199 τῶν
3438 2146 3569 2221 τῇδε
3598 2150 3765 2204 τελευ-

2159 2232 2402 2289 τήσαντες
2464 2228 2833 2303 ἀναχωροῦσιν
2890 2254 2902 2266 ·
2956 2238 3046 2287 καὶ
3098 2234 3278 2287 λοιπόν
3334 2236 3609 2312 παρῥησίᾳ
3656 2248 3765 2304 τοῖς

2160 2320 2470 2387 πενομένοις,
2528 2328 2626 2370 τῶν
2669 2322 3013 2395 ὑπαρχόντων
3064 2342 3147 2376 σοι
3198 2328 3291 2383 τὴν
3342 2322 3597 2399 διανομὴν
3649 2348 3765 2381 ποι-

2158 2408 2430 2478 ησάμενος,
2501 2406 2721 2462 ἐνταῦθα
2802 2415 3242 2485 παραγεινάμενος
3306 2422 3421 2484 Θεῷ
3488 2417 3763 2491 εὐαρεστή-

2160 2513 2286 2557 σεις.
2334 2504 2436 2549 Τοῦ
2466 2494 2554 2550 οὖν
2606 2505 2867 2572 μακαρίου
2918 2497 3011 2553 διὰ
3049 2510 3139 2562 τῆς
3182 2506 3457 2575 ἐμφανείας
3505 2508 3569 2558 τά
3621 2506 3763 2578 αὑτῷ

2160 2588 2486 2637 συντείνοντα
2536 2591 2666 2658 πρὸς
2716 2588 2957 2660 ὠφελειαν
3014 2594 3294 2655 συνιέντος,
3363 2596 3452 2645 καὶ
3505 2596 3572 2645 τά
3627 2600 3758 2668 μέρη

2161 2675 2391 2734 Κυζίκου
2430 2675 2828 2745 καταλαϐόντος,
2886 2680 2952 2739 ὡς
3001 2681 3240 2751 τάχιστα
3278 2676 3338 2734 δε
3384 2684 3442 2734 τό
3495 2682 3636 2753 αὑτῷ
3682 2703 3761 2738 κε·

2156 2763 2367 2816 λευσθὲν
2441 2770 2849 2838 περατώσαντος,
2916 2770 3089 2821 εὐθεῖά
3163 2788 3238 2830 τις
3320 2775 3649 2843 συνήργησεν
3714 2772 3762 2824 ἐν

2162 2854 2700 2908 Κωνσταντινουπόλει
2760 2853 3133 2930 παλινδρομία.
3202 2863 3301 2911 Καὶ
3355 2855 3419 2917 δὴ
3474 2866 3764 2933 πρεπόντως

2158 2942 2636 3015 ἀπολογησάμενος,
2692 2953 2764 3015 τῷ
2810 2944 3021 3017 βασιλεί
3064 2952 3181 3021 περὶ
3230 2955 3331 2999 τῶν
3381 2948 3521 3019 αύτῷ
3570 2949 3764 3023 ἐρωτω-

2158 3035 2335 3102 μένων,
2398 3031 2701 3105 ὑψηλοτέρῳ
2769 3030 2828 3086 δε
2876 3033 3069 3106 βαθμῷ
3123 3038 3241 3095 ἤτοι
3301 3044 3400 3087 τῶν
3458 3040 3760 3112 σπαθαρίων

396 3117 624 3173 ibidem
643 3117 860 3173 deinde
879 3117 1042 3183 vixit,
1063 3133 1200 3174 eum
1222 3134 1446 3190 sponsa
1458 3120 1814 3192 praestolans
1826 3120 2045 3177 exitum

2160 3128 2229 3190 τῷ
2264 3120 2536 3191 καταλόγῳ
2590 3121 2688 3173 ὑπὸ
2725 3129 2821 3173 τοῦ
2873 3121 3135 3194 βασιλέως
3178 3124 3437 3197 τιμηθείς,
3487 3123 3643 3196 διῆγε
3673 3130 3759 3179 τὸν

395 3206 665 3271 visionis,
698 3222 881 3281 quem
913 3210 968 3263 et
995 3206 1383 3265 subsecutum
1411 3209 1574 3265 vidit.

2155 3209 2330 3261 λοιπὸν
2370 3210 2602 3283 (χρόνον)
2656 3214 2954 3282 προσμένων
3001 3213 3065 3264 τά
3111 3219 3202 3273 τῆς
3248 3212 3508 3275 ὀπτασίας
3563 3214 3629 3276 εἰς
3675 3219 3762 3269 πί.

2155 3318 2252 3373 ρας
2282 3298 2597 3366 ἐληλακέναι,
2624 3300 2650 3353 ὅ
2670 3304 2759 3353 καὶ
2786 3304 2960 3373 γέγονε

1900 3432 2123 3492 CAPUT
2147 3432 2216 3489 Il.

1072 3619 1445 3690 Theophanis
1476 3620 1863 3678 monachatus
1893 3624 1947 3677 et
1977 3636 2085 3691 pro
2119 3619 2449 3691 imaginum
2481 3620 2649 3676 cultu
2680 3622 3027 3680 certamina.

464 3754 547 3811 XI.
580 3754 781 3825 Neque
813 3753 970 3809 enim
1003 3753 1257 3809 multum
1290 3753 1516 3810 efﬂuxit
1560 3754 1865 3827 temporis,
1896 3753 2044 3827 quin

392 3844 571 3899 ﬁnem
601 3851 849 3915 uterque
882 3841 1116 3898 vivendi
1148 3842 1396 3909 faciens,
1430 3842 1670 3915 plenam
1702 3843 1846 3916 ipsis
1871 3843 2046 3899 relin-

392 3936 599 4005 queret
628 3930 981 3998 libertatem,
1011 3931 1131 3986 suis
1165 3946 1273 4002 pro
1303 3931 1547 3989 arbitrio
1584 3932 1763 3988 rebus
1796 3932 1994 3988 utendi
2027 3949 2040 3998 ;

392 4037 545 4093 quas
585 4021 869 4077 continuo
903 4020 1053 4075 inter
1100 4035 1393 4092 pauperes
1428 4020 1776 4088 diviserunt,
1804 4021 2040 4077 famulis

392 4109 575 4166 etiam
604 4109 946 4164 domesticis
969 4108 1240 4164 libertate
1270 4109 1508 4166 donatis
1540 4128 1552 4168 :
1586 4110 1698 4181 ipsi
1734 4126 1871 4165 vero
1900 4125 2042 4181 pan-

391 4214 542 4255 noso
568 4198 754 4254 induti
783 4197 985 4253 habitu
1011 4198 1120 4253 sibi
1156 4200 1413 4254 invicem
1454 4198 1829 4265 valedixere;
1864 4199 2040 4255 beato

391 4288 516 4345 viro
540 4287 846 4343 mulierem
870 4287 1035 4359 piam
1052 4288 1447 4343 conﬁrmante
1484 4288 1723 4343 monitis
1769 4288 2041 4343 salutari-

390 4377 525 4444 bus,
562 4376 626 4432 ui
672 4375 876 4432 divina
925 4375 1265 4433 observaret
1312 4376 1617 4444 mandata,
1672 4376 2039 4449 spiritualem

392 4482 532 4539 erga
554 4465 897 4539 proximum
930 4470 1219 4521 exerceret
1247 4466 1617 4535 charitatem,
1641 4466 1894 4522 orationi
1927 4467 2038 4522 sin-
2070 4478 2112 4530 ι)

390 4572 539 4612 cerae
590 4559 771 4627 atque
816 4553 1259 4626 imperturbatus
1327 4560 1563 4611 vacaret
1618 4570 1727 4627 pro
1795 4554 2037 4621 viribus,

390 4646 573 4703 vitam
601 4643 1203 4716 irreprebensibilem,
1229 4660 1655 4716 summamque
1678 4648 1901 4701 teneret
1929 4645 2043 4701 hu-

389 4734 715 4798 militatem,
761 4733 935 4807 eique
990 4732 1050 4789 in
1104 4748 1346 4789 recessu
1393 4733 1661 4792 dicente:
1718 4753 1746 4785 «
1789 4734 2041 4791 Salvans

390 4823 560 4880 salva
586 4823 855 4879 animam
913 4828 1097 4878 tuam.
1131 4842 1159 4874 »
1193 4823 1277 4879 lta
1332 4821 1413 4878 illi
1459 4823 1735 4878 convictu
1784 4827 1917 4878 sunt
1964 4824 2041 4879 ab

389 4913 639 4969 invicem
690 4912 990 4983 separati:
1034 4911 1275 4983 qualem
1320 4916 1520 4967 autem
1572 4913 1758 4968 vitam
1807 4912 2042 4969 duxerit

387 5000 763 5075 pientissima
808 5000 902 5056 illa
959 5001 1170 5057 mulier
1214 5006 1435 5057 norunt
1482 5017 1713 5068 omnes,
1746 5007 2042 5074 quotquot

458 5127 537 5198 (7)
575 5127 661 5182 Ita
690 5125 831 5198 dicti
866 5142 901 5182 a
941 5124 1186 5198 spathis,
1221 5124 1277 5181 id
1328 5130 1415 5181 est
1462 5126 1773 5181 latioribus
1806 5125 2035 5195 gladiis,

390 5197 547 5279 quos
574 5197 1276 5279 gestabautnimperatori
1299 5199 1373 5253 ad
1399 5198 1740 5279 custodiam
1773 5199 2038 5279 corporis

386 5268 793 5351 circumpositi
831 5268 1113 5351 nobiles:
1141 5284 1409 5351 quorum
1429 5268 2039 5351 prefectinproto‘spa-

388 5339 559 5396 tharii
605 5339 993 5396 nominantur
1046 5345 1101 5395 et
1144 5339 1340 5411 plures
1384 5339 1566 5396 fuisse
1614 5339 1837 5411 colligit
1884 5339 2037 5397 Goar

386 5426 461 5485 ex,
492 5411 782 5467 Eustratio
816 5411 875 5467 in
901 5414 1049 5467 Jure
1078 5412 1417 5468 Graecorum
1456 5417 1674 5485 quator
1707 5412 1886 5467 simul
1930 5429 2033 5468 no-

387 5484 649 5541 minante
687 5505 697 5537 :
737 5499 814 5565 ex
861 5499 983 5564 quo
1028 5488 1225 5565 tamen
1264 5500 1385 5565 non
1421 5484 1579 5565 puto
1608 5489 1772 5565 recte
1823 5485 2032 5565 deduci

384 5570 596 5611 omnes
620 5555 979 5635 spatharios.
994 5555 1460 5635 protospatharii
1477 5555 1676 5635 .titulo_
1707 5555 2032 5635 bone-stiori

384 5625 769 5683 consuevisse
785 5625 1072 5700 appellari
1105 5643 1118 5682 :
1153 5627 1364 5700 quidni
1396 5626 1552 5685 enim
1586 5626 1875 5700 sphatarii
1905 5643 2031 5684 ma-

2226 3752 2330 3808 IA'.
2392 3751 2513 3806 Μετ’
2569 3752 2627 3805 οὑ
2678 3752 2808 3806 πολὺ
2860 3757 2961 3829 γὰρ
3021 3758 3226 3831 ἡμερῶν
3276 3756 3571 3834 διάστημα,
3630 3762 3761 3817 τέλει

2153 3850 2244 3895 τοῦ
2276 3840 2399 3914 βίου
2448 3847 2801 3915 χρησαμένων
2857 3844 3175 3920 ἀμφοτέρων,
3231 3846 3338 3908 ἤδη
3380 3850 3554 3905 λοιπὸν
3600 3850 3761 3913 ἀδεῶς

2153 3934 2217 3984 τά
2273 3933 2579 4005 ὑπάρχοντα
2639 3932 2817 3995 αὐτοῖς
2874 3941 2985 3997 τοῖς
3050 3941 3338 4009 πενομένοις
3397 3935 3758 4013 διανενεμηκό·

2150 4039 2247 4084 τες,
2309 4018 2567 4093 ἐλευθερίᾳ
2624 4016 2683 4072 δὲ
2736 4025 2849 4082 τούς
2906 4023 3110 4085 οἰκέτας
3175 4023 3623 4099 ἀποπεμψάμενοι,
3679 4028 3757 4081 ἕν-

2151 4105 2367 4161 δύονται
2422 4108 2600 4161 λοιπὸν
2667 4107 2885 4184 ῥακὼδη
2970 4114 3157 4186 ἄμφια,
3239 4120 3327 4168 καὶ
3385 4117 3757 4189 συνταξάμενοι

2152 4197 2408 4264 ἀλλήλοις,
2484 4200 2779 4261 νουθεσίαις
2854 4219 2908 4253 τε
2956 4210 3044 4254 τοῦ
3118 4208 3380 4278 μακαρίου
3437 4211 3757 4280 καταστηρί-

2152 4288 2327 4351 ξαντος
2355 4293 2449 4347 τὴν
2500 4288 2683 4349 εὐσεϐῆ
2736 4297 2979 4361 γυναῖκα,
3036 4300 3210 4365 τηρεῖν
3241 4296 3333 4354 τὰς
3365 4295 3502 4354 θείας
3555 4294 3757 4357 ἐντολὰς

2149 4381 2239 4428 καὶ
2282 4375 2489 4446 ἀγάπην
2529 4382 2881 4449 πνευματικὴν
2934 4378 2983 4430 ἕν
3038 4385 3142 4439 τοῖς
3180 4379 3400 4437 πλησίον
3444 4384 3754 4455 κεκτῆσθαι,

2149 4471 2456 4539 προσευχήν
2516 4485 2571 4518 τε
2627 4466 2869 4539 εἰλικρινῆ
2947 4471 3037 4519 καὶ
3090 4466 3435 4540 ἀρέμϐαστον,
3493 4476 3584 4523 καὶ
3638 4470 3756 4543 βίον

2678 4560 2768 4607 καὶ
2844 4556 3006 4629 οῖκραν
3095 4562 3423 4624 ταπείνωσιν,
3506 4556 3756 4614 ἀπέλυσεν

2151 4645 2313 4703 αὑτὴν
2339 4646 2387 4696 ἐν
2418 4645 2594 4718 εἰρήνη
2641 4643 2793 4696 εἰπών
2828 4661 2840 4674 ’
2894 4667 2921 4694 ‹‹
2977 4649 3225 4709 Σώζουσα
3264 4647 3401 4708 σῶζε
3448 4651 3540 4706 την
3574 4648 3759 4711 ἑαυτῆς

2150 4732 2358 4806 ψυχήν.
2410 4754 2437 4785 ›)
2497 4732 2913 4807 Ἀλλοτριοῦνται
2965 4740 3135 4787 τοίνυν
3179 4744 3273 4795 τῆς
3323 4739 3453 4810 πρὸς
3510 4736 3757 4799 ἀλλήλους

2152 4821 2496 4896 ἀναστροφῆς.
2552 4822 2757 4875 Ὀποῖον
2809 4820 2867 4877 δε
2931 4822 3048 4896 βίον
3096 4823 3384 4888 ἐξήσκησεν
3444 4827 3474 4885 ἠ
3536 4826 3751 4888 εὐσεϐὴς

2152 4914 2282 4971 αὕτη
2333 4918 2486 4984 γυνη,
2544 4916 2695 4965 ἷσασι
2745 4916 2927 4973 πάντες
2981 4915 3029 4966 οἱ
3081 4918 3169 4972 τὴν
3220 4916 3445 4967 Βιθυνῶν
3500 4916 3753 4973 οἰκοῦντες

2151 5009 2352 5076 χώραν,
2389 5003 2521 5063 ὅπως
2560 5001 2804 5064 ἑκουσίως
2844 5001 3065 5077 ἐπράθη,
3110 5007 3200 5056 καὶ
3255 5000 3502 5063 δουλικὴν
3531 5003 3751 5077 μετῆλθε

2484 4200 2779 4261 νουθεσίαις
2854 4219 2908 4253 τε
2956 4210 3044 4254 τοῦ

2151 4554 2593 4626 ἀκαταίσχυντον,

2144 5128 2258 5199 jori
2285 5142 2536 5199 numero
2552 5124 2772 5182 fuerint
2790 5143 2811 5199 7;
2830 5126 3050 5199 quibus
3068 5126 3127 5182 in
3159 5127 3454 5183 centurias
3471 5126 3752 5183 distribu-

2149 5197 2222 5254 tis
2255 5197 2345 5253 sui
2375 5197 2490 5270 sub
2516 5214 2636 5270 uno
2666 5197 2864 5270 capite
2899 5198 3277 5270 centuriones
3321 5203 3536 5270 essent,
3567 5199 3751 5255 etiam

2149 5270 2259 5342 ipsi
2299 5269 2389 5325 vel
2416 5268 3360 5342 rspatharii'velrprotospatharti
3405 5270 3754 5342 nominati?

2147 5340 2568 5413 quidniplu'res
2581 5356 2703 5396 non
2716 5341 2791 5397 ad
2810 5340 3228 5413 ministerium,
3259 5340 3364 5413 sed
3380 5340 3473 5413 ad
3496 5340 3753 5413 dignita-

2148 5412 2264 5469 tem
2283 5412 2496 5468 fuerint
2510 5412 3122 5485 protospathariidicti
3142 5428 3155 5467 :
3174 5428 3312 5467 cum
3331 5412 3422 5485 his
3439 5412 3596 5485 εαξρό
3618 5428 3753 5485 pro-

2146 5486 2366 5540 vincias
2384 5482 2738 5539 commissas
2760 5484 3030 5554 legamus
3057 5482 3085 5539 i’
3106 5488 3167 5539 ut
3185 5483 3456 5554 Sergium
3477 5482 3644 5540 illum
3663 5483 3751 5541 Si-

2144 5556 2293 5613 cilia:
2310 5556 2519 5613 ducem
2531 5556 2645 5614 sub
2657 5553 2851 5615 Leone
2869 5556 3131 5614 Isaurico
3143 5553 3301 5628 apud
3311 5555 3749 5629 Theophanem.
