  <div class='ocr_page' id='page_1' title='image "/cluster/home/n/w/nwhite01/storage/ocr_20150623/115/hvd.32044073502262/016.png"; bbox 0 0 4078 6222; ppageno 0'>
   <div class='ocr_carea' id='block_1_1' title="bbox 287 209 3682 285">
    <p class='ocr_par' dir='ltr' id='par_1_1' title="bbox 287 209 3682 285">
     <span class='ocr_line' id='line_1_1' title="bbox 287 209 3682 285; baseline 0.007 -27"><span class='ocrx_word' id='word_1_1' title='bbox 287 220 349 275; x_wconf 64' lang='lat'><strong>31</strong></span> <span class='ocrx_word' id='word_1_2' title='bbox 1608 209 1777 265; x_wconf 87' lang='lat' dir='ltr'><strong>VITA</strong></span> <span class='ocrx_word' id='word_1_3' title='bbox 1816 209 1873 266; x_wconf 77' lang='lat' dir='ltr'><strong>S&#39;</strong></span> <span class='ocrx_word' id='word_1_4' title='bbox 1918 210 2394 271; x_wconf 81' lang='lat' dir='ltr'><strong>THEOPHANIS.</strong></span> <span class='ocrx_word' id='word_1_5' title='bbox 3606 230 3682 285; x_wconf 80' lang='lat'><strong>22</strong></span> 
     </span>
    </p>
   </div>
   <div class='ocr_carea' id='block_1_2' title="bbox 295 346 495 408">
    <p class='ocr_par' dir='ltr' id='par_1_2' title="bbox 295 346 495 408">
     <span class='ocr_line' id='line_1_2' title="bbox 295 346 495 408; baseline -0.01 -9"><span class='ocrx_word' id='word_1_6' title='bbox 295 346 446 408; x_wconf 83' lang='grc' dir='ltr'>τάξιν</span> <span class='ocrx_word' id='word_1_7' title='bbox 481 383 495 397; x_wconf 91' lang='grc'><strong>.</strong></span> 
     </span>
    </p>
   </div>
   <div class='ocr_carea' id='block_1_3' title="bbox 302 424 1920 510">
    <p class='ocr_par' dir='ltr' id='par_1_3' title="bbox 302 424 1920 510">
     <span class='ocr_line' id='line_1_3' title="bbox 302 424 1920 510; baseline -0.005 -25"><span class='ocrx_word' id='word_1_8' title='bbox 302 435 350 488; x_wconf 73' lang='grc' dir='ltr'>ἓν</span> <span class='ocrx_word' id='word_1_9' title='bbox 380 435 655 505; x_wconf 73' lang='grc' dir='ltr'>Πριγκίπῳ</span> <span class='ocrx_word' id='word_1_10' title='bbox 712 432 800 479; x_wconf 82' lang='grc' dir='ltr'>καὶ</span> <span class='ocrx_word' id='word_1_11' title='bbox 852 426 1152 498; x_wconf 78' lang='grc' dir='ltr'>Καλωνύμῳ</span> <span class='ocrx_word' id='word_1_12' title='bbox 1211 426 1372 486; x_wconf 73' lang='grc' dir='ltr'>αὐτῆς</span> <span class='ocrx_word' id='word_1_13' title='bbox 1425 424 1786 497; x_wconf 81' lang='grc' dir='ltr'>ἀγωνίσματα,</span> <span class='ocrx_word' id='word_1_14' title='bbox 1838 430 1920 510; x_wconf 83' lang='grc' dir='ltr'><strong>τίς</strong></span> 
     </span>
    </p>
   </div>
   <div class='ocr_carea' id='block_1_4' title="bbox 314 513 1915 590">
    <p class='ocr_par' dir='ltr' id='par_1_4' title="bbox 314 513 1915 590">
     <span class='ocr_line' id='line_1_4' title="bbox 314 513 1915 590; baseline -0.009 -13"><span class='ocrx_word' id='word_1_15' title='bbox 314 525 374 577; x_wconf 72' lang='grc' dir='ltr'>ἂν</span> <span class='ocrx_word' id='word_1_16' title='bbox 405 528 497 575; x_wconf 74' lang='grc' dir='ltr'><strong>καὶ</strong></span> <span class='ocrx_word' id='word_1_17' title='bbox 555 517 784 575; x_wconf 62' lang='grc' dir='ltr'>δυνηθείη</span> <span class='ocrx_word' id='word_1_18' title='bbox 832 525 1008 589; x_wconf 80' lang='grc' dir='ltr'>γραφῇ</span> <span class='ocrx_word' id='word_1_19' title='bbox 1064 513 1417 590; x_wconf 81' lang='grc' dir='ltr'>παραδοῦναι,</span> <span class='ocrx_word' id='word_1_20' title='bbox 1475 517 1583 575; x_wconf 76' lang='grc' dir='ltr'>ἣτις</span> <span class='ocrx_word' id='word_1_21' title='bbox 1635 519 1724 567; x_wconf 85' lang='grc' dir='ltr'>καὶ</span> <span class='ocrx_word' id='word_1_22' title='bbox 1756 517 1915 589; x_wconf 87' lang='grc' dir='ltr'>χάρι-</span> 
     </span>
    </p>
   </div>
   <div class='ocr_carea' id='block_1_5' title="bbox 326 600 1915 680">
    <p class='ocr_par' dir='ltr' id='par_1_5' title="bbox 326 600 1915 680">
     <span class='ocr_line' id='line_1_5' title="bbox 326 600 1915 680; baseline -0.005 -17"><span class='ocrx_word' id='word_1_23' title='bbox 326 620 417 675; x_wconf 71' lang='grc' dir='ltr'>τός</span> <span class='ocrx_word' id='word_1_24' title='bbox 464 632 512 664; x_wconf 82' lang='grc' dir='ltr'><strong>τε</strong></span> <span class='ocrx_word' id='word_1_25' title='bbox 550 615 626 660; x_wconf 78' lang='grc' dir='ltr'>καὶ</span> <span class='ocrx_word' id='word_1_26' title='bbox 682 604 953 680; x_wconf 77' lang='grc' dir='ltr'><strong>δυνάμεων</strong></span> <span class='ocrx_word' id='word_1_27' title='bbox 1014 608 1161 659; x_wconf 88' lang='grc' dir='ltr'>θείων</span> <span class='ocrx_word' id='word_1_28' title='bbox 1222 607 1462 671; x_wconf 71' lang='grc' dir='ltr'>ἦξιώθη;</span> <span class='ocrx_word' id='word_1_29' title='bbox 1520 608 1671 678; x_wconf 85' lang='grc' dir='ltr'>μέρος</span> <span class='ocrx_word' id='word_1_30' title='bbox 1735 600 1794 656; x_wconf 66' lang='grc' dir='ltr'>δὲ</span> <span class='ocrx_word' id='word_1_31' title='bbox 1818 612 1915 655; x_wconf 85' lang='grc' dir='ltr'>τῶν</span> 
     </span>
    </p>
   </div>
   <div class='ocr_carea' id='block_1_6' title="bbox 341 690 1916 769">
    <p class='ocr_par' dir='ltr' id='par_1_6' title="bbox 341 690 1916 769">
     <span class='ocr_line' id='line_1_6' title="bbox 341 690 1916 769; baseline -0.004 -18"><span class='ocrx_word' id='word_1_32' title='bbox 341 704 480 760; x_wconf 60' lang='grc' dir='ltr'>αὐτῆς</span> <span class='ocrx_word' id='word_1_33' title='bbox 520 698 934 769; x_wconf 73' lang='grc' dir='ltr'><strong>κατορθωμάτων</strong></span> <span class='ocrx_word' id='word_1_34' title='bbox 992 695 1041 748; x_wconf 76' lang='grc' dir='ltr'>ἓν</span> <span class='ocrx_word' id='word_1_35' title='bbox 1145 704 1207 768; x_wconf 75' lang='grc' dir='ltr'>τῇ</span> <span class='ocrx_word' id='word_1_36' title='bbox 1276 697 1423 769; x_wconf 83' lang='grc' dir='ltr'>παρὰ</span> <span class='ocrx_word' id='word_1_37' title='bbox 1489 690 1753 750; x_wconf 82' lang='grc' dir='ltr'>Μεθοδίου</span> <span class='ocrx_word' id='word_1_38' title='bbox 1824 700 1916 745; x_wconf 80' lang='grc' dir='ltr'>τοῦ</span> 
     </span>
    </p>
   </div>
   <div class='ocr_carea' id='block_1_7' title="bbox 339 782 1915 863">
    <p class='ocr_par' dir='ltr' id='par_1_7' title="bbox 339 782 1915 863">
     <span class='ocr_line' id='line_1_7' title="bbox 339 782 1915 863; baseline -0.005 -22"><span class='ocrx_word' id='word_1_39' title='bbox 339 792 585 863; x_wconf 52' lang='lat' dir='ltr'><strong>(vibraret:</strong></span> <span class='ocrx_word' id='word_1_40' title='bbox 627 788 969 859; x_wconf 78' lang='grc' dir='ltr'><strong>πατριάρχου</strong></span> <span class='ocrx_word' id='word_1_41' title='bbox 1030 787 1330 858; x_wconf 76' lang='grc' dir='ltr'>συντεθείσῃ</span> <span class='ocrx_word' id='word_1_42' title='bbox 1364 788 1482 857; x_wconf 82' lang='grc' dir='ltr'>περὶ</span> <span class='ocrx_word' id='word_1_43' title='bbox 1542 782 1708 845; x_wconf 73' lang='grc' dir='ltr'>αὐτῆς</span> <span class='ocrx_word' id='word_1_44' title='bbox 1735 800 1790 834; x_wconf 85' lang='grc' dir='ltr'><strong>τε</strong></span> <span class='ocrx_word' id='word_1_45' title='bbox 1818 794 1915 842; x_wconf 78' lang='grc' dir='ltr'>καὶ</span> 
     </span>
    </p>
   </div>
   <div class='ocr_carea' id='block_1_8' title="bbox 329 870 1915 950">
    <p class='ocr_par' dir='ltr' id='par_1_8' title="bbox 329 870 1915 950">
     <span class='ocr_line' id='line_1_8' title="bbox 329 870 1915 950; baseline -0.007 -17"><span class='ocrx_word' id='word_1_46' title='bbox 329 889 398 933; x_wconf 71' lang='grc' dir='ltr'><em>τοὺ</em></span> <span class='ocrx_word' id='word_1_47' title='bbox 442 880 701 950; x_wconf 83' lang='grc' dir='ltr'>μακαρίου</span> <span class='ocrx_word' id='word_1_48' title='bbox 761 883 1042 949; x_wconf 74' lang='grc' dir='ltr'><strong>συγγραφῇ</strong></span> <span class='ocrx_word' id='word_1_49' title='bbox 1094 878 1227 948; x_wconf 88' lang='grc' dir='ltr'>πρὸς</span> <span class='ocrx_word' id='word_1_50' title='bbox 1286 873 1528 946; x_wconf 75' lang='grc' dir='ltr'>ὠφελειαν</span> <span class='ocrx_word' id='word_1_51' title='bbox 1584 880 1685 925; x_wconf 85' lang='grc' dir='ltr'>τῶν</span> <span class='ocrx_word' id='word_1_52' title='bbox 1736 870 1915 942; x_wconf 75' lang='grc' dir='ltr'>ἐντυγ-</span> 
     </span>
    </p>
   </div>
   <div class='ocr_carea' id='block_1_9' title="bbox 315 968 899 1042">
    <p class='ocr_par' dir='ltr' id='par_1_9' title="bbox 315 968 899 1042">
     <span class='ocr_line' id='line_1_9' title="bbox 315 968 899 1042; baseline -0.009 -20"><span class='ocrx_word' id='word_1_53' title='bbox 315 975 562 1042; x_wconf 83' lang='grc' dir='ltr'>χανοντων</span> <span class='ocrx_word' id='word_1_54' title='bbox 594 968 873 1038; x_wconf 76' lang='grc' dir='ltr'><strong>ἱστόρηται</strong></span> <span class='ocrx_word' id='word_1_55' title='bbox 884 1010 899 1022; x_wconf 90' lang='grc'><strong>.</strong></span> 
     </span>
    </p>
   </div>
   <div class='ocr_carea' id='block_1_10' title="bbox 378 1236 1915 1313">
    <p class='ocr_par' dir='ltr' id='par_1_10' title="bbox 378 1236 1915 1313">
     <span class='ocr_line' id='line_1_10' title="bbox 378 1236 1915 1313; baseline -0.005 -17"><span class='ocrx_word' id='word_1_56' title='bbox 378 1244 469 1296; x_wconf 79' lang='lat' dir='ltr'><strong>IB’.</strong></span> <span class='ocrx_word' id='word_1_57' title='bbox 534 1242 594 1295; x_wconf 78' lang='grc' dir='ltr'>Ὀ</span> <span class='ocrx_word' id='word_1_58' title='bbox 660 1240 719 1295; x_wconf 65' lang='grc' dir='ltr'>δὲ</span> <span class='ocrx_word' id='word_1_59' title='bbox 774 1240 978 1301; x_wconf 76' lang='grc' dir='ltr'>ἀληθως</span> <span class='ocrx_word' id='word_1_60' title='bbox 1042 1259 1341 1313; x_wconf 78' lang='grc' dir='ltr'>μακαριτης</span> <span class='ocrx_word' id='word_1_61' title='bbox 1409 1240 1672 1311; x_wconf 76' lang='grc' dir='ltr'><strong>Θεοφάνης</strong></span> <span class='ocrx_word' id='word_1_62' title='bbox 1756 1236 1915 1310; x_wconf 75' lang='grc' dir='ltr'>ἐμϐὰς</span> 
     </span>
    </p>
   </div>
   <div class='ocr_carea' id='block_1_11' title="bbox 312 1327 1911 1402">
    <p class='ocr_par' dir='ltr' id='par_1_11' title="bbox 312 1327 1911 1402">
     <span class='ocr_line' id='line_1_11' title="bbox 312 1327 1911 1402; baseline -0.005 -16"><span class='ocrx_word' id='word_1_63' title='bbox 312 1332 357 1386; x_wconf 74' lang='grc' dir='ltr'>ἐν</span> <span class='ocrx_word' id='word_1_64' title='bbox 408 1332 587 1402; x_wconf 76' lang='grc' dir='ltr'>πλοίῳ,</span> <span class='ocrx_word' id='word_1_65' title='bbox 654 1330 1039 1402; x_wconf 83' lang='grc' dir='ltr'>καταλαμϐάνει</span> <span class='ocrx_word' id='word_1_66' title='bbox 1104 1338 1216 1391; x_wconf 86' lang='grc' dir='ltr'>τοῖς</span> <span class='ocrx_word' id='word_1_67' title='bbox 1295 1337 1574 1401; x_wconf 86' lang='grc' dir='ltr'>Σιγριανῆς</span> <span class='ocrx_word' id='word_1_68' title='bbox 1619 1327 1911 1400; x_wconf 77' lang='grc' dir='ltr'>παραλίοις,</span> 
     </span>
    </p>
   </div>
   <div class='ocr_carea' id='block_1_12' title="bbox 309 1415 1915 1491">
    <p class='ocr_par' dir='ltr' id='par_1_12' title="bbox 309 1415 1915 1491">
     <span class='ocr_line' id='line_1_12' title="bbox 309 1415 1915 1491; baseline -0.004 -17"><span class='ocrx_word' id='word_1_69' title='bbox 309 1428 392 1474; x_wconf 81' lang='grc' dir='ltr'>καὶ</span> <span class='ocrx_word' id='word_1_70' title='bbox 436 1418 499 1479; x_wconf 70' lang='grc' dir='ltr'>δὴ</span> <span class='ocrx_word' id='word_1_71' title='bbox 531 1420 746 1484; x_wconf 76' lang='grc' dir='ltr'>ἐξελθὼν</span> <span class='ocrx_word' id='word_1_72' title='bbox 804 1419 904 1471; x_wconf 71' lang='grc' dir='ltr'><strong>ἀπὸ</strong></span> <span class='ocrx_word' id='word_1_73' title='bbox 960 1427 1050 1471; x_wconf 82' lang='grc' dir='ltr'>τοῦ</span> <span class='ocrx_word' id='word_1_74' title='bbox 1079 1419 1290 1487; x_wconf 80' lang='grc' dir='ltr'>πλοίου,</span> <span class='ocrx_word' id='word_1_75' title='bbox 1321 1415 1498 1491; x_wconf 81' lang='grc' dir='ltr'>βάδην</span> <span class='ocrx_word' id='word_1_76' title='bbox 1526 1416 1915 1489; x_wconf 78' lang='grc' dir='ltr'>καταλαμϐάνει</span> 
     </span>
    </p>
   </div>
   <div class='ocr_carea' id='block_1_13' title="bbox 306 1505 1914 1582">
    <p class='ocr_par' dir='ltr' id='par_1_13' title="bbox 306 1505 1914 1582">
     <span class='ocr_line' id='line_1_13' title="bbox 306 1505 1914 1582; baseline -0.004 -19"><span class='ocrx_word' id='word_1_77' title='bbox 306 1516 388 1563; x_wconf 77' lang='grc' dir='ltr'>τὸν</span> <span class='ocrx_word' id='word_1_78' title='bbox 429 1506 685 1582; x_wconf 76' lang='grc' dir='ltr'>λοχμώδη</span> <span class='ocrx_word' id='word_1_79' title='bbox 743 1512 972 1581; x_wconf 85' lang='grc' dir='ltr'>κρημνὸν</span> <span class='ocrx_word' id='word_1_80' title='bbox 1019 1507 1205 1561; x_wconf 72' lang='grc' dir='ltr'>ἐκεῖνον</span> <span class='ocrx_word' id='word_1_81' title='bbox 1256 1524 1268 1537; x_wconf 91' lang='grc'><strong>·</strong></span> <span class='ocrx_word' id='word_1_82' title='bbox 1326 1505 1372 1558; x_wconf 82' lang='grc' dir='ltr'>ἐν</span> <span class='ocrx_word' id='word_1_83' title='bbox 1521 1505 1605 1558; x_wconf 76' lang='grc' dir='ltr'><strong>ἐπὶ</strong></span> <span class='ocrx_word' id='word_1_84' title='bbox 1651 1506 1914 1567; x_wconf 78' lang='grc' dir='ltr'>πλείστοις</span> 
     </span>
    </p>
   </div>
   <div class='ocr_carea' id='block_1_14' title="bbox 308 1595 1913 1671">
    <p class='ocr_par' dir='ltr' id='par_1_14' title="bbox 308 1595 1913 1671">
     <span class='ocr_line' id='line_1_14' title="bbox 308 1595 1913 1671; baseline -0.005 -19"><span class='ocrx_word' id='word_1_85' title='bbox 308 1604 361 1652; x_wconf 84' lang='grc' dir='ltr'>τὸ</span> <span class='ocrx_word' id='word_1_86' title='bbox 413 1608 563 1670; x_wconf 74' lang='grc' dir='ltr'>σῶμα</span> <span class='ocrx_word' id='word_1_87' title='bbox 602 1595 991 1670; x_wconf 82' lang='grc' dir='ltr'>καταδαμάσας</span> <span class='ocrx_word' id='word_1_88' title='bbox 1058 1602 1291 1671; x_wconf 82' lang='grc' dir='ltr'>χρόνοις,</span> <span class='ocrx_word' id='word_1_89' title='bbox 1350 1601 1441 1648; x_wconf 81' lang='grc' dir='ltr'>καὶ</span> <span class='ocrx_word' id='word_1_90' title='bbox 1505 1600 1564 1648; x_wconf 84' lang='grc' dir='ltr'>τὸ</span> <span class='ocrx_word' id='word_1_91' title='bbox 1622 1597 1913 1667; x_wconf 84' lang='grc' dir='ltr'>μοναχικόν</span> 
     </span>
    </p>
   </div>
   <div class='ocr_carea' id='block_1_15' title="bbox 552 331 1902 421">
    <p class='ocr_par' dir='ltr' id='par_1_15' title="bbox 552 331 1902 411">
     <span class='ocr_line' id='line_1_15' title="bbox 552 331 1902 411; baseline -0.002 -21"><span class='ocrx_word' id='word_1_92' title='bbox 552 339 911 411; x_wconf 75' lang='grc' dir='ltr'>γνωρισθεῖσα</span> <span class='ocrx_word' id='word_1_93' title='bbox 962 334 1022 390; x_wconf 77' lang='grc' dir='ltr'>δὲ</span> <span class='ocrx_word' id='word_1_94' title='bbox 1064 339 1207 409; x_wconf 90' lang='grc' dir='ltr'>παρά</span> <span class='ocrx_word' id='word_1_95' title='bbox 1263 356 1413 388; x_wconf 84' lang='grc' dir='ltr'>τινων</span> <span class='ocrx_word' id='word_1_96' title='bbox 1459 331 1683 407; x_wconf 77' lang='grc' dir='ltr'>ἀπέδρα.</span> <span class='ocrx_word' id='word_1_97' title='bbox 1724 338 1801 389; x_wconf 82' lang='grc' dir='ltr'><strong>Τὰ</strong></span> <span class='ocrx_word' id='word_1_98' title='bbox 1859 332 1902 388; x_wconf 72' lang='grc' dir='ltr'>δί</span> 
     </span>
    </p>
   </div>
   <div class='ocr_carea' id='block_1_16' title="bbox 2016 331 3682 421">
    <p class='ocr_par' dir='ltr' id='par_1_16' title="bbox 2026 336 3682 421">
     <span class='ocr_line' id='line_1_16' title="bbox 2026 336 3682 421; baseline 0.014 -28"><span class='ocrx_word' id='word_1_99' title='bbox 2026 336 2320 413; x_wconf 68' lang='lat' dir='ltr'><strong>Bithyniae</strong></span> <span class='ocrx_word' id='word_1_100' title='bbox 2352 342 2430 413; x_wconf 89' lang='lat'><strong>(8)</strong></span> <span class='ocrx_word' id='word_1_101' title='bbox 2458 343 2761 413; x_wconf 81' lang='lat' dir='ltr'><strong>regionem</strong></span> <span class='ocrx_word' id='word_1_102' title='bbox 2785 344 3052 403; x_wconf 90' lang='lat' dir='ltr'><strong>incolunt</strong></span> <span class='ocrx_word' id='word_1_103' title='bbox 3080 362 3097 406; x_wconf 90' lang='lat'><strong>:</strong></span> <span class='ocrx_word' id='word_1_104' title='bbox 3120 351 3430 421; x_wconf 90' lang='lat' dir='ltr'><strong>quomodo</strong></span> <span class='ocrx_word' id='word_1_105' title='bbox 3461 353 3682 417; x_wconf 81' lang='lat' dir='ltr'><strong>scilicet</strong></span> 
     </span>
    </p>
   </div>
   <div class='ocr_carea' id='block_1_17' title="bbox 2031 429 3681 507">
    <p class='ocr_par' dir='ltr' id='par_1_17' title="bbox 2031 429 3681 507">
     <span class='ocr_line' id='line_1_17' title="bbox 2031 429 3681 507; baseline 0.012 -26"><span class='ocrx_word' id='word_1_106' title='bbox 2031 429 2357 486; x_wconf 80' lang='lat' dir='ltr'><strong>voluntarie</strong></span> <span class='ocrx_word' id='word_1_107' title='bbox 2390 431 2700 490; x_wconf 82' lang='lat' dir='ltr'><strong>divendita</strong></span> <span class='ocrx_word' id='word_1_108' title='bbox 2727 434 2807 490; x_wconf 90' lang='lat' dir='ltr'><strong>ad</strong></span> <span class='ocrx_word' id='word_1_109' title='bbox 2837 434 3107 491; x_wconf 83' lang='lat' dir='ltr'><strong>servilem</strong></span> <span class='ocrx_word' id='word_1_110' title='bbox 3136 453 3197 493; x_wconf 91' lang='lat' dir='ltr'><strong>se</strong></span> <span class='ocrx_word' id='word_1_111' title='bbox 3221 440 3477 507; x_wconf 89' lang='lat' dir='ltr'><strong>gradum</strong></span> <span class='ocrx_word' id='word_1_112' title='bbox 3507 442 3681 499; x_wconf 90' lang='lat' dir='ltr'><strong>dimi-</strong></span> 
     </span>
    </p>
   </div>
   <div class='ocr_carea' id='block_1_18' title="bbox 2027 516 3679 597">
    <p class='ocr_par' dir='ltr' id='par_1_18' title="bbox 2027 516 3679 597">
     <span class='ocr_line' id='line_1_18' title="bbox 2027 516 3679 597; baseline 0.01 -27"><span class='ocrx_word' id='word_1_113' title='bbox 2027 516 2136 572; x_wconf 85' lang='lat' dir='ltr'><strong>sit:</strong></span> <span class='ocrx_word' id='word_1_114' title='bbox 2172 520 2373 587; x_wconf 86' lang='lat' dir='ltr'><strong>agnita</strong></span> <span class='ocrx_word' id='word_1_115' title='bbox 2417 536 2559 575; x_wconf 89' lang='lat' dir='ltr'><strong>vero</strong></span> <span class='ocrx_word' id='word_1_116' title='bbox 2598 522 2676 577; x_wconf 89' lang='lat' dir='ltr'><strong>ab</strong></span> <span class='ocrx_word' id='word_1_117' title='bbox 2720 520 3023 595; x_wconf 87' lang='lat' dir='ltr'><strong>aliquibus</strong></span> <span class='ocrx_word' id='word_1_118' title='bbox 3063 524 3202 580; x_wconf 88' lang='lat' dir='ltr'><strong>inde</strong></span> <span class='ocrx_word' id='word_1_119' title='bbox 3242 528 3489 597; x_wconf 83' lang='lat' dir='ltr'><strong>aufugit.</strong></span> <span class='ocrx_word' id='word_1_120' title='bbox 3534 532 3679 596; x_wconf 83' lang='lat' dir='ltr'><strong>Quis</strong></span> 
     </span>
    </p>
   </div>
   <div class='ocr_carea' id='block_1_19' title="bbox 2025 608 3679 686">
    <p class='ocr_par' dir='ltr' id='par_1_19' title="bbox 2025 608 3679 686">
     <span class='ocr_line' id='line_1_19' title="bbox 2025 608 3679 686; baseline 0.01 -26"><span class='ocrx_word' id='word_1_121' title='bbox 2025 622 2205 676; x_wconf 88' lang='lat' dir='ltr'><strong>porro</strong></span> <span class='ocrx_word' id='word_1_122' title='bbox 2234 608 2550 680; x_wconf 86' lang='lat' dir='ltr'><strong>complecti</strong></span> <span class='ocrx_word' id='word_1_123' title='bbox 2590 611 2802 682; x_wconf 85' lang='lat' dir='ltr'><strong>scripto</strong></span> <span class='ocrx_word' id='word_1_124' title='bbox 2835 618 3033 682; x_wconf 85' lang='lat' dir='ltr'><strong>posset</strong></span> <span class='ocrx_word' id='word_1_125' title='bbox 3058 615 3264 670; x_wconf 87' lang='lat' dir='ltr'><strong>omnia</strong></span> <span class='ocrx_word' id='word_1_126' title='bbox 3297 617 3424 686; x_wconf 89' lang='lat' dir='ltr'><strong>ejus</strong></span> <span class='ocrx_word' id='word_1_127' title='bbox 3464 619 3587 676; x_wconf 89' lang='lat' dir='ltr'><strong>sive</strong></span> <span class='ocrx_word' id='word_1_128' title='bbox 3618 621 3679 677; x_wconf 87' lang='lat' dir='ltr'><strong>in</strong></span> 
     </span>
    </p>
   </div>
   <div class='ocr_carea' id='block_1_20' title="bbox 2026 696 3680 777">
    <p class='ocr_par' dir='ltr' id='par_1_20' title="bbox 2026 696 3680 777">
     <span class='ocr_line' id='line_1_20' title="bbox 2026 696 3680 777; baseline 0.009 -27"><span class='ocrx_word' id='word_1_129' title='bbox 2026 696 2315 769; x_wconf 89' lang='lat' dir='ltr'><strong>Principe,</strong></span> <span class='ocrx_word' id='word_1_130' title='bbox 2345 698 2466 753; x_wconf 89' lang='lat' dir='ltr'><strong>sive</strong></span> <span class='ocrx_word' id='word_1_131' title='bbox 2494 700 2555 754; x_wconf 92' lang='lat' dir='ltr'><strong>in</strong></span> <span class='ocrx_word' id='word_1_132' title='bbox 2577 700 2907 772; x_wconf 88' lang='lat' dir='ltr'><strong>Calonymo</strong></span> <span class='ocrx_word' id='word_1_133' title='bbox 2937 704 3278 770; x_wconf 88' lang='lat' dir='ltr'><strong>certamina,</strong></span> <span class='ocrx_word' id='word_1_134' title='bbox 3315 705 3415 761; x_wconf 89' lang='lat' dir='ltr'><strong>ubi</strong></span> <span class='ocrx_word' id='word_1_135' title='bbox 3444 713 3680 777; x_wconf 84' lang='lat' dir='ltr'><strong>patran-</strong></span> 
     </span>
    </p>
   </div>
   <div class='ocr_carea' id='block_1_21' title="bbox 2024 786 3681 867">
    <p class='ocr_par' dir='ltr' id='par_1_21' title="bbox 2024 786 3681 867">
     <span class='ocr_line' id='line_1_21' title="bbox 2024 786 3681 867; baseline 0.008 -27"><span class='ocrx_word' id='word_1_136' title='bbox 2024 786 2241 841; x_wconf 92' lang='lat' dir='ltr'><strong>dorum</strong></span> <span class='ocrx_word' id='word_1_137' title='bbox 2282 802 2525 859; x_wconf 88' lang='lat' dir='ltr'><strong>quoque</strong></span> <span class='ocrx_word' id='word_1_138' title='bbox 2560 789 2979 847; x_wconf 78' lang='lat' dir='ltr'><strong>miraculorum</strong></span> <span class='ocrx_word' id='word_1_139' title='bbox 3013 792 3073 847; x_wconf 92' lang='lat' dir='ltr'><strong>in</strong></span> <span class='ocrx_word' id='word_1_140' title='bbox 3114 807 3186 849; x_wconf 89' lang='lat' dir='ltr'><strong>ea</strong></span> <span class='ocrx_word' id='word_1_141' title='bbox 3214 794 3397 850; x_wconf 82' lang='lat' dir='ltr'><strong>eluxit</strong></span> <span class='ocrx_word' id='word_1_142' title='bbox 3435 798 3627 867; x_wconf 87' lang='lat' dir='ltr'><strong>gratia</strong></span> <span class='ocrx_word' id='word_1_143' title='bbox 3653 798 3681 853; x_wconf 72' lang='grc' dir='ltr'><strong>τ</strong></span> 
     </span>
    </p>
   </div>
   <div class='ocr_carea' id='block_1_22' title="bbox 2024 875 3681 955">
    <p class='ocr_par' dir='ltr' id='par_1_22' title="bbox 2024 875 3681 955">
     <span class='ocr_line' id='line_1_22' title="bbox 2024 875 3681 955; baseline 0.007 -25"><span class='ocrx_word' id='word_1_144' title='bbox 2024 875 2279 931; x_wconf 84' lang='lat' dir='ltr'><strong>maxime</strong></span> <span class='ocrx_word' id='word_1_145' title='bbox 2305 892 2444 932; x_wconf 92' lang='lat' dir='ltr'><strong>cum</strong></span> <span class='ocrx_word' id='word_1_146' title='bbox 2476 878 2759 949; x_wconf 68' lang='lat' dir='ltr'><strong>praeclare</strong></span> <span class='ocrx_word' id='word_1_147' title='bbox 2786 879 2864 935; x_wconf 91' lang='lat' dir='ltr'><strong>ab</strong></span> <span class='ocrx_word' id='word_1_148' title='bbox 2904 896 2973 936; x_wconf 91' lang='lat' dir='ltr'><strong>ea</strong></span> <span class='ocrx_word' id='word_1_149' title='bbox 3003 880 3297 938; x_wconf 87' lang='lat' dir='ltr'><strong>factorum</strong></span> <span class='ocrx_word' id='word_1_150' title='bbox 3331 898 3469 955; x_wconf 89' lang='lat' dir='ltr'><strong>pars</strong></span> <span class='ocrx_word' id='word_1_151' title='bbox 3501 885 3577 941; x_wconf 88' lang='lat' dir='ltr'><strong>ad</strong></span> <span class='ocrx_word' id='word_1_152' title='bbox 3605 886 3681 942; x_wconf 89' lang='lat' dir='ltr'><strong>le-</strong></span> 
     </span>
    </p>
   </div>
   <div class='ocr_carea' id='block_1_23' title="bbox 2025 964 3681 1037">
    <p class='ocr_par' dir='ltr' id='par_1_23' title="bbox 2025 964 3681 1037">
     <span class='ocr_line' id='line_1_23' title="bbox 2025 964 3681 1037; baseline 0.008 -19"><span class='ocrx_word' id='word_1_153' title='bbox 2025 964 2291 1034; x_wconf 79' lang='lat' dir='ltr'><strong>gentium</strong></span> <span class='ocrx_word' id='word_1_154' title='bbox 2322 965 2631 1023; x_wconf 85' lang='lat' dir='ltr'><strong>utilitatem</strong></span> <span class='ocrx_word' id='word_1_155' title='bbox 2659 967 2900 1037; x_wconf 90' lang='lat' dir='ltr'><strong>vulgata</strong></span> <span class='ocrx_word' id='word_1_156' title='bbox 2924 976 3209 1027; x_wconf 90' lang='lat' dir='ltr'><strong>noscatur</strong></span> <span class='ocrx_word' id='word_1_157' title='bbox 3236 988 3272 1028; x_wconf 91' lang='lat' dir='ltr'><strong>a</strong></span> <span class='ocrx_word' id='word_1_158' title='bbox 3304 973 3681 1032; x_wconf 88' lang='lat' dir='ltr'><strong>sanctissimo</strong></span> 
     </span>
    </p>
   </div>
   <div class='ocr_carea' id='block_1_24' title="bbox 2024 1054 3684 1136">
    <p class='ocr_par' dir='ltr' id='par_1_24' title="bbox 2024 1054 3684 1136">
     <span class='ocr_line' id='line_1_24' title="bbox 2024 1054 3684 1136; baseline 0.007 -28"><span class='ocrx_word' id='word_1_159' title='bbox 2024 1054 2364 1125; x_wconf 77' lang='lat' dir='ltr'><strong>patriarcha</strong></span> <span class='ocrx_word' id='word_1_160' title='bbox 2382 1056 2677 1111; x_wconf 86' lang='lat' dir='ltr'><strong>Methodio</strong></span> <span class='ocrx_word' id='word_1_161' title='bbox 2698 1056 2759 1112; x_wconf 91' lang='lat' dir='ltr'><strong>in</strong></span> <span class='ocrx_word' id='word_1_162' title='bbox 2780 1072 2851 1113; x_wconf 88' lang='lat' dir='ltr'><strong>ea</strong></span> <span class='ocrx_word' id='word_1_163' title='bbox 2877 1059 3218 1130; x_wconf 87' lang='lat' dir='ltr'><strong>scriptione,</strong></span> <span class='ocrx_word' id='word_1_164' title='bbox 3245 1076 3432 1134; x_wconf 90' lang='lat' dir='ltr'><strong>quam</strong></span> <span class='ocrx_word' id='word_1_165' title='bbox 3454 1062 3528 1119; x_wconf 87' lang='lat' dir='ltr'><strong>de</strong></span> <span class='ocrx_word' id='word_1_166' title='bbox 3552 1064 3684 1136; x_wconf 88' lang='lat' dir='ltr'><strong>ipsa</strong></span> 
     </span>
    </p>
   </div>
   <div class='ocr_carea' id='block_1_25' title="bbox 2022 1142 3090 1219">
    <p class='ocr_par' dir='ltr' id='par_1_25' title="bbox 2022 1142 3090 1219">
     <span class='ocr_line' id='line_1_25' title="bbox 2022 1142 3090 1219; baseline 0.003 -20"><span class='ocrx_word' id='word_1_167' title='bbox 2022 1142 2310 1214; x_wconf 83' lang='lat' dir='ltr'><strong>beateque</strong></span> <span class='ocrx_word' id='word_1_168' title='bbox 2347 1144 2532 1215; x_wconf 90' lang='lat' dir='ltr'><strong>ipsius</strong></span> <span class='ocrx_word' id='word_1_169' title='bbox 2561 1146 2691 1201; x_wconf 89' lang='lat' dir='ltr'><strong>viro</strong></span> <span class='ocrx_word' id='word_1_170' title='bbox 2731 1148 3090 1219; x_wconf 88' lang='lat' dir='ltr'><strong>composuit.</strong></span> 
     </span>
    </p>
   </div>
   <div class='ocr_carea' id='block_1_26' title="bbox 2094 1233 3679 1310">
    <p class='ocr_par' dir='ltr' id='par_1_26' title="bbox 2094 1233 3679 1310">
     <span class='ocr_line' id='line_1_26' title="bbox 2094 1233 3679 1310; baseline 0.008 -23"><span class='ocrx_word' id='word_1_171' title='bbox 2094 1233 2209 1287; x_wconf 88' lang='lat' dir='ltr'><strong>XII.</strong></span> <span class='ocrx_word' id='word_1_172' title='bbox 2253 1233 2395 1298; x_wconf 86' lang='lat' dir='ltr'><strong>Quid</strong></span> <span class='ocrx_word' id='word_1_173' title='bbox 2436 1239 2635 1290; x_wconf 89' lang='lat' dir='ltr'><strong>autem</strong></span> <span class='ocrx_word' id='word_1_174' title='bbox 2674 1234 2855 1291; x_wconf 71' lang='lat' dir='ltr'><strong>beata:</strong></span> <span class='ocrx_word' id='word_1_175' title='bbox 2900 1239 3204 1294; x_wconf 58' lang='lat' dir='ltr'><strong>memorias</strong></span> <span class='ocrx_word' id='word_1_176' title='bbox 3242 1239 3679 1310; x_wconf 87' lang='lat' dir='ltr'><strong>Theophanes?</strong></span> 
     </span>
    </p>
   </div>
   <div class='ocr_carea' id='block_1_27' title="bbox 2025 1325 3681 1406">
    <p class='ocr_par' dir='ltr' id='par_1_27' title="bbox 2025 1325 3681 1406">
     <span class='ocr_line' id='line_1_27' title="bbox 2025 1325 3681 1406; baseline 0.008 -30"><span class='ocrx_word' id='word_1_177' title='bbox 2025 1337 2357 1378; x_wconf 88' lang='lat' dir='ltr'><strong>conscensa</strong></span> <span class='ocrx_word' id='word_1_178' title='bbox 2412 1325 2552 1379; x_wconf 91' lang='lat' dir='ltr'><strong>navi</strong></span> <span class='ocrx_word' id='word_1_179' title='bbox 2608 1326 2891 1393; x_wconf 70' lang='lat' dir='ltr'><strong>Sigrianaa</strong></span> <span class='ocrx_word' id='word_1_180' title='bbox 2947 1328 3188 1399; x_wconf 86' lang='lat' dir='ltr'><strong>expetiit</strong></span> <span class='ocrx_word' id='word_1_181' title='bbox 3242 1330 3458 1396; x_wconf 88' lang='lat' dir='ltr'><strong>littora,</strong></span> <span class='ocrx_word' id='word_1_182' title='bbox 3501 1338 3681 1406; x_wconf 90' lang='lat' dir='ltr'><strong>atque</strong></span> 
     </span>
    </p>
   </div>
   <div class='ocr_carea' id='block_1_28' title="bbox 2024 1413 3681 1492">
    <p class='ocr_par' dir='ltr' id='par_1_28' title="bbox 2024 1413 3681 1492">
     <span class='ocr_line' id='line_1_28' title="bbox 2024 1413 3681 1492; baseline 0.008 -25"><span class='ocrx_word' id='word_1_183' title='bbox 2024 1414 2407 1468; x_wconf 87' lang='lat' dir='ltr'><strong>exscensione</strong></span> <span class='ocrx_word' id='word_1_184' title='bbox 2460 1413 2685 1470; x_wconf 90' lang='lat' dir='ltr'><strong>ibidem</strong></span> <span class='ocrx_word' id='word_1_185' title='bbox 2726 1414 2882 1472; x_wconf 89' lang='lat' dir='ltr'><strong>facta</strong></span> <span class='ocrx_word' id='word_1_186' title='bbox 2925 1417 3191 1474; x_wconf 89' lang='lat' dir='ltr'><strong>celeriter</strong></span> <span class='ocrx_word' id='word_1_187' title='bbox 3228 1422 3566 1492; x_wconf 85' lang='lat' dir='ltr'><strong>properavit</strong></span> <span class='ocrx_word' id='word_1_188' title='bbox 3602 1423 3681 1479; x_wconf 87' lang='lat' dir='ltr'><strong>ad</strong></span> 
     </span>
    </p>
   </div>
   <div class='ocr_carea' id='block_1_29' title="bbox 2025 1502 3679 1582">
    <p class='ocr_par' dir='ltr' id='par_1_29' title="bbox 2025 1502 3679 1582">
     <span class='ocr_line' id='line_1_29' title="bbox 2025 1502 3679 1582; baseline 0.008 -28"><span class='ocrx_word' id='word_1_189' title='bbox 2025 1502 2418 1572; x_wconf 67' lang='lat' dir='ltr'><strong>prmcipitium</strong></span> <span class='ocrx_word' id='word_1_190' title='bbox 2457 1502 2602 1558; x_wconf 89' lang='lat' dir='ltr'><strong>illud</strong></span> <span class='ocrx_word' id='word_1_191' title='bbox 2638 1503 2948 1573; x_wconf 88' lang='lat' dir='ltr'><strong>silvosum,</strong></span> <span class='ocrx_word' id='word_1_192' title='bbox 2993 1506 3052 1561; x_wconf 94' lang='lat' dir='ltr'><strong>in</strong></span> <span class='ocrx_word' id='word_1_193' title='bbox 3091 1523 3209 1579; x_wconf 89' lang='lat' dir='ltr'><strong>quo</strong></span> <span class='ocrx_word' id='word_1_194' title='bbox 3248 1524 3468 1582; x_wconf 89' lang='lat' dir='ltr'><strong>corpus</strong></span> <span class='ocrx_word' id='word_1_195' title='bbox 3500 1528 3679 1567; x_wconf 88' lang='lat' dir='ltr'><strong>suum</strong></span> 
     </span>
    </p>
   </div>
   <div class='ocr_carea' id='block_1_30' title="bbox 2023 1589 3677 1669">
    <p class='ocr_par' dir='ltr' id='par_1_30' title="bbox 2023 1589 3677 1669">
     <span class='ocr_line' id='line_1_30' title="bbox 2023 1589 3677 1669; baseline 0.007 -25"><span class='ocrx_word' id='word_1_196' title='bbox 2023 1589 2225 1644; x_wconf 90' lang='lat' dir='ltr'><strong>multis</strong></span> <span class='ocrx_word' id='word_1_197' title='bbox 2242 1590 2495 1647; x_wconf 91' lang='lat' dir='ltr'><strong>domans</strong></span> <span class='ocrx_word' id='word_1_198' title='bbox 2508 1593 2700 1662; x_wconf 88' lang='lat' dir='ltr'><strong>annis,</strong></span> <span class='ocrx_word' id='word_1_199' title='bbox 2726 1610 2864 1649; x_wconf 91' lang='lat' dir='ltr'><strong>mon</strong></span> <span class='ocrx_word' id='word_1_200' title='bbox 2874 1595 3175 1669; x_wconf 89' lang='lat' dir='ltr'><strong>asticoque</strong></span> <span class='ocrx_word' id='word_1_201' title='bbox 3188 1597 3433 1655; x_wconf 89' lang='lat' dir='ltr'><strong>indutus</strong></span> <span class='ocrx_word' id='word_1_202' title='bbox 3444 1601 3677 1667; x_wconf 89' lang='lat' dir='ltr'><strong>habitu,</strong></span> 
     </span>
    </p>
   </div>
   <div class='ocr_carea' id='block_1_31' title="bbox 306 1679 1902 1759">
    <p class='ocr_par' dir='ltr' id='par_1_31' title="bbox 306 1683 1902 1759">
     <span class='ocr_line' id='line_1_31' title="bbox 306 1683 1902 1759; baseline -0.005 -17"><span class='ocrx_word' id='word_1_203' title='bbox 306 1688 719 1759; x_wconf 75' lang='grc' dir='ltr'>περιϐαλλόμενος</span> <span class='ocrx_word' id='word_1_204' title='bbox 766 1683 967 1759; x_wconf 78' lang='grc' dir='ltr'>ἔνδυμα</span> <span class='ocrx_word' id='word_1_205' title='bbox 1021 1692 1111 1738; x_wconf 85' lang='grc' dir='ltr'>καὶ</span> <span class='ocrx_word' id='word_1_206' title='bbox 1166 1694 1363 1758; x_wconf 78' lang='grc' dir='ltr'>σχῆμα</span> <span class='ocrx_word' id='word_1_207' title='bbox 1409 1688 1553 1758; x_wconf 87' lang='grc' dir='ltr'><strong>παρά</strong></span> <span class='ocrx_word' id='word_1_208' title='bbox 1619 1688 1902 1759; x_wconf 81' lang='grc' dir='ltr'>Χριστοφό-</span> 
     </span>
    </p>
   </div>
   <div class='ocr_carea' id='block_1_32' title="bbox 2016 1679 3683 1759">
    <p class='ocr_par' dir='ltr' id='par_1_32' title="bbox 2022 1679 3683 1756">
     <span class='ocr_line' id='line_1_32' title="bbox 2022 1679 3683 1756; baseline 0.008 -21"><span class='ocrx_word' id='word_1_209' title='bbox 2022 1694 2058 1735; x_wconf 89' lang='lat' dir='ltr'><strong>a</strong></span> <span class='ocrx_word' id='word_1_210' title='bbox 2112 1679 2533 1751; x_wconf 89' lang='lat' dir='ltr'><strong>Christophoro</strong></span> <span class='ocrx_word' id='word_1_211' title='bbox 2592 1683 2692 1753; x_wconf 87' lang='lat'><strong>(9),</strong></span> <span class='ocrx_word' id='word_1_212' title='bbox 2736 1683 3216 1756; x_wconf 87' lang='lat' dir='ltr'><strong>splendidissimo</strong></span> <span class='ocrx_word' id='word_1_213' title='bbox 3270 1689 3425 1744; x_wconf 68' lang='lat' dir='ltr'><strong>illim</strong></span> <span class='ocrx_word' id='word_1_214' title='bbox 3464 1692 3576 1748; x_wconf 60' lang='lat' dir='ltr'><strong>aevi</strong></span> <span class='ocrx_word' id='word_1_215' title='bbox 3625 1696 3683 1748; x_wconf 86' lang='lat' dir='ltr'><strong>et</strong></span> 
     </span>
    </p>
   </div>
   <div class='ocr_carea' id='block_1_33' title="bbox 312 1773 1913 1853">
    <p class='ocr_par' dir='ltr' id='par_1_33' title="bbox 312 1773 1913 1853">
     <span class='ocr_line' id='line_1_33' title="bbox 312 1773 1913 1853; baseline -0.004 -22"><span class='ocrx_word' id='word_1_216' title='bbox 312 1799 393 1853; x_wconf 74' lang='grc' dir='ltr'><strong>ρον</strong></span> <span class='ocrx_word' id='word_1_217' title='bbox 427 1786 514 1831; x_wconf 75' lang='grc' dir='ltr'>τοῦ</span> <span class='ocrx_word' id='word_1_218' title='bbox 549 1774 841 1849; x_wconf 71' lang='grc' dir='ltr'>διαφανοῦς</span> <span class='ocrx_word' id='word_1_219' title='bbox 895 1775 1127 1851; x_wconf 77' lang='grc' dir='ltr'>ἀστέρος,</span> <span class='ocrx_word' id='word_1_220' title='bbox 1205 1773 1313 1834; x_wconf 82' lang='grc' dir='ltr'><strong>ἤδη</strong></span> <span class='ocrx_word' id='word_1_221' title='bbox 1385 1775 1564 1827; x_wconf 88' lang='grc' dir='ltr'>λοιπὸν</span> <span class='ocrx_word' id='word_1_222' title='bbox 1614 1777 1913 1845; x_wconf 75' lang='grc' dir='ltr'>καταφανὴς</span> 
     </span>
    </p>
   </div>
   <div class='ocr_carea' id='block_1_34' title="bbox 553 1862 1910 1939">
    <p class='ocr_par' dir='ltr' id='par_1_34' title="bbox 553 1862 1910 1939">
     <span class='ocr_line' id='line_1_34' title="bbox 553 1862 1910 1939; baseline -0.004 -21"><span class='ocrx_word' id='word_1_223' title='bbox 553 1885 567 1897; x_wconf 76' lang='grc'><strong><em>⁸</em></strong></span> <span class='ocrx_word' id='word_1_224' title='bbox 616 1867 701 1918; x_wconf 46' lang='grc' dir='ltr'><strong>οὖν</strong></span> <span class='ocrx_word' id='word_1_225' title='bbox 732 1870 834 1938; x_wconf 83' lang='grc' dir='ltr'>γὰρ</span> <span class='ocrx_word' id='word_1_226' title='bbox 904 1863 1134 1924; x_wconf 81' lang='grc' dir='ltr'>ἠδύνατο</span> <span class='ocrx_word' id='word_1_227' title='bbox 1198 1865 1343 1925; x_wconf 86' lang='grc' dir='ltr'>πόλις</span> <span class='ocrx_word' id='word_1_228' title='bbox 1409 1864 1667 1939; x_wconf 83' lang='grc' dir='ltr'>κρυϐῆναι</span> <span class='ocrx_word' id='word_1_229' title='bbox 1742 1862 1910 1915; x_wconf 76' lang='grc' dir='ltr'>ἐπάνω</span> 
     </span>
    </p>
   </div>
   <div class='ocr_carea' id='block_1_35' title="bbox 1593 1952 1907 2027">
    <p class='ocr_par' dir='ltr' id='par_1_35' title="bbox 1593 1952 1907 2027">
     <span class='ocr_line' id='line_1_35' title="bbox 1593 1952 1907 2027; baseline -0.01 -22"><span class='ocrx_word' id='word_1_230' title='bbox 1593 1952 1907 2027; x_wconf 77' lang='grc' dir='ltr'>συῤῥεὸντων</span> 
     </span>
    </p>
   </div>
   <div class='ocr_carea' id='block_1_36' title="bbox 315 1868 507 1939">
    <p class='ocr_par' dir='ltr' id='par_1_36' title="bbox 315 1868 507 1939">
     <span class='ocr_line' id='line_1_36' title="bbox 315 1868 507 1939; baseline 0 -20"><span class='ocrx_word' id='word_1_231' title='bbox 315 1868 507 1939; x_wconf 70' lang='grc' dir='ltr'>ἑγεγονει</span> 
     </span>
    </p>
   </div>
   <div class='ocr_carea' id='block_1_37' title="bbox 312 1952 1489 2029">
    <p class='ocr_par' dir='ltr' id='par_1_37' title="bbox 312 1952 1489 2029">
     <span class='ocr_line' id='line_1_37' title="bbox 312 1952 1489 2029; baseline -0.003 -21"><span class='ocrx_word' id='word_1_232' title='bbox 312 1962 446 2027; x_wconf 80' lang='grc' dir='ltr'>ὅρους</span> <span class='ocrx_word' id='word_1_233' title='bbox 497 1960 728 2028; x_wconf 75' lang='grc' dir='ltr'>κειμένη.</span> <span class='ocrx_word' id='word_1_234' title='bbox 793 1955 1015 2029; x_wconf 79' lang='grc' dir='ltr'>Ἠμέραν</span> <span class='ocrx_word' id='word_1_235' title='bbox 1074 1952 1134 2008; x_wconf 69' lang='grc' dir='ltr'><strong>δε</strong></span> <span class='ocrx_word' id='word_1_236' title='bbox 1198 1954 1253 2017; x_wconf 79' lang='grc' dir='ltr'><strong>ἐξ</strong></span> <span class='ocrx_word' id='word_1_237' title='bbox 1296 1957 1489 2027; x_wconf 77' lang='grc' dir='ltr'>ἡμέρας</span> 
     </span>
    </p>
   </div>
   <div class='ocr_carea' id='block_1_38' title="bbox 304 2042 1902 2117">
    <p class='ocr_par' dir='ltr' id='par_1_38' title="bbox 304 2042 1902 2117">
     <span class='ocr_line' id='line_1_38' title="bbox 304 2042 1902 2117; baseline -0.003 -19"><span class='ocrx_word' id='word_1_238' title='bbox 304 2047 376 2099; x_wconf 73' lang='grc' dir='ltr'><strong>ἐπ’</strong></span> <span class='ocrx_word' id='word_1_239' title='bbox 410 2046 546 2117; x_wconf 67' lang='grc' dir='ltr'>αὐτῷ</span> <span class='ocrx_word' id='word_1_240' title='bbox 596 2054 698 2098; x_wconf 80' lang='grc' dir='ltr'>τὼν</span> <span class='ocrx_word' id='word_1_241' title='bbox 758 2052 854 2106; x_wconf 80' lang='grc' dir='ltr'>τῆς</span> <span class='ocrx_word' id='word_1_242' title='bbox 930 2043 1210 2116; x_wconf 83' lang='grc' dir='ltr'>ἁγγελικῆς</span> <span class='ocrx_word' id='word_1_243' title='bbox 1286 2044 1553 2115; x_wconf 82' lang='grc' dir='ltr'>ἐφιεμένων</span> <span class='ocrx_word' id='word_1_244' title='bbox 1627 2042 1902 2104; x_wconf 85' lang='grc' dir='ltr'>πολιτείας,</span> 
     </span>
    </p>
   </div>
   <div class='ocr_carea' id='block_1_39' title="bbox 306 2131 1903 2206">
    <p class='ocr_par' dir='ltr' id='par_1_39' title="bbox 306 2131 1903 2206">
     <span class='ocr_line' id='line_1_39' title="bbox 306 2131 1903 2206; baseline -0.002 -20"><span class='ocrx_word' id='word_1_245' title='bbox 306 2134 556 2188; x_wconf 71' lang='grc' dir='ltr'>ἀπετέλεσε</span> <span class='ocrx_word' id='word_1_246' title='bbox 619 2139 717 2192; x_wconf 71' lang='grc' dir='ltr'>τὴν</span> <span class='ocrx_word' id='word_1_247' title='bbox 760 2138 949 2206; x_wconf 79' lang='grc' dir='ltr'>ἔρημον</span> <span class='ocrx_word' id='word_1_248' title='bbox 1033 2134 1230 2191; x_wconf 84' lang='grc' dir='ltr'>ἐκείνην</span> <span class='ocrx_word' id='word_1_249' title='bbox 1307 2136 1680 2205; x_wconf 83' lang='grc' dir='ltr'>μοναστήριον,</span> <span class='ocrx_word' id='word_1_250' title='bbox 1783 2131 1903 2202; x_wconf 84' lang='grc' dir='ltr'>ὅπερ</span> 
     </span>
    </p>
   </div>
   <div class='ocr_carea' id='block_1_40' title="bbox 308 2220 1906 2292">
    <p class='ocr_par' dir='ltr' id='par_1_40' title="bbox 308 2220 1906 2292">
     <span class='ocr_line' id='line_1_40' title="bbox 308 2220 1906 2292; baseline -0.003 -16"><span class='ocrx_word' id='word_1_251' title='bbox 308 2228 393 2284; x_wconf 76' lang='grc' dir='ltr'>ἕως</span> <span class='ocrx_word' id='word_1_252' title='bbox 442 2232 528 2276; x_wconf 78' lang='grc' dir='ltr'><strong>τού</strong></span> <span class='ocrx_word' id='word_1_253' title='bbox 582 2224 765 2283; x_wconf 83' lang='grc' dir='ltr'>αἰῶνος</span> <span class='ocrx_word' id='word_1_254' title='bbox 822 2222 1071 2275; x_wconf 80' lang='grc' dir='ltr'>ἐπανθοῦν</span> <span class='ocrx_word' id='word_1_255' title='bbox 1145 2230 1259 2283; x_wconf 81' lang='grc' dir='ltr'>ταῖς</span> <span class='ocrx_word' id='word_1_256' title='bbox 1314 2224 1477 2282; x_wconf 85' lang='grc' dir='ltr'>θείαις</span> <span class='ocrx_word' id='word_1_257' title='bbox 1560 2220 1770 2292; x_wconf 81' lang='grc' dir='ltr'>ἀρεταῖς</span> <span class='ocrx_word' id='word_1_258' title='bbox 1816 2224 1906 2271; x_wconf 85' lang='grc' dir='ltr'><strong>καὶ</strong></span> 
     </span>
    </p>
   </div>
   <div class='ocr_carea' id='block_1_41' title="bbox 319 2310 1906 2383">
    <p class='ocr_par' dir='ltr' id='par_1_41' title="bbox 319 2310 1906 2383">
     <span class='ocr_line' id='line_1_41' title="bbox 319 2310 1906 2383; baseline -0.003 -18"><span class='ocrx_word' id='word_1_259' title='bbox 319 2310 559 2365; x_wconf 74' lang='grc' dir='ltr'>δείκνυται</span> <span class='ocrx_word' id='word_1_260' title='bbox 614 2318 704 2365; x_wconf 79' lang='grc' dir='ltr'>καὶ</span> <span class='ocrx_word' id='word_1_261' title='bbox 763 2310 1135 2383; x_wconf 77' lang='grc' dir='ltr'>δειχθήσεται.</span> <span class='ocrx_word' id='word_1_262' title='bbox 1193 2312 1275 2363; x_wconf 86' lang='grc' dir='ltr'>Ἐν</span> <span class='ocrx_word' id='word_1_263' title='bbox 1336 2311 1480 2381; x_wconf 80' lang='grc' dir='ltr'>αύτῷ</span> <span class='ocrx_word' id='word_1_264' title='bbox 1554 2314 1722 2362; x_wconf 87' lang='grc' dir='ltr'>τοίνυν</span> <span class='ocrx_word' id='word_1_265' title='bbox 1783 2313 1906 2369; x_wconf 82' lang='grc' dir='ltr'>τοὺς</span> 
     </span>
    </p>
   </div>
   <div class='ocr_carea' id='block_1_42' title="bbox 312 2394 1905 2473">
    <p class='ocr_par' dir='ltr' id='par_1_42' title="bbox 312 2394 1905 2473">
     <span class='ocr_line' id='line_1_42' title="bbox 312 2394 1905 2473; baseline -0.003 -19"><span class='ocrx_word' id='word_1_266' title='bbox 312 2406 669 2473; x_wconf 75' lang='grc' dir='ltr'>πνευματικούς</span> <span class='ocrx_word' id='word_1_267' title='bbox 718 2399 979 2461; x_wconf 82' lang='grc' dir='ltr'>διανύσας</span> <span class='ocrx_word' id='word_1_268' title='bbox 1032 2400 1238 2464; x_wconf 74' lang='grc' dir='ltr'>ἄθλους,</span> <span class='ocrx_word' id='word_1_269' title='bbox 1307 2403 1512 2471; x_wconf 82' lang='grc' dir='ltr'>μύστης</span> <span class='ocrx_word' id='word_1_270' title='bbox 1549 2408 1645 2460; x_wconf 85' lang='grc' dir='ltr'>τῆς</span> <span class='ocrx_word' id='word_1_271' title='bbox 1673 2394 1905 2472; x_wconf 85' lang='grc' dir='ltr'>Τρίάδος</span> 
     </span>
    </p>
   </div>
   <div class='ocr_carea' id='block_1_43' title="bbox 304 2490 1905 2563">
    <p class='ocr_par' dir='ltr' id='par_1_43' title="bbox 304 2490 1905 2563">
     <span class='ocr_line' id='line_1_43' title="bbox 304 2490 1905 2563; baseline -0.002 -21"><span class='ocrx_word' id='word_1_272' title='bbox 304 2498 505 2562; x_wconf 75' lang='grc' dir='ltr'>γνήσιος</span> <span class='ocrx_word' id='word_1_273' title='bbox 553 2490 791 2563; x_wconf 74' lang='grc' dir='ltr'>ἀνεφάνη,</span> <span class='ocrx_word' id='word_1_274' title='bbox 853 2496 944 2542; x_wconf 83' lang='grc' dir='ltr'>καὶ</span> <span class='ocrx_word' id='word_1_275' title='bbox 1003 2490 1264 2541; x_wconf 80' lang='grc' dir='ltr'>ὀπτασιῶν</span> <span class='ocrx_word' id='word_1_276' title='bbox 1322 2493 1581 2562; x_wconf 73' lang='grc' dir='ltr'>μεγίστων</span> <span class='ocrx_word' id='word_1_277' title='bbox 1648 2490 1905 2559; x_wconf 77' lang='grc' dir='ltr'>θεωρητής</span> 
     </span>
    </p>
   </div>
   <div class='ocr_carea' id='block_1_44' title="bbox 306 2576 1901 2651">
    <p class='ocr_par' dir='ltr' id='par_1_44' title="bbox 306 2576 1901 2651">
     <span class='ocr_line' id='line_1_44' title="bbox 306 2576 1901 2651; baseline -0.004 -19"><span class='ocrx_word' id='word_1_278' title='bbox 306 2581 635 2651; x_wconf 72' lang='grc' dir='ltr'>γέγονεδ.Ἢν</span> <span class='ocrx_word' id='word_1_279' title='bbox 666 2578 723 2633; x_wconf 73' lang='grc' dir='ltr'><strong>δε</strong></span> <span class='ocrx_word' id='word_1_280' title='bbox 770 2580 912 2649; x_wconf 79' lang='grc' dir='ltr'>αύτῷ</span> <span class='ocrx_word' id='word_1_281' title='bbox 953 2582 1009 2631; x_wconf 83' lang='grc' dir='ltr'>τὸ</span> <span class='ocrx_word' id='word_1_282' title='bbox 1058 2576 1309 2651; x_wconf 76' lang='grc' dir='ltr'>διαρκοῦν</span> <span class='ocrx_word' id='word_1_283' title='bbox 1359 2578 1432 2640; x_wconf 81' lang='grc' dir='ltr'><strong>εἰς</strong></span> <span class='ocrx_word' id='word_1_284' title='bbox 1469 2582 1647 2636; x_wconf 82' lang='grc' dir='ltr'>κοίτην</span> <span class='ocrx_word' id='word_1_285' title='bbox 1690 2576 1901 2648; x_wconf 70' lang='grc' dir='ltr'>ψιάθιον</span> 
     </span>
    </p>
   </div>
   <div class='ocr_carea' id='block_1_45' title="bbox 320 2667 1904 2743">
    <p class='ocr_par' dir='ltr' id='par_1_45' title="bbox 320 2667 1904 2743">
     <span class='ocr_line' id='line_1_45' title="bbox 320 2667 1904 2743; baseline -0.003 -22"><span class='ocrx_word' id='word_1_286' title='bbox 320 2669 534 2733; x_wconf 66' lang='grc' dir='ltr'>εὐτελὲς,</span> <span class='ocrx_word' id='word_1_287' title='bbox 582 2675 668 2721; x_wconf 83' lang='grc' dir='ltr'>καὶ</span> <span class='ocrx_word' id='word_1_288' title='bbox 702 2673 959 2743; x_wconf 85' lang='grc' dir='ltr'>τριχίνιον</span> <span class='ocrx_word' id='word_1_289' title='bbox 1019 2667 1373 2739; x_wconf 73' lang='grc' dir='ltr'>ἐπικάλυμμα,</span> <span class='ocrx_word' id='word_1_290' title='bbox 1424 2673 1513 2720; x_wconf 83' lang='grc' dir='ltr'>καὶ</span> <span class='ocrx_word' id='word_1_291' title='bbox 1570 2671 1699 2739; x_wconf 87' lang='grc' dir='ltr'>πρὸς</span> <span class='ocrx_word' id='word_1_292' title='bbox 1750 2685 1904 2737; x_wconf 81' lang='grc' dir='ltr'>κεφα-</span> 
     </span>
    </p>
   </div>
   <div class='ocr_carea' id='block_1_46' title="bbox 320 2755 1900 2827">
    <p class='ocr_par' dir='ltr' id='par_1_46' title="bbox 320 2755 1900 2827">
     <span class='ocr_line' id='line_1_46' title="bbox 320 2755 1900 2827; baseline -0.001 -21"><span class='ocrx_word' id='word_1_293' title='bbox 320 2758 417 2813; x_wconf 66' lang='grc' dir='ltr'>λὴν</span> <span class='ocrx_word' id='word_1_294' title='bbox 438 2758 588 2808; x_wconf 67' lang='grc' dir='ltr'>αὐτοῦ</span> <span class='ocrx_word' id='word_1_295' title='bbox 611 2758 763 2818; x_wconf 82' lang='grc' dir='ltr'>λίθος.</span> <span class='ocrx_word' id='word_1_296' title='bbox 812 2757 922 2810; x_wconf 80' lang='grc' dir='ltr'><strong>Ούκ</strong></span> <span class='ocrx_word' id='word_1_297' title='bbox 987 2756 1329 2827; x_wconf 77' lang='grc' dir='ltr'>ἐκαυχήσατο</span> <span class='ocrx_word' id='word_1_298' title='bbox 1382 2764 1532 2817; x_wconf 78' lang='grc' dir='ltr'>νῆτος</span> <span class='ocrx_word' id='word_1_299' title='bbox 1576 2758 1656 2825; x_wconf 84' lang='lat' dir='ltr'><strong>(a)</strong></span> <span class='ocrx_word' id='word_1_300' title='bbox 1705 2755 1900 2807; x_wconf 81' lang='grc' dir='ltr'>ἁπαλό-</span> 
     </span>
    </p>
   </div>
   <div class='ocr_carea' id='block_1_47' title="bbox 331 2844 1900 2918">
    <p class='ocr_par' dir='ltr' id='par_1_47' title="bbox 331 2844 1900 2918">
     <span class='ocr_line' id='line_1_47' title="bbox 331 2844 1900 2918; baseline 0.001 -22"><span class='ocrx_word' id='word_1_301' title='bbox 331 2865 479 2906; x_wconf 81' lang='grc' dir='ltr'>τητος</span> <span class='ocrx_word' id='word_1_302' title='bbox 538 2846 601 2905; x_wconf 79' lang='grc' dir='ltr'>εἰς</span> <span class='ocrx_word' id='word_1_303' title='bbox 649 2845 904 2918; x_wconf 49' lang='grc' dir='ltr'>περιϐολὴν</span> <span class='ocrx_word' id='word_1_304' title='bbox 958 2846 1141 2910; x_wconf 72' lang='grc' dir='ltr'>αὐτοῦ,</span> <span class='ocrx_word' id='word_1_305' title='bbox 1212 2846 1270 2898; x_wconf 82' lang='grc' dir='ltr'><strong>ού</strong></span> <span class='ocrx_word' id='word_1_306' title='bbox 1324 2850 1537 2917; x_wconf 74' lang='grc' dir='ltr'>κναφεὺς</span> <span class='ocrx_word' id='word_1_307' title='bbox 1585 2845 1667 2898; x_wconf 77' lang='grc' dir='ltr'><strong>ἐπὶ</strong></span> <span class='ocrx_word' id='word_1_308' title='bbox 1720 2844 1900 2903; x_wconf 78' lang='grc' dir='ltr'>ἐσθῆτι</span> 
     </span>
    </p>
   </div>
   <div class='ocr_carea' id='block_1_48' title="bbox 324 2934 1903 3007">
    <p class='ocr_par' dir='ltr' id='par_1_48' title="bbox 324 2934 1903 3007">
     <span class='ocr_line' id='line_1_48' title="bbox 324 2934 1903 3007; baseline 0 -22"><span class='ocrx_word' id='word_1_309' title='bbox 324 2934 471 2986; x_wconf 63' lang='grc' dir='ltr'>αὐτοῦ</span> <span class='ocrx_word' id='word_1_310' title='bbox 520 2938 858 3006; x_wconf 75' lang='grc' dir='ltr'>μεμοχθηκεν,</span> <span class='ocrx_word' id='word_1_311' title='bbox 917 2936 1022 3007; x_wconf 77' lang='grc' dir='ltr'><strong>ούχ</strong></span> <span class='ocrx_word' id='word_1_312' title='bbox 1066 2937 1222 2995; x_wconf 79' lang='grc' dir='ltr'>ἵππος</span> <span class='ocrx_word' id='word_1_313' title='bbox 1295 2935 1573 3007; x_wconf 76' lang='grc' dir='ltr'>ἦήμίονος</span> <span class='ocrx_word' id='word_1_314' title='bbox 1619 2938 1749 3007; x_wconf 82' lang='grc' dir='ltr'>πρὸς</span> <span class='ocrx_word' id='word_1_315' title='bbox 1807 2935 1903 2985; x_wconf 83' lang='grc' dir='ltr'><strong>ὑπ-</strong></span> 
     </span>
    </p>
   </div>
   <div class='ocr_carea' id='block_1_49' title="bbox 312 3025 1977 3112">
    <p class='ocr_par' dir='ltr' id='par_1_49' title="bbox 312 3025 1977 3112">
     <span class='ocr_line' id='line_1_49' title="bbox 312 3025 1977 3112; baseline -0.001 -36"><span class='ocrx_word' id='word_1_316' title='bbox 312 3030 515 3096; x_wconf 76' lang='grc' dir='ltr'>ηρεσίαν</span> <span class='ocrx_word' id='word_1_317' title='bbox 558 3026 690 3094; x_wconf 68' lang='grc' dir='ltr'><strong>αὐτῴ</strong></span> <span class='ocrx_word' id='word_1_318' title='bbox 757 3028 1167 3098; x_wconf 79' lang='grc' dir='ltr'>κεχρημάτικεν,</span> <span class='ocrx_word' id='word_1_319' title='bbox 1253 3025 1312 3077; x_wconf 81' lang='grc' dir='ltr'><strong>ού</strong></span> <span class='ocrx_word' id='word_1_320' title='bbox 1379 3030 1637 3098; x_wconf 75' lang='grc' dir='ltr'>μαγείρων</span> <span class='ocrx_word' id='word_1_321' title='bbox 1698 3043 1901 3096; x_wconf 80' lang='grc' dir='ltr'>μαγγα-</span> <span class='ocrx_word' id='word_1_322' title='bbox 1938 3058 1977 3112; x_wconf 76' lang='lat' dir='ltr'>C</span> 
     </span>
    </p>
   </div>
   <div class='ocr_carea' id='block_1_50' title="bbox 302 3109 1899 3185">
    <p class='ocr_par' dir='ltr' id='par_1_50' title="bbox 302 3109 1899 3185">
     <span class='ocr_line' id='line_1_50' title="bbox 302 3109 1899 3185; baseline -0.001 -20"><span class='ocrx_word' id='word_1_323' title='bbox 302 3122 426 3165; x_wconf 80' lang='grc' dir='ltr'>νεῖαι</span> <span class='ocrx_word' id='word_1_324' title='bbox 462 3117 523 3165; x_wconf 79' lang='grc' dir='ltr'>τὰ</span> <span class='ocrx_word' id='word_1_325' title='bbox 580 3111 857 3171; x_wconf 74' lang='grc' dir='ltr'>ἐπιτήδεια</span> <span class='ocrx_word' id='word_1_326' title='bbox 913 3115 1050 3184; x_wconf 83' lang='grc' dir='ltr'>αύτῷ</span> <span class='ocrx_word' id='word_1_327' title='bbox 1125 3121 1480 3185; x_wconf 77' lang='grc' dir='ltr'>χορηγοῦσαι,</span> <span class='ocrx_word' id='word_1_328' title='bbox 1546 3114 1639 3165; x_wconf 79' lang='grc' dir='ltr'>οὐκ</span> <span class='ocrx_word' id='word_1_329' title='bbox 1696 3109 1899 3173; x_wconf 75' lang='grc' dir='ltr'>εὐώδης</span> 
     </span>
    </p>
   </div>
   <div class='ocr_carea' id='block_1_51' title="bbox 300 3200 1900 3278">
    <p class='ocr_par' dir='ltr' id='par_1_51' title="bbox 300 3200 1900 3278">
     <span class='ocr_line' id='line_1_51' title="bbox 300 3200 1900 3278; baseline 0.006 -23"><span class='ocrx_word' id='word_1_330' title='bbox 300 3200 422 3263; x_wconf 82' lang='grc' dir='ltr'>οἶνος</span> <span class='ocrx_word' id='word_1_331' title='bbox 451 3202 673 3256; x_wconf 63' lang='grc' dir='ltr'>ὓίπανεν</span> <span class='ocrx_word' id='word_1_332' title='bbox 727 3203 889 3255; x_wconf 69' lang='grc' dir='ltr'>αὐτοῦ</span> <span class='ocrx_word' id='word_1_333' title='bbox 944 3206 1185 3278; x_wconf 81' lang='grc' dir='ltr'>φάρυγγα</span> <span class='ocrx_word' id='word_1_334' title='bbox 1248 3222 1259 3232; x_wconf 91' lang='grc'><strong>·</strong></span> <span class='ocrx_word' id='word_1_335' title='bbox 1318 3202 1424 3254; x_wconf 77' lang='grc' dir='ltr'>ἀλλ’</span> <span class='ocrx_word' id='word_1_336' title='bbox 1472 3200 1531 3261; x_wconf 74' lang='grc' dir='ltr'>ἦν</span> <span class='ocrx_word' id='word_1_337' title='bbox 1590 3203 1729 3272; x_wconf 72' lang='grc' dir='ltr'><strong>αὖτῷ</strong></span> <span class='ocrx_word' id='word_1_338' title='bbox 1760 3200 1900 3275; x_wconf 83' lang='grc' dir='ltr'><strong>βρῶ-</strong></span> 
     </span>
    </p>
   </div>
   <div class='ocr_carea' id='block_1_52' title="bbox 309 3289 1892 3367">
    <p class='ocr_par' dir='ltr' id='par_1_52' title="bbox 309 3289 1892 3367">
     <span class='ocr_line' id='line_1_52' title="bbox 309 3289 1892 3367; baseline 0.001 -24"><span class='ocrx_word' id='word_1_339' title='bbox 309 3312 387 3354; x_wconf 85' lang='grc' dir='ltr'><strong>σις</strong></span> <span class='ocrx_word' id='word_1_340' title='bbox 450 3297 538 3345; x_wconf 84' lang='grc' dir='ltr'>καὶ</span> <span class='ocrx_word' id='word_1_341' title='bbox 589 3298 742 3353; x_wconf 84' lang='grc' dir='ltr'>πόσις</span> <span class='ocrx_word' id='word_1_342' title='bbox 788 3293 948 3365; x_wconf 80' lang='grc' dir='ltr'>ἄρτος</span> <span class='ocrx_word' id='word_1_343' title='bbox 988 3295 1321 3367; x_wconf 78' lang='grc' dir='ltr'>τραχύτατος</span> <span class='ocrx_word' id='word_1_344' title='bbox 1366 3297 1455 3344; x_wconf 82' lang='grc' dir='ltr'>καὶ</span> <span class='ocrx_word' id='word_1_345' title='bbox 1500 3289 1642 3367; x_wconf 75' lang='grc' dir='ltr'>ὕδωρ</span> <span class='ocrx_word' id='word_1_346' title='bbox 1689 3289 1892 3363; x_wconf 81' lang='grc' dir='ltr'>βραχύ.</span> 
     </span>
    </p>
   </div>
   <div class='ocr_carea' id='block_1_53' title="bbox 363 3466 1893 3541">
    <p class='ocr_par' dir='ltr' id='par_1_53' title="bbox 363 3466 1893 3541">
     <span class='ocr_line' id='line_1_53' title="bbox 363 3466 1893 3541; baseline -0.003 -19"><span class='ocrx_word' id='word_1_347' title='bbox 363 3470 589 3524; x_wconf 79' lang='grc' dir='ltr'><strong>ΙΓ’.Τού</strong></span> <span class='ocrx_word' id='word_1_348' title='bbox 638 3467 698 3521; x_wconf 66' lang='grc' dir='ltr'>δὲ</span> <span class='ocrx_word' id='word_1_349' title='bbox 730 3467 986 3541; x_wconf 81' lang='grc' dir='ltr'>βασιλίως</span> <span class='ocrx_word' id='word_1_350' title='bbox 1039 3468 1168 3521; x_wconf 81' lang='grc' dir='ltr'>τέλει</span> <span class='ocrx_word' id='word_1_351' title='bbox 1229 3474 1318 3519; x_wconf 83' lang='grc' dir='ltr'>τοῦ</span> <span class='ocrx_word' id='word_1_352' title='bbox 1361 3466 1483 3540; x_wconf 82' lang='grc' dir='ltr'>βίου</span> <span class='ocrx_word' id='word_1_353' title='bbox 1531 3470 1893 3539; x_wconf 79' lang='grc' dir='ltr'>χρησαμένου,</span> 
     </span>
    </p>
   </div>
   <div class='ocr_carea' id='block_1_54' title="bbox 297 3554 1897 3633">
    <p class='ocr_par' dir='ltr' id='par_1_54' title="bbox 297 3554 1897 3633">
     <span class='ocr_line' id='line_1_54' title="bbox 297 3554 1897 3633; baseline -0.005 -19"><span class='ocrx_word' id='word_1_354' title='bbox 297 3559 518 3633; x_wconf 74' lang='grc' dir='ltr'>Εἰρήνης</span> <span class='ocrx_word' id='word_1_355' title='bbox 548 3556 602 3611; x_wconf 69' lang='grc' dir='ltr'><strong>δε</strong></span> <span class='ocrx_word' id='word_1_356' title='bbox 660 3560 756 3610; x_wconf 79' lang='grc' dir='ltr'>σὺν</span> <span class='ocrx_word' id='word_1_357' title='bbox 806 3559 904 3628; x_wconf 81' lang='grc' dir='ltr'><strong>υἱῷ</strong></span> <span class='ocrx_word' id='word_1_358' title='bbox 960 3562 1328 3628; x_wconf 80' lang='grc' dir='ltr'>Κωνσταντίνῳ</span> <span class='ocrx_word' id='word_1_359' title='bbox 1377 3555 1597 3618; x_wconf 81' lang='grc' dir='ltr'>εύσεϐὠς</span> <span class='ocrx_word' id='word_1_360' title='bbox 1647 3560 1738 3614; x_wconf 79' lang='grc' dir='ltr'>τὴν</span> <span class='ocrx_word' id='word_1_361' title='bbox 1794 3554 1897 3628; x_wconf 83' lang='grc' dir='ltr'><strong>βα-</strong></span> 
     </span>
    </p>
   </div>
   <div class='ocr_carea' id='block_1_55' title="bbox 297 3645 1892 3719">
    <p class='ocr_par' dir='ltr' id='par_1_55' title="bbox 297 3645 1892 3719">
     <span class='ocr_line' id='line_1_55' title="bbox 297 3645 1892 3719; baseline -0.003 -19"><span class='ocrx_word' id='word_1_362' title='bbox 297 3648 489 3700; x_wconf 63' lang='grc' dir='ltr'>σιλείων</span> <span class='ocrx_word' id='word_1_363' title='bbox 541 3649 884 3718; x_wconf 73' lang='grc' dir='ltr'>ἡνιοχούσης,</span> <span class='ocrx_word' id='word_1_364' title='bbox 944 3646 1286 3718; x_wconf 67' lang='grc' dir='ltr'>προϐάλλεται</span> <span class='ocrx_word' id='word_1_365' title='bbox 1340 3647 1410 3708; x_wconf 83' lang='grc' dir='ltr'><strong>εἰς</strong></span> <span class='ocrx_word' id='word_1_366' title='bbox 1462 3645 1713 3719; x_wconf 80' lang='grc' dir='ltr'>ἀρχιερέα</span> <span class='ocrx_word' id='word_1_367' title='bbox 1753 3652 1892 3697; x_wconf 79' lang='grc' dir='ltr'>Κων-</span> 
     </span>
    </p>
   </div>
   <div class='ocr_carea' id='block_1_56' title="bbox 297 3734 1895 3811">
    <p class='ocr_par' dir='ltr' id='par_1_56' title="bbox 297 3734 1895 3811">
     <span class='ocr_line' id='line_1_56' title="bbox 297 3734 1895 3811; baseline -0.003 -21"><span class='ocrx_word' id='word_1_368' title='bbox 297 3737 771 3800; x_wconf 76' lang='grc' dir='ltr'>σταντινουπολειος,</span> <span class='ocrx_word' id='word_1_369' title='bbox 826 3739 968 3811; x_wconf 86' lang='grc' dir='ltr'>παρά</span> <span class='ocrx_word' id='word_1_370' title='bbox 1022 3756 1075 3789; x_wconf 87' lang='grc' dir='ltr'><strong>τε</strong></span> <span class='ocrx_word' id='word_1_371' title='bbox 1104 3745 1193 3797; x_wconf 78' lang='grc' dir='ltr'>τῆς</span> <span class='ocrx_word' id='word_1_372' title='bbox 1252 3734 1578 3808; x_wconf 78' lang='grc' dir='ltr'>βασιλίσσης</span> <span class='ocrx_word' id='word_1_373' title='bbox 1606 3740 1695 3787; x_wconf 80' lang='grc' dir='ltr'>καὶ</span> <span class='ocrx_word' id='word_1_374' title='bbox 1718 3737 1895 3794; x_wconf 86' lang='grc' dir='ltr'>πάσης</span> 
     </span>
    </p>
   </div>
   <div class='ocr_carea' id='block_1_57' title="bbox 295 3820 1892 3898">
    <p class='ocr_par' dir='ltr' id='par_1_57' title="bbox 295 3820 1892 3898">
     <span class='ocr_line' id='line_1_57' title="bbox 295 3820 1892 3898; baseline -0.002 -21"><span class='ocrx_word' id='word_1_375' title='bbox 295 3836 391 3888; x_wconf 73' lang='grc' dir='ltr'>τῆς</span> <span class='ocrx_word' id='word_1_376' title='bbox 448 3825 735 3895; x_wconf 70' lang='grc' dir='ltr'>συγκλήτου</span> <span class='ocrx_word' id='word_1_377' title='bbox 800 3830 890 3877; x_wconf 88' lang='grc' dir='ltr'>καὶ</span> <span class='ocrx_word' id='word_1_378' title='bbox 946 3834 1044 3878; x_wconf 84' lang='grc' dir='ltr'>τῶν</span> <span class='ocrx_word' id='word_1_379' title='bbox 1101 3822 1337 3896; x_wconf 80' lang='grc' dir='ltr'>λογάδων</span> <span class='ocrx_word' id='word_1_380' title='bbox 1438 3833 1534 3886; x_wconf 85' lang='grc' dir='ltr'>τῆς</span> <span class='ocrx_word' id='word_1_381' title='bbox 1606 3820 1892 3898; x_wconf 79' lang='grc' dir='ltr'>ὀρθοδόξου</span> 
     </span>
    </p>
   </div>
   <div class='ocr_carea' id='block_1_58' title="bbox 303 3911 1893 3987">
    <p class='ocr_par' dir='ltr' id='par_1_58' title="bbox 303 3911 1893 3987">
     <span class='ocr_line' id='line_1_58' title="bbox 303 3911 1893 3987; baseline -0.002 -21"><span class='ocrx_word' id='word_1_382' title='bbox 303 3911 581 3986; x_wconf 71' lang='grc' dir='ltr'>δογμάτων</span> <span class='ocrx_word' id='word_1_383' title='bbox 646 3914 919 3987; x_wconf 67' lang='grc' dir='ltr'>ἀκριϐείας,</span> <span class='ocrx_word' id='word_1_384' title='bbox 969 3917 1099 3987; x_wconf 82' lang='grc' dir='ltr'><strong>μετά</strong></span> <span class='ocrx_word' id='word_1_385' title='bbox 1145 3917 1360 3967; x_wconf 85' lang='grc' dir='ltr'>θάνατον</span> <span class='ocrx_word' id='word_1_386' title='bbox 1408 3913 1613 3966; x_wconf 81' lang='grc' dir='ltr'>Παύλου</span> <span class='ocrx_word' id='word_1_387' title='bbox 1671 3921 1760 3965; x_wconf 79' lang='grc' dir='ltr'>τοῦ</span> <span class='ocrx_word' id='word_1_388' title='bbox 1794 3911 1893 3963; x_wconf 80' lang='grc' dir='ltr'><strong>ἀπὸ</strong></span> 
     </span>
    </p>
   </div>
   <div class='ocr_carea' id='block_1_59' title="bbox 288 4004 1892 4077">
    <p class='ocr_par' dir='ltr' id='par_1_59' title="bbox 288 4004 1892 4077">
     <span class='ocr_line' id='line_1_59' title="bbox 288 4004 1892 4077; baseline -0.001 -22"><span class='ocrx_word' id='word_1_389' title='bbox 288 4011 635 4075; x_wconf 77' lang='grc' dir='ltr'>πατριαρχῶν</span> <span class='ocrx_word' id='word_1_390' title='bbox 674 4012 933 4076; x_wconf 79' lang='grc' dir='ltr'>μοναχοῦ,</span> <span class='ocrx_word' id='word_1_391' title='bbox 984 4006 1237 4077; x_wconf 87' lang='grc' dir='ltr'>Ταράριος</span> <span class='ocrx_word' id='word_1_392' title='bbox 1294 4006 1318 4056; x_wconf 84' lang='grc' dir='ltr'><strong><em>ὁ</em></strong></span> <span class='ocrx_word' id='word_1_393' title='bbox 1359 4004 1645 4075; x_wconf 73' lang='grc' dir='ltr'>ἁγιώτατος</span> <span class='ocrx_word' id='word_1_394' title='bbox 1680 4006 1892 4074; x_wconf 81' lang='grc' dir='ltr'>φωστὴρ</span> 
     </span>
    </p>
   </div>
   <div class='ocr_carea' id='block_1_60' title="bbox 278 4089 1891 4166">
    <p class='ocr_par' dir='ltr' id='par_1_60' title="bbox 278 4089 1891 4166">
     <span class='ocr_line' id='line_1_60' title="bbox 278 4089 1891 4166; baseline -0.001 -22"><span class='ocrx_word' id='word_1_395' title='bbox 278 4102 367 4154; x_wconf 81' lang='grc' dir='ltr'>τῆς</span> <span class='ocrx_word' id='word_1_396' title='bbox 389 4089 721 4166; x_wconf 77' lang='grc' dir='ltr'>ὀρθοδοξίας,</span> <span class='ocrx_word' id='word_1_397' title='bbox 752 4090 978 4155; x_wconf 75' lang='grc' dir='ltr'>σύνοδος</span> <span class='ocrx_word' id='word_1_398' title='bbox 1013 4113 1066 4146; x_wconf 87' lang='grc' dir='ltr'><strong>τε</strong></span> <span class='ocrx_word' id='word_1_399' title='bbox 1122 4094 1452 4166; x_wconf 80' lang='grc' dir='ltr'>οἰκουμενικὴ</span> <span class='ocrx_word' id='word_1_400' title='bbox 1503 4092 1891 4166; x_wconf 77' lang='grc' dir='ltr'>συνηθροίζετο,</span> 
     </span>
    </p>
   </div>
   <div class='ocr_carea' id='block_1_61' title="bbox 271 4218 791 4276">
    <p class='ocr_par' dir='ltr' id='par_1_61' title="bbox 271 4218 791 4276">
     <span class='ocr_line' id='line_1_61' title="bbox 271 4218 791 4276; baseline 0 -1"><span class='ocrx_word' id='word_1_401' title='bbox 271 4222 294 4256; x_wconf 84' lang='grc'>⁷</span> <span class='ocrx_word' id='word_1_402' title='bbox 336 4218 556 4276; x_wconf 82' lang='lat' dir='ltr'><strong>Matth.</strong></span> <span class='ocrx_word' id='word_1_403' title='bbox 597 4234 655 4273; x_wconf 75' lang='grc' dir='ltr'>ν.</span> <span class='ocrx_word' id='word_1_404' title='bbox 697 4221 791 4275; x_wconf 80' lang='grc'><strong>74.</strong></span> 
     </span>
    </p>
   </div>
   <div class='ocr_carea' id='block_1_62' title="bbox 330 4368 1897 4449">
    <p class='ocr_par' dir='ltr' id='par_1_62' title="bbox 330 4368 1897 4449">
     <span class='ocr_line' id='line_1_62' title="bbox 330 4368 1897 4449; baseline -0.003 -22"><span class='ocrx_word' id='word_1_405' title='bbox 330 4373 387 4441; x_wconf 90' lang='grc'><strong>8)</strong></span> <span class='ocrx_word' id='word_1_406' title='bbox 420 4370 593 4449; x_wconf 65' lang='lat' dir='ltr'><strong>Asiae</strong></span> <span class='ocrx_word' id='word_1_407' title='bbox 631 4368 880 4449; x_wconf 76' lang='lat' dir='ltr'><strong>minoris</strong></span> <span class='ocrx_word' id='word_1_408' title='bbox 922 4370 1083 4449; x_wconf 87' lang='lat' dir='ltr'><strong>regio</strong></span> <span class='ocrx_word' id='word_1_409' title='bbox 1120 4375 1208 4426; x_wconf 89' lang='lat' dir='ltr'><strong>est</strong></span> <span class='ocrx_word' id='word_1_410' title='bbox 1249 4369 1574 4449; x_wconf 83' lang='lat' dir='ltr'><strong>provinciis</strong></span> <span class='ocrx_word' id='word_1_411' title='bbox 1629 4368 1897 4449; x_wconf 56' lang='lat' dir='ltr'><strong>Phrygiae</strong></span> 
     </span>
    </p>
   </div>
   <div class='ocr_carea' id='block_1_63' title="bbox 263 4439 1897 4522">
    <p class='ocr_par' dir='ltr' id='par_1_63' title="bbox 263 4439 1897 4522">
     <span class='ocr_line' id='line_1_63' title="bbox 263 4439 1897 4522; baseline -0.004 -21"><span class='ocrx_word' id='word_1_412' title='bbox 263 4439 434 4522; x_wconf 67' lang='grc' dir='ltr'>ξοηιί</span> <span class='ocrx_word' id='word_1_413' title='bbox 451 4440 1212 4522; x_wconf 26' lang='lat' dir='ltr'><strong>et‘Ga_lati£ecincta,quam</strong></span> <span class='ocrx_word' id='word_1_414' title='bbox 1246 4439 1567 4522; x_wconf 80' lang='lat' dir='ltr'><strong>Sangarius</strong></span> <span class='ocrx_word' id='word_1_415' title='bbox 1611 4439 1897 4522; x_wconf 50' lang='lat' dir='ltr'><strong>multiplci</strong></span> 
     </span>
    </p>
   </div>
   <div class='ocr_carea' id='block_1_64' title="bbox 262 4510 1893 4585">
    <p class='ocr_par' dir='ltr' id='par_1_64' title="bbox 262 4510 1893 4585">
     <span class='ocr_line' id='line_1_64' title="bbox 262 4510 1893 4585; baseline -0.006 -11"><span class='ocrx_word' id='word_1_416' title='bbox 262 4517 419 4574; x_wconf 85' lang='lat' dir='ltr'><strong>ﬂexu</strong></span> <span class='ocrx_word' id='word_1_417' title='bbox 447 4510 745 4585; x_wconf 80' lang='lat' dir='ltr'><strong>interluit,</strong></span> <span class='ocrx_word' id='word_1_418' title='bbox 775 4512 966 4568; x_wconf 90' lang='lat' dir='ltr'><strong>donec</strong></span> <span class='ocrx_word' id='word_1_419' title='bbox 984 4510 1087 4585; x_wconf 74' lang='lat' dir='ltr'><strong>per</strong></span> <span class='ocrx_word' id='word_1_420' title='bbox 1119 4510 1625 4569; x_wconf 27' lang='lat' dir='ltr'><strong>Pontum’tandem</strong></span> <span class='ocrx_word' id='word_1_421' title='bbox 1659 4510 1893 4567; x_wconf 84' lang='lat' dir='ltr'><strong>inEuxi-</strong></span> 
     </span>
    </p>
   </div>
   <div class='ocr_carea' id='block_1_65' title="bbox 261 4582 813 4645">
    <p class='ocr_par' dir='ltr' id='par_1_65' title="bbox 261 4582 813 4645">
     <span class='ocr_line' id='line_1_65' title="bbox 261 4582 813 4645; baseline -0.02 0"><span class='ocrx_word' id='word_1_422' title='bbox 261 4606 407 4645; x_wconf 89' lang='lat' dir='ltr'><strong>num</strong></span> <span class='ocrx_word' id='word_1_423' title='bbox 434 4582 813 4642; x_wconf 84' lang='lat' dir='ltr'><strong>revolvatur.</strong></span> 
     </span>
    </p>
   </div>
   <div class='ocr_carea' id='block_1_66' title="bbox 326 4655 1808 4735">
    <p class='ocr_par' dir='ltr' id='par_1_66' title="bbox 326 4655 1808 4735">
     <span class='ocr_line' id='line_1_66' title="bbox 326 4655 1808 4735; baseline 0.001 -22"><span class='ocrx_word' id='word_1_424' title='bbox 326 4661 407 4731; x_wconf 80' lang='grc'><strong>(9)</strong></span> <span class='ocrx_word' id='word_1_425' title='bbox 436 4658 813 4735; x_wconf 48' lang='lat' dir='ltr'><strong>Gregorium</strong></span> <span class='ocrx_word' id='word_1_426' title='bbox 841 4655 1065 4712; x_wconf 87' lang='lat' dir='ltr'><strong>habent</strong></span> <span class='ocrx_word' id='word_1_427' title='bbox 1093 4655 1410 4735; x_wconf 80' lang='lat' dir='ltr'><strong>aliaActa._</strong></span> <span class='ocrx_word' id='word_1_428' title='bbox 1494 4731 1501 4735; x_wconf 87' lang='lat'><strong>_</strong></span> <span class='ocrx_word' id='word_1_429' title='bbox 1644 4725 1657 4735; x_wconf 43' lang='lat'><strong><em>‘</em></strong></span> <span class='ocrx_word' id='word_1_430' title='bbox 1747 4729 1756 4735; x_wconf 83' lang='lat'>_</span> <span class='ocrx_word' id='word_1_431' title='bbox 1799 4725 1808 4735; x_wconf 39' lang='lat'><em>.</em></span> 
     </span>
    </p>
   </div>
   <div class='ocr_carea' id='block_1_67' title="bbox 326 4725 1895 4802">
    <p class='ocr_par' dir='ltr' id='par_1_67' title="bbox 326 4725 1895 4802">
     <span class='ocr_line' id='line_1_67' title="bbox 326 4725 1895 4802; baseline -0.004 -14"><span class='ocrx_word' id='word_1_432' title='bbox 326 4725 451 4802; x_wconf 69' lang='grc' dir='ltr'>(ω)</span> <span class='ocrx_word' id='word_1_433' title='bbox 480 4728 612 4788; x_wconf 88' lang='lat' dir='ltr'><strong>Hic</strong></span> <span class='ocrx_word' id='word_1_434' title='bbox 640 4725 886 4798; x_wconf 89' lang='lat' dir='ltr'><strong>Cyprius</strong></span> <span class='ocrx_word' id='word_1_435' title='bbox 918 4744 1150 4802; x_wconf 81' lang='lat' dir='ltr'><strong>genere,</strong></span> <span class='ocrx_word' id='word_1_436' title='bbox 1181 4728 1372 4802; x_wconf 87' lang='lat' dir='ltr'><strong>gradu</strong></span> <span class='ocrx_word' id='word_1_437' title='bbox 1398 4728 1600 4802; x_wconf 77' lang='lat' dir='ltr'><strong>lector,</strong></span> <span class='ocrx_word' id='word_1_438' title='bbox 1625 4725 1895 4781; x_wconf 86' lang='lat' dir='ltr'><strong>doctrina</strong></span> 
     </span>
    </p>
   </div>
   <div class='ocr_carea' id='block_1_68' title="bbox 259 4800 1889 4863">
    <p class='ocr_par' dir='ltr' id='par_1_68' title="bbox 259 4800 1889 4863">
     <span class='ocr_line' id='line_1_68' title="bbox 259 4800 1889 4863; baseline -0.005 -3"><span class='ocrx_word' id='word_1_439' title='bbox 259 4810 310 4860; x_wconf 88' lang='lat' dir='ltr'><strong>et</strong></span> <span class='ocrx_word' id='word_1_440' title='bbox 332 4800 583 4859; x_wconf 73' lang='lat' dir='ltr'><strong>virtute</strong></span> <span class='ocrx_word' id='word_1_441' title='bbox 612 4803 915 4863; x_wconf 68' lang='lat' dir='ltr'><strong>praestans,</strong></span> <span class='ocrx_word' id='word_1_442' title='bbox 942 4800 1150 4854; x_wconf 90' lang='lat' dir='ltr'><strong>ultimo</strong></span> <span class='ocrx_word' id='word_1_443' title='bbox 1176 4800 1376 4855; x_wconf 84' lang='lat' dir='ltr'><strong>Leonis</strong></span> <span class='ocrx_word' id='word_1_444' title='bbox 1410 4801 1693 4857; x_wconf 86' lang='lat' dir='ltr'><strong>Chazares</strong></span> <span class='ocrx_word' id='word_1_445' title='bbox 1711 4813 1889 4861; x_wconf 87' lang='lat' dir='ltr'><strong>anno,</strong></span> 
     </span>
    </p>
   </div>
   <div class='ocr_carea' id='block_1_69' title="bbox 256 4868 1895 4949">
    <p class='ocr_par' dir='ltr' id='par_1_69' title="bbox 256 4868 1895 4949">
     <span class='ocr_line' id='line_1_69' title="bbox 256 4868 1895 4949; baseline -0.006 -17"><span class='ocrx_word' id='word_1_446' title='bbox 256 4876 473 4932; x_wconf 88' lang='lat' dir='ltr'><strong>Christi</strong></span> <span class='ocrx_word' id='word_1_447' title='bbox 506 4870 706 4949; x_wconf 41' lang='lat'><strong>780,5</strong></span> <span class='ocrx_word' id='word_1_448' title='bbox 733 4871 1003 4949; x_wconf 63' lang='lat' dir='ltr'><strong>quamvis</strong></span> <span class='ocrx_word' id='word_1_449' title='bbox 1026 4871 1106 4926; x_wconf 90' lang='lat' dir='ltr'><strong>ob</strong></span> <span class='ocrx_word' id='word_1_450' title='bbox 1137 4870 1437 4949; x_wconf 74' lang='lat' dir='ltr'><strong>haeresim,</strong></span> <span class='ocrx_word' id='word_1_451' title='bbox 1465 4886 1600 4949; x_wconf 63' lang='lat' dir='ltr'><strong>quae</strong></span> <span class='ocrx_word' id='word_1_452' title='bbox 1630 4874 1771 4949; x_wconf 74' lang='lat' dir='ltr'><strong>tunc</strong></span> <span class='ocrx_word' id='word_1_453' title='bbox 1791 4868 1895 4923; x_wconf 90' lang='lat' dir='ltr'><strong>ob-</strong></span> 
     </span>
    </p>
   </div>
   <div class='ocr_carea' id='block_1_70' title="bbox 259 4941 1896 5021">
    <p class='ocr_par' dir='ltr' id='par_1_70' title="bbox 259 4941 1896 5021">
     <span class='ocr_line' id='line_1_70' title="bbox 259 4941 1896 5021; baseline -0.007 -17"><span class='ocrx_word' id='word_1_454' title='bbox 259 4949 520 5021; x_wconf 80' lang='lat' dir='ltr'><strong>tinebat,</strong></span> <span class='ocrx_word' id='word_1_455' title='bbox 555 4941 811 5021; x_wconf 82' lang='lat' dir='ltr'><strong>multum</strong></span> <span class='ocrx_word' id='word_1_456' title='bbox 843 4942 1247 5021; x_wconf 78' lang='lat' dir='ltr'><strong>re_l_l_ictaretur,</strong></span> <span class='ocrx_word' id='word_1_457' title='bbox 1285 4941 1629 5021; x_wconf 67' lang='lat' dir='ltr'><strong>patriarcha</strong></span> <span class='ocrx_word' id='word_1_458' title='bbox 1657 4941 1762 5020; x_wconf 79' lang='lat' dir='ltr'><strong>fuit</strong></span> <span class='ocrx_word' id='word_1_459' title='bbox 1792 4956 1896 5011; x_wconf 91' lang='lat' dir='ltr'><strong>per</strong></span> 
     </span>
    </p>
   </div>
   <div class='ocr_carea' id='block_1_71' title="bbox 260 5014 1891 5092">
    <p class='ocr_par' dir='ltr' id='par_1_71' title="bbox 260 5014 1891 5092">
     <span class='ocr_line' id='line_1_71' title="bbox 260 5014 1891 5092; baseline -0.007 -18"><span class='ocrx_word' id='word_1_460' title='bbox 260 5020 377 5074; x_wconf 91' lang='lat' dir='ltr'><strong>vim</strong></span> <span class='ocrx_word' id='word_1_461' title='bbox 414 5017 771 5074; x_wconf 85' lang='lat' dir='ltr'><strong>institutus.</strong></span> <span class='ocrx_word' id='word_1_462' title='bbox 813 5033 841 5092; x_wconf 61' lang='grc' dir='ltr'>ι)</span> <span class='ocrx_word' id='word_1_463' title='bbox 892 5015 1020 5069; x_wconf 87' lang='lat' dir='ltr'><strong>Vim</strong></span> <span class='ocrx_word' id='word_1_464' title='bbox 1078 5014 1366 5092; x_wconf 81' lang='lat' dir='ltr'><strong>aut_em_in</strong></span> <span class='ocrx_word' id='word_1_465' title='bbox 1413 5014 1891 5092; x_wconf 34' lang='lat' dir='ltr'><strong>eo‘po‘tissimum</strong></span> 
     </span>
    </p>
   </div>
   <div class='ocr_carea' id='block_1_72' title="bbox 256 5082 1895 5164">
    <p class='ocr_par' dir='ltr' id='par_1_72' title="bbox 256 5082 1895 5164">
     <span class='ocr_line' id='line_1_72' title="bbox 256 5082 1895 5164; baseline -0.007 -17"><span class='ocrx_word' id='word_1_466' title='bbox 256 5107 481 5164; x_wconf 83' lang='lat' dir='ltr'><strong>passus</strong></span> <span class='ocrx_word' id='word_1_467' title='bbox 546 5086 950 5164; x_wconf 66' lang='lat' dir='ltr'><strong>cognoscitur,</strong></span> <span class='ocrx_word' id='word_1_468' title='bbox 1019 5086 1183 5157; x_wconf 91' lang='lat' dir='ltr'><strong>quod</strong></span> <span class='ocrx_word' id='word_1_469' title='bbox 1219 5109 1245 5135; x_wconf 84' lang='grc'><em>‹‹</em></span> <span class='ocrx_word' id='word_1_470' title='bbox 1281 5085 1432 5164; x_wconf 73' lang='lat' dir='ltr'><strong>inter</strong></span> <span class='ocrx_word' id='word_1_471' title='bbox 1489 5082 1895 5164; x_wconf 71' lang='lat' dir='ltr'><strong>Ordinationis</strong></span> 
     </span>
    </p>
   </div>
   <div class='ocr_carea' id='block_1_73' title="bbox 256 5154 1897 5229">
    <p class='ocr_par' dir='ltr' id='par_1_73' title="bbox 256 5154 1897 5229">
     <span class='ocr_line' id='line_1_73' title="bbox 256 5154 1897 5229; baseline -0.006 -11"><span class='ocrx_word' id='word_1_472' title='bbox 256 5154 575 5219; x_wconf 72' lang='lat' dir='ltr'><strong>solemnia</strong></span> <span class='ocrx_word' id='word_1_473' title='bbox 605 5154 902 5227; x_wconf 80' lang='lat' dir='ltr'><strong>imagines</strong></span> <span class='ocrx_word' id='word_1_474' title='bbox 929 5172 989 5212; x_wconf 88' lang='lat' dir='ltr'><strong>se</strong></span> <span class='ocrx_word' id='word_1_475' title='bbox 1011 5154 1321 5229; x_wconf 75' lang='lat' dir='ltr'><strong>nunquam</strong></span> <span class='ocrx_word' id='word_1_476' title='bbox 1345 5156 1733 5211; x_wconf 89' lang='lat' dir='ltr'><strong>adoraturum</strong></span> <span class='ocrx_word' id='word_1_477' title='bbox 1758 5154 1897 5209; x_wconf 90' lang='lat' dir='ltr'><strong>sub-</strong></span> 
     </span>
    </p>
   </div>
   <div class='ocr_carea' id='block_1_74' title="bbox 324 5254 1895 5331">
    <p class='ocr_par' dir='ltr' id='par_1_74' title="bbox 324 5254 1895 5331">
     <span class='ocr_line' id='line_1_74' title="bbox 324 5254 1895 5331; baseline -0.006 -16"><span class='ocrx_word' id='word_1_478' title='bbox 324 5261 413 5331; x_wconf 88' lang='lat' dir='ltr'><strong>(a)</strong></span> <span class='ocrx_word' id='word_1_479' title='bbox 434 5259 667 5331; x_wconf 80' lang='lat' dir='ltr'><strong>Ignota</strong></span> <span class='ocrx_word' id='word_1_480' title='bbox 678 5254 855 5312; x_wconf 89' lang='lat' dir='ltr'><strong>nobis</strong></span> <span class='ocrx_word' id='word_1_481' title='bbox 880 5254 1142 5331; x_wconf 77' lang='lat' dir='ltr'><strong>vox,nisi</strong></span> <span class='ocrx_word' id='word_1_482' title='bbox 1157 5256 1895 5331; x_wconf 59' lang='lat' dir='ltr'><strong>quatenusestpostremus</strong></span> 
     </span>
    </p>
   </div>
   <div class='ocr_carea' id='block_1_75' title="bbox 255 5323 1893 5411">
    <p class='ocr_par' dir='ltr' id='par_1_75' title="bbox 255 5323 1893 5411">
     <span class='ocr_line' id='line_1_75' title="bbox 255 5323 1893 5411; baseline -0.006 -23"><span class='ocrx_word' id='word_1_483' title='bbox 255 5323 516 5388; x_wconf 53' lang='lat' dir='ltr'><strong>multa}.</strong></span> <span class='ocrx_word' id='word_1_484' title='bbox 569 5328 629 5385; x_wconf 91' lang='lat' dir='ltr'><strong>Si</strong></span> <span class='ocrx_word' id='word_1_485' title='bbox 653 5342 936 5411; x_wconf 38' lang='lat' dir='ltr'><strong>assensu</strong></span> <span class='ocrx_word' id='word_1_486' title='bbox 981 5330 1039 5381; x_wconf 90' lang='lat' dir='ltr'><strong>et</strong></span> <span class='ocrx_word' id='word_1_487' title='bbox 1081 5341 1157 5407; x_wconf 76' lang='lat' dir='ltr'><strong>eo</strong></span> <span class='ocrx_word' id='word_1_488' title='bbox 1178 5323 1347 5398; x_wconf 48' lang='lat' dir='ltr'><strong>‘quod</strong></span> <span class='ocrx_word' id='word_1_489' title='bbox 1388 5323 1656 5411; x_wconf 69' lang='lat' dir='ltr'><strong>sequitur</strong></span> <span class='ocrx_word' id='word_1_490' title='bbox 1705 5323 1893 5411; x_wconf 72' lang='lat' dir='ltr'><strong>facere</strong></span> 
     </span>
    </p>
   </div>
   <div class='ocr_carea' id='block_1_76' title="bbox 255 5395 1895 5477">
    <p class='ocr_par' dir='ltr' id='par_1_76' title="bbox 255 5395 1895 5477">
     <span class='ocr_line' id='line_1_76' title="bbox 255 5395 1895 5477; baseline -0.008 -16"><span class='ocrx_word' id='word_1_491' title='bbox 255 5404 701 5477; x_wconf 72' lang='lat' dir='ltr'><strong>conjecturam</strong></span> <span class='ocrx_word' id='word_1_492' title='bbox 728 5398 944 5464; x_wconf 89' lang='lat' dir='ltr'><strong>liceret,</strong></span> <span class='ocrx_word' id='word_1_493' title='bbox 976 5395 1431 5477; x_wconf 28' lang='lat' dir='ltr'><strong>isuspicaremur</strong></span> <span class='ocrx_word' id='word_1_494' title='bbox 1472 5395 1654 5477; x_wconf 41' lang='lat' dir='ltr'><strong>{2579&#39;s</strong></span> <span class='ocrx_word' id='word_1_495' title='bbox 1672 5395 1777 5477; x_wconf 74' lang='lat' dir='ltr'><strong>vel</strong></span> <span class='ocrx_word' id='word_1_496' title='bbox 1802 5395 1895 5469; x_wconf 83' lang='grc' dir='ltr'><strong>ῥη-</strong></span> 
     </span>
    </p>
   </div>
   <div class='ocr_carea' id='block_1_77' title="bbox 255 5467 1889 5552">
    <p class='ocr_par' dir='ltr' id='par_1_77' title="bbox 255 5467 1889 5552">
     <span class='ocr_line' id='line_1_77' title="bbox 255 5467 1889 5552; baseline -0.004 -24"><span class='ocrx_word' id='word_1_497' title='bbox 255 5481 341 5552; x_wconf 74' lang='grc' dir='ltr'>γεὸ</span> <span class='ocrx_word' id='word_1_498' title='bbox 354 5467 838 5552; x_wconf 60' lang='grc' dir='ltr'>ςέριυὶβοῑιᾴιιιιι,</span> <span class='ocrx_word' id='word_1_499' title='bbox 858 5476 918 5524; x_wconf 88' lang='lat' dir='ltr'><strong>ut</strong></span> <span class='ocrx_word' id='word_1_500' title='bbox 942 5470 1015 5552; x_wconf 73' lang='lat' dir='ltr'><strong>sit</strong></span> <span class='ocrx_word' id='word_1_501' title='bbox 1037 5467 1254 5552; x_wconf 66' lang='lat' dir='ltr'><strong>tinctus</strong></span> <span class='ocrx_word' id='word_1_502' title='bbox 1272 5467 1504 5552; x_wconf 53' lang='lat' dir='ltr'><strong>manus</strong></span> <span class='ocrx_word' id='word_1_503' title='bbox 1530 5467 1850 5552; x_wconf 57' lang='grc' dir='ltr'><strong>ςιιὲιιὶτιιδτόξ⁸</strong></span> <span class='ocrx_word' id='word_1_504' title='bbox 1876 5484 1889 5521; x_wconf 90' lang='lat'><strong>:</strong></span> 
     </span>
    </p>
   </div>
   <div class='ocr_carea' id='block_1_78' title="bbox 258 5540 1891 5617">
    <p class='ocr_par' dir='ltr' id='par_1_78' title="bbox 258 5540 1891 5617">
     <span class='ocr_line' id='line_1_78' title="bbox 258 5540 1891 5617; baseline -0.012 -12"><span class='ocrx_word' id='word_1_505' title='bbox 258 5540 378 5605; x_wconf 68' lang='grc' dir='ltr'><strong>ί]ίεὶ</strong></span> <span class='ocrx_word' id='word_1_506' title='bbox 448 5545 615 5602; x_wconf 87' lang='lat' dir='ltr'><strong>forte</strong></span> <span class='ocrx_word' id='word_1_507' title='bbox 665 5541 820 5598; x_wconf 92' lang='lat' dir='ltr'><strong>sicut</strong></span> <span class='ocrx_word' id='word_1_508' title='bbox 860 5556 895 5597; x_wconf 91' lang='lat' dir='ltr'><strong>a</strong></span> <span class='ocrx_word' id='word_1_509' title='bbox 940 5542 1059 5617; x_wconf 81' lang='grc' dir='ltr'>ῥέω,</span> <span class='ocrx_word' id='word_1_510' title='bbox 1126 5541 1323 5616; x_wconf 83' lang='grc' dir='ltr'>ῥήτωρ,</span> <span class='ocrx_word' id='word_1_511' title='bbox 1367 5540 1543 5615; x_wconf 71' lang='grc' dir='ltr'>ῥητός,</span> <span class='ocrx_word' id='word_1_512' title='bbox 1592 5540 1734 5593; x_wconf 82' lang='lat' dir='ltr'><strong>sica</strong></span> <span class='ocrx_word' id='word_1_513' title='bbox 1777 5541 1891 5602; x_wconf 77' lang='grc' dir='ltr'>νέω,</span> 
     </span>
    </p>
   </div>
   <div class='ocr_carea' id='block_1_79' title="bbox 2020 1767 3680 1846">
    <p class='ocr_par' dir='ltr' id='par_1_79' title="bbox 2020 1767 3680 1846">
     <span class='ocr_line' id='line_1_79' title="bbox 2020 1767 3680 1846; baseline 0.008 -23"><span class='ocrx_word' id='word_1_514' title='bbox 2020 1767 2283 1838; x_wconf 88' lang='lat' dir='ltr'><strong>regionis</strong></span> <span class='ocrx_word' id='word_1_515' title='bbox 2318 1775 2497 1835; x_wconf 87' lang='lat' dir='ltr'><strong>astro,</strong></span> <span class='ocrx_word' id='word_1_516' title='bbox 2528 1777 2583 1827; x_wconf 89' lang='lat' dir='ltr'><strong>et</strong></span> <span class='ocrx_word' id='word_1_517' title='bbox 2612 1772 2734 1843; x_wconf 88' lang='lat' dir='ltr'><strong>ipse</strong></span> <span class='ocrx_word' id='word_1_518' title='bbox 2764 1789 3006 1846; x_wconf 89' lang='lat' dir='ltr'><strong>quoque</strong></span> <span class='ocrx_word' id='word_1_519' title='bbox 3033 1775 3278 1833; x_wconf 89' lang='lat' dir='ltr'><strong>celebris</strong></span> <span class='ocrx_word' id='word_1_520' title='bbox 3300 1778 3514 1835; x_wconf 83' lang='lat' dir='ltr'><strong>exinde</strong></span> <span class='ocrx_word' id='word_1_521' title='bbox 3544 1780 3680 1836; x_wconf 83' lang='lat' dir='ltr'><strong>eﬂe-</strong></span> 
     </span>
    </p>
   </div>
   <div class='ocr_carea' id='block_1_80' title="bbox 2018 1861 3679 1940">
    <p class='ocr_par' dir='ltr' id='par_1_80' title="bbox 2018 1861 3679 1940">
     <span class='ocr_line' id='line_1_80' title="bbox 2018 1861 3679 1940; baseline 0.008 -28"><span class='ocrx_word' id='word_1_522' title='bbox 2018 1862 2148 1913; x_wconf 90' lang='lat' dir='ltr'><strong>ctus</strong></span> <span class='ocrx_word' id='word_1_523' title='bbox 2163 1863 2255 1914; x_wconf 88' lang='lat' dir='ltr'><strong>est</strong></span> <span class='ocrx_word' id='word_1_524' title='bbox 2278 1876 2290 1913; x_wconf 93' lang='lat'>:</span> <span class='ocrx_word' id='word_1_525' title='bbox 2320 1875 2509 1931; x_wconf 89' lang='lat' dir='ltr'><strong>neque</strong></span> <span class='ocrx_word' id='word_1_526' title='bbox 2531 1861 2686 1915; x_wconf 91' lang='lat' dir='ltr'><strong>enim</strong></span> <span class='ocrx_word' id='word_1_527' title='bbox 2706 1861 2999 1918; x_wconf 88' lang='lat' dir='ltr'><strong>abscondi</strong></span> <span class='ocrx_word' id='word_1_528' title='bbox 3014 1871 3243 1934; x_wconf 89' lang='lat' dir='ltr'><strong>poterat</strong></span> <span class='ocrx_word' id='word_1_529' title='bbox 3262 1866 3469 1923; x_wconf 86' lang='lat' dir='ltr'><strong>civitas</strong></span> <span class='ocrx_word' id='word_1_530' title='bbox 3491 1884 3679 1940; x_wconf 86' lang='lat' dir='ltr'><strong>supra</strong></span> 
     </span>
    </p>
   </div>
   <div class='ocr_carea' id='block_1_81' title="bbox 2019 1948 3677 2019">
    <p class='ocr_par' dir='ltr' id='par_1_81' title="bbox 2019 1948 3677 2019">
     <span class='ocr_line' id='line_1_81' title="bbox 2019 1948 3677 2019; baseline 0.008 -18"><span class='ocrx_word' id='word_1_531' title='bbox 2019 1952 2289 2002; x_wconf 92' lang='lat' dir='ltr'><strong>montem</strong></span> <span class='ocrx_word' id='word_1_532' title='bbox 2320 1949 2511 2019; x_wconf 88' lang='lat' dir='ltr'><strong>posita</strong></span> <span class='ocrx_word' id='word_1_533' title='bbox 2535 1950 2578 2004; x_wconf 83' lang='grc'><strong>⁷.</strong></span> <span class='ocrx_word' id='word_1_534' title='bbox 2613 1948 2761 2005; x_wconf 86' lang='lat' dir='ltr'><strong>Cum</strong></span> <span class='ocrx_word' id='word_1_535' title='bbox 2791 1967 2927 2006; x_wconf 91' lang='lat' dir='ltr'><strong>vero</strong></span> <span class='ocrx_word' id='word_1_536' title='bbox 2978 1952 3053 2008; x_wconf 91' lang='lat' dir='ltr'><strong>de</strong></span> <span class='ocrx_word' id='word_1_537' title='bbox 3101 1954 3192 2009; x_wconf 91' lang='lat' dir='ltr'><strong>die</strong></span> <span class='ocrx_word' id='word_1_538' title='bbox 3223 1955 3284 2010; x_wconf 93' lang='lat' dir='ltr'><strong>in</strong></span> <span class='ocrx_word' id='word_1_539' title='bbox 3323 1956 3482 2012; x_wconf 90' lang='lat' dir='ltr'><strong>diem</strong></span> <span class='ocrx_word' id='word_1_540' title='bbox 3537 1973 3677 2014; x_wconf 87' lang='lat' dir='ltr'><strong>con-</strong></span> 
     </span>
    </p>
   </div>
   <div class='ocr_carea' id='block_1_82' title="bbox 2015 2033 3675 2110">
    <p class='ocr_par' dir='ltr' id='par_1_82' title="bbox 2015 2033 3675 2110">
     <span class='ocr_line' id='line_1_82' title="bbox 2015 2033 3675 2110; baseline 0.008 -21"><span class='ocrx_word' id='word_1_541' title='bbox 2015 2033 2271 2091; x_wconf 86' lang='lat' dir='ltr'><strong>ﬂuerent</strong></span> <span class='ocrx_word' id='word_1_542' title='bbox 2304 2036 2382 2091; x_wconf 89' lang='lat' dir='ltr'><strong>ad</strong></span> <span class='ocrx_word' id='word_1_543' title='bbox 2422 2052 2584 2102; x_wconf 88' lang='lat' dir='ltr'><strong>eum,</strong></span> <span class='ocrx_word' id='word_1_544' title='bbox 2616 2054 2719 2110; x_wconf 81' lang='lat' dir='ltr'><strong>qui</strong></span> <span class='ocrx_word' id='word_1_545' title='bbox 2764 2040 3095 2109; x_wconf 88' lang='lat' dir='ltr'><strong>angelicam</strong></span> <span class='ocrx_word' id='word_1_546' title='bbox 3126 2043 3359 2099; x_wconf 89' lang='lat' dir='ltr'><strong>vivendi</strong></span> <span class='ocrx_word' id='word_1_547' title='bbox 3416 2044 3675 2103; x_wconf 91' lang='lat' dir='ltr'><strong>formam</strong></span> 
     </span>
    </p>
   </div>
   <div class='ocr_carea' id='block_1_83' title="bbox 2017 2124 3675 2200">
    <p class='ocr_par' dir='ltr' id='par_1_83' title="bbox 2017 2124 3675 2200">
     <span class='ocr_line' id='line_1_83' title="bbox 2017 2124 3675 2200; baseline 0.007 -22"><span class='ocrx_word' id='word_1_548' title='bbox 2017 2124 2131 2179; x_wconf 88' lang='lat' dir='ltr'><strong>sub</strong></span> <span class='ocrx_word' id='word_1_549' title='bbox 2164 2125 2294 2196; x_wconf 90' lang='lat' dir='ltr'><strong>ejus</strong></span> <span class='ocrx_word' id='word_1_550' title='bbox 2333 2126 2699 2182; x_wconf 86' lang='lat' dir='ltr'><strong>institutione</strong></span> <span class='ocrx_word' id='word_1_551' title='bbox 2746 2129 3265 2200; x_wconf 83' lang='lat' dir='ltr'><strong>amplexabantur,</strong></span> <span class='ocrx_word' id='word_1_552' title='bbox 3302 2134 3675 2191; x_wconf 89' lang='lat' dir='ltr'><strong>solitudinem</strong></span> 
     </span>
    </p>
   </div>
   <div class='ocr_carea' id='block_1_84' title="bbox 2014 2212 3675 2295">
    <p class='ocr_par' dir='ltr' id='par_1_84' title="bbox 2014 2212 3675 2295">
     <span class='ocr_line' id='line_1_84' title="bbox 2014 2212 3675 2295; baseline 0.008 -27"><span class='ocrx_word' id='word_1_553' title='bbox 2014 2212 2179 2269; x_wconf 88' lang='lat' dir='ltr'><strong>illam</strong></span> <span class='ocrx_word' id='word_1_554' title='bbox 2217 2215 2500 2270; x_wconf 85' lang='lat' dir='ltr'><strong>convertit</strong></span> <span class='ocrx_word' id='word_1_555' title='bbox 2536 2215 2596 2270; x_wconf 94' lang='lat' dir='ltr'><strong>in</strong></span> <span class='ocrx_word' id='word_1_556' title='bbox 2624 2219 3075 2289; x_wconf 88' lang='lat' dir='ltr'><strong>monasterium,</strong></span> <span class='ocrx_word' id='word_1_557' title='bbox 3103 2222 3269 2293; x_wconf 91' lang='lat' dir='ltr'><strong>quod</strong></span> <span class='ocrx_word' id='word_1_558' title='bbox 3302 2240 3489 2295; x_wconf 89' lang='lat' dir='ltr'><strong>usque</strong></span> <span class='ocrx_word' id='word_1_559' title='bbox 3516 2240 3675 2282; x_wconf 86' lang='lat' dir='ltr'><strong>nunc</strong></span> 
     </span>
    </p>
   </div>
   <div class='ocr_carea' id='block_1_85' title="bbox 2016 2303 3675 2376">
    <p class='ocr_par' dir='ltr' id='par_1_85' title="bbox 2016 2303 3675 2376">
     <span class='ocr_line' id='line_1_85' title="bbox 2016 2303 3675 2376; baseline 0.008 -19"><span class='ocrx_word' id='word_1_560' title='bbox 2016 2308 2069 2358; x_wconf 88' lang='lat' dir='ltr'><strong>et</strong></span> <span class='ocrx_word' id='word_1_561' title='bbox 2101 2303 2384 2376; x_wconf 91' lang='lat' dir='ltr'><strong>deinceps</strong></span> <span class='ocrx_word' id='word_1_562' title='bbox 2439 2305 2651 2359; x_wconf 89' lang='lat' dir='ltr'><strong>divinis</strong></span> <span class='ocrx_word' id='word_1_563' title='bbox 2704 2306 3081 2364; x_wconf 84' lang='lat' dir='ltr'><strong>efﬂorescens</strong></span> <span class='ocrx_word' id='word_1_564' title='bbox 3134 2311 3452 2368; x_wconf 88' lang='lat' dir='ltr'><strong>virtutibus</strong></span> <span class='ocrx_word' id='word_1_565' title='bbox 3505 2331 3675 2370; x_wconf 90' lang='lat' dir='ltr'><strong>mon-</strong></span> 
     </span>
    </p>
   </div>
   <div class='ocr_carea' id='block_1_86' title="bbox 2012 2393 3674 2471">
    <p class='ocr_par' dir='ltr' id='par_1_86' title="bbox 2012 2393 3674 2471">
     <span class='ocr_line' id='line_1_86' title="bbox 2012 2393 3674 2471; baseline 0.007 -24"><span class='ocrx_word' id='word_1_566' title='bbox 2012 2395 2239 2449; x_wconf 85' lang='lat' dir='ltr'><strong>stratur</strong></span> <span class='ocrx_word' id='word_1_567' title='bbox 2285 2393 2855 2468; x_wconf 88' lang='lat' dir='ltr'><strong>monstrabiturque.</strong></span> <span class='ocrx_word' id='word_1_568' title='bbox 2888 2396 2954 2452; x_wconf 87' lang='lat' dir='ltr'><strong>In</strong></span> <span class='ocrx_word' id='word_1_569' title='bbox 2994 2397 3108 2454; x_wconf 89' lang='lat' dir='ltr'><strong>hoc</strong></span> <span class='ocrx_word' id='word_1_570' title='bbox 3161 2401 3537 2471; x_wconf 86' lang='lat' dir='ltr'><strong>spiritualiter</strong></span> <span class='ocrx_word' id='word_1_571' title='bbox 3579 2404 3674 2459; x_wconf 89' lang='lat' dir='ltr'><strong>de-</strong></span> 
     </span>
    </p>
   </div>
   <div class='ocr_carea' id='block_1_87' title="bbox 2014 2486 3673 2564">
    <p class='ocr_par' dir='ltr' id='par_1_87' title="bbox 2014 2486 3673 2564">
     <span class='ocr_line' id='line_1_87' title="bbox 2014 2486 3673 2564; baseline 0.008 -29"><span class='ocrx_word' id='word_1_572' title='bbox 2014 2487 2267 2547; x_wconf 89' lang='lat' dir='ltr'><strong>certans,</strong></span> <span class='ocrx_word' id='word_1_573' title='bbox 2314 2497 2636 2552; x_wconf 86' lang='lat' dir='ltr'><strong>germanus</strong></span> <span class='ocrx_word' id='word_1_574' title='bbox 2677 2486 3068 2543; x_wconf 60' lang='lat' dir='ltr'><strong>sanctissima)</strong></span> <span class='ocrx_word' id='word_1_575' title='bbox 3099 2490 3395 2546; x_wconf 85' lang='lat' dir='ltr'><strong>Trinitatis</strong></span> <span class='ocrx_word' id='word_1_576' title='bbox 3428 2498 3673 2564; x_wconf 89' lang='lat' dir='ltr'><strong>mystes,</strong></span> 
     </span>
    </p>
   </div>
   <div class='ocr_carea' id='block_1_88' title="bbox 2015 2570 3669 2649">
    <p class='ocr_par' dir='ltr' id='par_1_88' title="bbox 2015 2570 3669 2649">
     <span class='ocr_line' id='line_1_88' title="bbox 2015 2570 3669 2649; baseline 0.008 -24"><span class='ocrx_word' id='word_1_577' title='bbox 2015 2570 2346 2626; x_wconf 82' lang='lat' dir='ltr'><strong>maximaru</strong></span> <span class='ocrx_word' id='word_1_578' title='bbox 2357 2588 2536 2644; x_wconf 91' lang='lat' dir='ltr'><strong>mque</strong></span> <span class='ocrx_word' id='word_1_579' title='bbox 2550 2573 2842 2629; x_wconf 87' lang='lat' dir='ltr'><strong>visionum</strong></span> <span class='ocrx_word' id='word_1_580' title='bbox 2855 2578 3292 2649; x_wconf 90' lang='lat' dir='ltr'><strong>contemplator</strong></span> <span class='ocrx_word' id='word_1_581' title='bbox 3306 2580 3552 2637; x_wconf 80' lang='lat' dir='ltr'><strong>effectus</strong></span> <span class='ocrx_word' id='word_1_582' title='bbox 3564 2587 3669 2639; x_wconf 89' lang='lat' dir='ltr'><strong>est.</strong></span> 
     </span>
    </p>
   </div>
   <div class='ocr_carea' id='block_1_89' title="bbox 2015 2658 3673 2733">
    <p class='ocr_par' dir='ltr' id='par_1_89' title="bbox 2015 2658 3673 2733">
     <span class='ocr_line' id='line_1_89' title="bbox 2015 2658 3673 2733; baseline 0.008 -19"><span class='ocrx_word' id='word_1_583' title='bbox 2015 2658 2401 2715; x_wconf 79' lang='lat' dir='ltr'><strong>Sutﬁciebant</strong></span> <span class='ocrx_word' id='word_1_584' title='bbox 2426 2666 2625 2717; x_wconf 88' lang='lat' dir='ltr'><strong>autem</strong></span> <span class='ocrx_word' id='word_1_585' title='bbox 2649 2663 2699 2717; x_wconf 93' lang='lat' dir='ltr'><strong>ei</strong></span> <span class='ocrx_word' id='word_1_586' title='bbox 2727 2662 2854 2717; x_wconf 89' lang='lat' dir='ltr'><strong>vilis</strong></span> <span class='ocrx_word' id='word_1_587' title='bbox 2876 2664 2935 2719; x_wconf 91' lang='lat' dir='ltr'><strong>in</strong></span> <span class='ocrx_word' id='word_1_588' title='bbox 2958 2664 3173 2721; x_wconf 90' lang='lat' dir='ltr'><strong>lectum</strong></span> <span class='ocrx_word' id='word_1_589' title='bbox 3200 2675 3409 2733; x_wconf 88' lang='lat' dir='ltr'><strong>storea,</strong></span> <span class='ocrx_word' id='word_1_590' title='bbox 3430 2671 3673 2727; x_wconf 89' lang='lat' dir='ltr'><strong>cilicium</strong></span> 
     </span>
    </p>
   </div>
   <div class='ocr_carea' id='block_1_90' title="bbox 2011 2747 3670 2823">
    <p class='ocr_par' dir='ltr' id='par_1_90' title="bbox 2011 2747 3670 2823">
     <span class='ocr_line' id='line_1_90' title="bbox 2011 2747 3670 2823; baseline 0.007 -19"><span class='ocrx_word' id='word_1_591' title='bbox 2011 2749 2071 2804; x_wconf 92' lang='lat' dir='ltr'><strong>in</strong></span> <span class='ocrx_word' id='word_1_592' title='bbox 2112 2747 2547 2818; x_wconf 84' lang='lat' dir='ltr'><strong>cperimentum</strong></span> <span class='ocrx_word' id='word_1_593' title='bbox 2577 2756 2633 2804; x_wconf 88' lang='lat' dir='ltr'><strong>et</strong></span> <span class='ocrx_word' id='word_1_594' title='bbox 2661 2749 2814 2821; x_wconf 89' lang='lat' dir='ltr'><strong>lapis</strong></span> <span class='ocrx_word' id='word_1_595' title='bbox 2858 2767 2965 2822; x_wconf 92' lang='lat' dir='ltr'><strong>pro</strong></span> <span class='ocrx_word' id='word_1_596' title='bbox 2998 2753 3309 2823; x_wconf 85' lang='lat' dir='ltr'><strong>pulvinari.</strong></span> <span class='ocrx_word' id='word_1_597' title='bbox 3345 2756 3514 2813; x_wconf 89' lang='lat' dir='ltr'><strong>Nulla</strong></span> <span class='ocrx_word' id='word_1_598' title='bbox 3558 2760 3670 2817; x_wconf 89' lang='lat' dir='ltr'><strong>fuit</strong></span> 
     </span>
    </p>
   </div>
   <div class='ocr_carea' id='block_1_91' title="bbox 2012 2835 3674 2914">
    <p class='ocr_par' dir='ltr' id='par_1_91' title="bbox 2012 2835 3674 2914">
     <span class='ocr_line' id='line_1_91' title="bbox 2012 2835 3674 2914; baseline 0.008 -24"><span class='ocrx_word' id='word_1_599' title='bbox 2012 2835 2073 2893; x_wconf 91' lang='lat' dir='ltr'><strong>in</strong></span> <span class='ocrx_word' id='word_1_600' title='bbox 2104 2838 2324 2893; x_wconf 88' lang='lat' dir='ltr'><strong>amictu</strong></span> <span class='ocrx_word' id='word_1_601' title='bbox 2355 2837 2486 2907; x_wconf 88' lang='lat' dir='ltr'><strong>ejus</strong></span> <span class='ocrx_word' id='word_1_602' title='bbox 2526 2839 2857 2905; x_wconf 87' lang='lat' dir='ltr'><strong>ostentatio,</strong></span> <span class='ocrx_word' id='word_1_603' title='bbox 2892 2840 3055 2896; x_wconf 88' lang='lat' dir='ltr'><strong>nulla</strong></span> <span class='ocrx_word' id='word_1_604' title='bbox 3090 2843 3387 2914; x_wconf 89' lang='lat' dir='ltr'><strong>mollities,</strong></span> <span class='ocrx_word' id='word_1_605' title='bbox 3432 2861 3539 2901; x_wconf 91' lang='lat' dir='ltr'><strong>nec</strong></span> <span class='ocrx_word' id='word_1_606' title='bbox 3566 2847 3674 2905; x_wconf 90' lang='lat' dir='ltr'><strong>fuit</strong></span> 
     </span>
    </p>
   </div>
   <div class='ocr_carea' id='block_1_92' title="bbox 2012 2925 3669 3005">
    <p class='ocr_par' dir='ltr' id='par_1_92' title="bbox 2012 2925 3669 3005">
     <span class='ocr_line' id='line_1_92' title="bbox 2012 2925 3669 3005; baseline 0.005 -22"><span class='ocrx_word' id='word_1_607' title='bbox 2012 2927 2072 2983; x_wconf 93' lang='lat' dir='ltr'><strong>in</strong></span> <span class='ocrx_word' id='word_1_608' title='bbox 2128 2942 2198 2982; x_wconf 91' lang='lat' dir='ltr'><strong>eo</strong></span> <span class='ocrx_word' id='word_1_609' title='bbox 2250 2925 2576 2981; x_wconf 86' lang='lat' dir='ltr'><strong>fullonibus</strong></span> <span class='ocrx_word' id='word_1_610' title='bbox 2607 2927 3043 2997; x_wconf 87' lang='lat' dir='ltr'><strong>laborandum;</strong></span> <span class='ocrx_word' id='word_1_611' title='bbox 3074 2946 3195 2987; x_wconf 91' lang='lat' dir='ltr'><strong>non</strong></span> <span class='ocrx_word' id='word_1_612' title='bbox 3244 2948 3489 3005; x_wconf 88' lang='lat' dir='ltr'><strong>equum,</strong></span> <span class='ocrx_word' id='word_1_613' title='bbox 3546 2952 3669 2993; x_wconf 90' lang='lat' dir='ltr'><strong>non</strong></span> 
     </span>
    </p>
   </div>
   <div class='ocr_carea' id='block_1_93' title="bbox 2012 3015 3671 3096">
    <p class='ocr_par' dir='ltr' id='par_1_93' title="bbox 2012 3015 3671 3096">
     <span class='ocr_line' id='line_1_93' title="bbox 2012 3015 3671 3096; baseline 0.007 -25"><span class='ocrx_word' id='word_1_614' title='bbox 2012 3015 2243 3071; x_wconf 92' lang='lat' dir='ltr'><strong>mulum</strong></span> <span class='ocrx_word' id='word_1_615' title='bbox 2259 3032 2528 3088; x_wconf 87' lang='lat' dir='ltr'><strong>unquam</strong></span> <span class='ocrx_word' id='word_1_616' title='bbox 2548 3016 2625 3071; x_wconf 90' lang='lat' dir='ltr'><strong>ad</strong></span> <span class='ocrx_word' id='word_1_617' title='bbox 2642 3034 2819 3073; x_wconf 89' lang='lat' dir='ltr'><strong>suum</strong></span> <span class='ocrx_word' id='word_1_618' title='bbox 2841 3020 3322 3090; x_wconf 88' lang='lat' dir='ltr'><strong>posseditusum:</strong></span> <span class='ocrx_word' id='word_1_619' title='bbox 3341 3039 3671 3096; x_wconf 89' lang='lat' dir='ltr'><strong>coquorum</strong></span> 
     </span>
    </p>
   </div>
   <div class='ocr_carea' id='block_1_94' title="bbox 2010 3103 3670 3182">
    <p class='ocr_par' dir='ltr' id='par_1_94' title="bbox 2010 3103 3670 3182">
     <span class='ocr_line' id='line_1_94' title="bbox 2010 3103 3670 3182; baseline 0.005 -21"><span class='ocrx_word' id='word_1_620' title='bbox 2010 3103 2259 3161; x_wconf 87' lang='lat' dir='ltr'><strong>artiﬁcia</strong></span> <span class='ocrx_word' id='word_1_621' title='bbox 2297 3104 2357 3159; x_wconf 90' lang='lat' dir='ltr'><strong>in</strong></span> <span class='ocrx_word' id='word_1_622' title='bbox 2402 3106 2651 3177; x_wconf 85' lang='lat' dir='ltr'><strong>congrui</strong></span> <span class='ocrx_word' id='word_1_623' title='bbox 2695 3106 2807 3162; x_wconf 89' lang='lat' dir='ltr'><strong>sibi</strong></span> <span class='ocrx_word' id='word_1_624' title='bbox 2846 3108 3034 3163; x_wconf 89' lang='lat' dir='ltr'><strong>victus</strong></span> <span class='ocrx_word' id='word_1_625' title='bbox 3073 3116 3368 3182; x_wconf 85' lang='lat' dir='ltr'><strong>apparatu</strong></span> <span class='ocrx_word' id='word_1_626' title='bbox 3404 3113 3670 3180; x_wconf 88' lang='lat' dir='ltr'><strong>nescivit,</strong></span> 
     </span>
    </p>
   </div>
   <div class='ocr_carea' id='block_1_95' title="bbox 2008 3193 3674 3269">
    <p class='ocr_par' dir='ltr' id='par_1_95' title="bbox 2008 3193 3674 3269">
     <span class='ocr_line' id='line_1_95' title="bbox 2008 3193 3674 3269; baseline 0.005 -18"><span class='ocrx_word' id='word_1_627' title='bbox 2008 3210 2119 3251; x_wconf 91' lang='lat' dir='ltr'><strong>nec</strong></span> <span class='ocrx_word' id='word_1_628' title='bbox 2157 3193 2403 3250; x_wconf 87' lang='lat' dir='ltr'><strong>odorato</strong></span> <span class='ocrx_word' id='word_1_629' title='bbox 2442 3195 2575 3251; x_wconf 84' lang='lat' dir='ltr'><strong>vino</strong></span> <span class='ocrx_word' id='word_1_630' title='bbox 2619 3195 2889 3266; x_wconf 88' lang='lat' dir='ltr'><strong>palatum</strong></span> <span class='ocrx_word' id='word_1_631' title='bbox 2928 3197 3189 3269; x_wconf 88' lang='lat' dir='ltr'><strong>irrigavit</strong></span> <span class='ocrx_word' id='word_1_632' title='bbox 3215 3202 3550 3267; x_wconf 89' lang='lat' dir='ltr'><strong>sunm;sed</strong></span> <span class='ocrx_word' id='word_1_633' title='bbox 3593 3204 3674 3259; x_wconf 85' lang='lat' dir='ltr'><strong>ci-</strong></span> 
     </span>
    </p>
   </div>
   <div class='ocr_carea' id='block_1_96' title="bbox 2009 3283 3669 3362">
    <p class='ocr_par' dir='ltr' id='par_1_96' title="bbox 2009 3283 3669 3362">
     <span class='ocr_line' id='line_1_96' title="bbox 2009 3283 3669 3362; baseline 0.006 -22"><span class='ocrx_word' id='word_1_634' title='bbox 2009 3284 2122 3340; x_wconf 87' lang='lat' dir='ltr'><strong>bus</strong></span> <span class='ocrx_word' id='word_1_635' title='bbox 2152 3299 2222 3339; x_wconf 86' lang='lat' dir='ltr'><strong>ae</strong></span> <span class='ocrx_word' id='word_1_636' title='bbox 2238 3288 2404 3355; x_wconf 89' lang='lat' dir='ltr'><strong>potus</strong></span> <span class='ocrx_word' id='word_1_637' title='bbox 2437 3283 2850 3340; x_wconf 90' lang='lat' dir='ltr'><strong>eidurissimus</strong></span> <span class='ocrx_word' id='word_1_638' title='bbox 2871 3288 3036 3358; x_wconf 88' lang='lat' dir='ltr'><strong>panis</strong></span> <span class='ocrx_word' id='word_1_639' title='bbox 3059 3292 3113 3344; x_wconf 89' lang='lat' dir='ltr'><strong>et</strong></span> <span class='ocrx_word' id='word_1_640' title='bbox 3136 3304 3297 3361; x_wconf 89' lang='lat' dir='ltr'><strong>aqua</strong></span> <span class='ocrx_word' id='word_1_641' title='bbox 3321 3292 3669 3362; x_wconf 88' lang='lat' dir='ltr'><strong>permodica</strong></span> 
     </span>
    </p>
   </div>
   <div class='ocr_carea' id='block_1_97' title="bbox 2008 3374 2136 3429">
    <p class='ocr_par' dir='ltr' id='par_1_97' title="bbox 2008 3374 2136 3429">
     <span class='ocr_line' id='line_1_97' title="bbox 2008 3374 2136 3429; baseline -0.016 0"><span class='ocrx_word' id='word_1_642' title='bbox 2008 3374 2136 3429; x_wconf 87' lang='lat' dir='ltr'><strong>fuit.</strong></span> 
     </span>
    </p>
   </div>
   <div class='ocr_carea' id='block_1_98' title="bbox 2078 3460 3667 3536">
    <p class='ocr_par' dir='ltr' id='par_1_98' title="bbox 2078 3460 3667 3536">
     <span class='ocr_line' id='line_1_98' title="bbox 2078 3460 3667 3536; baseline 0.006 -20"><span class='ocrx_word' id='word_1_643' title='bbox 2078 3462 2208 3517; x_wconf 83' lang='lat' dir='ltr'><strong>XIII.</strong></span> <span class='ocrx_word' id='word_1_644' title='bbox 2244 3460 2473 3516; x_wconf 89' lang='lat' dir='ltr'><strong>Interea</strong></span> <span class='ocrx_word' id='word_1_645' title='bbox 2513 3462 2758 3531; x_wconf 89' lang='lat' dir='ltr'><strong>contigit</strong></span> <span class='ocrx_word' id='word_1_646' title='bbox 2790 3468 2850 3519; x_wconf 91' lang='lat' dir='ltr'><strong>ut</strong></span> <span class='ocrx_word' id='word_1_647' title='bbox 2892 3464 3244 3536; x_wconf 88' lang='lat' dir='ltr'><strong>imperatore</strong></span> <span class='ocrx_word' id='word_1_648' title='bbox 3277 3468 3398 3524; x_wconf 89' lang='lat' dir='ltr'><strong>vita</strong></span> <span class='ocrx_word' id='word_1_649' title='bbox 3439 3468 3667 3536; x_wconf 89' lang='lat' dir='ltr'><strong>functo,</strong></span> 
     </span>
    </p>
   </div>
   <div class='ocr_carea' id='block_1_99' title="bbox 2007 3551 3670 3631">
    <p class='ocr_par' dir='ltr' id='par_1_99' title="bbox 2007 3551 3670 3631">
     <span class='ocr_line' id='line_1_99' title="bbox 2007 3551 3670 3631; baseline 0.007 -26"><span class='ocrx_word' id='word_1_650' title='bbox 2007 3556 2183 3622; x_wconf 88' lang='lat' dir='ltr'><strong>atque</strong></span> <span class='ocrx_word' id='word_1_651' title='bbox 2220 3552 2384 3605; x_wconf 85' lang='lat' dir='ltr'><strong>[rene</strong></span> <span class='ocrx_word' id='word_1_652' title='bbox 2424 3567 2552 3606; x_wconf 91' lang='lat' dir='ltr'><strong>cum</strong></span> <span class='ocrx_word' id='word_1_653' title='bbox 2600 3551 2722 3607; x_wconf 89' lang='lat' dir='ltr'><strong>ﬁlio</strong></span> <span class='ocrx_word' id='word_1_654' title='bbox 2760 3554 3139 3611; x_wconf 87' lang='lat' dir='ltr'><strong>Constantino</strong></span> <span class='ocrx_word' id='word_1_655' title='bbox 3181 3558 3346 3630; x_wconf 85' lang='lat' dir='ltr'><strong>regni</strong></span> <span class='ocrx_word' id='word_1_656' title='bbox 3378 3559 3670 3631; x_wconf 88' lang='lat' dir='ltr'><strong>guberna-</strong></span> 
     </span>
    </p>
   </div>
   <div class='ocr_carea' id='block_1_100' title="bbox 2006 3639 3668 3721">
    <p class='ocr_par' dir='ltr' id='par_1_100' title="bbox 2006 3639 3668 3721">
     <span class='ocr_line' id='line_1_100' title="bbox 2006 3639 3668 3721; baseline 0.005 -25"><span class='ocrx_word' id='word_1_657' title='bbox 2006 3640 2137 3696; x_wconf 92' lang='lat' dir='ltr'><strong>cula</strong></span> <span class='ocrx_word' id='word_1_658' title='bbox 2164 3641 2256 3712; x_wconf 93' lang='lat' dir='ltr'><strong>pie</strong></span> <span class='ocrx_word' id='word_1_659' title='bbox 2276 3639 2736 3707; x_wconf 90' lang='lat' dir='ltr'><strong>moderantibus,</strong></span> <span class='ocrx_word' id='word_1_660' title='bbox 2766 3646 2905 3713; x_wconf 89' lang='lat' dir='ltr'><strong>post</strong></span> <span class='ocrx_word' id='word_1_661' title='bbox 2931 3650 3182 3701; x_wconf 90' lang='lat' dir='ltr'><strong>mortem</strong></span> <span class='ocrx_word' id='word_1_662' title='bbox 3213 3646 3373 3703; x_wconf 88' lang='lat' dir='ltr'><strong>Pauli</strong></span> <span class='ocrx_word' id='word_1_663' title='bbox 3394 3649 3524 3719; x_wconf 90' lang='lat' dir='ltr'><strong>ejus</strong></span> <span class='ocrx_word' id='word_1_664' title='bbox 3554 3650 3668 3721; x_wconf 86' lang='lat' dir='ltr'><strong>(l0)</strong></span> 
     </span>
    </p>
   </div>
   <div class='ocr_carea' id='block_1_101' title="bbox 2005 3728 3669 3805">
    <p class='ocr_par' dir='ltr' id='par_1_101' title="bbox 2005 3728 3669 3805">
     <span class='ocr_line' id='line_1_101' title="bbox 2005 3728 3669 3805; baseline 0.007 -22"><span class='ocrx_word' id='word_1_665' title='bbox 2005 3729 2109 3801; x_wconf 87' lang='lat' dir='ltr'><strong>qui</strong></span> <span class='ocrx_word' id='word_1_666' title='bbox 2155 3728 2479 3785; x_wconf 88' lang='lat' dir='ltr'><strong>monachus</strong></span> <span class='ocrx_word' id='word_1_667' title='bbox 2521 3729 2711 3785; x_wconf 85' lang='lat' dir='ltr'><strong>fuerat</strong></span> <span class='ocrx_word' id='word_1_668' title='bbox 2762 3746 2835 3786; x_wconf 83' lang='lat' dir='ltr'><strong>ex</strong></span> <span class='ocrx_word' id='word_1_669' title='bbox 2898 3735 3227 3802; x_wconf 88' lang='lat' dir='ltr'><strong>patriarcha</strong></span> <span class='ocrx_word' id='word_1_670' title='bbox 3275 3736 3542 3805; x_wconf 80' lang='lat' dir='ltr'><strong>effectus,</strong></span> <span class='ocrx_word' id='word_1_671' title='bbox 3591 3739 3669 3795; x_wconf 88' lang='lat' dir='ltr'><strong>ab</strong></span> 
     </span>
    </p>
   </div>
   <div class='ocr_carea' id='block_1_102' title="bbox 2006 3819 3669 3897">
    <p class='ocr_par' dir='ltr' id='par_1_102' title="bbox 2006 3819 3669 3897">
     <span class='ocr_line' id='line_1_102' title="bbox 2006 3819 3669 3897; baseline 0.006 -23"><span class='ocrx_word' id='word_1_672' title='bbox 2006 3819 2404 3891; x_wconf 90' lang='lat' dir='ltr'><strong>imperatrice,</strong></span> <span class='ocrx_word' id='word_1_673' title='bbox 2443 3826 2654 3875; x_wconf 86' lang='lat' dir='ltr'><strong>senatu</strong></span> <span class='ocrx_word' id='word_1_674' title='bbox 2685 3827 2827 3886; x_wconf 92' lang='lat' dir='ltr'><strong>toto,</strong></span> <span class='ocrx_word' id='word_1_675' title='bbox 2871 3838 3195 3895; x_wconf 88' lang='lat' dir='ltr'><strong>eorumque</strong></span> <span class='ocrx_word' id='word_1_676' title='bbox 3226 3826 3329 3897; x_wconf 90' lang='lat' dir='ltr'><strong>qui</strong></span> <span class='ocrx_word' id='word_1_677' title='bbox 3358 3833 3581 3883; x_wconf 89' lang='lat' dir='ltr'><strong>rectam</strong></span> <span class='ocrx_word' id='word_1_678' title='bbox 3607 3828 3669 3884; x_wconf 91' lang='lat' dir='ltr'><strong>in</strong></span> 
     </span>
    </p>
   </div>
   <div class='ocr_carea' id='block_1_103' title="bbox 2005 3908 3671 3990">
    <p class='ocr_par' dir='ltr' id='par_1_103' title="bbox 2005 3908 3671 3990">
     <span class='ocr_line' id='line_1_103' title="bbox 2005 3908 3671 3990; baseline 0.006 -26"><span class='ocrx_word' id='word_1_679' title='bbox 2005 3908 2392 3981; x_wconf 90' lang='lat' dir='ltr'><strong>opinionibus</strong></span> <span class='ocrx_word' id='word_1_680' title='bbox 2429 3908 2763 3964; x_wconf 89' lang='lat' dir='ltr'><strong>doctrinam</strong></span> <span class='ocrx_word' id='word_1_681' title='bbox 2787 3911 3062 3967; x_wconf 86' lang='lat' dir='ltr'><strong>tenebant</strong></span> <span class='ocrx_word' id='word_1_682' title='bbox 3093 3913 3321 3970; x_wconf 90' lang='lat' dir='ltr'><strong>delecto</strong></span> <span class='ocrx_word' id='word_1_683' title='bbox 3355 3922 3530 3985; x_wconf 61' lang='lat' dir='ltr'><strong>coetu,</strong></span> <span class='ocrx_word' id='word_1_684' title='bbox 3568 3935 3671 3990; x_wconf 84' lang='lat' dir='ltr'><strong>pa-</strong></span> 
     </span>
    </p>
   </div>
   <div class='ocr_carea' id='block_1_104' title="bbox 2007 3998 3665 4079">
    <p class='ocr_par' dir='ltr' id='par_1_104' title="bbox 2007 3998 3665 4079">
     <span class='ocr_line' id='line_1_104' title="bbox 2007 3998 3665 4079; baseline 0.005 -25"><span class='ocrx_word' id='word_1_685' title='bbox 2007 3998 2265 4054; x_wconf 83' lang='lat' dir='ltr'><strong>triarcha</strong></span> <span class='ocrx_word' id='word_1_686' title='bbox 2337 3998 2942 4070; x_wconf 89' lang='lat' dir='ltr'><strong>Constantinopoleos</strong></span> <span class='ocrx_word' id='word_1_687' title='bbox 2999 4009 3298 4059; x_wconf 85' lang='lat' dir='ltr'><strong>crearetur</strong></span> <span class='ocrx_word' id='word_1_688' title='bbox 3367 4007 3665 4079; x_wconf 79' lang='lat' dir='ltr'><strong>Tarasius,</strong></span> 
     </span>
    </p>
   </div>
   <div class='ocr_carea' id='block_1_105' title="bbox 2006 4085 3658 4166">
    <p class='ocr_par' dir='ltr' id='par_1_105' title="bbox 2006 4085 3658 4166">
     <span class='ocr_line' id='line_1_105' title="bbox 2006 4085 3658 4166; baseline 0.005 -23"><span class='ocrx_word' id='word_1_689' title='bbox 2006 4103 2155 4143; x_wconf 79' lang='lat' dir='ltr'><strong>verae</strong></span> <span class='ocrx_word' id='word_1_690' title='bbox 2185 4085 2324 4141; x_wconf 85' lang='lat' dir='ltr'><strong>ﬁdei</strong></span> <span class='ocrx_word' id='word_1_691' title='bbox 2351 4086 2775 4143; x_wconf 88' lang='lat' dir='ltr'><strong>sanctissimum</strong></span> <span class='ocrx_word' id='word_1_692' title='bbox 2813 4088 3030 4156; x_wconf 87' lang='lat' dir='ltr'><strong>lumen,</strong></span> <span class='ocrx_word' id='word_1_693' title='bbox 3081 4093 3474 4166; x_wconf 87' lang='lat' dir='ltr'><strong>synodusque</strong></span> <span class='ocrx_word' id='word_1_694' title='bbox 3500 4112 3658 4153; x_wconf 72' lang='lat' dir='ltr'><strong>uacu-</strong></span> 
     </span>
    </p>
   </div>
   <div class='ocr_carea' id='block_1_106' title="bbox 2010 4363 3661 4440">
    <p class='ocr_par' dir='ltr' id='par_1_106' title="bbox 2010 4363 3661 4440">
     <span class='ocr_line' id='line_1_106' title="bbox 2010 4363 3661 4440; baseline 0.007 -22"><span class='ocrx_word' id='word_1_695' title='bbox 2010 4363 2337 4440; x_wconf 66' lang='lat' dir='ltr'><strong>scripserit;</strong></span> <span class='ocrx_word' id='word_1_696' title='bbox 2363 4383 2390 4415; x_wconf 89' lang='lat'>»</span> <span class='ocrx_word' id='word_1_697' title='bbox 2418 4363 2959 4440; x_wconf 81' lang='lat' dir='ltr'><strong>permansitautem</strong></span> <span class='ocrx_word' id='word_1_698' title='bbox 2984 4370 3044 4424; x_wconf 91' lang='lat' dir='ltr'><strong>in</strong></span> <span class='ocrx_word' id='word_1_699' title='bbox 3066 4383 3138 4424; x_wconf 89' lang='lat' dir='ltr'><strong>ea</strong></span> <span class='ocrx_word' id='word_1_700' title='bbox 3160 4368 3661 4440; x_wconf 88' lang='lat' dir='ltr'><strong>dissimulatione,</strong></span> 
     </span>
    </p>
   </div>
   <div class='ocr_carea' id='block_1_107' title="bbox 2010 4434 3663 4516">
    <p class='ocr_par' dir='ltr' id='par_1_107' title="bbox 2010 4434 3663 4516">
     <span class='ocr_line' id='line_1_107' title="bbox 2010 4434 3663 4516; baseline 0.007 -27"><span class='ocrx_word' id='word_1_701' title='bbox 2010 4434 2233 4516; x_wconf 66' lang='lat' dir='ltr'><strong>sanctis</strong></span> <span class='ocrx_word' id='word_1_702' title='bbox 2250 4434 2470 4516; x_wconf 82' lang='lat' dir='ltr'><strong>alioqui</strong></span> <span class='ocrx_word' id='word_1_703' title='bbox 2485 4442 2537 4490; x_wconf 92' lang='lat' dir='ltr'><strong>et</strong></span> <span class='ocrx_word' id='word_1_704' title='bbox 2554 4435 3305 4516; x_wconf 76' lang='lat' dir='ltr'><strong>religiosissimismoribus</strong></span> <span class='ocrx_word' id='word_1_705' title='bbox 3321 4434 3663 4516; x_wconf 82' lang='lat' dir='ltr'><strong>exemplum</strong></span> 
     </span>
    </p>
   </div>
   <div class='ocr_carea' id='block_1_108' title="bbox 2009 4507 3661 4587">
    <p class='ocr_par' dir='ltr' id='par_1_108' title="bbox 2009 4507 3661 4587">
     <span class='ocr_line' id='line_1_108' title="bbox 2009 4507 3661 4587; baseline 0.007 -25"><span class='ocrx_word' id='word_1_706' title='bbox 2009 4507 2953 4587; x_wconf 62' lang='lat' dir='ltr'><strong>Ecclesiaeoptimumpraaferens,</strong></span> <span class='ocrx_word' id='word_1_707' title='bbox 2970 4511 3048 4566; x_wconf 90' lang='lat' dir='ltr'><strong>ad</strong></span> <span class='ocrx_word' id='word_1_708' title='bbox 3066 4528 3294 4568; x_wconf 89' lang='lat' dir='ltr'><strong>annum</strong></span> <span class='ocrx_word' id='word_1_709' title='bbox 3320 4507 3661 4587; x_wconf 53' lang='lat' dir='ltr'><strong>usque&#39;874:</strong></span> 
     </span>
    </p>
   </div>
   <div class='ocr_carea' id='block_1_109' title="bbox 2006 4579 3665 4656">
    <p class='ocr_par' dir='ltr' id='par_1_109' title="bbox 2006 4579 3665 4656">
     <span class='ocr_line' id='line_1_109' title="bbox 2006 4579 3665 4656; baseline 0.007 -23"><span class='ocrx_word' id='word_1_710' title='bbox 2006 4594 2129 4650; x_wconf 90' lang='lat' dir='ltr'><strong>quo</strong></span> <span class='ocrx_word' id='word_1_711' title='bbox 2156 4579 2531 4656; x_wconf 64' lang='lat' dir='ltr'><strong>conscientias</strong></span> <span class='ocrx_word' id='word_1_712' title='bbox 2564 4579 2843 4656; x_wconf 77' lang='lat' dir='ltr'><strong>stimulos</strong></span> <span class='ocrx_word' id='word_1_713' title='bbox 2866 4587 3100 4638; x_wconf 90' lang='lat' dir='ltr'><strong>mutum</strong></span> <span class='ocrx_word' id='word_1_714' title='bbox 3133 4579 3435 4656; x_wconf 75' lang='lat' dir='ltr'><strong>pastorem</strong></span> <span class='ocrx_word' id='word_1_715' title='bbox 3461 4588 3665 4644; x_wconf 88' lang='lat' dir='ltr'><strong>redar-</strong></span> 
     </span>
    </p>
   </div>
   <div class='ocr_carea' id='block_1_110' title="bbox 2006 4648 3662 4726">
    <p class='ocr_par' dir='ltr' id='par_1_110' title="bbox 2006 4648 3662 4726">
     <span class='ocr_line' id='line_1_110' title="bbox 2006 4648 3662 4726; baseline 0.007 -22"><span class='ocrx_word' id='word_1_716' title='bbox 2006 4648 2256 4726; x_wconf 80' lang='lat' dir='ltr'><strong>guentes</strong></span> <span class='ocrx_word' id='word_1_717' title='bbox 2293 4648 2514 4726; x_wconf 78' lang='lat' dir='ltr'><strong>diutius</strong></span> <span class='ocrx_word' id='word_1_718' title='bbox 2545 4651 3025 4726; x_wconf 91' lang='lat' dir='ltr'><strong>non_sustinens,</strong></span> <span class='ocrx_word' id='word_1_719' title='bbox 3060 4648 3237 4726; x_wconf 68' lang='lat' dir='ltr'><strong>atdue</strong></span> <span class='ocrx_word' id='word_1_720' title='bbox 3269 4672 3337 4713; x_wconf 79' lang='lat' dir='ltr'><strong>ex</strong></span> <span class='ocrx_word' id='word_1_721' title='bbox 3374 4657 3575 4714; x_wconf 91' lang='lat' dir='ltr'><strong>dolore</strong></span> <span class='ocrx_word' id='word_1_722' title='bbox 3599 4661 3662 4716; x_wconf 88' lang='lat' dir='ltr'><strong>in</strong></span> 
     </span>
    </p>
   </div>
   <div class='ocr_carea' id='block_1_111' title="bbox 2009 4721 3659 4787">
    <p class='ocr_par' dir='ltr' id='par_1_111' title="bbox 2009 4721 3659 4787">
     <span class='ocr_line' id='line_1_111' title="bbox 2009 4721 3659 4787; baseline 0.008 -14"><span class='ocrx_word' id='word_1_723' title='bbox 2009 4721 2275 4776; x_wconf 88' lang='lat' dir='ltr'><strong>morbum</strong></span> <span class='ocrx_word' id='word_1_724' title='bbox 2326 4721 2613 4785; x_wconf 87' lang='lat' dir='ltr'><strong>incidens,</strong></span> <span class='ocrx_word' id='word_1_725' title='bbox 2650 4721 2862 4777; x_wconf 88' lang='lat' dir='ltr'><strong>throno</strong></span> <span class='ocrx_word' id='word_1_726' title='bbox 2912 4721 3188 4780; x_wconf 83' lang='lat' dir='ltr'><strong>nuntium</strong></span> <span class='ocrx_word' id='word_1_727' title='bbox 3245 4731 3468 4785; x_wconf 89' lang='lat' dir='ltr'><strong>remisit</strong></span> <span class='ocrx_word' id='word_1_728' title='bbox 3500 4747 3569 4787; x_wconf 87' lang='lat' dir='ltr'><strong>ac</strong></span> <span class='ocrx_word' id='word_1_729' title='bbox 3600 4733 3659 4787; x_wconf 92' lang='lat' dir='ltr'><strong>in</strong></span> 
     </span>
    </p>
   </div>
   <div class='ocr_carea' id='block_1_112' title="bbox 2009 4792 3662 4875">
    <p class='ocr_par' dir='ltr' id='par_1_112' title="bbox 2009 4792 3662 4875">
     <span class='ocr_line' id='line_1_112' title="bbox 2009 4792 3662 4875; baseline 0.007 -28"><span class='ocrx_word' id='word_1_730' title='bbox 2009 4792 2625 4874; x_wconf 29' lang='lat' dir='ltr'><strong>FloriOmonasterium</strong></span> <span class='ocrx_word' id='word_1_731' title='bbox 2671 4808 2732 4848; x_wconf 88' lang='lat' dir='ltr'><strong>se</strong></span> <span class='ocrx_word' id='word_1_732' title='bbox 2772 4794 3081 4875; x_wconf 70' lang='lat' dir='ltr'><strong>conferens</strong></span> <span class='ocrx_word' id='word_1_733' title='bbox 3108 4798 3495 4875; x_wconf 76' lang='lat' dir='ltr'><strong>imperatrice</strong></span> <span class='ocrx_word' id='word_1_734' title='bbox 3522 4819 3662 4875; x_wconf 88' lang='lat' dir='ltr'><strong>pro-</strong></span> 
     </span>
    </p>
   </div>
   <div class='ocr_carea' id='block_1_113' title="bbox 2008 4863 3662 4934">
    <p class='ocr_par' dir='ltr' id='par_1_113' title="bbox 2008 4863 3662 4934">
     <span class='ocr_line' id='line_1_113' title="bbox 2008 4863 3662 4934; baseline 0.007 -17"><span class='ocrx_word' id='word_1_735' title='bbox 2008 4864 2185 4934; x_wconf 88' lang='lat' dir='ltr'><strong>positi</strong></span> <span class='ocrx_word' id='word_1_736' title='bbox 2213 4864 2341 4931; x_wconf 90' lang='lat' dir='ltr'><strong>ejus</strong></span> <span class='ocrx_word' id='word_1_737' title='bbox 2364 4863 2566 4925; x_wconf 88' lang='lat' dir='ltr'><strong>inscia,</strong></span> <span class='ocrx_word' id='word_1_738' title='bbox 2602 4866 2995 4922; x_wconf 89' lang='lat' dir='ltr'><strong>monasticum</strong></span> <span class='ocrx_word' id='word_1_739' title='bbox 3027 4863 3289 4925; x_wconf 77' lang='lat' dir='ltr'><strong>habitum</strong></span> <span class='ocrx_word' id='word_1_740' title='bbox 3322 4863 3554 4928; x_wconf 44' lang='lat' dir='ltr'><strong>induit‘:</strong></span> <span class='ocrx_word' id='word_1_741' title='bbox 3591 4892 3662 4930; x_wconf 91' lang='lat' dir='ltr'><strong>ac</strong></span> 
     </span>
    </p>
   </div>
   <div class='ocr_carea' id='block_1_114' title="bbox 2007 4935 3661 5011">
    <p class='ocr_par' dir='ltr' id='par_1_114' title="bbox 2007 4935 3661 5011">
     <span class='ocr_line' id='line_1_114' title="bbox 2007 4935 3661 5011; baseline 0.008 -22"><span class='ocrx_word' id='word_1_742' title='bbox 2007 4936 2201 5011; x_wconf 89' lang='lat' dir='ltr'><strong>pa_ulo_</strong></span> <span class='ocrx_word' id='word_1_743' title='bbox 2234 4938 2365 5011; x_wconf 73' lang='lat' dir='ltr'><strong>post</strong></span> <span class='ocrx_word' id='word_1_744' title='bbox 2401 4935 2549 5011; x_wconf 81' lang='lat' dir='ltr'><strong>serio</strong></span> <span class='ocrx_word' id='word_1_745' title='bbox 2611 4936 2869 5011; x_wconf 80' lang='lat' dir='ltr'><strong>monitis,</strong></span> <span class='ocrx_word' id='word_1_746' title='bbox 2920 4940 3021 5011; x_wconf 87' lang='lat' dir='ltr'><strong>qui</strong></span> <span class='ocrx_word' id='word_1_747' title='bbox 3060 4941 3137 4994; x_wconf 86' lang='lat' dir='ltr'><strong>ad</strong></span> <span class='ocrx_word' id='word_1_748' title='bbox 3190 4941 3386 5011; x_wconf 87' lang='lat' dir='ltr'><strong>ipsum</strong></span> <span class='ocrx_word' id='word_1_749' title='bbox 3428 4944 3661 5003; x_wconf 87' lang='lat' dir='ltr'><strong>fuerant</strong></span> 
     </span>
    </p>
   </div>
   <div class='ocr_carea' id='block_1_115' title="bbox 2005 5005 3661 5078">
    <p class='ocr_par' dir='ltr' id='par_1_115' title="bbox 2005 5005 3661 5078">
     <span class='ocr_line' id='line_1_115' title="bbox 2005 5005 3661 5078; baseline 0.008 -18"><span class='ocrx_word' id='word_1_750' title='bbox 2005 5005 2386 5078; x_wconf 85' lang='lat' dir='ltr'><strong>submissiab</strong></span> <span class='ocrx_word' id='word_1_751' title='bbox 2409 5007 2807 5078; x_wconf 87' lang='lat' dir='ltr'><strong>imperatrice,</strong></span> <span class='ocrx_word' id='word_1_752' title='bbox 2841 5010 2910 5063; x_wconf 90' lang='lat' dir='ltr'><strong>de</strong></span> <span class='ocrx_word' id='word_1_753' title='bbox 2933 5005 3160 5078; x_wconf 77' lang='lat' dir='ltr'><strong>synodo</strong></span> <span class='ocrx_word' id='word_1_754' title='bbox 3183 5005 3577 5072; x_wconf 82' lang='lat' dir='ltr'><strong>convocanda</strong></span> <span class='ocrx_word' id='word_1_755' title='bbox 3605 5023 3661 5074; x_wconf 89' lang='lat' dir='ltr'><strong>et</strong></span> 
     </span>
    </p>
   </div>
   <div class='ocr_carea' id='block_1_116' title="bbox 2002 5077 3662 5204">
    <p class='ocr_par' dir='ltr' id='par_1_116' title="bbox 2002 5077 3662 5204">
     <span class='ocr_line' id='line_1_116' title="bbox 2002 5077 3662 5204; baseline 0.008 -74"><span class='ocrx_word' id='word_1_756' title='bbox 2002 5077 2355 5204; x_wconf 49' lang='lat' dir='ltr'><strong>corrigendo</strong></span> <span class='ocrx_word' id='word_1_757' title='bbox 2384 5077 2581 5134; x_wconf 80' lang='lat' dir='ltr'><strong>errOre</strong></span> <span class='ocrx_word' id='word_1_758' title='bbox 2605 5080 2666 5134; x_wconf 90' lang='lat' dir='ltr'><strong>in</strong></span> <span class='ocrx_word' id='word_1_759' title='bbox 2690 5096 2835 5151; x_wconf 86' lang='lat' dir='ltr'><strong>pace</strong></span> <span class='ocrx_word' id='word_1_760' title='bbox 2864 5077 3245 5149; x_wconf 87' lang='lat' dir='ltr'><strong>obdormivit,</strong></span> <span class='ocrx_word' id='word_1_761' title='bbox 3280 5101 3504 5155; x_wconf 88' lang='lat' dir='ltr'><strong>magno</strong></span> <span class='ocrx_word' id='word_1_762' title='bbox 3535 5104 3662 5145; x_wconf 90' lang='lat' dir='ltr'><strong>om-</strong></span> 
     </span>
     <span class='ocr_line' id='line_1_117' title="bbox 2004 5156 2451 5204; baseline -0.007 -1"><span class='ocrx_word' id='word_1_763' title='bbox 2004 5165 2171 5203; x_wconf 77' lang='lat' dir='ltr'><strong>nium</strong></span> <span class='ocrx_word' id='word_1_764' title='bbox 2220 5156 2378 5204; x_wconf 88' lang='lat' dir='ltr'><strong>uctu.</strong></span> <span class='ocrx_word' id='word_1_765' title='bbox 2426 5170 2451 5200; x_wconf 88' lang='lat'>»</span> 
     </span>
    </p>
   </div>
   <div class='ocr_carea' id='block_1_117' title="bbox 2004 5149 2451 5204">
    <p class='ocr_par' dir='ltr' id='par_1_117' title="bbox 2004 5149 2451 5204">
     <span class='ocr_line' id='line_1_118' title="bbox 2004 5149 2451 5204; baseline -0.007 -1"><span class='ocrx_word' id='word_1_766' title='bbox 2004 5149 2171 5203; x_wconf 90' lang='lat' dir='ltr'><strong>nium</strong></span> <span class='ocrx_word' id='word_1_767' title='bbox 2197 5149 2378 5204; x_wconf 87' lang='lat' dir='ltr'><strong>luctu.</strong></span> <span class='ocrx_word' id='word_1_768' title='bbox 2426 5170 2451 5200; x_wconf 88' lang='lat'>»</span> 
     </span>
    </p>
   </div>
   <div class='ocr_carea' id='block_1_118' title="bbox 2001 5249 3655 5328">
    <p class='ocr_par' dir='ltr' id='par_1_118' title="bbox 2001 5249 3655 5328">
     <span class='ocr_line' id='line_1_119' title="bbox 2001 5249 3655 5328; baseline 0.009 -30"><span class='ocrx_word' id='word_1_769' title='bbox 2001 5250 2177 5322; x_wconf 80' lang='grc' dir='ltr'>νίτωρ,</span> <span class='ocrx_word' id='word_1_770' title='bbox 2208 5250 2368 5328; x_wconf 63' lang='grc' dir='ltr'>νετρς,</span> <span class='ocrx_word' id='word_1_771' title='bbox 2416 5253 2639 5328; x_wconf 55' lang='lat' dir='ltr'><strong>textor,</strong></span> <span class='ocrx_word' id='word_1_772' title='bbox 2664 5252 2858 5328; x_wconf 55' lang='lat' dir='ltr'><strong>temtas</strong></span> <span class='ocrx_word' id='word_1_773' title='bbox 2893 5249 3281 5328; x_wconf 78' lang='lat' dir='ltr'><strong>formaverint</strong></span> <span class='ocrx_word' id='word_1_774' title='bbox 3322 5254 3507 5328; x_wconf 86' lang='lat' dir='ltr'><strong>aliqui</strong></span> <span class='ocrx_word' id='word_1_775' title='bbox 3544 5274 3558 5312; x_wconf 87' lang='lat'><strong><em>:</em></strong></span> <span class='ocrx_word' id='word_1_776' title='bbox 3592 5261 3655 5314; x_wconf 90' lang='lat' dir='ltr'><strong>ut</strong></span> 
     </span>
    </p>
   </div>
   <div class='ocr_carea' id='block_1_119' title="bbox 2004 5318 3653 5394">
    <p class='ocr_par' dir='ltr' id='par_1_119' title="bbox 2004 5318 3653 5394">
     <span class='ocr_line' id='line_1_120' title="bbox 2004 5318 3653 5394; baseline 0.008 -22"><span class='ocrx_word' id='word_1_777' title='bbox 2004 5318 2212 5394; x_wconf 73' lang='lat' dir='ltr'><strong>sensus</strong></span> <span class='ocrx_word' id='word_1_778' title='bbox 2225 5318 2365 5374; x_wconf 91' lang='lat' dir='ltr'><strong>sitin</strong></span> <span class='ocrx_word' id='word_1_779' title='bbox 2379 5319 2505 5388; x_wconf 90' lang='lat' dir='ltr'><strong>ejus</strong></span> <span class='ocrx_word' id='word_1_780' title='bbox 2526 5320 3005 5394; x_wconf 31' lang='lat' dir='ltr'><strong>delicato‘vestitu</strong></span> <span class='ocrx_word' id='word_1_781' title='bbox 3028 5338 3148 5379; x_wconf 87' lang='lat' dir='ltr'><strong>non</strong></span> <span class='ocrx_word' id='word_1_782' title='bbox 3180 5318 3507 5394; x_wconf 76' lang='lat' dir='ltr'><strong>gloriatum</strong></span> <span class='ocrx_word' id='word_1_783' title='bbox 3521 5344 3653 5386; x_wconf 87' lang='lat' dir='ltr'><strong>esse</strong></span> 
     </span>
    </p>
   </div>
   <div class='ocr_carea' id='block_1_120' title="bbox 2004 5389 3657 5519">
    <p class='ocr_par' dir='ltr' id='par_1_120' title="bbox 2004 5389 3657 5519">
     <span class='ocr_line' id='line_1_121' title="bbox 2004 5389 3657 5519; baseline 0.008 -75"><span class='ocrx_word' id='word_1_784' title='bbox 2004 5389 2613 5519; x_wconf 46' lang='lat' dir='ltr'><strong>frictoreFt‘extorem</strong></span> <span class='ocrx_word' id='word_1_785' title='bbox 2627 5390 2800 5456; x_wconf 77' lang='lat' dir='ltr'><strong>ve,uti</strong></span> <span class='ocrx_word' id='word_1_786' title='bbox 2810 5407 2920 5449; x_wconf 91' lang='lat' dir='ltr'><strong>nec</strong></span> <span class='ocrx_word' id='word_1_787' title='bbox 2936 5393 2997 5450; x_wconf 91' lang='lat' dir='ltr'><strong>in</strong></span> <span class='ocrx_word' id='word_1_788' title='bbox 3019 5389 3233 5454; x_wconf 75' lang='lat' dir='ltr'><strong>eodem</strong></span> <span class='ocrx_word' id='word_1_789' title='bbox 3245 5396 3657 5457; x_wconf 88' lang='lat' dir='ltr'><strong>laborandum</strong></span> 
     </span>
     <span class='ocr_line' id='line_1_122' title="bbox 2032 5477 2381 5518; baseline -0.006 -1"><span class='ocrx_word' id='word_1_790' title='bbox 2032 5478 2064 5517; x_wconf 86' lang='grc' dir='ltr'><strong>ιι</strong></span> <span class='ocrx_word' id='word_1_791' title='bbox 2111 5477 2212 5518; x_wconf 87' lang='lat' dir='ltr'><strong>om</strong></span> <span class='ocrx_word' id='word_1_792' title='bbox 2273 5478 2332 5517; x_wconf 89' lang='grc' dir='ltr'><strong>ιιι</strong></span> <span class='ocrx_word' id='word_1_793' title='bbox 2366 5498 2381 5515; x_wconf 91' lang='grc'><strong>.</strong></span> 
     </span>
    </p>
   </div>
  </div>
