4078 6222
233 259 299 314 25

232 388 349 457 τήρ,
412 385 499 432 οἷα
549 382 750 451 πατήρ,
810 382 903 431 σὺν
968 385 1039 431 τῶ
1096 382 1321 455 τριχίνῳ
1391 379 1566 453 ἀμφίῳ
1625 386 1714 431 και
1769 374 1832 451 τῇ
1869 379 1913 433 Α

233 476 550 544 ποιμαντικῇ
613 467 899 541 βακτηρίᾳ.
973 470 1330 531 Καθεσθείσης
1386 466 1445 522 δὲ
1500 477 1597 531 τῆς
1660 472 1838 541 τιμίας

247 557 497 625 συνόδου,
549 562 772 628 καίτοιγε
821 557 871 610 ἐν
924 558 1115 611 εὐτελεῖ
1180 563 1529 633 προσχήματι
1595 565 1686 610 τοῦ
1738 577 1840 629 μα-

254 656 436 727 καρίον
487 650 840 720 Θεωρουμὲνου,
896 646 1128 721 εὐσεϐείᾳ
1182 644 1241 701 δὲ
1294 649 1420 722 ὑπερ
1474 650 1666 708 πάντας
1714 645 1839 699 ἁπο-

272 739 555 799 στίλϐοντος,
608 736 667 788 οὐ
726 735 1157 811 παρελογίσαντο,
1216 736 1328 789 ἀλλ’
1380 736 1659 812 ἐπέτρεψαν
1714 739 1840 808 πρὸς

378 834 456 878 τοῦ
486 822 752 897 δόγματος
805 822 1159 900 δημηγορίαν·
1194 822 1415 899 ᾔδεισαν
1464 829 1566 900 γὰρ
1615 824 1841 900 ἀκριϐῶς

262 922 329 969 τόν
359 916 498 978 ἀξιον
538 922 633 967 τοῦ
680 918 970 986 Πνεύματος
1001 915 1245 988 ἐργάτην.
1271 914 1330 968 Ὀ
1374 911 1434 968 δε
1478 911 1740 987 δι’ὁλίγων
1774 918 1839 967 τὰ

248 1005 396 1057 πολλά
436 1006 778 1079 ῥητορεύσας,
809 1009 900 1057 καὶ
952 1001 1045 1057 διὰ
1069 1012 1300 1077 φυσικῶν
1330 1009 1417 1057 καὶ
1454 1012 1720 1079 γραφικῶν
1749 1008 1840 1056 καὶ

244 1091 572 1166 δογματικῶν
645 1089 955 1157 ἀποδείξεων
1020 1097 1138 1154 τούς
1191 1091 1437 1156 ἁλαξόνας
1485 1098 1577 1145 καὶ
1635 1089 1839 1164 δυσφή-

239 1202 361 1255 μους
442 1183 833 1254 Εἱκονομάχους
903 1181 1104 1253 ἐλέγξας
1181 1201 1233 1235 τε
1309 1187 1400 1235 καὶ
1476 1181 1835 1254 ἐπιστομίσας,

240 1269 476 1326 ἀπέδωκε
526 1275 611 1324 τόν
663 1276 860 1344 κόσμον
912 1280 974 1345 τῇ
1030 1271 1336 1344 Ἐκκλησία.
1383 1270 1452 1324 Ὣ.
1497 1280 1589 1325 τοῦ
1641 1273 1839 1344 θαύμα-

482 1367 533 1414 τί
612 1364 798 1413 τούτου
875 1361 1412 1436 μεγαλοπρεπέστερον
1462 1380 1475 1430 ;
1551 1361 1725 1434 Ὀμως
1779 1364 1838 1414 τό

239 1458 447 1523 Πνεῦμα
494 1454 556 1502 τὸ
606 1449 757 1521 ἅγιον
793 1451 914 1502 ἔνθα
957 1448 1204 1522 βούλεται
1261 1458 1394 1515 πνεῖ,
1428 1455 1517 1503 καὶ
1563 1453 1663 1503 ὅσα
1715 1450 1839 1523 βού-

234 1540 388 1593 λεται.
461 1543 664 1592 Τούτων
716 1540 851 1591 οὕτω
902 1538 1255 1609 τελεσθέντων,
1309 1544 1400 1592 καὶ
1448 1548 1545 1592 τῶν
1604 1543 1838 1614 Πατάρων

236 1383 319 1423 τος
370 1361 383 1414 i

236 1634 281 1680 ἐν
338 1636 455 1688 τοῖς
506 1627 724 1679 ἑκάσνου
792 1632 971 1689 τόποις
1016 1627 1526 1695 παλινοστησάννων,
1572 1627 1841 1700 καταλαμ-

236 1716 369 1769 ϐάνει
433 1718 587 1769 πάλιν
648 1717 675 1767 6
730 1718 988 1790 μακάριος
1042 1720 1100 1769 τό
1157 1718 1280 1792 παρ’
1335 1717 1497 1770 αὐτοῦ
1554 1720 1839 1792 νεωργηθὲν

241 1807 659 1878 οὐρανομίμητον
715 1812 1088 1879 μοναστήριον.
1144 1805 1344 1879 Ὠσπερ
1390 1810 1492 1880 γὰρ
1541 1806 1589 1859 ἄν
1641 1807 1839 1881 οὐρανῷ

248 1895 385 1957 ἣλιος
444 1900 531 1948 σὺν
577 1895 798 1971 ἄστροις
849 1892 1130 1968 δᾳδουχεῖ,
1189 1901 1282 1955 τήν
1352 1898 1635 1970 σύμπασαν
1683 1917 1841 1949 κατα-

242 1986 465 2055 γλαίζων
521 1993 592 2055 τῷ
650 1990 783 2057 φωτὶ
835 1992 929 2047 τῆς
983 1984 1356 2059 ἕλλάμψσπεως
1384 2002 1397 2015 ⁸
1448 1990 1534 2039 τὸν
1584 1987 1739 2039 αὐτὸν
1775 1984 1840 2046 δὴ

238 2072 516 2145 τῷπονέξ
567 2073 734 2136 αὐτῆς
799 2075 824 2125 6
869 2075 1145 2146 μακάριος,
1193 2078 1287 2127 σὺν
1316 2081 1422 2135 τοῖς
1463 2075 1581 2127 κατ’
1628 2074 1842 2146 ἐκλογὴν

239 2171 324 2215 τοῦ
396 2166 694 2235 Πνεύματος
757 2162 899 2233 αὐτῷ
954 2170 1236 2236 μονασταῖς
1302 2170 1390 2217 καὶ
1466 2173 1839 2229 συνασκηταῖς,

242 2256 329 2311 τήν
383 2252 693 2325 οἰκουμένην
734 2254 1104 2323 καταυγάζων,
1164 2261 1281 2315 ταῖς
1337 2263 1706 2330 μαρμαρυγαῖς
1747 2263 1844 2315 τῆς

252 2340 512 2412 ἰσαγγελου
544 2341 805 2402 πολιτείας
826 2338 1146 2413 ἐφαίδρυνεν.

313 2432 408 2484 ιε’.
462 2430 716 2503 Διελαμπε
769 2435 940 2483 τοίνυν
988 2432 1018 2489 ή
1097 2439 1186 2492 τῆς
1238 2428 1546 2504 ὀρθοδοξίας
1586 2432 1735 2497 ἀκτίς
1794 2433 1842 2486 ἓν

240 2527 341 2580 τοῖς
388 2524 602 2595 πέρασι.
660 2523 868 2592 Χρόνων
912 2517 972 2572 δε
1018 2522 1202 2573 ἱκανῶν
1252 2517 1668 2591 διιππασάντων,
1722 2522 1842 2576 ἀνα-

245 2612 418 2680 φύεται
462 2613 602 2661 κατὰ
654 2614 1002 2683 συγχώρησιν
1047 2618 1179 2663 Θεοῦ
1222 2612 1248 2662 6
1278 2612 1548 2682 ὁμώνυμος
1600 2620 1691 2664 τοῦ
1720 2632 1845 2687 προ-

248 2703 394 2769 τέρου
454 2704 616 2763 Λέων,
672 2699 813 2759 ὅστις
860 2701 1121 2771 παρευθύς
1174 2709 1265 2760 τῆς
1319 2699 1702 2774 ἀναγορεύσεως
1750 2705 1845 2754 αὐ-

258 2794 351 2837 τοῦ
403 2788 495 2846 τὰς
539 2791 709 2857 τιμίας
756 2788 979 2840 καθελὼν
1040 2790 1251 2853 εἰκόνας,
1308 2790 1588 2861 ἠμαύρωσε
1635 2790 1693 2842 τὸ
1750 2799 1843 2853 τῆς

272 2874 578 2936 Ἐκκλησίας
618 2875 803 2942 κάὶλος,
860 2877 1150 2949 ἐλυμήνατο
1201 2880 1270 2940 ὥς
1316 2898 1391 2940 τις
1438 2882 1613 2951 μονιὸς
1660 2880 1843 2955 ἄγριος

268 2967 353 3021 τήν
406 2973 503 3014 τῶν
540 2961 823 3035 ὀρθοδόξων
874 2967 1155 3039 ὁμήγυριν,
1208 2973 1298 3020 καὶ
1341 2965 1401 3027 ἧν
1441 2969 1626 3022 οἰκεῖον
1666 2971 1843 3033 αὐτοῖς

256 3055 310 3103 τὸ
348 3051 525 3124 λέγειν·
573 3074 599 3103 ‹‹
639 3053 695 3105 '0
736 3059 882 3123 Θεὸς,
930 3055 1159 3115 ήλθοσαν
1212 3057 1327 3115 ἔθνη
1371 3058 1441 3118 εἰς
1496 3062 1595 3118 τὴν
1654 3059 1838 3134 κληρο-

244 3148 415 3213 νομίαν
450 3162 566 3211 σου,
608 3164 637 3196 ι)
680 3148 773 3196 καὶ
820 3149 882 3196 τὰ
924 3146 1060 3209 ἑξῆςο
1110 3150 1230 3207 τοὺς
1271 3149 1373 3221 γὰρ
1418 3156 1515 3210 τῆς
1556 3146 1840 3221 ὀρθοδόξου

244 3237 459 3292 πίστεως
534 3234 849 3307 προμάχους
917 3253 971 3287 τε
1043 3240 1130 3287 καὶ
1200 3237 1540 3309 ὐπερμάχους
1611 3241 1842 3310 Πατέρας

242 3320 444 3383 πολλαῖς
493 3322 691 3383 αἰκίαις
744 3326 833 3375 καὶ
881 3322 1089 3395 θλίψεσι
1131 3325 1525 3391 καθυποϐαλὼν,
1587 3329 1844 3398 κακιγκά-

249 3427 335 3467 κως
380 3408 661 3462 ἀπώλεσεν·
724 3409 772 3462 ἐν
821 3408 896 3472 οἷς
946 3417 1031 3464 καὶ
1089 3409 1354 3486 Θεόδωρον
1418 3418 1505 3467 τὸν
1560 3416 1841 3469 ὁσιώτατον

244 3498 523 3569 ἡγούμενον
574 3507 668 3550 τῶν
716 3497 990 3565 Στουδίου,
1046 3500 1315 3572 ἐλέγξαντα
1366 3508 1460 3562 τὴν
1514 3507 1701 3556 τούτου
1746 3526 1842 3577 μα-

241 3592 611 3658 ταιογνωμίαν,
702 3598 964 3661 χρονικῶς
1045 3590 1374 3665 αἰκισάμενος
1446 3591 1619 3666 ἐξορίᾳ
1685 3599 1841 3667 παρέ-

518 3678 671 3748 Δολία
751 3674 810 3731 δὲ
885 3684 1062 3753 γνώμη
1135 3685 1494 3756 χρησάμενος,
1561 3686 1843 3758 γράμμασι

246 3768 576 3827 θωπευτικοῖς
658 3771 784 3842 πρὸς
867 3771 955 3821 τὸν
1024 3773 1280 3844 μακάριον
1359 3774 1646 3843 Θεοφάνην,
1731 3775 1843 3846 ᾔτει

250 3861 663 3927 συμφωνήσοντα
694 3864 755 3930 τῇ
802 3860 985 3910 τούτου
1033 3866 1279 3934 κακονοίᾳ
1320 3865 1450 3936 πρὸς
1484 3863 1637 3915 αὐτὸν
1666 3865 1833 3922 ἣκειν,

253 3942 311 3994 Ὀ
349 3941 405 3996 δε
433 3949 688 4021 μακάριος
714 3945 1046 4022 ἀντιγράφοις
1074 3949 1332 4022 ἠμείψατο
1364 3948 1545 4004 τοῖσδε
1571 3968 1585 3983 ⁸

1875 3101 1916 3159 C

242 3675 427 3749 πεμψε.

525 4126 833 4197 Ἐπίγνωθι,
878 4124 1118 4198 βασιλεῦ,
1153 4133 1238 4181 τόν
1299 4148 1382 4182 σοι
1431 4134 1523 4188 τὴν
1576 4128 1848 4201 βασιλείαν

234 4217 621 4286 χαρισάμενον,
687 4211 760 4267 δι’
819 4214 879 4266 οὗ
935 4214 1175 4288 βασιλεῖς
1227 4216 1571 4290 βασιλεύουσι
1623 4223 1711 4271 καὶ
1764 4222 1851 4271 τύ-

232 4321 414 4373 ραννοι
466 4311 725 4376 κρατοῦσι
791 4312 910 4375 γῆς,
972 4308 1041 4366 ὡς
1106 4310 1231 4370 Θεὸς
1293 4307 1360 4359 ὢν
1444 4307 1850 4384 ἀπερίγραπτος,

1520 253 1689 311 VITA
1728 251 1787 309 S.
1829 249 2306 310 THEOPHANIS.

3532 252 3602 306 26

1947 378 2163 433 dorum
2194 376 2571 433 multitudine
2610 377 2757 448 (48);
2793 375 2970 434 Pater
2998 378 3197 430 autem
3236 380 3496 445 sanctus,
3538 380 3603 433 ut

1948 482 2087 523 vere
2119 468 2303 533 Pater,
2335 466 2569 523 cilicino
2599 464 2780 539 pallio
2806 481 2915 520 suo
2945 480 3014 519 ac
3044 463 3262 519 baculo
3294 464 3597 537 pastorali.

1951 557 2232 612 Caeterum
2260 572 2397 612 cum
2421 554 2764 612 veneranda
2780 553 3050 626 synodus
3070 553 3451 621 consedisset,
3475 570 3598 611 non

1950 645 2270 716 despexere
2310 646 2508 702 Patres
2547 643 2760 701 humili
2789 642 3064 715 quamvis
3102 641 3310 697 habitu
3350 658 3601 715 conspe-

1951 740 2111 790 ctum
2144 738 2396 801 Patrem,
2430 750 2567 790 cum
2594 750 2716 806 prae
2747 731 3030 789 omnibus
3052 731 3273 804 pietate
3299 747 3601 789 coruscas-

1951 829 2063 892 set;
2106 824 2214 879 sed
2240 824 2317 881 ad
2347 823 2701 880 edicendam
2730 821 2959 893 publice
3000 821 3359 877 sententiam
3400 820 3603 877 invita-

1948 918 2106 969 runt.
2148 916 2445 970 Noverant
2486 912 2667 979 enim,
2710 918 2765 968 et
2802 912 3026 983 optime
3064 915 3372 975 noverant,
3414 924 3602 982 quam

1949 1002 2169 1072 dignus
2215 1002 2464 1074 Spiritus
2513 1002 2700 1058 sancti
2738 999 3048 1073 operarius
3087 1004 3261 1055 esset.
3313 998 3412 1054 llle
3458 1014 3602 1055 vero

1951 1091 2160 1163 paucis
2212 1090 2400 1147 multa
2437 1090 2801 1163 complexus,
2855 1087 3193 1144 rationibus
3234 1104 3303 1143 ex
3366 1091 3597 1153 natura,

1952 1181 2251 1253 Scriptura
2289 1197 2359 1237 ac
2388 1179 2705 1252 disciplina
2744 1178 2942 1251 petitis
2973 1175 3344 1247 redarguitet
3382 1176 3602 1233 obmu-

1951 1274 2173 1326 tescere
2204 1270 2337 1326 fecit
2367 1274 2716 1338 arrogantes
2745 1267 3262 1339 exsecrabilesque
3292 1267 3602 1323 lconoma-

1949 1358 2115 1428 cltos,
2178 1359 2571 1431 Ecclesiaeque
2617 1358 2933 1431 pristinum
2973 1356 3227 1412 restituit
3277 1356 3483 1412 decus.
3554 1358 3598 1413 Ο

1949 1448 2342 1505 miraculum!
2385 1448 2533 1521 quid
2572 1463 2643 1504 eo
2682 1447 2796 1503 dici
2838 1446 3317 1516 magniﬁcentius
3355 1446 3601 1517 potest?

1949 1553 2167 1610 nempe
2187 1538 2372 1611 spirat
2395 1538 2515 1603 ubi,
2540 1542 2904 1610 etquantum
2924 1536 3045 1592 vult
3067 1536 3314 1607 Spiritus
3336 1541 3597 1592 sanctus.

1951 1628 2174 1693 Quibus
2189 1628 2267 1685 ita
2288 1628 2486 1698 gestis,
2502 1626 2779 1683 Patribus
2795 1642 2912 1699 que
2931 1625 3008 1682 ad
3030 1642 3137 1681 sua
3149 1626 3599 1697 revertentibus,

1950 1733 2159 1773 rursus
2190 1734 2251 1773 se
2282 1717 2491 1773 beatus
2524 1715 2739 1788 recepit
2769 1715 2829 1771 in
2863 1715 3286 1771 monasterium
3317 1730 3523 1770 recens
3567 1730 3603 1771 a

1950 1823 2011 1863 se
2033 1806 2367 1871 fundatum,
2394 1805 2631 1878 ipsique
2658 1805 3028 1860 simillimum
3050 1804 3220 1860 cmlo.
3252 1807 3322 1860 Ut
3349 1804 3509 1861 enim
3542 1803 3602 1859 in

1950 1894 2100 1953 caelo
2140 1895 2228 1952 sol
2265 1912 2402 1951 cum
2435 1894 2613 1951 astris
2644 1894 2819 1958 lucet,
2860 1893 3064 1950 orbem
3093 1892 3433 1949 illuminans
3474 1893 3603 1948 uni-

1950 2001 2190 2042 versum
2215 1984 2618 2041 illustrationis
2641 2000 2766 2039 suae
2791 1982 3106 2056 splendore
3138 1999 3149 2037 :
3179 1982 3392 2039 eodem
3420 1981 3603 2039 modo

1950 2076 2009 2131 in
2041 2080 2195 2131 terra
2223 2075 2453 2142 beatus,
2482 2089 2616 2128 cum
2650 2073 2773 2128 suis
2802 2072 2862 2128 in
2894 2072 3098 2144 spiritu
3126 2071 3368 2127 delectis
3399 2087 3604 2128 mona-

1949 2166 2096 2230 chis,
2130 2171 2186 2221 et
2209 2166 2269 2221 in
2291 2169 2499 2221 sancto
2512 2177 2705 2233 agone
2724 2162 3057 2229 sodalibus,
3076 2162 3179 2218 toti
3219 2160 3607 2233 resplendens

1951 2256 2102 2323 orbi,
2135 2272 2275 2312 eum
2302 2254 2585 2325 angelicae
2621 2270 2741 2311 suae
2770 2251 3240 2309 conversationis
3270 2250 3606 2321 fulgoribus

1950 2346 2307 2402 illustrabat.

2027 2436 2131 2490 XV.
2177 2434 2673 2492 Diﬂ'undebantur
2694 2434 2873 2505 igitur
2898 2446 3388 2505 quaquaversum
3411 2430 3608 2486 ortho-

1955 2524 2144 2581 doxiae
2200 2524 2393 2580 radii:
2429 2530 2563 2597 post
2614 2539 2914 2580 annorum
2964 2537 3104 2576 vero
3160 2520 3605 2592 aliquantorum

1951 2614 2272 2671 decursum
2290 2614 2495 2670 divina
2510 2613 2902 2687 permissione
2915 2610 3162 2667 surrexit
3181 2610 3360 2681 priori
3388 2624 3608 2678 cogno-

1956 2704 2133 2759 minis
2163 2703 2300 2768 Leo,
2332 2704 2433 2775 qui
2465 2702 2661 2759 statim
2688 2708 2751 2757 ut
2779 2702 3116 2756 declaratus
3143 2705 3231 2754 est
3259 2700 3605 2768 imperator,

1953 2809 2151 2849 sacras
2184 2792 2477 2861 imagines
2500 2790 2761 2846 subverti
2784 2788 3161 2861 praecipiens,
3189 2785 3459 2842 Ecclesiae
3482 2786 3609 2856 pul-

1952 2882 2345 2938 cbritudinem
2408 2880 2706 2940 exstinxit,
2780 2884 2835 2934 et
2900 2882 3193 2949 tanquam
3247 2874 3404 2930 ferus
3463 2890 3609 2946 aper

1951 2970 2159 3027 afﬂixit
2218 2975 2438 3026 castum
2478 2968 2969 3030 orthodoxorum,
3019 2964 3239 3037 quibus
3277 2978 3414 3019 vere
3466 2968 3608 3019 tunc

1951 3060 2143 3116 dicere
2180 3059 2431 3115 licebat:
2461 3080 2490 3108 «
2534 3061 2704 3125 Deus,
2749 3061 3040 3112 venerunt
3079 3058 3284 3124 gentes
3324 3053 3384 3108 in
3422 3052 3609 3108 heare-

1951 3150 2194 3205 ditatem
2227 3154 2391 3204 tuam
2417 3150 2459 3213 ³,
2488 3168 2518 3201 ››
2547 3152 2600 3203 et
2622 3164 2691 3203 ea
2712 3162 2848 3219 quae
2871 3150 3223 3216 sequuntur.
3250 3142 3607 3199 Orthodoxaa

1951 3238 2110 3295 enim
2167 3238 2304 3294 ﬁdei
2362 3238 2706 3294 defensores
2763 3239 3357 3307 propugnatoresque
3413 3231 3610 3287 Patres

1952 3328 2112 3385 mala
2139 3333 2326 3383 morte
2358 3326 2613 3391 sustulit,
2642 3324 2842 3381 multis
2872 3339 2974 3379 eos
3003 3321 3348 3378 verberibus
3374 3336 3611 3393 pressu-

1952 3416 2146 3489 risque
2180 3415 2600 3487 subjiciens,in
2633 3413 2854 3486 quibus
2872 3417 2929 3468 et
2952 3411 3331 3468 Theodorum
3364 3410 3609 3466 sanctis-

1952 3506 2173 3562 simum
2213 3505 2399 3561 Studii
2427 3502 2979 3572 archimandritam,
3015 3500 3180 3573 quod
3212 3500 3451 3554 stultum
3483 3497 3609 3570 ejus

1952 3595 2213 3651 edictum
2246 3594 2580 3657 damnaret,
2612 3596 2750 3664 post
2783 3590 3131 3646 diuturnam
3163 3587 3610 3644 vexationemin

1952 3684 2219 3741 exsilium
2232 3683 2479 3756 expulit:
2500 3681 2879 3739 fraudulento
2896 3695 3033 3735 vero
3048 3680 3242 3735 animo
3258 3680 3331 3734 ad
3349 3680 3406 3733 Β.
3420 3678 3610 3734 Theo-

1952 3776 2215 3849 phanem
2255 3773 2513 3830 blandas
2559 3771 2878 3828 destinavit
2917 3771 3160 3831 litteras.
3200 3768 3422 3840 quibus
3470 3783 3608 3823 eum

1952 3864 2225 3936 rogabat,
2251 3869 2313 3919 ut
2341 3861 2621 3936 pessimae
2649 3878 2770 3916 sum
2785 3859 3163 3917 subscribens
3189 3857 3608 3922 sententite,ad

1955 3971 2016 4011 se
2056 3954 2337 4010 accedere
2377 3968 2450 4008 ne
2490 3955 2855 4021 gravaretur.
2898 3948 2986 4005 Ad
3026 3963 3179 4021 quas
3218 3946 3312 4002 ille
3350 3946 3413 4001 in
3449 3945 3607 4025 hanc

1955 4043 2211 4101 formam
2252 4042 2545 4115 rescripsit
2570 4059 2581 4097 :

2026 4133 2155 4191 XVI.
2198 4134 2459 4197 Noveris,
2488 4131 2830 4203 imperator,
2859 4144 2995 4184 eum
3024 4126 3127 4200 qui
3155 4124 3259 4183 tibi
3290 4123 3607 4196 imperium

1958 4224 2203 4293 largitus
2244 4227 2351 4286 est,
2392 4237 2497 4294 per
2534 4235 2716 4292 quem
2755 4234 2924 4290 reges
2964 4224 3233 4286 regnant,
3278 4218 3333 4270 et
3370 4213 3607 4285 tyranni

1961 4313 2348 4369 dominantur
2380 4310 2437 4365 in
2468 4310 2667 4385 terris;
2701 4309 2951 4369 noveris.
2986 4308 3256 4378 inquam,
3298 4304 3608 4375 quomodo

232 4397 586 4464 περίγραπτος
654 4401 716 4465 τῇ
806 4394 923 4446 καθ’
1007 4397 1147 4467 ἡμᾶς
1210 4396 1507 4469 προσλήψει
1570 4402 1842 4470 γενόμενοςι

1962 4403 2114 4457 Deus
2132 4400 2675 4472 incircumscriptus
2695 4414 2830 4453 cum
2854 4397 2948 4466 sit,
2975 4401 3173 4451 tamen
3193 4392 3602 4449 circumscribi

236 4481 412 4549 ὅμοιος
462 4483 592 4553 ἡμῖν
634 4485 768 4535 κατά
816 4485 988 4536 πάντα
1034 4484 1167 4544 πλήν
1210 4486 1470 4558 ἁμαρτίας
1524 4490 1849 4560 κεχρημάτι-

234 4589 332 4621 κεν⁸
387 4572 530 4632 ὅπως
582 4568 641 4623 δε
682 4576 893 4645 νεκροὺς
937 4572 1210 4639 ἀνέστησε,
1260 4582 1349 4628 καὶ
1396 4575 1611 4649 τυφλοὺς
1667 4578 1848 4649 ὠμμά-

237 4667 393 4723 τωσὲ,
452 4664 545 4711 καὶ
594 4659 810 4735 λεπροὺς
862 4660 1158 4737 ἐκαθάρισε,
1213 4670 1301 4717 καὶ
1352 4667 1418 4717 τὰ
1460 4665 1587 4718 ἄλλα
1623 4667 1846 4729 καθεξῆς

236 4758 333 4799 τῶν
397 4750 673 4821 θαυμάτων
745 4751 902 4803 αὐτοῦ
945 4770 957 4782 ⁸
1010 4754 1147 4814 ὅπως
1206 4773 1256 4806 τε
1333 4751 1600 4828 Ἰουδαϊκῇ
1672 4775 1844 4828 παρα-

239 4838 467 4909 οροσύνῃ
524 4840 690 4899 πάθος
746 4841 1005 4911 ὑπέμεινεν
1054 4841 1199 4905 ἑκὼν,
1254 4848 1343 4895 καὶ
1398 4850 1672 4919 τριήμερος
1724 4844 1842 4897 ἁνα-

242 4929 390 4993 στᾶς,
443 4927 514 4989 είς
556 4926 805 5001 οὐρανοὺς
850 4927 1142 4997 ἀνελήλυθε,
1184 4938 1275 4992 τῆς
1317 4936 1447 5008 πρὸς
1498 4937 1583 4987 τὸν
1634 4939 1841 5009 Πατέρα

305 5104 326 5138 ⁸
360 5103 519 5159 Psal.
555 5120 791 5174 Lxxvm,
820 5108 869 5159 1.

304 5256 420 5326 (t8)
456 5255 572 5312 Hos
603 5272 731 5313 esse
757 5272 941 5328 equos
972 5257 1165 5328 cursui
1196 5257 1470 5314 velociori
1514 5258 1841 5315 destinatos

241 5333 287 5380 et
309 5334 595 5395 assuetos,
617 5327 884 5400 qualibus
899 5327 1109 5400 publici
1127 5344 1394 5384 cursores
1417 5334 1681 5397 utuntur,
1704 5331 1839 5386 hinc

242 5400 539 5455 reredarii
553 5400 855 5466 nominati,
870 5401 971 5471 qui
995 5407 1182 5455 tamen
1197 5417 1232 5455 a
1248 5402 1514 5457 vehendis
1527 5402 1722 5456 rhedis
1737 5418 1839 5457 no-

242 5486 374 5528 men
397 5472 755 5543 acceperint,
779 5476 925 5543 teste
948 5474 1131 5539 Festo,
1148 5471 1338 5528 obiter
1353 5472 1721 5529 insinuatum
1748 5479 1839 5531 est

242 5543 293 5599 in
345 5546 419 5602 16
446 5541 716 5603 Januarii
778 5541 860 5601 ad
899 5558 1068 5602 num.
1118 5543 1183 5599 t3
1237 5547 1518 5602 Actorum
1565 5545 1835 5621 priorum

1958 4491 2241 4561 dignatus
2264 4490 2356 4555 sit,
2381 4494 2647 4545 nostram
2681 4485 3049 4543 assumendo
3071 4488 3373 4546 naturam,
3396 4480 3606 4537 similis

1957 4580 2130 4636 nobis
2171 4579 2362 4634 factus
2391 4594 2497 4648 per
2526 4576 2749 4638 omnia,
2796 4575 2907 4630 nisi
2937 4574 3097 4646 quod
3131 4576 3443 4644 peccatum
3484 4585 3607 4625 non

1954 4668 2248 4725 habuerit.
2270 4666 2610 4724 Secundum
2625 4681 2805 4737 quam
2830 4670 3107 4719 naturam
3131 4659 3439 4716 suscitavit
3455 4674 3609 4715 mor-

1953 4764 2105 4829 tuos,
2130 4756 2486 4813 illuminavit
2509 4772 2719 4818 caecos,
2742 4753 3351 4824 mundavitleprosos,
3370 4754 3610 4805 caetera-

1949 4864 2067 4919 que
2088 4863 2159 4903 ex
2172 4846 2380 4903 ordine
2406 4850 2685 4917 operatus
2700 4849 2787 4900 est
2804 4842 3089 4899 miracula
3106 4857 3248 4896 sua:
3272 4837 3605 4894 secundum

1948 4952 2135 5010 quam
2170 4934 2449 4993 eamdem
2489 4939 2699 5007 sponte
2741 4937 2991 4989 mortem
3025 4930 3224 4998 subiit,
3263 4928 3607 4985 Judteorum

1954 5262 2009 5318 S.
2060 5260 2311 5333 Marcelli
2350 5262 2549 5333 Papae.
2594 5259 2742 5317 Festi
2795 5259 3147 5333 sententiam
3192 5254 3389 5333 multis
3435 5255 3607 5312 docte

1949 5332 2267 5388 conﬁrmat
2284 5334 2341 5388 in
2370 5328 2480 5388 suo
2501 5333 2902 5404 Etymologico
2924 5329 3186 5404 Vossius.
3207 5328 3380 5404 certis
3402 5333 3606 5383 aucto-

1947 5404 2111 5459 ribus
2125 5405 2383 5476 antiquis
2396 5399 2834 5476 demonstrans,
2853 5401 3111 5476 antiquis
3123 5399 3464 5456 cursoribus
3478 5415 3608 5455 cur-

1946 5491 2082 5532 sum
2121 5472 2429 5547 publicum
2472 5474 2865 5531 vehicularem
2904 5472 3105 5530 fuisse.
