4078 6222
453 262 521 319 27
1792 267 2049 326 MENSIS
2092 269 2114 323 Β

2228 268 2437 326 lTIUS.
3751 282 3824 338 28

447 386 675 444 illatam
716 386 981 456 vesania,
1019 388 1307 461 tertiaque
1337 403 1654 460 resurgens
1692 392 1786 449 die
1825 395 1887 450 in
1926 395 2107 452 caelos

2228 393 2499 469 συνεδρίας
2563 392 2831 468 μηδέποτε
2909 400 3215 473 χωρισθείς.
3286 402 3395 463 Τῆς
3482 403 3825 477 ὠαγγελικῆς

446 476 705 548 gloriose
755 477 1039 542 ascendit,
1099 494 1135 533 a
1182 484 1439 549 paternas
1488 479 1742 536 dexteras
1792 498 2106 555 nunquam

450 565 859 639 sejungendus
888 582 1204 622 consessu.
1242 570 1400 624 Hanc
1426 577 1703 626 naturam
1746 572 1889 643 quia
1924 576 2109 629 Evan-

449 656 740 727 geliorum
780 671 890 710 nos
920 654 1107 711 codex
1148 656 1339 724 docet,
1373 657 1571 728 ipsum
1614 665 1946 717 reverenter
1985 678 2109 717 am-

450 743 785 817 plectimur,
863 744 1284 818 credimusque
1351 746 1579 802 Christo
1647 764 1758 804 nos
1834 751 2108 807 exhibere

450 835 765 891 honorem.
799 833 971 899 Quod
1004 834 1055 889 si
1082 834 1247 890 illum
1275 835 1536 906 amplexi
1566 852 1681 893 non
1707 854 2105 897 accusamur:

450 922 762 995 quomodo
786 924 919 993 jure
952 924 1160 980 merito
1189 924 1628 993 accusabimur,
1663 928 1709 981 si
1743 928 2108 985 voluerimus

454 1011 753 1084 suscipere
780 1017 835 1068 et
867 1014 1130 1068 venerari
1160 1014 1428 1084 ejusdem
1463 1016 1765 1072 sententia:
1796 1018 2106 1075 historiam

451 1100 816 1170 imaginibus
839 1102 1285 1169 adumbratam,
1328 1119 1433 1175 per
1455 1120 1608 1176 quas
1635 1106 1673 1160 ii
1705 1121 1969 1179 quoque,
2003 1106 2106 1180 qui

451 1190 531 1247 ad
554 1206 665 1246 nos
686 1207 758 1247 ex
775 1190 1049 1246 barbaris
1078 1192 1194 1247 ﬁde
1217 1193 1423 1248 Christi
1449 1193 1760 1250 imbuendi
1788 1196 2102 1261 accedunt,

451 1282 636 1335 totam
700 1278 782 1333 rei
823 1284 999 1347 gestis
1041 1279 1346 1335 veritatem
1388 1280 1663 1339 facillime
1725 1283 2051 1340 edocentur
2079 1286 2106 1339 ?

450 1367 643 1433 Quam
660 1368 831 1423 multi
861 1368 1187 1424 litterarum
1206 1370 1384 1424 rudes
1414 1370 1557 1425 dum
1584 1370 1790 1427 divina
1816 1373 2107 1430 miracula

447 1456 612 1529 ipsis,
655 1463 716 1511 ut
755 1457 837 1512 sic
875 1457 1095 1527 dicam,
1141 1458 1521 1530 conspiciunt
1559 1460 1767 1524 oculis,
1810 1477 1947 1517 eum
2002 1463 2106 1534 qui

448 1562 558 1620 pro
581 1548 751 1603 nobis
774 1565 989 1620 passus
1015 1554 1103 1604 est
1126 1549 1459 1618 gloriﬁcent
1493 1552 1813 1620 Christum,
1844 1570 2104 1625 quorum

448 1641 512 1693 tu
552 1636 728 1692 saluti
761 1638 1064 1693 invidisti?
1097 1639 1268 1704 Quod
1313 1656 1581 1711 unquam
1613 1642 1933 1698 concilium
1974 1659 2109 1714 pro-

452 1726 748 1781 nuntiavit
779 1727 1093 1783 infandum
1120 1727 1181 1783 id
1204 1744 1332 1784 esse
1359 1728 1738 1799 sacrilegium
1756 1732 1785 1784 ‘?
1806 1733 2110 1804 Numquid

455 1830 576 1869 non
606 1814 733 1886 ipse
760 1814 1024 1871 Christus
1065 1817 1287 1887 proprii
1323 1817 1519 1872 vultus
1552 1818 1879 1890 imaginem
1946 1821 2109 1876 nullo

457 1902 778 1959 formatam
811 1920 1102 1960 manuum
1131 1905 1496 1962 adminiculo
1523 1912 1755 1964 Ancaro
1784 1909 1897 1979 (19)
1928 1915 2111 1965 trans-

461 1992 622 2047 misit
655 1993 683 2050 ?
712 1994 983 2065 nunquid
1016 2009 1135 2049 non
1176 1995 1440 2066 Deiparaa
1482 1996 1729 2066 Virginis
1769 2014 2111 2069 expressam

463 2082 760 2138 coloribus
790 2083 1239 2140 similitudinem
1266 2086 1575 2157 apostolus
1604 2089 1784 2143 Lucas
1807 2087 1975 2143 nobis
2004 2092 2113 2143 tra-

464 2170 619 2226 didit
643 2172 795 2243 (20)?
812 2172 964 2237 Quid
989 2189 1127 2229 vero
1146 2179 1200 2229 et
1219 2174 1443 2229 traditas
1472 2192 1507 2230 a
1528 2175 1799 2231 Patribus
1825 2176 2113 2232 doctrinas

464 2260 773 2332 oppones?
794 2260 1015 2316 Etenim
1033 2262 1281 2317 Basilius
1297 2262 1522 2335 (21)i1le
1537 2263 1925 2321 ineﬂ'abilium
1949 2282 2113 2321 scru-

465 2352 618 2404 tator
642 2349 1086 2421 mysteriorum,
1120 2352 1392 2421 Imagini,
1426 2352 1633 2425 inquit,
1667 2353 1893 2409 delatus
1922 2355 2116 2410 honor

464 2436 543 2492 ad
605 2442 959 2510 prototypon
1019 2441 1244 2496 transit.
1299 2440 1577 2499 Similiter
1623 2457 1802 2497 aureo
1855 2460 1960 2498 suo
2014 2460 2115 2499 ore

464 2527 725 2583 Joannes
756 2545 767 2583 :
804 2529 921 2598 Ego
947 2529 1143 2586 fusam
1175 2548 1416 2603 quoque
1448 2547 1477 2585 e
1517 2547 1649 2586 cera
1676 2533 1998 2602 imaginem
2031 2532 2116 2588 di-

464 2614 599 2671 lexi.
644 2620 883 2673 Necnon
904 2619 1150 2690 Cyrillus
1184 2620 1295 2691 (22)
1327 2620 1573 2691 Spiritus
1605 2621 1794 2676 sancti
1834 2622 2063 2678 cithara
2100 2640 2112 2677 :

465 2704 688 2777 Saepius
727 2708 866 2773 vidi,
908 2709 1005 2776 ait,
1039 2725 1390 2780 expressam
1426 2709 1752 2779 imaginem
1794 2711 2111 2782 passionis,

462 2808 573 2849 nec
624 2794 853 2866 absque
889 2795 1171 2869 lacrymis
1218 2798 1407 2853 visam
1447 2798 1710 2864 transivi,
1758 2807 1813 2855 et
1861 2800 2108 2872 reliqua.

2221 482 2405 555 βίϐλου
2441 486 2577 556 ἡμᾶς
2606 481 3003 545 ἐκδιδασκούση
3017 508 3056 552 ς,
3091 491 3287 546 ταύτην
3335 499 3818 568 περιπτυσσόμεθα,

2219 569 2291 625 δι’
2323 574 2481 634 αὐτης
2524 581 2595 643 τῷ
2648 582 2857 644 Χριστῷ
2912 579 3003 633 τὴν
3041 582 3198 647 τιμὴν
3245 577 3607 649 ἀπονέμοντες,
3661 590 3750 637 καὶ
3781 587 3825 639 εἰ

2216 664 2410 719 ταύτην
2489 668 2959 735 περιπτυσσόμενοι
3044 666 3139 717 οὐκ
3234 667 3611 741 ἐγκαλούμεθα,
3706 680 3832 725 ποία

2216 752 2459 822 ἓγκλησις
2515 754 2639 823 ἡμῖν
2665 760 2758 813 τῆς
2825 753 2989 816 αὐτῆς
3046 753 3341 826 ἐξηγήσεως
3404 765 3498 817 τὴν
3566 761 3827 822 εἰκονικὴν

2218 839 2550 893 ἁνατύπωσιν
2593 846 2664 913 μὴ
2721 848 2875 913 τιμᾲν
2933 848 3022 896 καὶ
3075 843 3430 914 ἀσπάζεσθαι,
3464 845 3537 901 δι’
3577 851 3639 912 ἧς
3689 853 3737 903 οἱ
3768 851 3823 904 ἐκ

2219 928 2499 1001 βαρϐάρων
2571 933 2960 1003 κατηχούμενοι
3045 930 3245 1007 ῥᾳδίως
3319 933 3661 991 παιδεύονται
3732 945 3828 999 τὴν

2218 1017 2506 1084 ἀλήθειαν;
2570 1023 2733 1072 Πόσοι
2803 1029 2902 1072 τῶν
2982 1027 3054 1093 μὴ
3126 1020 3335 1077 εἰδότων
3401 1028 3690 1100 ’γράμματα
3759 1032 3827 1090 ὡς

2216 1106 2500 1180 ὀφθαλμοῖς
2546 1112 2613 1160 τὰ
2665 1111 2909 1170 θαύματα
2948 1109 3243 1182 βλέποντες,
3280 1117 3369 1166 τὸν
3420 1111 3491 1166 δι’
3532 1118 3673 1188 ἡμᾶς
3715 1137 3822 1170 πα-

2219 1199 2373 1249 θόντα
2403 1193 2742 1261 δοξάζουσιν,
2779 1199 2845 1249 ὧν
2884 1203 2976 1257 τὴν
3018 1206 3281 1274 σωτηρίαν
3326 1201 3615 1275 ἐφθόνησας
3645 1222 3658 1272 ;
3693 1211 3825 1259 Ποία

2215 1294 2315 1337 τῶν
2376 1282 2608 1338 συνόδων
2661 1294 2813 1339 τουτο
2869 1291 2927 1339 τό
2995 1285 3273 1362 δύσφημον
3328 1290 3648 1364 ἀνεφώνησεν
3700 1292 3826 1347 ἆσέ-

2218 1375 2408 1447 ϐημα;
2476 1375 2585 1428 Οὐκ
2637 1376 2796 1438 αὐτὸς
2851 1378 2878 1429 6
2938 1382 3162 1449 Χριστὸς
3217 1385 3310 1438 τὴν
3368 1382 3560 1434 οἰκείαν
3618 1382 3830 1458 ἀχειρο·

2218 1468 2444 1524 ποιήτως
2505 1468 2676 1517 εικόνα
2740 1464 2981 1539 Ἀγκάρῳ
3038 1472 3349 1541 πέπομφενς
3408 1472 3483 1523 Οὐ
3540 1480 3634 1534 τῆς
3693 1481 3827 1526 Θεο-

2218 1562 2370 1605 τόκου
2443 1562 2647 1627 μορφῆς
2723 1558 2817 1613 τὴν
2886 1554 3176 1609 ἐκτύπωσιν
3245 1560 3270 1610 ό
3336 1558 3623 1619 ἀπόστολος
3701 1564 3826 1633 ἡμῖν

2219 1646 2428 1704 Λουκᾶς
2478 1644 2762 1715 ἱστορήσας
2812 1641 3207 1717 παραδέδωκε;
3258 1653 3321 1700 Τί
3385 1645 3478 1701 δαὶ
3536 1654 3721 1721 φὴσοις
3777 1649 3826 1701 ἓν

2219 1738 2334 1791 ταῖς
2378 1728 2872 1805 πατροπαραδότοις
2910 1731 3321 1805 διδασκαλίαις
3388 1743 3490 1791 Χαὶ
3522 1740 3646 1811 γὰρ,
3691 1743 3824 1810 φησι

2220 1820 2490 1884 Βασίλειος
2532 1824 2557 1874 6
2592 1831 2687 1875 τῶν
2720 1822 2957 1898 ἀῤῥήτων
3006 1828 3228 1895 μύστης,
3263 1828 3292 1885 ἡ
3346 1835 3435 1887 τῆς
3488 1826 3674 1887 εἰκόνος
3703 1830 3826 1897 τιμὴ

2222 1910 2304 1963 ἐπὶ
2356 1914 2413 1962 τό
2467 1918 2806 1985 πρωτότυπον
2853 1911 3131 1969 διαϐαίνει.
3178 1920 3314 1973 Φησὶ
3357 1913 3416 1968 δὲ
3444 1921 3534 1968 καὶ
3583 1920 3639 1967 τό
3684 1923 3833 1989 Χρυ-

2224 2007 2346 2052 σοῡν
2443 2006 2615 2073 στόμα
2671 2002 2905 2063 Ἰωάννης
2954 2021 2965 2033 ⁸
3023 2003 3155 2074 Ἐγὼ
3211 2010 3300 2057 καὶ
3380 2010 3474 2064 τὴν
3532 2010 3830 2079 κηρόχυτον

2219 2093 2426 2161 γραφὴν
2491 2090 2766 2161 ἠγάπησα.
2824 2091 2899 2143 Οὐ
2957 2096 3059 2163 μὴν
3114 2092 3242 2145 ἀλλὰ
3306 2098 3394 2146 καὶ
3464 2096 3495 2152 ἡ
3553 2094 3684 2165 λύρα
3738 2100 3829 2145 τοῦ

2225 2181 2520 2251 Πνεύματος
2587 2179 2833 2252 Κύριλλος
2889 2180 3024 2233 οὕτω
3091 2187 3249 2252 φησίν
3312 2198 3323 2212 ·
3390 2182 3640 2242 Πολλάκις
3692 2178 3830 2234 εἶδον

2224 2269 2303 2320 ἰπὶ
2368 2276 2573 2340 γραφῆς
2628 2268 2799 2320 εἰκόνα
2846 2276 2935 2320 τοῦ
2991 2271 3209 2335 πάθους,
3266 2275 3355 2322 καὶ
3408 2270 3502 2322 οὐκ
3568 2268 3830 2344 ἀδακρυτὶ

2223 2360 2317 2414 τὴν
2374 2359 2489 2409 θέαν
2532 2357 2817 2430 παρῆλθον,
2861 2363 2950 2410 καὶ
2993 2361 3057 2410 τὰ
3092 2358 3227 2422 ἑξῆς.
3276 2360 3335 2413 Εἰ
3396 2356 3482 2412 οὖν
3536 2362 3590 2412 αἰ
3636 2360 3831 2433 προλα-

2226 2444 2417 2497 ϐοῦσαι
2466 2446 2520 2508 ἔξ
2595 2447 2742 2517 ἅγιαι
2801 2444 3017 2499 σύνοδοι
3064 2451 3475 2521 προσκυνεῖσθαι
3528 2452 3616 2510 τὰς
3676 2450 3832 2520 ἁγίας

2227 2534 2422 2595 εἰκόνας
2480 2543 2737 2606 σχετικώς
2786 2540 2866 2605 (ε)
2924 2536 3017 2588 οὐκ
3048 2536 3397 2609 ἀπεκήρυξαν,
3435 2542 3499 2591 σὺ
3541 2544 3831 2610 σοφώτερος

2223 2627 2415 2677 τούτων
2449 2630 2614 2697 ﬂag;
2670 2622 2840 2677 ’Ἱδιόν
2892 2645 2994 2690 σοι,
3040 2625 3280 2699 βασιλεῦ,
3327 2632 3383 2679 τό
3441 2630 3567 2703 πρὸς
3616 2629 3827 2679 ὑπεναν-

2226 2717 2365 2773 τίους
2414 2712 2650 2785 πολεμεῖν
2684 2731 2697 2743 ’
2752 2717 2811 2765 τὸ
2861 2711 2920 2767 δὲ
2973 2723 3065 2778 τῆς
3126 2714 3444 2778 Ἐκκλησὶας
3492 2713 3671 2788 δόγμα
3720 2722 3830 2778 τοῖς

2229 2803 2471 2875 Πατράσι
2505 2802 2761 2874 μελλρσει.

459 2882 516 2938 Si
549 2900 687 2955 ergo
717 2884 916 2956 priora
948 2903 1053 2942 sex
1082 2886 1332 2943 concilia
1362 2904 1558 2944 sacras
1582 2889 1878 2959 imagines
1908 2890 2145 2945 relative
2176 2890 2253 2946 ad
2282 2907 2390 2945 sua
2421 2896 2741 2963 prototypa
2771 2892 3008 2948 adorari
3044 2893 3293 2948 minime
3325 2893 3741 2965 improbarint,
3769 2898 3831 2949 tu

461 2972 576 3029 illis
603 2973 1025 3045 sapientiorem
1058 2980 1112 3031 te
1137 2977 1418 3048 reputas?
1442 2979 1632 3033 Tuum
1659 2984 1763 3043 est,
1781 2979 2122 3050 imperator,
2144 2978 2361 3035 bellare
2383 2979 2672 3035 adversus
2688 2980 2891 3035 hostes
2915 2998 2929 3036 :
2961 2982 3233 3037 doctrina
3254 2982 3527 3038 Ecclesia:
3556 2981 3829 3036 Patribus

465 3077 617 3117 curua
641 3062 768 3117 erit.

465 3152 628 3207 XVII.
670 3151 804 3207 Haec
835 3152 1031 3208 missis
1076 3152 1152 3210 ab
1182 3154 1538 3226 imperatore
1569 3156 1683 3228 (23)
1712 3156 1916 3213 litteris
1976 3174 2113 3213 cum

460 3240 821 3313 reposuisset
858 3240 1091 3309 beatus,
1132 3247 1361 3300 tantam
1401 3244 1511 3300 viri
1554 3247 1953 3303 constantiam
1992 3262 2113 3303 non

2298 3156 2397 3210 IZ'.
2457 3160 2661 3209 Τούτων
2726 3154 3048 3228 ἀντιγράφως
3113 3166 3185 3226 τῷ
3256 3155 3467 3229 βασιλεῖ
3522 3158 3666 3228 παρὰ
3738 3164 3830 3209 τοῦ

2224 3250 2485 3319 μακαρίου
2551 3244 2855 3309 σταλέντων,
2920 3249 2991 3316 μὴ
3052 3243 3261 3316 ἐνεγκὼν
3332 3247 3357 3297 ό
3437 3247 3679 3319 τύραννος
3736 3249 3830 3305 τήν

539 3366 651 3446 (19)
698 3368 1002 3446 Augarum
1036 3367 1122 3424 vel
1170 3369 1473 3446 Abgarum
1507 3370 2115 3446 Edessentecivitatis
2153 3372 2193 3429 C
2227 3373 2525 3446 agentem,
2573 3373 2629 3425 et
2665 3368 3012 3440 Cuspiniani
3060 3384 3254 3441 nugas
3308 3372 3579 3444 sequenti
3637 3374 3832 3446 capite

465 3438 797 3514 principem
826 3441 1046 3511 passim
1077 3438 1361 3514 scriptum
1385 3442 1665 3513 reperias,
1692 3443 1854 3514 apud
1877 3443 2115 3499 Latinos

467 3510 1416 3587 etiamAbagarumetAgabaruAm.
1436 3510 1898 3587 liujusima'ginis
1912 3515 2118 3570 festum

467 3583 649 3655 Graeci
683 3582 989 3655 celebrant
1011 3585 1077 3637 l6
1108 3584 1351 3655 Augusti
1385 3591 1437 3639 et
1464 3582 1777 3641 historiam
1798 3587 1854 3641 in
1890 3588 2118 3642 Menaais

464 3654 744 3728 referunt,
785 3671 905 3726 quo
935 3654 1029 3728 die
1067 3654 1289 3711 Edessa
1329 3657 1383 3711 in
1420 3657 1995 3728 Constantinopolim
2034 3662 2119 3711 est

467 3725 816 3798 translatas
865 3727 1023 3781 unde
1082 3732 1385 3798 acceptam
1451 3725 2003 3783 Genuenses'nunc
2058 3728 2119 3783 in

468 3796 928 3872 suburbanos.
974 3796 1387 3854 Bartholomasi
1444 3798 1517 3853 de
1555 3800 1824 3855 Armenis
1873 3799 2116 3872 templo,

465 3869 566 3924 PP.
613 3869 1061 3925 Bernabitarum
1093 3887 1269 3935 curae,
1312 3872 1529 3926 amotis
1565 3871 1871 3928 Basilianis
1913 3869 2120 3927 mona-

467 3940 616 4005 chis,
657 3946 791 3997 ante
827 3957 1017 3997 annos
1056 3958 1175 3997 non
1215 3942 1432 3998 multos
1471 3944 1801 4009 commisso,
1844 3943 2120 4011 religiose

466 4018 844 4068 venerantur.
888 4014 1226 4069 Miraculum
1267 4016 1393 4083 ejus
1433 4015 1506 4067 ab
1552 4016 1685 4079 igne
1726 4019 1966 4069 servatas
2007 4013 2119 4067 sub

467 4084 684 4139 Cosroe
714 4101 780 4139 ex
806 4085 1223 4140 Ecclesiaslica
1256 4085 1521 4139 Historia
1553 4086 1783 4152 Evagrii
1814 4086 1873 4140 in
1904 4086 2119 4140 Niceno

468 4154 717 4211 concilio
744 4172 798 4218 ιι,
832 4157 1061 4210 actione
1082 4157 1117 4209 5
1140 4156 1473 4226 praelectam
1501 4157 1860 4220 invenimus,
1894 4161 1949 4211 et
1980 4156 2119 4211 alibi

467 4226 693 4309 passim
725 4226 877 4309 illius
906 4227 1289 4309 mentionem.
1323 4228 2118 4309 Vide_Gretserum_nostrum

468 4296 530 4353 in
582 4296 797 4380 insigni
862 4303 1130 4380 tractatu,
1191 4315 1371 4380 quem
1440 4298 1937 4380 de_imagin_ibus
1998 4314 2119 4380 non

469 4369 829 4424 manufactis
879 4370 1081 4436 edidit,
1122 4369 1226 4442 qui
1267 4387 1375 4441 pro
1428 4370 1636 4441 majori
1679 4376 1845 4441 parte
1888 4371 1961 4425 de
2010 4371 2120 4426 hac

467 4456 589 4495 una
629 4444 783 4496 totus
816 4447 923 4507 est,
956 4445 1011 4497 et
1042 4441 1200 4497 nunc
1241 4442 1405 4510 regia
1450 4441 1850 4511 magiticentia
1891 4442 2122 4496 Parisiis

468 4527 717 4568 recusus
759 4514 1043 4583 reperitur
1093 4520 1222 4584 post
1264 4515 1579 4581 Georgium
1612 4514 1900 4569 Codinum
1958 4529 2123 4568 curo-

468 4584 747 4655 palatem,
783 4586 866 4641 De
889 4584 1097 4653 ofﬁciis
1110 4586 1386 4642 Ecclesia:
1400 4592 1453 4640 et
1470 4586 1628 4641 aula
1659 4587 1721 4641 Ο.
1757 4587 1825 4641 Ρ.
1854 4584 2120 4653 ejusdem

469 4656 715 4711 Gretseri
798 4656 1245 4712 commentariis
1273 4664 1329 4713 et
1382 4658 1542 4713 Notis
1584 4657 1787 4713 Goaris
1861 4656 2123 4711 illustra-

465 4730 615 4783 tum.

541 4796 651 4871 (20)
693 4799 853 4854 Hanc
892 4798 969 4854 ab
1000 4799 1261 4855 Eudocia
1288 4803 1555 4871 Augusta
1592 4798 1954 4871 imperatrici
1994 4796 2125 4853 Pul-

469 4868 683 4943 cheriie
726 4871 1148 4943 Hierosolymis
1181 4868 1659 4943 missam,ieique
1682 4868 1989 4941 templum
2023 4879 2122 4943 τῷν

469 4938 698 5012 ὁδηγῶν,
741 4943 914 5008 idest,
938 4938 1055 4999 Via:
1076 4944 1311 5008 ducum,
1353 4938 1437 4998 ab
1461 4938 1580 4999 hac
1611 4938 2121 5013 Constantinopoli

470 5013 818 5069 aedificatam
871 5013 1045 5069 refert
1088 5015 1452 5084 Nicephorus
1486 5031 1499 5079 ;
1539 5016 1611 5067 de
1652 5030 1722 5069 ea
1769 5012 2123 5083 accipienda

469 5085 747 5157 videntur
775 5084 873 5141 illa
914 5088 971 5141 S-
1006 5087 1281 5141 Germani
1310 5084 1661 5157 patriarcha:
1694 5085 1871 5157 verba
1899 5085 1956 5139 in
1996 5086 2121 5138 Vita

470 5156 527 5212 S.
560 5156 839 5228 Stephani
870 5156 1128 5213 Junioris
1154 5156 1373 5213 relata:
1407 5178 1433 5208 »
1461 5157 1543 5211 Ab
1572 5156 2122 5228 evangelistailmca

470 5227 793 5301 imaginem
816 5228 1077 5301 Virginis
1106 5230 1203 5301 Dei
1236 5228 1540 5284 Genitricis
1564 5227 1786 5301 pictam
1818 5227 2117 5301 novimus,

517 5315 605 5355 uas
645 5300 723 5355 ab
763 5300 1188 5372 Hierosblymis
1231 5300 1412 5372 missa
1440 5299 1622 5355 esti»
1667 5299 1804 5354 Vide
1842 5299 2121 5372 eumdem

517 5315 605 5355 uas
645 5315 723 5355 an
764 5315 1188 5372 merosonymis
1231 5316 1412 5356 missa
1440 5315 1549 5355 est.
1594 5322 1622 5350 »
1670 5315 1804 5354 Viue
1842 5315 2121 5353 eumuem

471 5315 809 5427 gretserum
840 5371 1257 5444 praenominati
1289 5375 1590 5436 tractatus,
1623 5386 1755 5443 cap.
1788 5374 1877 5435 18,
1909 5370 1983 5426 de
2008 5370 2121 5425 hac

543 5496 596 5567 ο)
636 5496 721 5554 lta
772 5497 827 5553 S.
871 5498 1185 5567 Gregorius
1224 5498 1387 5568 Papa
1442 5496 1489 5568 Il
1534 5498 1633 5566 Ep.
1670 5511 1690 5551 1
1731 5494 1804 5551 ad
1864 5498 2119 5551 Leonem

470 5567 801 5649 Isauricum
860 5570 1112 5649 opponit
1161 5567 1322 5649 inter
1352 5567 1799 5649 εθολατρευτικᾱτς
1838 5572 1893 5622 et
1941 5585 2122 5638 σχετι-

472 5647 618 5703 κῶςε
671 5644 734 5695 ut
771 5638 1095 5714 explicetur
1138 5638 1476 5697 differentia
1514 5638 1642 5711 ejus
1681 5639 1898 5702 cultus,
1939 5654 2120 5712 quem

2226 3439 2611 3498 refellentem.

2298 3514 2410 3593 (21)
2430 3511 2927 3594 gtrumque'hunc
2941 3512 3831 3594 basiliietChrysostomiloqum

2228 3585 2405 3640 etiam
2427 3585 2739 3657 Gregorius
2754 3584 2917 3657 Papa
2934 3584 3153 3657 allegat
3168 3586 3225 3640 in
3241 3584 3505 3657 Epistola
3518 3587 3593 3642 ad
3615 3590 3671 3644 S.
3697 3588 3832 3642 Ger-

2230 3671 2477 3711 manum
2524 3656 2925 3723 patriarcham
2972 3656 3098 3721 CP.,
3145 3656 3301 3713 lecta
3346 3656 3408 3712 in
3452 3658 3701 3713 concilio
3743 3659 3831 3714 Ni-

2230 3743 2397 3782 caano
2427 3742 2486 3790 ιι,
2518 3726 2748 3782 actione
2788 3731 2842 3793 4,
2869 3742 2991 3798 qua
3023 3728 3203 3782 etiam
3236 3729 3469 3784 actione
3496 3728 3609 3785 hoc
3655 3730 3831 3798 Chry-

2231 3800 2480 3872 sostomi
2528 3797 2773 3872 effatum
2799 3797 3106 3872 prdfectur
3135 3816 3172 3854 a
3212 3799 3547 3856 Theodosio
3579 3797 3830 3872 praeside

2229 3868 2289 3925 S.
2311 3870 2558 3925 Andreae
2578 3870 2651 3924 ad
2681 3868 2938 3935 Nesium,
2966 3874 3029 3924 ut
3049 3870 3430 3941 desumptum
3449 3888 3518 3927 ex
3537 3868 3827 3937 oratione,

2229 3942 2322 3997 cui
2354 3946 2796 4010 argumentum,
2836 3963 2856 3990 ι
2895 3942 3066 4007 Quod
3122 3943 3331 3997 veteris
3371 3947 3427 3999 et
3470 3944 3607 3999 novi
3638 3946 3830 3999 Testa-

2231 4014 2413 4068 menti
2458 4028 2612 4067 unus
2648 4013 2721 4066 sit
2750 4012 3069 4081 legislator.
3110 4034 3136 4062 »

2303 4084 2414 4154 (22)
2449 4085 2577 4141 Imo
2600 4084 2912 4151 Gregorius
2938 4087 3236 4155 Nyssenus
3265 4105 3277 4139 :
3311 4084 3489 4155 hujus
3521 4084 3671 4138 enim
3704 4097 3833 4138 esse

2226 4155 2427 4211 locum
2458 4156 2643 4219 illum,
2676 4156 2747 4209 de
2769 4154 3113 4209 Abrahamo
3136 4154 3471 4225 patriarcha
3494 4170 3835 4209 sermonem

2230 4226 2519 4293 facientis,
2548 4226 2844 4281 Adrianus
2873 4226 3035 4298 Papa
3054 4225 3558 4298 proﬁteturinsua
3574 4226 3650 4280 ad
3679 4229 3835 4281 Con-

2230 4300 2558 4354 stantinum
2577 4304 2632 4353 et
2663 4299 2885 4352 Irenem
2905 4297 3205 4369 Augustos
3229 4297 3509 4369 Epistola,
3533 4298 3767 4353 actione
3799 4314 3835 4351 ιι

2233 4370 2495 4453 praedicti
2520 4369 2746 4453 concilii
2769 4369 3165 4453 r.ecita_t.a..Sed
3184 4368 3287 4453 hic
3306 4369 3837 4453 memoriaelapsus

2197 4442 2205 4451 ’
2230 4439 2632 4522 ignoscendus
2650 4439 3047 4522 est_el_ogii.huj
3060 4456 3125 4495 us
3139 4441 3363 4494 auctori
3375 4456 3509 4522 prie
3529 4441 3677 4522 aliis,
3695 4439 3842 4522 qui-

2232 4512 2341 4567 bus
2363 4513 2637 4568 ultimum
2652 4511 3235 4583 pulcherrimumque
3253 4511 3645 4567 confessionis
3660 4511 3841 4582 hujus

2232 4590 2432 4641 actum
2474 4582 2705 4639 videtur
2737 4582 3075 4638 confudisse
3108 4599 3120 4637 :
3155 4598 3293 4638 nam
3314 4584 3521 4654 primm
3554 4583 3697 4638 Vitae
3738 4599 3842 4638 au-

2234 4655 2383 4712 ctori
2401 4660 2571 4727 aetate
2586 4655 2831 4727 suppari
2856 4655 3051 4725 potius
3064 4656 3338 4709 standum
3358 4659 3461 4727 est,
3478 4670 3587 4710 nec
3599 4656 3838 4710 omnino

2156 4727 2199 4781 D
2234 4726 2595 4783 credendum
2612 4726 2713 4781 aut
2731 4726 2893 4797 prius
2914 4731 3152 4781 vexatos
3172 4726 3525 4791 monachos,
3544 4741 3837 4781 eversum-

2232 4815 2351 4871 que
2393 4800 2820 4871 monasterium
2862 4813 2989 4871 esse
3016 4813 3200 4871 quam
3241 4812 3415 4853 suam
3444 4798 3833 4871 Theophanes

2234 4865 2631 4925 constantiam
2674 4868 2937 4940 Byzantii
2986 4865 3334 4938 probasset;
3380 4869 3484 4924 sed
3545 4865 3741 4940 potius
3782 4865 3835 4940 ei

2233 4940 2559 5009 afﬂigendo
2587 4936 2948 4995 hasc'deinde
2979 4936 3144 4995 acta:
3174 4945 3277 4993 aut
3302 4940 3472 4996 tertio
3493 4936 3835 4995 aTheodori

2232 5012 2514 5084 ejectione
2561 5012 2654 5084 die
2685 5011 2881 5084 ipsum
2912 5026 3151 5084 quoque
3199 5012 3511 5083 expulsum
3537 5010 3597 5064 in
3628 5010 3837 5065 Samo-

2234 5081 2522 5140 thraciam
2550 5081 2731 5138 fuisse
2760 5081 3207 5150 Theophanem.

2304 5156 2429 5227 (23),
2453 5154 2651 5227 Mirum
2695 5158 2790 5227 est
2829 5154 2888 5208 in
2924 5152 3051 5209 Vita
3084 5156 3140 5210 S.
3172 5152 3433 5227 Thedori
3471 5150 3726 5227 St_udita_a_
3752 5150 3837 5206 ul-

2234 5221 2602 5298 timae'hujus
2636 5224 2714 5298 ad
2745 5225 3168 5298 imperatorem
3202 5223 3574 5298 adductionis
3606 5221 3836 5279 nullam

2230 5297 2479 5354 omnino
2504 5294 2867 5353 mentionem
2913 5296 3060 5360 ﬁeri,
3103 5296 3164 5351 in
3196 5311 3316 5367 qua
3346 5294 3833 5367 illudpduntaxat,

2232 5374 2368 5441 post
2392 5372 2665 5424 narratos
2682 5368 2812 5439 ejus
2826 5368 2885 5423 in
2908 5364 3335 5424 conﬁrmandis
3356 5364 3636 5422 fratribus
3649 5364 3834 5421 verbo

2231 5490 2600 5561 imaginibus
2629 5491 2904 5548 deferunt
2942 5490 3277 5557 Christiani,
3310 5488 3390 5545 ab
3419 5505 3491 5545 eo
3519 5487 3837 5561 quoiidola

2232 5558 2570 5623 adorabunt
2629 5564 2899 5637 gentiles,
2930 5564 3226 5637 ‘ipsismet
3276 5558 3557 5618 divinum
3607 5558 3833 5633 aliquid

2232 5637 2429 5695 inesse
2450 5650 2694 5692 erronec
2713 5634 2961 5705 opinati.
