4078 6222
235 313 307 369 29
1553 306 1715 364 VITA
1754 307 1819 365 s.
1858 305 2338 363 THEOPHANIS.
3370 270 3371 275 Ν
3555 310 3627 365 30

230 438 497 495 τοσαύτην
546 442 639 488 τοῦ
671 431 870 508 ἀνδρὸς
928 434 1193 499 ἔνστασιν,
1250 432 1556 497 ἀποστείλας
1600 435 1717 487 τινὰ
1759 442 1840 487 τῶτ

2020 432 2273 488 erferens
2313 436 2632 505 tyrannus,
2664 431 2992 505 quemdam
3039 432 3100 487 in
3152 432 3437 505 dignitate
3484 452 3630 495 con-

239 528 287 582 ἐν
345 528 507 593 τέλει,
556 532 640 585 τὴν
847 530 1008 596 μονὴν
1072 524 1161 585 ἕως
1224 521 1444 597 ἐδάφους
1502 529 1849 599 πυρίκαυστον

2017 523 2242 577 titutum
2257 521 2579 592 ablegavit,
2598 536 2895 594 perquem
2915 523 3327 578 monasterium
3344 525 3418 581 ad
3438 525 3627 598 ipsum

241 623 529 679 πεποίηκε,
586 619 692 675 τοὺς
771 611 831 667 δὲ
906 617 1172 686 μοναχοὺς
1230 612 1563 686 αἰκισάμενος
1623 609 1851 685 διεσκόρ⁴

2018 626 2163 683 sque
2193 611 2607 684 pavimentum
2640 611 2879 679 exussit,
2914 612 3247 667 monachos
3280 614 3627 671 verberibus

252 728 403 771 πισε,
470 710 549 758 τὸν
606 702 662 757 δὲ
730 705 987 779 μακάριον
1048 700 1266 775 δέσμιον
1325 702 1700 775 συλλαϐόμενος
1744 700 1862 774 ἦγεν

2016 700 2254 756 iultatos
2280 700 2610 773 dispersit,1
2634 700 2999 772 beatumque
3026 701 3219 755 virum
3243 704 3626 773 comprehen-

262 799 334 858 εἰς
374 800 425 848 τὸ
469 796 761 855 Βυζάντιον.
809 799 907 846 Καὶ
944 791 1280 854 κελεύσαντος
1323 800 1414 845 τοῦ
1446 795 1695 866 τυράννου
1742 793 1863 845 καθ-

2020 807 2107 845 1m
2131 806 2201 846 ac
2226 789 2486 846 vinctum
2512 792 2856 862 Byzantium
2884 789 3153 856 adduxit,
3172 796 3350 862 atque
3363 791 3436 847 de
3465 809 3630 849 man-

260 888 525 958 ειρχθῆναι
574 883 732 935 αὐτὸν
793 882 841 934 ἐν
900 890 1136 955 σκοτεινῇ
1196 880 1421 954 φυλακῇ,
1482 880 1566 935 ἐπὶ
1618 881 1868 943 πλείστας

2019 882 2117 934 ato
2145 878 2385 950 tyranni
2416 879 2477 935 in
2508 879 2831 934 obscurum
2865 880 3261 951 compingens
3304 895 3625 947 carcerem,

252 978 435 1046 ἡμέρας
503 970 756 1047 διέτριϐεν
830 971 878 1023 ἐν
952 973 1174 1043 ὑπονοίᾳ
1255 968 1454 1043 τοιᾷδε,
1534 974 1601 1032 ὡς
1675 972 1737 1023 ἄν
1809 970 1862 1023 τὸ

2018 968 2179 1024 mltis
2208 967 2418 1024 afﬂixit
2437 969 2668 1024 diebus.
2696 973 2821 1034 Qua
2845 968 2902 1023 id
2930 969 3194 1024 ﬁducia!
3220 973 3443 1042 Nempe
3463 972 3628 1043 quod

238 1067 439 1114 εὔτονον
500 1063 661 1114 αὑτοῦ
711 1062 1004 1133 χαυνωθεν,
1058 1059 1311 1112 εὐάλωτον
1356 1062 1505 1113 ἔσται
1551 1063 1682 1134 πρὸς
1734 1080 1848 1132 συγ-

2019 1063 2241 1130 peraret
2292 1058 2615 1113 emollitam
2643 1058 2828 1113 animi
2876 1058 3067 1113 sancti
3096 1057 3502 1116 fortitudinem
3542 1061 3629 1118 fa-

231 1153 543 1203 κατάθεσιν.
592 1157 663 1222 Τῇ
698 1150 786 1201 οὖν
832 1153 1129 1224 προτεραίᾳ
1180 1147 1389 1221 ἀγαγὼν
1420 1151 1445 1202 6
1486 1148 1738 1222 βασιλεὺς
1777 1153 1841 1201 τόλ

2013 1147 2150 1203 item
2198 1147 2324 1203 fore
2354 1146 2433 1204 ad
2462 1163 2827 1203 consensum
2857 1147 3145 1219 impietati
3187 1150 3623 1220 praestandum.

230 1240 507 1315 εἰρημένον
566 1236 835 1314 Θεόδωρον
888 1248 988 1291 τῶν
1044 1236 1308 1291 Στουδίου
1366 1240 1511 1291 ὅσιον
1559 1240 1840 1312 ἡγούμενον

2014 1237 2167 1292 ’ridie
2224 1237 2399 1307 igitur
2454 1253 2638 1308 quam
2671 1238 2866 1309 ipsum
2899 1244 3225 1294 accerseret
3277 1239 3624 1311 imperator,

225 1335 322 1381 καὶ
382 1333 469 1382 ἐπὶ
526 1328 768 1389 πλείστας
836 1329 975 1402 ὧρας
1052 1324 1272 1400 δείμασί
1339 1346 1394 1381 τε
1458 1332 1549 1380 καὶ
1603 1329 1835 1381 κολάσεω

2018 1325 2197 1381 dduci
2244 1326 2421 1397 jussit
2473 1327 2584 1398 (24)
2640 1327 2994 1399 praedictum
3025 1327 3404 1384 Theodorum
3437 1330 3628 1385 Studii

225 1420 518 1471 ὑποθέσεσι
614 1416 970 1481 καταπτήξειν
1066 1416 1313 1489 οἰόμενος,
1419 1416 1713 1469 τούναντίον
1804 1413 1835 1469 δ

2019 1430 2404 1486 egumenum,
2429 1432 2610 1488 quem
2637 1416 2739 1471 diu
2764 1416 3140 1488 multumque
3168 1418 3492 1489 propositis
3521 1424 3629 1474 ter-

230 1508 507 1580 ἐλεγχθεὶς
552 1510 695 1580 παρὰ
729 1514 822 1559 τοῦ
872 1508 1040 1572 ὁσίου,
1083 1509 1150 1568 ὡς
1200 1503 1344 1579 μηδὲ
1393 1513 1488 1569 τῆς
1527 1506 1685 1558 αὐτοῦ
1733 1524 1831 1577 καρ

2018 1505 2208 1561 )ribus
2250 1506 2678 1579 tormentisque
2710 1509 3024 1572 tentatum,
3054 1507 3124 1561 iis
3182 1507 3628 1579 percellendum

232 1594 356 1657 δίας
408 1600 703 1659 ἐπισκοπῆς
759 1603 894 1649 Θεοῦ
946 1594 1274 1667 αἰσθόμενος,
1328 1594 1645 1666 αἰσχυνθεὶς
1692 1596 1717 1646 6
1767 1596 1842 1646 τύ·

2021 1595 2339 1661 :istimans,
2368 1612 2507 1651 cum
2537 1595 2665 1667 ipse
2694 1594 2771 1650 ab
2797 1595 3007 1650 eodem
3037 1612 3067 1652 e
3096 1602 3305 1652 contra
3336 1596 3517 1652 libere
3545 1597 3631 1652 in-

231 1706 420 1761 ραννος
476 1689 571 1744 τὴν
609 1683 724 1737 κατ’
789 1684 949 1737 αὐτοῦ
999 1692 1093 1747 τῆς
1151 1683 1360 1756 ἰξορίας
1425 1684 1601 1758 ψῆφον
1663 1682 1841 1754 ἀπεφή-

2018 1687 2331 1755 reparetur,
2374 1683 2532 1739 velut
2558 1682 2661 1756 qui
2692 1683 3021 1739 intuentem
3054 1684 3237 1740 corda
3268 1685 3455 1740 Deum
3508 1699 3628 1741 non

231 1795 379 1827 νατο.
1891 1796 1936 1851 Β
1969 1778 2373 1842 cognosceret,
2391 1772 2629 1828 exsilioc
2645 1772 2895 1829 onfusus
2908 1773 3155 1843 addixit,
3179 1773 3413 1846 prolata
3427 1773 3504 1831 ad
3514 1790 3632 1831 ver-

1968 1877 2071 1915 sus
2090 1866 2369 1916 sanctum
2394 1863 2703 1917 sententia.

319 1960 409 2009 IH.
450 1959 525 2025 Τῇ
573 1948 633 2005 δε
662 1950 909 2025 ἔπαύριον
962 1951 1275 2025 προσέταξεν
1324 1952 1350 2003 6
1392 1950 1640 2025 βασιλεὺς
1683 1951 1857 2024 ἀχθῆ-

2036 1952 2215 2006 XVIII.
2249 1951 2487 2006 Postera
2506 1966 2647 2005 vero
2673 1950 2767 2005 die
2793 1949 3037 2006 beatum
3061 1966 3304 2024 quoque
3320 1951 3627 2023 Theopha-

237 2064 323 2095 ναι
380 2042 525 2112 αὐτῷ
575 2047 667 2094 καὶ
723 2045 809 2093 τὸν
860 2043 1119 2115 μακάριον
1176 2043 1469 2114 Θεοφάνην.
1534 2042 1747 2105 κληθεὶς
1796 2040 1847 2095 δὲ

2012 2055 2103 2095 em
2156 2055 2359 2095 coram
2393 2055 2453 2093 se
2485 2040 2611 2095 sisti
2638 2040 2899 2111 jusserat
2931 2056 2949 2095 :
2985 2040 3381 2113 compellatus
3421 2047 3622 2099 autem

237 2137 383 2207 παρὰ
435 2140 537 2183 τῶν
576 2140 896 2203 συμμυστῶν
940 2127 1169 2183 τοιῶσδι
1200 2133 1495 2203 φησάντων,
1552 2135 1616 2193 ὡς
1646 2134 1720 2184 Οὐ
1773 2130 1847 2185 δεῖ

2010 2134 2277 2200 nperator
2294 2145 2328 2184 a
2342 2130 2649 2201 symmistis
2666 2130 3142 2200 suggerentibus,
3157 2130 3323 2202 quod
3337 2130 3620 2186 indecens

235 2227 296 2275 τὸ
336 2226 429 2273 σὸν
483 2224 673 2295 κράτος
723 2222 823 2272 ὑπὸ
874 2239 1009 2281 τινος
1054 2228 1155 2272 τῶν
1208 2219 1600 2293 ἁμνημονεύτων
1652 2221 1845 2274 ἀντιλέ-

2010 2218 2211 2274 mnino
2238 2224 2391 2273 esset
2420 2219 2792 2291 majestatem
2826 2220 3270 2292 imperatoriam
3308 2219 3385 2275 ab
3419 2220 3620 2293 aliquo

243 2314 431 2383 γεσθαι
485 2315 576 2362 καὶ
626 2308 958 2381 ἐλέγχεσθαι,
1024 2313 1116 2362 καὶ
1182 2308 1416 2381 μάλιστα
1466 2306 1849 2383 αὖθαδεστέρου

2007 2307 2169 2364 ilium
2221 2308 2473 2363 istorum
2530 2308 2841 2365 hominum
2876 2309 3151 2379 redargui
3207 2325 3277 2365 ac
3317 2310 3617 2382 vilipendi,

242 2402 595 2471 τυγχάνοντος
677 2400 822 2472 παρὰ
900 2399 1098 2461 πάντας
1151 2402 1269 2459 τοὺς
1345 2404 1520 2470 πρώην
1600 2407 1693 2451 τοῦ
1760 2408 1848 2453 νῦν

2012 2397 2221 2453 ιδχίωθ
2246 2399 2323 2453 ab
2349 2398 2461 2453 hoc
2488 2399 2615 2469 jam
2648 2399 2920 2454 accersiri
2952 2401 3142 2469 jusso,
3170 2400 3273 2472 qui
3305 2416 3426 2472 prae
3454 2406 3622 2456 caete-

238 2488 637 2560 ἀχθησομένου,
678 2493 867 2559 μήπως
912 2485 1135 2561 ὑϐρισθῇ
1178 2491 1236 2539 τὸ
1286 2490 1372 2539 τὸν
1413 2486 1670 2547 ἀήττητον
1725 2492 1848 2565 κρά-

2013 2486 2421 2543 somnibusin
2441 2488 2570 2558 ejus
2604 2493 2991 2560 conspectum
3025 2488 3320 2556 adductis,
3357 2488 3622 2545 insolens

238 2596 320 2637 τος
386 2585 501 2638 ταῖς
559 2576 952 2650 ἀντιρῥητικαίς
1009 2576 1165 2628 αὐτοῦ
1222 2573 1549 2644 αὐθαδείαις,
1614 2583 1703 2631 καὶ
1760 2579 1848 2632 αὖ·

2016 2580 2052 2644 t,
2072 2583 2127 2632 et
2156 2583 2399 2649 propter
2430 2576 2798 2648 pervicacem
2826 2578 3193 2649 proterviam
3224 2595 3400 2634 suam
3430 2584 3625 2635 auste-

239 2670 540 2736 πηρότησι
589 2682 602 2694 ·
645 2666 791 2717 τοῦθ’
848 2664 1007 2717 ἕνεκεν
1063 2666 1187 2738 πρὸς
1225 2668 1318 2723 τὴν
1374 2666 1540 2739 ὁρμὴν
1592 2668 1848 2739 ἐπισχὼν,

2017 2666 2318 2733 tatemque
2371 2662 2587 2731 insigni
2649 2663 2848 2733 aliqua
2889 2664 3251 2719 contumelia
3300 2664 3623 2719 aﬂecturus

243 2752 557 2807 αποστέλλει
612 2754 695 2806 ἕνα
746 2762 845 2806 τῶν
901 2752 951 2805 ἕν
1004 2752 1131 2807 τέλει
1178 2758 1307 2829 πρὸς
1343 2758 1432 2806 τὸν
1485 2754 1654 2827 ἅγιον,
1694 2776 1851 2831 προσ-

2016 2756 2317 2806 otestatem
2349 2752 2539 2822 ipsius
2574 2768 2586 2805 :
2622 2751 2913 2822 impetum
2945 2769 3125 2807 suum
3157 2754 3460 2823 repressit,
3498 2754 3626 2807 mit-

246 2844 424 2905 τάξας
468 2841 758 2913 βουνεύροις
808 2848 1139 2916 τριακοσίοις
1194 2844 1261 2896 τά
1308 2862 1362 2895 τε
1411 2848 1597 2917 στέρνα
1648 2849 1855 2898 καὶτὸν

2014 2854 2095 2894 :ns
2124 2838 2453 2911 quemdam
2486 2855 2517 2894 e
2548 2839 2912 2911 primoribus
2944 2857 3082 2895 cum
3110 2840 3386 2911 imperio,
3422 2845 3486 2895 ut
3518 2846 3624 2895 tre-

254 2940 417 2983 νώτον
459 2931 807 2993 καταξάναντα
866 2930 1020 2985 ἐᾶσαι
1081 2931 1230 2984 πάλιν
1287 2931 1338 2984 ἕν
1398 2940 1461 3005 τῇ
1512 2936 1710 3009 εἱρκτῇ.
1778 2942 1851 3008 Τῇ

2008 2929 2150 2985 entis
2182 2933 2521 2984 taurearum
2581 2928 2773 2999 plagis
2816 2935 3053 3001 pectore
3086 2946 3155 2985 ac
3189 2930 3367 2984 dorso
3398 2929 3618 2985 lacera-

255 3017 317 3073 δὲ
390 3020 634 3093 ἐπαύριον
692 3023 722 3079 ἠ
782 3020 909 3093 αὐτῇ
978 3020 1131 3073 πάλιν
1196 3020 1412 3085 κόλασις
1479 3030 1551 3093 τῷ
1616 3029 1857 3098 μακαρίῳ

2016 3036 2116 3085 im,
2143 3017 2342 3073 denuo
2374 3017 2599 3074 recludi
2638 3018 2876 3090 juberet
2901 3019 2959 3073 in
2992 3034 3295 3075 carcerem.
3334 3018 3626 3075 Postridie

241 3118 511 3183 γεγονυῖα,
543 3114 600 3162 τὸ
633 3113 836 3163 εὔτονον
864 3109 1022 3162 αὐτοῦ
1066 3120 1161 3172 τῆς
1194 3113 1315 3183 πρὸς
1369 3114 1497 3164 Θεὸν
1547 3111 1641 3164 οὐκ
1699 3114 1851 3185 ἑχαύ-

2016 3124 2109 3163 ero
2161 3124 2300 3163 cum
2339 3107 2498 3163 idem
2538 3108 2737 3163 denuo
2779 3112 3141 3164 tormentum
3181 3112 3341 3164 esset
3398 3107 3626 3163 illatum

242 3218 405 3252 νωσεν
460 3195 694 3261 ἐλπίδος.
755 3200 1015 3253 ’Δπειπὼν
1076 3196 1135 3253 δι
1192 3195 1299 3259 ἤδη
1358 3203 1490 3273 πρὸς
1536 3205 1630 3259 τὴν
1684 3204 1852 3254 τοιαύ·

2017 3202 2195 3262 incto,
2233 3213 2340 3253 nec
2359 3197 2691 3270 quidquam
2719 3214 2855 3254 eum
2876 3196 3179 3253 remisisse
3212 3202 3527 3269 appareret
3554 3196 3627 3253 de

230 3309 335 3365 ,την
384 3290 552 3364 ὁρμήν
597 3290 623 3341 ὀ
674 3288 931 3355 πανώλης,
980 3288 1234 3362 ψήφισμα
1270 3294 1407 3342 κατά
1453 3297 1546 3342 τοῦ
1597 3296 1840 3365 μακαρίοι

2020 3303 2145 3343 rma
2174 3287 2236 3342 in
2269 3287 2457 3342 Deum
2498 3287 2738 3353 ﬁducia,
2773 3288 3101 3359 desperans
3131 3287 3333 3343 infelix
3386 3292 3630 3360 propter

248 3376 520 3451 ἐκπέμπει,
568 3378 746 3452 ἐξορίᾳ
782 3378 936 3431 αὑτὸν
988 3377 1037 3430 ἐν
1076 3379 1389 3454 Σαμοθρᾴκῃ
1438 3386 1507 3452 τῇ.
1540 3384 1683 3452 νήσῳ
1734 3379 1857 3433 ἁπο-

2019 3380 2201 3433 Lntam
2258 3376 2447 3431 sancti
2487 3376 2595 3432 viri
2635 3376 3022 3443 alacritatem,
3076 3377 3372 3433 sententia
3420 3379 3629 3433 contra

251 3474 473 3533 στεῖλαι,
526 3470 642 3528 ἣτις
671 3465 719 3519 ἐν
774 3473 887 3528 τοῖς
914 3471 1094 3541 μέρεσι
1139 3475 1231 3521 τοῦ
1284 3476 1379 3531 τῆς
1421 3472 1719 3542 Μαρωνείας
1775 3489 1861 3523 πι-

2020 3482 2170 3520 psum
2201 3464 2341 3530 lata,
2378 3466 2538 3521 misit
2566 3481 2703 3521 eum
2736 3467 3002 3521 exsulem
3030 3465 3092 3521 in
3125 3464 3390 3522 insulam
3425 3467 3630 3523 Samo-

245 3556 450 3628 λάγους
481 3553 713 3630 ἵδρυται,
746 3553 889 3615 δεινὴ
931 3562 1020 3609 καὶ
1049 3553 1344 3630 αὐχμώδης
1390 3563 1523 3610 πᾶσι
1554 3565 1659 3619 τοῖς
1700 3558 1855 3611 πελά-

2017 3570 2257 3621 iracem,
2290 3570 2425 3627 quae
2459 3554 2516 3611 in
2545 3554 2695 3626 ejus,
2730 3555 2889 3628 quod
2914 3556 2989 3610 ad
3015 3555 3339 3611 Maroniam
3370 3554 3489 3627 (24)
3520 3558 3627 3620 est,

249 3646 356 3706 ζει)
408 3644 744 3718 βουλομένοις
800 3643 1125 3719 δεικνυμένη.
1181 3646 1263 3698 Ἐν
1309 3645 1438 3719 αὐτῇ
1491 3643 1550 3700 δὲ
1594 3647 1727 3720 λιμῷ
1770 3655 1859 3702 καὶ

2020 3644 2154 3699 laris
2199 3644 2468 3715 partibus
2517 3644 2628 3699 sita
2684 3649 2791 3710 est,
2854 3644 3132 3717 squalida
3184 3644 3517 3700 admodum
3575 3648 3630 3700 et

248 3732 403 3806 δίψει
462 3739 553 3787 καὶ
612 3735 865 3809 καθείρξει
919 3736 1152 3797 πιεσθεὶς
1216 3737 1241 3788 6
1310 3738 1587 3809 μακάριος,
1639 3743 1728 3790 καὶ
1776 3736 1858 3791 ἐπί

2020 3733 2169 3788 ravis
2226 3733 2508 3788 omnibus
2564 3734 2847 3789 accedere
2904 3733 3239 3789 volentibus
3300 3751 3313 3787 :
3376 3734 3437 3789 in
3506 3749 3630 3805 qua

248 3842 395 3884 τινας
456 3820 677 3876 διαϐιῶν
744 3828 988 3896 χρόνους,
1070 3834 1168 3877 τῶν
1224 3821 1355 3896 τῇδε
1410 3832 1858 3901 μετακεχωρηκὼς

2017 3839 2148 3883 Line,
2195 3822 2310 3890 siti,
2340 3827 2395 3876 et
2425 3823 2714 3892 angustiis
2753 3838 2995 3894 pressus
3035 3823 3246 3878 beatus
3278 3838 3383 3894 per
3435 3838 3627 3878 annos

256 3918 381 3984 πρὸς
453 3911 698 3986 ἀμείνονα
760 3918 849 3965 καὶ
908 3916 1165 3989 θειοτέραν
1218 3914 1445 3967 εὔκλειαν
1519 3914 1856 3986 μεταϐέϐηκε,

2013 3910 2217 3983 liquot,
2247 3928 2319 3966 ex
2346 3911 2456 3966 hac
2480 3911 2598 3967 vita
2620 3912 2963 3983 demigrans
2990 3911 3069 3968 ad
3100 3911 3408 3967 meliorem
3436 3915 3623 3967 trans-

253 4002 315 4052 τὸ
368 4001 575 4058 πήλινον
631 4010 783 4074 σῶμα
835 4005 929 4054 σὺν
983 4009 1043 4075 τῇ
1076 4001 1230 4075 ψυχῇ
1289 4001 1549 4060 ἁλώϐητον
1609 3998 1858 4075 διαφυλά-

2014 4004 2052 4064 ι,
2086 4016 2333 4071 corpore
2364 4006 2419 4056 et
2448 4000 2653 4056 anima
2682 4000 2911 4073 absque
2939 4016 3092 4056 noxa
3125 4000 3397 4056 servatis.
3439 3999 3624 4071 Cujus

249 4089 363 4152 ξας.
428 4090 507 4142 Οὔ
562 4098 677 4153 ταῖς
732 4096 1014 4166 μακαρίαις
1072 4091 1255 4163 εὐχαῖς
1331 4094 1762 4165 στηριχθείημεν,
1821 4095 1859 4143 ὦ

2012 4090 2189 4144 auctis
2223 4088 2523 4161 precibus,
2558 4089 2863 4146 auditores
2889 4089 3106 4160 dilecti,
3137 4088 3622 4154 corroboremur,

246 4178 676 4251 φιλακροάμονις,
730 4186 943 4252 Χριστῷ
1001 4188 1072 4249 τῷ
1122 4179 1466 4254 φιλανθρώπῳ
1526 4188 1639 4251 Θεῷ
1691 4184 1856 4254 ἡμῶν,

2015 4178 2202 4234 hristo
2250 4179 2684 4247 benignissimo
2740 4181 2859 4234 Deo
2907 4184 3131 4243 nostro,
3186 4193 3424 4250 unaque
3468 4177 3625 4233 Patri

242 4268 357 4340 ἅμα
416 4276 491 4338 τῷ
544 4271 863 4343 προανάρχῳ
916 4274 1102 4343 Πατρὶ,
1148 4273 1238 4321 καὶ
1291 4278 1361 4340 τῷ
1413 4273 1648 4340 ζωοποιῷ
1704 4274 1852 4323 Πνεύ-

2018 4268 2243 4339 rincipii
2274 4269 2511 4341 experti,
2543 4274 2721 4343 atque
2750 4268 2983 4324 viviﬁco
3014 4268 3250 4339 Spiritui
3285 4267 3539 4338 gloriam
3572 4270 3628 4323 et

240 4377 397 4429 ματι,
446 4354 605 4420 δόξαν
655 4364 745 4411 καὶ
785 4358 1129 4435 εὐχαριστίαν
1187 4357 1587 4431 ἀναπέμποντες,
1637 4368 1721 4411 νῦν
1768 4367 1850 4414 καί

2011 4360 2290 4413 ratiarum
2331 4357 2627 4413 actionem
2676 4357 3012 4424 referentes,
3056 4373 3215 4413 nunc
3260 4362 3316 4412 et
3360 4372 3618 4429 semper,

246 4448 347 4513 ἀεὶ,
423 4452 517 4499 καὶ
606 4447 671 4508 εἰς
744 4451 860 4509 τοὺς
944 4451 1249 4522 σύμπαντας
1326 4453 1412 4502 καὶ
1489 4447 1856 4513 ἀτελευτήτους

2012 4452 2142 4520 tque
2166 4463 2269 4519 per
2290 4447 2496 4504 omnia
2517 4454 2572 4503 et
2592 4448 2973 4504 interminata
2999 4446 3216 4503 saecula
3238 4447 3622 4503 smculorum«

244 4538 443 4599 αἰῶνας
468 4546 569 4589 τῶν
599 4537 814 4592 αἰώνων.
847 4537 1031 4610 Ἀμήν.
1887 4537 1930 4591 Ι)
1968 4542 2180 4592 Amen.

243 4718 301 4794 et
326 4714 549 4786 scripto
570 4719 843 4780 conatus,
869 4714 1527 4794 brevitersubjungitur,
1553 4715 1852 4794 offensum
1965 4714 2541 4794 celebrioriumerito
2587 4731 2751 4794 mare
2800 4715 2954 4794 illud;
2977 4714 3406 4794 nominetur“;
3448 4713 3627 4794 distat

244 4786 320 4859 iis
350 4784 674 4859 tyrannum
704 4803 774 4843 ac
809 4806 836 4839 α
870 4784 1385 4859 nesciumqu’ogsc
1412 4792 1681 4851 verteret.
1715 4805 1849 4844 cum
1965 4787 2188 4859 alioqui
2222 4803 2257 4842 a
2286 4788 2672 4842 Samothrace
2702 4787 2900 4842 insula
2932 4791 2999 4842 2O
3029 4787 3214 4841 ferme
3267 4784 3622 4859 milliaribus

243 4856 509 4913 hominis
538 4857 871 4915 libertatem
898 4876 968 4914 ac
990 4856 1265 4931 ﬁduciam
1292 4857 1439 4914 ferre
1458 4860 1707 4931 amplius
1736 4876 1853 4916 non
1965 4856 2229 4931 amplius
2266 4874 2459 4931 quam
2502 4858 2859 4931 ipsainsula
2893 4874 2928 4912 a
2959 4859 3233 4931 proxima
3256 4856 3621 4931 continenti,

245 4934 475 5009 posset,
500 4931 855 5010 gyzantium
889 4930 1099 5010 expelli
1132 4930 1483 5010 carceriq‘ue
1530 4930 1682 4987 tradi
1728 4933 1852 5004 jus-
1959 4930 2130 5002 juxta
2156 4930 2451 5010 Ptolemaei
2473 4930 2939 5010 calculos._Su_nt
2963 4931 3071 5010 qui
3100 4930 3393 5010 egistimet
3438 4930 3622 5010 Isma-

247 4999 419 5079 sisse.
452 5021 480 5051 ι
500 4999 690 5057 Vitam
717 4999 997 5079 dabimus
1022 5006 1099 5058 ad
1124 5004 1183 5058 ll
1210 5004 1356 5058 Nov.
1381 4999 1540 5058 diem
1561 5018 1683 5075 quo
1702 4999 1855 5059 mor-
1961 4999 2097 5079 rum
2146 5018 2279 5079 esse.
2310 5001 2541 5056 Homeri
2570 5073 2579 5079 _
2616 5018 2629 5056 :
2676 5002 2779 5079 sed
2830 4999 3051 5079 Plinius
3097 5001 3405 5079 diversam
3455 4999 3618 5079 facit.

250 5076 392 5146 tuus
417 5078 515 5146 est
545 5088 708 5146 anno
737 5076 891 5146 826._
1018 5144 1027 5146 ἓ
1071 5144 1080 5146 _
1295 5143 1304 5146 _
1442 5143 1455 5146 _
1579 5069 1602 5075 ’
1964 5072 2388 5146 Hipparchiam
2419 5073 2791 5130 nominatam
2823 5072 3147 5146 aliquando
3170 5072 3345 5127 docet
3371 5069 3619 5127 Ortelius

321 5144 437 5214 (24)
466 5145 546 5199 Ea
575 5149 663 5201 est
689 5144 948 5201 Thraciae
978 5144 1199 5209 civitas,
1231 5143 1411 5200 etiam
1441 5143 1557 5200 hoc
1587 5149 1853 5216 tempore
1963 5143 2384 5201 in‘Thesauro.

249 5219 421 5271 vetus
448 5230 666 5273 nomen
691 5216 970 5286 retinens,
1004 5232 1041 5272 a
1068 5230 1190 5287 qua
1214 5221 1529 5289 propterea
1559 5220 1850 5289 taqnuam
