4062 6222
460 288 525 342 31
1814 294 2075 352 MENSIS
2115 298 2455 357 MABTIUS.
3746 307 3814 361 32

466 415 3797 448 ____________________________________________

1436 582 2100 672 ΜΑΡΤΥΡΙΟΥ
2173 585 2412 674 ΤΟΥ
2485 589 2839 676 ΑΓΙΟΝ

1718 740 1829 788 ΚΑΙ
1870 740 2175 790 ΕΝΔΟΞΟΥ
2212 745 2555 792 ΜΑΡΤΥΡΟΣ

1231 893 1809 982 ΛΟΓΓΙΝΟΥ
1880 895 2097 981 ΤΟΥ
2172 898 3065 986 ΕΚΑΤΟΝΤΑΡΧΟΥ

827 1288 1501 1379 MARTYRIUM
1587 1288 1964 1380 SANCTI
2052 1293 2186 1378 ET
2266 1291 2795 1385 GLORIOSI
2882 1294 3457 1383 MARTYBIS

1160 1498 1789 1623 LONGIN
1804 1501 1854 1621 Ι
1946 1500 3118 1626 CENTURIONIS.

463 1716 670 1777 (Latine
686 1718 827 1784 apud
849 1719 1061 1769 Surium
1074 1720 1141 1770 ad
1166 1718 1306 1769 diem
1333 1722 1391 1770 16
1414 1721 1613 1778 Martii;
1636 1721 2423 1836 Grieciésacteitgoshggnqum‘
2443 1726 2601 1849 antea
2644 1724 2835 1782 editus,
2861 1725 3035 1788 prodit
3060 1738 3125 1774 ex
3160 1725 3283 1775 cod.
3343 1725 3468 1790 Reg.
3522 1726 3681 1775 Paris.
3703 1726 3814 1783 774,

527 2159 566 2211 Ι.
602 2156 751 2214 Cum
780 2157 898 2215 Deo
938 2158 1129 2214 Verbo
1172 2163 1414 2231 propter
1452 2174 1749 2231 eam,quaa
1789 2173 1860 2213 ex
1898 2157 2103 2214 inobe-

2287 2167 2359 2213 Δ.
2415 2167 2518 2213 Τοῦ
2576 2163 2702 2213 Θεοῦ
2756 2165 2929 2232 Λόγου
2985 2157 3079 2213 διὰ
3133 2165 3225 2219 τὴν
3273 2160 3328 2213 ἐκ
3379 2170 3473 2223 τῆς
3546 2169 3815 2234 παρακοῆς

454 2245 679 2303 dientia
698 2247 873 2302 nobis
897 2247 1357 2318 fuitimportata,
1378 2264 1413 2303 a
1439 2248 1612 2303 bonis
1638 2247 2102 2319 prolapsionem,

450 2336 649 2392 visum
705 2342 862 2392 esset
892 2336 1015 2392 ﬁeri
1047 2338 1196 2393 sicut
1226 2353 1355 2402 nos,
1387 2342 1442 2393 et
1472 2336 1807 2392 voluntaria
1837 2352 2010 2392 cruce
2049 2342 2105 2392 et

454 2430 633 2481 morte
645 2429 883 2497 propter
895 2442 1004 2481 nos
1019 2426 1661 2482 fuissetcondemnatus
1682 2430 1924 2498 propter
1937 2442 2104 2482 suam

453 2515 514 2571 in
541 2530 649 2570 nos
677 2515 1162 2582 misericordiam,
1192 2521 1247 2570 et
1270 2515 1487 2570 chorus
1511 2515 1755 2588 quidem
1788 2513 2105 2586 discipulo-

451 2620 610 2671 rum,
645 2604 850 2660 timore
876 2605 1150 2661 amicitiae
1182 2605 1393 2661 Christi
1418 2610 1573 2660 esset
1601 2604 1839 2671 oblitus,
1870 2604 1973 2675 qui
2005 2620 2106 2659 au-

454 2693 645 2749 temin
662 2709 800 2749 eum
816 2693 1042 2749 easdem
1055 2693 1366 2764 spirabant
1383 2693 1588 2758 Judaei,
1611 2710 1748 2749 eum
1764 2693 1891 2764 jam
1915 2697 2104 2748 morte

453 2782 870 2838 damnassent:
899 2799 1052 2837 unus
1072 2786 1195 2838 erat
1220 2784 1395 2838 etiam
1423 2783 1722 2854 Longinus
1741 2798 1770 2837 e
1793 2796 2107 2854 synagoga

452 2871 888 2937 Judaeorum,et
909 2871 1263 2927 constitutus
1295 2872 1762 2927 fueratcenturio
1788 2870 2107 2942 cujusdam

454 2960 688 3015 numeri
705 2960 977 3015 militum.
1000 2963 1145 3015 Cum
1168 2965 1369 3015 autem
1384 2959 1751 3015 exsecutioni
1770 2965 1924 3015 esset
1941 2975 2105 3015 man-

454 3049 594 3105 data
635 3049 919 3104 scelerata
962 3050 1274 3111 sententia,
1306 3055 1361 3105 et
1388 3050 1512 3120 ipse
1541 3050 1801 3105 Christus
1840 3050 1900 3105 in
1944 3050 2107 3120 ligno

453 3136 858 3206 essetafﬁxus,
890 3136 1194 3193 medicans
1225 3142 1533 3210 sumptum
1554 3154 1625 3193 ex
1657 3138 1817 3207 ligno
1844 3143 2105 3210 gustum,

456 3226 531 3282 ad
542 3226 851 3283 mirandus
864 3226 959 3282 hic
975 3227 1274 3296 Longinus
1288 3226 1553 3283 habebat
1564 3227 1755 3282 crucis
1770 3228 2107 3284 custodiam

457 3314 569 3371 sibi
597 3315 988 3372 commissam
1020 3332 1157 3371 cum
1184 3318 1307 3371 suis
1342 3316 1647 3373 militibus.
1683 3318 1877 3386 Signis
1908 3322 2107 3372 autem

458 3411 511 3462 et
542 3423 559 3478 ι
584 3406 851 3477 rodigiis,
881 3422 1015 3479 qua:
1043 3406 1200 3462 circa
1220 3423 1455 3462 crucem
1486 3406 1642 3463 facta
1674 3412 1831 3468 sunt,
1865 3408 1941 3463 ad
1966 3406 2108 3461 veri-

2214 2247 2577 2321 ἐπενεχθείσαν
2636 2252 2759 2321 ἡμῖν
2815 2259 2914 2302 τῶν
2992 2249 3195 2321 ἀγαθῶν
3254 2253 3509 2303 ἔκπτωσιν
3571 2252 3815 2321 γενέσθαι

2211 2340 2328 2390 καθ’
2379 2340 2513 2411 ἡμᾶς
2564 2336 2945 2400 εὐδοκήσαντος
2999 2344 3089 2391 καὶ
3154 2342 3376 2411 σταυρὸν
3434 2339 3670 2391 ἑκούσιον
3729 2344 3820 2392 καὶ

2216 2429 2431 2479 θάνατον
2488 2424 2581 2479 διὰ
2635 2432 2721 2481 τόν
2784 2432 2913 2502 πρὸς
2987 2429 3123 2499 ἡμᾶς
3188 2429 3357 2480 οἶκτον
3416 2430 3818 2500 κατακριθέντος

2212 2521 2430 2568 καὶτοῦ
2491 2520 2581 2589 μὲν
2628 2526 2725 2569 τῶν
2783 2519 3028 2589 μαθητῶν
3088 2526 3254 2592 χοροῦ
3314 2514 3485 2589 δειλίᾳ
3543 2527 3633 2578 τῆς
3687 2520 3818 2590 πρὸς

2216 2609 2444 2678 Χριστὸν
2517 2605 2683 2679 φιλίας
2751 2605 3117 2677 ἐκλαθομένων,
3196 2614 3293 2658 τῶν
3377 2602 3436 2658 δὲ
3488 2607 3599 2658 κατ’
3658 2606 3820 2659 αὐτοῦ

2215 2700 2477 2766 φονῶντων
2523 2691 2792 2749 Ἰουδαίων
2832 2692 3084 2747 ὑπόδικον
3140 2695 3292 2747 αὐτὸν
3337 2691 3444 2754 ἤδη
3504 2704 3574 2767 τῷ
3621 2696 3821 2766 Θανάτῳ

2214 2788 2598 2855 ποιησαμένων,
2650 2785 2717 2844 εἷς
2758 2781 2818 2841 ἧν
2867 2789 2956 2836 καὶ
2996 2790 3250 2856 Λογγῖνος
3285 2793 3377 2846 τῆς
3407 2792 3506 2836 τῶν
3551 2780 3823 2837 Ἰουδαίων

2218 2881 2548 2944 συναγωγῆς,
2626 2878 2717 2925 καί
2792 2893 2925 2932 τινος
2991 2872 3373 2946 ἑκατόνταρχος
3446 2878 3822 2946 στρατιωτικοῦ

2216 2963 2503 3013 καθίστατο
2560 2963 2827 3033 τάγματος
2874 2963 3011 3014 Ἐπεὶ
3052 2958 3110 3012 δὲ
3171 2966 3329 3033 πέρας
3382 2962 3409 3018 ἡ
3461 2963 3663 3033 πονηρὰ
3718 2959 3822 3028 ψῆ-

2217 3069 2306 3123 φος
2351 3047 2585 3121 ἐδέχετο,
2617 3056 2704 3101 καὶ
2742 3053 2969 3121 Χριστὸς
3009 3048 3159 3107 αὐτός
3190 3046 3272 3100 ἐπὶ
3317 3047 3469 3108 ξύλου
3512 3047 3820 3117 προσήλωτο

2218 3143 2309 3196 τὴν
2353 3137 2407 3189 ἐκ
2451 3145 2542 3189 τοῦ
2592 3137 2743 3199 ξύλου
2778 3144 2959 3207 γεῦσιν
2994 3137 3223 3206 ἰώμενος,
3275 3138 3299 3187 ὁ
3348 3137 3641 3207 θαυμάσιος
3672 3134 3822 3196 οὗτος

2216 3231 2473 3299 Λογγῖνος
2524 3226 2775 3297 ἐτύγχανε
2842 3228 2930 3297 μὲν
2988 3229 3073 3283 τὴν
3147 3232 3238 3276 τοῦ
3306 3231 3537 3297 σταυροῦ
3596 3224 3822 3296 φυλακην

2216 3318 2328 3388 ἅμα
2390 3323 2495 3377 τοῖς
2568 3316 2655 3367 ὑπ’
2719 3314 2857 3386 αὐτῴ
2930 3318 3276 3388 στρατιώταις
3350 3318 3751 3385 πεπιστευμένος
3808 3335 3822 3348 ·

2216 3413 2320 3467 τοῖς
2361 3402 2419 3458 δὲ
2476 3410 2592 3479 περὶ
2640 3407 2726 3456 τόν
2772 3407 2996 3478 σταυρόν
3044 3408 3281 3476 σημείοις
3328 3407 3415 3455 καὶ
3469 3408 3653 3477 τέρασι
3700 3407 3826 3480 πρὸς

458 3499 640 3551 tatem
654 3495 965 3563 deductus,
979 3496 1405 3551 omniexcusso
1420 3501 1599 3562 metu,
1615 3496 1797 3552 libere
1811 3496 2106 3553 Christum

2219 3502 2305 3555 τὴν
2360 3494 2601 3553 ἀλήθειαν
2662 3495 3083 3566 χειραγωγηθεὶς
3148 3499 3238 3546 καὶ
3288 3494 3459 3545 πάντα
3515 3493 3669 3566 φόϐον
3736 3493 3823 3565 ἀφ’

456 3584 662 3657 ipsum
694 3589 751 3641 et
782 3587 966 3640 Deum
998 3585 1305 3641 confessus
1345 3590 1433 3640 est
1461 3586 1521 3641 in
1554 3586 1751 3641 medio
1780 3600 2105 3657 synagogas

453 3673 819 3741 Iudaeorum,
861 3696 889 3724 «
926 3676 1089 3743 Vere,
1131 3674 1355 3741 dicens,
1401 3674 1576 3732 Filius
1612 3676 1710 3731 Dei
1740 3682 1827 3731 est
1860 3676 1951 3730 hic
1991 3675 2031 3729 ¹.
2078 3696 2103 3723 ››

533 3944 597 3997 ll.
616 3944 935 4015 Postquam
951 3942 1268 4015 sepulturae
1287 3944 1640 4000 mandatum
1664 3943 1772 4000 fuit
1807 3942 2109 3999 viviﬁcum

461 4030 671 4089 Christi
697 4048 932 4104 corpus,
956 4037 1021 4088 ut
1041 4048 1151 4087 nos
1176 4050 1211 4087 a
1236 4032 1462 4104 peccati
1491 4032 1780 4104 sepulcris
1814 4037 2104 4097 evocaret,

459 4124 517 4175 et
544 4119 622 4175 ad
661 4121 969 4193 antiquam
1007 4126 1309 4177 revocaret
1346 4121 1803 4189 beatitudinem,
1846 4121 2107 4190 Longino

459 4210 860 4280 rursusjussit
886 4208 1122 4273 Pilatus,
1148 4210 1281 4265 vita:
1299 4210 1639 4282 sepulcrum
1660 4210 1804 4265 tueri
1838 4209 2110 4265 custodia

460 4296 717 4354 militari.
754 4300 816 4353 Et
842 4297 935 4353 ille
963 4298 1209 4370 quidem
1237 4299 1370 4354 fecit
1394 4299 1474 4364 id,
1505 4299 1668 4371 quod
1700 4304 1826 4354 erat
1854 4300 2106 4370 impera-

462 4391 609 4453 tum,
634 4387 734 4441 etsi
762 4402 883 4443 non
914 4393 1065 4442 esset
1090 4386 1362 4458 ejusdem
1394 4388 1469 4443 de
1500 4386 1727 4443 Christo
1758 4404 1896 4443 cum
1931 4388 2107 4444 Pilato

459 4476 783 4539 sententia,
810 4476 1015 4546 utjam
1041 4475 1381 4531 didicimus.
1407 4476 1551 4531 Cum
1576 4483 1777 4532 autem
1804 4483 2105 4549 peractum

460 4567 611 4618 esset
642 4578 932 4632 magnum
963 4564 1302 4635 mysterium
1326 4565 1789 4630 resurrectionis,
1819 4572 1873 4621 et
1895 4565 2109 4620 milites

461 4651 771 4716 miracula,
802 4668 939 4723 quae
972 4658 1136 4708 erant
1168 4653 1418 4723 majora,
1451 4670 1638 4725 quam
1670 4660 1733 4709 ut
1772 4670 1842 4710 ea
1872 4659 2110 4726 caperet

458 4740 728 4797 humana
752 4741 1437 4813 cogitatio,principibus
1456 4742 1835 4799 sacerdotum
1862 4748 1918 4798 et
1945 4759 2107 4814 pres-

460 4828 685 4901 byteris
714 4829 942 4885 Judaici
968 4835 1155 4886 cretus
1183 4831 1659 4899 annuntiassent,
1691 4831 1805 4887 hoc
1836 4832 1915 4887 illi
1939 4832 2108 4901 igno-

462 4917 709 4973 miniam
762 4922 818 4972 et
859 4918 1120 4974 dedecus
1174 4919 1284 4974 sibi
1331 4919 1542 4975 aﬂ‘erre
1580 4920 2010 4989 existimantes,
2055 4926 2111 4976 et

461 5005 818 5062 miraculum
833 5006 1096 5063 volentes
1111 5008 1503 5077 exstinguere,
1520 5008 1786 5080 pecuniis
1801 5024 2110 5081 persuase-

460 5099 599 5151 runt
624 5095 927 5164 militibus,
961 5101 1023 5152 ut
1048 5095 1554 5153 calumniarentur
1584 5097 1793 5154 Christi
1823 5114 2113 5155 resurrec-

460 5184 703 5241 tionem.
738 5184 824 5240 Illi
862 5184 1039 5254 igitur
1069 5184 1147 5241 ad
1188 5185 1444 5242 Pilatum
1483 5186 1851 5252 accedentes,
1894 5186 2109 5243 falsam

460 5273 737 5329 dixerunt
756 5290 886 5329 esse
908 5274 1420 5331 resurrectionem.
1455 5277 1670 5331 Verum
1700 5291 1820 5331 non
1847 5276 1929 5331 sic
1958 5278 2109 5330 Lon-

461 5362 635 5433 ginus
668 5377 681 5417 :
711 5362 815 5418 sed
842 5363 1139 5419 mendacii
1165 5363 1409 5435 quidem
1435 5363 1541 5420 fuit
1568 5363 1886 5435 praeclarus
1908 5365 2110 5420 confu-

462 5456 634 5515 tator,
666 5466 841 5506 verax
875 5457 1075 5508 autem
1103 5453 1264 5510 testis
1293 5453 1573 5520 veritatis,
1608 5457 1670 5509 ut
1695 5453 1798 5525 qui
1826 5469 1947 5510 non
1979 5470 2106 5510 sus-

534 5578 550 5613 ¹
584 5577 752 5634 Math.
788 5594 963 5645 xxvu,
998 5582 1085 5635 54.

2218 3585 2402 3638 ἑαυτοῦ
2462 3585 2830 3655 ποιησάμενος,
2891 3582 3126 3656 ἐλευθέρᾳ
3182 3583 3382 3656 γλώττῃ
3446 3587 3677 3659 Χριστὸν
3733 3583 3825 3635 αὖ·

2217 3678 2302 3726 τὸν
2346 3677 2432 3725 καὶ
2466 3676 2592 3725 Θεὸν
2634 3674 2681 3725 ἐν
2726 3677 2869 3745 μέσῳ
2918 3681 3010 3732 τῆς
3052 3681 3151 3724 τῶν
3200 3670 3469 3726 Ἰουδαίων
3518 3680 3823 3745 συναγωγῆς

2218 3762 2549 3836 ὡμολόγησεν
2605 3780 2616 3791 ·
2682 3786 2708 3813 ι(
2768 3761 3017 3827 Ἀληθῶς,
3079 3762 3257 3835 λέγων,
3328 3764 3443 3822 Υἱός
3494 3769 3627 3816 Θεοῦ
3681 3760 3821 3813 ἐστιν

2218 3854 2338 3907 οὗτο
2349 3875 2388 3915 ς.
2427 3875 2450 3904 ››

2288 3942 2355 3997 Β’.
2382 3944 2471 4003 Ὠς
2500 3939 2557 3994 δὲ
2605 3946 2692 3995 καὶ
2724 3944 2865 4014 τάφῳ
2893 3944 2949 3993 τό
2996 3942 3246 4002 ζωοποιὸν
3298 3938 3453 3999 ἐδόθη
3515 3948 3665 4013 σῶμα
3691 3948 3824 4012 Χρι-

2222 4041 2368 4099 στοῦ,
2403 4034 2464 4084 ἶν’
2509 4033 2643 4103 ἡμᾶς
2672 4039 2770 4083 τῶν
2820 4040 2911 4091 τῆς
2970 4030 3221 4103 ἁμαρτίας
3269 4032 3439 4102 τάφων
3497 4028 3818 4085 ἁνακαλέσηο

2216 4141 2302 4174 ται
2337 4126 2427 4173 καὶ
2471 4123 2596 4193 πρὸς
2643 4124 2735 4179 τὴν
2792 4118 3021 4192 ἀρχαίαν
3072 4118 3372 4190 ἐπαναγάγῃ
3428 4120 3815 4190 μακαριότητα,

2220 4216 2455 4282 Λογγίνῳ
2482 4216 2569 4261 καὶ
2606 4209 2753 4260 πάλιν
2791 4210 2889 4260 ὑπὸ
2924 4208 3147 4260 Πιλάτου
3200 4210 3577 4279 προσετέτακτο
3614 4209 3698 4256 τὸν
3730 4213 3820 4266 τῆς

2220 4301 2359 4362 ζωῆς
2396 4301 2553 4371 τάφον
2594 4294 2899 4368 κουστωδία
2946 4303 3276 4368 στρατιωτῶν
3314 4295 3637 4367 ἡσφαλίσθαι
3670 4312 3681 4323 ·
3730 4300 3820 4346 καὶ

2218 4391 2243 4440 ὁ
2295 4394 2382 4459 μὲν
2414 4386 2571 4438 ἐποίει
2610 4390 2666 4438 τό
2721 4386 3009 4449 κελευσθὲν,
3042 4387 3136 4436 κᾶν
3192 4384 3317 4455 οὐχὶ
3371 4389 3461 4435 καὶ
3519 4392 3613 4443 τῆς
3655 4384 3819 4445 αὐτῆς

2220 4478 2424 4546 ut).er
2468 4481 2582 4549 περὶ
2632 4478 2860 4547 Χριστόν
2908 4478 3116 4545 γνώμης
3162 4470 3242 4537 ἦν,
3295 4476 3362 4534 ὡς
3414 4471 3469 4523 ἐκ
3519 4480 3609 4525 τοῦ
3648 4473 3821 4535 τέλους

2217 4565 2488 4637 ἐμάθομεν.
2542 4564 2683 4614 Ἐπεὶ
2727 4559 2786 4614 δὲ
2849 4566 2905 4613 τό
2961 4566 3096 4633 μέγα
3148 4570 3240 4623 τῆς
3285 4560 3622 4624 ἀναστάσεως
3668 4566 3821 4635 ἐπρα-

2215 4655 2483 4727 γματεύθη
2538 4656 2849 4726 μυστήριον,
2908 4656 2998 4702 καὶ
3056 4652 3104 4702 οἰ
3175 4659 3493 4723 στρατιῶται
3564 4654 3631 4703 τὰ
3693 4654 3815 4725 ὑπὲρ

2218 4747 2409 4796 ἔννοιαν
2463 4743 2700 4812 θαύματα
2760 4749 2867 4801 τοῖς
2926 4738 3235 4813 ἀρχιερεῦσι
3284 4744 3374 4791 καὶ
3448 4739 3815 4813 πρεσϐυτέροις

2217 4841 2307 4893 τῆς
2358 4827 2654 4890 Ἰουδαϊκῆς
2723 4834 3015 4902 συμμορίας
3069 4828 3409 4899 ἀπήγγελλον,
3460 4830 3508 4881 οἱ
3580 4832 3668 4898 μὲν
3719 4836 3814 4879 τῶν

2218 4918 2489 4976 Ἰουδαίων
2542 4928 2879 4992 προεστῶτες,
2926 4918 3189 4989 αἰσχύνην
3236 4920 3295 4969 τό
3348 4923 3565 4989 πρᾶγμα
3616 4918 3810 4987 τιθέμε-

2217 5032 2295 5064 νοι
2336 5016 2425 5063 καὶ
2466 5012 2524 5061 τό
2582 5010 2753 5080 θαῦμα
2799 5006 2984 5059 σϐέσαι
3016 5005 3340 5079 βουλόμενοι,
3395 5007 3630 5057 πείθουσι
3679 5010 3817 5079 χρὴ-

2218 5106 2392 5172 μάτων
2436 5101 2552 5159 τοὺς
2606 5102 2927 5171 στρατιώτας
2975 5100 3069 5154 τὴν
3112 5104 3202 5148 τοῦ
3256 5095 3450 5168 Κυρίου
3510 5098 3816 5165 συκοφαντί-

2221 5209 2311 5242 σαι
2364 5187 2651 5241 ἀνάστασιν
2702 5190 2790 5238 καὶ
2838 5185 2989 5238 αὐτοὶ
3033 5193 3105 5255 τῷ
3167 5182 3372 5253 Πιλάτῳ
3430 5181 3814 5253 προσελθόντες,

2218 5281 2284 5339 ὡς
2338 5282 2455 5349 περὶ
2505 5273 2735 5347 ψευδοῦς
2793 5275 3096 5347 εἰσηγοῦντο
3152 5282 3241 5332 τῆς
3299 5270 3649 5337 ἀναστάσεως,
3709 5271 3816 5323 ἀλλ’

2217 5365 2345 5437 οὐχὶ
2391 5370 2480 5417 καὶ
2533 5371 2784 5436 Λογγῖνος
2836 5365 2994 5424 οὕτως
3062 5380 3074 5392 ⁸
3136 5361 3262 5413 ἀλλὰ
3302 5368 3393 5412 τοῦ
3445 5363 3534 5432 μεν
3590 5356 3817 5431 ψεύδους

2218 5454 2433 5526 ἔλεγχος
2486 5452 2721 5527 ἀκριϐὴς,
2792 5454 2987 5514 ἀληθὴς
3057 5447 3115 5504 δε
3171 5456 3266 5511 τῆς
3323 5449 3566 5512 ἀληθείας
3615 5450 3817 5525 μάρτυς
