4062 6222
176 296 230 351 33

171 512 505 582 ἀνασχόμενος·
567 507 836 581 ἐλευθερίῳ
895 502 953 558 δὲ
1009 504 1195 575 μᾶλλον
1243 506 1333 554 καὶ
1386 500 1589 573 γλώττῃ
1645 503 1733 551 καὶ

170 607 324 673 γνώμη
376 600 522 650 αὐτὸν
574 594 910 670 ἁνακηρύξας
968 594 1205 651 ἀληθινὸν
1284 596 1373 643 καὶ
1439 589 1493 642 ἐκ
1548 598 1734 662 νεκρῶν

178 691 415 763 ἑγηγέρθαι
462 685 911 758 βεϐαιωσάμενος
972 684 1083 735 ὅθεν
1156 681 1310 741 αύτός
1373 699 1426 731 τε
1520 678 1737 738 Πιλᾶτος

183 788 256 831 και
299 784 335 831 οἱ
388 786 467 837 τῆς
538 781 859 846 συναγωγῆς
930 768 1201 825 Ἰουδαίων
1281 769 1584 843 ἐξάρχοντες
1651 770 1735 819 τόν

190 872 343 942 φθόνον,
396 868 453 918 ἐν
522 872 772 940 πρότερον
844 863 988 935 εἶχον
1039 862 1175 913 κατὰ
1236 865 1471 931 Χριστοῦ
1530 862 1620 909 καὶ
1675 858 1735 915 ἦν

184 956 320 1009 ὦδοον
360 956 479 1008 κατ’
535 955 698 1006 αὑτοῦ
742 958 949 1025 μανίαν,
1000 953 1193 1007 ταύτην
1240 948 1309 1010 εἰς
1355 952 1610 1018 Λογγίνον
1650 954 1735 997 νῦν

167 1050 531 1119 μεταφέρουσιν,
604 1044 769 1103 οὕτως
840 1040 1028 1113 ἀγρίως
1096 1039 1235 1108 αύτῷ
1316 1036 1733 1109 χαλεπαίνοντες,

162 1139 213 1196 ὡς
248 1134 366 1205 μηδ’
398 1138 464 1186 ἄν
497 1135 525 1191 ᾖ
562 1153 615 1184 τι
644 1137 734 1183 καὶ
784 1132 940 1182 πάθοι
978 1136 1229 1200 Λογγῖνος
1260 1126 1408 1189 ἀξίαν
1438 1125 1594 1177 αὐτόν
1627 1124 1737 1176 εἰσ-

158 1226 429 1295 πράξασθαι
480 1225 739 1295 τιμωρίαν
788 1222 1103 1291 ποιούμενοι.
1167 1217 1423 1269 Ἐντεῦθεν
1472 1214 1545 1275 εἰς
1575 1212 1735 1274 ἀκοὰς

154 1320 248 1371 ἐκει
300 1317 548 1384 Λογγίκω
612 1314 669 1362 τό
722 1316 954 1383 πρᾶγμα,
1008 1313 1096 1360 καὶ
1149 1303 1288 1365 δῆλα
1343 1309 1407 1357 τὰ
1453 1312 1547 1365 τῆς
1579 1304 1735 1377 ὀργῆς

151 1404 368 1472 ἐγίνοντο,
431 1405 526 1452 καὶ
586 1397 681 1452 διὰ
754 1406 904 1450 τοῦτο
987 1396 1466 1470 παραρῥιπτεῖσθαι
1542 1390 1732 1464 μᾶλλον

149 1498 339 1565 Χριστῴ
380 1494 412 1549 ἦ
456 1496 569 1549 τοῖς
618 1497 716 1539 τῶν
748 1483 1019 1540 Ἰουδαίων
1048 1485 1205 1537 οἰκεῖν
1256 1488 1568 1554 σκηνώμασι
1610 1498 1735 1551 προ-

150 1584 467 1652 θυμούμενος,
603 1585 694 1630 τοῦ
726 1576 1020 1649 ἀξιώματος
1046 1569 1291 1647 χλαμύδι
1338 1576 1427 1625 καὶ
1458 1572 1591 1643 ζώνῃ
1644 1573 1733 1621 καὶ

145 1676 226 1728 τὴν
265 1674 541 1742 στρατείαν
592 1662 775 1730 αὐτὴν,
834 1665 985 1727 εὐθὺς
1041 1667 1105 1724 ὡς
1162 1658 1273 1734 εἶχε
1322 1658 1730 1727 συναποδύεται,

145 1765 221 1811 καὶ
266 1757 359 1811 δύο
409 1762 555 1819 τινας
605 1761 691 1809 τόν
741 1758 915 1828 ὅμοιον
968 1753 1108 1823 αῦτῷ
1156 1752 1311 1813 ζῆλον
1341 1753 1467 1825 ὑπὲρ
1499 1758 1731 1824 Χριστοῦ
1766 1774 1808 1828 Β

146 1856 227 1901 καὶ
276 1857 363 1908 τῆς
421 1847 661 1908 ἀληθείας
719 1848 939 1917 ἔχοντας
994 1840 1306 1915 παραλαϐών
1388 1845 1732 1913 στρατιώτας,

152 1942 239 1999 τὰς
284 1941 418 1989 κατὰ
458 1938 651 1997 πλῆθος
699 1933 914 1986 ἐκκλίνει
953 1929 1254 2004 διατριϐὰς,
1282 1935 1373 1983 καὶ
1413 1937 1545 1983 Θεοῦ
1575 1934 1734 2002 μόνου

148 2033 231 2078 καὶ
258 2028 443 2079 ἑαυτοῦ
470 2030 679 2096 γίνεται.

208 2116 271 2169 Γ.
304 2117 380 2169 Οὐ
408 2116 537 2168 πολὺ
568 2111 630 2167 δὲ
659 2118 718 2166 τό
747 2111 793 2165 ἐν
813 2117 975 2185 μέσῳ,
1005 2116 1093 2164 καὶ
1122 2115 1215 2169 τὴν
1242 2109 1584 2183 Ἰερουσαλὴμ
1611 2108 1739 2161 ἀπο-

139 2206 301 2271 λιπών,
358 2206 435 2267 είς
490 2210 587 2262 τήν
641 2200 1004 2257 Καππαδοκῶν
1053 2201 1361 2273 ἀφικνεῖται,
1406 2199 1573 2275 κῆρυξ
1606 2201 1735 2271 ὁμοῦ

142 2302 222 2347 καὶ
255 2295 548 2355 ἀπόστολος
594 2302 694 2345 τῶν
734 2300 825 2345 τοῦ
864 2298 1096 2365 Χριστοῦ
1127 2287 1439 2366 παραδόξων
1469 2295 1560 2341 καὶ
1605 2291 1737 2341 θαυ-

142 2394 337 2458 μαστῶν
380 2389 554 2458 ἔργων
613 2385 820 2454 συνάμα
870 2389 981 2443 τοῖς
1024 2377 1152 2433 δυσὶ
1211 2384 1555 2453 στρατιώταις
1601 2383 1737 2450 γινό·

139 2494 285 2545 μενος.
336 2475 421 2534 ’.Ω-ς
478 2473 569 2525 οὖν
626 2475 819 2524 τούτων
872 2466 1021 2523 οὐδὲν
1078 2472 1192 2530 τοὺς
1244 2465 1539 2529 Ἰουδαίους
1595 2467 1739 2519 ἐλάν-

144 2568 294 2629 θανεν,
338 2564 433 2615 ἅτε
486 2570 584 2623 τῆς
644 2567 821 2633 φήμης
905 2560 976 2621 εἰς
1056 2561 1250 2619 πάντας
1324 2562 1410 2610 τόν
1485 2564 1738 2629 Λογγῖνον

142 2654 593 2725 παραπεμπούσης
656 2654 746 2701 καὶ
831 2648 915 2701 οἷοί
994 2668 1131 2709 τινος
1208 2649 1500 2719 ὑποπτέρου
1566 2653 1738 2698 πᾶσαν

142 2738 331 2811 σχεδὸν
362 2738 763 2811 διατρεχούσης
812 2743 905 2795 τὴν
953 2736 1277 2809 οἰκουμένην,
1319 2735 1386 2795 εἰς
1432 2734 1589 2787 ταύτὸ
1618 2754 1737 2787 συν-

141 2831 385 2893 ελθόντες,
441 2831 684 2881 πείθουσι
739 2828 960 2880 Πιλάτον
1012 2834 1271 2878 κατειπεῖν
1329 2829 1591 2895 Λογγίνου
1650 2827 1740 2875 καὶ

144 2926 381 2988 σημᾶναι
436 2928 505 2989 τῷ
560 2923 813 2991 Καίσαρι,
867 2918 946 2969 ὅτι
1002 2934 1055 2968 τε
1112 2915 1356 2987 ἀλλότρια
1412 2922 1604 2986 φρονῶν
1662 2916 1737 2971 εἴη

144 3017 238 3069 τῆς
286 3008 543 3079 Ῥωμαίων
599 3006 895 3079 βασιλείας,
941 3011 1030 3057 καὶ
1061 3006 1141 3057 ὅτι
1188 3012 1288 3057 τῶν
1336 3003 1501 3055 ὅπλων
1554 3001 1740 3073 ἆμελὴ-

139 3117 248 3161 σας,
303 3102 537 3172 Χριστόν
587 3116 704 3148 τινα
749 3098 1002 3169 κηρύσσει
1078 3092 1302 3166 βασιλέα
1371 3100 1477 3152 τοῖς
1551 3094 1736 3155 ἔθνεσι,
1776 3122 1816 3178 C

132 3188 398 3240 κάντεῦθεν
480 3188 683 3246 πάντας
730 3186 1134 3256 ὑποποιούμενος
1187 3186 1318 3257 πρὸς
1368 3187 1461 3240 τὴν
1503 3181 1573 3241 εἰς
1616 3180 1741 3233 ἐκεῖ·

132 3298 206 3327 νον
250 3283 440 3329 πίστιν
492 3274 774 3348 ἐφέλκεται*
825 3279 1123 3347 τεκμήριον,
1179 3276 1330 3344 φασὶ,
1388 3279 1487 3323 τῶν
1536 3269 1741 3341 λεγομέ-

130 3388 241 3434 νων,
297 3368 385 3417 ὅτι
442 3370 539 3416 καὶ
589 3369 683 3421 τὴν
736 3359 1101 3416 Καππαδοκῶν
1140 3368 1314 3414 πᾶσαν
1356 3368 1452 3421 τῆς
1498 3362 1741 3419 τοιαύτης

132 3450 492 3513 διδασκαλίας
539 3453 861 3525 πεπλήρωκε.
907 3455 1122 3512 Τούτοις
1174 3457 1279 3510 τοῖς
1326 3451 1605 3523 γράμμασι
1652 3452 1741 3500 καὶ

129 3549 395 3616 χρήματα
450 3546 890 3614 συνεκπέμπουσι,
963 3540 1150 3611 κλέψαι
1201 3541 1290 3599 τὰς
1342 3536 1496 3598 ἀκοὰς
1557 3535 1741 3610 βουλό-

132 3653 267 3685 αωοι
327 3634 627 3703 Καίσαρος,
683 3633 816 3683 ὥστε
892 3632 1111 3682 καὶτὸν
1188 3632 1447 3699 Λογγίνου
1526 3629 1740 3679 θάνατον

127 3722 327 3782 ἐκόλως
388 3721 725 3779 ὠνήσασθαι.
770 3718 837 3772 Ὀ
869 3715 938 3777 δὴ
987 3722 1069 3771 καὶ
1119 3721 1253 3770 κατὰ
1281 3720 1339 3769 τὸ
1371 3713 1558 3768 δοκοῦν
1610 3723 1737 3781 τοῖς,

125 3808 423 3870 Ἰουδαίοις
472 3809 735 3883 ἐχώρησε,
788 3814 879 3861 καὶ
910 3807 1010 3860 ἀπὸ
1058 3808 1259 3879 Ῥώμης
1299 3806 1445 3866 εύθὺς
1477 3813 1570 3867 τῆς
1616 3804 1743 3858 Ἰου-

124 3896 296 3959 δαίας
346 3903 478 3971 πρὸς
532 3897 749 3950 Πιλάτον
818 3896 1111 3949 στέλλονται
1151 3896 1439 3968 γράμματα
1481 3899 1741 3964 Λογγίνου

129 3989 369 4038 Θάνατον
415 3986 895 4058 καταρηφιζόμενα,
958 3985 1243 4056 Δεξάμενος
1300 3984 1387 4036 οὖν
1445 3984 1470 4034 6
1526 3981 1743 4043 Πιλᾶτος

120 4079 191 4127 τὰ
218 4077 537 4149 γράμματα,
577 4079 645 4137 ὡς
691 4072 853 4147 εἶχεν,
881 4075 1066 4135 εὐθέως
1104 4073 1391 4148 ἄγχειρίζει
1438 4080 1606 4124 ταῦτα
1636 4080 1743 4133 τοῖς

119 4160 421 4224 Ἰουδαίοις
464 4169 555 4215 καὶ
601 4183 725 4235 προς
755 4168 840 4215 τόν
887 4170 978 4215 τοῦ
1003 4167 1262 4236 μακαρίου
1291 4166 1437 4232 φόνον
1475 4162 1741 4234 πρόθυμος

122 4255 437 4325 προθύμους
488 4251 753 4324 ἐκπέμπει·
810 4255 858 4304 οἱ
916 4249 975 4305 δε
1030 4256 1124 4309 τὴν
1170 4250 1362 4323 μεταξύ
1414 4255 1588 4302 πᾶσαν
1643 4257 1741 4321 γῆν

123 4339 335 4414 ἐσττέρῳ
400 4344 563 4411 τάχει
618 4337 995 4416 διαδραμόντες
1052 4348 1113 4412 τῇ
1209 4334 1572 4392 Καππαδοκῶν
1653 4337 1741 4410 ἐφ-

124 4434 402 4482 ίστανται’
455 4435 547 4480 καὶ
597 4436 850 4500 Λογγῖνον
903 4431 951 4481 ἐν
1000 4448 1103 4480 τινι
1144 4436 1244 4479 τῶν
1290 4432 1541 4501 πατρῴων
1574 4426 1743 4499 ἀγρῶν

124 4525 209 4569 τον
264 4519 598 4591 ἀπράγμονα
637 4517 753 4591 βίον
808 4517 985 4570 ἀσκεῖν
1028 4519 1328 4589 πυθόμενοι,
1376 4516 1524 4578 εὐθὺς
1568 4514 1616 4567 ἐν
1676 4524 1745 4585 τῷ

124 4604 270 4679 ἀγρῷ
329 4613 589 4678 γίνονται,
653 4612 723 4679 μὴ
780 4603 974 4667 εἰδότες
1045 4604 1230 4657 ἐκεῖνον
1301 4603 1451 4669 εἶναι,
1504 4610 1621 4678 περὶ
1687 4600 1745 4656 οὗ

123 4699 239 4756 τοὺς
299 4700 548 4769 μακροὺς
605 4697 907 4753 ὑπέστησαν
958 4700 1148 4756 πόνους
1217 4699 1305 4746 καὶ
1361 4698 1456 4752 τὴν
1535 4699 1745 4769 πορείαν

124 4780 376 4853 διήνυον,
437 4788 553 4837 ὅθεν
613 4789 702 4837 καὶ
755 4785 910 4837 αὐτόν
968 4784 1157 4837 ἐκεῖνον
1209 4785 1433 4858 ἠρώτων,
1494 4802 1567 4843 τις
1644 4781 1747 4855 ἆρα

126 4880 400 4945 Λογγῖνος
444 4877 524 4931 εἴη
566 4878 656 4925 καὶ
687 4881 828 4934 ποῖος
875 4875 900 4925 6
934 4880 1183 4944 Λογγῖνον
1237 4874 1373 4941 ἔχων
1421 4870 1595 4946 ἀγρός·
1643 4878 1749 4932 τοῖς

122 4970 209 5031 μεν
258 4967 377 5037 γὰρ
431 4959 495 5019 ἦν
548 4964 577 5021 ἠ
633 4959 865 5027 σπουδὴ,
914 4966 1148 5033 Λογγίνῳ
1197 4959 1401 5032 ἀφανῶς
1452 4958 1744 5025 ἐπιθέσθαι,

124 5047 371 5116 deamat,
434 5056 509 5124 μὴ
568 5056 663 5109 τὴν
737 5056 997 5125 σωτηρίαν
1049 5058 1185 5123 φυγῇ
1253 5052 1744 5125 πραγματεύσηται.

126 5145 389 5211 Ἠγνὸουν
443 5137 505 5193 δὲ
552 5142 635 5192 ὅτι
678 5139 869 5211 μᾶλλον
918 5144 1057 5210 αὐτῷ
1106 5141 1134 5197 ἡ
1172 5135 1378 5197 σπουδὴ
1425 5138 1743 5210 ληφθῆναιῆ

124 5229 347 5291 ἐκείνοις
398 5229 591 5283 λαϐεῖν’
654 5229 845 5293 ἐζήλου
910 5232 1010 5302 γὰρ
1086 5229 1277 5281 ἐκείνου
1355 5231 1443 5280 τὸν
1513 5227 1747 5280 ἑκούσιον

127 5320 382 5388 Θάνατον,
440 5322 495 5373 ὃν
546 5317 673 5372 ἰδών
732 5318 783 5371 ἐν
830 5326 1040 5393 σταυρῷ
1096 5322 1216 5372 Θεὸν
1265 5316 1616 5389 ὡμολόγησεν,
1658 5321 1748 5369 καὶ

128 5408 302 5483 ὧσπερ
360 5413 587 5483 Χριστός
636 5405 711 5461 δι’
752 5410 905 5481 ἡμᾶς,
950 5407 1085 5459 οὕτω
1116 5403 1210 5460 διὰ
1238 5409 1467 5479 Χριστόν
1496 5412 1746 5477 Λογγῖνος

132 5501 219 5555 τὴν
240 5503 459 5575 σφαγὴν
489 5495 676 5573 ίδίψα.

1519 283 1685 339 VITA
1725 282 1786 339 S.
1828 282 2146 340 LONGINI.

170 424 430 483 καθίστατο,
490 424 891 489 συκοφαντῆσαι
950 417 1176 489 Χριστόν
1234 415 1298 473 ὡς
1349 412 1605 464 κλαπέντα
1657 414 1727 481 μὴ

1852 409 2085 466 tinuerit
2150 410 2497 468 calumniari
2572 412 2890 480 Christum,

3436 297 3505 351 34

2974 421 3266 489 tanquam
3351 420 3502 478 furto

1848 506 2186 572 surreptam
2217 517 2227 556 :
2259 501 2365 556 sed
2390 501 2599 572 lingua
2621 509 2676 558 et
2703 509 2896 560 mente
2918 504 3108 562 libera
3131 524 3269 564 eum
3291 525 3501 567 verum

1847 602 1974 643 esse
2003 591 2189 644 Deum
2221 590 2574 661 prmdicarit,
2608 597 2664 646 et
2691 607 2722 647 e
2749 593 3000 648 mortuis
3029 610 3157 651 esse
3177 598 3501 655 excitatum

1846 676 2250 734 afﬁrmaverit.
2283 680 2411 745 Quo
2449 679 2669 736 factum
2696 687 2803 751 est,
2844 686 2907 739 ut
2931 689 2986 739 et
3014 683 3145 755 ipse
3172 685 3407 751 Pilatus,
3449 692 3507 743 et

1845 767 2178 824 Judaeorum
2197 784 2522 840 synagogas
2550 769 2864 843 principes,
2888 772 3176 831 invidiam
3194 790 3316 847 qua
3336 776 3505 847 prius

1848 857 2238 914 movebantur
2266 859 2325 915 in
2359 859 2673 926 Christum,
2716 866 2771 916 et
2809 878 2991 934 quem
3023 864 3080 919 in
3122 880 3259 921 eum
3299 866 3505 922 animo

1847 945 2262 1018 concipiebant
2310 947 2591 1013 furorem,
2646 966 2781 1005 eum
2837 968 2993 1008 nunc
3050 953 3110 1009 in
3171 954 3503 1025 Longinum

1849 1035 2254 1100 transferrent,
2283 1037 2334 1092 ei
2366 1037 2517 1093 adeo
2547 1038 2886 1106 irascentes,
2923 1048 2985 1097 ut
3014 1042 3311 1115 quidquid
3343 1050 3506 1116 pate-

1849 1131 2009 1180 retur
2038 1126 2361 1195 Longinus,
2390 1128 2802 1185 existimarent
2830 1146 2969 1186 eum
3000 1147 3120 1187 non
3154 1133 3295 1189 satis
3325 1134 3502 1191 datu-

1846 1230 1978 1269 rum
2010 1231 2138 1269 esse
2178 1231 2513 1287 pmuarum.
2557 1217 2702 1273 Hinc
2742 1234 2813 1274 ea
2858 1234 2950 1274 res
2999 1222 3160 1277 venit
3206 1222 3281 1278 ad
3325 1239 3503 1280 aures

1849 1304 2114 1375 Longini,
2140 1310 2195 1359 et
2220 1320 2426 1361 eorum
2450 1305 2537 1361 ira
2559 1306 2731 1362 fuitei
2751 1308 3108 1377 signiﬁcata.
3129 1312 3505 1384 Quapropter

1846 1395 2036 1463 magis
2067 1393 2269 1449 volens
2293 1395 2470 1465 abjici
2497 1412 2631 1451 cum
2654 1397 2903 1463 Christo,
2930 1415 3116 1471 quam
3140 1400 3412 1457 habitare
3442 1403 3502 1458 in

1840 1480 2233 1539 tabernaculis
2248 1484 2612 1553 Judaaorum,
2637 1500 2769 1541 cum
2792 1492 2952 1543 veste
2973 1493 3029 1544 et
3053 1489 3291 1559 cingulo
3313 1490 3505 1560 digni-

1842 1572 1995 1637 tatis,
2024 1571 2218 1644 ipsam
2236 1588 2477 1644 quoque
2496 1573 2675 1629 simul
2693 1576 3143 1648 quamprimum
3169 1578 3328 1634 exuit
3352 1579 3506 1636 mili-

1842 1660 2005 1717 tiam.
2044 1664 2106 1716 Et
2139 1662 2393 1733 acceptis
2421 1662 2656 1718 duobus
2698 1663 3005 1731 militibus,
3047 1665 3151 1739 qui
3198 1668 3507 1726 habebant

1843 1749 2123 1805 eumdem
2163 1750 2351 1806 zelum
2382 1767 2489 1822 pro
2531 1752 2757 1808 Christo
2817 1759 2873 1810 et
2920 1756 3185 1821 veritate,
3247 1757 3504 1815 declinat

1844 1855 1981 1895 cum
2013 1840 2240 1912 populo
2273 1840 2782 1911 congressionem,
2818 1847 2873 1899 et
2926 1860 3065 1901 cum
3121 1846 3241 1902 Deo
3281 1846 3407 1903 solo
3446 1853 3506 1903 et

1845 1945 2045 1985 secum
2080 1934 2363 1985 versatur.

1916 2109 2003 2163 Ill.
2028 2109 2142 2163 Nec
2174 2106 2429 2162 multum
2462 2107 2791 2165 intercessit
2843 2111 3148 2182 temporis,
3192 2117 3247 2167 et
3286 2111 3504 2170 relictis

1846 2195 2289 2267 Hierosolymis,
2326 2197 2483 2252 venit
2506 2196 2566 2252 in
2597 2198 3055 2270 Cappadociam,
3100 2217 3298 2272 preco
3325 2200 3505 2258 simul

1844 2292 1899 2342 et
1932 2285 2242 2357 apostolus
2269 2285 2477 2341 Christi
2504 2285 2947 2344 admirabilium
2979 2305 3248 2362 operum,
3282 2296 3339 2347 et
3368 2308 3501 2365 quae

1847 2380 1984 2430 sunt
2012 2380 2226 2447 praeter
2254 2374 2600 2446 opinionem
2627 2392 2765 2431 cum
2806 2376 2918 2432 illis
2943 2376 3184 2435 duobus
3215 2380 3504 2437 militibus

1847 2463 2109 2518 eﬂ‘ectus.
2159 2465 2303 2519 Cum
2350 2467 2549 2519 autem
2577 2479 2787 2520 eorum
2828 2466 2970 2521 nihil
3003 2467 3211 2523 lateret
3239 2469 3502 2537 Judteos,

1852 2558 2049 2624 utpote
2062 2552 2220 2623 quod
2236 2552 2396 2608 fama
2408 2552 2479 2607 ad
2493 2568 2704 2608 omnes
2718 2555 3502 2625 Longinumtransmitteret,

1848 2646 1903 2697 et
1930 2641 2176 2713 perinde
2207 2657 2276 2696 ac
2306 2641 2463 2697 alata
2500 2642 2812 2713 perniciter
2854 2659 3097 2701 omnem
3136 2652 3507 2717 percurreret

1848 2732 2178 2799 regionem,
2211 2728 2250 2783 ii
2278 2729 2455 2783 simul
2476 2734 2895 2786 convenientes
2916 2734 3278 2803 persuadent
3297 2735 3501 2801 Pilato,

1852 2824 1913 2872 ut
1960 2817 2034 2872 de
2078 2818 2343 2886 Longino
2390 2816 2544 2871 male
2597 2817 2777 2883 dicat,
2824 2823 2882 2873 et
2922 2820 3209 2888 significet
3271 2823 3502 2887 Caesari,

1849 2905 2012 2978 quod
2045 2904 2239 2960 aliena
2283 2904 2521 2961 sentiret
2564 2906 2642 2961 ab
2690 2906 2941 2978 imperio
2990 2910 3416 2975 Romanorum,
3449 2917 3506 2967 et

1848 2995 2015 3067 quod
2042 2995 2326 3067 neglectis
2351 2994 2553 3061 armis,
2574 2996 2862 3052 Christum
2879 2998 3159 3069 praedicet
3177 2999 3503 3071 quemdam

1848 3101 2049 3157 regem
2104 3084 2398 3155 gentibus,
2450 3090 2506 3140 et
2544 3086 2626 3140 sic
2660 3101 2870 3141 omnes
2906 3085 2966 3141 in
3006 3103 3177 3143 suam
3231 3088 3506 3159 redigens

1851 3180 2224 3246 potestatem,
2253 3174 2513 3230 attrahat
2534 3175 2609 3230 ad
2638 3174 2792 3230 illius
2816 3176 3013 3231 ﬁdem.
3046 3180 3261 3233 Eorum
3283 3184 3503 3245 autem,

1851 3264 2105 3331 aiebant,
2128 3279 2263 3335 quae
2278 3262 2572 3327 dicuntur,
2591 3265 2825 3334 signum
2843 3270 2949 3331 est,
2968 3266 3134 3337 quod
3163 3267 3505 3323 universam

1850 3354 2293 3426 Cappadociam
2320 3368 2389 3408 ea
2413 3352 2681 3425 implevit
2700 3354 2989 3410 doctrina.
3016 3356 3159 3411 Cum
3186 3356 3279 3411 his
3298 3356 3508 3413 litteris

1853 3442 2029 3498 simul
2061 3442 2238 3497 etiam
2282 3443 2559 3497 emittunt
2584 3444 2885 3513 pecunias,
2918 3445 2978 3498 in
3027 3460 3201 3500 aures
3256 3447 3506 3502 Caesaris

1852 3531 2117 3588 volentes
2145 3531 2420 3602 irrepere,
2456 3536 2516 3586 ut
2566 3532 2811 3601 Longini
2844 3539 3095 3589 mortem
3141 3532 3307 3591 facile
3342 3551 3507 3591 eme-

1850 3629 1999 3677 rent.
2032 3620 2202 3687 Quod
2232 3620 2473 3693 quidem
2508 3623 2791 3692 processit
2828 3621 3028 3687 etiam,
3077 3629 3138 3679 ut
3169 3624 3505 3689 videbatur,

1851 3709 2085 3765 Judaeis.
2120 3712 2186 3765 Et
2224 3712 2411 3765 Roma
2447 3709 2647 3764 statim
2690 3712 2750 3766 in
2800 3710 3072 3767 Judaeum
3120 3713 3197 3768 ad
3257 3713 3507 3771 Pilatum

1852 3803 2163 3857 mittuntur
2177 3800 2398 3863 litterae,
2416 3816 2546 3872 qua
2566 3801 2894 3871 Longinum
2911 3810 3096 3859 morte
3111 3804 3505 3860 damnabunt.

1852 3892 2069 3947 Pilatus
2099 3904 2238 3957 ergo
2278 3890 2534 3961 acceptis
2564 3888 2789 3957 litteris,
2817 3906 2918 3946 eas
2961 3892 3161 3947 statim
3206 3893 3383 3949 tradit
3410 3895 3508 3950 Ju-

1852 3981 2014 4049 daeis,
2037 3984 2089 4035 et
2116 3979 2193 4035 ad
2224 3978 2381 4034 beati
2409 3979 2514 4033 viri
2541 3978 2764 4034 caedem
2795 3979 3000 4035 alacris
3026 3980 3253 4036 alacres
3276 3982 3505 4041 emittit.

1855 4069 1941 4127 llli
1976 4075 2173 4124 autem
2207 4084 2344 4123 cum
2368 4072 2553 4123 totam
2588 4084 2723 4140 quas
2749 4067 3169 4135 intercedebat,
3203 4070 3508 4141 regionem

1854 4158 2119 4213 maxima
2149 4157 2548 4229 pervasissent
2586 4155 2900 4224 celeritate,
2934 4157 3176 4215 veniunt
3202 4159 3260 4214 in
3288 4160 3510 4232 Cappa-

1854 4250 2073 4303 docum
2105 4247 2406 4315 regionem
2442 4263 2455 4301 :
2488 4252 2703 4302 etcum
2731 4246 3059 4303 audiissent
3086 4248 3418 4319 Longinum
3448 4249 3510 4306 in

1854 4338 2121 4409 quodam
2140 4352 2284 4405 agro
2307 4340 2557 4407 paterno
2580 4350 2755 4405 agere
2777 4337 2962 4392 vitam
2985 4337 3062 4392 ab
3084 4339 3249 4393 omni
3272 4339 3510 4410 negotio

1854 4432 2168 4490 remotam,
2204 4424 2399 4479 statim
2438 4424 2687 4479 veniunt
2714 4425 2774 4479 in
2806 4440 3041 4493 agrum,
3098 4431 3154 4482 et
3196 4443 3336 4483 cum
3364 4428 3515 4484 Lon-

1857 4517 1995 4585 gino
2040 4530 2347 4570 sermones
2400 4512 2725 4575 conferunt.
2780 4516 3108 4570 nescientes
3158 4532 3298 4573 eum
3350 4533 3510 4587 esse,

1857 4608 2100 4676 propter
2126 4620 2307 4675 quem
2335 4608 2454 4658 tam
2481 4618 2733 4672 magnos
2752 4602 2988 4659 labores
3011 4605 3431 4677 suscepissent,
3456 4612 3514 4663 et

1857 4695 1963 4749 iter
1983 4692 2397 4749 confecissent.
2423 4692 2586 4747 Unde
2604 4691 2780 4747 etiam
2800 4692 2966 4747 illum
2986 4692 3509 4767 ipsumrogabant,

1857 4782 2139 4856 quisnam
2174 4786 2326 4836 esset
2350 4782 2666 4852 Longinus,
2697 4787 2752 4836 et
2778 4782 2834 4836 in
2864 4798 3133 4853 quonam
3157 4785 3383 4855 praedio
3409 4786 3513 4843 ha-

1856 4872 2087 4927 bitaret.
2126 4872 2458 4942 Longinum
2490 4870 2649 4925 enim
2690 4870 3010 4927 studebant
3054 4871 3208 4927 clam
3240 4874 3509 4943 aggredi,

1858 4963 2127 5017 timentes
2149 4976 2220 5014 ne
2248 4960 2499 5014 salutem
2523 4958 2629 5013 sibi
2652 4958 2792 5030 fuga
2812 4966 3122 5031 quaereret.
3147 4962 3513 5031 lgnorabant

1857 5055 2056 5105 autem
2085 5065 2222 5104 eum
2251 5048 2438 5118 magis
2470 5046 2707 5103 studere
2740 5053 2801 5103 ut
2830 5055 3157 5121 caperetur,
3189 5066 3373 5122 quam
3406 5052 3507 5118 illi,

1859 5147 1921 5194 ut
1948 5143 2248 5210 caperent.
2282 5137 2627 5193 lmitabatur
2651 5136 2809 5192 enim
2842 5144 3090 5193 mortem
3122 5139 3277 5194 illius
3301 5139 3513 5196 volun-

1858 5228 2092 5294 tariam,
2134 5242 2314 5300 quem
2359 5242 2497 5281 cum
2530 5225 2772 5281 vidisset
2812 5225 2875 5281 in
2923 5242 3118 5293 cruce,
3170 5228 3355 5284 Deum
3400 5228 3513 5286 fuit

1858 5316 2165 5373 confessus
2198 5339 2209 5371 :
2244 5320 2301 5371 et
2330 5315 2638 5387 quomodo
2671 5314 2936 5371 Christus
2976 5320 3220 5388 propter
3258 5332 3392 5385 nos,
3425 5318 3511 5381 ita

1860 5406 2160 5477 Longinus
2186 5411 2428 5478 propter
2455 5404 2755 5461 Christum
2784 5403 3011 5461 caedem
3042 5404 3298 5474 sitiebat,
