4078 6222
482 292 550 346 35
1852 287 1999 344 ΜΕΝ
2006 286 2108 343 SIS

2239 287 2374 345 lRTI
2383 289 2489 347 US.
3770 296 3843 355 36

550 420 637 473 ιν.
671 419 813 473 Cum
838 430 980 484 ergo
1007 413 1259 485 Spiritus
1281 418 1525 470 sanctus
1546 413 1647 470 illa
1674 414 1824 470 hora
1847 413 1903 469 ei
1923 412 2133 469 omnia
2165 413 2211 468 Α

482 507 890 577 signiﬁcasset,
941 503 1159 558 sensim
1218 502 1296 559 ad
1326 503 1486 575 ipsos
1521 519 1862 567 conversus,
1907 502 2035 557 miti
2074 505 2133 557 et

480 598 595 653 leni
621 610 765 651 voce
796 593 935 648 dicit
965 609 977 646 :
1030 611 1058 644 «
1093 591 1441 664 Sequimini,
1492 597 1548 648 et
1584 593 1710 665 ipse
1753 608 1914 657 eum,
1944 606 2128 663 quem

476 682 755 757 qumritis,
792 680 1100 737 ostendam
1130 684 1172 734 ³.
1221 703 1240 730 ι
1276 684 1438 737 Tunc
1478 697 1620 752 ergo
1652 683 1833 737 veluti
1873 680 2037 753 apud
2069 695 2131 736 se

476 773 684 829 lastans
715 770 809 825 ille
832 770 1040 825 beatus
1071 774 1126 825 et
1156 769 1333 825 futuri
1355 770 1644 840 gaudium
1674 771 2047 843 pracipiens,
2074 774 2133 825 et

475 866 612 918 ante
643 860 987 931 martyrium
1014 863 1270 916 mortem
1302 861 1569 933 martyrii
1596 860 1987 932 amplectens,
2009 859 2132 915 haec

476 966 678 1005 secum
704 949 942 1004 dicebat
974 964 986 1004 :
1022 950 1213 1014 Quam
1245 950 1499 1021 speciosi
1526 949 1707 1022 pedes
1734 948 2135 1021 evangelizan-

474 1041 621 1096 tium
634 1038 794 1093 bona
811 1040 832 1072 ⁸
857 1037 869 1093 l
896 1040 1061 1093 Nunc
1074 1038 1289 1094 videbo
1307 1038 1488 1095 cmlos
1500 1043 1757 1111 apertos.
1788 1041 1949 1094 Nunc
1979 1038 2135 1110 aspi-

475 1128 631 1184 ciam
659 1127 909 1198 gloriam
940 1127 1141 1183 Patris.
1194 1131 1380 1197 Nunc,
1434 1128 1587 1184 sicut
1632 1129 1862 1199 primus
1907 1132 2135 1199 martyr

475 1216 830 1289 Stephanus,
846 1218 970 1288 ipse
991 1232 1234 1289 quoque
1247 1217 1443 1272 dicam
1465 1237 1477 1273 :
1500 1239 1528 1267 «
1546 1218 1793 1273 Domine
1815 1219 1952 1273 Jesu
1976 1216 2135 1273 Chri-

475 1314 582 1375 sto,
613 1306 815 1377 accipe
848 1306 1118 1377 spiritum
1164 1322 1368 1361 meum
1411 1308 1455 1371 ‘,
1487 1326 1515 1358 »
1569 1321 1752 1377 quem
1799 1305 2135 1362 clarissima

478 1410 618 1451 voce
644 1395 847 1451 audivi
878 1401 1125 1451 mortem
1156 1395 1231 1449 ad
1266 1410 1327 1451 se
1358 1400 1693 1451 vocantem.
1737 1398 1902 1451 Nunc
1932 1409 2137 1466 super-

473 1500 619 1543 nam
645 1486 993 1551 Jerusalem,
1018 1484 1370 1554 angelorum
1393 1484 1637 1556 quidem
1656 1485 1933 1557 patriam,
1957 1486 2135 1540 totius

474 1580 677 1632 autem
708 1574 872 1630 chori
898 1579 1240 1630 sanctorum
1273 1574 1672 1647 metropolim,
1708 1590 1847 1631 cum
1876 1574 2134 1630 victoria:

473 1664 811 1737 plausibus,
846 1668 901 1719 et
925 1663 1189 1729 canticis,
1222 1667 1279 1718 et
1316 1662 1590 1732 gloriosis
1625 1664 1881 1735 tropaeis,
1925 1678 2135 1719 ascen-

2316 412 2386 469 A’.
2439 420 2542 466 Τοῦ
2592 415 2883 486 Πνεῦματος
2913 410 3001 467 οὖν
3045 424 3117 487 τῷ
3164 413 3299 489 ἁγίῳ
3342 418 3511 470 πάντα
3550 419 3661 472 κατ’
3688 419 3846 475 ἐκεῖνο

2244 509 2339 562 τῆς
2381 504 2517 576 ὧρας
2562 508 2928 574 γνωρίσαντος,
2989 503 3160 575 ἠρέμα
3214 509 3345 577 πρὸς
3379 506 3566 568 αὐτοὺς
3605 507 3846 584 ἐπιστρα-

2243 595 2367 662 φείς*
2413 591 2765 645 Ἀκολουθεῖτέ
2808 612 2918 663 μοι,
2969 592 3102 663 λέγει
3150 599 3343 668 πραείᾳ
3387 605 3549 669 φωνῇ,
3618 602 3706 650 καὶ
3761 603 3844 650 τὸν

2243 679 2555 752 ζητούμενον
2613 681 2771 742 αὐτὸς
2822 678 3102 744 ὑποδείξω.
3161 688 3289 736 Τότε
3327 680 3437 753 οὖν,
3488 688 3663 759 ὥσπερ
3715 685 3845 740 ἄνευ·

2241 774 2570 843 φραινόμενος
2634 771 2660 821 ό
2725 772 2983 844 μακάριος
3036 770 3202 841 ἐαυτῷ
3253 776 3342 824 καὶ
3415 780 3506 824 τοῦ
3577 774 3849 846 μελλοντος

2241 858 2614 932 προαπολαύων
2666 866 2761 921 τῆς
2812 856 3007 921 ἡδονῆς
3059 864 3149 912 καὶ
3179 864 3279 934 πρὸ
3322 868 3415 913 τοῦ
3441 869 3731 935 μαρτυρίου
3762 868 3847 916 τὸν

2242 956 2333 999 τοῦ
2380 953 2669 1021 μαρτυρίου
2721 950 2936 1000 θάνατον
2989 946 3372 1021 ἀσπαζόμενος,
3428 959 3649 1005 τοιαῦτα
3717 957 3849 1025 πρὸς

2244 1036 2421 1089 ἑαυτὸν
2472 1033 2747 1108 διελέγετο
2788 1035 2877 1097 Ὠς
2930 1040 3115 1111 ὡραῖοι
3179 1040 3227 1090 οἱ
3303 1035 3457 1099 πόδες
3527 1048 3627 1092 τῶν
3698 1041 3846 1113 εῦαγ-

2242 1125 2579 1198 γελιζομένων
2636 1129 2701 1178 τά
2762 1124 2977 1197 ἀγαθάῑ
3038 1133 3145 1179 Νῦν
3209 1130 3327 1189 τοὺς
3389 1128 3634 1201 οὐρανοὺς
3692 1128 3846 1201 ἀνεῳ-

2243 1218 2462 1287 γμένους
2517 1214 2732 1286 ὄψομαι·
2777 1222 2864 1265 νῦν
2916 1217 3178 1290 ἱστορήσω
3235 1220 3329 1274 τὴν
3384 1212 3542 1279 δόξαν
3590 1225 3679 1270 τοῦ
3737 1225 3846 1271 Πα-

2244 1308 2383 1375 τρός·
2428 1310 2516 1354 νῦν
2574 1302 2650 1355 ἐπ’
2706 1306 2831 1365 ἴσης
2881 1311 2951 1374 τῷ
2999 1309 3183 1379 πρώτῳ
3234 1312 3335 1356 τῶν
3386 1308 3663 1380 μαρτύρων
3720 1315 3844 1361 Στε-

2245 1395 2403 1465 φάνῳ·
2466 1396 2623 1465 Κύριε
2673 1393 2850 1451 Ἰησοῦ
2907 1396 3125 1466 Χριστε,
3188 1390 3336 1456 δέξαι
3379 1398 3436 1447 τό
3488 1397 3690 1467 πνεῦμά
3724 1382 3846 1468 μου,

2243 1487 2332 1535 καὶ
2380 1482 2536 1544 αὐτὸς
2588 1480 2704 1557 ἐρῶ,
2760 1482 2820 1534 οὗ
2863 1481 3201 1557 λαμπροτάτῃ
3261 1491 3399 1556 φωνῇ
3474 1487 3561 1536 τὸν
3635 1486 3848 1538 θάνατον

2243 1571 2513 1632 καλοῦντος
2554 1570 2630 1643 ἐφ’
2696 1570 2876 1624 ἑαυτὸν
2931 1570 3154 1631 ἀκήκοαο
3206 1580 3295 1624 νῦν
3362 1572 3705 1647 Ἰερουσαλὴμ
3757 1583 3849 1637 τῆς

2245 1658 2506 1725 ἀνωτάτω,
2559 1667 2655 1721 τῆς
2706 1656 2962 1735 πατρίδος
3014 1663 3105 1733 μεν
3156 1670 3257 1713 τῶν
3331 1660 3580 1733 ἀγγελῶν,
3635 1671 3728 1716 τοῦ
3786 1661 3847 1718 δι

475 1754 639 1809 dam.
672 1754 839 1809 Nunc
873 1769 1022 1808 exuo
1048 1769 1079 1808 e
1103 1752 1227 1808 luto
1259 1752 1590 1809 confectam
1632 1752 1917 1821 tunicam,
1960 1758 2015 1808 et
2052 1752 2127 1808 la-

2242 1757 2342 1801 τῶν
2395 1749 2555 1820 ἁγίων
2598 1756 2767 1822 χοροῦ
2813 1753 2998 1811 παντός
3042 1750 3423 1826 μητροπόλεως,
3472 1754 3603 1823 μετά
3644 1757 3843 1827 κρότων

477 1842 823 1898 mentabilia
846 1842 1086 1913 depono
1112 1840 1311 1897 carnis
1338 1841 1599 1897 vincula.
1624 1844 1788 1897 Nunc
1811 1842 2032 1897 liberor
2058 1841 2135 1897 ab

475 1932 712 1987 interitu
744 1937 799 1987 et
821 1932 1223 2003 corruptione,
1256 1936 1313 1987 et
1336 1930 1500 1987 laetus
1527 1931 1713 1987 induo
1741 1930 2135 2003 incorruptio-

474 2036 635 2076 nem.
680 2020 958 2090 Egredior
995 2037 1026 2076 e
1066 2021 1188 2077 vita
1227 2020 1456 2076 caduca
1494 2026 1551 2075 et
1602 2026 2041 2086 momentanea,
2083 2020 2138 2076 et

475 2125 548 2165 ex
578 2114 950 2180 tempestate,
988 2110 1156 2180 cujus
1187 2114 1326 2164 sunt
1357 2109 1563 2179 magni
1592 2108 1808 2165 ﬂuctus
1847 2114 1903 2165 et
1933 2111 2140 2180 gravia

473 2197 804 2268 naufragia,
837 2203 891 2253 et
916 2199 1090 2254 venio
1130 2198 1206 2254 ad
1235 2213 1444 2253 verum
1477 2203 1532 2254 et
1562 2198 1756 2254 solum
1789 2205 2049 2269 portum,
2077 2199 2138 2255 in

472 2303 593 2361 quo
631 2287 752 2343 vita
789 2291 879 2342 est
910 2287 988 2343 ab
1027 2287 1193 2343 omni
1252 2286 1479 2343 tristitia
1521 2293 1752 2344 remota
1797 2292 1854 2343 et
1891 2294 2134 2345 aeterna.

470 2375 710 2441 Laetare,
753 2377 979 2440 anima,
1031 2392 1168 2450 quae
1218 2377 1387 2432 vadis
1429 2376 1506 2432 ad
1545 2382 1714 2432 tuum
1773 2376 2133 2437 effectorem.

472 2466 726 2522 Ostende
748 2466 965 2533 laetam,
990 2471 1256 2537 tempore
1277 2465 1333 2521 id
1359 2464 1717 2537 postulante,
1745 2466 1979 2522 faciem.
2001 2468 2132 2536 Eos,

471 2555 574 2627 qui
604 2554 711 2610 tibi
751 2560 833 2610 tot
864 2555 1021 2610 bona
1054 2554 1393 2620 conciliant,
1448 2570 1483 2610 o
1542 2554 1821 2624 Longine,
1875 2554 2133 2625 benigne

471 2645 697 2716 excipe.
746 2646 856 2699 Eos
899 2644 998 2715 qui
1044 2659 1155 2699 nos
1199 2644 1275 2699 ad
1319 2659 1553 2700 ccenam
1586 2649 1805 2699 vocant
1843 2644 2128 2716 regalem,

470 2731 633 2790 lauto
664 2738 718 2789 et
754 2732 1077 2804 magniﬁco
1108 2732 1475 2806 accipiamus
1502 2733 1799 2792 convivio.

538 3000 603 3055 V.
647 3003 779 3055 Haac
826 3016 963 3055 cum
1014 3000 1176 3072 apud
1217 3016 1278 3055 se
1336 3000 1572 3056 locutus
1602 3005 1758 3056 esset
1808 3001 2135 3082 Longinus,

467 3104 589 3152 eos,
616 3089 717 3160 qui
744 3088 812 3143 ad
836 3087 1035 3158 ipsum
1057 3094 1370 3152 venerant,
1395 3089 1593 3144 statim
1617 3089 1778 3143 ducit
1803 3089 1863 3144 in
1881 3088 2132 3144 domum

464 3192 657 3239 suam,
690 3181 747 3233 et
784 3192 920 3232 cum
950 3176 1211 3248 hospitio
1240 3176 1523 3249 praeclare
1551 3177 1899 3248 accepisset,
1923 3177 2130 3249 incipit

465 3266 682 3322 deinde
694 3280 903 3335 rogare
917 3271 1051 3338 post
1065 3282 1301 3322 coenam
1319 3282 1427 3322 cur
1446 3265 1759 3333 venissent,
1776 3271 1832 3323 et
1844 3282 2127 3339 quaenam

464 3360 623 3411 esset
668 3360 833 3412 tanta
867 3356 1111 3425 Longini
1137 3355 1465 3427 inquisitio.
1499 3355 1583 3411 Illi
1615 3360 1837 3425 autem,
1866 3372 2004 3412 cum
2039 3372 2129 3412 sa-

466 3452 860 3512 cramentum,
896 3449 1183 3517 tanquam
1217 3444 1461 3517 aliquod
1495 3445 1708 3516 pignus
1748 3445 1825 3501 ab
1856 3461 1928 3501 eo
1962 3460 2125 3500 acce-

462 3530 711 3602 pissent,
741 3547 863 3587 non
894 3547 1028 3587 esse
1068 3531 1531 3603 publicaturum,
1572 3548 1709 3605 quas
1749 3533 1799 3587 ei
1837 3532 2119 3597 dicerent,

461 3636 656 3693 neque
683 3627 974 3678 secretum
998 3638 1124 3677 esse
1154 3628 1517 3694 aperturum,
1547 3622 1753 3678 dicunt
1781 3639 1916 3695 quae
1940 3622 2121 3679 Pilato

462 3710 680 3781 scripta
716 3710 948 3767 fuerant
990 3728 1025 3768 a
1062 3712 1306 3780 Caesare,
1354 3717 1410 3767 et
1458 3711 1622 3783 quod
1671 3712 1990 3777 venissent,
2060 3716 2123 3768 ut

464 3799 708 3869 Longini
739 3815 875 3855 cum
898 3799 1136 3855 duobus
1168 3800 1456 3856 militibus
1487 3800 1684 3872 capita
1714 3804 2115 3871 amputarent.

461 3888 605 3945 Cum
636 3893 834 3945 autem
856 3889 1143 3954 scivisset,
1168 3890 1417 3962 quinam
1448 3894 1650 3946 essent
1670 3905 1805 3944 cum
1835 3885 1967 3960 ipso
1995 3905 2119 3945 mo-

460 3977 646 4044 rituri,
690 3978 767 4034 illi
808 3979 1027 4035 scilicet
1054 3980 1158 4051 qui
1205 3978 1466 4035 Judaicaa
1513 3977 1769 4033 mercedi
1820 3977 2119 4033 Christum

459 4074 927 4139 prmposuerant,
960 4068 1437 4140 signiﬁcaviteis,
1462 4068 1563 4139 qui
1586 4082 1708 4123 non
1748 4066 1849 4122 diu
1876 4070 2013 4123 ante
2038 4066 2117 4122 ab

461 4172 532 4211 eo
561 4157 975 4227 discesserant,
1008 4162 1071 4212 ut
1097 4157 1423 4229 primorum
1452 4156 1751 4213 bonorum
1774 4161 1971 4212 essent
2000 4156 2116 4214 sibi

461 4244 625 4301 socii.
660 4248 929 4318 Cumque
964 4246 1144 4301 semel
1181 4251 1355 4317 atque
1389 4246 1602 4302 iterum
1648 4261 1770 4312 eos,
1812 4245 1915 4319 qui
1956 4244 2120 4301 missi

460 4334 690 4391 fuerant
736 4352 771 4391 a
819 4335 1019 4406 Pilato,
1074 4335 1338 4408 hospitio
1392 4334 1708 4405 magniﬁce
1760 4332 2115 4405 accepisset,

458 4425 741 4497 postridie
782 4442 883 4481 eos
919 4426 1147 4481 ducens
1189 4426 1247 4481 in
1293 4441 1527 4495 agrum,
1561 4423 1951 4496 exspectabat
1987 4439 2113 4489 eos,

458 4529 612 4586 quos
637 4516 1047 4571 accersiverat.
1080 4516 1227 4570 Cum
1260 4519 1460 4570 autem
1499 4514 1824 4585 accepisset
1853 4528 1957 4568 eos
1986 4513 2115 4582 jam

459 4605 962 4678 apprOpinquare,
998 4604 1194 4661 statim
1226 4605 1543 4659 annuntiat
1567 4604 1637 4658 iis
1669 4603 1773 4675 qui
1802 4602 1969 4658 missi
1992 4602 2115 4659 fue-

458 4698 595 4749 rant
623 4710 659 4750 a
689 4694 871 4750 Pilato
899 4710 911 4749 :
942 4696 1063 4767 Ego
1098 4710 1254 4757 sum,
1290 4693 1393 4766 qui
1419 4709 1455 4748 a
1480 4692 1650 4748 vobis
1681 4707 1936 4765 quaeror,
1967 4692 2115 4748 Lon-

460 4781 661 4852 ginus.
694 4782 777 4839 llli
803 4789 1003 4840 autem
1042 4782 1306 4856 primum
1336 4782 1582 4854 quidem
1613 4797 1733 4837 non
1765 4780 2109 4837 credebant.

460 4871 772 4937 Quomodo
812 4871 971 4928 enim
1010 4872 1445 4927 existimassent
1473 4886 1611 4926 eum
1652 4885 1804 4935 esse,
1845 4870 1950 4942 qui
1989 4874 2114 4927 erat

459 4977 767 5033 passurus,
795 4978 932 5017 cum
960 4977 1099 5017 eum
1125 4960 1389 5016 viderent
1411 4964 1533 5016 tam
1554 4959 1755 5015 laetum
1784 4959 1859 5015 ad
1885 4959 2112 5032 pericu-

454 5049 582 5107 lum
611 5052 639 5107 ?
668 5051 991 5123 Postquam
1023 5054 1224 5107 autem
1256 5054 1409 5105 recte
1440 5049 1741 5106 sciverunt
1780 5048 1947 5103 illum
1979 5063 2111 5104 esse

455 5145 510 5196 et
536 5140 699 5197 nulla
727 5140 809 5197 eis
839 5140 949 5195 fuit
977 5139 1175 5196 relicta
1203 5138 1514 5203 dubitatio,
1546 5154 1703 5208 aegre
1730 5136 2017 5204 ferebant,
2054 5142 2112 5193 et

455 5246 490 5285 a
516 5229 879 5286 conscientia
910 5229 1125 5285 multas
1153 5227 1361 5300 plagas
1393 5227 1783 5299 accipiebant,
1810 5225 1957 5298 quid
1987 5240 2109 5281 non

453 5319 700 5392 quidem
730 5318 1012 5385 dicentes,
1043 5316 1191 5390 quid
1236 5332 1358 5372 non
1398 5322 1600 5373 autem
1638 5314 1936 5380 facientes,
1970 5330 2110 5370 cum

457 5413 615 5466 esset
655 5408 854 5465 adhuc
898 5422 1106 5464 recens
1148 5405 1476 5463 recordatio
1516 5411 1578 5461 ut
1612 5404 1717 5477 qui
1769 5418 1879 5476 pro
1932 5403 2111 5461 bonis

1537 5585 1557 5618 ⁸
1589 5587 1712 5638 Act.
1750 5598 1843 5648 vn,
1880 5581 1968 5637 58.

526 5592 549 5627 ³
579 5592 687 5647 lsa.
720 5604 789 5659 ιι,
825 5589 875 5641 1.
990 5590 1008 5621 ³
1044 5590 1210 5642 Rom.
1244 5602 1302 5649 x,
1342 5585 1421 5639 l5.

2244 1841 2503 1891 ἓπινικίων
2548 1844 2638 1891 καὶ
2695 1847 2985 1911 περιφανῶν
3027 1847 3125 1890 τῶν
3172 1844 3432 1912 τροπαίων
3482 1837 3683 1899 ἣδιστα
3726 1840 3845 1895 επι-

2244 1926 2498 2000 ϐήσομαι·
2557 1936 2647 1980 νῦν
2700 1926 3003 2001 ἀποδύομαι
3058 1931 3146 1980 τὸν
3197 1927 3411 1986 πήλινον
3466 1937 3695 2001 χιτῶνα,
3756 1936 3848 1983 καὶ

2245 2020 2360 2078 τοὺς
2411 2017 2857 2078 πολυστενάκτους
2909 2025 3002 2079 τῆς
3059 2020 3252 2091 σαρκὸς
3330 2014 3561 2090 δεσμοὺς
3610 2017 3849 2073 ἀποτίθε-

2246 2123 2361 2179 μαι·
2410 2105 2801 2179 ἀπαλλάττομαι
2857 2115 2948 2168 τῆς
3002 2108 3215 2181 φθορᾶς,
3267 2111 3357 2160 καὶ
3405 2112 3499 2165 τὴν
3552 2107 3846 2182 ἀφθαρσίαν

2245 2200 2446 2271 χαίρων
2500 2192 2768 2268 ἕνδύομαι·
2826 2195 2987 2268 ἔξειμι
3034 2202 3126 2247 τοῦ
3196 2200 3522 2271 προσκαίρου
3573 2195 3699 2270 βίου
3758 2203 3849 2251 καὶ

2246 2292 2337 2338 τοῦ
2387 2293 2665 2357 χειμῶνος,
2725 2282 2785 2337 οὗ
2824 2284 3022 2358 μεγάλα
3068 2287 3135 2337 τὰ
3176 2287 3387 2357 κύματα
3413 2291 3500 2337 καὶ
3547 2286 3757 2358 χαλεπά
3786 2291 3852 2340 ιά

2243 2376 2489 2446 ναυάγια,
2538 2380 2628 2427 καὶ
2674 2377 2801 2449 πρὸς
2839 2378 2925 2426 τόν
2965 2373 3131 2433 ἀληθῆ
3184 2380 3273 2427 καὶ
3330 2378 3482 2446 μόνον
3532 2375 3849 2449 ἀφικνοῦμαι

2242 2460 2439 2534 λιμένα,
2495 2462 2542 2514 ἓν
2702 2463 2809 2524 ζωὴ
2866 2463 3065 2525 ἄλυπος
3114 2468 3204 2515 καὶ
3262 2463 3488 2531 αἰώνιος,
3551 2465 3846 2538 Εὐφραίνου

2241 2555 2371 2623 πρός
2417 2556 2502 2604 τὸν
2564 2556 2653 2605 σὸν
2709 2552 3065 2626 ἀπερχομένη,
3119 2552 3299 2626 ψυχὴ,
3355 2559 3604 2612 Ποιητήν·
3675 2552 3844 2617 δεῖξον

2242 2638 2485 2716 φαιδρὸν,
2533 2650 2725 2715 καιροῦ
2753 2641 3051 2706 καλοῦντος,
3093 2645 3151 2694 τὸ
3204 2647 3502 2714 πρόσωπον*
3549 2647 3670 2704 τοὺς
3712 2663 3845 2717 προ-

2242 2729 2415 2793 ξένους
2442 2750 2527 2784 σοι
2555 2740 2655 2783 τῶν
2681 2734 2943 2785 τοσούτων
2975 2730 3206 2803 ἀγαθῶν.
3239 2736 3481 2803 Λογγῖνε,
3530 2731 3842 2807 φιλοφρόνως

2241 2817 2513 2884 ὑπόδεξαι·
2574 2825 2695 2883 τοὺς
2752 2820 2834 2873 ἐπὶ
2882 2825 2938 2873 τό
3013 2818 3217 2874 δεῖπνον
3266 2823 3404 2894 ἡμᾶς
3455 2821 3738 2883 καλοῦντας
3784 2823 3843 2874 τὸ

2245 2906 2521 2979 βασιλικὸν
2547 2910 2836 2970 πολυτελῶς
2858 2909 3204 2982 ἐστιάσωμαι.

2312 2998 2387 3051 Ε’.
2445 3005 2623 3050 Ταῦτα
2677 3001 2807 3069 πρὸς
2864 2998 3045 3049 ἑαυτὸν
3118 3000 3145 3049 ὁ
3216 3004 3467 3069 Λογγῖνος
3529 2995 3843 3070 διαλεχθεὶς,

2245 3092 2360 3146 τοῦς
2412 3086 2489 3138 ἐπ’
2538 3086 2691 3138 αὐτόν
2745 3086 2983 3146 ἐλθόντας
3036 3086 3108 3147 εἰς
3161 3088 3248 3137 τόν
3295 3082 3435 3137 ἴδιον
3489 3086 3638 3146 εὐθὺς
3705 3083 3846 3138 οἷκον

2242 3176 2358 3245 οἴγει
2404 3179 2493 3227 καὶ
2539 3175 2740 3238 ξενίσας
2792 3174 3059 3246 λαμπρῶς,
3142 3174 3253 3227 εἶτα
3305 3179 3395 3227 καὶ
3455 3173 3646 3249 ἐρωτᾷν
3716 3176 3849 3247 μετά

2240 3266 2298 3315 τό
2342 3260 2545 3315 δεῖπνον
2594 3264 2837 3335 ἄρχεται.
2894 3259 2965 3333 ἐφ’
2992 3262 3031 3331 ᾧ
3085 3279 3139 3314 τε
3170 3263 3364 3326 ἥκοιεν,
3405 3266 3495 3314 καὶ
3540 3267 3616 3323 τίς
3653 3264 3685 3320 ἡ
3729 3280 3850 3314 τοσ-

2238 3355 2369 3411 αύτη
2429 3356 2685 3423 Λογγίνου
2731 3355 2969 3414 ζήτησις.
3020 3352 3084 3402 Oi
3130 3347 3209 3417 δε,
3244 3356 3315 3423 μὴ
3373 3352 3434 3403 ἄν
3488 3347 3848 3423 δημοσιεῦσαι

2236 3444 2357 3504 τοὺς
2411 3441 2589 3513 λόγους
2628 3436 2766 3512 μηδε
2814 3442 2901 3491 τόν
2946 3445 3299 3512 κρυπτόμενον
3349 3438 3660 3511 ἔκκαλύψαι,
3693 3442 3845 3513 ὅρκον

2235 3533 2466 3605 καθάπερ
2511 3550 2562 3583 τι
2616 3529 2878 3602 ἐνέχυρον,
2935 3527 3022 3581 ἀπ’
3073 3529 3233 3581 αὐτοῦ
3290 3528 3550 3595 λαϐόντες,
3599 3532 3663 3582 τά
3714 3549 3844 3601 γρα-

2234 3625 2387 3693 φέντα
2432 3620 2634 3691 Πιλάτῳ
2678 3622 2820 3693 παρά
2870 3623 3136 3694 Καίσαρος
3179 3618 3415 3690 λέγουσι,
3453 3624 3544 3670 καὶ
3575 3620 3652 3671 ὅτι
3700 3625 3843 3689 Λογ-

2231 3715 2375 3781 γίνου
2446 3712 2653 3780 συνάμα
2729 3713 2820 3760 καὶ
2896 3705 2995 3761 δύο
3056 3717 3389 3782 στρατιωτῶν
3460 3711 3550 3769 τὰς
3619 3708 3840 3780 κεφαλὰς

2232 3797 2455 3871 ἕκτεμεῖν
2506 3798 2885 3857 ἀπηντήκασιν.
2935 3796 3023 3859 Ὠς
3072 3794 3131 3850 δε
3179 3803 3268 3849 καὶ
3311 3797 3454 3849 οὗτοι
3485 3802 3618 3859 τίνες
3647 3798 3742 3850 εἶεν
3788 3799 3838 3849 οἱ

2231 3887 2341 3959 ἅμα
2396 3887 2535 3959 αὐτῷ
2592 3885 2864 3939 ἀποθανεῖν
2920 3886 3186 3958 μέλλοντες
3249 3885 3546 3959 ἐμάνθανον,
3633 3887 3682 3938 οἱ
3746 3893 3837 3946 τῆς

2230 3973 2551 4043 Ἰουδαϊκῆς,
2630 3981 2783 4049 φημὶ,
2868 3978 3182 4049 μισθαρνίας
3270 3980 3681 4050 προτιμήσαντες
3748 3978 3838 4027 τὸν

2233 4070 2481 4141 Χριστὸν,
2528 4068 2765 4137 τάχιστα
2816 4064 2939 4136 παρ’
2987 4064 3142 4116 αὐτὸν
3174 4063 3315 4121 ἣκειν
3358 4067 3475 4125 τοὺς
3524 4060 3722 4135 ἄνδρας
3750 4083 3835 4135 μι-

2230 4163 2336 4229 κρῷ
2367 4159 2466 4228 πρὸ
2519 4156 2706 4207 τούτου
2748 4150 3070 4214 διαστάντας
3124 4148 3333 4210 ἐδήλου·
3380 4152 3515 4203 ὥστε
3554 4159 3654 4202 τῶν
3702 4156 3836 4224 πρῶ-

2229 4264 2328 4297 των
2383 4243 2592 4315 ἀγαθῶν
2641 4242 2782 4313 αῦτῷ
2859 4249 3191 4299 κοινωνῆσαι·
3253 4241 3387 4293 οὕτω
3436 4258 3489 4291 τε
3544 4244 3670 4311 μίαν
3746 4246 3837 4293 καὶ

2230 4328 2475 4408 δευτέραν
2526 4334 2723 4407 ἡμέραν
2768 4334 2884 4391 τοὺς
2934 4332 3033 4381 ὑπὸ
3094 4329 3318 4382 Πιλάτου
3375 4328 3654 4389 σταλέντας
3697 4328 3839 4400 φιλο-

2227 4427 2389 4495 τίμως
2442 4421 2665 4485 ξενίσας,
2711 4418 3021 4493 παραλαϐών
3075 4418 3263 4477 αὐτοὺς
3310 4416 3381 4478 εἰς
3424 4421 3516 4475 τὴν
3561 4419 3742 4491 αὔριον
3787 4417 3836 4470 ἐν

2227 4512 2392 4584 ἀγρῷ,
2438 4510 2667 4581 ἀνέμενεν
2739 4509 2824 4569 οῦς
2876 4506 3255 4581 μετεστείλατο,
3323 4505 3538 4578 ἐγγίσαι
3588 4504 3648 4559 δε
3724 4504 3832 4566 ἢδη

2226 4603 2437 4661 τούτους
2466 4602 2664 4672 μαθὼν,
2715 4598 2885 4659 εὐθύς·
2932 4598 3061 4668 Ἐγὼ
3118 4597 3239 4667 ὑμῖν
3288 4596 3314 4646 ό
3368 4597 3684 4668 ζητούμενος
3728 4598 3836 4670 εἰμι

2226 4696 2500 4763 Λογγῖνος,
2548 4687 2854 4760 ἀπαγγέλλει
2908 4693 3018 4747 τοῖς
3073 4692 3164 4737 τοῦ
3216 4684 3464 4737 Πιλάτου.
3500 4688 3566 4738 Oi
3598 4682 3657 4739 δι
3700 4690 3834 4759 πρό-

2226 4799 2367 4853 τερον
2423 4782 2512 4850 μὶν
2564 4774 2897 4836 διηπίστουν·
2972 4782 3079 4835 πῶς
3160 4776 3263 4847 γὰρ
3343 4774 3597 4828 ῦπίλαϐον
3675 4774 3831 4825 αὐτόν

2224 4868 2353 4922 εἶναι
2403 4872 2487 4921 τὸν
2542 4867 2796 4939 μέλλοντα
2837 4866 3038 4929 παθεῖν,
3081 4863 3246 4925 οὕτως
3296 4863 3449 4917 αὐτὸν
3490 4866 3703 4937 ὁρῶντες
3740 4880 3830 4915 πε-

2219 4967 2421 5034 ριχαρῆ
2477 4959 2606 5030 πρὸς
2662 4959 2745 5008 τὸν
2801 4951 3075 5021 κίνδυνονς
3123 4952 3207 5014 Ὠς
3268 4950 3327 5007 δι
3379 4953 3535 5005 αὐτὸν
3608 4950 3831 5023 ἀκριϐῶς

2222 5046 2500 5120 ἱμάνθανον
2555 5044 2682 5098 εἶναι
2744 5048 2834 5096 καὶ
2882 5039 3033 5095 οὐδὲν
3075 5042 3358 5115 ἀμφίϐολον
3412 5040 3583 5100 αὐτοῖς
3635 5039 3833 5093 ὑπελεί-

2223 5139 2347 5210 φθη,
2414 5134 2616 5208 βαρέως
2672 5136 2847 5208 ἰφερον
2898 5130 2988 5184 καὶ
3045 5132 3231 5192 πολλὰς
3283 5127 3529 5201 ἕδέχοντο
3577 5130 3667 5189 τὰς
3725 5128 3832 5184 ἀπό

2220 5233 2309 5278 τοῦ
2370 5220 2664 5284 συνειδότος
2706 5222 2930 5294 πληγάς
2979 5225 3028 5274 τί
3058 5224 3148 5294 μὲν
3197 5223 3255 5273 οῦ
3284 5218 3535 5290 λέγοντες,
3586 5222 3638 5269 τί
3666 5214 3726 5271 δε
3773 5222 3833 5271 οὗ

2221 5316 2551 5388 πράττοντες,
2611 5314 2801 5385 θερμῆς
2852 5313 3017 5372 οῦσης
3071 5311 3144 5362 ἔτι
3205 5316 3299 5370 τῆς
3358 5305 3697 5378 ἀναμνήσεως
3733 5303 3829 5361 διὰ

2223 5406 2317 5461 τὴν
2371 5400 2472 5454 ἀπὸ
2522 5410 2620 5454 τῶν
2669 5396 2815 5454 ἔνδον
2875 5400 3205 5472 κατάκρισιν·
3248 5396 3338 5449 ἅτε
3376 5395 3576 5449 πολλῶν
3621 5394 3829 5467 ἀγαθῶν
