4062 6222
182 322 239 379 37
1530 316 1693 375 VITA
1735 319 1795 372 S.
1838 316 2153 373 LONGlNl.
3443 318 3516 375 38

177 448 361 521 πονηρὰν
412 444 650 516 ἀμοιϐὴν
709 450 877 496 ποιεῖν
926 444 1182 516 μέλλοντες
1210 464 1225 515 ;
1276 452 1342 497 Ὦ.
1380 440 1593 496 δείπνου
1622 441 1751 495 δυσ·

1885 446 2063 497 essent
2088 440 2278 497 malas
2308 439 2595 497 reddituri
2622 438 2845 511 gratias
2873 442 2901 495 ‘I
2934 443 2977 496 Ο
3008 440 3323 509 infelicem,
3354 442 3518 499 dice-

174 535 368 607 τνχοῦςῖ
415 534 679 604 λέγοντες,
741 534 781 583 ῶ
812 533 1049 604 χαλεπῆς
1081 534 1241 596 ξενίας
1275 533 1287 587 l
1319 539 1369 585 τί
1403 553 1507 601 σοι,
1567 531 1604 604 ᾧ
1644 531 1753 603 φίλε

183 632 383 695 Λογγῖνε,
404 632 557 675 τοῦτο
606 620 829 685 ἐδόξατο
888 622 1203 696 ἐγχείρημα,
1258 624 1339 675 ἵνα
1381 626 1503 684 τούς
1548 621 1627 673 ἐπὶ
1663 624 1752 672 σὸν

186 722 309 786 γόνον
354 714 576 774 Mona;
614 714 642 764 6
699 718 793 774 σός
844 709 980 773 οἶκος
1032 711 1280 785 ἐδέχετο;
1317 714 1357 763 ῶ
1384 711 1567 772 ἀθλίας
1596 730 1754 763 κατα·

191 804 364 873 γωτῆςί
402 802 438 851 ὡ
488 808 691 873 πικρᾶς
748 800 1030 864 ἑστιάσεως
1092 801 1103 855 ι
1165 804 1377 862 θάνατος
1427 803 1455 859 ἡ
1506 800 1643 863 ξενία
1671 819 1754 851 σοι

194 897 335 962 γίνεται
376 896 463 943 καὶ
525 894 751 943 σεαυτόν
801 889 1061 951 ἑπιθύσεις
1112 899 1176 963 τῇ
1231 890 1489 966 τραπέζῃ,
1556 889 1755 961 λῃστὰς

192 978 445 1051 arcadia);
477 984 608 1041 τοὺς
677 982 778 1032 ύπό
836 989 931 1032 σοῦ
987 981 1307 1043 ξενισθέντας
1356 981 1533 1054 εὑρών.
1589 983 1652 1030 Τί
1695 977 1754 1027 ἂν

177 1079 297 1120 mrsu
348 1070 525 1131 οὕτως
578 1070 781 1131 ἐλύπεις
841 1073 961 1131 τοὺς
1021 1068 1261 1129 ἐπιθῆναί
1321 1089 1403 1122 σοι
1435 1072 1526 1127 τὴν
1556 1071 1755 1139 σφαγὴν

1422 1167 1516 1218 τῆς
1591 1158 1757 1220 ξενίας

164 1247 305 1298 λαϐὼν
342 1255 439 1300 τοῦ
498 1250 718 1299 θανάτου
772 1252 864 1304 τήν
931 1249 1114 1319 ἄφεσιν
1189 1249 1247 1301 ού
1320 1252 1598 1322 στέργομεν
1650 1246 1757 1299 ἐπι-

166 1160 448 1227 μέλλοντας;
514 1159 700 1210 Ἀπιθι
762 1166 1059 1233 τοιγαροῦν,
1130 1161 1320 1232 μισθόν

164 1340 305 1388 θεῖναί
334 1356 421 1388 σοι
474 1341 529 1388 τό
577 1336 746 1407 ξίφος,
808 1344 968 1410 χεῖρα
1022 1342 1290 1409 μιαιφόνον
1345 1337 1626 1409 ἐπενεγκεῖν
1692 1343 1751 1408 τῇ

164 1432 216 1495 σῇ
266 1421 411 1495 δεξιᾷ
441 1422 760 1497 δεδοίκαμεν
817 1443 825 1453 ·
879 1422 1169 1498 αἰδούμεθα
1207 1431 1323 1487 τοὺς
1363 1430 1563 1488 κοινοὺς
1607 1425 1753 1486 οἶλας·

162 1514 461 1587 ἐρυθριῶμεν
526 1520 623 1572 τὴν
699 1516 980 1588 τράπεζαν,
1050 1520 1135 1567 τόν
1195 1526 1290 1578 τῆς
1355 1516 1518 1578 ξενίας
1578 1518 1758 1587 ἔφορον

162 1603 511 1674 αἰσχυνόμεθα
543 1620 557 1633 ⁸
598 1611 770 1676 ναρκᾴ
796 1608 922 1678 πρός
969 1608 1053 1657 τὸν
1111 1610 1259 1677 φόνον
1293 1606 1322 1663 ἡ
1374 1610 1495 1677 χείρ
1530 1619 1544 1634 ⁶
1588 1606 1613 1655 ό
1642 1610 1759 1665 νοῦς

160 1692 281 1743 ὀκνεῖ
302 1701 393 1744 τοῦ
442 1694 713 1764 εὐεργέτου
774 1696 860 1744 τόν
904 1696 1119 1746 θάνατον
1174 1712 1187 1723 ·
1244 1695 1382 1768 ῥᾴων
1425 1696 1450 1745 6
1494 1695 1636 1768 παρὰ
1665 1700 1759 1745 Πι-

1863 533 2028 595 bant,
2053 546 2286 587 omnem
2319 546 2354 586 ο
2387 545 2565 599 grave
2592 530 2908 602 hospitium
2934 530 2945 585 l
2968 532 3244 597 Curnam,
3266 548 3301 587 ο
3340 533 3517 589 cbare

1862 620 2146 691 Longine,
2169 620 2283 676 hoc
2301 619 2398 675 tibi
2424 624 2686 691 emptum
2714 620 2872 675 venit
2898 618 2959 674 in
2989 624 3269 690 mentem,
3304 624 3371 675 ut
3390 637 3513 689 eos,

1862 709 1965 780 qui
2000 714 2285 765 venerant
2310 708 2387 765 ad
2420 708 2501 763 tui
2532 708 2777 775 caedem,
2800 707 3019 764 domus
3053 714 3153 764 tua
3175 710 3515 781 acciperet?

1865 799 1907 853 Ο
1935 798 2219 854 miserum
2257 797 2691 862 habitaculum,
2722 813 2757 853 o
2789 798 3075 853 acerbum
3125 797 3470 853 convivium
3503 798 3515 853 ι

1864 890 2010 944 Mors
2044 887 2147 943 libi
2190 888 2385 944 evadit
2412 887 2756 959 hospitium,
2791 892 2845 942 et
2871 888 3126 958 teipsum
3162 903 3386 943 mensae
3418 902 3522 960 ap-

1866 992 2073 1048 pones,
2107 992 2209 1032 eos
2249 982 2456 1049 praeter
2493 976 2838 1047 Opinionem
2883 976 3192 1031 inveniens
3236 976 3511 1042 latrones,

1866 1066 1964 1138 qui
2000 1067 2259 1139 hospitio
2289 1083 2324 1122 a
2354 1071 2408 1122 te
2439 1067 2679 1122 fuerunt
2720 1066 2967 1138 accepti.
2994 1066 3144 1131 Quid
3178 1066 3401 1121 faciens
3433 1065 3519 1121 sic

1868 1156 2138 1212 molestia
2153 1155 2405 1212 effecisti
2424 1171 2549 1224 eos,
2564 1155 2667 1228 qui
2686 1160 2738 1210 te
2756 1160 2893 1210 sunt
2909 1154 3208 1213 occisuri?
3233 1155 3337 1210 Abi
3353 1172 3512 1225 ergo,

1865 1250 2105 1317 accepta
2125 1246 2394 1300 mercede
2413 1244 2670 1317 hospitii,
2690 1259 2904 1314 nempe
2920 1245 3125 1299 mortis
3146 1245 3516 1299 remissione.

1869 1338 1993 1391 Non
2011 1336 2374 1390 sustinemus
2403 1349 2606 1389 ensem
2630 1332 2736 1387 tibi
2760 1332 2972 1387 inferre
2998 1356 3008 1387 :
3034 1334 3251 1388 caedem
3275 1332 3521 1388 molien-

1867 1429 1986 1480 tem
2005 1439 2255 1479 manum
2276 1428 2375 1478 tuo
2392 1422 2569 1493 capiti
2584 1421 2789 1477 aﬂerre
2809 1421 3227 1487 formidamus,
3251 1439 3447 1479 comm
3462 1439 3521 1475 u-

1870 1529 2005 1568 nem
2029 1512 2213 1568 salem
2234 1527 2574 1567 reveremur
2607 1532 2618 1563 :
2655 1527 2764 1566 nos
2785 1510 3014 1582 pudore
3050 1510 3233 1566 afﬁcit
3269 1527 3478 1566 mensa
3506 1527 3519 1566 :

1869 1602 1945 1658 ad
1978 1602 2204 1657 caedem
2238 1604 2426 1671 torpet
2458 1616 2671 1656 manus
2704 1617 2717 1655 :
2753 1600 3033 1655 abhorret
3063 1601 3299 1655 animus
3332 1606 3521 1656 morte

1870 1691 2106 1746 afﬁcere
2126 1690 2580 1747 benefaciorem.
2613 1689 2862 1744 Facilius
2884 1695 2973 1744 est
2993 1690 3340 1761 periculum,
3356 1690 3520 1762 quod

159 1781 282 1850 λάτῳ
311 1778 552 1839 κίνδυνος
582 1784 709 1852 ἡμῖν
735 1791 835 1833 τῶν
863 1781 917 1834 ἐκ
942 1790 1033 1835 τοῦ
1059 1790 1149 1835 τοῦ
1178 1780 1479 1843 συνειδότος
1509 1782 1719 1853 πληγῶν
1744 1800 1755 1811 ·

1885 1780 2045 1835 nobis
2066 1787 2150 1836 est
2168 1795 2203 1834 a
2226 1778 2403 1835 Pilato
2425 1784 2723 1850 paratum,
2746 1794 2932 1850 quam
2952 1778 3195 1834 vulnera
3211 1779 3520 1834 conscien-

170 1873 326 1921 πάντα
390 1873 570 1922 παθεῖν
623 1870 777 1943 ἔσμεν
835 1872 1033 1945 ἕτοιμοι
1119 1874 1148 1931 ἣ
1222 1877 1460 1945 Λογγίνῳ
1523 1874 1763 1932 τοιαύτας

175 1956 477 2010 απτιδοῦναι
500 1962 582 2021 τός
603 1962 853 2033 χάριτας.

252 2048 340 2129 ς”.
375 2047 526 2100 Οὕτω
550 2055 721 2100 τοίνυν
752 2052 801 2101 οἱ
858 2058 1172 2125 στρατιῶται
1222 2054 1353 2125 πρὸς
1398 2054 1486 2103 τὸν
1511 2058 1601 2103 τοῦ
1633 2058 1766 2123 Χρι-

170 2146 286 2187 στοῦ
308 2140 557 2211 μάρτυρα
596 2142 689 2190 καὶ
736 2138 850 2189 λίαν
898 2141 1195 2207 περιπαθῶς
1238 2140 1426 2211 ἔλεγον.
1474 2138 1609 2193 Ἀλλ’
1641 2139 1767 2210 οὐχὶ

162 2232 240 2276 xui
278 2234 539 2297 Λογγῖνον
608 2223 868 2284 ἠδύναντο
914 2230 1126 2295 πείθειν,
1204 2227 1331 2281 ἀλλὰ
1394 2231 1525 2304 πρὸς
1587 2228 1768 2289 αύτούς

164 2320 380 2383 γενναίως
442 2317 471 2367 ὁ
539 2324 770 2383 γενναῖος
804 2315 1006 2378 ἀληθῶς
1073 2315 1407 2391 ἀποκρίνεται
1473 2360 1486 2375 .
1550 2321 1614 2370 Τί
1679 2337 1768 2389 μοι

164 2406 368 2472 φθονεῖτε
420 2406 690 2476 μεγάλων,
752 2406 979 2477 ἀγαθῶν,
1047 2407 1115 2458 ὧν
1199 2412 1288 2459 xui
1373 2410 1583 2470 ἄκοντες
1644 2410 1768 2479 ἡμῖν

161 2490 445 2545 ὁοτιδοῦναι
479 2493 689 2563 μέλλετε
714 2511 730 2558 ;
781 2500 833 2546 τί
871 2514 969 2566 μου
1010 2499 1096 2547 τὸν
1154 2498 1370 2548 θάνατον
1420 2496 1555 2549 οὕτω
1608 2497 1767 2549 πολυο

157 2585 315 2641 παῦῶς
339 2581 695 2633 ἀνακλαίεσθε
725 2602 736 2640 ;
798 2584 879 2633 ἱνα
910 2588 960 2635 τί
1029 2591 1313 2656 κατηφιᾶτε
1357 2594 1429 2655 τῷ
1482 2587 1633 2637 πάθει
1664 2602 1675 2640 :
1711 2586 1767 2637 ού

160 2672 362 2733 θάνατος
431 2670 553 2741 ἐμοὶ
583 2675 644 2722 τὸ
673 2675 859 2745 παρόν,
894 2672 1020 2724 ἀλλὰ
1061 2677 1193 2736 ζωῆς
1248 2673 1466 2749 ἀπαρχή
1507 2696 1517 2706 ·
1548 2673 1661 2746 ἐμοὶ
1700 2683 1769 2745 τῷ

157 2764 255 2811 ἐδτι
284 2764 506 2821 θάνατος
535 2760 727 2831 μᾶλλον
758 2765 786 2819 ἠ
834 2760 1053 2815 ἐνταῦθα
1109 2760 1368 2835 διαγωγὴ,
1425 2766 1505 2815 ὅτι
1564 2768 1633 2835 μὴ
1698 2773 1770 2834 τῷ

158 2847 264 2917 ἐμῷ
316 2854 545 2919 Auum-1::
596 2853 956 2923 παρίσταμαι,
1003 2856 1093 2902 xui
1146 2860 1240 2913 τῆς
1294 2851 1482 2903 ἐκεῖθεν
1531 2850 1771 2903 ἀπολαύω

163 2942 543 3007 μακαριότητος
572 2957 586 2970 ο
654 2942 713 2990 τὸ
763 2940 901 3000 τέλος
946 2948 1043 2991 τῶν
1099 2949 1269 2991 κακῶν
1320 2941 1447 3012 οὐχὶ
1490 2946 1578 2993 xui
1634 2941 1773 3001 τέλος

160 3033 251 3085 τῆς
308 3026 446 3087 ζωῆς
491 3027 805 3100 προξενήσει
857 3048 966 3100 μοι,
1014 3027 1141 3081 ἀλλὰ
1190 3033 1320 3102 πρὸς
1380 3034 1473 3087 τὴν
1525 3029 1773 3088 ἀληθινὴν

1874 1871 1985 1926 tiae.
2009 1870 2214 1925 Parata
2228 1884 2434 1923 sumus
2448 1868 2651 1923 omnia
2674 1867 2795 1938 pati
2812 1866 3035 1940 potius,
3055 1883 3240 1939 quam
3257 1867 3523 1939 Longino

1876 1959 2017 2014 tales
2047 1957 2264 2013 referre
2293 1958 2534 2026 gratias.

1947 2048 2031 2101 VI.
2069 2047 2158 2104 Sic
2186 2046 2431 2119 quidem
2475 2045 2687 2102 milites
2716 2044 2998 2101 dicebant
3028 2044 3242 2102 Christi
3280 2044 3527 2117 martyri

1874 2138 2048 2193 valde
2070 2135 2504 2192 miserabiliter.
2522 2135 2809 2191 Caeterum
2828 2150 2947 2189 non
2969 2140 3240 2205 poterant
3255 2135 3525 2205 Longino

1877 2227 2286 2299 persuadere:
2330 2224 2434 2279 sed
2483 2223 2565 2280 eis
2609 2223 2834 2279 fortiter
2879 2222 3201 2295 respondet
3250 2221 3341 2277 vir
3390 2237 3529 2278 vere

1878 2330 2205 2387 generosus
2228 2328 2239 2368 :
2261 2317 2375 2369 Cur
2398 2328 2623 2383 magna
2649 2313 2788 2367 mihi
2810 2311 3288 2375 bonainvidetis,
3307 2310 3531 2384 quibus

1878 2422 1978 2460 vos
2005 2404 2164 2459 inviti
2201 2420 2292 2459 me
2324 2404 2461 2459 estis
2490 2402 2924 2457 remuneraturi
2954 2400 2982 2456 7
3013 2401 3128 2456 Cur
3148 2416 3348 2457 meam
3377 2416 3530 2457 mor-

1881 2500 1993 2549 tem
2044 2492 2273 2549 deﬂetis
2323 2498 2442 2548 tam
2492 2490 2907 2547 miserabiliter
2937 2490 2965 2546 ?
2995 2493 3110 2546 Cur
3159 2490 3354 2546 tristes
3391 2489 3531 2545 estis

1879 2589 2120 2655 propter
2154 2598 2353 2638 meam
2398 2580 3046 2653 perpessionem7Non
3096 2585 3184 2636 est
3227 2580 3341 2636 hoc
3387 2578 3534 2635 mihi

1879 2689 2061 2738 mors,
2107 2673 2211 2727 sed
2255 2672 2386 2725 vitae
2444 2670 2739 2741 primitiae.
2778 2669 2909 2725 Mihi
2960 2685 3165 2725 revera
3207 2670 3405 2741 potius
3445 2672 3534 2723 est

1880 2778 2063 2826 mors,
2078 2776 2213 2832 quae
2232 2760 2326 2813 hic
2344 2764 2431 2814 est
2446 2759 2835 2823 conversatio,
2864 2758 3153 2829 quoniam
3181 2773 3301 2813 non
3321 2757 3533 2812 assisto

1884 2866 2015 2905 meo
2049 2848 2321 2911 Domino,
2353 2863 2462 2903 nec
2494 2847 2657 2902 fruor
2687 2862 2776 2911 ea,
2800 2861 2937 2918 quas
2978 2851 3063 2900 est
3112 2845 3247 2914 illic,
3282 2844 3536 2900 beatitu-

1880 2940 2038 2996 dine.
2074 2937 2227 2993 Finis
2260 2936 2440 2991 ﬁnem
2475 2935 2795 3003 malorum,
2828 2950 2949 2990 non
2982 2934 3161 2990 etiam
3192 2934 3373 2991 ﬁnem
3406 2934 3535 2989 vitae

1883 3027 2027 3083 mihi
2054 3025 2428 3082 conciliabit:
2463 3025 2568 3081 sed
2601 3024 2679 3079 ad
2712 3040 2912 3079 veram
2953 3024 3309 3080 transmittet
3357 3023 3539 3079 beati-

158 3111 461 3168 διαϐιϐάσει
522 3113 806 3175 ἁῑδιότητα
903 3123 990 3170 xui
1052 3127 1338 3191 μετασχεῖν
1405 3128 1498 3181 τῆς
1585 3119 1770 3171 ἐκεῖθεν

1885 3117 2169 3180 tudinem,
2194 3120 2249 3170 et
2286 3113 2515 3179 efﬁciet,
2546 3119 2609 3168 ut
2640 3112 2755 3169 sim
2800 3114 3093 3185 particeps
3135 3112 3288 3168 illius
3332 3112 3536 3168 aeterni

152 3208 553 3276 παρασκευάσει
583 3213 947 3279 λαμπρότητος
996 3225 1008 3238 ο
1078 3212 1225 3279 ἔχετε
1276 3214 1370 3267 τὴν
1414 3211 1767 3283 παραμυθίαν,

1107 3296 1263 3368 ἐγγὺς
1305 3300 1371 3350 τὰ
1421 3306 1511 3358 τῆς
1544 3317 1774 3372 παρηγο-

149 3391 259 3455 ρίας
288 3386 443 3455 ὑμῖν,
492 3386 548 3435 ὃν
597 3382 691 3437 διὰ
743 3390 799 3437 τὸ
842 3386 983 3448 τέλος
1040 3388 1288 3459 θρηνεῖτε,
1320 3395 1499 3440 τοῦτον
1546 3390 1676 3459 μετὰ
1716 3390 1773 3439 τό

150 3476 288 3533 nlo;
311 3470 532 3530 ἣδιστα
561 3479 877 3545 μακαρίσετε
944 3490 957 3502 ·

155 3292 372 3366 ὧοίλοι,
423 3297 553 3367 παρ’
608 3296 809 3359 ἑαυτοῖς
860 3300 1006 3368 ἔχετε
1043 3313 1055 3325 ⁸

1023 3474 1212 3550 ἀρκοῦν
1265 3473 1323 3529 δε
1368 3484 1522 3529 τοῦτο
1574 3478 1776 3537 πάντως

148 3566 274 3634 πρὸς
328 3562 596 3633 εὐθυμίαν
647 3563 946 3635 μεταϐαλεῖν
992 3568 1048 3616 τὸ
1089 3569 1175 3617 τόν
1229 3566 1369 3638 φίλον
1415 3562 1605 3618 εἰδέναι
1658 3564 1777 3618 πολ-

146 3653 243 3702 λῶν
306 3650 536 3722 ἀγαθῶν
585 3653 826 3723 μῦλοντα
881 3662 1156 3719 κοινωνεῖν,
1228 3658 1400 3729 ὥσπερ
1462 3657 1777 3727 φθονούντων

141 3741 344 3810 μᾶλλον
405 3742 437 3800 ἡ
510 3747 596 3792 xui
683 3746 976 3813 μισούντων
1038 3747 1095 3796 τὸ
1165 3741 1408 3796 σπεύδειν
1476 3744 1777 3817 ἀποστερεῖν

146 3832 313 3883 αὶτόν
396 3840 496 3891 τῆς
536 3831 918 3907 λαμπρότητος.
973 3836 1051 3891 Μὴ
1099 3831 1186 3885 οὖν
1262 3831 1515 3907 ὀδύρεσθε
1566 3838 1652 3887 τὸν
1702 3834 1779 3886 ἐκ-

141 3920 432 3983 λείποντα,
487 3920 591 3971 ἀλλ’
638 3922 1001 3994 εὐχαριστεῖτε
1044 3932 1116 3992 τῷ
1174 3920 1442 3995 δεχομένῳ
1498 3941 1510 3954 ⁸
1565 3924 1658 3976 ούκ
1720 3922 1778 3975 ἂν

146 4011 485 4079 ζημιώσετε
515 4029 572 4079 με
619 4016 711 4069 τὴν
763 4009 921 4074 δοξαν
982 4011 1195 4077 ἐκείνην,
1230 4013 1291 4071 ἣν
1332 4009 1472 4065 εἶδον
1518 4012 1616 4084 ἐγὼ
1642 4033 1780 4065 στοι-

140 4107 281 4169 χεὶα
335 4096 663 4151 σαλεύουσαν
720 4114 738 4132 ⁸
792 4104 887 4152 οὐκ
940 4100 999 4152 ἆν
1054 4101 1329 4174 ἀρνηθείην
1371 4102 1424 4153 ὃν
1480 4102 1620 4165 ἅπαξ
1648 4109 1780 4155 Θεοῦ

142 4190 267 4239 Υἰὸν
326 4187 657 4258 ὡμολόγησα
709 4206 722 4219 ·
777 4186 997 4243 δέδοικα
1055 4196 1125 4261 μη
1178 4196 1471 4264 κατήγορον
1525 4192 1656 4265 εύρω
1688 4196 1779 4249 τὴν

142 4287 360 4341 κτῆσιν,
428 4281 649 4339 οῐπιστος
697 4285 813 4351 περὶ
864 4287 1041 4331 τοῦτον
1097 4285 1262 4351 φανείς

144 4374 229 4417 xui
283 4370 312 4419 6
378 4368 602 4439 οὐρανός

1322 4300 1334 4312 ·
1381 4280 1441 4333 οὗ
1502 4288 1573 4352 τῷ
1628 4283 1782 4333 πάθει

680 4371 1050 4441 ἑπεστύγνασε,
1105 4374 1195 4421 xui
1248 4372 1340 4431 τὰς
1396 4368 1606 4431 ἀκτῖνας
1663 4390 1780 4422 συν-

150 4456 372 4508 έστειλεν
436 4457 605 4520 ἣλιος,
675 4464 763 4510 xui
838 4463 895 4510 τό
958 4468 1048 4519 τῆς
1112 4462 1307 4533 ἡμέρας
1403 4459 1780 4531 ἐκαινοτομεῖτο

155 4551 364 4613 φέγγος,
400 4552 497 4597 xui
518 4546 592 4607 εἰς
616 4548 778 4599 νύκτα
800 4550 1099 4621 περιπαθῶς
1140 4548 1350 4603 εἵλκετο.

226 4633 302 4683 Ζ’.
348 4634 476 4689 Ἐτι
511 4642 605 4685 τοῦ
665 4641 918 4706 Λογγίνου
972 4642 1138 4689 ταῦτα
1204 4634 1487 4700 διεξιόντος
1545 4643 1784 4700 καὶτοὺς

151 4726 298 4795 παρὰ
358 4724 596 4775 Πιλάτου
646 4728 962 4797 πεμφθέντας
1010 4734 1173 4778 ποιεῖν
1213 4730 1270 4777 τό
1347 4726 1612 4778 κελευσθὲν
1665 4732 1783 4778 πεί-

152 4814 356 4874 Θοντος,
430 4816 479 4865 οἱ
551 4818 1043 4888 συγκατακριθέντες
1132 4816 1272 4885 αύτῷ
1377 4819 1465 4867 τὸν
1569 4817 1784 4868 θάνατον

153 4910 498 4973 στρατιῶται
551 4902 1036 4976 καταλαμϐάνουσιν
1100 4904 1159 4957 Ὀ
1226 4901 1302 4970 δὲ,
1356 4909 1650 4977 γαννυμένῳ
1714 4914 1785 4977 τῷ

152 5009 438 5062 προσωπῳ
492 4996 584 5044 xui
631 4988 837 5067 φαιδρῷ
880 4998 994 5053 τοὺς
1045 4990 1244 5064 ἄνδρας
1294 4989 1439 5061 ἰδὼν,
1506 4991 1679 5056 δεξιάν
1734 5013 1787 5046 τε

154 5081 335 5141 αὐτοῖς
410 5080 672 5153 ἐμϐάλλει,
733 5087 822 5133 xui
890 5082 1157 5157 περϐάλλει
1214 5087 1300 5135 τὸν
1350 5082 1637 5157 τράχηλον,
1698 5089 1787 5136 καὶ

154 5168 489 5242 ἐνθαλμούς,
540 5168 703 5231 ἡδέως
758 5170 908 5244 φιλεῖ,
956 5177 1043 5223 καί
1095 5194 1106 5205 ο
1185 5177 1426 5245 Χαίρετε,
1472 5170 1511 5223 ὦ
1558 5191 1787 5246 συστρα-

154 5268 337 5311 τιῶται
372 5268 616 5332 Χριστοῦ
672 5266 761 5312 καὶ
813 5261 1122 5335 κληρονόμοι
1172 5269 1264 5322 τῆς
1299 5260 1595 5334 βασιλείας,
1632 5267 1782 5333 φησὶ,

160 5354 415 5412 Αιίοετε·
446 5346 553 5407 ἤδη
580 5353 681 5424 γὰρ
724 5352 753 5407 ἠ
801 5348 849 5401 ἐν
910 5350 1144 5422 οὐρανοῖς
1195 5349 1330 5408 πύλη
1393 5349 1663 5421 ἀνέῳκται,
1698 5353 1786 5401 xui

162 5436 370 5508 ἑγγελοι
477 5442 566 5499 τὰς
656 5442 908 5511 ἡμετέρας
1006 5439 1251 5512 μέλλουσι
1362 5438 1785 5514 παραλαμϐάνειν

160 5526 344 5597 ᾦνχὲις
418 5533 510 5579 καὶ
540 5536 612 5601 τῷ
657 5534 920 5601 μονογενεῖ
970 5530 1230 5601 προσάγεῖ
1273 5530 1376 5599 Υἰῷ
1427 5545 1438 5558 ’
1514 5524 1631 5581 ἰδοὺ
1698 5532 1787 5580 καὶ

164 5618 241 5675 τὰς
265 5614 562 5692 λαμπάδας
592 5619 717 5693 ὁρῶ,
752 5622 840 5669 καὶ
891 5620 953 5670 τὰ
1006 5616 1227 5692 βραϐεῖά
1278 5636 1370 5690 μοι
1428 5618 1783 5690 ὑποφαίνεται,

1883 3204 2235 3277 splendoris.
2272 3204 2527 3269 Habetis,
2562 3219 2597 3258 o
2629 3204 2825 3268 amici,
2859 3202 3091 3258 habetis
3122 3202 3286 3273 apud
3309 3217 3416 3258 vos
3442 3217 3543 3258 so-

1883 3295 2111 3359 latium,
2154 3309 2340 3366 prope
2398 3298 2485 3348 est
2523 3292 2693 3347 vobis
2748 3290 3096 3347 consolatio.
3132 3292 3326 3361 Quem
3377 3292 3537 3347 enim

1884 3389 2127 3456 propter
2150 3382 2333 3436 ﬁnem
2365 3380 2592 3453 lugetis,
2627 3396 2763 3435 eum
2796 3396 2902 3435 vos
2934 3385 3066 3451 post
3091 3379 3273 3436 finem
3300 3380 3539 3436 beatum

1887 3470 2250 3544 reputabitis.
2284 3472 2715 3527 Suﬂicitautem
2736 3470 2848 3525 hoc
2865 3471 2937 3524 ad
2960 3469 3330 3525 afferendam
3362 3468 3541 3525 animi

1889 3560 2396 3634 tranquillitatem,
2417 3562 2564 3615 scire
2583 3559 2848 3615 amicum
2867 3559 2987 3615 fore
3008 3558 3333 3615 multorum
3358 3560 3546 3615 bono-

1888 3667 2020 3706 rum
2052 3650 2433 3722 participem:
2459 3648 2769 3719 quomodo
2800 3654 2886 3703 est
2908 3648 3265 3711 invidorum,
3292 3648 3380 3704 vel
3405 3648 3545 3704 odio

1888 3739 2084 3811 potius
2114 3738 2466 3793 habentium
2503 3738 2841 3802 hominum,
2876 3737 3109 3793 studere
3143 3755 3278 3793 eum
3312 3738 3543 3810 privare

1890 3828 2227 3901 splendore.
2290 3826 2473 3882 Nolite
2525 3825 2743 3881 deﬂere
2798 3843 2937 3881 eum
2978 3827 3079 3897 qui
3142 3828 3383 3884 deficit:
3438 3826 3545 3881 sed

1890 3919 2107 3988 gratias
2136 3917 2287 3987 agite
2319 3915 2369 3970 ei
2400 3914 2502 3987 qui
2534 3915 2767 3986 accipit.
2801 3918 2927 3970 Non
2960 3916 3103 3969 mihi
3140 3917 3295 3970 illius
3339 3914 3543 3984 glorias

1889 4002 2309 4063 detrimentum
2362 4004 2642 4070 aﬂ‘eratis,
2700 4019 2885 4075 quam
2934 4020 3044 4075 ego
3088 4004 3205 4058 vidi
3250 4004 3544 4060 elementa

1891 4104 2251 4152 moventem.
2282 4095 2408 4151 Non
2440 4092 2782 4163 negaverim
2814 4109 2974 4161 eum,
3006 4109 3187 4166 quem
3229 4094 3327 4148 Dei
3361 4092 3547 4148 semel

1891 4186 2099 4242 Filium
2129 4202 2262 4241 sum
2295 4183 2626 4240 confessus.
2653 4183 2856 4239 Timeo
2887 4200 2961 4238 ne
2989 4189 3244 4239 creatam
3269 4188 3547 4240 naturam

1893 4276 2197 4331 inveniam
2214 4274 2661 4338 accusatricem,
2679 4272 2728 4327 si
2754 4273 2812 4327 in
2835 4288 2970 4327 eum
2992 4288 3321 4344 appaream
3339 4273 3553 4329 inﬁde-

1893 4366 1985 4428 lis,
2010 4370 2253 4436 propter
2275 4364 2445 4432 cujus
2462 4362 2809 4432 passionem
2832 4361 3046 4417 caalum
3071 4378 3315 4433 quoque
3349 4362 3549 4434 ipsum

1894 4458 1986 4508 est
2010 4452 2289 4508 affectum
2323 4451 2570 4515 tristitia,
2605 4454 2661 4504 et
2691 4450 2779 4505 sol
2800 4450 3093 4505 contraxit
3123 4450 3342 4516 radios,
3372 4456 3428 4506 et
3448 4450 3552 4507 lux

1895 4542 2008 4599 diei
2053 4540 2465 4597 miserabiliter
2493 4539 2751 4594 deducta
2782 4539 2889 4595 fuit
2919 4540 2994 4595 ad
3028 4546 3285 4596 noctem.

1968 4632 2078 4686 Vll.
2114 4638 2243 4685 Haec
2268 4629 2465 4684 adhuc
2487 4628 2718 4684 dicente
2749 4628 3035 4699 Longino,
3066 4630 3246 4696 eteis,
3273 4631 3370 4701 qui
3388 4629 3551 4685 missi

1898 4721 2134 4777 fuerunt
2164 4737 2198 4775 a
2228 4719 2405 4774 Pilato
2436 4717 2831 4791 persuadente
2872 4724 2933 4773 ut
2982 4718 3240 4775 facerent
3270 4720 3436 4792 quod
3466 4718 3552 4775 eis

1898 4809 2480 4879 fueratimperatum,
2497 4807 2743 4862 veniunt
2758 4807 2994 4873 milites,
3011 4808 3266 4880 quicum
3281 4825 3346 4864 eo
3362 4811 3553 4865 morte

1897 4898 2166 4954 damnati
2195 4897 2437 4952 fuerant.
2466 4896 2563 4950 llle
2585 4900 2806 4962 autem,
2837 4896 2968 4952 laeto
2983 4901 3038 4952 et
3054 4897 3234 4953 alacri
3269 4897 3435 4954 vultu
3451 4913 3554 4954 eos

1898 4988 2158 5053 intuens,
2191 4986 2568 5041 etdexteram
2591 4985 2671 5041 eis
2698 4985 2901 5058 injicit,
2925 4990 2980 5042 et
3003 4987 3223 5043 collum
3247 4986 3557 5059 amplecti-

1898 5082 2012 5144 tur,
2062 5084 2117 5131 et
2168 5075 2371 5132 oculos
2420 5074 2677 5131 suaviter
2724 5076 3125 5141 deosculatur,
3165 5081 3241 5143 et,
3303 5076 3553 5141 Salvete,

1896 5166 2109 5238 inquit,
2140 5181 2175 5220 o
2216 5163 2423 5219 Christi
2472 5163 2928 5234 commilitones,
2958 5170 3013 5221 et
3043 5165 3313 5220 haeredes
3363 5164 3553 5235 regni,

1899 5254 2141 5310 salvete.
2164 5256 2294 5309 Jam
2312 5255 2468 5308 enim
2485 5259 2688 5325 aperta
2702 5260 2787 5307 est
2812 5260 3000 5325 porta,
3026 5270 3162 5326 quae
3181 5259 3272 5309 est
3287 5255 3345 5309 in
3366 5254 3555 5322 caelis,

1898 5348 1955 5399 et
1982 5342 2177 5412 angeli
2209 5348 2351 5397 sunt
2373 5348 2604 5397 nostras
2622 5344 2918 5414 accepturi
2938 5344 3194 5409 animas,
3222 5350 3276 5399 et
3296 5343 3559 5401 oblaturi

1901 5432 2040 5490 Filio
2074 5431 2402 5502 unigenito.
2439 5434 2601 5499 Ecce,
2636 5436 2691 5487 et
2714 5430 3025 5503 lampades
3056 5432 3252 5500 video,
3289 5439 3345 5489 et
3374 5450 3562 5506 appa-

1898 5528 2028 5580 rent
2062 5520 2209 5579 mihi
2238 5519 2471 5588 bravia,
2498 5537 2638 5578 cum
2677 5521 2898 5593 quibus
2926 5520 3175 5579 sistendi
3218 5538 3429 5580 sumus
3459 5524 3559 5594 ad,

1897 5614 2119 5670 Judicis
2151 5610 2432 5668 tribunal.
2468 5611 2580 5667 Sed
2609 5612 2765 5667 enim
2797 5612 2842 5667 si
2874 5613 3019 5688 quid
3050 5613 3219 5674 vobis
3250 5620 3337 5671 est
3366 5614 3561 5687 impe-
