4078 6222
522 302 593 358 39
1893 295 2148 354 MENSIS

2274 295 2532 356 tRTlUS.
3804 304 3870 364 ιο

521 430 741 491 ratum,
773 422 1007 482 dicebat
1040 423 1122 480 eis
1150 424 1251 497 qui
1298 419 1465 480 missi
1521 421 1776 480 fuerant.
1808 422 1868 478 id
1908 422 2163 496 implete.

2279 423 2393 495 μεθ’
2420 424 2487 474 ὧν
2516 431 2588 495 τῷ
2628 431 2719 477 τοῦ
2772 424 3089 497 ἀγωνοθέτου
3140 430 3593 502 παραστησόμεθα
3640 430 3865 505 βήματι*

522 514 746 571 Deinde
770 514 945 570 etiam
972 528 1295 569 conversus
1311 513 1387 569 ad
1409 512 1628 568 domus
1648 517 1982 568 curatorem
2000 512 2172 583 jubet

521 609 745 660 vestem
783 602 1073 657 mundam
1114 601 1191 658 ad
1232 618 1294 658 se
1347 601 1580 668 deferri,
1615 608 1680 657 ut
1713 602 1815 674 qui
1841 601 1970 672 jam
2015 605 2173 656 esset

520 697 767 749 vocatus
796 692 872 747 ad
904 690 1144 763 nuptias
1174 694 1232 746 et
1256 691 1611 756 thalamum,
1644 695 1701 747 et
1734 706 1805 747 eo
1843 689 2166 747 festinaret.

519 783 697 838 Porro
723 785 923 836 autem
945 796 1083 836 cum
1110 780 1404 837 induisset
1420 786 1668 847 vestem,
1690 785 1750 837 et
1766 795 1950 837 manu
1977 784 2171 836 osten-

516 868 699 924 disset
754 868 1069 931 tumulum,
1102 868 1166 924 in
1211 884 1335 941 quo
1366 869 1606 925 volebat
1657 868 1800 940 poni
1845 884 2080 941 corpus,
2108 868 2170 923 in

515 971 714 1027 genua
738 973 875 1013 cum
899 957 970 1013 iis
990 957 1252 1023 duobus,
1275 958 1377 1030 qui
1401 962 1727 1014 erantcum
1751 956 1899 1030 ipso,
1918 957 2172 1014 inclina-

515 1052 610 1100 tus
644 1047 705 1116 (o
719 1046 954 1102 beatum
983 1046 1165 1102 ﬁnem
1192 1046 1495 1119 l),peregit
1515 1052 1813 1103 certamen
1844 1062 1857 1101 :
1886 1051 1942 1102 et
1958 1061 2168 1118 ampu-

513 1135 650 1191 tatis
693 1150 900 1191 eorum
939 1135 1247 1207 capitibus,
1300 1136 1382 1191 illi
1421 1135 1802 1193 ascribuntur
1846 1134 1905 1189 in
1954 1135 2170 1191 choros

514 1228 843 1295 martyrum
870 1230 926 1280 et
952 1224 1383 1296 apostolorum,
1412 1224 1650 1280 illorum
1673 1224 1911 1297 quidem
1944 1223 2143 1280 fortitu

515 1313 742 1384 dinem,
760 1313 973 1370 horum
1002 1330 1140 1370 vero
1167 1314 1355 1371 zelum
1383 1329 1492 1387 pro
1517 1314 1746 1370 Christo
1760 1312 2164 1369 ostendentes.

513 1580 650 1636 VIII.
683 1579 839 1647 Quid
890 1596 1029 1638 vero
1074 1585 1210 1654 post
1259 1581 1389 1638 hinc
1440 1584 1529 1638 est
1555 1585 1942 1639 consecutum
1972 1580 2168 1637 Hlar-

514 1670 767 1741 tyricum
790 1669 942 1725 illius
962 1670 1210 1741 Longini
1228 1673 1411 1742 caput
1427 1686 1564 1726 cum
1578 1673 1776 1727 statim
1792 1669 2168 1743 accepissent

2283 511 2408 564 ἀλλὰ
2436 515 2537 587 γὰρ
2586 516 2631 566 εἴ
2680 533 2730 566 τι
2771 518 2861 566 καὶ
2911 516 3332 589 προσετάχθητε,
3382 521 3506 592 πρὸς
3570 524 3691 581 τούς
3750 541 3865 595 πεμ-

2283 604 2497 674 φθέντας
2552 603 2737 674 ἔλεγεν,
2791 603 3125 678 ἓκπληροῦτε.
3189 604 3319 658 Εἶτα
3361 612 3451 660 καὶ
3498 612 3629 682 πρός
3676 613 3757 663 τὸν
3782 619 3863 672 τῆς

2281 692 2450 753 οἰκίας
2497 691 2828 768 ἐπιστραφεὶς
2869 692 3168 767 ίπίτροπον,
3211 694 3399 755 στολὴν
3458 697 3600 770 αύτῷ
3648 701 3862 776 καθαρὰν

2280 783 2600 853 κομισθῆναι
2649 780 2855 848 κελεύει,
2908 784 2977 844 ὡς
3026 781 3112 835 ἐπὶ
3156 786 3324 857 γάμον
3365 782 3473 845 ἤδη
3519 790 3608 840 καὶ
3635 797 3863 863 νυμφῶνα

2280 869 2519 929 κληθέντι
2579 874 2668 923 καὶ
2710 875 2842 944 πρὸς
2899 871 3053 924 αὐτόν
3101 871 3407 933 σπεύδοντι.
3466 878 3570 932 Καὶ
3629 874 3696 937 δη
3726 897 3862 951 κομι-

2283 961 2495 1012 σθεῖσαν
2553 956 2698 1020 ἐνδὺς
2744 965 2834 1013 καὶ
2883 968 2945 1033 τῇ
2995 966 3142 1036 χειρὶ
3190 958 3367 1026 δείξας
3413 967 3500 1017 τόν
3543 965 3711 1039 λόφον,
3750 969 3860 1021 ἔνθα

2279 1050 2489 1107 τεθῆναι
2537 1052 2594 1101 τό
2642 1058 2794 1121 σῶμα
2841 1049 3107 1119 ἠϐούλετο,
3162 1052 3231 1114 εἰς
3282 1057 3405 1125 γόνυ
3459 1057 3588 1126 μετά
3633 1064 3729 1108 τῶν
3773 1060 3857 1109 σύν

2279 1137 2415 1209 αύτῷ
2471 1138 2659 1199 κλιθεὶς
2713 1140 2776 1210 (ὤ
2854 1144 3115 1213 μακαρίου
3194 1141 3368 1205 τέλους
3421 1141 3459 1214 l)
3535 1147 3620 1196 τὸν
3701 1144 3861 1217 ἀγῶνα

2281 1223 2518 1279 διήνυσε·
2579 1232 2669 1279 καὶ
2744 1230 2837 1288 τὰς
2909 1229 3131 1301 κεφαλὰς
3216 1229 3620 1304 ἀποτμηθέντες,
3689 1240 3861 1307 χοροῖς

2277 1318 2553 1391 μαρτύρων
2626 1320 2716 1368 καὶ
2792 1315 3093 1370 ἀποστόλων
3168 1321 3532 1395 ἐγγράφονται,
3620 1329 3718 1374 τῶν
3777 1326 3860 1395 μὲν

2276 1409 2371 1463 τὴν
2401 1401 2664 1479 ἀνδρείαν,
2708 1413 2807 1458 τῶν
2837 1402 2896 1459 δε
2924 1409 3008 1459 τὸν
3048 1408 3174 1480 ὑπὲρ
3204 1416 3439 1484 Χριστοῦ
3480 1410 3636 1472 ζῆλον
3683 1408 3862 1465 ἕπιδειο

2277 1492 2504 1565 ξάμενοι.

2348 1581 2430 1635 Η’.
2470 1585 2539 1636 Τό
2569 1579 2629 1635 δε
2671 1585 2804 1655 μέτὰ
2852 1590 3034 1653 ταῦτα,
3080 1589 3169 1653 τί;
3209 1590 3315 1646 Τὴν
3362 1593 3690 1664 μαρτυρικὴν
3736 1588 3860 1644 ἑκεί-

2273 1690 2364 1729 νην
2409 1676 2668 1745 Λογγίνου
2723 1672 2945 1745 κεφαλὴν
2994 1673 3066 1737 εἰς
3092 1679 3353 1728 πίστωσιν
3406 1673 3594 1751 ἀκριϐῆ
3635 1678 3861 1742 λαϐόντες

514 1759 573 1825 ii,
606 1759 709 1831 qui
740 1775 876 1815 eum
924 1759 1357 1826 interfecerant,
1382 1760 1459 1816 ad
1504 1760 1683 1817 ﬁdem
1729 1760 1903 1834 plene
1956 1760 2163 1815 facien-

2274 1758 2465 1813 αὐτίκα
2520 1762 2568 1813 οἱ
2624 1760 2876 1825 ἀνελόντες
2934 1764 3014 1815 ὅτι
3100 1769 3357 1835 Λογγῖνος
3424 1768 3654 1833 τέθνηκε,
3722 1774 3862 1842 κομί-

513 1848 657 1904 dam
686 1849 853 1921 quod
884 1852 1182 1919 Longinus
1212 1854 1368 1905 esset
1397 1855 1690 1917 mortuus,
1722 1850 1784 1905 id
1819 1853 2057 1922 portant
2087 1848 2165 1905 ad

516 1936 784 2004 Pilatum,
818 1944 879 1994 ut
900 1939 1003 2011 qui
1026 1939 1245 1995 scirent
1269 1954 1331 1994 se
1352 1939 1517 1995 nullo
1548 1939 1664 1995 alio
1686 1939 1867 2003 dono,
1887 1954 2070 2011 quam
2094 1953 2165 1993 eo

512 2028 707 2096 magis
740 2027 819 2082 illi
844 2027 1301 2099 gratiﬁcaturos.
1333 2032 1461 2101 Ipse
1491 2033 1692 2084 autem
1722 2028 1921 2084 statim
1948 2041 2165 2083 convo-

510 2115 667 2170 cavit
693 2116 954 2181 Judaeos,
988 2134 1212 2187 magna
1243 2134 1446 2173 secum
1469 2117 1765 2189 voluptate
1792 2115 2161 2182 afﬁciendos,

510 2208 575 2259 ut
594 2204 697 2276 qui
730 2206 974 2274 Longini
1001 2206 1175 2263 valde
1206 2212 1457 2263 mortem
1476 2206 1722 2271 sitirent,
1741 2211 1798 2261 et
1816 2221 1950 2261 eam
1979 2205 2162 2261 emis-

510 2299 642 2349 sent
671 2296 959 2365 pecuniis.
990 2296 1159 2361 Quod
1186 2296 1428 2368 quidem
1482 2312 1620 2352 cum
1662 2295 1889 2351 factum
1929 2294 2160 2360 fuisset,

510 2388 575 2438 ut
601 2384 687 2438 eis
725 2383 1020 2455 placebat,
1047 2385 1213 2455 jubet
1254 2401 1463 2441 rursus
1510 2385 1759 2455 indigna
1807 2384 2031 2440 Pilatus
2064 2400 2076 2439 :
2110 2388 2167 2440 et

510 2476 647 2529 ante
674 2477 911 2543 portam
950 2474 1197 2529 civitatis
1237 2489 1343 2547 per
1386 2474 1779 2544 ignominiam
1827 2473 1935 2529 fuit
1976 2474 2165 2545 proje-

509 2566 670 2617 ctum
722 2562 1055 2633 pretiosum
1104 2562 1233 2633 ejus
1280 2569 1480 2634 caput.
1529 2562 1643 2620 Sed
1704 2563 1778 2632 is,
1824 2562 1914 2619 cui
1970 2562 2162 2617 visum

508 2648 694 2707 fuerat
724 2652 846 2723 pati
898 2667 1001 2722 pro
1022 2651 1213 2716 nobis,
1246 2651 1398 2724 ejus,
1423 2652 1527 2723 qui
1548 2657 1791 2724 propter
1816 2652 2015 2723 ipsum
2042 2650 2164 2707 fue-

509 2745 596 2796 rat
625 2755 861 2811 passus,
896 2756 970 2796 ne
996 2755 1150 2796 nunc
1181 2740 1419 2812 quidem
1443 2744 1529 2797 est
1557 2740 1779 2797 oblitus
1806 2756 1820 2797 z
1854 2740 1960 2796 sed
1988 2739 2163 2796 veluti

506 2833 798 2899 perpetuo
818 2834 1210 2901 apparentem
1226 2829 1557 2903 quamdam
1575 2828 1765 2885 facem
1787 2828 1877 2896 iis,
1901 2828 2005 2909 qui
2027 2827 2165 2885 ade-

508 2924 662 2983 rant,
699 2918 1061 2973 cernendam
1106 2916 1417 2989 praebebat
1459 2921 1597 2973 ante
1646 2917 1965 2984 civitatem,
1996 2922 2052 2973 et
2101 2918 2161 2972 in

510 3004 881 3075 sterquilinio
929 3005 1251 3075 jacentem,
1307 3009 1596 3078 tanquam
1650 3005 1709 3059 in
1759 3006 1943 3061 domo
2000 3006 2165 3075 regia

508 3097 943 3158 conservatam,
972 3097 1098 3148 tuto
1118 3094 1483 3164 protegebat,
1513 3107 1632 3148 non
1666 3092 1862 3149 solum
1894 3108 2015 3148 non
2034 3109 2164 3165 per-

507 3178 767 3246 mittens,
814 3186 879 3235 ut
920 3180 1147 3253 aliquid
1205 3185 1505 3253 pateretur
1555 3198 1588 3235 a
1628 3181 1796 3247 ﬁmo,
1830 3181 1935 3237 sed
1981 3181 2163 3238 etiam

506 3267 767 3324 liberans
798 3268 965 3334 alios,
1001 3286 1075 3325 ne
1127 3269 1355 3342 aliquid
1400 3276 1642 3342 propter
1698 3270 1759 3326 id
1800 3276 2159 3343 paterentur.

510 3356 799 3421 Quaedam
826 3358 984 3413 enim
1018 3358 1230 3414 mulier
1257 3358 1461 3424 vidua,
1503 3375 1635 3431 quae
1662 3364 1851 3415 morte
1882 3360 2163 3416 maritum

510 3446 809 3512 amiserat,
843 3463 976 3503 cum
1003 3446 1125 3503 ﬁlio
1165 3453 1363 3504 autem
1397 3448 1570 3504 unico
1603 3447 2075 3516 conflictabatur,
2109 3454 2166 3505 et

510 3540 722 3606 praeter
750 3536 1099 3593 viduitatem
1130 3536 1489 3593 sustinuerat
1520 3538 1699 3593 etiam
1732 3537 2042 3593 oculorum
2073 3554 2163 3594 or-

507 3624 773 3695 bitatem,
806 3625 964 3681 malo
996 3627 1113 3682 tide
1145 3632 1444 3698 superato,
1480 3642 1614 3682 cum
1648 3626 1769 3682 ﬁlio
1801 3626 1965 3683 vadit
2002 3628 2164 3682 Jeru-

512 3713 722 3779 salem,
747 3720 1118 3780 sanctorum,
1140 3715 1371 3788 qumibi
1388 3721 1577 3780 erant,
1598 3716 1866 3771 locorum
1892 3722 2161 3773 contactu

509 3808 566 3859 et
592 3804 961 3872 adoratione,
993 3820 1149 3877 quos
1179 3806 1463 3860 amiserat
1491 3804 1760 3877 corporis
1787 3804 1995 3875 duces,
2030 3821 2163 3878 spe-

508 3908 651 3950 rans
672 3909 735 3949 se
760 3898 1269 3966 recuperaturam.
1304 3894 1452 3949 Cum
1474 3900 1673 3950 autem
1701 3910 1735 3950 a
1766 3894 1889 3950 ﬁlio
1912 3894 2159 3950 deducta

508 3988 729 4039 terram
761 3989 1003 4056 caperet
1023 3991 1078 4039 et
1116 3984 1442 4056 palverem,
1468 3989 1523 4039 et
1573 3984 1907 4054 imponeret
1952 3984 2159 4051 oculis,

508 4072 781 4145 adjicitur
806 4074 1076 4128 viduitati
1105 4078 1161 4127 et
1181 4073 1491 4128 oculorum
1516 4071 1749 4128 orbitati
1775 4073 2000 4144 (qualia
2023 4078 2164 4129 sunt

510 4160 611 4217 Dei
637 4162 883 4233 judicia)
914 4162 1030 4217 alia
1058 4177 1296 4233 quoque
1327 4160 1525 4232 gravis
1552 4160 1881 4216 calamitas.
1915 4162 2160 4217 Morbus

509 4249 669 4305 enim
701 4250 949 4322 quidam
980 4249 1268 4305 invadens
1307 4264 1581 4322 puerum,
1617 4248 1721 4321 qui
1768 4264 1878 4320 pro
1926 4251 2163 4305 amissis

508 4337 698 4394 oculis
726 4340 916 4395 fuerat
942 4339 991 4394 ei
1024 4339 1173 4394 alius
1202 4339 1431 4405 oculus,
1464 4344 1706 4410 repente
1736 4340 1867 4411 (pro
1907 4339 2081 4396 dolor
2121 4341 2162 4413 ί)

510 4427 733 4499 abripit
753 4443 787 4485 a
814 4427 943 4483 sinu
971 4428 1198 4483 matris.

2279 1848 2433 1909 ζουσι
2460 1858 2532 1921 τῷ
2564 1850 2790 1923 Πιλάτῳ,
2828 1848 3019 1914 εἰδότες
3056 1854 3136 1905 ὅτι
3175 1850 3367 1925 μηδενὶ
3412 1856 3548 1927 ἄλλῷ
3598 1853 3861 1931 δωρήματι

2274 1946 2537 2003 τοσοῦτον,
2602 1942 2669 2003 ὡς
2716 1939 2907 2013 ἐκείνῳ,
2957 1949 3030 2012 τῷ
3088 1942 3228 2014 αὐτῷ
3286 1952 3620 2017 χαριοῦνται’
3675 1952 3761 1999 καὶ
3812 1949 3863 2009 ὃς

2275 2028 2540 2081 συνεκάλει
2586 2037 2922 2104 παραχρῆμα
2949 2034 3039 2082 καὶ
3082 2028 3363 2095 Ἰουδαίοις
3393 2036 3457 2085 τὰ
3502 2034 3702 2107 μεγάλα
3729 2036 3862 2107 αὐτῷ

2276 2120 2775 2192 συνησθησομένοις,
2809 2119 2895 2172 ἅτε
2942 2124 3029 2170 καὶ
3087 2119 3261 2182 αὐτοῖς
3317 2121 3430 2173 λίαν
3473 2127 3562 2175 τόν
3608 2130 3860 2197 Λογγίνου

2275 2208 2489 2260 θάνατον
2548 2203 2754 2280 διψῶσι
2805 2212 2894 2260 καὶ
2940 2210 3231 2282 χρημάτων
3279 2213 3428 2262 ὤνιον
3486 2218 3666 2265 τοῦτον
3717 2233 3862 2272 ποιη·

2276 2301 2530 2368 σαμένοις·
2604 2297 2664 2349 οὗ
2737 2294 2804 2357 δὴ
2856 2302 2946 2350 xui
3002 2300 3066 2358 ὡς
3127 2297 3305 2360 αὐτοῖς
3370 2299 3512 2372 φίλον
3596 2307 3860 2375 γενομένου

2273 2388 2589 2460 προστάττει
2635 2391 2724 2439 καὶ
2780 2383 2929 2448 αὖθις
2973 2386 3212 2453 Πιλάτος,
3268 2392 3357 2441 καὶ
3412 2392 3511 2462 πρὸ
3561 2398 3654 2453 τῆς
3702 2394 3862 2455 πύλης

2271 2474 2474 2547 ἀτίμως
2524 2477 2555 2534 ἠ
2603 2480 2753 2548 τιμία
2793 2476 2984 2549 κεφαλὴ
3034 2485 3123 2537 τῆς
3171 2476 3365 2539 πόλεως
3402 2477 3632 2553 ἔρριπτο·
3684 2479 3783 2533 ἀλλ’
3836 2482 3862 2533 ό

2273 2565 2399 2639 ὑπὲρ
2431 2566 2577 2638 ἡμῶν
2623 2567 2804 2618 παθεῖν
2852 2562 3152 2629 εὐδοκήσας
3198 2574 3289 2619 τοῦ
3321 2563 3393 2619 δι’
3435 2568 3590 2621 αὐτὸν
3618 2571 3867 2632 παθόντος

2273 2650 2397 2707 οὐδὲ
2441 2661 2528 2706 νῦν
2568 2653 2859 2721 ἐπελάθετο,
2911 2654 3019 2706 ἀλλ’
3068 2656 3174 2707 οἷον
3228 2654 3439 2729 ἀειφανῆ
3498 2676 3614 2711 τινα
3667 2663 3863 2733 πυρσὸν

2271 2748 2374 2804 τοῖς
2424 2750 2677 2815 παριοῦσι
2740 2750 2991 2817 παρεῖχεν
3048 2745 3171 2817 όρᾴν
3222 2748 3323 2819 πρὸ
3378 2754 3468 2807 τῆς
3521 2748 3713 2809 πόλεως
3772 2754 3861 2802 xui

2272 2840 2335 2904 τῇ
2384 2837 2580 2905 κοπρίᾳ
2618 2836 2875 2905 κειμένην,
2926 2835 2996 2895 ὡς
3042 2831 3090 2885 ἐν
3140 2832 3403 2906 βασιλικῷ
3442 2838 3566 2908 οἴκῳ
3616 2836 3864 2909 φυλαττο-

2272 2923 2427 2992 μένην
2482 2920 2685 2993 ἀφανῶς
2742 2924 2972 2987 ἔσκεπεν,
3032 2922 3090 2974 ού
3161 2927 3314 2993 μόνόν
3383 2920 3535 2977 οὐδὲν
3610 2924 3711 2978 ἀπὸ
3770 2934 3869 2990 τῆς

2274 3014 2491 3084 κοπρίας
2539 3009 2697 3072 ἐάσας
2727 3012 2927 3075 παθεῖν,
2980 3009 3109 3063 ἀλλά
3137 3017 3226 3064 καὶ
3274 3020 3365 3065 τοῦ
3396 3015 3626 3086 πάσχειν
3671 3014 3871 3091 ἑτέρους

2277 3095 2371 3150 διὰ
2420 3102 2614 3162 ταύτης
2668 3098 3029 3172 ἐλευθερώσας.
3090 3106 3244 3175 Χήρα
3290 3105 3388 3178 γάρ
3458 3122 3535 3164 τις
3598 3110 3723 3175 γυνὴ
3777 3112 3870 3159 καὶ

2276 3190 2477 3259 θανάτῳ
2528 3192 2618 3261 μὲν
2656 3193 2744 3241 τὸν
2783 3186 2953 3263 ἄνδρα
2987 3192 3333 3261 ζημιωθιῖσα,
3386 3194 3481 3264 υἰῳ
3507 3189 3567 3245 δέ
3594 3213 3697 3245 τινι
3719 3214 3870 3267 μονοο

2272 3284 2406 3349 γενεῖ
2450 3282 2539 3330 καὶ
2592 3282 2731 3351 μόνῳ
2782 3277 3075 3331 σαλεύουσα
3122 3284 3211 3331 καὶ
3258 3284 3388 3353 πρὸς
3440 3289 3502 3354 τῇ
3549 3288 3751 3356 χηρείᾳ
3778 3289 3874 3337 καὶ

2273 3374 2372 3418 τῶν
2413 3365 2685 3439 ὀφθαλμῶν
2736 3372 2975 3439 πήρωσιν
3019 3368 3316 3435 ύποστᾶσα,
3367 3373 3543 3423 πίστει
3590 3375 3649 3423 τὸ
3704 3374 3873 3435 πάθος

2273 3460 2535 3513 νικήσασα
2588 3458 2718 3527 μετὰ
2772 3463 2863 3509 τοῦ
2914 3460 3092 3509 τέκνου
3157 3460 3287 3531 πρὸς
3360 3463 3453 3517 τὴν
3531 3458 3878 3535 Ἰερουσαλὴμ.

2274 3547 2475 3613 ἄπεισι,
2524 3554 2586 3619 τῇ
2625 3554 2724 3598 τῶν
2776 3546 2936 3618 ἁγίων
2979 3548 3028 3599 ἓν
3067 3547 3196 3621 αὐτῇ
3244 3552 3412 3601 τόπων
3461 3548 3628 3624 ἐπαφῇ
3678 3571 3733 3604 τε
3780 3557 3877 3605 καὶ

2273 3641 2648 3707 προσκυνήσει,
2710 3636 2795 3697 ούς
2852 3634 3168 3694 ἀποϐέϐληκε
3210 3646 3302 3690 τοῦ
3347 3644 3584 3711 σώματος
3622 3661 3877 3713 φωταγω-

2272 3728 2417 3795 γοὺς,
2467 3723 2739 3777 ἀπολαϐεῖν
2791 3723 3069 3781 ἐλπίσασα.
3122 3725 3206 3787 Ὧς
3253 3724 3340 3778 οὖν
3384 3729 3482 3781 ὑπὸ
3534 3736 3625 3781 τοῦ
3676 3727 3876 3792 παιδὸς

2272 3818 2732 3888 χειραγωγουμένη
2782 3823 2873 3867 τοῦ
2920 3818 3052 3887 χοὸς
3094 3814 3342 3889 ἐλάμϐανε
3388 3823 3479 3870 καὶ
3516 3826 3606 3879 τῆς
3658 3824 3871 3884 κόνεως,

2272 3910 2362 3956 xui
2404 3911 2514 3965 τοῖς
2566 3903 2851 3977 ὀφθαλμοῖς
2898 3903 3137 3970 ἐπετίθει,
3188 3908 3524 3980 προστίθεται
3562 3915 3623 3981 τῇ
3669 3914 3879 3984 χηρείᾳ

2272 3997 2361 4045 καὶ
2408 4001 2470 4065 τῇ
2518 3998 2753 4067 πηρώσει
2801 4002 2900 4045 τῶν
2968 3992 3261 4067 ὀφθαλμῶν,
3324 3996 3409 4047 οἶα
3463 4000 3527 4049 τὰ
3580 4005 3672 4051 τοῦ
3735 4006 3883 4052 Θεοῦ

2272 4086 2523 4156 κρίματα,
2578 4086 2667 4134 καὶ
2711 4081 2837 4140 ἄλλη
2887 4082 3094 4153 χαλεπή
3143 4086 3403 4157 συμφορά’
3450 4090 3603 4147 νόσος
3630 4088 3733 4160 γάρ
3792 4106 3885 4147 τις

2271 4170 2641 4224 καταλαϐοῦσα
2692 4175 2778 4223 τὸν
2827 4168 3017 4238 παῖδα,
3074 4174 3160 4224 τόν
3213 4171 3326 4225 ἀντὶ
3382 4182 3477 4236 τῆς
3531 4175 3725 4247 ζημίας
3772 4184 3886 4227 τῶν

2272 4260 2545 4334 ὀφθαλμῶν
2600 4260 2858 4333 ὀφθαλμὸν
2911 4260 3058 4313 ἄλλον
3116 4260 3246 4335 αὐτῇ
3312 4270 3599 4336 γενόμενον,
3658 4263 3884 4341 ἀθρόον,

2273 4353 2431 4422 οἶμοι,
2464 4358 2563 4403 τῶν
2592 4348 2825 4421 ἀγκαλῶν
2858 4358 2955 4413 τῆς
2982 4353 3180 4425 μητρός
3211 4350 3456 4425 ἁρπάζει,

510 4518 603 4573 ΙΧ.
630 4517 833 4574 Statim
874 4532 1015 4588 ergo
1059 4516 1328 4589 duplices
1359 4517 1437 4573 ad
1483 4534 1622 4574 eum
1660 4517 1956 4574 accedunt
2004 4523 2163 4576 tene-

2348 4510 2411 4565 Θ¹
2488 4510 2617 4563 Ε’θ“
2733 4508 2755 4525 ’
2832 4507 2866 4563 δ
2929 4509 2958 4562 λ
3001 4519 3018 4526 '
3152 4512 3163 4530 ’
3314 4514 3323 4526 '
3456 4515 3466 4526 ‘
3614 4515 3625 4527 ’
3789 4519 3857 4545 -~

2419 4551 2431 4564 .
2531 4532 2558 4563 υ
2598 4532 2657 4573 υς
2699 4530 2785 4562 ουν
2872 4531 2928 4563 ιπ
2962 4530 3048 4562 ουν
3102 4520 3231 4584 αυτῇ
3273 4531 3329 4563 το
3375 4530 3558 4572 σκοτος
3605 4533 3891 4586 επιφοιιᾳ,

510 4610 653 4671 brae,
681 4612 738 4663 et
757 4606 890 4662 vitas
915 4606 1017 4662 lux
1041 4605 1220 4661 simul
1237 4608 1630 4677 exstinguitur
1653 4624 1790 4663 cum
1807 4608 1937 4663 luce
1961 4608 2163 4665 oculo-

510 4713 643 4752 rum
674 4713 687 4751 :
721 4700 964 4767 eratque
1002 4696 1248 4751 omnino
1278 4695 1477 4751 infelix
1518 4695 1619 4752 illa
1651 4696 1994 4762 immobilis,
2030 4702 2161 4754 tan-

511 4801 699 4859 quam
748 4784 951 4857 aliquo
994 4784 1254 4851 fulmine,
1306 4785 1576 4858 perculsa
1625 4785 1980 4842 calamitate.
2013 4786 2161 4843 Cum

512 4879 713 4932 autem
741 4873 922 4945 paulo
952 4880 1086 4946 post
1118 4890 1153 4930 a
1184 4874 1343 4930 malo
1374 4875 1451 4930 ad
1484 4889 1548 4929 se
1578 4875 1871 4941 rediisset,
1909 4875 2164 4932 deﬂebat

511 4960 940 5028 miserabiliter,
980 4970 1036 5019 et
1082 4963 1458 5019 miserandas
1510 4980 1685 5019 voces
1728 4964 2036 5019 emittebat
2083 4962 2163 5019 ad

514 5050 853 5108 Dominum:
889 5054 931 5109 Ο
965 5052 1234 5118 Domine,
1264 5052 1490 5119 dicens,
1521 5068 1626 5109 cur
1652 5053 1736 5108 sic
1784 5057 2029 5122 gravata
2077 5058 2163 5110 est

512 5157 728 5197 manus
782 5147 883 5198 tua
910 5158 1088 5214 super
1120 5159 1236 5211 me,
1262 5148 1319 5199 et
1347 5158 1530 5215 supra
1556 5142 1818 5198 dolorem
1848 5142 2162 5197 vulnerum

513 5245 787 5286 meorum
842 5230 1199 5287 addidisti‘?
1252 5234 1316 5287 Et
1371 5246 1530 5288 nunc
1588 5231 1793 5285 lumen
1850 5230 2161 5286 oculorum

514 5334 788 5375 meorum
829 5325 885 5375 et
942 5319 1142 5393 ipsum
1187 5336 1308 5376 non
1362 5327 1452 5376 est
1498 5321 1783 5375 mecum“.
1817 5322 1969 5375 Num
2014 5318 2163 5374 vires

512 5406 789 5480 lapidum
847 5409 998 5464 vires
1051 5409 1251 5466 meae?
1284 5413 1422 5481 lpsa
1462 5423 1706 5481 quoque
1755 5408 1974 5475 dicam,
1997 5406 2163 5479 quod

511 5497 649 5554 Job'l
674 5514 686 5553 :
718 5497 1000 5555 «Posuisti
1026 5513 1120 5554 me
1150 5498 1525 5571 parabolam,
1552 5496 1817 5563 Domine,
1847 5502 1903 5553 et
1929 5502 2160 5553 motum

586 5607 607 5643 ⁵
638 5605 792 5663 Psal.
824 5621 990 5672 van,
1022 5607 1109 5663 27.
1188 5608 1210 5642 ο
1241 5605 1399 5663 Psal.
1421 5620 1639 5671 xxxvu,
1683 5606 1769 5659 11.

1848 5605 1867 5638 ⁷
1892 5602 2018 5660 Job.
2049 5619 2125 5671 v1,
2157 5604 2245 5659 22.

2273 4606 2362 4653 xui
2418 4604 2474 4652 τὸ
2532 4607 2623 4652 τοῦ
2658 4598 2780 4671 βίου
2835 4608 2935 4671 φῶς
2964 4608 3035 4669 τῷ
3078 4608 3177 4651 τῶν
3216 4599 3460 4671 ὀμμάτων
3516 4601 3893 4655 συναποσϐέν-

2272 4709 2440 4754 νυται,
2473 4693 2562 4741 xui
2615 4684 2676 4746 ἦν
2725 4688 2851 4747 ὅλως
2890 4687 3127 4748 ἀκίνητος
3157 4690 3184 4745 ἡ
3222 4685 3395 4753 ἀθλία,
3441 4690 3615 4763 ὥσπερ
3649 4699 3895 4760 σκηπτῷ

2273 4798 2375 4831 τινι
2415 4775 2673 4850 βληθεῖσα
2714 4784 2775 4849 τῇ
2821 4782 3081 4849 συμφορᾷ.
3122 4778 3265 4829 Μετά
3314 4774 3499 4852 βραχύ
3545 4774 3603 4830 δὲ
3653 4778 3898 4849 νήψασοι

2273 4871 2458 4941 μικρὸν
2496 4873 2589 4918 τοῦ
2649 4873 2833 4932 κακοῦ,
2888 4865 3092 4917 ἰλεεινόν
3146 4862 3467 4941 ἀποδύρεται
3522 4872 3611 4919 xui
3657 4866 3901 4940 οἰκτρὰς

2274 4958 2413 5029 ἠφίει
2442 4958 2567 5030 πρὸς
2613 4958 2701 5008 τὸν
2750 4958 3011 5011 Δεσπότην
3057 4957 3240 5027 φωνάς·
3290 4954 3359 5007 Ὢ
3411 4958 3589 5031 Κύριε,
3621 4955 3900 5027 λέγουσα,

2278 5049 2410 5099 ἱνατί
2439 5044 2600 5107 οὕτως
2649 5043 2903 5119 ἐϐαρύνθη
2949 5043 3027 5096 ἐπ’
3082 5047 3167 5117 ἐμὲ
3197 5047 3227 5104 ἠ
3261 5050 3381 5120 χείρ
3431 5064 3546 5115 σου,
3578 5050 3667 5097 καὶ
3699 5048 3793 5098 ἐπὶ
3828 5050 3903 5099 τὸ

2274 5135 2431 5206 ἄλγος
2474 5143 2572 5187 τῶν
2629 5135 2937 5207 τραυμάτων
2986 5153 3085 5205 μου
3137 5135 3487 5209 προσέθηκας,
3538 5138 3628 5185 καὶ
3685 5142 3786 5185 νῦν
3830 5139 3905 5188 τὸ

2276 5232 2377 5297 φῶς
2409 5233 2507 5276 τῶν
2551 5222 2821 5296 ὀφθαλμῶν
2851 5243 2952 5295 μου
2982 5228 3071 5275 καὶ
3102 5223 3228 5275 αὐτὸ
3277 5222 3371 5275 ούκ
3398 5224 3511 5274 ἔστι
3560 5222 3667 5294 μετ’
3702 5221 3849 5295 ἐμοῦ
3886 5242 3904 5291 ;

2273 5317 2358 5372 Μὴ
2396 5313 2556 5385 ἰσχὺς
2584 5312 2738 5364 λίθων
2768 5314 2797 5370 ἠ
2834 5312 2996 5385 ἰσχύς
3027 5332 3127 5385 μου
3163 5315 3274 5379 ;Τό
3323 5318 3413 5363 τοῦ
3444 5310 3562 5364 Ἰὼϐ
3612 5316 3705 5365 καὶ
3746 5312 3904 5373 αὑτὴ

2274 5402 2389 5478 ἐρῶ.
2449 5401 2673 5463 Ἐθηκάς
2719 5420 2782 5474 με
2838 5400 3157 5479 παραϐολὴν,
3213 5404 3466 5465 Δέσποτα,
3522 5405 3611 5455 καὶ
3663 5406 3913 5460 κίνησιν

2273 5491 2491 5567 κεφαλῆς
2539 5489 2588 5544 έν
2634 5496 2786 5563 πᾶσι,
2841 5494 2931 5544 καὶ
2981 5490 3313 5563 ἰσχύνθησαν
3365 5487 3446 5543 ἔπ’
3474 5490 3563 5564 ἐμὲ
3600 5493 3651 5545 οἱ
3680 5492 3912 5564 ὑπομέ-
