4062 6222
168 237 226 291 ﬂ

164 366 321 421 νοντίς
383 380 462 424 σε,
530 363 706 435 Κύριε,
771 363 927 435 Κύριε
976 369 1075 414 τῶν
1129 355 1396 433 δυνάμεων
1444 378 1455 390 ·
1517 364 1588 432 μὴ
1645 362 1774 431 μόνη

168 452 322 511 οὕτως
370 453 613 522 ἥμαρτον
660 449 761 522 ἐγὼ
829 456 917 501 καὶ
967 455 1096 523 μόνη
1165 450 1300 502 οὕτω
1339 450 1650 521 κολάζομαι,
1700 450 1778 500 ὅτι

172 549 261 593 καὶ
297 544 461 612 φωτός
487 538 576 611 εμὲ
623 544 708 591 καὶ
740 548 833 592 τοῦ
881 548 1186 612 μονογενοῦς
1233 542 1354 614 ἄρτι
1405 547 1496 592 τοῦ
1550 542 1642 591 ἶσα
1687 542 1776 589 καὶ

185 631 346 699 φωτὸς
377 625 476 697 ἐμοὶ
518 630 786 697 φαίνοντος
836 625 1195 700 ἀπεστέρησας
1228 643 1241 693 ;
1279 631 1410 679 Ποία
1461 644 1550 698 μοι
1597 625 1774 677 λοιπὸν

195 721 434 788 σωτηρίας
471 715 619 776 ἐλπίς
661 732 675 783 ;
708 720 835 768 ποία
875 735 966 788 μοι
1002 718 1342 789 παραμυθίας
1382 711 1505 776 ὁδός
1538 737 1549 780 ;
1593 717 1771 786 Οἶμοι,

197 806 392 877 φίλτατε,
442 808 576 857 πότε
651 825 742 875 μοι
814 811 1204 879 παρηγορήσας
1260 809 1318 858 τὸ
1373 807 1532 864 πάθος
1583 823 1598 873 ;
1649 803 1772 854 πότε

191 898 426 964 εεηίσεις
487 901 585 945 τῶν
646 893 889 966 ὀμμάτων
954 899 1047 953 τὴν
1118 897 1407 970 συμφορὰν,
1469 896 1552 946 ἐπὶ
1603 911 1770 950 σωτη-

173 987 274 1052 ρίαν
317 1001 386 1053 με
433 991 828 1054 χειραγωγῶνς
882 983 1114 1048 Ἒλαθες,
1168 982 1208 1036 ὦ
1257 991 1373 1048 παῖ,
1429 988 1518 1035 καὶ
1571 982 1770 1054 μείζονι

319 1079 680 1144 συμπτώματι
714 1081 786 1143 τῷ
841 1081 915 1144 σῷ
946 1077 1242 1146 ζημιώσας.
1288 1077 1431 1145 Οῖχῃ
1479 1092 1569 1144 μοι
1613 1074 1769 1143 φυτὸν

169 1156 388 1216 ἣδιστον
431 1165 534 1235 πρὸ
585 1164 734 1236 ὧρας,
787 1168 950 1235 μόνην
980 1165 1065 1231 ἐμὲ
1120 1167 1209 1220 τὴν
1257 1161 1438 1214 ἀθλίαν
1483 1161 1766 1216 ἀπολιπών,

164 1249 280 1302 AD.‘
315 1251 457 1302 οὕτω
503 1254 591 1323 μὶν
643 1255 671 1309 ἡ
705 1257 883 1326 μήτηρ
945 1272 957 1285 ·
1007 1257 1099 1304 καὶ
1137 1257 1188 1304 τί
1233 1255 1334 1326 γὰρ
1366 1256 1395 1310 ἣ
1430 1257 1628 1324 μήτηρ,
1677 1254 1768 1301 καὶ

163 1344 334 1414 μήτηρ
404 1349 770 1412 μονογενοῦς;
841 1346 942 1395 Καὶ
1005 1343 1164 1403 οὕτως
1239 1341 1458 1403 ἐλεεινῶς
1535 1343 1766 1412 ἔχουσαν

163 1429 511 1504 ὑποστηρίζει
539 1431 720 1492 οῆτως.

232 1519 290 1573 ι’.
340 1520 552 1583 Μεταξὺ
607 1516 666 1573 δε
721 1523 853 1593 πρὸς
915 1521 1072 1573 ὕπνον
1130 1521 1506 1592 κατενεχθείση
1562 1521 1588 1571 ό
1636 1520 1765 1578 θεῖος

167 1615 420 1679 Λογγῖνος
477 1610 605 1681 αὐτῇ
675 1607 948 1682 ἐφίσταται
989 1615 1076 1662 καὶ
1119 1613 1289 1663 πάντα
1343 1609 1478 1681 λέγει
1534 1612 1598 1662 τὰ
1648 1606 1763 1660 κατ’

1565 231 1734 289 VITA
1769 231 1806 285 S
1847 227 2165 290 LONGINI.

3479 247 3549 301 42

1815 355 1859 409 Α
1889 357 2104 429 capitis
2141 361 2201 418 in
2240 364 2526 421 omnibus
2558 382 2572 422 :
2606 371 2662 423 et
2699 366 2929 438 pudore
2959 367 3152 423 aﬁ'ecti
3182 372 3322 424 sunt
3362 385 3544 441 super

1890 464 2004 514 me,
2032 451 2136 522 qui
2156 454 2445 511 sustinent
2471 461 2546 521 te,
2579 456 2823 512 Domine
2847 457 3145 512 virtutum.
3181 477 3209 508 »
3239 460 3389 514 Num
3414 459 3544 516 sola

1887 537 1972 593 sic
2005 542 2241 611 peccavi
2275 558 2386 612 ego
2409 543 2437 598 ?
2467 551 2522 600 et
2552 545 2680 602 sola
2713 546 2795 601 sic
2822 546 3058 618 punior,
3092 546 3257 618 quod
3287 563 3381 602 me
3409 547 3542 604 luce

1885 631 1939 682 et
1972 629 2274 698 unigenito
2304 633 2448 703 ﬁlio,
2486 635 2584 706 qui
2623 641 2748 691 erat
2787 636 2977 692 instar
3012 634 3186 703 lucis,
3227 635 3474 704 privasti
3513 639 3542 694 ’ἲ

1885 717 2168 782 Quaenam
2204 722 2348 778 mihi
2374 729 2462 780 est
2490 724 2771 798 deinceps
2792 741 2929 797 spes
2961 725 3172 781 salutis
3195 723 3224 779 7
3250 727 3539 790 Quaenam

1883 805 2021 862 mihi
2041 807 2132 864 via
2144 811 2601 868 consolationis?
2617 813 2714 869 Hei
2730 813 2888 880 mihi,
2907 813 3267 883 charissime,
3289 814 3538 886 quando

1880 895 2017 952 mihi
2032 897 2246 955 malum
2261 901 2668 958 consolaberis
2680 902 2708 957 ‘i
2723 905 2765 968 Q
2776 903 2970 959 nando
2983 902 3295 959 oculorum
3311 902 3539 960 levabis

1881 985 2299 1053 calamitatem,
2333 1004 2427 1043 me
2448 988 2752 1044 deducens
2770 989 2850 1047 ad
2873 989 3123 1047 salutem
3150 991 3178 1046 ?
3204 989 3536 1058 Nescivisti,

1880 1087 1916 1128 ο
1945 1071 2048 1140 ﬁli,
2076 1076 2241 1146 quod
2270 1077 2482 1146 majori
2511 1079 2674 1134 omni
2707 1078 2843 1143 alio,
2878 1084 2976 1135 tuo
3009 1095 3153 1136 casu
3186 1078 3333 1134 mihi
3363 1079 3533 1135 dam-

1879 1177 2025 1218 num
2053 1163 2294 1220 afferres
2321 1167 2654 1222 maximum
2675 1168 2702 1221 ?
2738 1168 2894 1233 abis,
2925 1168 3132 1240 planta
3154 1168 3299 1224 mihi
3319 1168 3537 1239 jncun-

1877 1252 2144 1319 dissima,
2187 1270 2283 1310 me
2318 1255 2536 1312 misera
2567 1257 2696 1312 sola
2719 1257 2921 1313 relicta
2949 1256 2976 1312 7
3010 1257 3124 1314 Sed
3163 1259 3246 1313 sic
3285 1257 3532 1330 quidem

1879 1347 2087 1409 mater,
2122 1349 2178 1399 et
2219 1350 2407 1401 mater
2435 1346 2740 1416 unigeniti,
2782 1347 2888 1419 qui
2927 1347 3010 1402 sic
3050 1346 3335 1404 fulciebat
3373 1363 3530 1411 eam,

1875 1446 2012 1503 qum
2040 1448 2100 1486 se
2129 1432 2394 1490 habebat
2435 1439 2551 1491 tam
2596 1435 3026 1491 miserabiliter.

1948 1521 2008 1575 Χ.
2044 1522 2278 1578 Interim
2305 1528 2507 1579 autem
2545 1523 2693 1579 dum
2731 1523 2938 1579 fuisset
2968 1524 3025 1579 in
3060 1539 3342 1580 somnum
3371 1540 3529 1579 reso-

1873 1608 2018 1675 luta,
2051 1610 2287 1666 divinus
2319 1613 2369 1668 ei
2403 1619 2654 1684 apparet
2685 1613 3004 1684 Longinus,
3037 1618 3094 1668 et
3121 1614 3324 1669 omnia
3361 1612 3524 1679 dicit,

166 1699 334 1763 αῦτὸν,
359 1704 447 1756 τὴν
477 1698 562 1750 ἐπὶ
611 1707 842 1774 σταυροῦ
869 1708 960 1752 τοῦ
999 1707 1235 1772 Σωτῆρος
1263 1702 1408 1770 ἡμῶν
1463 1699 1758 1771 ὁμολογίαν,

1875 1714 2009 1769 quae
2032 1699 2107 1755 ad
2134 1700 2331 1772 ipsum
2359 1701 2755 1772 pertinebant,
2779 1718 2914 1774 qua;
2937 1702 2996 1757 in
3015 1717 3188 1757 cruce
3209 1701 3527 1758 Salvatoris

171 1792 252 1838 τὸν
305 1790 446 1861 παρὰ
501 1793 762 1864 Καίσαρος
823 1789 963 1859 αὐτῷ
1016 1795 1105 1841 καὶ
1174 1789 1397 1841 Πιλάτου
1465 1787 1764 1860 καταψηφιι

180 1878 360 1928 σθέντα
400 1879 620 1942 θάνατον,
664 1881 760 1936 τὴν
801 1879 1020 1950 ἐκτομὴν
1061 1886 1156 1940 τῆς
1198 1877 1417 1950 κεφαλῆς
1459 1882 1550 1929 καὶ
1579 1877 1758 1942 τοῖλλα,

174 1967 276 2016 ὅσα
321 1962 413 2017 διά
463 1969 683 2036 Χριστὸν
735 1967 760 2017 ὁ
811 1969 1012 2041 μάρτυς
1059 1967 1341 2039 φιλοτίμως
1392 1968 1611 2032 ὑπέστη,
1672 1970 1761 2018 καὶ

163 2057 241 2106 ὅτι
293 2059 375 2107 Σοί
433 2059 527 2112 τὴν
611 2053 744 2128 ἐμὴν
800 2059 926 2130 πρὸς
1002 2058 1272 2128 θεραπείαν
1330 2052 1436 2109 ἔδει
1500 2063 1600 2107 τῶν
1656 2064 1760 2108 σῶν

159 2143 427 2215 ὀφθαλμῶν
492 2143 846 2215 φυλάττεσθαι
899 2144 1139 2218 κεφαλὴν,
1215 2145 1372 2217 πολλῇ
1435 2153 1494 2217 τῇ
1567 2149 1762 2218 κοπρίᾳ

156 2233 543 2303 καλυπτομένην
601 2251 614 2263 °
679 2235 744 2285 ἵν’
802 2233 1039 2308 ἁψαμένη
1113 2254 1199 2287 σοι
1265 2238 1322 2286 τό
1399 2243 1503 2306 φῶς
1574 2233 1760 2296 εὐθέως

159 2320 482 2396 ἀκολουθήσῃ
525 2329 617 2376 καὶ
667 2327 754 2375 τὸν
796 2320 968 2376 παῖδα
997 2320 1056 2376 δέ
1096 2343 1180 2376 σοι
1221 2327 1352 2396 μετὰ
1390 2319 1551 2387 δόξης
1593 2344 1760 2399 παρα-

159 2416 410 2483 στήσαιμι
447 2415 512 2463 τὸ
561 2411 641 2464 ἐπ’
689 2412 828 2482 αὐτῷ
871 2414 1035 2474 πάθος
1079 2412 1578 2484 ψυχαγωγήσαντα.
1632 2417 1757 2466 Τοῦ-

154 2520 252 2562 τοις
290 2504 318 2559 ἡ
352 2505 490 2572 γυνὴ
522 2510 626 2562 τοῖς
677 2501 847 2572 λόγοις
894 2501 1290 2576 παρακληθεῖσα
1342 2521 1395 2555 τε
1423 2508 1516 2562 τὴν
1569 2502 1755 2574 ψυχὴν

152 2595 235 2642 καὶ
290 2596 348 2643 τὸ
401 2600 562 2662 σῶμα
639 2593 822 2652 ἱκανῶς
899 2594 1229 2666 νευρωθεῖσα,
1316 2596 1444 2666 πρὸς
1492 2597 1548 2645 τό
1609 2595 1754 2667 ἔργον

153 2681 404 2750 ἠπείγετο.
454 2682 600 2734 Ἐπεὶ
631 2678 691 2734 δι
739 2686 828 2734 καὶ
876 2685 961 2734 τὸν
1000 2687 1174 2746 τόπον,
1227 2684 1347 2734 ἔνθα
1389 2687 1480 2741 τὴν
1533 2682 1754 2755 κεφαλὴν

157 2769 421 2838 ἐμάνθανεν
489 2769 828 2837 ἀποκεῖσθαι,
887 2775 1347 2846 χειραγωγουμένη
1419 2767 1524 2830 ἤδη
1579 2776 1753 2824 κατεί-

159 2859 306 2927 ληφε,
363 2862 632 2932 προθύμως
703 2856 956 2934 διώρυττε
1029 2868 1139 2920 ταῖς
1213 2865 1375 2934 χερσὶ
1427 2866 1514 2913 καὶ
1580 2863 1751 2936 ὥσπερ

159 2949 271 2997 τινὰ
315 2950 575 3022 θησαυρὸν
618 2947 909 3023 ἀνευροῦσα
958 2953 1051 3008 τὴν
1095 2949 1318 3022 κεφαλὴν
1355 2948 1467 3021 ἅμα
1516 2958 1576 3022 τῇ
1628 2954 1752 3002 ταύ-

146 3055 240 3097 της
277 3039 474 3111 εὑρέσει
507 3042 596 3089 καὶ
646 3041 704 3089 τὸ
749 3034 887 3090 ἴδιον
931 3037 1216 3111 ἐξευρίσκει
1267 3047 1390 3111 φῶς,
1437 3044 1526 3091 καὶ
1576 3038 1754 3112 βλέπει
1789 3066 1831 3123 C

143 3132 224 3177 τον
257 3127 399 3185 ἠλιον
444 3132 475 3185 ἧ
513 3131 600 3179 καὶ
641 3128 804 3185 αὐτὴν
836 3134 988 3199 φᾶναι
1031 3133 1124 3186 τὴν
1180 3128 1402 3200 κεφαλὴν
1456 3131 1524 3191 ὡς
1571 3132 1752 3187 νοητὸν

143 3215 337 3290 ἀστέρα
367 3217 485 3268 ὑπὸ
525 3224 626 3286 γῆν
671 3212 904 3268 δύνασαν
950 3219 1168 3291 καθορᾷ.
1216 3215 1342 3271 Εἶτα
1371 3222 1459 3270 καὶ
1500 3238 1754 3291 περιπτυ-

138 3305 329 3377 ξαμένη
385 3309 589 3379 θερμῶς
633 3308 963 3378 καθηραμένη
1017 3326 1070 3358 τε
1126 3315 1222 3368 τῆς
1271 3311 1468 3382 κόπρου
1517 3312 1607 3360 καὶ
1650 3310 1753 3379 μύ-

134 3414 246 3468 ροις
307 3393 530 3466 ἐντίμως
601 3393 883 3465 ἀλείψασα,
960 3397 1194 3448 ἐπάνεισι
1268 3395 1421 3448 πάλιν
1479 3399 1610 3469 πρὸς
1665 3400 1750 3448 τὸν

138 3483 441 3552 ξενίσαντα,
499 3486 586 3536 τὸν
639 3482 921 3556 πολύτιμον
975 3483 1160 3537 ἐκεῖνον
1203 3488 1500 3558 κομίζουσα
1551 3506 1751 3561 μαργα-

133 3593 309 3644 ριτην.

215 3660 316 3715 1Α’.
351 3663 460 3723 Τῆς
499 3657 551 3712 δ’
583 3661 836 3724 ἐπιούσης
863 3666 1068 3730 νυκτὸς,
1105 3660 1257 3726 αὖθις
1305 3665 1329 3716 ὁ
1375 3666 1502 3725 θεῖος
1534 3663 1751 3736 ἐφίστα-

139 3770 232 3803 ται
293 3757 551 3821 Λογγῖνος
604 3746 823 3825 φαιδρὸν
880 3749 1267 3823 ὑπομειδιῶντα
1331 3758 1421 3805 καὶ
1480 3760 1750 3826 νυμφικοῖς

139 3843 320 3912 ὥσπερ
379 3847 484 3899 τοίς
538 3838 891 3912 περιϐλήμασι
939 3837 1302 3914 διαλάμποντα
1357 3846 1442 3895 τόν
1499 3845 1606 3894 υἱὸν
1660 3842 1750 3894 αὑ-

320 3927 642 4000 ἐπαγόμενος,
708 3925 873 3990 ἡδέως
951 3949 1004 3983 τε
1083 3930 1237 3983 αὐτὸν
1317 3937 1406 3983 καὶ
1485 3941 1748 4006 πατρικῶς

1357 4017 1468 4074 Ἴδε
1513 4023 1564 4073 ὄν
1595 4020 1742 4073 ἐπέν-

145 3948 246 3987 της

138 4017 624 4090 ὑπαγκαλιζομενος
654 4023 744 4070 καί
783 4037 914 4090 φησι
943 4022 1070 4091 πρὸς
1101 4019 1263 4077 αὐτήν
1297 4037 1309 4050 ·

1177 4105 1280 4175 ἴδε,
1336 4111 1472 4172 ὅπως
1503 4113 1614 4182 ἔχει
1661 4119 1748 4163 νῦν

136 4111 265 4171 Sang,
314 4105 353 4158 ὦ
381 4111 555 4178 γύναι,
605 4110 658 4158 ὃν
688 4107 910 4171 ἐπένθεις
958 4108 1068 4161 υἱον
1111 4129 1123 4141 ο

135 4196 396 4256 εὶκλείας,
428 4200 520 4246 καὶ
571 4197 938 4270 παρακλὴθητι
988 4215 998 4226 ⁸
1048 4200 1174 4258 Θεὸς
1219 4200 1319 4272 γὰρ
1353 4199 1510 4250 αὐτὸν
1560 4200 1626 4260 εἰς
1655 4205 1748 4257 τὴν

134 4285 337 4337 οἰκείαν
399 4286 706 4355 ἐστράτευσε
779 4283 1052 4358 βασιλείαν
1113 4304 1124 4316 ⁸
1179 4286 1326 4359 κάγὼ
1387 4297 1566 4340 τοῦτον
1625 4290 1746 4362 παρ’

139 4373 260 4443 ἐμοὶ
286 4376 399 4444 ἔχω
436 4371 606 4424 λαϐὼν
633 4377 769 4447 παρά
818 4383 909 4428 τοῦ
943 4383 1178 4451 Σωτῆρος
1217 4382 1306 4429 καὶ
1357 4373 1531 4442 δεξιᾷς
1564 4381 1749 4432 οὔποτε

151 4469 250 4521 τῆς
307 4462 428 4532 ἐμῆς
479 4461 854 4520 ἀποστήσεται.
935 4463 1188 4518 Λαϐοῦσα
1244 4470 1415 4518 τοίνυν
1481 4471 1569 4525 τὴν
1623 4466 1748 4538 ἐμὴν

151 4549 380 4619 κεφαλήν
412 4556 579 4604 καὶτὸ
627 4559 723 4604 σοῦ
777 4561 930 4626 σῶμα
981 4550 1194 4619 παιδὸς,
1247 4563 1305 4628 τῇ
1344 4555 1474 4628 αὐτῇ
1534 4555 1750 4631 λάρνακι

141 4635 328 4707 θάψον
383 4645 465 4691 καὶ
516 4645 704 4712 μηκέτι
755 4643 927 4715 θρήνει
1004 4662 1098 4694 σου
1150 4647 1236 4695 τὸν
1288 4653 1557 4716 μονογενῆ,
1611 4641 1751 4717 μηδέ

129 4731 381 4780 τυπτέτω
434 4747 493 4781 σε
534 4731 566 4786 ἡ
618 4727 816 4801 καρδία
868 4751 984 4798 σου,
1035 4732 1230 4804 μεγάλη
1280 4736 1380 4806 γὰρ
1431 4733 1572 4805 αὐτῷ
1620 4731 1751 4798 δόξα

127 4822 227 4868 καὶ
274 4816 575 4889 εὐφροσύνη
619 4818 971 4890 πολυύμνητοί
1022 4839 1077 4873 τε
1121 4829 1353 4896 χορεῖαι,
1416 4829 1505 4876 καὶ
1549 4821 1752 4883 πάνδη-

123 4926 226 4978 μοι
274 4907 605 4978 πανηγύρεις
659 4911 797 4978 παρὰ
834 4917 924 4961 τοῦ
974 4909 1354 4984 προσλαϐόντος
1411 4919 1544 4965 Θεοῦ
1585 4910 1750 4966 δεδώ-

119 5013 350 5065 ρηνται.
406 4996 614 5047 Τούτων
650 4998 680 5054 ἠ
739 5005 830 5048 τοῦ
877 4995 1070 5059 παιδὸς
1125 4997 1404 5052 ἀκούσασα
1449 5006 1623 5076 μήτηρ
1673 5005 1753 5055 εὑ-

124 5085 264 5141 ϐἐως
345 5082 642 5149 ἀνίσταται,
713 5090 805 5137 καὶ
878 5085 1110 5140 λαϐοῦσα
1179 5093 1272 5147 τὴν
1337 5097 1429 5142 τοῦ
1486 5092 1749 5166 μάρτυρος

118 5170 371 5240 κεφαλήν
413 5179 473 5244 τῇ
521 5169 748 5246 πατρίδι
794 5181 887 5226 τοῦ
932 5177 1196 5251 μάρτυρος
1243 5175 1548 5232 ἀποδίδωσι
1599 5181 1751 5252 (Σαν-

121 5260 301 5320 ἅιαλη
337 5270 400 5333 τῇ
433 5269 578 5337 κώμῃ
622 5269 683 5318 τὸ
714 5266 896 5338 ὄνομα)
929 5284 942 5297 ·
976 5273 1063 5320 καὶ
1112 5273 1200 5321 τὸν
1230 5278 1322 5323 τοῦ
1354 5268 1543 5334 παιδὸς
1572 5277 1748 5349 νεκρὸν

124 5351 381 5424 ἁσμένως
441 5355 735 5427 παραθεῖσα
804 5362 866 5427 τῇ
948 5363 1038 5409 τοῦ
1103 5360 1367 5434 μάρτυρος
1436 5360 1651 5434 κεφαλῇ,
1699 5360 1747 5414 ἐν

119 5444 278 5510 τόπῳ
360 5458 415 5493 τε
495 5440 738 5516 ἐπισήμῳ
800 5454 998 5518 σεμνῶς
1060 5448 1448 5520 περιστείλασα,
1524 5459 1742 5504 τοιαῦτα

207 5567 229 5600 ⁸
271 5567 450 5623 Rom.
493 5584 615 5633 vui,
658 5573 745 5626 28.

385 5660 632 5714 ΡΑτιιοι..
667 5660 770 5715 Gn.
801 5661 949 5718 CXV.

1874 1788 2055 1842 nostri
2083 1787 2237 1843 facta
2269 1788 2394 1855 fuit,
2425 1789 2882 1856 confessionem,
2920 1795 3167 1846 mortem
3201 1806 3323 1861 qua
3345 1805 3381 1845 a
3406 1788 3526 1845 Ca2-

1873 1892 2002 1932 sare
2034 1882 2090 1932 et
2116 1877 2296 1933 Pilato
2319 1877 2425 1933 fuit
2445 1878 2902 1946 condemnatus,
2925 1878 3135 1950 capitis
3164 1878 3524 1950 amputatio-

1871 1981 2030 2030 ncm,
2064 1972 2120 2022 et
2149 1967 2283 2033 alia,
2318 1983 2453 2040 qua:
2483 1973 2709 2040 martyr
2739 1973 2981 2040 propter
3014 1966 3315 2023 Christum
3349 1967 3524 2022 susti-

1871 2057 1997 2112 nuit
2047 2057 2382 2128 magnifice.
2429 2059 2581 2123 Quin
2633 2059 2810 2112 etiam
2857 2057 2993 2114 dicit
3023 2058 3114 2111 ei:
3170 2058 3412 2128 Oportet
3465 2061 3521 2113 te

1869 2145 2189 2202 observare
2204 2163 2386 2202 meum
2400 2151 2579 2219 caput
2592 2146 2767 2203 multo
2779 2146 2916 2202 ﬁmo
2931 2151 3173 2214 tectum,
3189 2145 3267 2201 ad
3280 2151 3520 2202 tuorum

1868 2236 2179 2292 oculorum
2211 2236 2602 2293 curationem.
2636 2239 2784 2292 Nam
2824 2235 2873 2290 si
2915 2235 3057 2290 illud
3096 2235 3377 2305 attigeris,
3418 2234 3520 2291 lux

1869 2325 2064 2380 statim
2104 2330 2158 2381 te
2199 2331 2500 2398 sequetur.
2544 2328 2689 2380 Poro
2730 2330 2930 2380 autem
2969 2339 3081 2393 ego
3122 2338 3367 2396 quoque
3415 2323 3520 2379 tibi

1866 2413 2164 2470 adducam
2207 2431 2460 2486 puerum
2499 2430 2639 2469 eum
2677 2413 2886 2484 gloria,
2928 2414 3029 2486 qui
3069 2429 3250 2484 quem
3276 2417 3518 2484 propter

1866 2518 2004 2558 eum
2023 2504 2262 2575 accipis,
2287 2503 2554 2559 dolorem
2581 2505 2941 2558 consoletur.
2969 2502 3065 2556 His
3087 2501 3286 2556 verbis
3303 2501 3516 2557 mulier

1865 2607 2068 2647 animo
2098 2600 2382 2658 recreata,
2415 2595 2468 2647 et
2498 2607 2746 2663 corpore
2768 2591 2911 2646 satis
2939 2588 3346 2655 corroborata,
3382 2605 3517 2660 pre-

1864 2680 2114 2752 perabat
2144 2680 2220 2735 ad
2251 2696 2423 2752 opus.
2458 2679 2611 2737 Cum
2644 2683 2845 2734 autem
2877 2677 3136 2733 deducta
3160 2678 3288 2748 jam
3316 2693 3516 2749 perve-

1865 2770 2049 2825 nisset
2072 2769 2150 2825 ad
2181 2769 2399 2837 locum,
2428 2769 2486 2823 in
2512 2783 2635 2840 quo
2669 2767 2895 2822 sciebat
2925 2771 3104 2837 caput
3129 2781 3260 2821 esse
3282 2767 3514 2838 reposi-

1865 2865 2012 2924 tum,
2048 2864 2327 2930 prompto
2357 2863 2414 2913 et
2441 2857 2623 2913 alacri
2662 2857 2865 2912 animo
2905 2855 3172 2912 fodiebat
3212 2855 3511 2911 manibus.

1864 2951 1928 3004 Et
1941 2965 2067 3003 cum
2083 2948 2254 3004 veluti
2269 2947 2593 3019 quemdam
2611 2947 2954 3002 thesaurum
2972 2943 3512 3017 caputinvenisset,

1863 3038 2040 3094 simul
2096 3053 2233 3093 cum
2263 3037 2391 3108 ejus
2421 3036 2777 3101 inventione,
2811 3051 2986 3091 suam
3025 3049 3268 3108 quoque
3317 3033 3513 3089 lucem

1861 3127 2086 3183 invenit
2115 3144 2134 3192 ;
2165 3134 2220 3182 et
2248 3126 2461 3198 aspicit
2496 3126 2704 3192 solem,
2740 3129 2843 3180 aut
2874 3124 3056 3180 etiam
3095 3123 3294 3195 ipsum
3334 3128 3514 3196 caput

1862 3214 2643 3288 cernittamquamlucidam
2665 3213 2888 3270 stellam
2904 3213 3275 3286 apparuisse.
3294 3213 3514 3268 Deinde

1862 3306 1921 3361 id
1943 3307 2220 3362 ardenter
2241 3306 2576 3377 complexa,
2603 3321 2738 3360 cum
2767 3320 2803 3360 a
2825 3309 3080 3359 stercore
3102 3309 3508 3375 expurgasset,

1861 3401 1915 3452 et
1939 3397 2256 3466 unguentis
2275 3395 2540 3451 unxisset
2559 3394 2908 3460 honoriﬁce,
2926 3392 3234 3449 revertitur
3249 3391 3328 3448 ad
3350 3408 3509 3456 eum,

1860 3486 1960 3558 qui
1988 3485 2153 3540 illam
2181 3485 2439 3557 hospitio
2465 3487 2798 3556 exceperat,
2828 3483 3149 3554 pretiosam
3176 3481 3339 3538 illam
3370 3479 3510 3538 affe-

1857 3591 1996 3630 rens
2027 3576 2433 3644 margaritam.

1934 3666 2017 3719 Xl.
2053 3662 2332 3735 Sequenti
2363 3668 2562 3719 autem
2587 3666 2757 3717 nocte
2781 3660 3019 3716 divinus
3044 3675 3253 3716 rursus
3282 3658 3511 3715 accedit

1863 3753 2182 3822 Longinus,
2214 3752 2349 3808 laato
2381 3751 2543 3806 vultu
2578 3750 3004 3814 subridentem,
3039 3753 3095 3805 et
3124 3748 3299 3821 quasi
3330 3763 3510 3819 spon-

1861 3842 2085 3898 salibus
2112 3841 2470 3896 vestimentis
2483 3839 2765 3895 nitentem
2788 3838 2975 3893 ﬁlium
2993 3854 3171 3893 suum
3192 3837 3507 3900 inducens,

1860 3932 2237 4004 suaviterque
2259 3935 2314 3985 et
2340 3935 2583 4000 paterne
2600 3943 2735 3982 eum
2759 3926 3149 3998 amplectens,
3177 3930 3233 3980 et
3257 3924 3462 3979 dicitei
3490 3941 3504 3981 :

1861 4023 2005 4076 Ecce
2017 4017 2478 4093 quemlugebas,
2497 4017 2708 4083 ﬁlium,
2727 4031 2763 4072 o
2778 4013 3006 4079 mulier,
3026 4029 3206 4086 quem
3224 4012 3502 4082 lugebas:

1858 4126 1995 4166 ecce
2024 4114 2288 4182 quantus
2318 4107 2390 4163 sit
2419 4123 2579 4162 nunc
2630 4106 2758 4176 ejus
2786 4104 2978 4160 honor
3007 4107 3064 4158 et
3093 4102 3301 4175 gloria,
3335 4107 3391 4156 et
3431 4107 3508 4157 te-

1859 4201 2054 4273 ipsam
2082 4199 2412 4255 consolare.
2442 4201 2594 4252 Deus
2612 4197 2769 4251 enim
2788 4195 2988 4267 ipsum
3009 4192 3205 4248 retulit
3223 4193 3284 4247 in
3304 4207 3508 4246 nume-

1858 4306 1991 4345 rum
2013 4287 2230 4343 militize
2247 4287 2336 4342 sui
2353 4286 2541 4356 regni,
2560 4299 2792 4356 egoque
2807 4299 2965 4338 nunc
2981 4297 3119 4337 eum
3137 4280 3332 4337 habeo
3345 4296 3509 4336 acce-

1784 4409 1828 4464 D
1860 4385 2028 4451 ptum
2060 4377 2435 4440 aSalvatore,
2458 4391 2564 4429 nec
2595 4390 2631 4429 a
2663 4388 2796 4428 mea
2815 4387 3083 4443 unquam
3117 4369 3348 4464 recedet
3369 4369 3510 4464 deir-

1861 4475 2005 4524 tera.
2058 4467 2270 4539 Accipe
2300 4480 2442 4534 ergo
2473 4479 2676 4517 meum
2707 4468 2886 4533 caput
2912 4467 2968 4516 et
2996 4476 3216 4530 corpus
3247 4459 3327 4514 tui
3381 4458 3504 4524 ﬁlii,

1859 4562 1914 4612 et
1939 4555 2123 4628 sepeli
2150 4556 2208 4610 in
2239 4553 2450 4610 eadem
2464 4567 2621 4617 arca,
2638 4557 2693 4605 et
2718 4566 2790 4605 ne
2811 4549 3068 4620 amplius
3089 4549 3296 4618 lugeas
3319 4546 3506 4602 ﬁlium

1862 4651 2028 4701 tuum
2053 4643 2445 4714 unigenitum,
2469 4655 2661 4712 neque
2680 4645 2731 4695 te
2746 4637 3013 4694 verberet
3031 4653 3130 4693 cor
3145 4641 3330 4692 tuum.
3358 4639 3507 4692 Nam

1861 4750 2085 4805 magna
2111 4733 2297 4803 gloria
2334 4737 2389 4788 et
2417 4729 2638 4794 laetitia,
2672 4733 2728 4784 et
2759 4728 2994 4797 magnis
3031 4725 3314 4782 laudibus
3356 4724 3511 4780 cele-

1860 4822 2110 4879 brandae
2133 4823 2383 4884 choreae,
2407 4826 2462 4874 et
2487 4818 2636 4873 festa
2656 4815 3042 4872 celeberrima
3068 4815 3119 4869 ei
3149 4815 3290 4870 data
3319 4819 3509 4869 sunta

1865 4915 2001 4978 Deo,
2025 4911 2273 4984 quicum
2294 4908 2537 4980 accepit.
2560 4907 2694 4962 Haac
2715 4922 2851 4961 cum
2865 4903 3149 4960 audiisset
3181 4908 3368 4959 mater
3383 4902 3506 4970 ﬁlii,

1861 5002 2056 5057 statim
2089 5000 2295 5070 surgit,
2335 5004 2392 5054 et
2428 5001 2742 5068 acceptum
2781 4994 3058 5066 martyris
3089 4998 3288 5063 caput,
3321 4991 3512 5048 reddit

1861 5090 2066 5147 Patriae
2087 5089 2361 5161 martyris
2380 5088 2566 5156 (Pago
2587 5089 2786 5141 autem
2810 5098 3030 5139 nomen
3053 5087 3140 5137 est
3165 5080 3467 5152 Sandiale)
3494 5097 3508 5147 ;

1859 5185 1916 5236 et
1943 5197 2079 5236 cum
2113 5194 2330 5249 corpus
2357 5175 2461 5231 ﬁlii
2500 5173 2674 5246 capiti
2721 5172 2999 5245 martyris
3038 5171 3290 5226 libenter
3328 5186 3512 5242 appo-

1859 5271 2089 5336 suisset,
2112 5269 2240 5324 etin
2257 5267 2388 5323 loco
2404 5264 2623 5334 insigni
2640 5263 2887 5320 honeste
2908 5260 3366 5332 composuisset,
3381 5260 3510 5315 haec

1857 5359 2022 5432 apud
2068 5375 2131 5414 se
2187 5357 2424 5412 dicebat
2456 5371 2469 5409 :
2502 5355 2668 5410 Nnnc
2694 5352 2836 5418 scio,
2867 5349 3027 5421 quod
3065 5349 3157 5415 iis,
3189 5349 3294 5422 qui
3346 5349 3511 5405 Deun

1857 5450 2131 5521 diligunt,
2154 5445 2356 5503 omnia
2383 5444 2460 5500 ad
2488 5443 2712 5499 bonum
2741 5439 3056 5498 conferunt
3080 5441 3122 5492 ⁸.
3155 5437 3509 5504 Οιιωτθὺοω

3268 5652 3299 5707 2
