4062 6222
498 250 565 310 43

494 474 614 525 tus.
644 471 729 525 Me
753 466 1052 524 afﬁciebat
1075 466 1302 523 tristitia
1317 466 1551 536 jactura
1568 466 1690 531 ﬁlii,
1726 467 1828 522 sed
1846 483 1981 522 ecce
2009 483 2145 521 eum

490 558 689 613 habeo
742 555 1066 620 baeredem,
1101 555 1220 611 Deo
1250 570 1388 611 cum
1418 555 1607 624 gloria
1645 556 1809 625 regia
1867 556 2149 611 assisten-

492 652 634 711 tem,
684 650 741 701 et
764 660 927 701 nunc
950 648 1133 699 noctu
1166 650 1221 699 et
1250 644 1507 701 interdiu
1532 644 1674 700 mihi
1706 644 1878 700 matri
1926 644 2146 700 blande

489 734 727 800 arridet,
838 732 1320 803 congloriﬁcatus
1404 732 1730 789 bonoribus
1831 732 2144 804 propheta-

490 839 623 880 rum
678 828 734 879 et
784 827 1140 894 martyrum,
1174 827 1229 877 et
1258 837 1396 878 cum
1422 822 1508 877 eis
1558 820 1882 888 exsultans,
1908 828 1962 877 et
2008 837 2143 876 cum

492 913 758 983 Longino
788 928 1024 969 crucem
1059 912 1271 977 ferens,
1301 917 1358 967 et
1384 912 1551 981 regni
1580 912 1865 967 caelorum
1907 910 2147 983 praecla-

487 1017 620 1058 rum
654 1000 847 1057 ferens
879 1006 1170 1072 tropaeum
1201 1002 1351 1056 inter
1382 1000 1627 1071 angelos
1661 1016 1673 1056 :
1707 1000 1859 1056 adeo
1894 1005 1954 1056 ut
2001 999 2145 1054 Lon-

490 1091 613 1161 gini
640 1090 830 1146 factus
851 1090 1204 1161 discipulus,
1236 1090 1362 1161 ipse
1388 1105 1632 1162 quoque
1660 1104 1894 1144 sacram
1922 1090 2147 1143 emittat

490 1195 716 1247 vocem,
748 1179 1217 1251 bymnicamque
1248 1184 1303 1234 et
1343 1179 1680 1250 mysticam,
1714 1183 1770 1233 et
1800 1177 2031 1248 epinicii
2062 1178 2147 1232 in-

487 1274 608 1325 star
636 1269 958 1324 habentem
992 1284 1005 1322 :
1039 1270 1178 1323 Vere
1209 1268 1309 1323 Dei
1344 1269 1521 1322 Filius
1553 1271 1677 1323 crat
1703 1268 1833 1336 iste,
1861 1273 1916 1322 et
1944 1271 2049 1332 est,
2094 1272 2149 1321 et

486 1357 614 1414 erit.
650 1360 919 1428 Regnum
952 1357 1101 1428 ejus,
1129 1371 1383 1426 regnum
1412 1358 1686 1412 omnium
1715 1356 2075 1420 seculorum,
2094 1362 2146 1411 et

487 1448 617 1519 ejus
646 1446 981 1503 dominatio
1002 1446 1381 1518 permanebit
1398 1445 1456 1501 in
1479 1450 1769 1501 aeternum
1796 1447 1843 1501 ⁸.
1871 1447 1935 1502 Et
1961 1445 2149 1516 gloria

486 1541 542 1593 et
569 1536 833 1610 potentia
856 1535 918 1592 in
946 1534 1163 1591 saecula
1194 1534 1550 1592 sasculorum
1587 1536 1652 1590 ¹⁰.
1688 1539 1896 1590 Amen.

557 1838 713 1895 Psal.
745 1853 931 1906 cxmv,
967 1841 1052 1894 13.
1094 1838 1143 1874 ¹⁰
1175 1840 1321 1894 Dan.
1362 1853 1460 1905 vn,
1499 1841 1587 1894 27.

1850 248 2102 309 MENSIS
2142 249 2487 309 MARTIUS.

495 379 705 438 oculos
727 378 946 443 carnis,
980 390 1092 447 ego
1118 380 1317 433 autem
1342 377 1542 449 accepi
1564 376 1742 433 etiam
1765 377 1970 434 oculos
1983 378 2150 449 spiri-

2259 381 2390 450 πρὸς
2447 378 2632 437 ἑαυτὴν
2689 377 2927 450 ἐπεφώνει
2979 393 2992 407 ⁸

3794 256 3861 314 44

3052 382 3159 428 Νῦν
3222 372 3365 439 οἶδα,
3441 377 3684 450 λέγουσα,
3759 391 3865 445 τοῖς

2257 468 2506 536 ἀγαπῶσι
2546 471 2632 519 τὸν
2681 470 2809 519 Θεὸν
2853 467 3021 518 πάντα
3056 469 3183 534 πρὸς
3234 470 3290 518 τό
3323 465 3519 537 ἀγαθόν
3571 470 3865 543 συλλαμϐα-

2492 556 2784 627 ὀφθαλμοὺς
2833 553 3043 614 ἐζήτουν
3098 558 3311 629 σαρκὸς,
3366 554 3466 627 ἐγὼ
3516 554 3701 612 δὲκαὶ
3748 566 3865 622 τοὺς

2255 652 2348 696 τοῦ
2402 648 2691 716 πνεύματος
2744 643 2922 696 ἔλαϐον
2972 659 2987 674 ⁸
3057 643 3227 697 ἐλύπει
3301 664 3364 717 με
3435 647 3604 719 ζημία
3661 654 3860 716 τέκνου,

2258 732 2365 783 ἀλλ’
2414 735 2521 805 ἔχω
2561 736 2645 785 τὸν
2694 732 3034 805 κληρονόμον,
3081 729 3216 804 ἰδοὺ,
3269 736 3398 806 μετὰ
3438 734 3721 807 βασιλικῆς
3771 748 3865 801 τῆς

2259 820 2417 884 δόξης
2454 831 2523 892 τῷ
2572 828 2684 892 Θεῷ
2716 825 3099 897 παριστάμενον
3147 826 3236 875 καὶ
3287 832 3374 875 νῦν
3420 828 3609 900 ἥμερόν
3639 847 3749 899 μοι,
3796 838 3859 902 τῇ

2260 917 2440 985 μητρὶ,
2499 911 2764 985 προσγελᾷ
2815 915 3013 986 νύκτωρ
3080 916 3169 963 καὶ
3229 913 3340 985 μεθ’
3388 916 3606 987 ἡμέραν,
3663 937 3865 990 προφη-

2256 574 2394 607 νεται
2426 572 2440 585 ⁹

2256 1010 2354 1053 τῶν
2420 1008 2598 1073 τιμαῖς
2648 1007 2736 1054 καὶ
2813 1005 3089 1076 μαρτύρων
3165 999 3611 1075 συνδοξαξόμενος
3661 1020 3673 1035 ·
3731 1010 3861 1077 μετὰ

2259 1096 2516 1162 Λογγίνου
2564 1111 2617 1143 τε
2669 1100 3032 1165 σταυροφορῶν
3080 1096 3169 1143 καὶ
3222 1095 3281 1143 τὸ
3337 1092 3570 1167 λαμπρόν
3610 1104 3706 1157 τῆς
3762 1106 3859 1147 τῶν

2256 1185 2482 1255 οὐρανῶν
2574 1179 2849 1251 βασιλείας
2914 1178 3270 1252 ἐπιφερόμενος
3350 1187 3599 1255 τρόπαιον
3669 1184 3862 1255 μεταξὺ

2906 1274 3169 1340 Λογγίνου
3238 1272 3515 1341 φθέγγεται
3595 1274 3805 1343 μαθητή
3819 1294 3861 1339 ς,

2259 1358 2447 1431 ἀφίησι
2492 1363 2580 1411 καὶ
2625 1359 2774 1419 αὐτὸς
2827 1363 2995 1430 φωνὴν
3046 1360 3183 1429 ἱερὰν
3225 1358 3522 1431 υμνολόγον,
3577 1367 3859 1433 μυστικὴν,

2628 1447 2833 1509 ἀληθῶς
2889 1454 3020 1499 Θεοῦ
3077 1449 3191 1508 Υἱός
3245 1444 3304 1505 ἧν
3354 1448 3523 1516 οὗτος,
3588 1456 3676 1503 xui
3728 1453 3863 1516 ἔστι,

2258 1278 2355 1321 τῶν
2434 1269 2677 1340 ἀγγέλων,
2760 1272 2824 1329 ὡς

2260 1448 2507 1500 ἐπινίκιον
2562 1465 2573 1476 ’

2259 1541 2348 1589 καὶ
2392 1538 2539 1588 ἔσται
2572 1555 2584 1568 ·
2628 1537 2656 1594 ἡ
2706 1534 2953 1609 βασιλεία
2992 1534 3151 1588 αὐτοῦ
3201 1534 3448 1608 βασιλεία
3496 1537 3720 1601 αἰώνιος,
3772 1544 3863 1589 καὶ

2261 1628 2290 1685 ἡ
2340 1622 2618 1678 δεσποτεία
2661 1625 2820 1677 αὑτοῦ
2870 1625 2936 1685 εἰς
2988 1628 3075 1677 τόν
3125 1625 3286 1677 αἰῶνα
3342 1631 3623 1701 παραμένει
3659 1645 3671 1658 ’

2261 1716 2291 1773 ἠ
2328 1710 2459 1778 δόξα
2485 1718 2574 1766 καὶ
2607 1718 2666 1766 τὸ
2696 1716 2888 1787 κράτος
2919 1715 2985 1775 εἰς
3014 1718 3135 1776 τοὺς
3157 1713 3365 1777 αἰῶνας.
3403 1715 3586 1789 Ἀμήν,

3723 1631 3865 1697 αὐτῷ

1602 2152 1861 2240 ΒΙΟΣ
1920 2154 2118 2238 ΚΑΙ
2179 2152 2745 2241 ΠΟΛΙΤΕΙΑ

1725 2318 1855 2366 ΤΟΥ
1894 2319 2090 2367 ΟΣΙΟΥ
2128 2320 2385 2367 ΠΑΤΡΟΣ
2426 2320 2620 2367 ΗΜΩΝ

1580 2458 2757 2637 ΑΒΡΑΜΙΟΥ

1394 2916 1710 3010 VITA
1792 2920 1957 3008 ET
2045 2916 2298 3009 CON
2314 2920 2967 3012 VEBSATIO

2056 3123 2113 3179 S.
2155 3122 2218 3179 P.
2258 3126 2321 3179 N.

1041 3330 1866 3476 ABBAMII
1983 3333 3291 3483 CONFESSORIS

1738 3600 1823 3655 ET
1862 3600 2098 3657 MARI/E
2138 3604 2383 3660 NEPTIS
2424 3605 2584 3660 EJUS

982 3722 1169 3791 Quam
1190 3724 1450 3795 Symeon
1474 3724 1911 3795 Metaphrastes
1942 3740 2016 3783 ex
2043 3727 2100 3783 S.
2132 3728 2413 3798 Ephrzem
2452 3728 2686 3784 videtur
2718 3729 2914 3799 fusius
2954 3729 3350 3801 descripsisse.

645 3846 849 3909 (Latine
882 3847 1025 3912 apud
1055 3848 1271 3899 Surium
1295 3849 1362 3901 ad
1392 3849 1534 3900 diem
1565 3850 1623 3898 16
1657 3850 1847 3908 Martii,
1880 3850 2054 3901 Graece
2084 3865 2147 3901 ex
2168 3852 2323 3902 codd.
2352 3853 2477 3917 Reg.
2506 3854 2615 3910 774,
2643 3866 2763 3904 saec.
2796 3864 2908 3911 xiv,
2942 3855 3080 3911 1484,
3110 3869 3231 3906 saec.
3256 3869 3347 3906 xu.
3378 3855 3521 3906 Enn.
3557 3856 3707 3905 PATR.

546 4187 586 4243 Ι.
630 4186 905 4244 Virorum
948 4186 1181 4245 virtutis
1207 4187 1615 4245 studiosorum
1648 4189 1788 4254 vita,
1823 4194 1880 4245 et
1925 4204 2133 4245 eorum

2318 4190 2393 4246 A'.
2442 4188 2673 4267 Ἀνδρῶν
2722 4192 3001 4266 φιλαρέτων
3052 4193 3170 4267 βίος
3220 4197 3308 4245 xui
3358 4194 3387 4252 ἠ
3423 4202 3515 4256 τῆς
3553 4194 3720 4247 αὐτῶν
3765 4214 3856 4247 πο·

474 4292 612 4348 quas
635 4274 713 4331 ab
730 4277 812 4332 eis
830 4281 996 4347 gesta
1012 4276 1270 4344 fuerunt,
1298 4277 1579 4343 narratio,
1596 4278 1879 4335 omnibus
1896 4279 2135 4351 quidem

475 4364 579 4437 qui
596 4364 689 4437 pie
710 4365 903 4421 vivere
923 4365 1299 4432 studuerunt,
1318 4372 1588 4439 tanqnam
1606 4367 1761 4423 utilis
1781 4374 1837 4422 et
1842 4368 1860 4437 j
1874 4367 2130 4432 ucunda,

476 4469 716 4510 summo
748 4454 944 4511 studio
974 4460 1061 4510 est
1089 4456 1425 4527 expetenda
1458 4472 1470 4511 :
1505 4458 1766 4513 maxime
1804 4462 2008 4513 autem
2040 4458 2130 4524 iis,

474 4542 578 4615 qui
608 4543 889 4599 virtutem
941 4549 1235 4607 exercent,
1288 4551 1344 4601 et
1390 4546 1497 4617 qui
1541 4546 1781 4603 beatam
1825 4545 1991 4602 illam
2032 4547 2132 4602 Dei

475 4631 901 4688 mandatorum
932 4633 1205 4689 semitam
1251 4634 1479 4704 ingredi
1518 4635 1930 4692 decreverunt.
1963 4635 2135 4692 Fiunt

476 4720 639 4777 enim
670 4721 753 4777 eis
772 4720 948 4777 veluti
972 4722 1221 4794 quidam
1254 4723 1437 4779 duces
1463 4724 1707 4792 itineris,
1739 4730 1799 4781 ut
1823 4725 1987 4797 quod
2015 4725 2132 4798 ipsi

476 4810 642 4883 prius
679 4810 1059 4876 confecerint,
1093 4817 1150 4867 et
1186 4812 1383 4884 reipsa
1412 4814 1777 4885 experientia
1815 4815 2131 4871 ostendere

475 4898 702 4972 possint
718 4898 787 4954 iis
801 4900 903 4972 qui
918 4906 1267 4971 sequuntur:
1287 4901 1387 4957 ubi
1400 4902 1637 4974 quidem
1649 4903 2130 4976 oporteataliquid

476 4987 769 5045 remittere
799 4982 873 5044 de
900 4989 1203 5059 ingressus
1227 4991 1625 5055 vehementia,
1654 4993 1973 5050 ubiautem
2006 5008 2130 5048 rur-

478 5094 579 5133 sus
598 5077 855 5148 gradum
877 5078 1205 5135 accelerare
1232 5086 1289 5135 et
1308 5080 1632 5137 intendere.
1668 5082 1880 5153 Sicque
1906 5086 2127 5138 certam

477 5165 708 5222 virtutis
737 5167 894 5222 viam
920 5172 976 5224 et
999 5167 1232 5223 facilem
1261 5168 1373 5225 illis
1394 5168 1755 5241 faciunt,qui
1778 5186 1909 5225 eam
1924 5185 2130 5241 aggre-

476 5254 739 5311 diuntur.
784 5256 1078 5322 Quoniam
1117 5262 1319 5315 autem
1358 5275 1426 5315 ex
1464 5259 1533 5315 iis
1574 5258 1837 5315 maxime
1876 5259 2129 5331 insignis

475 5344 815 5411 Abramius,
849 5360 970 5402 non
1002 5346 1197 5404 solum
1226 5364 1366 5405 cum
1396 5352 1549 5405 esset
1576 5347 1774 5403 adhuc
1804 5354 2127 5420 superstes,

477 5432 583 5489 sed
612 5448 773 5490 nunc
788 5451 1030 5508 quoque
1052 5437 1316 5493 oratione
1337 5436 1512 5494 veluti
1524 5437 1794 5509 quadam
1812 5452 2129 5509 expressus

478 5520 763 5595 imagine,
791 5523 853 5580 id
879 5524 1048 5597 plene
1074 5531 1353 5599 praestare
1392 5532 1622 5600 potest:
1665 5543 1757 5583 res
1796 5528 1925 5599 ejus
1966 5542 2128 5585 nunc

2243 4279 2434 4342 λιτείας
2487 4278 2743 4352 διήγησις
2799 4288 2887 4335 καὶ
2952 4288 3086 4335 πᾶσι
3152 4285 3240 4354 μὲν
3314 4289 3420 4343 τοῖς
3474 4280 3697 4344 εὐσεϐῶς
3756 4284 3855 4353 ζῇν

2244 4375 2625 4442 προῃρημένοις
2682 4373 2915 4424 ποθειναί
2970 4391 3023 4424 τε
3072 4371 3161 4423 καί
3217 4366 3691 4442 περισπούδαστοι,
3753 4372 3854 4441 μοί-

2242 4458 2395 4511 λιστα
2451 4456 2509 4511 δε
2557 4464 2668 4521 τοῖς
2716 4459 2901 4532 ἀρετῆς
2948 4462 3408 4531 μεταποιουμένοις
3458 4463 3547 4509 καὶ
3588 4460 3706 4511 ὅσοι
3757 4463 3854 4517 τὴν

2242 4552 2502 4623 μακαρίαν
2542 4547 2735 4605 ἐκείνην
2784 4547 2958 4621 τρίϐον
3007 4557 3105 4599 τῶν
3154 4554 3245 4598 τοῦ
3278 4554 3413 4599 Θεοῦ
3462 4546 3673 4599 ἐντολῶν
3704 4544 3856 4600 ὁδεῦ-

2244 4656 2333 4690 σαι
2381 4636 2674 4710 προείλοντο
2716 4653 2728 4667 ·
2798 4643 3064 4708 γίγνονται
3119 4638 3218 4707 γὰρ
3282 4634 3460 4699 αὐτοῖς
3516 4638 3667 4689 οἱονεί
3719 4656 3855 4699 τινες

2242 4723 2429 4798 ὁδηγοὶ
2482 4735 2574 4789 τῆς
2640 4746 2883 4788 τοιαυτης
2969 4725 3198 4799 πορείας,
3260 4724 3345 4778 οἶα
3404 4722 3853 4801 προδιανύσαντες

2240 4818 2429 4873 ταύτην
2494 4821 2583 4868 καὶ
2646 4815 2775 4887 αὐτῇ
2819 4819 2972 4885 πείρᾳ
3023 4819 3113 4866 καὶ
3170 4816 3452 4887 πράγμασι
3506 4822 3612 4876 τοῖς
3670 4812 3853 4885 ἑπομέ-

2238 4924 2339 4965 νοις
2404 4901 2757 4957 ὑποδεικνύειν
2848 4907 3075 4975 ἕχοντις,
3162 4905 3292 4957 ὅπου
3374 4907 3464 4976 μεν
3548 4907 3854 4976 γενομένους

2238 4998 2419 5066 μικρόν
2459 5013 2510 5045 τι
2559 4990 2919 5045 διαναπαῦσαι
2959 4998 3069 5065 χρὴ
3117 5002 3210 5055 τῆς
3255 4989 3586 5067 όδοιπορείας
3610 4995 3670 5045 τὸ
3725 4995 3852 5045 σύν-

2238 5101 2399 5148 τονον,
2461 5084 2588 5134 όποὺ
2658 5078 2717 5134 δε
2794 5082 2945 5135 πάλιν
2998 5082 3336 5146 ἐπισπεῦσαι,
3391 5087 3482 5134 xui
3530 5088 3849 5147 κατατεῖναι,

2238 5177 2325 5224 xui
2402 5175 2779 5246 συντονωτέραν
2842 5174 3193 5244 ποιήσασθαι,
3257 5176 3347 5223 καὶ
3414 5171 3579 5233 οὕτως
3648 5169 3849 5231 ἀπλανῆ

2236 5266 2326 5320 τὴν
2354 5258 2481 5313 ὀδόν
2529 5269 2634 5321 τοῖς
2672 5269 2913 5332 μετιοῦσι
2952 5268 3040 5314 καὶ
3087 5258 3280 5336 ῥᾳδίαν
3327 5259 3659 5336 ἐργάζονται.
3710 5259 3854 5313 Ἐπεὶ

2238 5351 2323 5403 οὖν
2381 5350 2766 5422 ἐπισημότατος
2822 5354 3016 5403 τούτων
3070 5350 3382 5425 Ἀϐρὰμιος,
3440 5349 3499 5402 οῦ
3561 5354 3712 5422 μόνον
3774 5351 3855 5401 ἔτι

2237 5443 2443 5513 περιὼν,
2502 5439 2628 5492 ἀλλά
2667 5445 2758 5493 καὶ
2810 5448 2897 5493 νῦν
2929 5442 3101 5515 ὧσπερ
3142 5439 3190 5492 ἐν
3223 5440 3383 5493 εἰκόνι
3410 5447 3484 5511 τῷ
3533 5438 3669 5510 λόγῳ
3727 5433 3853 5489 δια-

2236 5531 2575 5603 τυπούμενος,
2608 5526 2884 5603 διηγητέον
2932 5532 3000 5592 ὡς
3049 5530 3154 5583 οἶόν
3185 5548 3238 5584 τε
3265 5531 3332 5584 τὰ
3384 5536 3476 5583 τοῦ
3520 5525 3710 5604 ἀνδρὸς
3759 5532 3851 5581 xui

2461 5084 2588 5134 όποὺ
