4078 6222
237 311 294 368 ,5
1554 298 1721 356 VITA
1762 300 1822 355 s.
1865 297 2184 359 ABRAMH.

3487 306 3558 362 46

239 440 343 508 ἡμῖν
381 436 460 487 καὶ
508 432 619 483 κατ’
656 433 799 501 ἴχνος
838 425 979 500 αύτῷ
1010 434 1105 491 τῆς
1150 427 1332 503 ἀρετῆς
1378 430 1651 499 πορευτέον
1698 431 1779 478 xui

1898 441 1933 481 a
1957 427 2132 483 nobis
2162 428 2474 486 narranda:
2506 431 2646 484 sunt
2675 442 2782 500 pro
2812 427 3059 493 viribus,
3101 432 3165 484 ut
3203 445 3552 501 sequamur,

243 528 452 598 μιμητέον
480 521 549 583 εἰς
573 516 812 593 δύναμιν.

316 722 371 775 Β’.
397 719 525 779 Οὗτος
551 722 720 770 τοίνυν
751 716 778 769 ὁ
818 712 1057 789 δεύτερος
1102 713 1341 788 Ἀϐραὰμ
1375 718 1461 766 xui
1491 722 1563 784 τῷ
1602 718 1787 784 πρώτῳ

260 807 527 883 ποῳιξιιιλλος,
586 805 639 869 ἐξ
694 806 925 878 εὐγενοῦς
1007 807 1097 878 μὶν
1180 811 1273 865 τῆς
1351 803 1508 878 ῥίζης
1583 801 1790 873 εὐγενὴς

256 899 481 955 ἐϐλάστησε
529 892 742 958 κλάδοςο
797 899 1006 968 πατέρες
1051 896 1152 968 γὰρ
1206 893 1347 964 αύτῷ
1402 892 1632 967 λαμπροὶ
1697 894 1787 963 μεν

246 991 437 1060 τὸγένος,
465 985 691 1060 λαμπροὶ
746 982 805 1037 δὲ
852 988 939 1036 τόν
990 982 1105 1057 βίον
1148 987 1239 1035 καὶ
1267 982 1471 1053 πλούτῳ
1513 985 1601 1032 καὶ
1652 976 1781 1053 δόξῃ

235 1084 282 1147 τῇ
314 1079 433 1127 κατὰ
478 1080 670 1146 κόσμον
719 1072 955 1135 ἐπιεικῶς
1007 1076 1385 1145 σεμνυνόμενοι.
1427 1070 1677 1143 Ὀρὼντες
1726 1065 1786 1121 δε

226 1170 294 1217 τόν
346 1162 505 1218 παῖδα
558 1170 729 1216 πᾶσαν
790 1162 845 1214 ἐκ
902 1171 996 1224 τῆς
1057 1168 1268 1236 πρώτης
1326 1160 1531 1221 ἡλικίας
1597 1158 1784 1232 ἀρετὴν

224 1258 456 1326 μετιόντα,
488 1250 694 1326 σφοδρῷ
743 1253 878 1305 πάνυ
931 1256 1057 1326 πυρὶ
1102 1258 1192 1303 τοῦ
1239 1253 1369 1322 πρὸς
1406 1249 1562 1301 αὐτὸν
1608 1252 1781 1300 κατεί-

224 1363 363 1415 χοντο
422 1345 592 1395 πόθον·
670 1350 890 1394 τοιαῦτα
934 1339 1035 1412 γὰρ
1105 1344 1169 1391 τὰ
1238 1347 1339 1390 τῶν
1406 1342 1781 1410 γεγεννηκότων

225 1433 476 1504 σπλάγχνα
524 1436 615 1484 καὶ
670 1436 893 1503 πέφυκεν
959 1430 1123 1491 οὕτως
1175 1428 1329 1503 ἁρετὴ
1390 1423 1615 1492 παίδων,
1671 1432 1781 1499 μεί-

226 1526 330 1585 ζονα
372 1528 457 1583 τῆς
492 1528 720 1594 φυσικῆς
764 1528 994 1595 στοργῆς
1045 1537 1098 1571 τε
1135 1523 1225 1570 καὶ
1270 1513 1553 1578 διαθέσεως
1605 1516 1784 1576 αὐτοῖς

221 1618 300 1669 τὴν
332 1614 483 1685 πυρὰν
538 1612 878 1672 ύπανάπτειν,
930 1606 1017 1661 διὸ
1076 1605 1143 1665 δὴ
1186 1612 1276 1659 καὶ
1327 1606 1440 1658 λίαν
1494 1604 1785 1677 ἁκορέστως

219 1700 355 1753 αὑτοῦ
392 1705 475 1753 xui
503 1708 766 1774 περικαῶς
804 1701 1032 1769 ἔχοντες,
1075 1700 1290 1749 ἐπόθουν
1337 1695 1498 1749 καλοῦ
1546 1698 1784 1748 τοιούτου

1899 518 1954 570 et
1991 517 2195 587 quoad
2226 517 2276 589 ej
2288 534 2353 573 us
2381 517 2511 574 ﬁeri
2540 518 2770 590 poterit,
2811 517 3112 573 imitemur
3141 518 3391 588 vestigia
3418 519 3470 592 ej
3482 536 3551 575 us

1897 604 2144 661 virtutis.

1970 698 2034 750 ll.
2065 696 2164 752 Hic
2189 712 2331 767 ergo
2371 696 2669 753 secundus
2712 696 3037 765 Abraham,
3070 700 3127 753 et
3169 711 3307 752 cum
3353 698 3549 770 primo

1898 784 2316 857 conferendus,
2350 802 2424 843 ex
2452 786 2637 844 nobili
2673 787 2921 859 quidem
2959 786 3159 842 radice
3199 786 3549 855 germinavit

1897 889 2103 930 ramus
2143 876 2380 931 nobilis.
2422 880 2571 933 Nam
2610 876 2847 932 fuerunt
2889 875 3137 948 quidem
3187 875 3238 931 ei
3276 879 3552 947 parentes

1896 961 2037 1019 clari
2069 980 2302 1033 genere,
2335 966 2457 1021 vita
2487 970 2688 1022 autem
2717 964 2985 1030 illustres,
3020 971 3075 1020 et
3104 964 3207 1036 qui
3246 962 3467 1019 divitiis
3496 968 3554 1020 et

1895 1051 2082 1121 gloria
2096 1054 2405 1110 mundana
2416 1053 2526 1109 sibi
2539 1069 2920 1125 summopere
2935 1052 3268 1125 placebant.
3284 1054 3432 1109 Cum
3450 1068 3552 1110 au-

1894 1145 2012 1197 tem
2039 1142 2305 1199 viderent
2325 1159 2578 1215 puerum
2605 1142 2683 1198 ab
2709 1144 2950 1198 ineunte
2972 1146 3143 1198 aetate
3163 1157 3407 1198 omnem
3428 1141 3549 1198 vir-

1894 1234 2076 1286 tutem
2107 1239 2494 1296 exercentem,
2543 1232 2897 1287 tenebantur
2926 1231 3171 1303 quidem
3214 1230 3551 1288 vehementi

1889 1328 2026 1390 igne
2058 1321 2117 1375 in
2140 1337 2278 1376 eum
2300 1321 2523 1376 amoris
2546 1328 2597 1376 et
2623 1320 2918 1376 desiderii.
2945 1322 3093 1376 Sunt
3112 1319 3274 1374 enim
3297 1318 3438 1376 talia
3455 1336 3552 1375 eo-

1890 1426 2047 1475 rum,
2083 1410 2185 1481 qui
2218 1415 2567 1479 genuerunt.
2601 1410 2843 1472 viscera,
2874 1413 3160 1465 etnatura
3187 1413 3273 1464 est
3302 1409 3385 1464 eis
3405 1409 3548 1464 insi-

1893 1498 2293 1565 tum,utvirtus
2306 1498 2554 1555 ﬁliorum
2571 1499 2843 1569 majorem
2856 1498 2918 1554 in
2932 1498 3019 1554 eis
3032 1498 3548 1554 excitetﬂammam

1892 1588 2180 1646 naturalis
2205 1587 2513 1644 charitatis
2536 1592 2593 1643 et
2618 1587 2961 1643 affectionis.
2984 1584 3384 1654 Quamobrem
3407 1603 3548 1642 cum

1895 1685 2051 1737 esset
2073 1694 2283 1735 eorum
2305 1679 2365 1734 in
2395 1695 2531 1734 eum
2565 1694 2736 1734 amor
2767 1682 2824 1734 et
2862 1676 3228 1745 insatiabilis,
3272 1682 3331 1732 et
3368 1676 3546 1746 longe

222 1788 422 1862 βλαστοῦ
465 1793 553 1842 καὶ
610 1792 846 1859 καρπούς
904 1784 1054 1851 ἰδεῖν,
1119 1787 1273 1849 ὅπως,
1334 1789 1422 1837 καὶ
1480 1788 1548 1846 ὡς
1587 1783 1779 1845 εἰκόνας

1896 1769 2367 1830 ardentissimus,
2401 1766 2817 1825 desiderabant
2840 1766 3037 1823 videre
3062 1766 3287 1822 fructus
3313 1765 3545 1837 pulchri

220 1887 293 1931 τοῦ
327 1881 435 1931 υἱοῦ
480 1882 545 1931 τὰ
582 1881 774 1950 ἔγγονα
818 1875 1110 1949 βλέποντες,
1153 1878 1209 1927 τὸ
1258 1874 1387 1927 πολὺ
1412 1881 1503 1926 τοῦ
1541 1877 1672 1945 πρὸς
1697 1874 1781 1924 αύ-

223 1973 289 2018 τὸν
314 1968 509 2041 φίλτρου
560 1964 940 2032 διαναπνέωσι,
987 1970 1078 2016 xui
1108 1964 1218 2036 ἅμα
1256 1966 1502 2020 τοιαύτην
1536 1960 1786 2034 βουλόμε-

217 2064 355 2129 νοιτῇ
404 2054 648 2129 διαδοχῇ
684 2063 775 2108 τοῦ
820 2059 995 2127 γένους
1025 2055 1291 2106 ὑποθεῖναι
1343 2049 1585 2125 κρηπῖδα
1614 2059 1781 2103 τοιού-

214 2165 283 2198 τον
330 2146 565 2219 θεμέλιον,
609 2144 787 2217 ἀμέλει
836 2149 926 2197 xui
978 2142 1269 2215 ἀγαγέσθαι
1331 2144 1532 2213 νύμφην
1598 2139 1785 2193 ἐσπού-

216 2232 351 2296 δαζον
400 2244 472 2307 τῷ
518 2238 618 2307 υἱῷ
672 2239 759 2286 xui
814 2235 985 2306 γάμου
1049 2228 1217 2291 δῆσαι
1270 2227 1483 2303 δεσμοῖς
1538 2236 1627 2282 καὶ
1684 2239 1783 2282 τῶν

213 2334 445 2397 ιοσμικῶν
519 2324 832 2396 ἀξιωμάτων
912 2325 996 2375 επὶ
1055 2324 1119 2373 τὰ
1186 2321 1349 2393 μείζω
1430 2327 1783 2394 προσαγαγεῖν

214 2414 344 2468 αὐτὸν
383 2420 466 2467 καὶ
531 2418 963 2488 περιφανέστερα.
1022 2410 1287 2484 Ἀϐραμίῳ
1339 2407 1398 2463 δε
1460 2409 1563 2483 ἆρα
1618 2417 1785 2461 ταῦτα

214 2509 391 2576 φροντὶς
444 2501 693 2577 οὐδεμία,
761 2501 1008 2555 τάναντία
1061 2498 1119 2553 δὲ
1188 2500 1433 2562 καθάπαξ
1510 2507 1606 2561 τῆς
1683 2507 1782 2550 τῶν

210 2598 369 2663 γονέων
464 2598 740 2667 προῄρητο
818 2596 1027 2664 γνώμης
1130 2594 1220 2641 καὶ
1313 2594 1407 2647 τήν
1496 2591 1585 2660 μὶν
1672 2588 1783 2641 Ἐκ·-

210 2683 416 2741 κλησίαν.
464 2685 550 2735 οἶά
585 2701 708 2735 τινα
756 2685 979 2753 νύμφην,
1026 2679 1190 2749 ἑαυτῷ
1230 2676 1587 2750 ἐμνηστεύετο,
1620 2697 1783 2751 προσ-

209 2768 401 2845 εδρεύων
447 2773 577 2845 αύτῇ
622 2773 762 2823 κατὰ
807 2773 928 2830 τοὺς
977 2770 1193 2843 θερμούς
1230 2776 1330 2820 τῶν
1360 2771 1592 2839 νυμφίων
1621 2770 1782 2819 νύκτα

208 2864 287 2912 καὶ
329 2860 425 2933 μεθ’
464 2863 690 2936 ἡμέραν,
735 2864 823 2911 xui
860 2858 1047 2930 ψυχήν
1092 2858 1203 2929 ἅμα
1240 2861 1329 2908 καὶ
1379 2854 1537 2914 ἀκοὴν
1576 2863 1685 2917 τοῖς
1732 2854 1780 2906 ἐν

209 2949 318 3022 αὐτῇ
355 2955 472 3023 πρός
513 2954 608 3003 τὸν
661 2952 790 3003 Θεὸν
831 2949 1008 3021 ὕμνοις
1056 2952 1145 2999 καὶ
1191 2953 1305 3007 ταῖς
1346 2941 1624 3017 μελῳδίαις
1673 2944 1780 2997 θελ-

203 3043 403 3112 γόμενος·
458 3046 583 3114 μίαν
644 3035 703 3092 δε
754 3042 911 3111 τιμὴν
962 3036 1128 3095 ἀληθῆ
1188 3041 1282 3094 τὴν
1326 3037 1463 3087 κατὰ
1508 3038 1637 3088 Θεὸν
1676 3034 1778 3087 ἐνό-

1130 2594 1220 2641 καὶ

1893 1859 2069 1929 hujus
2108 1857 2391 1928 germinis
2432 1875 2444 1915 :
2490 1861 2551 1911 ut
2581 1861 2887 1912 cernentes
2923 1860 3213 1926 tanquam
3253 1854 3547 1923 imagines

1893 1948 1997 2003 ﬁlii
2027 1952 2291 2017 nepotes,
2319 1946 2412 2001 sui
2434 1946 2497 2001 in
2518 1961 2657 2001 eum
2688 1944 2909 2001 amoris
2931 1944 3208 1998 sedarent
3235 1943 3548 1999 vehemen-

1892 2037 2057 2102 tiam,
2091 2044 2147 2093 et
2167 2035 2345 2093 simul
2374 2033 2734 2091 successioni
2754 2032 2986 2103 generis
3009 2032 3121 2087 hoc
3134 2031 3405 2104 jacerent
3419 2031 3547 2087 fun-

1891 2129 2267 2185 damentum.
2302 2127 2510 2197 Itaque
2549 2123 2889 2190 studebant,
2931 2130 2994 2177 ut
3030 2126 3086 2179 et
3114 2121 3268 2176 ﬁlius
3305 2121 3549 2178 duceret

1892 2234 2161 2281 uxorem,
2203 2220 2259 2272 et
2299 2216 2641 2284 alligaretur
2675 2212 2921 2268 vinculis
2975 2210 3336 2267 matrimonii
3376 2215 3432 2266 et
3468 2210 3547 2266 ad

1891 2308 2228 2381 praecipuas
2244 2310 2301 2361 et
2320 2304 2580 2361 maxime
2601 2303 2861 2359 illustres
2884 2300 3095 2356 mundi
3122 2299 3550 2371 proveheretur

1893 2397 2226 2467 dignitates.
2259 2394 2541 2451 Abramio
2558 2397 2761 2448 autem
2778 2390 2924 2446 nihil
2954 2390 3165 2446 horum
3200 2394 3325 2445 erat
3343 2404 3498 2445 cura
3533 2404 3544 2442 :

1892 2504 2037 2543 nam
2084 2502 2155 2543 ea
2194 2485 2511 2555 delegerat,
2561 2498 2699 2554 quae
2756 2486 3073 2552 parentum
3126 2479 3329 2535 animo
3372 2477 3548 2551 plane

1891 2575 2370 2633 adversabantur
2419 2590 2432 2628 :
2476 2576 2532 2628 et
2586 2571 2908 2626 Ecclesiam
2946 2568 3214 2640 quidem,
3259 2573 3548 2638 tanquam

1892 2681 2180 2739 sponsam
2196 2662 2548 2736 quamdam,
2580 2660 2692 2715 sibi
2714 2658 3138 2729 desponderat,
3169 2657 3241 2726 ei,
3276 2661 3337 2711 ut
3360 2654 3552 2711 solent

1892 2753 2097 2826 sponsi
2126 2753 2420 2813 ardentes,
2454 2755 2633 2804 noctu
2654 2753 2711 2802 et
2740 2745 2994 2802 interdiu
3018 2744 3315 2809 assidens,
3344 2750 3398 2798 et
3425 2743 3551 2798 ani-

1892 2859 2057 2899 mum
2086 2840 2264 2896 simul
2284 2844 2341 2895 et
2362 2853 2534 2895 aures
2556 2834 2898 2892 demulcens
2914 2834 3004 2899 iis,
3030 2833 3133 2904 qui
3160 2833 3220 2887 in
3242 2832 3375 2903 ipsa
3396 2830 3551 2887 ﬁunt

1890 2933 1966 2989 ad
2004 2935 2208 2998 Deum,
2238 2928 2482 3000 hymnis
2512 2931 2567 2981 et
2597 2923 2871 2981 melodiis
2903 2939 2917 2989 ;
2954 2938 3139 2977 unum
3171 2937 3307 2977 vero
3339 2935 3547 2976 verum

1887 3023 2198 3079 honorem.
2214 3018 2293 3074 ad
2308 3019 2484 3072 Deum
2496 3012 2869 3070 existimabat
2888 3009 3229 3083 profectum.
3252 3005 3548 3079 Magistra-

199 3132 298 3199 μιζε
321 3135 605 3205 προκοπήνο
667 3127 840 3203 ἀρχὰς
872 3124 950 3187 δε,
983 3131 1073 3178 καὶ
1116 3122 1448 3188 δυναστείας,
1494 3130 1583 3175 καὶ
1612 3132 1774 3195 τιμῶν

1892 3117 1980 3167 tus
2014 3114 2214 3166 autem
2255 3111 2312 3163 et
2349 3110 2668 3179 potestates
2701 3106 2756 3157 et
2800 3101 3103 3156 honorum
3148 3098 3543 3169 altitudinem,

200 3218 310 3288 ὕψη,
344 3224 429 3272 καὶ
482 3220 681 3292 μεγέθη
725 3217 1048 3289 ἀξιωμάτων,
1108 3219 1197 3267 καὶ
1241 3218 1287 3266 εἶ
1333 3234 1382 3266 τι
1426 3213 1548 3265 ἄλλο
1588 3233 1775 3286 κοσμι-

199 3310 271 3359 κόν
311 3314 393 3360 καὶ
440 3312 723 3382 περίγειον,
782 3310 1019 3377 παίγνιον
1068 3306 1244 3375 ἠγεῖτο
1293 3305 1459 3355 πάντα
1509 3308 1598 3355 καὶ
1640 3322 1772 3360 σκη-

199 3400 271 3453 νήν
295 3402 375 3450 xui
411 3399 717 3473 ὑπόκρισιν,
766 3395 1027 3471 ὀνείρατος
1057 3390 1207 3446 οὐδὲν
1254 3394 1460 3464 ἄμεινον
1502 3397 1591 3445 καὶ
1622 3399 1774 3454 σκιᾶς

200 3482 229 3536 δ
232 3494 486 3559 ιακείμενα.

256 3582 323 3629 Γ’.
380 3577 516 3631 Ἐπεὶ
561 3573 628 3629 δι
683 3577 731 3628 οἱ
783 3577 1011 3635 τεκόντες
1060 3572 1304 3625 ἐνέκειντο
1348 3576 1437 3623 καὶ
1477 3573 1607 3643 μετὰ
1652 3570 1774 3623 πολ-

200 3672 270 3727 λῆς
308 3667 452 3719 αὐτόν
482 3676 580 3727 τῆς
633 3661 988 3738 σφοδρότητος
1028 3663 1280 3735 ὁμιλῆσαι
1314 3663 1503 3733 γάμοις
1548 3662 1775 3731 ἠνάγκα-

202 3754 289 3821 ζον,
336 3758 364 3814 ἠ
425 3753 482 3809 δε
537 3760 717 3827 μήτηρ
760 3752 1165 3825 ἀναϐαλλόμενον
1220 3753 1398 3823 ὁρῶσα
1446 3756 1535 3802 καὶ
1568 3746 1775 3822 δάκρυα

202 3843 414 3908 πολλάκις
460 3846 611 3918 ἠφίει
659 3852 758 3896 τῶν
822 3841 1115 3915 ὀφθαλμῶν,
1165 3842 1230 3893 τὰ
1290 3847 1381 3899 τῆς
1437 3841 1538 3891 ἔσω
1591 3838 1775 3910 φλογός

206 3930 376 4001 ἀψευδῆ
420 3933 681 4007 σύμϐολα,
731 3937 820 3985 καὶ
858 3934 929 3993 ὡς
956 3926 1107 3983 οὐδὲν
1152 3928 1273 3981 ἄλλο
1301 3928 1487 4000 ψυχὴν
1527 3929 1641 3980 υἱοῦ
1680 3948 1775 3979 κα-

205 4022 428 4077 τακλάσαι
475 4021 763 4094 δυνάμενα,
814 4020 906 4074 οὐκ
952 4021 1087 4091 ἔχων
1132 4022 1157 4071 ό
1200 4017 1356 4079 καλὸς
1384 4016 1668 4091 ’Δϐράμιος
1696 4018 1776 4069 ὅτι

201 4116 273 4163 καὶ
321 4116 490 4179 πάθοι,
548 4118 753 4185 μητρός
798 4129 851 4163 τε
893 4109 1058 4169 λιταῖς
1100 4112 1189 4159 καὶ
1232 4110 1425 4182 πατρὸς
1456 4109 1578 4158 εἴκει
1608 4105 1776 4157 κελεύ-

204 4219 364 4271 σμασι,
400 4208 484 4255 καὶ
526 4205 618 4255 τόν
670 4208 761 4253 τοῦ
806 4202 977 4272 γάμου
1024 4198 1182 4269 ζυγὸν
1234 4192 1609 4266 καταδέχεται,
1652 4200 1775 4267 μίαν

203 4297 281 4340 τῶν
308 4292 505 4344 ῖντολῶν
558 4296 653 4343 xui
706 4296 860 4342 τοῦτο
890 4284 1046 4350 εἰδὼς
1102 4290 1159 4339 τὸ
1200 4291 1289 4338 καὶ
1340 4290 1502 4359 πατρὶ
1540 4293 1630 4337 καὶ
1672 4304 1778 4356 μη-

205 4384 269 4449 τρὶ
311 4383 600 4435 πείθεσθαι·
648 4378 757 4433 ἐπεὶ
802 4383 892 4431 καὶ
944 4380 1073 4451 πρὸς
1120 4375 1306 4429 ἐκεῖνον
1336 4371 1455 4447 ᾔδει
1486 4379 1578 4432 τὴν
1618 4379 1775 4445 τιμὴν

1886 3205 1943 3257 et
1970 3200 2329 3269 dignitatum
2349 3191 2849 3265 magnitudinem,
2875 3187 2999 3245 etsi
3026 3188 3173 3261 quid
3195 3187 3353 3244 aliud
3373 3204 3549 3244 mun-

1883 3292 2114 3346 danum
2144 3294 2199 3343 et
2225 3294 2542 3351 terrenum,
2572 3278 2952 3338 existimabat
2982 3278 3189 3333 omnia
3217 3276 3544 3332 ludibrium

1884 3386 1938 3437 et
1960 3378 2261 3434 scenicam
2284 3377 2602 3439 actionem,
2624 3386 2757 3444 quae
2781 3366 2967 3424 nihilo
2979 3366 3193 3423 melius
3210 3370 3350 3422 sunt
3371 3365 3547 3424 affec-

1884 3475 1942 3526 ta
1961 3484 2147 3542 quam
2178 3466 2479 3523 somnium
2516 3469 2572 3518 et
2606 3460 2838 3516 umbra.

1956 3562 2045 3615 lll.
2077 3558 2224 3613 Cum
2246 3559 2445 3612 autem
2466 3555 2743 3625 parentes
2763 3548 3053 3604 instarent
3078 3550 3135 3602 et
3156 3544 3546 3602 vehementis-

1886 3651 2035 3705 sime
2069 3650 2364 3718 urgerent,
2394 3650 2458 3699 ut
2486 3657 2733 3698 uxorem
2761 3639 3023 3706 duceret,
3051 3636 3383 3708 quinetiam
3414 3652 3545 3692 ma-

1886 3744 1975 3796 ter
2002 3738 2213 3794 videns
2235 3752 2373 3791 eum
2396 3732 2789 3792 diﬁ‘erentem,
2812 3742 2966 3797 saepe
2992 3726 3290 3797 lacrymas
3313 3724 3544 3780 emitte-

1884 3835 1971 3885 ret
1991 3845 2062 3884 ex
2084 3826 2291 3890 oculis,
2314 3839 2451 3896 qum
2469 3825 2605 3876 sunt
2622 3824 2779 3875 certa
2800 3817 2971 3885 signa
2996 3815 3258 3871 ﬂammea
3282 3814 3539 3880 internaa,

1885 3923 1943 3976 et
1971 3933 2125 3990 quas,
2158 3916 2207 3971 si
2233 3913 2380 3987 quid
2409 3909 2592 3974 aliud,
2632 3906 2739 3962 ﬁlii
2778 3904 2952 3961 valde
2982 3910 3241 3976 possunt
3271 3904 3541 3958 animum

1885 4008 2203 4077 infringere
2231 4022 2246 4070 ;
2279 4000 2529 4059 nesciret
2558 4013 2699 4053 vero
2737 3994 3010 4065 egregius
3050 3991 3368 4048 Abramius
3394 3991 3543 4062 quid

1884 4098 2125 4161 faceret,
2166 4094 2321 4151 cedit
2360 4090 2566 4147 matris
2604 4085 2885 4160 precibus
2924 4087 2982 4139 et
3024 4082 3203 4154 jussis
3240 4081 3445 4154 patris,
3487 4087 3545 4138 et

1881 4189 2095 4260 jugum
2135 4184 2350 4255 accipit
2388 4176 2770 4241 matrimonii,
2813 4179 2878 4230 ut
2914 4172 3018 4245 qui
3048 4172 3221 4228 sciret
3257 4171 3373 4227 hoc
3411 4186 3543 4227 esse

1886 4293 2073 4333 unum
2102 4291 2173 4330 ex
2204 4270 2433 4329 Domini
2465 4266 2795 4341 praeceptis,
2827 4263 2983 4337 patri
3027 4266 3084 4317 et
3110 4261 3279 4318 matri
3314 4276 3539 4332 parere.

1886 4372 2031 4426 Nam
2065 4365 2143 4421 ad
2183 4363 2348 4418 illum
2388 4373 2630 4431 quoque
2660 4353 2912 4412 transire
2965 4352 3256 4408 honorem
3296 4350 3542 4422 pulchre

208 4463 475 4539 διαϐαίνειν,
523 4470 651 4543 παρ’
701 4469 762 4522 οὗ
811 4473 902 4521 xui
947 4469 977 4525 ἠ
1026 4466 1223 4530 ἐντολή,
1251 4470 1339 4517 καὶ
1370 4467 1438 4527 ὡς
1468 4467 1581 4517 ἔστι
1610 4467 1776 4524 κοινὸς

1892 4455 2128 4522 sciebat,
2157 4469 2193 4508 a
2221 4466 2341 4523 quo
2364 4447 2693 4521 profectum
2720 4447 2807 4497 est
2832 4444 3220 4514 praeceptum,
3248 4444 3304 4495 et
3325 4439 3427 4510 qui
3457 4443 3545 4493 est

209 4554 433 4625 ἁπάντων,
482 4564 579 4613 xui
616 4566 819 4634 πρῶτος
875 4560 1068 4629 πατὴρ,
1133 4560 1222 4607 καὶ
1280 4550 1627 4628 δημιουργὸς,
1687 4557 1777 4605 καὶ

207 4654 278 4697 τοῦ
319 4646 560 4702 εἶναικαὶ
594 4655 685 4701 τοῦ
740 4648 834 4721 ζῇν
867 4646 1187 4705 αἰτιώτατος.
1248 4643 1404 4695 Ἀλλὰ
1450 4662 1540 4715 μοι
1597 4638 1776 4694 διανα-

210 4741 357 4794 στήτω
408 4738 537 4799 ἀκοή
612 4744 762 4791 πᾶσα
830 4739 960 4809 πρὸς
1025 4739 1118 4793 τὴν
1186 4732 1459 4807 ἀκρόασινο
1520 4728 1625 4790 ἤδη
1674 4734 1775 4805 γὰρ

210 4821 417 4898 ἀνίσχειν
457 4827 545 4881 ἰπὶ
595 4831 689 4885 τὴν
744 4824 1030 4898 Ἀϐραμίου
1084 4822 1270 4895 ψυχὴν
1321 4824 1375 4873 αἱ
1417 4828 1512 4882 τῆς
1557 4823 1779 4892 χάριτος

210 4910 374 4978 ἀκτῖνες
426 4916 769 4992 ἕπάρχονται·
844 4913 1058 4967 ἐτελεῖτο
1115 4916 1205 4985 μέν
1264 4911 1416 4968 ἕκτην
1479 4911 1676 4983 ἡμέραν
1743 4910 1773 4967 ἦ

210 5000 397 5074 εὗωχία,
442 5011 535 5058 καὶ
621 5008 689 5058 τὰ
744 5002 982 5076 γαμήλια
1037 5000 1315 5075 ἐκροτεῖτο,
1393 5002 1482 5051 xui
1544 4999 1778 5069 ὑμέναιοι

210 5086 387 5157 ᾖδοντοο
429 5096 567 5147 κατὰ
618 5090 678 5147 δι
708 5098 796 5152 τὴν
840 5088 1089 5164 ἑϐδόμην,
1132 5086 1240 5162 ἐνῇ
1282 5092 1369 5140 xui
1396 5087 1642 5139 λελύσθαι
1668 5083 1775 5145 ἤδη

213 5179 360 5243 αὐτοῖς
397 5183 565 5255 ἔμελλε
632 5185 698 5236 τὰ
747 5190 847 5235 τῶν
915 5182 1115 5253 γάμων,
1181 5180 1661 5251 θαυματουργείταί
1727 5195 1779 5227 τι

213 5274 414 5343 πρᾶγμα,
488 5270 626 5345 μηδὶ
689 5270 975 5345 ὀφθαλμοῖς
1049 5274 1439 5341 πιστευόμενον.
1519 5264 1775 5322 Ἐκάθητο

216 5359 284 5424 μὶν
322 5363 417 5434 γὰρ
485 5364 609 5435 μετὰ
645 5370 741 5423 τῆς
785 5364 989 5433 νύμφης
1045 5359 1185 5432 μάλα
1225 5358 1459 5431 λαμπρὸς
1517 5356 1543 5407 6
1595 5353 1779 5428 Ἀϐρά-

219 5462 327 5513 μίας,
371 5452 437 5511 ὡς
481 5455 697 5524 νυμφίος
756 5449 962 5512 ἀληθῶς
1014 5448 1097 5501 ἐπὶ
1171 5454 1262 5500 τοῦ
1316 5452 1524 5499 παστοῦ
1596 5444 1776 5496 αὐτοῦ·

222 5533 405 5606 θορύϐου
452 5536 511 5593 δι
546 5546 633 5594 xui
668 5545 855 5615 κρότου
895 5542 983 5592 τὸν
1020 5538 1179 5605 οἷκον,
1212 5539 1282 5599 ὡς
1323 5535 1481 5600 εἰκὸς,
1526 5536 1782 5604 κατεχόν-

222 5638 315 5690 των
354 5632 439 5681 καὶ
482 5635 591 5704 πιρὶ
639 5634 735 5690 την
762 5630 1024 5707 τράπεζαν
1066 5629 1269 5681 πάντων
1307 5629 1397 5678 xui
1434 5626 1555 5686 τοὺς
1595 5620 1784 5676 δαιτυ-

1886 4542 2224 4603 communis
2253 4538 2525 4596 omnium
2556 4540 2612 4590 et
2658 4533 2883 4604 primus
2924 4536 3110 4601 pater,
3144 4534 3200 4585 et
3229 4527 3447 4600 opifex,
3489 4532 3547 4583 et

1886 4633 2189 4708 praecipua
2227 4643 2429 4692 causa,
2465 4630 2526 4681 ut
2568 4624 2755 4678 simus
2795 4626 2852 4675 et
2904 4621 3198 4674 vivamus.
3236 4616 3348 4674 Sed
3399 4616 3545 4672 mihi

1886 4706 2225 4793 arrigantur
2253 4732 2462 4775 omnes
2485 4729 2657 4771 aures
2683 4711 2760 4766 ad
2793 4708 3162 4765 audiendum
3198 4724 3210 4761 :
3232 4706 3360 4777 jam
3384 4706 3545 4761 enim

1886 4816 1947 4871 in
1972 4814 2168 4869 animo
2204 4804 2466 4864 Abramii
2498 4799 2789 4873 incipiunt
2819 4797 2957 4854 oriri
2988 4795 3129 4852 radii
3164 4795 3389 4866 gratiae.
3434 4797 3545 4850 Sex

1887 4902 2132 4976 quidem
2183 4895 2588 4970 praeterierant
2633 4889 2779 4955 dies,
2840 4902 2912 4942 ex
2974 4901 3094 4957 quo
3147 4884 3548 4955 peragebatur

1887 4972 2219 5049 convivium
2250 4990 2308 5042 et
2336 4980 2795 5040 celebrabantur
2833 4975 3081 5047 nuptiae,
3126 4978 3180 5029 et
3218 4972 3548 5029 cauebatur

1887 5082 2236 5154 hymenaeus
2269 5093 2282 5141 ;
2317 5071 2570 5145 septimo
2618 5073 2840 5129 autem,
2883 5065 2942 5119 in
2995 5079 3116 5135 quo
3168 5066 3294 5117 erat
3319 5062 3404 5116 eis
3437 5060 3549 5115 sol~

1887 5149 2152 5227 vendum
2169 5162 2639 5223 matrimonium,
2658 5157 2725 5211 ﬁt
2740 5171 2835 5211 res
2852 5153 3133 5226 quaedam
3149 5149 3547 5215 admirabilis,

1890 5265 1945 5316 et
1970 5274 2106 5331 quae
2136 5256 2234 5311 vix
2266 5251 2426 5309 credi
2458 5249 2665 5321 possit.
2720 5248 2862 5301 Nam
2901 5241 3149 5331 sedebat
3192 5238 3447 5331 quidem
3471 5238 3549 5295 ad

1890 5328 2283 5404 mensamcum
2304 5356 2525 5414 sponsa
2537 5334 2881 5409 splendidus
2895 5329 3201 5387 admodum
3220 5328 3549 5395 Abramius,

1894 5443 2183 5510 tanquam
2213 5447 2467 5506 sponsus
2497 5441 2701 5483 revera
2731 5423 2794 5479 in
2822 5421 3088 5477 thalamo
3124 5435 3256 5485 suo,
3291 5418 3553 5474 tumultu

1894 5508 2092 5584 autem
2119 5530 2172 5580 et
2190 5524 2406 5595 plausu
2436 5523 2560 5575 tota
2584 5514 2804 5571 domus
2825 5508 3258 5583 perstrepebat,
3295 5523 3553 5564 mensae-

1890 5633 2008 5692 que
2040 5620 2096 5673 et
2122 5611 2386 5671 convivis
2414 5613 2578 5665 erant
2609 5618 2820 5662 omnes
2850 5600 3054 5658 intenti
3103 5615 3117 5666 ;
3157 5597 3423 5655 occultus
3451 5613 3556 5659 au-
