4062 6222
466 283 537 339 47
1858 269 1999 333 ΜΕΝ
2007 274 2106 329 SiS

2240 272 2452 331 RTIUS
3757 274 3828 329 48

469 414 585 465 tem
614 411 849 464 amator
878 410 1095 462 nostras
1120 406 1345 473 salutis,
1380 408 1438 461 et
1458 404 1561 478 qui
1584 401 1968 472 intelligentia
1997 415 2117 471 per-

2233 404 2385 471 μόνας
2444 399 2862 473 ἀσχολουμένων,
2915 402 2939 451 ό
2992 401 3215 472 κρυπτὸς
3255 407 3347 461 τῆς
3388 402 3652 472 σωτηρίας
3680 401 3826 471 ἡμῶν

466 498 680 570 cipitur
709 497 1049 552 animarum
1078 500 1413 551 nostrarum
1444 494 1758 567 pronubus
1785 498 1842 547 et
1867 505 2120 562 sponsus

464 587 748 652 Christus,
774 585 1008 640 illarum
1030 584 1270 651 scilicet,
1301 600 1435 656 quas
1461 589 1601 639 sunt
1619 583 1813 651 dignae
1843 578 2121 635 thalamis

465 678 605 746 suis,
622 673 780 730 dulci
794 674 1063 746 quodam
1078 674 1245 730 radio
1263 674 1513 729 caelestis
1529 678 1584 729 et
1602 670 1912 727 ineﬁ‘abilis
1928 668 2121 739 splen-

462 764 625 821 doris
661 763 882 818 sensim
916 763 1188 818 immisso
1219 764 1279 817 in
1319 763 1673 827 thalamum,
1708 759 1878 815 suavi
1907 763 1964 814 et
1992 756 2121 812 alli-

462 853 636 909 cienti
666 853 796 909 luce
828 851 1035 907 oculos
1064 850 1377 907 illustravit
1404 850 1693 915 Abramii,
1732 848 1913 905 veluti
1952 847 2026 903 ad
2057 861 2118 901 se

462 957 800 1010 accersens,
843 947 899 997 et
942 942 1143 1013 ipsum
1195 957 1300 1012 per
1349 941 1546 996 lucem
1595 938 1916 995 attrahens.
1959 935 2118 990 Illius

460 1032 619 1087 enim
638 1032 855 1087 animm
873 1036 1074 1102 aperte
1087 1031 1325 1085 amabat
1343 1030 1868 1101 pulchritudinem,
1888 1032 1940 1081 et
1964 1024 2120 1081 vole-

459 1121 565 1177 bat
594 1137 727 1176 eum
758 1119 1050 1176 collocare
1078 1118 1137 1175 in
1158 1119 1334 1188 longe
1366 1118 1712 1175 melioribus
1746 1115 2042 1172 thalamis.

533 1393 619 1446 IV.
650 1390 832 1459 Hujus
844 1393 1042 1445 autem
1062 1388 1210 1443 lucis
1233 1386 1547 1443 dulcedine
1567 1400 1803 1441 summe
1817 1388 2027 1457 captus
2051 1384 2121 1436 Α·

458 1479 748 1543 bramius,
768 1483 830 1533 ut
847 1494 984 1550 quae
1007 1478 1056 1533 ei
1074 1494 1175 1549 per
1187 1477 1394 1533 oculos
1409 1476 1483 1530 ad
1501 1476 1761 1531 animum
1786 1474 2115 1543 afﬂuxerat,

456 1574 509 1625 et
535 1568 817 1624 ineffabili
836 1567 1213 1638 jucunditate
1238 1572 1294 1621 et
1318 1565 1638 1637 splendore
1656 1580 1754 1619 cor
1782 1563 2011 1619 habens
2035 1581 2120 1621 re-

458 1659 695 1730 pletum,
722 1672 914 1729 neque
936 1656 1153 1719 cibum,
1172 1671 1367 1727 neque
1388 1660 1586 1727 potum
1606 1653 2114 1709 volebatsumere:

2232 488 2453 561 ἐραστὴς
2508 491 2532 540 ό
2597 493 2777 550 νοητὸς
2835 498 2933 541 τῶν
2985 489 3176 560 ψυχῶν
3232 493 3572 561 νυμφαγωγός
3634 508 3687 540 τε
3736 494 3829 541 καὶ

2229 584 2441 650 νυμφίος
2508 583 2731 650 Χριστός
2803 580 2923 630 ὅσαι
2998 575 3238 635 δηλονότι
3309 582 3395 630 καὶ
3464 586 3560 629 τῶν
3634 576 3825 630 ἐκείνου

2229 673 2507 738 νυμφωνων
2546 667 2707 732 ἄξιαι,
2759 666 2941 718 ἀκτίνά
2988 686 3102 718 τινα
3148 667 3391 737 γλυκεῖαν
3442 676 3534 727 τῆς
3586 665 3826 718 ἀνωτάτω

2230 764 2339 829 περὶ
2442 756 2595 807 αὑτὸν
2667 756 2855 817 ἐκείνης
2926 762 3015 808 καὶ
3092 755 3387 831 ἀπορρήτου
3466 756 3828 831 λαμπρότητος

2230 846 2397 919 ἡρέμα
2454 866 2559 908 πως
2618 846 2827 917 ἐπαφεὶς
2900 854 2960 917 τῇ
3022 844 3261 899 παστάδι
3315 854 3413 918 φῶς
3479 847 3583 898 οἷον
3633 848 3827 916 ἑπαγαο

2228 939 2373 1004 γόντι
2421 939 2509 986 καὶ
2556 931 2775 993 ἣδιστόν
2824 938 2915 995 τὰς
2963 934 3251 1008 Ἀϐραμίου
3279 935 3627 1006 περιηύγαζεν
3658 934 3824 1004 ὄψεις.

2228 1023 2527 1094 μετακαλῶν
2586 1026 2737 1076 οἱονεὶ
2787 1028 2914 1098 πρὸς
2967 1024 3144 1076 ἑαυτὸν
3197 1030 3285 1076 καὶ
3348 1022 3442 1076 διὰ
3491 1032 3580 1076 τοῦ
3662 1028 3829 1095 φωτός

2230 1114 2383 1165 αὑτὸν
2434 1112 2773 1186 ἐφελκόμενος·
2827 1119 2930 1187 ἤρα
2981 1117 3078 1187 γὰρ
3124 1122 3213 1166 τοῦ
3266 1114 3484 1176 κάλλους
3542 1122 3830 1187 περιφανῶς

2229 1210 2318 1262 τῆς
2367 1202 2556 1254 ἐκείνου
2588 1204 2771 1274 ψυχῆς
2821 1209 2903 1255 xui
2954 1208 3243 1276 κρείττοσιν
3292 1204 3681 1257 εἰσοικίσασθαι
3713 1212 3829 1257 τού-

2229 1311 2312 1345 τον
2339 1296 2482 1367 παρὰ
2507 1292 2636 1345 πολύ
2675 1294 2764 1344 καὶ
2790 1295 3025 1345 παστάσι
3056 1298 3145 1345 καὶ
3171 1293 3421 1361 θαλάμόις
3449 1292 3699 1348 ἐϐούλετο.

2301 1381 2368 1436 Δ’.
2420 1382 2597 1444 Ἀλοὺς
2653 1379 2710 1435 δε
2778 1384 3040 1455 κατάκρας
3088 1390 3149 1454 τῇ
3228 1390 3318 1435 τοῦ
3400 1388 3564 1454 φωτός
3640 1382 3830 1435 ἐκείνου

2228 1470 2518 1542 γλυκύτητι
2564 1477 2653 1523 καὶ
2730 1471 3031 1544 Ἀϐράμιος,
3084 1474 3315 1545 καθάπερ
3362 1473 3499 1542 αύτῷ
3569 1469 3662 1524 διά
3726 1482 3829 1524 τῶν

2232 1559 2503 1632 ὀφθαλμῶν
2549 1561 2619 1623 εἰς
2671 1566 2763 1618 τὴν
2807 1561 2993 1632 ψυχὴν
3060 1561 3509 1635 καταῤῥεύσαντος
3564 1566 3653 1613 καὶ
3735 1570 3829 1624 τῆς

2232 1650 2429 1722 ἀφάτου
2488 1648 2832 1725 φαιδρότητος
2869 1650 3062 1714 ἐκείνης
3119 1650 3278 1703 ἀύτοῡ
3345 1658 3433 1704 καὶ
3494 1662 3589 1713 τῆς
3645 1654 3831 1723 αἰγλης

457 1747 559 1802 sed
575 1746 1055 1801 stabantimmoti
1070 1746 1199 1816 ejus
1222 1743 1395 1807 oculi,
1421 1744 1497 1798 ad
1516 1742 1836 1799 lucisillius
1858 1744 2117 1813 speciem

2233 1746 2323 1799 τὴν
2376 1737 2599 1814 καρδίαν
2644 1741 3011 1804 ὑποπλησθεὶς,
3072 1740 3241 1793 οὐκέτι
3319 1745 3435 1793 οὔτε
3512 1750 3634 1793 σῖτα
3712 1744 3831 1793 οὔτε

458 1836 771 1897 intuentes,
802 1839 856 1888 et
881 1834 1040 1905 apud
1061 1850 1121 1888 se
1139 1832 1406 1903 optabat,
1432 1836 1495 1886 ut
1511 1832 1624 1886 cito
1645 1831 1969 1887 solveretur
1984 1848 2119 1887 con-

456 1923 693 1978 vivium.
718 1924 845 1987 Quo
859 1922 1081 1993 quidem
1102 1920 1556 1985 utdesiderabat,
1573 1920 1782 1990 soluto,
1800 1924 1855 1975 et
1869 1920 2117 1991 singulis

459 2011 723 2068 convivis
755 2010 1004 2065 domum
1030 2009 1301 2075 reversis,
1338 2009 1505 2064 tacite
1530 2010 1709 2065 domo
1735 2010 2053 2078 egreditur,
2084 2025 2118 2064 a

456 2100 619 2156 nullo
649 2100 783 2166 alio,
819 2100 929 2155 nisi
960 2116 992 2155 a
1029 2100 1157 2155 solo
1190 2103 1333 2166 Deo,
1360 2100 1617 2170 quieum
1642 2099 1913 2164 vocabat,
1929 2100 2113 2154 visus.

459 2193 525 2245 Et
552 2206 690 2245 cum
723 2190 877 2244 circa
903 2188 1022 2244 duo
1055 2189 1246 2244 stadia
1283 2188 1521 2243 abesset
1551 2204 1587 2243 a
1626 2189 1877 2253 civitate,
1912 2204 2119 2259 perve-

457 2279 543 2333 nit
583 2278 660 2333 ad
690 2278 1021 2348 quamdam
1051 2278 1282 2341 cellam,
1313 2293 1447 2348 quin
1487 2277 1729 2348 pulchre
1770 2283 1895 2332 erat
1923 2278 2118 2349 posita

460 2367 537 2424 ad
550 2368 812 2440 quietem
835 2372 891 2422 et
910 2368 1230 2422 silentium.
1253 2370 1394 2422 Eam
1412 2372 1634 2435 autem,
1657 2368 2115 2439 quamjucunde

458 2463 550 2513 est
588 2458 892 2525 ingressus
920 2457 932 2511 l
959 2456 1193 2527 Aliquid
1218 2456 1374 2511 enim
1403 2455 1454 2510 ei
1476 2457 1837 2520 ostenderat,
1863 2472 1999 2527 quae
2020 2472 2117 2528 ap-

461 2545 919 2619 parueratvisio,
946 2546 1096 2616 quod
1121 2544 1506 2616 spectabatad
1532 2544 1660 2615 ejus
1679 2544 2112 2600 habitationem.

462 2634 704 2702 Deinde,
734 2640 795 2690 ut
822 2634 1045 2690 assolet
1074 2636 1133 2689 in
1164 2634 1344 2689 rebus
1378 2634 1740 2704 hujusmodi,
1782 2651 1921 2689 cum
1952 2634 2118 2689 domi

462 2723 935 2797 frequentissime
956 2723 1365 2779 nominaretur
1386 2739 1665 2794 sponsus,
1694 2728 1750 2778 et
1775 2729 1969 2778 essent
1993 2739 2119 2779 om-

460 2829 569 2869 nes
600 2814 875 2887 occupati
905 2813 982 2868 ad
1014 2813 1092 2867 illi
1121 2813 1595 2878 inserviendum,
1638 2814 1764 2883 ipse
1790 2818 1986 2868 autem
2018 2814 2120 2867 mi-

460 2904 622 2960 nime
646 2904 898 2968 adesset,
923 2902 1124 2957 statim
1148 2903 1439 2957 recordati
1462 2907 1887 2972 suntparentes
1910 2904 2119 2972 prioris

462 2992 567 3048 ﬁlii
589 2992 915 3056 sententiae,
944 2990 1170 3045 etillius
1188 2991 1247 3044 in
1274 2993 1455 3044 Deum
1474 2990 1782 3061 propositi,
1811 2997 1865 3044 et
1883 3006 2119 3059 magnae

2230 1836 2383 1883 ποτόν
2433 1833 2696 1904 αἱρεῖσθαι
2749 1830 2936 1895 ἢθελεν,
2993 1830 3097 1882 ἀλλ’
3159 1830 3427 1902 ἐπάγησαν
3491 1832 3629 1901 αύτῷ
3687 1831 3833 1883 ακλι-

2228 1930 2329 1981 νεῐς
2389 1922 2435 1972 οἱ
2486 1920 2740 1992 ὀφθαλμοὶ
2792 1924 2920 1991 πρὸς
2974 1924 3064 1978 τὴν
3119 1925 3399 1991 φαντασίαν
3462 1920 3654 1972 ἐκείνου
3738 1928 3830 1973 τοῦ

2229 2014 2394 2082 φωτός
2443 2010 2725 2081 ἐνορῶντες·
2776 2011 2895 2067 ἵστη
2950 2012 3050 2083 γάρ
3083 2012 3167 2061 τόν
3209 2013 3368 2061 τύπον
3400 2010 3539 2080 αύτῷ
3581 2014 3680 2085 πρὸ
3728 2019 3829 2061 τῶν

2228 2098 2471 2171 ὀμμάτων
2526 2101 2550 2149 ό
2604 2099 2855 2170 λογισμός
2906 2104 2993 2150 καὶ
3036 2103 3179 2170 ταχύ
3227 2098 3443 2158 λυθῆναι
3489 2099 3604 2150 καθ’
3651 2099 3830 2151 ἑαυτὸν

2229 2192 2424 2258 ηὔχετο
2479 2192 2570 2245 τὴν
2621 2188 2854 2240 ἑστίασιν
2885 2210 2896 2221 ·
2932 2189 2994 2249 ἧς
3046 2193 3153 2253 xui,
3216 2191 3279 2248 ὡς
3332 2187 3523 2253 ἐπόθει,
3579 2187 3831 2250 λυθείσης

2229 2282 2317 2328 καὶ
2389 2273 2568 2329 οἶκαδε
2628 2285 2726 2328 τῶν
2794 2274 3119 2348 δαιτυμόνων
3202 2277 3421 2329 ἑκάστου
3490 2276 3829 2349 ἀφικομένων,

2229 2366 2461 2428 ὑπέξεισι
2487 2368 2680 2437 ἡσύχῳ
2720 2363 2846 2418 ποδὶ
2874 2374 2963 2418 τού
2996 2370 3160 2433 οίκου,
3194 2363 3332 2438 μηδέ
3370 2386 3439 2437 τῳ
3469 2366 3602 2438 ἀλλῳ
3636 2368 3714 2419 ὅτι
3754 2372 3827 2439 μὴ

2228 2460 2363 2527 μόνῳ
2439 2464 2510 2525 τῷ
2564 2456 2803 2508 καλοῦντι
2870 2464 2982 2526 Θεῷ
3043 2454 3373 2527 βλεπόμενος
3432 2460 3520 2507 καὶ
3580 2453 3830 2517 σταδίους

2228 2544 2481 2615 ἀποσχὼν
2536 2550 2659 2597 ὡσεὶ
2699 2542 2795 2597 δύο
2849 2553 2942 2607 τῆς
2995 2545 3198 2616 πόλεως,
3252 2544 3703 2618 καταλαμϐάνεταί
3767 2550 3827 2597 τὸ

2230 2634 2420 2686 κελλίόν
2474 2636 2711 2705 ἡσυχίας
2766 2634 2812 2685 ἐν
2867 2634 3004 2703 καλῷ
3053 2639 3193 2704 τόπῳ
3243 2639 3469 2705 κείμενον
3528 2640 3614 2687 καὶ
3676 2643 3829 2687 τοῦτο

2233 2732 2337 2783 πῶς
2390 2725 2449 2774 ἄν
2495 2727 2652 2783 εἴποις
2693 2720 2856 2783 ἡδέως
2904 2724 3128 2781 εἰσῆλθε’
3172 2720 3442 2796 παρέδειξε
3498 2726 3598 2797 γάρ
3650 2744 3700 2776 τι
3738 2730 3827 2776 καὶ

2230 2815 2259 2871 ἡ
2322 2823 2538 2885 φανεῖσα
2574 2814 2693 2884 ἄψις
2748 2814 2888 2883 αὐτῷ
2927 2817 3056 2884 πρὸς
3111 2819 3204 2871 την
3252 2817 3437 2865 τούτου
3496 2819 3825 2872 κατοίκησιν.

2232 2903 2375 2967 Εἶτα,
2423 2905 2593 2975 ὡσπερ
2646 2902 2693 2953 ἐν
2746 2906 2950 2964 τούτοις
3003 2903 3154 2974 φιλεῖ,
3197 2899 3374 2960 ἐπειδὴ
3418 2903 3546 2955 πολὺ
3603 2901 3699 2954 ἀνά
3742 2906 3828 2954 τὸν

2230 2989 2368 3043 οἷκον
2409 2996 2465 3043 τό
2516 3012 2603 3043 του
2652 2996 2872 3063 νυμφίου
2905 2988 2965 3049 ἦν
3014 2996 3177 3062 ὄνομα
3214 2998 3302 3043 καὶ
3332 2997 3448 3064 περὶ
3495 2995 3587 3049 τὴν
3632 2990 3827 3043 ἐκείνου

465 3081 751 3137 adversus
774 3078 1012 3149 nuptias
1035 3078 1381 3133 constantiae
1406 3097 1418 3145 ;
1452 3093 1641 3149 neque
1667 3094 1795 3134 eam
1817 3094 1941 3133 rem
1965 3086 2117 3149 pote-

2234 3083 2502 3153 θεραπείαν
2554 3083 2735 3141 πάντες
2784 3080 3105 3152 ἠσχόληντο,
3152 3089 3321 3154 παρῆν
3381 3076 3437 3133 δὲ
3482 3080 3638 3141 αὑτός
3668 3076 3827 3132 οὐδα-

463 3174 597 3225 rant
626 3167 785 3223 aliud
814 3182 1047 3231 vocare,
1078 3167 1189 3221 nisi
1214 3172 1488 3238 apertum
1512 3183 1818 3222 secessum
1849 3210 1860 3221 .
1896 3170 1959 3223 Et
1984 3167 2119 3223 ideo

466 3256 907 3321 scrutabantur,
943 3271 1065 3311 non
1096 3256 1342 3319 theatra,
1373 3271 1494 3311 non
1535 3256 1685 3321 fora,
1716 3271 1839 3311 non
1870 3258 2118 3326 regiam,

464 3361 585 3403 non
614 3346 831 3402 domos
861 3345 1207 3414 amicorum,
1245 3344 1345 3399 sed
1388 3344 1753 3414 solitudines,
1786 3351 1841 3400 et
1866 3352 2119 3408 montes,

465 3442 522 3492 et
561 3434 998 3492 monachorum
1023 3433 1383 3499 habitacula,
1417 3438 1473 3488 et
1501 3432 1691 3487 sicubi
1721 3439 1875 3489 esset
1904 3435 2122 3506 aliquis

464 3526 630 3582 locus
659 3530 834 3595 aptus
874 3522 951 3578 ad
991 3537 1292 3577 secessum
1328 3526 1385 3577 et
1424 3521 1737 3577 silentium.
1773 3525 1919 3579 Cum
1953 3524 2122 3580 multi

467 3629 610 3683 ergo
634 3612 857 3684 ubique
877 3616 1205 3685 quaererent
1227 3611 1592 3676 Abramium,
1618 3612 1851 3668 decimo
1875 3614 2122 3685 septimo

465 3704 561 3759 die
599 3708 923 3775 postquam
965 3706 1300 3765 secesserat,
1336 3701 1629 3756 invenitur
1665 3701 1724 3755 in
1754 3701 1913 3758 dicta
1952 3703 2119 3768 cella,

464 3791 693 3849 nullum
715 3790 969 3853 habens,
991 3789 1097 3862 qui
1119 3788 1297 3844 simul
1327 3789 1641 3857 habitaret,
1678 3791 1781 3845 sed
1811 3790 1935 3862 ipse
1963 3792 2119 3846 solus

464 3881 747 3938 inclusus.
774 3885 961 3951 Atque
984 3879 1113 3935 illos
1131 3879 1512 3949 quidem,qui
1536 3879 2118 3949 ipsuminvenerant,

464 3970 691 4026 invadit
743 3974 951 4041 stupor
1011 3968 1363 4023 commistus
1404 3968 1600 4023 laetitia
1648 3974 1705 4023 et
1761 3968 2013 4035 tristitia,
2061 3975 2123 4023 ut

467 4059 571 4131 qui
593 4060 931 4114 laetarentur
946 4057 1204 4128 quidem,
1221 4056 1767 4128 quodinvenissent
1783 4058 2123 4114 adolescen-

467 4152 608 4214 tem,
639 4150 944 4218 stuperent
974 4152 1172 4200 autem
1217 4152 1334 4200 tam
1363 4146 1732 4215 repentinam
1772 4147 1900 4217 ejus
1932 4152 2122 4203 muta-

466 4238 708 4304 tionem,
740 4242 794 4289 et
826 4234 1020 4289 statim
1055 4234 1132 4289 ab
1173 4234 1335 4289 initio
1369 4239 1708 4305 susceptam
1741 4236 1924 4291 vitam
1957 4237 2118 4292 illam

468 4324 812 4391 solitariam,
854 4329 910 4379 et
947 4330 1240 4379 remotam
1280 4324 1357 4379 ab
1397 4326 1562 4379 omni
1592 4326 2025 4382 consuetudine
2065 4332 2121 4382 et

2232 3180 2355 3242 μὼς,
2416 3171 2597 3231 εὑθίως
2652 3172 2699 3221 οὶ
2746 3177 2908 3241 γονεῖς
2964 3179 3059 3231 τῆς
3139 3176 3397 3244 προτέρας
3470 3178 3557 3221 τοῦ
3631 3166 3828 3231 παίδός

2234 3259 2673 3331 ἀνεμιμνήσκοντο
2720 3266 2928 3331 γνώμης
2970 3266 3058 3311 καὶ
3120 3268 3209 3311 τοῦ
3258 3263 3391 3312 κατά
3450 3262 3570 3312 Θεὸν
3634 3258 3829 3311 ἐκείνου

2235 3358 2432 3401 σκοποῦ
2478 3354 2567 3400 καὶ
2626 3358 2715 3409 τῆς
2764 3348 2950 3409 πολλῆς
3002 3353 3119 3422 περὶ
3173 3353 3257 3401 τόν
3309 3352 3475 3420 γάμον
3520 3347 3825 3411 ἐνστάσεως·

2231 3444 2320 3491 καὶ
2376 3436 2525 3491 οὐδὲν
2574 3441 2739 3512 ἓτερον
2796 3436 2959 3509 εἰχον,
3022 3440 3100 3490 ὃτι
3145 3444 3214 3511 μη
3282 3447 3416 3511 σαφῆ
3485 3442 3540 3490 τό
3612 3444 3833 3511 πρᾶγμα

2233 3529 2401 3580 καλεῖν
2451 3527 2817 3601 ἀναχώρὴσνν·
2878 3530 3040 3601 ταύτῃ
3100 3547 3179 3580 τοι
3235 3533 3324 3580 xui
3382 3528 3728 3603 ἀνηρευνῶντο
3769 3528 3829 3579 οὗ

2237 3621 2424 3691 θέατρα
2474 3622 2563 3669 καὶ
2619 3619 2808 3691 ἀγοραὶ
2856 3623 2944 3669 καὶ
3001 3616 3247 3689 βασίλεια
3301 3622 3389 3669 καὶ
3438 3617 3590 3689 φίλων
3666 3618 3832 3670 οἰκίαι

2233 3713 2321 3759 καὶ
2368 3712 2488 3759 νέων
2540 3704 2829 3779 διατριϐαὶ,
2884 3705 2995 3758 ἀλλ’
3024 3706 3255 3779 ἐρημίαι,
3298 3712 3386 3759 xui
3436 3712 3552 3780 ὄρη,
3599 3713 3686 3760 xui
3738 3727 3829 3779 μο-

2232 3804 2408 3868 ναχὼν
2465 3802 2787 3866 καταγώγια,
2833 3800 2922 3847 xui
2971 3799 3013 3848 εἰ
3059 3799 3158 3847 πού
3214 3816 3264 3848 τι
3303 3802 3497 3871 χωρίον
3547 3794 3607 3854 ἧν
3653 3795 3832 3848 ἀνακεο

2232 3890 2480 3958 χωρηκός
2522 3890 2610 3937 καὶ
2650 3884 2963 3956 φιλήσυχον.
3009 3885 3207 3939 ’Ἀλλων
3238 3891 3407 3938 τοίνυν
3434 3885 3665 3958 ἀλλαχοῦ
3695 3888 3834 3937 κατά

2234 3977 2454 4036 ζήτησιν
2494 3973 2782 4047 Ἀϐραμίου
2842 3980 3156 4049 περιιόντων,
3214 3973 3411 4048 ἑϐδόμη
3480 3982 3568 4028 καὶ
3633 3973 3828 4048 δεκάτη

2232 4068 2364 4136 μετά
2414 4070 2506 4123 τὴν
2562 4064 2903 4139 ἀναχώρησιν
2958 4066 3126 4137 ἡμέρᾳ
3165 4065 3211 4115 ἐν
3259 4073 3327 4135 τῳ
3373 4065 3619 4138 εἰρημένῳ
3650 4064 3831 4135 κελλίῳ

2233 4156 2546 4227 εὑρίσκεται,
2581 4152 2781 4225 μηδένα
2832 4157 3064 4206 σύνοικον
3096 4156 3253 4225 ἔχων,
3305 4152 3430 4204 ἀλλά
3478 4160 3628 4224 μόνος
3674 4154 3830 4215 αὑτός

2231 4243 2737 4314 κατακεκλεισμένος.
2794 4248 2921 4303 Τοὺς
2980 4246 3069 4314 μεν
3109 4239 3195 4294 οὖν
3253 4244 3488 4314 εὑρόντας
3539 4241 3690 4292 αὐτόν
3749 4244 3831 4292 ἔκ-

2234 4334 2417 4395 πληξις
2467 4330 2629 4406 ἡδονῇ
2676 4332 2923 4405 λαμϐάνει
2968 4338 3057 4384 xui
3106 4332 3239 4404 λύπη
3276 4335 3589 4403 σύμμικτος·
3637 4331 3830 4386 ἠσθέν-

466 4415 761 4479 societate,
793 4412 1061 4469 dolerent
1086 4429 1217 4468 vero
1244 4418 1488 4485 propter
1513 4413 1773 4469 Abramii
1797 4416 2115 4485 jacturam,

2233 4443 2323 4483 τας
2384 4426 2471 4493 μεν
2520 4431 2581 4494 τῇ
2644 4430 2733 4473 τοῦ
2796 4418 2984 4481 παιδὸς
3028 4420 3305 4494 ἀνευρέσει,
3365 4418 3703 4489 ἐκπλαγέντας
3767 4416 3828 4471 δε

465 4505 623 4577 quod
657 4503 786 4559 talis
818 4502 1042 4558 scilicet
1068 4502 1422 4558 adolescens
1450 4504 1533 4557 sic
1563 4510 1698 4559 ante
1731 4510 1966 4576 tempus
1996 4522 2060 4561 se
2085 4524 2120 4561 a

466 4593 696 4649 mundo
724 4590 1102 4661 removisset,
1125 4597 1182 4648 et
1205 4591 1383 4648 rebus
1408 4607 1543 4663 quae
1566 4592 1644 4648 ad
1670 4594 1966 4650 mundum
1991 4612 2119 4667 per-

464 4682 675 4739 tinent.

535 4953 598 5007 V.
616 4952 715 5008 llle
733 4956 928 5007 autem
952 4967 1089 5007 cum
1110 4967 1210 5007 eos
1229 4951 1312 5006 sic
1335 4952 1583 5007 vidisset
1602 4952 1866 5019 affectos,
1887 4954 2118 5025 placide

463 5048 519 5098 et
558 5042 813 5112 benigne
845 5057 946 5097 eos
976 5041 1287 5113 alloquens
1331 5057 1343 5095 :
1387 5045 1585 5113 Neque
1618 5043 1866 5109 tristitia,
1904 5044 2115 5116 inquit,

463 5132 617 5187 afﬁci
639 5136 887 5202 oportet,
922 5146 1030 5185 nec
1064 5130 1348 5185 admirari
1384 5146 1394 5184 :
1441 5132 1545 5185 sed
1579 5134 1694 5186 Deo
1726 5132 1917 5203 potius
1943 5149 2118 5203 agere

464 5220 703 5293 gratias,
740 5226 793 5275 et
819 5220 947 5289 ejus
979 5218 1263 5274 inetfabili
1296 5219 1645 5288 benignitati
1676 5226 1733 5275 et
1771 5220 2114 5286 clementiae,

463 5310 566 5383 qui
598 5325 692 5365 me
723 5309 974 5380 sapienti
1009 5308 1275 5380 quadam
1322 5314 1376 5362 et
1414 5324 1634 5364 arcana
1674 5310 2043 5380 providentia
2083 5328 2116 5367 a

465 5399 672 5455 mundi
696 5397 979 5453 subduxit
1006 5396 1288 5468 nequitia.
1318 5398 1489 5453 Orate
1515 5413 1676 5467 ergo,
1702 5398 1910 5470 inquit,
1938 5400 2116 5455 amici

462 5489 582 5546 mei
602 5494 657 5545 et
678 5488 905 5550 fratres,
936 5485 1218 5555 deinceps
1234 5491 1415 5551 orate,
1440 5492 1504 5541 ut
1528 5486 1747 5542 bonum
1778 5488 2117 5558 ejusjugum

462 5584 693 5658 portem
726 5592 912 5651 usque
935 5574 1011 5631 ad
1033 5572 1232 5639 tinem,
1258 5580 1315 5629 et
1340 5590 1461 5631 non
1492 5591 1645 5631 onus
1672 5577 1798 5648 ejus
1818 5578 1945 5633 leve
1971 5578 2120 5651 abji-

2228 4519 2321 4569 τὴν
2380 4512 2541 4573 οὑτως
2596 4510 2786 4583 ἀθρόαν
2853 4509 3139 4581 μεταϐολὴν
3196 4514 3285 4560 xui.
3342 4512 3399 4559 τό
3455 4506 3701 4580 ἐρημικόν
3771 4508 3828 4560 ἐκ

2228 4605 2512 4674 προοιμίων
2558 4600 2703 4660 εὐθὺς
2764 4599 2920 4652 ἐκεῖνο
2970 4607 3060 4651 τοῦ
3121 4596 3242 4670 βίου
3296 4602 3384 4649 xui
3458 4596 3823 4656 ἀκοινώνητον·

2230 4690 2557 4749 ἀνιασθέντας
2607 4688 2665 4743 δὲ
2694 4698 2755 4762 τῇ
2789 4698 2881 4742 τοῦ
2922 4688 3210 4762 Ἀϐραμίου
3259 4692 3445 4761 ζημίᾳ,
3488 4690 3568 4741 ὅτι
3597 4695 3829 4749 τοιοῦτος

2227 4784 2489 4842 νεανίσκος
2545 4780 2675 4831 οὑτω
2731 4782 2829 4851 πρό
2880 4779 3016 4851 ὧρας
3072 4776 3194 4850 βίου
3257 4778 3347 4831 καί
3396 4786 3494 4831 τῶν
3552 4784 3645 4830 τοῦ
3702 4774 3825 4849 βίου

2228 4871 2543 4943 πραγμάτων
2568 4868 2859 4925 ἀπέστησεν
2899 4867 3077 4919 ἑαυτόν
3093 4912 3105 4924 ,

2301 4958 2366 5012 [ζ’.
2419 4958 2477 5009 Ὀ
2528 4955 2585 5010 δὲ
2638 4958 2799 5019 οὑτως
2844 4957 3033 5017 αὑτούς
3078 4960 3297 5029 ἔχοντας
3352 4954 3475 5010 ἰδὼν
3523 4961 3612 5009 xui
3658 4975 3826 5031 προσ-

2230 5057 2361 5108 ηνῶς
2390 5048 2520 5114 ἆγαν
2572 5052 2658 5098 καὶ
2709 5048 2876 5109 ἠπίως
2906 5050 3352 5122 προσαγορεύσας,
3387 5050 3519 5099 Οὔτε
3545 5046 3827 5099 λυπεῖσθαι

2226 5141 2360 5208 χρὴ,
2404 5143 2583 5207 φησιν,
2632 5139 2746 5188 οὔτε
2791 5138 3095 5209 θαυμάζειν,
3154 5145 3267 5207 Θεῷ
3300 5133 3575 5209 δὲμᾶλλον
3608 5136 3830 5209 εὐχαρι-

2231 5233 2366 5277 στεῖν
2424 5229 2511 5276 xui
2564 5233 2623 5297 τῇ
2687 5224 2863 5296 ἀφάτῳ
2922 5229 3103 5277 τούτου
3146 5230 3479 5299 χρηστότητι
3517 5229 3606 5277 xui
3656 5224 3826 5296 φιλανο

2231 5316 2451 5387 θρωπίᾳ,
2494 5316 2639 5376 ὅστις
2686 5334 2748 5386 με
2790 5324 2920 5387 σοφῇ
2969 5335 3069 5367 τινι
3121 5319 3207 5367 xui
3242 5312 3517 5389 ἀπορρήτῳ
3558 5313 3829 5385 οἰκονομίᾳ

2228 5411 2317 5462 τῆς
2375 5401 2629 5475 βιωτικῆς
2686 5404 2981 5475 ὑπεξήγαγε
3051 5404 3371 5477 μοχθηρίας.
3426 5405 3665 5475 Εὔχεσθε
3723 5422 3827 5455 τοις

2226 5500 2419 5564 γαροῦν
2467 5491 2599 5564 ἐμοὶ,
2651 5493 2785 5565 φίλοι
2858 5499 2945 5545 xui
3025 5489 3257 5565 ἀδελφοὶ,
3329 5492 3505 5545 λοιπόν
3584 5495 3824 5565 εὑχεσθε,

2230 5582 2364 5634 ὥστε
2392 5585 2478 5635 τὸν
2523 5587 2763 5659 χρηστόν
2795 5583 2955 5637 αὑτοῦ
3010 5585 3165 5654 ζυγὸν
3217 5580 3312 5645 ἕως
3348 5583 3525 5646 τελους
3551 5580 3829 5656 βαστάσαι
