4078 6222
274 308 330 361 49
1582 301 1748 357 VITA
1789 300 1848 354 s-
1892 290 2215 357 ABR'AMIL
3515 307 3586 363 50

274 451 323 504 με
353 433 428 481 καὶ
469 432 532 499 μὴ
592 428 645 477 τὸ
690 429 891 497 φορτίον
941 425 1101 478 αὐτοῦ
1144 430 1203 479 τό
1249 426 1463 502 ἐλαφρόν
1506 427 1816 502 ἀπορρίψαι,

1931 425 2105 480 ciam:
2140 426 2244 481 sed
2277 442 2513 496 semper
2544 444 2760 500 sequar
2788 428 3004 498 legem,
3035 428 3263 485 etillius
3286 438 3587 505 praecepta

277 520 361 571 αλλ’
396 520 460 569 αεὶ
500 525 564 585 τῷ
610 519 746 587 νόμῳ
788 520 877 566 καὶ
915 522 1023 575 ταῖς
1076 515 1300 579 ἐντολαῖς
1346 516 1537 570 ἐκείνου
1577 523 1665 569 καὶ
1710 520 1820 579 τοῖς

284 610 511 679 esttamen
540 607 771 657 ἕπεσθαι.
824 602 949 657 Εἶτα
996 610 1085 658 καὶ
1138 606 1286 668 ἠξίου
1332 607 1471 678 μάλα
1502 606 1820 679 θερμῶςτοῦ

290 704 347 771 μη
398 704 586 765 συνεχῶς
652 693 819 746 ἐκεῖσε
871 694 1273 767 ἀφικνουμένους
1340 702 1427 754 τὴν
1498 698 1817 767 ποθουμένην

293 790 465 857 imm
502 783 857 855 ἐπιταράττειν
906 789 995 835 καὶ
1046 786 1219 860 ὥσπερ
1272 781 1510 857 ἔμποδων
1564 785 1703 855 αύτῲ
1732 792 1820 844 τῆς

378 878 426 924 τὰ
483 878 692 945 κρείττω
750 875 989 943 γίνεσθαι
1050 883 1338 948 προκοπῆς.
1411 882 1590 927 Ταῦτα
1641 873 1820 926 ἐκεῖνοι

1560 965 1583 1014 ὁ
1636 960 1693 1015 δὲ
1724 968 1818 1020 τὴν

264 1062 334 1105 τοὺ
380 1053 599 1104 οἰκίσκον
660 1046 868 1103 εἰσοδον
931 1050 1233 1124 ἀποφράξας
1300 1058 1389 1104 καί
1444 1072 1560 1104 τινα
1628 1049 1821 1124 θυρίδα

269 968 338 1036 μὲν
377 962 668 1023 ἀκούσαντες
724 966 814 1013 καὶ
868 959 1087 1030 ἰδόντες,
1144 963 1447 1038 ἀνέστρεφον
1499 981 1510 992 ·

257 1141 484 1216 βραχεῖαν
532 1140 846 1207 καταλιπὼν,
908 1138 981 1193 δι’
1047 1143 1109 1203 ἧς
1153 1142 1213 1192 ἂν
1275 1143 1428 1217 ἄρτος
1479 1143 1619 1212 αύτῷ
1667 1148 1819 1213 μόνον

252 1236 326 1283 καὶ
377 1228 507 1304 ὕδωρ
563 1234 875 1301 παρέχοιτο,
921 1232 1052 1303 εύχῆ
1110 1240 1202 1283 τοῦ
1244 1232 1426 1284 λοιποῦ
1466 1238 1555 1284 καὶ
1605 1237 1820 1304 νηστείᾳ

250 1324 533 1394 προσέκειτο.
613 1320 694 1373 Ἐν
754 1324 957 1381 τούτοις
1016 1318 1076 1373 δε
1140 1323 1281 1382 ὄντος
1340 1320 1654 1395 Ἀϐραμίου,
1731 1329 1819 1374 καὶ

250 1409 429 1480 ἀγωγὴν
486 1413 733 1467 τοιαύτην
803 1410 1081 1482 φιλόσοφον
1133 1415 1414 1483 μετιόντος,
1469 1412 1625 1471 πολύς
1686 1432 1817 1463 παν-

247 1507 393 1569 ταχοῦ
439 1498 580 1570 λόγος
624 1499 797 1571 ἐφοίτα
845 1505 963 1573 περὶ
1011 1500 1168 1552 αὐτοῦ
1218 1506 1306 1552 καὶ
1349 1500 1480 1552 πολύ
1524 1522 1575 1553 τι
1627 1500 1818 1561 πλῆθος

246 1588 489 1661 ἀνθρώπων
560 1588 645 1640 ἐπὶ
720 1592 813 1646 τὴν
890 1588 1080 1641 ἐκείνου
1157 1592 1272 1641 θέαν
1344 1590 1595 1664 συνέρρει,
1637 1596 1818 1661 τυχεῖν

242 1697 356 1737 τινος
401 1677 514 1750 παρ’
572 1676 768 1729 ἐκείνου
823 1685 917 1738 τῆς
972 1678 1209 1749 εὐλογίας
1264 1681 1556 1740 ποθούντες.
1618 1682 1818 1749 Δεκάτῳ

1931 518 1987 569 et
2010 515 2391 573 voluntatem.
2442 518 2662 573 Deinde
2693 518 2866 575 etiam
2913 518 3288 574 vehementer
3330 523 3582 595 rogavit,

1933 619 2005 658 ne
2032 604 2172 659 illuc
2187 606 2427 661 assidue
2444 608 2766 672 venientes,
2788 624 2965 661 suum
2988 606 3393 665 desideratum
3411 612 3586 667 obtur

1935 693 2143 748 harent
2172 695 2470 751 silentium
2519 703 2574 750 et
2610 696 2963 766 impedirent
2999 696 3325 768 profectum
3348 700 3477 769 ejus
3508 701 3586 756 ad

1934 783 2197 839 meliora.
2222 784 2300 839 Illi
2317 785 2561 855 quidem
2576 802 2714 840 cum
2728 786 2855 841 haec
2871 786 3197 841 audiissent
3210 793 3265 841 et
3280 787 3584 856 vidissent,

1932 878 2069 927 sunt
2098 874 2335 928 reversi.
2360 874 2455 929 Ille
2483 891 2622 930 vero
2654 876 2960 931 obstructo
2991 876 3153 930 aditu
3182 876 3584 943 domunculae,

1932 967 1987 1016 et
2007 962 2207 1018 relicta
2240 979 2418 1033 parva
2457 965 2725 1036 quadam
2758 964 3034 1027 fenestra,
3070 980 3175 1036 per
3198 982 3385 1038 quam
3418 966 3587 1039 panis

1932 1050 2123 1106 solum
2143 1057 2368 1125 etaqua
2391 1054 2443 1109 ei
2468 1053 2838 1124 prieberetur,
2865 1054 2974 1109 soli
3002 1054 3076 1109 de
3100 1061 3309 1111 caetero
3335 1056 3587 1112 orationi

1932 1140 2186 1195 vacabat
2211 1142 2539 1213 etjejunio.
2576 1142 2720 1197 Cum
2764 1143 2821 1198 in
2852 1142 2948 1197 his
2979 1150 3181 1199 autem
3223 1152 3375 1200 esset
3403 1146 3586 1201 Abra-

1933 1230 2109 1295 mius,
2134 1236 2190 1285 et
2222 1232 2374 1286 hanc
2406 1232 2883 1304 philosophicam
2908 1238 3201 1288 exerceret
3228 1233 3458 1288 vivendi
3488 1250 3583 1291 ra-

1935 1317 2177 1384 tionem,
2202 1320 2276 1374 de
2298 1336 2367 1375 eo
2396 1322 2790 1392 spargebatur
2811 1321 2973 1377 fama
2990 1322 3050 1376 in
3072 1338 3284 1377 omnes
3307 1329 3587 1393 partes,et

1931 1423 2151 1477 magna
2165 1408 2480 1464 hominum
2504 1411 2819 1465 multitudo
2834 1410 3171 1467 confluebat
3186 1412 3263 1467 ad
3284 1412 3448 1468 illum
3463 1429 3588 1485 spe-

1931 1496 2240 1562 ctandum,
2275 1498 2622 1554 desiderans
2645 1500 2719 1555 ad
2753 1499 2850 1554 illo
2877 1498 3145 1570 aliquam
3180 1501 3469 1573 consequi
3488 1502 3584 1558 be-

1930 1586 2350 1644 nedictionem.
2383 1588 2619 1643 Decimo
2652 1594 2849 1644 autem
2871 1604 3031 1644 anno
3054 1594 3375 1662 postquam
3399 1606 3586 1647 seces-

1930 1676 2119 1743 sisset,
2183 1676 2472 1732 decedunt
2525 1678 2770 1749 quidem
2819 1678 2945 1749 ejus
2988 1684 3302 1749 parentes:
3339 1679 3415 1735 ad
3447 1697 3586 1736 eum

242 1762 289 1818 δὲ
313 1769 428 1837 μετὰ
477 1770 570 1823 τὴν
617 1765 966 1838 ἀναχώρησιν
1013 1771 1110 1819 ἔτει
1164 1768 1439 1819 τελευτῶσι
1494 1772 1584 1839 μὲν
1616 1772 1663 1821 oi
1703 1772 1816 1821 τού-

1932 1772 2124 1821 autem
2146 1766 2485 1821 deferuntur
2512 1767 2609 1822 illo
2625 1784 2756 1821 rum
2788 1766 3025 1833 divitiae,
3056 1773 3112 1823 et
3134 1768 3404 1823 omnium
3421 1775 3587 1840 pater

243 1874 314 1905 τον
339 1863 489 1924 γονεῖς
530 1875 543 1887 ·
592 1852 769 1907 ὁδεύει
815 1852 875 1907 δὲ
918 1860 1047 1928 πρὸς
1086 1856 1240 1908 αὐτόν
1284 1858 1309 1908 ὁ
1355 1857 1554 1909 ἐκείνων
1603 1858 1819 1920 πλοῦτος

240 1950 309 1995 καὶ
350 1943 662 2018 κληρονόμος
722 1945 931 2005 ἁπάσης
980 1953 1071 2005 τῆς
1136 1953 1397 2019 πατρικῆς
1448 1946 1635 2006 ούσίας
1692 1949 1815 1998 καθ-

240 2037 418 2084 ίσταται
469 2035 493 2085 ὁ
557 2032 871 2107 Ἀϐράμιος·
934 2033 992 2085 Ὁ
1046 2031 1105 2086 δὲ
1163 2035 1323 2087 πάλαι
1376 2044 1493 2096 ταῖς
1557 2040 1819 2096 τοιαύταις

235 2127 440 2194 φροντίσι
494 2128 711 2197 χαίρειν
768 2123 945 2185 εἰπὼν,
1004 2128 1106 2175 τινὶ
1158 2133 1252 2175 τῶν
1300 2125 1458 2176 αύτού
1513 2125 1667 2195 φίλων
1727 2130 1818 2183 τὴν

231 2220 305 2263 τοῦ
349 2215 580 2265 τοιούτου
632 2213 831 2285 κλήρου
881 2216 1116 2265 πιστεύει
1174 2218 1437 2288 πρόνοιαν,
1496 2212 1819 2273 ἀναλωθῆναι

230 2303 277 2352 τὸ
314 2301 474 2353 πλεῖον
523 2301 691 2353 αύτού
735 2306 889 2374 μέρος
930 2302 999 2363 εἰς
1031 2299 1221 2365 ἐνδεεῖς
1270 2302 1567 2373 ἐπισκήψας
1600 2321 1612 2331 ’
1647 2304 1706 2355 οὗ
1748 2301 1815 2363 δὴ

229 2394 341 2441 κατὰ
382 2394 471 2452 τὰς
510 2395 706 2444 ἐκείνου
757 2390 960 2453 ἐντολὰς
1002 2397 1273 2464 γενομένου
1325 2398 1414 2445 καὶ
1454 2400 1545 2444 τοῦ
1592 2392 1815 2446 πλούτου

228 2480 373 2541 καλῶς
423 2481 564 2551 αὐτῷ
634 2483 936 2541 κενωθέντος
997 2487 1085 2533 καὶ
1170 2490 1266 2533 τῶν
1324 2488 1549 2540 πενήνων
1606 2483 1816 2545 πολλαῖς

227 2568 599 2643 ἐπαρκέσαντος,
667 2566 941 2643 φροντίδος
996 2570 1275 2623 ἀπολέλυτο
1324 2574 1521 2635 πάσης,
1572 2572 1815 2645 ὀἊϐρά-

225 2677 322 2730 μιος
368 2676 378 2687 ⁸
429 2658 533 2711 ἐπεὶ
590 2664 686 2711 καὶ
726 2667 878 2711 τοῦτο
924 2664 1129 2731 φροντὶς
1181 2660 1351 2730 ἐκείνω
1409 2659 1602 2731 μᾶλλον
1645 2658 1811 2719 διηνε-

220 2754 322 2811 κὴς,
352 2752 477 2810 ὅπως
506 2751 569 2802 ᾶν
602 2746 797 2822 μηόένι⁵
827 2754 919 2808 την
957 2749 1143 2821 ψυχὴν
1182 2760 1281 2802 τῶν
1327 2750 1588 2823 βιωτικῶν
1626 2770 1679 2802 τε
1720 2755 1808 2802 καὶ

1930 1870 2145 1911 narum
2188 1856 2533 1912 facultatum
2576 1855 2859 1910 ﬁthzeres
2909 1855 3249 1910 Abramius.
3301 1856 3398 1912 Ille
3448 1873 3583 1912 vero

1929 1962 2067 2001 cum
2092 1947 2218 2016 jam
2241 1946 2380 2001 olim
2416 1945 2558 2000 tales
2589 1962 2763 2001 curas
2788 1946 3067 2015 jussisset
3089 1946 3305 2012 valere,
3343 1947 3581 2003 cuidam

1930 2052 2001 2091 ex
2024 2037 2143 2090 suis
2170 2036 2379 2091 amicis
2412 2036 2745 2103 committit,
2777 2040 2837 2089 ut
2861 2051 3068 2090 curam
3091 2040 3254 2105 gerat
3279 2036 3584 2092 haeredita-

1930 2125 2024 2190 tis,
2055 2126 2377 2189 mandans,
2407 2130 2620 2196 utpars
2652 2125 2779 2194 ejus
2812 2125 3077 2179 maxima
3102 2132 3490 2182 consumatur
3521 2126 3583 2181 in

1929 2231 2169 2285 egenos.
2201 2216 2368 2276 Quod
2398 2214 2637 2285 quidem
2662 2231 2797 2284 cum
2818 2215 3039 2269 factum
3062 2214 3283 2279 fuisset,
3312 2221 3373 2270 ut
3397 2216 3586 2286 jusse-

1928 2310 2037 2370 rat,
2071 2309 2129 2360 et
2159 2303 2404 2375 pulchre
2455 2304 2712 2374 profusae
2764 2303 3005 2357 fuissent
3050 2304 3178 2373 ejus
3231 2304 3473 2370 divitias,
3530 2310 3587 2362 et

1927 2392 2564 2467 apemtulissetmultis
2592 2392 2975 2463 pauperibus,
3009 2392 3237 2448 solutus
3258 2394 3587 2450 omnicura

1927 2482 2034 2539 fuit
2052 2482 2543 2537 Abramius.Nam
2561 2482 2619 2536 in
2634 2482 2747 2536 hoc
2764 2482 2857 2536 ille
2873 2487 3160 2553 perpetuo
3181 2482 3578 2547 incumbebat,

1928 2574 2133 2641 utejus
2156 2571 2394 2627 animus
2423 2577 2817 2641 occuparetur
2843 2571 2902 2624 in
2927 2570 3091 2626 nulla
3114 2587 3175 2627 re
3200 2572 3512 2627 mundana
3529 2576 3587 2627 et

1924 2665 2175 2727 terrena,
2201 2660 2303 2714 sed
2326 2676 2461 2714 eum
2484 2665 2667 2714 totum
2690 2660 2924 2713 haberet
2954 2658 3030 2713 ad
3045 2659 3583 2717 cmlumextensum

1925 2764 2274 2819 semperque
2307 2748 2496 2802 levem
2526 2752 2583 2801 et
2613 2747 2926 2801 sublimem
2958 2748 3035 2801 ad
3064 2748 3373 2819 spiritalia.

221 2842 387 2908 γηίνων
414 2838 774 2911 ἀπολειφθείη,
811 2838 937 2890 ἀλλὰ
982 2846 1157 2891 πᾶσαν
1188 2839 1351 2898 αὐτὴν
1382 2842 1501 2910 ἔχοι
1534 2844 1662 2912 πρὸς
1719 2843 1804 2891 τόν
1836 2839 2051 2915 οὐρανόν
2099 2842 2376 2910 τεταμένην
2406 2841 2497 2888 καὶ
2526 2839 2722 2907 κούφην
2754 2834 2832 2887 ἀεὶ
2860 2839 2991 2907 πρὸς
3020 2838 3085 2888 τὰ
3136 2838 3461 2909 πνευματικά
3490 2857 3559 2890 κα

228 2934 454 2999 μετέωρον
463 2971 474 2981 .

296 3017 377 3099 ς’.
432 3020 689 3079 Ποθὴσας
744 3021 911 3069 τοίνυν
950 3023 1018 3078 ὼς
1096 3022 1407 3088 τιμιώτατον
1463 3027 1638 3090 κτῆμα
1720 3024 1816 3076 τὴν

1997 3018 2090 3071 Vl.
2115 3018 2262 3073 Cum
2293 3029 2434 3083 ergo
2458 3018 2750 3085 tanquam
2767 3014 3207 3085 possessionem
3229 3014 3583 3086 pretiosissi-

217 3105 470 3171 ὰκτησίαν,
535 3102 697 3158 οὐδὲν
755 3108 921 3179 ἕτερον
966 3107 1107 3179 ἔχειν
1158 3108 1430 3178 ἠνέσχετο,
1473 3107 1607 3166 πλὴν
1657 3113 1808 3179 μόνον

219 3205 302 3247 τῶν
352 3196 655 3268 ἀναγκαίως
708 3195 932 3268 έχόντων
972 3217 1043 3268 τῳ
1094 3204 1315 3269 σώματι,
1368 3202 1433 3249 τά
1478 3196 1535 3251 δὲ
1574 3196 1633 3257 ἧν
1674 3200 1811 3251 πάλ-

214 3286 310 3337 λιον
350 3292 436 3339 καὶ
464 3288 636 3362 ῥάκος
685 3306 734 3339 τι
772 3291 1030 3360 τρίχινον,
1073 3287 1107 3338 οἱ
1153 3292 1455 3360 περιέκειτο,
1509 3288 1722 3359 ψιάθιόν
1764 3310 1814 3343 τε

216 3379 323 3446 πρὸς
376 3376 708 3433 κατάκλησιν
759 3374 1010 3448 βραγείαν
1064 3384 1155 3428 τοῦ
1211 3382 1451 3447 σώματος
1510 3383 1599 3430 καὶ
1648 3384 1813 3438 ποτή-

212 3483 327 3535 ριον,
406 3473 445 3535 ῷ
514 3472 615 3517 τοῦ
697 3468 1083 3539 μεμετρημένου
1165 3468 1353 3517 ἐκείνου
1440 3467 1814 3538 μετελάμϐανεν

214 3550 386 3614 ὕδατος
446 3570 460 3584 ⁸
520 3552 636 3604 ἀλλ’
700 3555 808 3624 ὅσῳ
856 3563 955 3605 τῶν
1009 3573 1124 3628 περι
1181 3557 1239 3605 τὸ
1300 3562 1454 3627 σῶμα
1508 3554 1814 3614 ἐπιτηδείων

212 3640 401 3714 ἠπόρει,
455 3644 697 3713 τοσούτῳ
740 3650 849 3704 τοῖς
901 3652 991 3703 τῆς
1037 3643 1220 3714 ψυχῆς
1268 3644 1448 3706 καλοῖς
1500 3645 1674 3699 έοαλλε
1726 3652 1815 3699 καὶ

212 3728 359 3801 ἐκόμα
406 3731 783 3804 ἐκλάμπουσαν
832 3731 910 3784 ἀεὶ
965 3741 1054 3785 τοῦ
1093 3738 1211 3805 περὶ
1261 3736 1415 3785 αύτόν
1473 3736 1662 3787 κύκλου
1716 3745 1814 3787 τῶν

212 3820 406 3889 ἀρετῶν,
457 3825 557 3879 τὴν
620 3825 932 3874 ταπείνωσιν
988 3824 1124 3892 ἔχων
1176 3828 1260 3874 καὶ
1318 3828 1411 3880 τὴν
1472 3823 1699 3895 ἀγάπην,
1756 3824 1816 3885 ἂς

216 3904 273 3964 δὴ
312 3916 397 3961 καὶ
436 3914 674 3983 μητέρας
707 3909 905 3981 ἀγαθοῦ
952 3915 1142 3973 παντὸς
1195 3912 1460 3984 ὁρίζονται
1505 3910 1650 3967 εἶναι.
1703 3913 1816 3966 Ἐν-

213 4000 366 4051 τεῦθεν
408 4002 669 4071 ὁμότιμον
722 4003 811 4072 μεν
860 4004 954 4059 τὴν
1011 3999 1220 4071 ἀγάπην
1275 4009 1418 4074 κοινῇ
1471 4005 1599 4075 πρός
1652 4002 1819 4053 ἄπαν-

211 4104 289 4146 τας
340 4086 702 4155 ἐπεδείκνυτο,
752 4092 843 4147 τὴν
899 4085 961 4140 δέ
1008 4089 1097 4140 τού
1145 4089 1366 4147 πλησιον
1424 4089 1501 4141 ἀεὶ
1560 4094 1818 4162 σωτηρίαν

209 4182 294 4236 τῆς
363 4177 551 4230 ἑαυτοῦ
616 4180 897 4251 προετίθει.
965 4181 1042 4229 Τὰ
1102 4175 1161 4230 δὲ
1218 4186 1316 4230 τῶν
1390 4179 1547 4231 αὑτοῦ
1606 4180 1819 4250 χειλέων

208 4263 602 4338 ἐκπορευόμενοι,
664 4271 812 4328 ποίας
873 4266 977 4337 οὐχ
1036 4269 1185 4319 ἱκανά
1254 4267 1439 4339 ψυχὰς
1510 4268 1821 4331 καταθέλξαι

1928 3123 2069 3162 nam
2108 3105 2503 3161 desiderasset
2533 3102 2611 3158 nil
2643 3103 2962 3175 possidere,
2998 3103 3142 3158 nihil
3173 3103 3337 3159 aliud
3361 3104 3583 3161 habere

1929 3196 2225 3262 sustinuit,
2254 3200 2466 3268 praeter
2477 3210 2547 3249 ea
2560 3193 2705 3259 sola,
2724 3208 2860 3264 quae
2894 3198 3032 3249 sunt
3057 3195 3292 3266 corpori
3314 3211 3584 3252 necessa-

1929 3287 2032 3341 ria.
2052 3285 2135 3341 Ea
2147 3290 2346 3341 autem
2365 3288 2551 3348 erant,
2573 3282 2821 3354 pallium
2844 3287 2900 3337 et
2921 3283 3200 3347 cilicium,
3217 3284 3436 3356 quibus
3458 3290 3585 3341 erat

1927 3375 2185 3439 indutus,
2219 3380 2276 3429 et
2303 3379 2499 3429 storea
2532 3372 2609 3427 ad
2643 3372 2885 3428 brevem
2916 3372 3181 3444 corporis
3212 3374 3579 3439 accubitum,

1925 3471 1984 3521 et
2006 3464 2440 3536 poculum,quo
2456 3462 2757 3517 modicam
2775 3462 3299 3533 sumebataquam.
3331 3463 3443 3519 Sed
3461 3479 3583 3535 quo

1926 3556 2121 3626 magis
2141 3554 2353 3623 egebat
2370 3552 2462 3621 iis,
2480 3567 2615 3624 qua;
2632 3551 3099 3623 pertinebantad
3128 3568 3299 3607 usum
3314 3552 3585 3624 corporis

1926 3662 1988 3700 eo
2012 3644 2202 3715 magis
2215 3641 2588 3707 abundabat,
2613 3640 2786 3696 bonis
2800 3640 3035 3704 animae,
3054 3641 3112 3695 in
3129 3641 3274 3696 orbe
3299 3642 3581 3697 virtutum

1925 3733 2026 3804 qui
2040 3750 2175 3787 eum
2193 3730 2622 3795 circumdabat,
2640 3745 2877 3801 semper
2893 3728 3373 3800 resplendentem
3391 3730 3585 3785 humi-

1928 3820 2149 3877 litatem
2204 3821 2448 3884 habens,
2509 3826 2564 3873 et
2616 3818 2986 3883 charitatem,
3060 3834 3210 3889 quas
3276 3818 3585 3888 cujuslibet

1928 3911 2067 3967 boni
2089 3916 2306 3965 matres
2320 3924 2452 3964 esse
2466 3906 2847 3961 deﬁniuntur.
2867 3906 3007 3960 Hinc
3020 3906 3337 3977 aequalem,
3355 3907 3583 3977 quidem

1929 4000 2325 4056 communiter
2354 3998 2411 4051 in
2436 4011 2643 4051 omnes
2673 3994 3019 4049 ostendebat
3049 3994 3422 4051 charitatem.
3446 3995 3587 4051 Pro-

1929 4089 2072 4145 ximi
2104 4094 2304 4145 autem
2327 4086 2577 4142 salutem
2601 4100 2837 4156 semper
2864 4099 2986 4137 suae
3010 4083 3407 4154 praeponebat.
3443 4085 3586 4149 Qum

1932 4195 2070 4233 vero
2085 4194 2154 4233 ex
2176 4178 2302 4249 ejus
2321 4176 2501 4232 labris
2526 4173 2951 4245 procedebant,
2974 4189 3151 4244 quam
3169 4188 3289 4228 non
3312 4178 3586 4243 poterant

1932 4268 2200 4323 animam
2220 4264 2576 4331 demulcere,
2600 4269 2655 4318 et
2680 4262 2971 4317 attrahere
2997 4261 3073 4316 ad
3095 4261 3409 4316 virtutem?
3434 4263 3586 4318 Nam

209 4360 287 4407 καὶ
353 4357 653 4428 ύφελκύσαι
726 4360 815 4407 καὶ
900 4359 1030 4428 πρὸς
1102 4355 1288 4420 ἀρετὴν
1366 4356 1816 4420 ἐπισπάσασθαις

1935 4355 2104 4411 valde
2130 4355 2375 4427 quidem
2402 4353 2572 4408 docte
2604 4350 3036 4407 adhortabatur
3070 4366 3081 4405 :
3112 4350 3588 4421 reprehendebat

210 4442 487 4517 Ἐπηνειμα
564 4448 666 4519 γὰρ
719 4450 808 4497 καὶ
871 4444 983 4496 λίαν
1046 4442 1418 4516 παιδευτικῶς,
1486 4449 1703 4519 ἐπετίμα
1758 4444 1817 4501 δὲ

210 4544 458 4607 πατρικῶς
510 4552 570 4585 τε
622 4540 710 4587 καὶ
757 4534 1111 4606 φιλοστόργως
1165 4551 1176 4563 ·
1228 4538 1256 4593 ἦ
1310 4554 1361 4586 τε
1408 4540 1637 4607 πραότης
1677 4537 1815 4608 αύτῷ

214 4631 475 4694 πανταχοῦ
523 4628 616 4674 καὶ
647 4625 863 4695 ἡχάρις
908 4622 1136 4688 ἐπήνθει,
1178 4627 1271 4681 τήν
1324 4620 1469 4676 ἔνδον
1510 4624 1817 4697 τῆςψυχῆς

211 4716 534 4764 κατάστασιν
586 4711 812 4786 ἀκριϐῶς
853 4709 1250 4785 διαφαίνουσαι.
1304 4715 1605 4785 Θαυμάσειε
1652 4711 1701 4765 δ’
1755 4714 1814 4764 άν

210 4818 278 4861 τις
331 4802 551 4863 εἰκότως
608 4806 697 4853 καὶ
754 4806 811 4854 τὸ
861 4805 989 4875 πρός
1046 4806 1169 4863 τούς
1225 4801 1421 4873 ἀγῶνας
1477 4811 1565 4855 τοῦ
1626 4800 1815 4877 ἀνδρὸς

211 4896 510 4963 καρτερικὸν
564 4910 617 4943 τε
662 4896 751 4943 καὶ
802 4893 1038 4944 σύντονον
1093 4906 1107 4921 ⁸
1165 4896 1509 4949 πεντηκοστόν
1555 4894 1654 4966 γὰρ
1708 4894 1815 4955 ἔτος

213 4982 255 5029 ἐν
324 4980 559 5038 ἀσκήσει
612 4976 933 5044 διατελέσας,
992 4977 1241 5034 ούὸέποτε
1291 4981 1520 5054 μαλακόν
1570 4982 1641 5043 εἰς
1702 4986 1815 5043 τοὺς

213 5074 385 5130 πόνους
435 5066 565 5123 οὐδὲ
609 5070 841 5143 ῥᾴθυμον
884 5069 1089 5141 ἔϐλεψεν
1131 5067 1254 5123 οὐδὲ
1307 5072 1577 5143 καθυφῆκέ
1622 5091 1674 5123 τι
1725 5080 1813 5123 τοῦ

214 5155 637 5231 παραδεδομένου
718 5163 811 5217 τὴν
892 5156 1065 5232 ἀρχὴν
1146 5160 1285 5231 αύτῷ
1350 5170 1441 5221 τῆς
1516 5160 1815 5231 ἐγκρατείας

216 5252 418 5310 κανόνος
478 5266 492 5278 ⁵
542 5246 647 5300 ἀλλ’

220 5334 519 5410 ἁπτόμενος,
559 5338 722 5399 οὕτως
752 5333 813 5395 ἧν
864 5337 982 5389 καθ’
1015 5336 1239 5394 ἑκάστην
1288 5342 1416 5410 πρὸς
1459 5336 1656 5410 ἀγῶνας
1712 5338 1816 5391 ἐπι-

730 5249 904 5321 ὦσπερ
962 5248 1082 5320 ἄρτι
1163 5258 1521 5321 πνευματικῶν
1582 5246 1815 5321 ἱδρώτων

222 5421 402 5487 διδούς
449 5432 542 5478 καὶ
588 5426 743 5489 αὐτὸς
787 5425 966 5478 ἰαυτὸν
1016 5424 1345 5497 ὑπερϐάλλων
1394 5436 1454 5500 τῆ
1508 5433 1755 5501 καρτερίᾳ
1799 5443 1811 5454 ⁸

222 5512 306 5565 ούκ
351 5511 414 5574 ἧν
481 5511 539 5568 δε
591 5519 717 5590 πρὸς
772 5522 927 5580 Θεοῦ,
982 5517 1187 5575 πάντως
1250 5525 1482 5569 τοιοῦτον
1540 5519 1661 5570 ὄντα
1728 5513 1816 5569 καὶ

226 5603 377 5666 οὕτως
446 5601 532 5659 οἶα
599 5605 742 5659 πόλιν
792 5613 1041 5680 περιφανῆ
1118 5608 1204 5657 καὶ
1280 5604 1521 5680 λαμπρὰν
1580 5608 1813 5679 καθάπερ

1932 4451 2132 4501 autem
2152 4451 2395 4515 paterne
2409 4448 2461 4496 et
2475 4446 2771 4498 amanter:
2796 4439 3310 4510 mansuetudoque
3324 4440 3588 4509 etgratia

1932 4534 2193 4606 undique
2216 4534 2273 4587 in
2297 4548 2366 4587 eo
2392 4531 2662 4593 ﬂorebat,
2692 4530 2985 4584 internam
3011 4528 3193 4583 animi
3221 4529 3587 4584 constitutio-

1928 4640 2062 4679 nem
2098 4622 2349 4695 perfecte
2390 4620 2681 4692 aperiens.
2716 4618 2912 4672 Merito
2949 4621 3149 4673 autem
3191 4617 3587 4673 admirabitur

1926 4712 2221 4785 quispiam
2246 4727 2374 4781 ejus
2398 4709 2453 4763 in
2483 4705 2905 4763 certaminibus
2932 4705 3433 4771 fortitudinem,et
3452 4722 3586 4762 con-

1927 4802 2229 4856 stantiam.
2266 4801 2411 4855 Nam
2444 4813 2580 4851 cum
2613 4800 2749 4851 ante
2782 4799 3033 4850 mortem
3065 4794 3381 4849 continuos
3411 4797 3583 4867 quin-

1927 4891 2215 4962 quaginta
2248 4903 2438 4944 annos
2490 4884 2843 4954 transegerit
2876 4884 2934 4937 in
2964 4883 3390 4946 exercitatione,
3428 4900 3585 4940 nun-

1926 4996 2111 5051 quam
2142 4977 2391 5033 molliter
2418 4980 2520 5031 aut
2546 4974 2801 5042 segniter
2852 4988 3174 5041 aggressus
3206 4978 3293 5027 est
3326 4972 3579 5044 labores,

1926 5084 2121 5140 neque
2152 5066 2482 5139 quidquam
2518 5061 2744 5117 remisit
2769 5061 2843 5116 de
2875 5062 2925 5115 ei
2958 5060 3031 5116 ab
3062 5061 3223 5115 initio
3252 5061 3467 5117 tradita
3497 5078 3583 5116 re-

1928 5158 2069 5229 gula
2094 5154 2486 5211 abstinentiae:
2515 5152 2617 5206 sed
2649 5151 2887 5223 perinde
2918 5166 2985 5204 ac
3015 5150 3063 5204 si
3095 5148 3391 5221 spiritales
3417 5150 3585 5206 labo-

1928 5264 2019 5303 res
2050 5262 2253 5302 recens
2285 5245 2615 5311 attingeret,
2660 5242 2741 5296 ita
2771 5240 2849 5295 ad
2898 5239 3231 5294 certamina
3262 5239 3585 5305 accedebat

1928 5335 2213 5405 quotidie,
2240 5334 2498 5404 seipsum
2524 5332 2583 5386 in
2602 5330 2731 5384 dies
2763 5344 3069 5399 superans.
3091 5327 3218 5383 Non
3240 5334 3365 5385 erat
3381 5335 3582 5387 autem

1931 5428 2027 5481 Die
2049 5424 2297 5481 omnino
2329 5422 2688 5494 permittere,
2720 5426 2783 5474 ut
2805 5417 2934 5474 talis
2960 5417 3063 5472 lux
3077 5418 3188 5473 sub
3222 5418 3419 5474 medio
3444 5419 3581 5476 late-

1928 5520 2051 5578 ret;
2087 5530 2277 5586 neque
2307 5512 2430 5567 ﬁeri
2453 5513 2701 5582 poterat,
2734 5512 2799 5564 ut
2822 5506 2924 5579 qui
2956 5512 3080 5564 erat
3108 5507 3476 5579 hujusmodi,
3528 5514 3584 5566 et

1926 5603 2175 5679 perinde
2206 5618 2276 5660 ac
2307 5601 2465 5657 clara
2490 5597 2773 5673 quaedam
2800 5601 2857 5655 et
2886 5595 3128 5654 illustris
3174 5596 3402 5668 civitas,
3426 5597 3584 5656 velut
