4078 6222
480 324 543 382 51
1862 310 2120 372 MENSIS

2253 310 2384 368 ,ΗΤΙ
2391 313 2499 369 US.
3783 315 3855 373 52

474 450 535 507 in
549 449 810 523 quodam
826 453 1027 505 monte
1040 462 1237 504 rerum
1253 446 1656 503 maximarum
1671 448 1725 500 et
1736 439 2130 515 pulcherrime

2253 435 2325 490 imi
2376 458 2510 501 τινος
2555 443 2710 518 ὄρους
2756 452 2856 495 τῶν
2905 448 3165 515 μεγίστων
3221 439 3633 516 κατορθωμᾶπων
3681 444 3852 515 κείμε-

478 549 803 609 gestarum,
820 539 1048 611 positus
1066 543 1207 602 erat,
1229 535 1720 592 absconderetur.
1740 536 1853 589 Nec
1867 545 2005 599 ergo
2028 528 2135 585 fuit

478 629 955 685 absconsus.Sed
974 628 1281 700 quomodo
1304 642 1494 697 nuper
1514 626 1640 697 ipse
1655 624 1944 679 Dominus
1963 619 2137 677 disci-

482 720 663 792 pulis,
690 720 768 775 ita
785 718 961 773 etiam
988 732 1147 772 nunc
1169 716 1402 771 illorum
1425 713 1703 770 imitatori
1728 713 1985 783 desuper
2001 726 2134 782 apo-

484 806 1091 866 stolicumcommittit
1109 805 1522 869 ministerium,
1548 809 1602 859 et
1622 807 1751 873 ejus
1772 802 2015 858 honorat
2027 799 2137 855 vir-

484 903 672 954 tutem
696 896 1013 952 chrismate
1028 892 1354 959 sacerdotii,
1377 898 1433 948 et
1452 892 1769 948 sudoribus
1792 888 2138 946 monasticae

487 984 917 1044 exercitationis
938 982 1211 1039 athletica
1235 981 1412 1036 etiam
1440 980 1766 1037 certamina
1788 978 2065 1049 adjungit
2085 980 2139 1031 et

488 1074 798 1133 laboribus
824 1072 1191 1129 abstinentiae
1212 1076 1426 1144 praeter
1446 1071 1789 1142 opinionem
1814 1074 1869 1123 et
1891 1067 2140 1123 admira-

487 1165 682 1221 biliter
727 1163 985 1219 adnectit
1022 1178 1275 1219 coronas
1306 1160 1592 1233 martyrii.
1636 1161 1911 1225 Quonam
1960 1157 2138 1214 modo

493 1259 715 1319 autem,
752 1253 1036 1324 deinceps
1067 1267 1389 1323 exponam.

555 1344 674 1399 VII.
712 1342 1044 1413 Lampsaci,
1076 1341 1242 1414 quod
1273 1346 1360 1397 est
1389 1338 1682 1412 oppidum
1705 1339 1780 1395 ad
1799 1336 2140 1409 Hellespon-

487 1438 634 1497 tum,
668 1437 792 1488 erat
816 1431 1061 1503 quidam
1099 1446 1357 1500 magnus
1402 1431 1585 1494 vicus,
1619 1435 1676 1484 et
1704 1428 1985 1499 frequens
2036 1440 2141 1497 po-

490 1521 653 1594 pulo,
682 1520 780 1593 qui
796 1527 1042 1576 vocatur
1064 1520 1278 1575 Tamia.
1310 1518 1605 1585 Quoniam
1633 1521 1832 1573 autem
1857 1515 1963 1588 qui
1987 1515 2047 1570 in
2069 1529 2139 1570 eo

486 1610 618 1667 vico
629 1608 1361 1673 habitabant,tenebantur
1372 1624 1405 1663 a
1419 1607 1580 1678 gravi
1600 1621 1794 1663 errore
1808 1605 2111 1675 gentilium
2122 1645 2135 1669 ,

488 1716 713 1770 magna
742 1700 988 1771 quidem
1019 1698 1333 1754 multitudo
1376 1697 1752 1753 sacerdotum
1784 1700 1841 1751 et
1868 1695 2140 1750 diacono-

488 1806 621 1845 rum
644 1788 723 1844 ab
750 1788 1029 1859 episcopo
1057 1786 1135 1843 ad
1166 1803 1270 1843 eos
1297 1786 1639 1843 mittebatur
1668 1800 1682 1841 :
1715 1783 1955 1857 plurimi
1985 1799 2139 1856 quo-

2240 546 2323 579 vov
2382 531 2481 582 ὑπὸ
2520 530 2691 604 μοδίῳ
2752 538 2840 586 καὶ
2878 532 3024 606 κλίνη
3068 533 3442 586 καλύπτεσθαι.
3489 531 3690 584 Οὔκουν
3729 526 3857 583 οὐδὲ

2242 619 2561 672 κεκάλυπται
2592 640 2605 651 ο
2691 622 2802 674 ἀλλ’
2880 625 3053 697 ὥσπερ
3130 629 3307 697 πρώην
3386 628 3496 683 τοῖς
3573 623 3852 693 μαθηταῖς,

2244 707 2408 769 οὕτως
2450 715 2539 762 καὶ
2595 719 2682 763 νῦν
2734 721 2806 783 τῷ
2864 711 3063 766 ἐκείνων
3115 719 3318 785 μιμητῇ
3379 713 3609 786 Χριστὸς
3661 709 3854 762 ἄνωθεν

2246 795 2590 857 ἀποστολικὴν
2630 800 2921 875 ἐγχειρίζει
2975 800 3244 854 διακονίαν
3292 806 3385 859 τήν
3425 819 3478 852 τε
3519 807 3611 852 τοῦ
3662 795 3856 873 ἀνδρὸς

2247 885 2431 961 ἀρετὴν
2487 891 2771 962 ἱερωσύνης
2821 897 2949 963 τιμᾷ
2998 895 3264 966 χρίσματι
3319 893 3410 942 καὶ
3456 894 3637 950 κόποις
3686 887 3857 947 ἀσκη-

2245 983 2408 1037 τικοίς
2472 977 2778 1041 ἀθλητικούς
2834 981 3043 1043 εἰκότως
3112 984 3302 1043 πόνους
3374 978 3712 1032 ἕπισυνάπτει
3763 982 3857 1031 καὶ

2250 1068 2519 1138 στεφάνοις
2591 1068 2887 1145 ἐγκρατείας
2966 1069 3247 1143 πεφάνους
3321 1065 3633 1144 παραδόξως
3686 1066 3856 1122 ἔπιτε-

2250 1158 2375 1213 θησι
2409 1164 2699 1230 μαρτυρίας
2746 1176 2759 1188 ·
2812 1162 2949 1222 ὅπως
3000 1156 3059 1213 δὲ
3105 1160 3208 1233 ἄρα
3257 1163 3348 1212 xui
3384 1163 3500 1211 τίνα
3528 1160 3616 1211 τὸν
3662 1162 3855 1232 τρόπον

2246 1247 2309 1296 τὰ
2339 1253 2429 1297 τοῦ
2460 1245 2613 1317 λόγου
2641 1243 2869 1306 δηλώσει
2898 1268 3008 1320 μοι.

2318 1336 2396 1393 Ζ’.
2441 1335 2524 1388 Ἐν
2577 1346 2639 1409 τῇ
2684 1338 2982 1411 Λαμψάκῳ,
3015 1347 3077 1412 τῇ
3112 1342 3241 1411 πρὸς
3284 1337 3660 1396 Ἑλλήσποντον
3700 1343 3852 1409 κώμη

2248 1443 2329 1484 τις
2373 1422 2433 1482 ἧν
2472 1426 2669 1497 μεγάλη
2723 1432 2814 1480 καὶ
2861 1428 3265 1497 πολυάνθρωπος
3303 1427 3593 1499 καλουμένη
3642 1432 3851 1479 Ταινία·

2248 1520 2356 1574 ἐπεὶ
2401 1514 2459 1569 δε
2501 1519 2549 1569 οἱ
2579 1522 2673 1576 τὴν
2702 1520 2949 1575 τοιαύτην
2978 1524 3157 1590 κώμην
3214 1516 3472 1577 οἰκοῦντες
3642 1515 3851 1589 χαλεπῇ

2247 1615 2345 1659 τῶν
2394 1606 2641 1665 Ἑλλήνων
2694 1608 2828 1666 ἦσαν
2879 1606 3050 1680 ἀπάτη
3114 1606 3532 1678 κατειλημμένοι,
3587 1604 3716 1658 πολὺ
3762 1609 3855 1677 μεν

2248 1696 2492 1749 ἑκάστοτε
2517 1696 2708 1757 πλῆθος
2755 1697 2925 1757 αὐτοῖς
2974 1698 3142 1769 ἱερέων
3184 1700 3273 1747 καὶ
3322 1692 3577 1747 διακόνων
3618 1696 3718 1747 ὑπὸ
3760 1702 3857 1747 τοῦ

3548 1782 3727 1836 πολλοὶ
3793 1779 3831 1836 δ
3834 1786 3857 1835 ε

2247 1794 2342 1849 τῆς
2413 1784 2703 1847 ἐπισκοπῆς
2770 1794 3092 1860 προεστῶτος
3178 1783 3432 1857 ἐπέμπετο
3467 1803 3480 1817 ο

488 1895 606 1951 que
637 1895 709 1934 ex
729 1879 799 1934 iis
829 1879 933 1949 qui
962 1877 1144 1933 vitam
1179 1882 1568 1949 susceperant
1599 1875 2017 1940 monasticam,
2058 1874 2136 1931 ab

2253 1885 2346 1929 τῶν
2403 1879 2489 1929 τὸν
2537 1880 2738 1951 μονήρη
2801 1874 2918 1948 βίον
2969 1873 3299 1950 ἀνῃρημένων
3352 1870 3675 1927 διδάσκαλοι
3732 1879 3857 1944 παρ’

489 1983 559 2023 eo
587 1968 885 2024 constituti
911 1972 1080 2023 erant
1104 1966 1215 2022 vici
1240 1966 1524 2035 magistri.
1555 1966 1664 2022 Sed
1691 1980 1869 2020 nemo
1900 1979 2001 2020 eos
2028 1980 2136 2035 po-

489 2061 638 2111 terat
659 2060 1000 2112 convertere
1021 2054 1098 2111 ab
1127 2070 1323 2110 errore
1348 2071 1360 2109 :
1384 2054 1506 2109 imo
1531 2054 1645 2126 piis
1667 2053 1866 2125 potius
1896 2052 1979 2108 illi
1999 2051 2141 2107 infe-

489 2145 703 2202 rebnat
743 2149 1039 2200 tormenta
1067 2151 1123 2199 et
1167 2143 1475 2215 supplicia,
1522 2158 1716 2215 neque
1771 2145 1893 2197 erat
1949 2141 2137 2197 ullum

489 2249 685 2305 poenaa
707 2248 913 2303 genus,
942 2233 1107 2305 quod
1133 2248 1254 2288 non
1277 2231 1608 2288 terribiliter
1627 2232 1711 2287 eis
1731 2231 2136 2287 intentaretur.

490 2322 636 2379 Cum
662 2338 803 2392 ergo
833 2321 1130 2378 dubitaret
1160 2323 1482 2393 episcopus
1509 2320 1802 2392 quidnam
1841 2324 2141 2391 oporteret

489 2413 706 2475 facere,
738 2411 927 2483 utqui
977 2411 1278 2477 errabant,
1328 2426 1584 2465 errorem
1639 2414 2051 2479 agnoscerent,
2085 2415 2140 2465 et

488 2516 615 2556 rem
638 2500 966 2572 aliquando
997 2516 1133 2555 cum
1158 2500 1284 2555 suis
1333 2499 1820 2568 communicaret,
1864 2497 2022 2553 venit
2051 2498 2138 2553 eis

487 2589 722 2645 interim
746 2589 804 2644 in
827 2594 1087 2645 mentem
1109 2588 1427 2645 Abramius
1454 2587 1831 2644 admirabilis.
1851 2590 1995 2643 Tum
2019 2602 2139 2644 non

488 2684 840 2751 exspectans
861 2678 987 2750 ipse
1008 2677 1256 2734 aliorum
1288 2678 1362 2734 de
1379 2694 1446 2733 eo
1469 2676 1809 2733 testimonia
1834 2676 1913 2731 eis
1940 2676 2139 2733 statim

487 2766 768 2832 ostendit,
788 2768 931 2841 quid
950 2767 1024 2823 de
1048 2767 1147 2823 illo
1168 2774 1329 2823 esset
1353 2767 1463 2823 sibi
1495 2782 1874 2840 persuasum,
1902 2764 2136 2821 dicens:

489 2856 721 2914 Credite
751 2857 916 2923 mihi,
950 2857 1069 2923 ﬁlii,
1121 2857 1353 2914 dicturo
1406 2861 1554 2912 teste
1584 2856 1847 2920 veritate,
1881 2855 2048 2927 quod
2078 2854 2139 2910 in

489 2952 610 3003 tota
626 2946 736 3002 fide
756 2962 1069 3019 nunquam
1096 2948 1238 3003 mihi
1257 2947 1501 3016 contigit
1528 2947 1717 3001 videre
1742 2944 1919 3000 talem
1943 2945 2141 2999 virum

487 3042 544 3092 et
572 3036 675 3107 qui
714 3034 774 3089 in
818 3040 979 3089 tante
1027 3036 1236 3090 virtute
1276 3035 1495 3090 viveret
1542 3039 1598 3089 et
1627 3033 1864 3105 pietate.
1923 3035 2067 3089 Cum
2103 3033 2143 3088 ii

487 3130 707 3187 autem,
732 3140 863 3195 quae
888 3125 957 3178 ab
988 3124 1123 3195 ipso
1149 3124 1308 3180 dicta
1336 3124 1593 3188 fuerant,
1612 3138 1730 3178 una
1756 3137 1899 3177 voce
1930 3123 2141 3179 conﬁr-

488 3218 776 3278 massent,
809 3212 935 3284 ipse
962 3228 1171 3268 rursus
1204 3230 1217 3267 :
1248 3214 1433 3277 Venit,
1462 3213 1670 3285 inquit,
1712 3213 1859 3270 mihi
1889 3220 1949 3274 in
1980 3232 2143 3273 ment

488 3306 606 3357 tem
651 3302 929 3373 quaedam
958 3300 1271 3373 cogitatio:
1305 3318 1376 3358 ea
1402 3307 1492 3358 est
1516 3309 1736 3370 autem,
1761 3314 1825 3360 ut
1866 3306 2145 3362 arbitror-

488 3390 799 3447 divinioris
816 3390 1129 3461 cujusdam
1144 3391 1551 3462 providentiae,
1568 3407 1704 3447 eum
1719 3393 1951 3451 initiare
1964 3395 2143 3451 chris-

488 3484 647 3536 mate
702 3480 1042 3546 sacerdotii,
1066 3484 1125 3536 et
1152 3481 1203 3536 ei
1246 3480 1471 3536 tradere
1524 3482 1743 3548 vicum,
1780 3485 1883 3556 qui
1936 3490 2027 3540 est
2066 3485 2144 3541 ad

490 3569 958 3642 Hellespontum.
994 3573 1158 3626 Forte
1197 3570 1430 3642 poterit,
1472 3587 1651 3643 opem
1690 3589 1947 3645 superna
1976 3574 2025 3629 ei
2067 3574 2145 3630 fe-

489 3662 654 3715 rente
686 3658 896 3727 gratia,
932 3659 1150 3714 multos
1181 3659 1475 3715 deducere
1528 3660 1604 3715 ad
1645 3661 2006 3730 agnitionem
2046 3679 2141 3719 ve-

491 3747 697 3803 ritatis.
756 3749 888 3803 Hmc
935 3747 1103 3814 dixit,
1136 3751 1251 3803 ete
1305 3747 1588 3803 cathedra
1640 3751 1838 3806 statim
1893 3766 2145 3821 surgens

491 3835 831 3908 episcopus,
852 3836 1015 3891 vadit
1032 3835 1107 3891 ad
1121 3836 1469 3892 Abramium
1495 3853 1632 3893 cum
1653 3840 1935 3895 universo
1966 3841 2141 3897 clero.

495 3925 701 3996 Etjam
718 3924 902 3981 solitis
922 3924 1092 3980 dictis
1111 3924 1382 3997 precibus
1398 3932 1723 3998 postquam
1751 3944 1884 3983 eum
1905 3929 1962 3984 in
1989 3929 2143 3985 Chri-

496 4020 588 4070 sto
618 4014 953 4077 salutasset,
987 4020 1042 4069 et
1072 4013 1341 4069 osculum
1374 4014 1652 4081 dedisset,
1686 4016 1761 4072 de
1792 4018 1923 4073 vico
1948 4018 1999 4073 ei
2040 4034 2144 4073 ex-

494 4104 663 4175 ponit
691 4102 914 4159 omnia.
956 4103 1243 4158 Praaterea
1264 4105 1467 4157 autem
1519 4120 1657 4159 eum
1696 4122 1938 4178 quoque
1972 4106 2145 4164 valde

495 4192 748 4261 rogavit,
771 4190 1080 4246 utillorum
1100 4190 1421 4263 susciperet
1442 4192 1872 4264 praefecturam.
1894 4195 1992 4251 Ille
2010 4212 2144 4253 vero

495 4296 634 4337 cum
665 4281 926 4352 primum
966 4278 1213 4351 quidem
1255 4280 1605 4353 episcopum
1646 4283 1952 4339 advenisse
1991 4301 2144 4357 aagre

496 4368 748 4434 tulisset,
779 4373 840 4424 ut
864 4368 969 4441 qui
996 4373 1230 4440 putaret
1250 4384 1312 4424 se
1334 4384 1468 4425 esse
1492 4370 1830 4441 indignum,
1862 4373 1938 4428 ad
1961 4391 2143 4447 quem

497 4464 695 4517 tantus
716 4458 804 4514 vir
845 4458 1195 4514 accederet:
1238 4458 1447 4514 deinde
1495 4462 1673 4516 etiam
1719 4478 1853 4534 quae
1892 4462 2140 4531 dixerat,

496 4548 753 4621 graviter
785 4548 1133 4618 accepisset,
1166 4554 1407 4620 propter
1438 4565 1716 4619 magnam
1753 4551 1914 4608 illam
1946 4555 2144 4610 cordis

497 4638 914 4695 contritionem
945 4642 1001 4693 et
1030 4638 1524 4703 moderationem,
1576 4644 1632 4695 et
1660 4642 1823 4712 quod
1873 4658 1934 4696 se
1982 4643 2145 4699 nullo

495 4733 799 4800 reputaret
826 4743 954 4783 esse
984 4727 1256 4795 dignum,
1291 4743 1361 4783 ea
1410 4728 1740 4799 respondit,
1785 4746 1921 4802 quae
1961 4739 2015 4787 et
2047 4734 2145 4789 tali

3172 1966 3363 2016 τούτων
3397 1959 3457 2015 δὲ
3504 1963 3641 2034 ὅμως
3677 1959 3775 2015 ούδ
3782 1962 3857 2023 εἰς

3580 2049 3665 2103 ἀλ)
3676 2053 3708 2102 ἁ
3762 2055 3855 2102 καὶ

2250 1966 2409 2020 αὐτοῦ
2455 1973 2518 2038 τῇ
2551 1971 2699 2039 κώμη
2746 1967 3062 2018 καθίσταντο
3110 1982 3122 1995 ⁵

2249 2054 2550 2129 μεταϐαλεῖν
2604 2055 2787 2115 αὐτούς
2843 2063 2939 2115 τῆς
2995 2052 3200 2115 ἀπάτης
3243 2050 3476 2111 ἠδύνατο
3510 2068 3523 2080 ⁸

2251 2143 2477 2217 βάσανοι
2534 2144 2723 2217 μᾶλλον
2786 2146 2921 2196 κατά
2976 2152 3074 2196 τῶν
3145 2141 3366 2195 εὐσεϐῶν
3437 2145 3528 2193 καὶ
3604 2144 3859 2213 τιμωρίαι

2251 2234 2373 2307 παρ’
2429 2233 2632 2286 ἐκείνων
2682 2233 2957 2293 ἠπείληντο
3029 2237 3117 2285 καὶ
3189 2231 3450 2293 κολάσεως
3508 2225 3648 2292 εἶδος
3701 2225 3856 2281 οὐδὲν

2250 2323 2373 2384 ὅλως
2430 2320 2510 2389 ἦν,
2566 2324 2591 2375 ὃ
2636 2328 2702 2382 ηὴ
2754 2326 2952 2383 τούτοις
3000 2321 3226 2394 φοϐερῶς
3274 2319 3547 2374 ἐπεσείετο.
3602 2316 3857 2393 Ἀπορου-

2250 2416 2406 2485 μένου
2461 2417 2631 2465 τοίνυν
2677 2420 2770 2465 τοῦ
2818 2420 2904 2473 τῆς
2941 2411 3227 2471 ἐπισκοπῆς
3282 2418 3630 2484 προεστῶτος,
3688 2411 3740 2460 τί
3794 2409 3858 2459 ἄν

2252 2497 2361 2554 δέοι
2407 2509 2571 2554 ποιεῖν
2612 2505 2745 2575 πρὸς
2795 2505 2889 2560 τὴν
2954 2508 3052 2552 τῶν
3102 2499 3501 2571 πεπλανημένων
3551 2502 3857 2567 επίγνωσιν,

2250 2596 2337 2644 καὶ
2371 2588 2567 2649 δήποτε
2596 2595 2654 2643 τό
2703 2597 2922 2665 πρᾶγμα
2968 2598 3077 2653 τοῖς
3126 2594 3245 2663 περὶ
3301 2589 3457 2641 αὑτὸν
3495 2591 3856 2659 κοινουμένου,

2252 2685 2428 2753 μνήμη
2510 2700 2585 2741 τις
2666 2684 3016 2755 παρεμπίπτει
3102 2678 3295 2750 μεταξὺ
3372 2684 3464 2730 τοῦ
3546 2679 3857 2749 θαυμαστοῦ

2252 2769 2559 2843 Ἀϐραμίοψ
2614 2774 2704 2822 xui
2755 2772 2849 2831 τάς
2894 2771 3036 2841 παρά
3084 2777 3183 2821 τῶν
3240 2766 3404 2820 ἄλλων
3452 2766 3605 2827 αύτός
3656 2784 3858 2841 μαρτυ-

2251 2865 2365 2935 ρίας
2416 2860 2509 2912 οὐκ
2554 2858 2847 2931 ἀναμείνας,
2900 2867 3097 2933 πρῶτος
3154 2858 3304 2919 εὐθὺς
3362 2859 3457 2918 τὰς
3494 2856 3690 2916 οἰκείας
3738 2859 3859 2928 περὶ

2254 2949 2415 3000 αὑτοῦ
2462 2954 2667 3007 πίστεις
2721 2952 3041 3020 παρέσχετο·
3094 2948 3421 3000 Πιστεύσατέ
3491 2964 3601 3018 μοι,
3678 2948 3853 3008 τέκνα,

2255 3038 2427 3103 εἰπὼν,
2478 3039 2579 3090 ὑπό
2627 3040 2853 3112 μάρτυρι
2898 3036 3132 3109 μέλλοντι
3174 3036 3336 3109 λέγειν
3498 3034 3735 3107 ἀληθείᾳ,
3784 3035 3858 3094 ὡς

2254 3124 2503 3179 οὐδέποτέ
2548 3146 2637 3199 μοι
2686 3124 2780 3178 διὰ
2829 3129 3008 3187 πάσης
3056 3125 3248 3197 ἐγένετο
3298 3134 3395 3187 τῆς
3443 3126 3578 3187 ζωῆς
3618 3131 3855 3178 τοιοῦτον

2253 3212 2424 3288 ἄνδρα
2477 3213 2605 3268 ἰδεῖν
2649 3221 2741 3269 καὶ
2787 3216 2951 3278 οὕτως
2997 3215 3045 3268 έν
3090 3214 3244 3289 ἀρετῇ
3284 3218 3516 3289 τοσαύτῃ
3548 3215 3717 3277 ζῶντα
3758 3219 3854 3269 καὶ

2254 3304 2510 3377 εὐλαϐείᾳ.
2564 3313 2674 3358 Τῶν
2724 3301 2784 3358 δε
2828 3308 2894 3357 τὰ
2932 3306 3054 3379 παρ’
3096 3304 3257 3357 αὐτοῦ
3297 3305 3539 3379 εἰρημένα
3582 3310 3718 3377 φωνῇ
3753 3308 3854 3376 μία

2254 3394 2763 3469 ἐπισφραγισάντων,
2817 3394 2970 3447 πάλιν
3025 3394 3199 3457 αύτός·
3236 3393 3444 3447 Ἐννοιά
3486 3398 3550 3467 μί
3592 3413 3675 3456 τις
3705 3390 3847 3455 ἦλθε,

2255 3489 2403 3557 φησί’
2467 3486 2724 3555 θειοτέρας
2783 3481 2842 3537 δε
2898 3485 3045 3541 οἶμαι
3095 3488 3185 3536 καὶ
3256 3489 3499 3557 προνοίας
3556 3482 3686 3541 αὕτη
3762 3486 3856 3535 xui

2255 3575 2570 3646 οἰκονομίας,
2629 3582 2701 3644 τῷ
2760 3582 2853 3636 τῆς
2908 3576 3189 3647 ἱερωσύνης
3242 3573 3398 3626 αὐτόν
3447 3578 3711 3647 χρίσματι
3768 3591 3849 3625 τε-

2252 3664 2464 3717 λειῶσαι
2512 3668 2601 3716 καὶ
2642 3668 2737 3721 τὴν
2779 3669 2959 3736 κώμην
3011 3662 3151 3735 αὐτῷ
3182 3667 3275 3721 τὴν
3304 3666 3435 3737 πρὸς
3477 3662 3855 3721 Ἑλλήσποντον

2255 3752 2575 3827 ἐγχειρίσαι·
2627 3754 2758 3813 ἴσως
2796 3749 3102 3817 δυνήσεται,
3161 3756 3537 3826 συναιρομένης
3584 3751 3725 3821 αύτῷ
3761 3755 3855 3803 xui

2254 3851 2348 3902 τῆς
2378 3843 2567 3894 ἄνωθεν
2606 3843 2847 3913 χάριτος,
2896 3841 2961 3901 εἰς
2993 3839 3270 3912 ἐπίγνωσιν
3314 3848 3405 3901 τῆς
3458 3840 3702 3901 ἀληθείας
3730 3842 3858 3900 τοὺς

2254 3931 2469 3992 πολλοὺς
2513 3927 2804 4002 ὀδηγῆσαι.
2850 3938 3027 3983 Ταῦτα
3069 3932 3182 4002 ἔφη,
3226 3934 3314 3982 καὶ
3354 3932 3417 3990 ὡς
3447 3926 3586 4001 εἶχεν
3640 3929 3789 3989 εὐθὺς
3829 3930 3856 3981 ὀ

2255 4020 2535 4082 ἐπίσκοπος
2590 4028 2683 4081 τῆς
2734 4016 2993 4093 καθέδρας
3043 4018 3346 4086 ἐξαναστὰς,
3397 4020 3509 4092 ἅμα
3558 4027 3630 4089 τῷ
3676 4017 3857 4092 κλήρῳ

2257 4114 2406 4162 παντὶ
2452 4113 2577 4184 πρὸς
2624 4112 2709 4161 τὸν
2761 4112 3014 4182 μακάριον
3053 4111 3253 4162 ἄπεισι·
3312 4114 3402 4161 καὶ
3458 4116 3549 4169 τῆς
3597 4109 3859 4169 συνήθους

2256 4199 2422 4271 εὐχῆς
2467 4195 2572 4257 ἤδη
2631 4201 2971 4270 γεγενημένης
3022 4201 3152 4271 μετὰ
3186 4201 3273 4250 τόν
3325 4197 3373 4250 έν
3422 4204 3639 4272 Χριστῷ
3683 4198 3854 4249 ἀσπα-

2258 4292 2407 4360 σμὸν,
2442 4291 2508 4341 τὰ
2537 4294 2653 4362 περὶ
2696 4296 2786 4347 τῆς
2816 4293 2995 4358 κώμης
3038 4288 3241 4339 ἅπαντα
3286 4290 3417 4359 πρὸς
3444 4287 3598 4338 αὐτὸν
3630 4283 3849 4359 διεξῄειο

2255 4382 2385 4450 πρὸς
2425 4375 2483 4430 δὲ
2512 4382 2601 4429 καὶ
2639 4376 2787 4439 ἠξίου
2816 4375 2954 4447 μάλα
2995 4377 3193 4447 θερμῶς
3221 4382 3312 4428 τοῦ
3342 4379 3436 4433 τὴν
3476 4375 3678 4427 ἐκείνων
3725 4374 3856 4428 ἀνα-

2258 4464 2512 4529 δέξασθαι
2559 4468 2901 4540 προστασίαν·
2937 4466 2963 4516 ό
3011 4460 3069 4515 δε
3098 4471 3280 4537 πρῶτα
3308 4465 3397 4535 μεν
3426 4466 3517 4521 τὴν
3561 4460 3858 4518 ἄπισκόπου

2258 4554 2594 4629 δυσχεράνας
2640 4549 2945 4625 ἐπιδημίαν,
2994 4554 3225 4625 καθάπερ
3276 4552 3382 4624 οῦχ
3441 4553 3612 4605 ἰκανὸν
3672 4552 3856 4607 ἑαυτὸν

2259 4642 2444 4718 ἀνδρὸς
2518 4642 2826 4701 τηλικούτου
2875 4646 3169 4715 παρουσίας
3234 4641 3479 4714 οἰόμενος,
3540 4644 3717 4696 ἔπειτα
3794 4641 3858 4698 δε

2256 4739 2345 4786 καὶ
2405 4732 2601 4806 βαρέως
2652 4735 2773 4793 τοὺς
2824 4732 2947 4806 παρ’
2998 4730 3157 4783 αὐτοῦ
3208 4728 3478 4803 δεξάμενος
3524 4731 3710 4803 λόγους
3757 4728 3856 4784 διὰ

498 4816 632 4873 vitae
672 4816 1128 4882 conveniebant,
1163 4822 1218 4870 et
1244 4821 1416 4871 tantae
1465 4817 1781 4874 humilitati
1817 4837 1830 4875 :
1865 4821 2004 4887 Quis
2035 4839 2141 4893 ego

2257 4829 2350 4883 τὴν
2382 4821 2570 4879 πολλὴν
2619 4820 2811 4879 ἐκείνην
2858 4819 3136 4894 συντριϐην
3184 4829 3278 4883 τῆς
3322 4818 3566 4895 καρδίας,
3620 4825 3708 4872 καὶ
3754 4840 3853 4893 με-

498 4923 653 4973 sum,
685 4906 927 4962 domine
953 4906 1055 4970 mi,
1088 4905 1313 4973 dicens,
1341 4911 1399 4961 ut
1425 4907 1734 4963 sacerdotii
1757 4915 1983 4965 tantam
2012 4914 2149 4967 sub-

498 5011 631 5052 eam
650 4994 1143 5064 magnitudinem,
1158 4995 1425 5064 etgravis
1439 4996 1695 5068 populus
1715 4997 1861 5052 mihi
1879 5000 2147 5056 commit-

497 5089 655 5142 tatur
678 5083 1022 5142 docendus?
1045 5083 1179 5140 Sine
1204 5098 1311 5155 per
1340 5084 1652 5150 Christum,
1669 5087 1794 5142 sine
1819 5103 1912 5143 me
1935 5090 2147 5146 acerbe

498 5190 633 5231 mea
663 5174 881 5231 deﬂere
913 5178 1177 5247 peccata.

2256 4918 2525 4988 τριότητα.
2569 4914 2745 4964 καὶτὸ
2788 4918 2879 4963 τοῦ
2909 4907 3129 4983 μηδενὸς
3160 4910 3303 4975 ἄξιον
3350 4911 3529 4963 ἑαυτὸν
3581 4912 3851 4981 ἡγεῖσθαι,

2256 5007 2319 5056 τὰ
2359 5008 2448 5055 καὶ
2503 5000 2605 5074 βίῳ
2660 5003 2875 5073 τοιούτῳ
2927 5005 3017 5052 καὶ
3063 5004 3367 5053 ταπεινώσει
3405 5002 3636 5073 τοσαύτῃ
3689 5019 3855 5073 προσ-

2256 5099 2467 5155 ήκοντα,
2528 5094 2657 5163 πρὸς
2710 5090 2864 5142 αὐτόν
2918 5088 3245 5163 ἀπεκρίνατο·
3293 5094 3384 5150 Τίς
3414 5089 3520 5161 εἰμί
3572 5089 3695 5161 έγὼ,
3753 5091 3858 5143 Κύ-

2256 5186 2334 5254 ριέ
2384 5200 2505 5252 μου,
2559 5181 2733 5251 Κύριε,
2789 5176 2968 5249 λέγων⁹
3021 5181 3153 5231 ὥστε
3213 5177 3515 5235 τηλικοῦτον
3574 5179 3855 5249 ἱερωσύνης

496 5266 706 5337 μέγεθος
745 5264 976 5317 ὑπελθεῖν
1006 5268 1096 5316 καὶ
1134 5262 1261 5317 λαοῦ
1302 5262 1503 5339 βαρέως
1534 5260 1885 5318 διδασκαλίαν
1916 5264 2312 5342 ἐγχειρισθῆναι
2337 5287 2349 5337 ;
2376 5269 2565 5323 Ἐασον
2598 5264 2631 5319 δ
2638 5271 2690 5319 ιά
2722 5271 2972 5340 Χριστόν,
3010 5270 3159 5320 ἔασον
3186 5275 3384 5341 πικρῶς
3412 5266 3855 5321 ἀποκλαύσασθαι

498 5355 593 5415 τὰς
623 5352 848 5425 ἐμαυτοῦ
873 5353 1241 5427 πλημμελείας.

571 5442 714 5497 VIII.
766 5443 870 5498 Cui
899 5460 1105 5499 rursus
1153 5444 1470 5517 episcopus
1517 5446 1921 5518 respondens:
1978 5449 2149 5503 Recte

500 5532 642 5598 seio,
676 5531 894 5605 inquit,
917 5548 952 5588 o
984 5533 1155 5587 chare
1176 5532 1254 5587 ﬁli
1285 5533 1549 5600 Abrami,
1582 5534 1746 5605 quod
1774 5535 1980 5603 gratia,
2009 5551 2145 5607 quas

498 5620 600 5679 tibi
625 5622 765 5679 data
790 5626 877 5678 est
902 5637 938 5679 a
964 5620 1202 5695 Spiritu,
1236 5628 1446 5695 potens
1477 5638 1539 5679 es
1569 5628 1625 5681 et
1651 5623 1844 5680 verbis
1874 5631 1928 5680 et
1956 5624 2144 5684 factis.

2332 5447 2405 5501 H'.
2451 5449 2582 5520 Πρὸς
2630 5448 2682 5499 ὃν
2735 5449 2761 5499 ό
2816 5446 3098 5508 ἐπίσκοπος
3142 5446 3287 5508 αὖθις
3336 5448 3423 5499 τὸν
3470 5446 3621 5518 λόγον
3664 5446 3857 5500 ἀναλα-

2257 5534 2375 5588 ϐών·
2431 5533 2570 5589 Οἶδα
2622 5546 2819 5610 σαφῶς,
2871 5534 3015 5605 οἶδα,
3064 5540 3236 5589 τέκνον
3278 5537 3532 5605 ποθεινὸν,
3579 5535 3853 5612 ’Δϐράμιε,

2256 5626 2410 5692 εἶπεν,
2445 5628 2516 5689 ὡς
2558 5634 2620 5701 τῇ
2660 5623 2911 5704 δεδομένῃ
2966 5646 3050 5682 σοι
3078 5627 3223 5703 παρὰ
3267 5633 3360 5680 τοῦ
3414 5627 3714 5701 Πνεῦματος
3752 5630 3855 5700 χοί-
