4062 6222
220 318 283 374 53
1588 319 1750 377 VITA
1789 319 1824 376 S

1978 318 2216 376 lRAMII.
3510 324 3582 381 54

215 462 311 515 ριτι
364 438 597 505 δυνατὸς
640 443 686 495 εἷ
717 445 801 494 xui
852 440 1033 513 λόγοις
1080 447 1171 495 καὶ
1218 444 1501 518 πράγμασι
1537 462 1549 474 ·
1604 450 1677 516 μὴ
1730 443 1817 499 οὖν

1981 460 2006 501 e
2037 460 2177 516 ergo
2207 445 2578 502 dubitaveris
2610 445 2689 503 ad
2716 462 2937 503 munus
2956 447 3260 514 accedere,
3291 448 3447 521 quod
3477 449 3585 506 erit

214 531 514 603 ἀποκνήσῃς
572 534 703 605 ἔργῳ
785 533 1017 583 καθεῖναι
1088 536 1301 595 σαυτὸν,
1381 536 1647 596 τοσαύτης
1729 538 1818 607 μὲν

1976 534 2174 591 uidem
2197 550 2381 591 causa
2408 539 2581 591 tantae
2607 536 2950 592 animarum
3001 535 3287 602 utilitatis,
3322 554 3579 611 magnas

212 622 398 693 ψυχῶν
450 621 693 693 ὡφελείας
748 621 918 693 αἰτίῳ,
1004 624 1228 693 μεγάλας
1283 619 1341 675 δὲ
1396 628 1485 675 καί
1537 643 1621 676 σοι
1679 628 1816 696 παρὰ

1974 630 2129 679 utem
2157 625 2321 696 apud
2342 628 2523 681 Deum
2555 625 2655 681 tibi
2682 626 3025 684 conciliabit
3052 627 3578 685 remunerationes.

217 720 339 767 Θεοῦ
382 710 719 785 προξενοῦντι
760 712 856 772 τὰς
904 707 1220 772 ἀντιδόσεις.
1261 710 1319 763 Ὀ
1370 708 1429 764 δε
1484 719 1593 773 τοῖς
1644 718 1820 785 προτέ-

1982 713 2027 767 le
2055 729 2193 769 vero
2215 730 2599 786 perseverans
2628 716 2691 771 in
2722 715 3026 787 prioribus
3056 732 3068 771 :
3100 715 3237 773 Sine
3266 731 3432 786 rogo,
3458 732 3586 774 rur-

211 822 331 876 ροις,
358 800 615 872 ἐπιμένων
662 805 751 853 καὶ
782 803 858 852 ἔτι
890 817 903 829 ·
946 800 1156 865 Ἐασον,
1205 798 1357 863 αὖθις
1394 802 1696 877 παρακαλῶ,
1740 806 1815 855 ἔας

1980 819 2030 856 IS
2056 802 2301 867 dicebat,
2326 804 2452 860 sine
2482 820 2575 860 me
2603 804 2763 861 mala
2780 805 3023 878 propria
3047 805 3287 863 deﬂere.
3311 804 3411 860 Ille
3444 821 3584 863 vero

216 911 317 959 σον,
347 891 509 961 ἔλεγε,
542 892 611 941 τὰ
642 890 806 942 οἰκεῖα
849 892 1109 963 θρηνῆσαι
1146 892 1301 945 κακά.
1339 896 1438 945 Καὶ
1470 894 1521 952 ὃς
1550 890 1820 944 ὑπολαϐὼν

1980 892 2324 963 :spondens,
2357 892 2687 949 acrioribus
2717 911 2856 950 eum
2902 894 3100 951 verbis
3130 896 3383 968 excepit,
3418 897 3584 961 Ecce,

212 978 548 1053 δριμυτέροις
590 979 746 1032 αὐτὸν
779 979 1020 1052 ἠμείϐετο
1045 980 1215 1052 λόγοις
1260 997 1274 1011 ⁸
1305 977 1447 1035 Ἰδοὺ
1500 976 1566 1039 δὴ
1602 985 1816 1053 κόσμον,

1991 996 2151 1045 cens,
2175 997 2310 1036 cum
2332 987 2389 1037 et
2405 983 2724 1048 mundum,
2744 989 2799 1039 et
2819 999 2954 1055 qua:
2983 982 3191 1038 mundi
3219 987 3361 1039 sunt
3380 982 3588 1039 omnia

210 1069 385 1139 λέγων,
443 1072 536 1120 καὶ
592 1070 658 1120 τὰ
713 1075 805 1120 τοῦ
857 1073 1061 1141 κόσμου
1110 1069 1428 1139 καταλιπὼν,
1484 1074 1573 1121 καὶ
1629 1074 1680 1121 τί
1733 1071 1814 1141 μιν

1986 1068 2259 1141 :liqueris,
2287 1075 2343 1126 et
2384 1071 2529 1143 quid
2562 1087 2683 1127 non
2708 1071 3012 1127 laudabile
3041 1071 3288 1145 quidem
3317 1086 3590 1129 exercue-

206 1160 297 1211 οὐκ
336 1157 589 1218 ἀσκήσας
631 1156 914 1224 ἐπαινετόν,
968 1164 1122 1220 ποίας
1173 1156 1231 1211 δὲ
1274 1169 1374 1211 τῶν
1414 1168 1509 1211 τοῦ
1563 1167 1695 1213 Θεοῦ
1746 1158 1810 1211 ἐν·

1989 1175 2033 1221 s,
2058 1158 2368 1230 quodnam
2398 1164 2595 1215 autem
2628 1159 2729 1216 Dei
2760 1165 3124 1231 praeceptum
3157 1175 3280 1215 non
3310 1164 3588 1216 accurate

206 1248 363 1299 τολῶν
427 1252 501 1319 μὴ
554 1247 719 1319 φύλαξ
776 1246 1049 1319 ἀναφανεὶς
1106 1246 1500 1320 ἀκριϐέστατος,
1558 1252 1614 1300 τὸ
1670 1248 1810 1320 κεφάι

1985 1246 2286 1309 :rvaveris.
2301 1246 2361 1302 id
2378 1248 2539 1320 quod
2553 1250 3047 1320 estpraecipuum,
3067 1249 3266 1304 nescio
3280 1248 3589 1320 quomodo

206 1337 349 1389 λαιόν
388 1337 483 1389 οὐκ
524 1333 631 1389 οἶδ’
675 1338 815 1398 ὅπως
847 1337 1017 1397 ἔλαθες
1065 1337 1371 1410 παραλιπὼν
1420 1342 1514 1396 τὴν
1567 1339 1810 1395 ὑπακοήν,

1986 1338 2275 1408 nprudens
2302 1339 2745 1411 praetermisisti,
2768 1354 2986 1411 nempe
3003 1338 3429 1395 obedientiam.
3456 1340 3590 1395 Haac

207 1429 412 1479 Τούτων
444 1424 677 1485 όοιούσας
725 1427 750 1476 6
775 1427 1050 1498 μακάριος,
1083 1429 1198 1486 τοὺς
1260 1425 1552 1498 ὀφθαλμοὺς
1581 1422 1811 1498 δακρύωι

1987 1442 2069 1481 im
2096 1426 2187 1481 ille
2215 1428 2502 1483 audiisset
2525 1430 2582 1483 Β.
2610 1427 2950 1494 Abramius,
2978 1428 3187 1483 oculos
3218 1427 3483 1484 suffusus
3508 1428 3591 1484 la-

209 1516 570 1579 ὑποπλησθεὶς
625 1520 711 1569 καὶ
757 1512 824 1575 δή
872 1535 925 1568 τι
981 1516 1228 1579 στενάξας
1283 1514 1422 1589 βαθὺ
1466 1522 1554 1569 καὶ
1611 1518 1813 1590 ὑπόθερ

1987 1517 2180 1588 Ὑωίε,
2206 1522 2263 1573 et
2306 1532 2380 1572 ex
2412 1518 2534 1573 imo
2587 1517 2842 1588 graviter
2897 1518 3247 1589 suspirans:
3282 1517 3425 1583 Quis
3480 1532 3591 1588 ego

211 1626 302 1678 μον
354 1624 368 1635 ⁸
406 1611 510 1659 Καὶ
552 1610 635 1667 τίς
681 1606 787 1677 εἰμι
833 1605 956 1676 ἐγὼ,
994 1608 1137 1680 κύριέ
1185 1624 1306 1677 μου,
1340 1608 1500 1677 κύριε,
1560 1610 1708 1677 φησὶ,
1746 1607 1815 1657 ἵνα

1989 1622 2099 1669 ιω,
2121 1605 2384 1670 domine,
2411 1606 2656 1663 domine
2688 1607 2790 1671 mi,
2818 1607 3010 1679 inquit
3036 1609 3125 1675 (ut
3173 1622 3380 1663 rursus
3428 1622 3593 1679 repe-

211 1703 298 1748 xui
343 1692 498 1756 αὖθις
552 1693 791 1746 ἀναλάϐω
823 1698 889 1746 τὰ
937 1694 1200 1767 εἰρημένα,
1246 1696 1323 1747 ότι
1374 1696 1631 1755 τοιούτοις
1671 1697 1815 1765 ἔσχες

1988 1710 2057 1749 .m
2088 1710 2178 1757 ea,
2212 1711 2345 1767 qum
2375 1695 2533 1751 dicta
2565 1696 2747 1768 sunt),
2784 1701 2846 1752 ut
2892 1696 2967 1751 de
3024 1710 3118 1751 me
3168 1695 3345 1752 talem
3399 1710 3592 1751 susce-

212 1791 329 1857 περὶ
380 1784 509 1856 ἐμοῦ
554 1784 842 1855 λογισμοὺς
903 1788 992 1836 xui
1042 1784 1203 1845 οὕτως
1254 1784 1396 1846 ὅλαις
1445 1788 1636 1859 χερσὶν
1691 1782 1816 1836 ἀνελ

1991 1784 2097 1839 eris
2127 1785 2565 1852 cogitationem,
2595 1792 2783 1850 etme,
2808 1785 2911 1858 qui
2940 1801 3076 1841 sum
3096 1785 3225 1840 vilis
3250 1790 3305 1841 et
3325 1784 3595 1857 abjectus

220 1880 377 1927 κύσαι
428 1893 489 1945 με
544 1873 849 1945 φιλονεικεῖς
907 1877 1035 1946 πρὸς
1090 1873 1395 1931 τηλικοῦτον
1446 1872 1578 1943 ὕψος
1631 1871 1824 1946 ἀρχῆς,

1994 1888 2023 1927 c
2055 1877 2178 1929 tota
2209 1889 2391 1929 manu
2414 1874 2742 1930 contendas
2765 1874 3056 1930 attrahere
3079 1875 3151 1929 ad
3172 1879 3399 1930 tantam
3418 1874 3592 1929 virtu-

222 1968 309 2015 τὸν
362 1963 525 2021 εὐτελῇ
568 1968 662 2014 xui
714 1961 1095 2036 ἁπεῤῥιμένον;
1150 1967 1249 2015 Καὶ
1298 1963 1323 2013 ό
1368 1962 1656 2023 ἐπίσκοπος
1690 1979 1703 1992 ⁸
1756 1962 1826 2014 Δι’

1990 1979 2011 2016 s
2064 1962 2438 2019 altitudinem
2462 1964 2491 2019 ‘I
2521 1964 2845 2034 Episcopus
2886 1968 3085 2019 autem
3114 1979 3128 2018 :
3163 1963 3474 2029 Quoniam.
3507 1962 3594 2018 in-

217 2056 315 2119 ότι,
373 2059 551 2124 φησιν,
590 2053 616 2104 6
649 2054 741 2123 μεν
794 2051 954 2121 ἑαυτῷ
997 2056 1134 2121 μόνῳ
1194 2051 1296 2111 ζῶν
1348 2057 1437 2103 xui
1489 2056 1622 2124 μόνα
1668 2051 1821 2112 καλῶς

1991 2051 2089 2119 uit,
2115 2052 2215 2124 qui
2249 2053 2359 2107 sibi
2389 2052 2636 2125 quidem
2670 2054 2780 2107 soli
2814 2052 2975 2122 vivit,
3004 2057 3062 2109 et
3092 2051 3289 2108 solum
3314 2056 3499 2116 curat,
3532 2056 3595 2108 ut

211 2146 343 2202 ὅπως
405 2144 529 2212 ἔχοι
586 2143 655 2192 τὰ
705 2140 825 2192 καθ’
884 2139 1061 2192 ἑαυτὸν
1120 2147 1402 2213 μεριμνῶν,
1462 2139 1625 2211 ἐαυτῷ
1690 2144 1815 2212 μόνᾳ

1989 2157 2034 2195 lS
2056 2156 2178 2196 sum
2207 2147 2363 2197 recte
2395 2158 2455 2196 se
2478 2140 2753 2207 habeant,
2782 2141 2895 2197 sibi
2928 2140 3035 2197 soli
3066 2145 3236 2213 parat
3268 2140 3593 2198 utilitatem.

213 2238 468 2303 περιποιεῖ
522 2234 615 2287 τήν
673 2229 968 2301 ὠφέλειανς
1021 2232 1089 2281 T6
1132 2226 1191 2281 δὲ
1243 2232 1330 2280 xui
1383 2232 1448 2281 τὰ
1498 2237 1597 2281 τῶν
1664 2228 1817 2281 ἄλλωε.

1993 2229 2102 2285 lios
2140 2234 2339 2286 autem
2369 2231 2662 2300 corrigere
2702 2236 2757 2285 et
2799 2230 3140 2286 animarum
3185 2229 3297 2285 sibi
3351 2228 3597 2286 credita-

213 2320 530 2393 ἐπανορθοῦν
573 2323 665 2371 xui
694 2318 883 2389 ψυχῶν
933 2316 1221 2389 ἐπιμέλειαν
1263 2318 1665 2383 πεπιστεῦσθαι,
1709 2319 1817 2371 ὅσοι

1992 2335 2075 2373 1m
2104 2335 2309 2375 curam
2335 2334 2556 2389 gerere,
2575 2323 2871 2391 quantum
2892 2318 3075 2375 habet
3100 2317 3596 2387 emolumentum,

214 2413 316 2481 ἔχει
368 2412 427 2461 τὸ
478 2405 666 2483 κέρδος
697 2414 787 2459 καὶ
847 2409 1023 2459 όποίον
1072 2406 1278 2478 ἀγάπης
1328 2404 1522 2480 δεῖγμα
1558 2416 1652 2469 τῆς
1701 2410 1818 2479 πρὸς

1994 2413 2319 2480 quantum
2347 2407 2651 2464 charitatis
2677 2408 2736 2463 in
2771 2411 2958 2464 Deum
2996 2408 3300 2474 indicium,
3333 2411 3391 2464 et
3431 2406 3598 2481 quod

214 2504 358 2565 Θεὸν,
393 2504 489 2551 καὶ
531 2500 667 2557 ὅπως
710 2497 926 2558 ἁπάσης
981 2494 1093 2549 ἐστὶ
1141 2498 1318 2568 μεῖζον
1363 2506 1453 2558 τῆς
1511 2500 1641 2571 πρὸς
1673 2497 1818 2548 αὐτόν

1988 2496 2001 2551 l
2032 2496 2104 2551 sit
2137 2496 2335 2567 majus
2360 2498 2575 2570 quovis
2597 2494 2711 2553 alio
2740 2497 2902 2553 cultu
2932 2498 3219 2553 Creatoris
3249 2502 3305 2553 et
3336 2496 3592 2563 Domini,

218 2592 513 2659 θεραπείας,
559 2587 715 2639 αὐτὸν
769 2586 956 2638 ἐκεῖνόν
1003 2604 1085 2637 σοι
1138 2588 1324 2637 τούτου
1376 2586 1666 2659 παρέξομαι
1692 2588 1822 2660 μάρ-

1992 2586 2245 2641 dducam
2278 2585 2375 2641 tibi
2397 2585 2552 2641 illius
2583 2585 2770 2657 ipsius
2799 2586 3209 2643 testimonium
3240 2602 3253 2641 :
3286 2604 3314 2636 ‹‹
3347 2586 3403 2642 Si
3435 2586 3596 2642 enim

216 2697 341 2749 τυρα
376 2694 389 2705 ·
451 2699 476 2727 ι
514 2676 571 2729 Εἰ
636 2678 738 2748 γὰρ
794 2674 957 2747 φιλεῖς
1005 2694 1085 2746 με,
1142 2678 1318 2747 Πέτρε,
1381 2679 1530 2745 φησὶ,
1590 2678 1820 2745 ποίμαιν,

1986 2674 2144 2744 iligis
2193 2692 2307 2740 me,
2356 2678 2536 2741 Petre,
2588 2674 2804 2747 inquit,
2844 2691 3023 2746 pasce
3067 2691 3212 2731 oves
3254 2691 3416 2731 meas
3460 2676 3522 2729 ⁸⁸.
3566 2695 3590 2725 υ

216 2770 277 2818 τὰ
328 2766 572 2839 πρόϐατά
629 2784 752 2837 μου.
807 2785 836 2816 ››
894 2763 1054 2817 Ὠστε
1104 2771 1351 2816 τοσοῦτον
1403 2764 1542 2834 μελει
1590 2772 1704 2834 Θεῷ
1734 2773 1820 2826 τῆς

1995 2764 2336 2820 uamobrem
2367 2766 2483 2819 Deo
2503 2768 2677 2819 tantae
2706 2769 2845 2820 sunt
2870 2779 3025 2819 cura:
3057 2778 3285 2833 greges,
3315 2768 3379 2818 ut
3407 2763 3596 2819 maxi-

217 2866 311 2906 τῶν
351 2860 605 2926 ποιμνίων
664 2854 977 2926 ἐπιμελείας,
1034 2855 1103 2915 ὡς
1160 2857 1249 2904 καὶ
1301 2857 1547 2924 μέγιστον
1605 2861 1699 2914 τῆς
1757 2852 1821 2914 εἰς

1988 2870 2107 2909 tum
2147 2854 2387 2924 signum
2425 2852 2486 2907 in
2524 2852 2721 2923 ipsum
2754 2851 3109 2918 dilectionis,
3136 2866 3345 2907 eorum
3385 2867 3592 2907 curam

218 2945 370 2996 αὑτὸν
417 2946 632 3015 άῬξπης
664 2951 879 3016 σημεῖον
930 2946 1021 3001 τὴν
1069 2947 1187 3016 περὶ
1236 2950 1400 2994 ταῦτα
1447 2944 1641 2994 τιθέναι
1670 2937 1822 2999 κηδε-

1988 2958 2068 2997 sse
2093 2946 2327 2997 statuat.
2358 2940 2598 2997 Talibus
2630 2939 2910 3005 consiliis,
2940 2940 3180 2995 monitis
3211 2944 3267 2996 et
3303 2940 3592 2996 sermoni-

211 3039 413 3105 μονίαν.
498 3036 777 3093 Τοιαύταις
837 3030 1152 3104 συμϐουλαῖς
1226 3051 1281 3084 τε
1349 3036 1439 3083 καὶ
1514 3032 1815 3099 ὑποθήκαις,

1989 3049 2048 3087 ns
2079 3046 2399 3103 persuasus
2431 3029 2743 3085 Abramius
2774 3029 3125 3101 episcopum
3157 3029 3233 3083 ad
3263 3028 3475 3086 urbem
3506 3033 3593 3085 est

212 3127 470 3183 τοιούτοις
528 3124 931 3194 ὑποφωνήμασι,
985 3124 1217 3183 πεισθεὶς
1266 3122 1291 3173 6
1342 3120 1645 3194 Ἀϐράμιος,
1696 3122 1816 3179 ἠκο-

1987 3126 2190 3176 :cutus.
2215 3121 2507 3192 Cumque,
2526 3118 2619 3174 ille
2646 3118 2703 3173 in
2720 3118 2867 3190 ipso,
2888 3134 3022 3191 quae
3043 3133 3152 3187 par
3169 3123 3312 3182 erat,
3332 3117 3591 3191 peregis-

211 3215 384 3265 λουθει
430 3215 562 3285 πρὸς
618 3216 713 3270 την
753 3212 899 3263 πόλιν
953 3219 1023 3281 τῷ
1070 3208 1360 3282 ἐπισκόπῳ,
1411 3210 1650 3262 κάκείνου
1691 3209 1815 3262 τελέ-

1986 3214 2043 3273 :t,
2069 3215 2121 3265 et
2152 3209 2235 3264 sic
2260 3224 2400 3264 eum
2433 3208 2757 3279 perfectum
2803 3212 3061 3263 creasset
3109 3206 3505 3273 sacerdotem,
3534 3211 3590 3263 et

212 3322 395 3363 σαντος
449 3301 532 3353 ἐπ’
582 3301 724 3371 αὐτῷ
774 3303 841 3353 τὰ
893 3299 1067 3353 εἰκότα
1120 3306 1208 3352 καὶ
1256 3301 1390 3352 οὕτω
1440 3298 1624 3351 τέλειον
1670 3298 1816 3350 αὐτὸν

1981 3298 2150 3353 einde
2180 3314 2316 3353 cum
2347 3302 2466 3353 toto
2496 3296 2651 3353 clero
2683 3301 2739 3352 et
2768 3297 2998 3368 populo
3041 3312 3177 3351 eum
3219 3295 3585 3358 deduxisset.

212 3388 573 3453 ἁναδείξαντος
632 3392 787 3463 ἱερέα,
848 3390 959 3441 εἶτα
1007 3394 1094 3442 καὶ
1149 3393 1244 3441 σὺν
1328 3388 1438 3460 οἶμα
1517 3396 1588 3457 τῷ
1647 3386 1816 3461 κλήρῳ

1983 3386 2296 3459 ropositam
2320 3386 2479 3442 illinc
2500 3386 2651 3441 viam
2674 3383 2818 3450 iniit,
2836 3384 3294 3441 multasinterim
3329 3383 3587 3441 fundens

212 3485 369 3531 παντὶ
426 3485 518 3532 καὶ
564 3488 635 3550 τῷ
688 3479 796 3549 λαῷ
849 3486 1029 3531 τοῦτον
1068 3476 1488 3551 προπέμψαντος,
1544 3481 1638 3535 τὴν
1692 3495 1816 3548 προ-

1730 3495 1821 3548 ρο·
1934 3476 2249 3548 lacrymas,
2278 3480 2336 3531 et
2359 3491 2687 3547 supernum
2714 3475 3004 3530 invocans
3029 3474 3334 3530 auxilium.

208 3573 450 3639 κειμένην
484 3567 669 3622 ἐκεῖθεν
714 3564 840 3621 ὁδὸν
889 3568 1103 3641 ἦρχετο,
1153 3566 1313 3619 πολλὰ
1357 3566 1549 3639 μεταξὺ
1601 3561 1810 3639 δάκρυα
1837 3569 1975 3637 χέων
2015 3571 2103 3619 καὶ
2135 3570 2225 3624 τὴν
2266 3562 2454 3617 ἀνωθεν
2492 3564 2658 3639 ῥοπήν
2712 3583 2765 3617 τε
2803 3568 2893 3617 καὶ
2950 3567 3263 3637 συμμαχίαν
3314 3560 3588 3615 ἐπικαλού-

212 3678 387 3729 μενος.

284 3747 367 3802 ϐ’.
401 3751 669 3818 Γενόμενος
703 3743 761 3799 δὲ
816 3748 950 3799 κατά
1000 3749 1090 3801 τὴν
1134 3749 1313 3816 κώμην
1356 3750 1446 3796 καὶ
1492 3747 1685 3801 ταύτην
1716 3746 1816 3797 ὑπὸ

2003 3746 2102 3799 ΙΧ.
2147 3746 2293 3801 Cum
2324 3749 2523 3800 autem
2551 3741 2808 3798 venisset
2833 3742 2895 3797 in
2924 3742 3147 3808 vicum,
3175 3747 3230 3798 et
3256 3758 3394 3797 cum
3426 3742 3585 3798 inve-

215 3835 377 3907 βαθεί
422 3842 593 3905 σκότῳ
641 3844 732 3895 τῆς
779 3834 1018 3896 ἀσεϐείας
1071 3838 1306 3905 κειμένην
1356 3833 1682 3899 καταλαϐων,
1730 3844 1818 3890 καὶ

1975 3834 2428 3905 issetjacentem
2460 3832 2521 3887 in
2561 3831 2876 3903 profundis
2928 3832 3188 3887 tenebris
3234 3830 3579 3903 impietatis,

215 3927 242 3975 6
294 3945 425 3996 ’φησι
468 3927 495 3976 6
546 3927 675 3983 θεῖος
709 3923 925 3988 Παῦλος,
957 3946 983 3974 ‹‹
1024 3928 1129 3981 Τὴν
1161 3930 1251 3975 τοῦ
1303 3930 1614 3993 Μονογενοῡς
1660 3919 1817 3985 δόξαν

1978 3938 1988 3978 ;
2006 3921 2397 3979 utdicitdivin
2408 3937 2473 3976 us
2491 3920 2776 3988 Paulus",
2795 3924 2851 3976 et
2868 3920 3126 3976 Gloriam
3148 3918 3437 3990 Unigeniti
3454 3935 3582 3975 mu-

214 4012 263 4064 ἐν
328 4016 620 4085 ὁμοιώματι
666 4014 897 4084 γλυπτοῠ
955 4012 1329 4083 ἁλλαξαμένην,
1390 4034 1416 4063 ››
1472 4019 1691 4063 τοιαῦτα
1748 4022 1818 4083 τῷ

1979 4021 2114 4069 itam
2135 4013 2196 4068 in
2214 4009 2661 4067 similitudinem
2685 4008 2992 4079 sculptilis,
3014 4029 3041 4061 ι)
3066 4008 3153 4064 sic
3174 4011 3358 4064 Deum
3383 4023 3583 4080 preca-

210 4112 327 4175 Θεῷ
387 4102 432 4154 ἐν
496 4100 741 4173 συντριϐῇ
830 4098 1050 4175 καρδίας
1144 4105 1499 4173 προσηύχετο·
1584 4104 1814 4154 Δέσποτα

1978 4107 2106 4158 atur
2143 4102 2203 4156 in
2251 4099 2601 4155 contritione
2641 4096 2837 4154 cordis
2870 4114 2884 4153 :
2920 4098 3181 4167 Benigne
3227 4102 3282 4152 et
3320 4097 3582 4153 clemens

212 4194 555 4265 φιλάνθρωπε,
594 4194 792 4263 Χριστε
835 4192 859 4242 6
909 4194 1059 4255 Θεὸς,
1113 4192 1138 4242 6
1187 4194 1339 4259 μόνος
1393 4188 1601 4261 ἁγαθός,
1659 4192 1683 4242 6
1723 4195 1814 4262 μό-

1981 4191 2181 4246 omine
2208 4188 2432 4245 Christe
2461 4191 2631 4253 Deus,
2666 4188 2765 4259 qui
2796 4204 2861 4243 es
2901 4186 3065 4243 solus
3114 4188 3330 4253 bonus,
3363 4188 3469 4261 qui
3522 4204 3581 4243 es

212 4302 293 4343 νος
354 4280 649 4344 ἀνεξίκακος
710 4281 736 4330 ό
793 4284 947 4349 μόνος
1004 4278 1248 4351 ἐλεήμων,
1314 4280 1337 4331 6
1406 4282 1492 4331 τόν
1548 4279 1816 4354 ἄνθρωπον

1978 4280 2087 4335 ilus
2118 4279 2377 4351 patiens,
2409 4277 2512 4349 qui
2543 4292 2605 4331 es
2638 4277 2802 4331 solus
2840 4277 3194 4344 misericors,
3234 4277 3338 4348 qui
3369 4276 3582 4332 creasti

216 4370 393 4442 ἀράτω
455 4370 822 4441 εὖσπλαγχνίᾳ
888 4366 1314 4443 δημιουργήσας,
1388 4369 1413 4420 6
1474 4374 1662 4430 συνιεὶς
1743 4370 1818 4431 εἰς

1978 4368 2232 4423 nminem
2251 4366 2621 4437 benignitate
2637 4365 2946 4434 ineffabili,
2962 4370 3065 4439 qui
3084 4365 3358 4437 intelligis
3377 4366 3582 4423 omnia

216 4463 384 4512 πάντα
425 4465 490 4511 τα
543 4463 669 4533 ἔργα
717 4459 876 4511 αὐτοῦ
930 4464 1017 4509 καὶ
1076 4455 1301 4529 καρδίας
1340 4463 1429 4511 καὶ
1470 4463 1677 4532 νεφροὺς
1703 4458 1813 4512 irai-

1978 4472 2108 4529 pera
2132 4460 2279 4527 ejus,
2304 4456 2558 4513 etcorda
2579 4460 2635 4511 et
2656 4470 2828 4511 renes
2851 4454 3184 4520 examines,
3225 4460 3282 4510 et
3306 4455 3582 4526 intelligis

222 4550 317 4610 ζων
348 4550 438 4601 καὶ
476 4556 743 4619 γινώσκων
777 4552 893 4608 τοὺς
928 4545 1306 4618 διαλογισμοὺς
1354 4548 1531 4613 αὐτοῦ,
1565 4554 1635 4619 μὴ
1686 4569 1817 4623 παρ-

1974 4547 2057 4612 ius
2083 4545 2470 4614 cogitationes
2503 4561 2515 4599 :
2550 4559 2624 4600 ne
2656 4543 2953 4615 despicias
3004 4550 3172 4600 tuum
3203 4543 3578 4615 ﬁgmentum,

224 4636 340 4711 ίδης
383 4642 441 4691 τὸ
474 4643 564 4690 σὸν
591 4638 827 4710 πλάσμα,
862 4640 920 4689 τό
950 4644 1044 4698 τῆς
1074 4645 1173 4698 σῆς
1218 4640 1401 4709 χειρός
1433 4634 1819 4711 δημιούργημα

1974 4651 2079 4706 pus
2096 4638 2335 4689 tuarum
2361 4649 2676 4696 manuum.
2693 4633 2855 4705 quod
2871 4633 3027 4691 male
3043 4639 3288 4690 necatur
3306 4649 3341 4690 a
3356 4633 3578 4698 bellua,

220 4738 384 4788 κακῶς
453 4730 553 4779 ὑπὸ
633 4734 723 4777 τοῦ
785 4734 970 4785 νοητοῦ
1046 4729 1199 4801 θηρὸς
1274 4724 1637 4797 ἀπολλύμενον·
1709 4726 1814 4779 ἀλλ’

1978 4739 2061 4778 uae
2089 4722 2410 4794 percipitur
2438 4722 2823 4793 intelligentia
2855 4741 2868 4781 :
2906 4722 3009 4777 sed
3044 4722 3227 4778 libera
3281 4738 3381 4778 cos
3413 4740 3449 4780 a
3494 4728 3582 4796 ty-

221 4818 381 4880 ἐξεὶού
434 4817 621 4875 αὐτοὺς
661 4823 753 4875 τῆς
807 4822 901 4867 τοῦ
958 4816 1153 4887 ἐχθροῦ
1213 4812 1523 4887 τυραννίδος
1580 4821 1669 4868 καὶ
1728 4813 1817 4877 δὸς

1973 4811 2177 4867 ωηίἀο
2207 4810 2449 4874 inimici,
2476 4816 2531 4867 et
2554 4810 2633 4867 da
2659 4811 2741 4867 eis
2764 4809 3027 4865 veritatis
3052 4815 3165 4866 ture
3187 4812 3577 4881 agnitionem.

220 4909 389 4968 αὐτοῖς
445 4912 543 4963 τήν
607 4913 700 4967 τῆς
768 4914 861 4965 σῆς
922 4903 1164 4967 ἀληθείας
1225 4902 1521 4975 ἐπίγνωσιν·
1589 4908 1654 4956 σὺ
1714 4908 1814 4979 γὰρ

1971 4918 2005 4955 u
2028 4900 2185 4956 enim
2208 4899 2346 4966 scis,
2367 4900 2528 4971 quod
2547 4914 2664 4955 non
2682 4903 2920 4971 propter
2941 4899 3271 4956 humanam
3298 4899 3574 4970 gloriam,

218 4995 373 5059 οἶδας,
432 4998 517 5048 ὅτι
571 4994 630 5047 οὐ
672 4990 834 5058 δόξης
880 4994 1041 5046 ἕνεκεν
1095 4992 1444 5068 ἀνθρωπίνης,
1487 4992 1613 5045 ἀλλά
1650 5013 1817 5053 σωτη‹

1971 4990 2028 5045 ad
2046 4995 2287 5062 propter
2301 4988 2640 5044 animarum
2664 4988 2919 5045 salutem
2944 4989 3181 5061 suscepi
3202 4988 3355 5045 hanc
3375 5005 3575 5044 curam

216 5092 321 5157 ρίας
361 5088 578 5158 ψυχῶν,
624 5088 716 5142 τὴν
753 5079 1009 5156 φροντίδα
1035 5087 1230 5141 ταύτην
1268 5089 1358 5136 καὶ
1402 5087 1493 5141 τὴν
1546 5079 1814 5135 διακονίαν

1971 5083 1983 5133 t
2021 5079 2133 5135 hoc
2164 5077 2580 5134 ministerium.
2612 5077 2766 5135 Cum
2799 5078 2882 5133 sic
2918 5092 3061 5149 ergo
3091 5082 3248 5133 esset
3276 5084 3575 5150 precatus.

218 5172 546 5246 ἀνεδεξάμην.
626 5180 807 5228 Ταῦτα
882 5180 1156 5246 τοιγαροῦν
1240 5171 1659 5245 προσευξάμενος
1725 5178 1814 5224 καί

1975 5183 1981 5223 '.
2020 5168 2244 5240 aliquas
2294 5165 2618 5239 accepisset
2647 5166 2956 5237 pecunias,
2988 5182 3125 5240 quas
3165 5173 3579 5225 remanserant

216 5284 323 5316 τινα
374 5274 472 5317 των
528 5264 935 5336 ὑπολειφθέντων
985 5262 1145 5314 αὐτοῦ
1189 5264 1481 5335 χρημάτων
1532 5264 1675 5335 παρά
1722 5269 1813 5313 τοῦ

1971 5257 2085 5330 pud
2118 5258 2399 5323 amicum,
2428 5258 2522 5312 cui
2552 5271 2760 5311 curam
2791 5256 3176 5312 commiserat
3200 5255 3575 5325 facultatum,

222 5356 373 5423 ξῦον,
422 5354 463 5425 ᾧ
508 5358 601 5411 τὴν
649 5356 846 5405 τούτων
890 5350 1088 5405 ἀνέθετο
1138 5357 1382 5424 πρόνοιαν
1439 5353 1809 5423 κομισάμενος,

1970 5362 1995 5400 ε
2017 5344 2165 5414 ipsis
2191 5345 2379 5401 eadem
2402 5344 2645 5400 exstruit
2666 5344 2989 5401 oratoriam
3004 5343 3180 5415 longe
3202 5344 3574 5416 elegantissi-

224 5439 347 5495 οἷκον
403 5441 475 5497 δι’
528 5442 701 5495 αὐτῶν
758 5441 1033 5514 εὖκτὴριον
1084 5440 1327 5512 ἀνεγείρει
1373 5439 1809 5513 ἐπιτερπέστατόν

1978 5450 2109 5491 iam.
2139 5437 2459 5507 Postquam
2490 5438 2691 5490 autem
2720 5432 2955 5489 finitum
2982 5430 3091 5489 fuit
3119 5433 3464 5502 aadiﬁcium,
3492 5435 3582 5496 in-

287 5621 326 5655 ¹¹
358 5620 502 5677 Joan
540 5636 664 5687 ni,
697 5618 785 5675 l7.
887 5618 933 5653 ¹²
966 5618 1134 5674 Rom.
1163 5631 1200 5681 ι,
1231 5616 1317 5669 23.
