4078 6222
500 334 569 389 55
1406 300 1409 303 ’
1872 324 2124 381 MENSIS
2167 323 2487 381 MABTIUS
3795 318 3864 375 εδ

501 461 814 515 cruentum
833 457 891 512 in
915 471 986 511 eo
1003 454 1355 511 sacriﬁcium
1378 456 1498 511 Deo
1519 454 1822 515 oti'erebat,
1842 457 1898 507 et
1935 450 2151 506 similes

2263 470 2318 503 τε
2346 455 2434 504 καὶ
2480 455 2850 528 χαριέστατον.
2884 450 3025 503 Ἐπεὶ
3064 444 3123 501 δὲ
3169 446 3311 509 τέλος
3340 443 3454 518 εἶχε
3482 446 3548 498 τά
3594 452 3690 509 τῆς
3727 445 3867 499 οἰκο-

501 547 801 621 prioribus
827 562 1030 601 rursus
1048 545 1337 602 fundebat
1359 562 1563 617 preces
1589 562 1600 601 :
1627 544 1864 616 Collige,
1882 542 2151 607 Domine,

502 638 729 704 dicens,
761 651 898 689 oves
940 640 1069 690 tuas
1101 642 1366 691 errantes
1418 635 1477 690 in
1509 635 1663 689 banc
1716 632 2030 688 mandram
2064 646 2152 685 re-

502 729 702 780 center
730 723 1111 787 aedificatam,
1131 724 1402 795 aperiens
1426 724 1509 779 eis
1536 722 1693 777 viam
1720 720 1926 776 salutis
1950 734 2053 789 per
2075 719 2155 773 tui

501 812 889 883 agnitionem,
910 812 981 867 ad
1011 812 1259 881 gloriam
1291 812 1371 867 tui
1403 811 1646 881 gloriosi
1674 808 1952 865 nominis.
1986 809 2066 862 Tu
2094 822 2155 861 es

500 902 659 957 enim
690 904 839 956 Deus
863 900 1023 956 solus
1050 901 1471 956 misericordiae
1491 899 2033 963 etmiserationum,
2052 894 2155 967 qui

498 1007 621 1047 non
653 990 741 1045 vis
783 995 1031 1046 mortem
1066 991 1420 1062 peccatoris,
1454 991 1561 1046 sed
1592 990 1784 1059 magis
1819 993 1879 1043 ut
1910 1002 2155 1042 conver-

501 1084 657 1136 tatur
695 1085 748 1136 et
781 1081 1008 1135 vivat”.
1045 1081 1185 1135 Cum
1239 1081 1346 1135 has
1387 1081 1436 1135 ei
1487 1096 1688 1151 preces
1742 1077 2070 1140 obtulisset,
2104 1078 2158 1129 et

500 1184 602 1225 cor
632 1168 842 1224 deinde
873 1169 963 1223 vir
989 1168 1225 1240 sapiens
1272 1169 1706 1235 conﬁrmasset,
1740 1173 1795 1223 et
1822 1166 2031 1221 fuisset
2074 1179 2158 1219 re-

498 1257 693 1329 pletus
712 1257 834 1313 zelo
864 1261 921 1313 et
948 1257 1263 1328 desiderio,
1293 1258 1501 1313 obiens
1532 1264 1759 1314 statuas
1784 1257 2152 1324 daemonum,

500 1361 601 1404 eas
632 1362 840 1401 omnes
870 1346 1071 1411 diruit,
1113 1352 1167 1402 et
1196 1346 1365 1402 humi
1389 1347 1612 1412 evertit,
1647 1362 1782 1419 quae
1814 1346 1983 1400 erant
2023 1357 2157 1398 vere

500 1440 655 1492 terra
683 1436 901 1505 dignae,
936 1436 1184 1508 soloque
1206 1436 1401 1491 cinere
1432 1441 1489 1491 et
1510 1437 1768 1509 pulvere.

2266 538 2478 608 δομίας,
2531 544 2625 602 τάς
2684 540 3033 613 ἀναιμάκτους
3086 540 3276 598 θυσίας
3328 535 3375 588 ἐν
3433 536 3572 608 αύτῷ
3627 545 3867 609 προσῆγε

2265 635 2372 700 Θεῷ
2420 636 2507 683 καὶ
2558 634 2647 692 τάς
2701 633 2883 703 ὁμοίας
2920 634 3009 681 καὶ
3059 627 3212 681 πάλιν
3264 628 3571 701 προσευχὰς
3618 626 3862 679 ἐποιεῖτο·

2266 721 2551 791 Συναγαγε,
2603 723 2780 793 Κύριε,
2854 722 2921 771 τά
2989 718 3349 789 πεπλανημένα
3434 736 3529 769 σου
3603 715 3863 789 πρόϐατα,

2264 808 2442 881 λέγων,
2520 809 2592 871 εἰς
2671 814 2755 867 τὴν
2828 812 3116 861 νεόκτιστόν
3178 826 3271 859 σου
3342 810 3536 865 ταύτην
3603 802 3864 878 μάνδραν,

2266 895 2482 969 ἀνοιγὼν
2528 898 2703 961 αὐτοῖς
2760 894 2963 951 εἴσοδον
3010 900 3274 971 σωτηρίας
3327 891 3421 948 διά
3470 903 3564 958 τῆς
3616 902 3709 954 σῆς
3759 894 3868 946 έπε-

2265 993 2518 1058 γνὼσεως,
2574 986 2645 1048 εἰς
2702 984 2860 1049 δόξαν
2908 993 2999 1038 τοῦ
3056 992 3149 1038 σοῦ
3216 984 3485 1056 ὀνόματος
3540 987 3605 1037 σὺ
3665 985 3764 1057 γὰρ
3822 983 3871 1035 εἷ

2268 1079 2393 1136 Θεὸς
2444 1080 2598 1148 μόνος
2648 1075 2813 1136 ἐλέους
2859 1080 2948 1126 καὶ
3007 1075 3307 1149 οἰκτιρμῶν,
3359 1074 3384 1125 ὁ
3429 1078 3498 1146 μὴ
3552 1071 3868 1145 βουλόμενος

2266 1166 2352 1216 τὸν
2413 1166 2627 1217 θάνατον
2683 1174 2774 1217 τοῦ
2813 1163 3140 1237 ἀμαρτωλοῦ,
3187 1165 3255 1223 ὡς
3306 1165 3364 1214 τό
3418 1160 3729 1234 ἐπιστρέψαι
3771 1164 3865 1213 καὶ

2270 1257 2363 1325 ζῇν
2408 1254 2580 1308 αὐτόν.
2636 1257 2842 1317 Ταύτας
2894 1250 2980 1307 οὖν
3032 1253 3173 1324 αύτῷ
3216 1256 3305 1313 τὰς
3350 1248 3557 1313 δεήσεις
3586 1270 3866 1325 προσενεγ-

2265 1347 2388 1407 κὼν,
2442 1340 2551 1395 εἶτα
2597 1349 2686 1397 καὶ
2715 1349 2803 1402 τὴν
2833 1340 3059 1417 καρδίαν
3089 1344 3115 1394 ὁ
3165 1345 3322 1414 σοφός
3360 1340 3669 1415 ἐπιρρώσας,
3704 1340 3863 1403 ζήλου

2266 1451 2321 1483 τε
2356 1436 2447 1485 καὶ
2502 1435 2663 1508 ὁρμῆς
2715 1434 2938 1506 ἔμπλεως
2972 1436 3190 1504 γεγονὼς
3236 1435 3327 1483 καὶ
3364 1434 3429 1483 τά
3464 1439 3562 1482 τῶν
3604 1426 3865 1501 δαιμόνων

501 1524 778 1598 ἀγάλματα
833 1525 1110 1598 περιελθὼν
1160 1528 1399 1600 καθαιρεῖ
1440 1529 1612 1579 πάντα
1652 1530 1741 1578 καὶ
1799 1523 1871 1587 εἰς
1899 1518 2094 1594 ἔδαφος
2151 1519 2443 1595 ἀνατρέπει,
2493 1525 2559 1575 τὰ
2604 1532 2703 1595 γῆς
2754 1521 2959 1583 ἀληθῶς
3006 1521 3131 1584 ἄξια
3184 1525 3275 1573 καὶ
3322 1516 3525 1573 σποδοῦ
3578 1524 3739 1591 μόνης
3774 1523 3866 1571 καὶ

498 1634 657 1667 κονεω
667 1636 706 1677 ς.

568 1705 637 1759 Χ.
668 1706 815 1760 Cum
838 1708 1042 1761 autem
1075 1717 1210 1777 post
1241 1705 1371 1760 hanc
1403 1705 1788 1761 accessissent
1812 1703 2057 1775 quidam
2087 1716 2156 1757 ex

498 1792 859 1857 inﬁdelibus,
892 1799 957 1849 ut
986 1794 1099 1849 illis
1135 1795 1535 1850 sacriﬁcarent
1561 1795 1787 1859 statuis,
1817 1797 1873 1849 et
1904 1809 2003 1848 eas
2034 1806 2158 1862 pre-

500 1886 790 1947 carentur,
824 1882 1233 1956 vidissentque
1277 1885 1443 1953 gravi
1487 1900 1632 1939 casu
1681 1885 1991 1948 corruisse,
2034 1898 2156 1938 non

498 1971 851 2042 ignorarunt
879 1972 1115 2028 hostem
1149 1991 1161 2027 :
1198 1972 1586 2029 manifestum
1618 1973 1776 2028 enim
1808 1977 1863 2027 et
1889 1973 2075 2028 virtus
2101 1977 2157 2028 et

504 2061 769 2117 studium
784 2062 1405 2135 arguebantutrinque
1429 2064 1808 2119 Abramium:
1831 2062 2155 2135 statimque

504 2150 784 2223 correptis
798 2151 977 2221 lignis
990 2151 1371 2224 etlapidibus,
1385 2160 1614 2226 repente
1627 2152 1687 2208 in
1702 2156 1960 2208 sanctum
1978 2153 2154 2207 irrue-

501 2245 667 2295 runt:
686 2256 792 2295 nec
807 2240 971 2311 prius
985 2246 1296 2297 cessarunt
1309 2258 1445 2297 eum
1460 2247 1656 2314 petere
1673 2249 1729 2298 et
1749 2241 2154 2298 crudelissime

500 2335 828 2402 percutere,
857 2346 1042 2402 quam
1068 2346 1206 2386 eum
1239 2330 1527 2387 vidissent
1558 2331 1733 2403 plane
1760 2330 2066 2390 defecisse.
2100 2340 2155 2386 et

501 2424 826 2475 extremam
837 2419 965 2490 jam
980 2435 1153 2489 agere
1168 2420 1423 2476 animam
1436 2423 1837 2477 .Recesserunt
1851 2421 2156 2485 enim,exi-

502 2508 810 2564 stimantes
823 2525 960 2563 eum
974 2524 1114 2564 mox
1129 2525 1263 2565 esse
1282 2511 1659 2565 moriturum.
1683 2511 1777 2566 llle
1796 2514 1995 2566 autem
2014 2526 2152 2566 cum

500 2597 654 2653 circa
670 2597 915 2652 mediam
933 2603 1150 2653 noctem
1166 2603 1457 2654 recreatus
1472 2599 1710 2655 essetab
1728 2599 1840 2654 illis
1854 2599 2151 2655 intoleran-

500 2686 593 2742 dis
605 2685 1037 2752 doloribus,vix
1053 2687 1296 2742 tandem
1314 2703 1583 2758 surgens,
1597 2688 1656 2743 in
1672 2687 1959 2760 templum
1976 2688 2154 2742 estin-

500 2790 739 2845 gressus
768 2791 779 2830 :
816 2780 870 2831 et
894 2791 1030 2830 cum
1061 2790 1122 2830 se
1156 2791 1412 2847 pronum
1444 2776 1612 2832 humi
1643 2776 1970 2847 dejecisset,
2004 2774 2153 2830 ﬂens

501 2865 780 2935 graviter,
806 2870 861 2921 et
899 2864 1090 2921 fronte
1138 2866 1335 2921 solum
1388 2866 1734 2926 verberans.
1764 2867 2051 2921 acerrimo
2100 2873 2155 2921 et

500 2952 769 3008 maximo
792 2954 989 3008 studio
1014 2954 1303 3010 fundebat
1324 2971 1530 3025 preces
1557 2971 1664 3025 pro
1682 2954 1915 3009 illorum
1942 2955 2149 3021 salute,

498 3047 564 3095 ut
580 3040 939 3112 depellerent
960 3041 1281 3112 impietatis
1294 3042 1512 3097 nubem
1525 3084 1537 3107 ,
1562 3058 1691 3113 quae
1711 3059 1811 3096 eos
1828 3044 2148 3109 detinebat,

500 3134 555 3184 et
579 3145 726 3201 pure
756 3129 1089 3200 aspicerent
1116 3128 1194 3183 ad
1223 3130 1425 3185 radios
1453 3130 1731 3185 veritatis.
1758 3133 1924 3186 Mane
1952 3137 2153 3189 autem

500 3233 635 3272 cum
666 3216 745 3271 illi
780 3216 852 3272 ad
885 3217 1173 3288 templum
1208 3217 1618 3283 accessissent,
1654 3233 1772 3273 non
1806 3219 1994 3289 gratia
2024 3236 2153 3276 ora—

502 3305 678 3361 tionis
704 3305 1032 3377 (quomodo
1062 3307 1243 3370 enim,
1276 3322 1413 3361 cum
1450 3321 1656 3360 eorum
1690 3306 1876 3362 animi
1905 3306 2151 3365 ﬂuctua-

399 3452 409 3461 _
498 3398 630 3450 rent
658 3394 856 3450 adhuc
880 3394 1010 3451 salo
1031 3395 1355 3467 impietatis
1377 3396 1425 3466 ?)
1449 3395 1552 3451 sed
1575 3394 1653 3451 ad
1670 3396 1992 3452 videndam
2015 3397 2151 3453 aadi~

498 3483 771 3538 ﬁciorum
795 3487 1154 3543 structuram
1178 3486 1323 3552 (erat
1339 3487 1497 3540 enim
1521 3485 1807 3558 templum
1830 3485 1980 3541 bene
2001 3487 2151 3557 ﬁgu-

497 3576 715 3638 ratum,
744 3577 799 3629 et
818 3588 907 3638 ea,
924 3590 1047 3646 qua
1064 3589 1173 3646 par
1192 3578 1337 3638 erat,
1354 3574 1700 3646 symmetria
1717 3580 2148 3645 constructum,

497 3666 554 3718 et
577 3662 741 3734 quod
774 3662 1041 3718 animum
1071 3668 1127 3717 et
1157 3662 1363 3718 oculos
1385 3662 1526 3718 satis
1553 3666 1784 3735 poterat
1802 3664 2149 3737 ltetiﬁcare),

497 3766 655 3818 cum,
679 3751 949 3824 inquam,
971 3751 1273 3808 venissent
1290 3751 1350 3807 in
1372 3752 1680 3824 templum,
1701 3753 2153 3811 etotfendissent

498 3847 773 3897 sanctum
798 3840 855 3896 in
878 3856 949 3896 eo
971 3846 1335 3913 precantem,
1353 3841 1611 3913 priorem
1634 3858 1839 3898 rursus
1862 3844 2151 3899 saevitiam

496 3935 551 3985 et
570 3930 800 3986 rabiem
828 3929 889 3985 in
922 3946 1057 3985 eum
1089 3930 1482 3986 ostenderunt
1514 3937 1600 3986 :et
1626 3948 1763 3987 cum
1792 3948 1927 3986 eum
1946 3948 2151 3988 rursus

498 4019 678 4074 variis
703 4019 895 4075 modis
927 4023 981 4075 et
1007 4020 1385 4076 vehementer
1417 4021 1785 4090 cecidissent,
1814 4021 2068 4077 vinculis
2097 4027 2152 4077 et

493 4106 734 4163 funibus
780 4109 943 4163 omni
992 4124 1062 4163 ex
1108 4114 1275 4179 parte
1331 4108 1850 4179 comprehensum,
1906 4110 2151 4166 trahunt

493 4211 600 4269 per
626 4197 889 4252 medium
918 4197 1135 4263 vicum,
1169 4204 1221 4251 et
1247 4197 1307 4253 in
1335 4213 1473 4253 eum
1505 4197 1668 4252 omni
1701 4214 1771 4253 ex
1799 4203 1965 4269 parte
2005 4199 2149 4271 lapi-

492 4284 598 4339 des
619 4286 754 4341 nive
777 4285 1028 4341 cadente
1050 4285 1361 4340 densiores
1384 4286 1783 4355 conjecerunt,
1804 4287 2147 4356 ignorantes

493 4372 675 4438 stulti,
708 4390 816 4445 pro
847 4390 969 4447 qua
999 4374 1211 4444 gratia,
1247 4390 1351 4446 pro
1380 4374 1544 4446 quali
1601 4391 1710 4443 pro
1761 4378 1900 4448 ipsis
1944 4392 2149 4448 preca-

491 4462 672 4525 tione,
702 4462 943 4534 qualem
975 4461 1344 4517 reddiderint
1370 4462 1421 4517 ei
1452 4464 2019 4522 remunerationem.
2048 4464 2146 4521 Ille

491 4566 633 4623 ergo
661 4556 799 4607 tunc
829 4551 1069 4624 quidem
1103 4551 1179 4606 ab
1208 4551 1291 4607 eis
1320 4550 1555 4607 relictus
1597 4557 1651 4607 et
1695 4554 2141 4621 semimortuus,

482 4639 611 4710 jam
631 4656 667 4695 a
688 4640 880 4711 plagis
901 4639 1223 4696 dissolutus
1237 4646 1294 4696 et
1316 4641 1668 4711 sanguinem
1700 4642 1758 4696 in
1783 4647 1995 4699 terram
2017 4644 2145 4699 fun-

488 4728 661 4784 dens.
690 4728 837 4784 Cum
864 4735 1063 4785 autem
1088 4729 1287 4785 media
1309 4735 1479 4785 nocte
1500 4729 1575 4785 ad
1599 4746 1660 4786 se
1683 4730 1969 4797 rediisset,
1993 4733 2144 4789 dice-

485 4817 589 4873 bat
622 4834 634 4873 :
662 4817 932 4884 Domine,
961 4834 1280 4891 quousque
1312 4818 1671 4874 Oblivisceris
1698 4820 1815 4875 mei
1842 4821 1899 4876 in
1926 4820 2101 4878 ﬁnem
2119 4822 2145 4876 ?

487 4906 803 4979 Quousque
833 4907 1049 4963 avertis
1087 4906 1298 4963 faciem
1362 4913 1519 4963 tuam
1547 4923 1582 4964 a
1642 4925 1737 4964 me
1767 4907 1795 4963 7
1821 4911 2142 4983 Quousque

486 5011 671 5069 opera
683 5012 975 5052 manuum
994 5002 1229 5052 tuarum
1245 4997 1524 5069 despicis,
1547 5014 1683 5070 quae
1698 5000 1995 5069 pereunt?
2019 5000 2144 5055 Haec

488 5088 607 5141 Deo
638 5084 897 5149 dicebat,
931 5088 989 5139 et
1016 5085 1197 5141 verba
1233 5085 1522 5143 miscebat
1578 5086 1884 5157 lacrymis.
1919 5087 2143 5143 Deinde

485 5178 685 5230 autem
715 5175 813 5229 vix
845 5172 1090 5229 tandem
1123 5190 1153 5229 e
1183 5174 1309 5230 solo
1331 5175 1538 5245 surgit,
1572 5174 1819 5247 perinde
1850 5191 1920 5231 ac
1953 5177 2000 5233 si
2026 5192 2141 5232 non

484 5269 636 5319 esset
663 5263 969 5319 confectus
1022 5267 1107 5320 tot
1153 5262 1343 5337 plagis
1374 5270 1430 5320 et
1454 5264 1823 5334 vulneribus,
1858 5266 1999 5322 etin
2058 5267 2144 5321 di-

483 5356 641 5407 ctum
670 5352 957 5424 templum
985 5368 1189 5409 rursus
1215 5353 1565 5424 ingreditur.

2339 1700 2397 1754 l'.
2448 1704 2591 1755 Μετά
2645 1700 2704 1757 δὲ
2759 1710 2926 1756 ταῦτα
2972 1705 3378 1776 παραγενόμενοί
3424 1720 3552 1763 τινες
3599 1707 3696 1751 τῶν
3747 1697 3868 1751 ἀπί-

2270 1810 2400 1845 στων
2458 1800 2548 1845 τοῦ
2606 1798 2696 1845 καὶ
2753 1794 2910 1845 θῦσαι
2971 1800 3081 1853 τοῖς
3134 1794 3391 1853 τοιούτοις
3447 1789 3718 1862 ἀγάλμασι
3774 1792 3867 1840 καὶ

2270 1882 2673 1952 προσεύξασθαι,
2716 1882 2806 1934 καί
2858 1891 3047 1954 πτῶμα
3100 1886 3327 1953 κείμενον
3371 1882 3601 1952 χαλεπόν
3650 1875 3863 1941 ἰδόντες,

2265 1972 2359 2024 οῦκ
2414 1973 2678 2043 ἠγνόησαν
2722 1975 2809 2025 τὸν
2867 1971 3127 2045 πολέμιον’
3178 1968 3336 2030 δῆλον
3378 1973 3477 2044 γὰρ
3528 1972 3558 2027 ἦ
3613 1987 3668 2021 τε
3707 1967 3864 2043 ἀρετὴ

2264 2065 2353 2113 καὶ
2407 2062 2432 2112 ό
2487 2061 2639 2122 ζῆλος
2695 2061 2897 2115 ἐποίουν
2965 2068 3240 2133 πανταχοῦ
3279 2064 3366 2112 τὸν
3418 2059 3720 2133 Ἀϐράμιον·
3776 2063 3867 2111 καὶ

2265 2149 2391 2212 ξύλα
2455 2156 2543 2203 καὶ
2599 2151 2767 2212 λίθους
2847 2150 2996 2212 εὐθὺς
3074 2150 3399 2224 ἁρπάσαντες
3477 2150 3613 2201 ἔθεον
3683 2148 3869 2221 ἄθροοι

2263 2242 2399 2292 κατά
2449 2247 2539 2292 τοῦ
2583 2240 2734 2311 ἁγίου
2765 2245 2853 2294 καὶ
2898 2240 2991 2294 οῦκ
3044 2240 3236 2299 ἀνῆκαν
3284 2238 3555 2312 βάλλοντες
3593 2236 3746 2289 αὐτόν
3776 2242 3869 2289 καὶ

2264 2329 2509 2399 ὠμότατοι
2572 2335 2830 2396 παίοντες,
2918 2331 3011 2392 ἕως
3096 2328 3353 2390 παντελῶς
3434 2327 3871 2399 ἀπαγορεύσαντα

2265 2414 2403 2469 εἶδον
2455 2422 2706 2493 καὶπρὸς
2735 2419 2920 2481 αὐταῖς
2967 2414 3074 2478 ἢδη
3128 2425 3237 2479 ταῖς
3289 2416 3542 2489 έσχάταις
3592 2415 3871 2476 ἀναπνοαῖς

2262 2511 2548 2577 γενόμενον
2607 2510 2654 2559 οἱ
2715 2511 2804 2581 μὲν
2856 2510 2957 2583 γὰρ
3012 2507 3103 2560 οῦκ
3159 2506 3227 2568 εἰς
3280 2509 3483 2579 μακρὰν
3536 2504 3688 2557 αὐτὸν
3742 2503 3871 2557 ἀπο-

2267 2596 2533 2648 θανεῖσθαι
2583 2601 2890 2668 νομίσαντες
2934 2595 3333 2667 ἀπηλλάγησαν.
3388 2594 3446 2647 '0
3502 2591 3560 2647 δε
3616 2598 3732 2666 περὶ
3780 2596 3870 2666 μέ-

2266 2704 2363 2746 σας
2416 2687 2602 2745 νύκτας
2653 2693 2753 2737 τῶν
2809 2684 3079 2758 ἀφορήτων
3147 2682 3345 2737 ὀδυνῶν
3403 2686 3602 2736 ἑκείνων
3666 2680 3866 2752 ἀνενεγ-

2261 2779 2383 2838 κὼν,
2448 2773 2596 2846 μόλις
2660 2777 2728 2835 ὡς
2781 2773 2920 2847 εἶχεν
2987 2776 3290 2836 ύπαναστάς
3364 2772 3599 2831 εἰσῆλθεν
3648 2770 3719 2832 εἰς
3774 2773 3862 2821 τόν

2261 2867 2381 2915 ναόν
2424 2869 2513 2916 καὶ
2556 2874 2723 2937 πρηνῆ
2773 2863 3074 2916 καταϐαλὼν
3107 2863 3287 2916 ἑαυτὸν
3338 2866 3429 2915 καὶ
3478 2863 3660 2934 πικρὸν
3690 2860 3862 2911 κάτων

2265 2953 2344 3003 θεν
2403 2950 2703 3024 ἀνοιμώςων
2760 2958 2848 3005 xui
2896 2963 2968 3025 τῷ
3016 2958 3235 3025 μετώπῳ
3289 2954 3480 3006 τύπτον
3537 2954 3595 3002 τὸ
3646 2946 3861 3021 ἔδαφος,

2262 3048 2323 3112 τῇ
2385 3042 2663 3115 θερμότητι
2700 3045 2860 3115 ταύτῃ
2903 3047 2992 3095 καὶ
3022 3050 3081 3115 τῇ
3132 3038 3344 3114 σπουδῇ
3378 3049 3477 3092 τῶν
3509 3040 3679 3111 εύχῶν
3732 3039 3862 3109 ὑπὲρ

2261 3134 2357 3187 τῆς
2421 3126 2623 3180 ἐκείνων
2675 3128 2930 3202 ἐκέχρητο
2987 3135 3272 3204 σωτηρίας,
3337 3131 3471 3187 ὥστε
3525 3130 3584 3179 τό
3638 3130 3863 3197 κατέχον

2262 3216 2451 3277 αύτούς
2498 3226 2593 3280 τῆς
2642 3217 2880 3282 ἀσεϐείας
2932 3218 3321 3271 ἀποσείσασθαι
3370 3223 3513 3289 νέφος
3562 3220 3648 3269 καὶ
3697 3217 3863 3268 καθα-

2260 3314 2359 3377 ρῶς
2408 3310 2540 3380 πρὸς
2591 3309 2684 3368 τάς
2732 3308 2899 3379 αὐγὰς
2936 3304 3219 3379 διαϐλέψαι
3257 3315 3347 3368 τῆς
3404 3306 3662 3367 ἀληθείας·
3712 3306 3861 3357 ἔωθεν

2264 3392 2323 3447 δὲ
2367 3394 2594 3448 κάκεῖνοι
2634 3405 2705 3468 τῷ
2744 3405 2849 3469 ναῷ
2902 3396 3219 3463 ἐπιστάντες,
3274 3397 3333 3449 ού
3365 3403 3672 3472 προσευχῆς
3699 3397 3861 3467 χάριν

2264 3484 2390 3555 (πῶς
2426 3488 2527 3559 γὰρ
2559 3488 2633 3538 ἔτι
2684 3494 2757 3557 τῷ
2795 3487 2934 3559 σάλῳ
2984 3495 3078 3549 τῆς
3117 3486 3366 3549 ἀπιστίας
3408 3489 3502 3548 τὰς
3543 3485 3729 3557 ψυχὰς
3770 3503 3861 3535 κυ-

2262 3579 2558 3647 μαινόμενοι
2598 3576 2655 3647 ;).
2706 3575 2833 3628 ἀλλὰ
2880 3579 3014 3629 κατά
3055 3579 3171 3630 θέαν
3217 3584 3308 3637 τῆς
3355 3584 3454 3628 τῶν
3504 3571 3861 3647 οἰκοδομημά-

2260 3683 2360 3716 των
2412 3674 2740 3728 κατασκευῆς
2801 3662 2884 3737 (ἧν
2936 3668 3037 3738 γὰρ
3084 3667 3109 3718 ό
3146 3668 3268 3727 ναός
3315 3670 3597 3737 σχήματος
3626 3660 3679 3716 εὖ
3722 3665 3860 3735 ἔχων

2260 3757 2351 3804 καὶ
2385 3758 2729 3827 συμμετρίας,
2761 3760 2847 3807 xui
2882 3754 3069 3827 ψυχὴν
3113 3755 3225 3827 ἅμα
3270 3758 3357 3807 καὶ
3407 3753 3701 3827 ὀφθαλμούς
3750 3753 3861 3804 ἱκαο

2260 3850 2357 3903 νῶς
2405 3841 2687 3915 εὐφραίνειν
2746 3841 3076 3916 δυνάμενος)ο
3129 3843 3177 3896 ἐν
3235 3853 3307 3917 τῷ
3357 3852 3462 3915 ναῷ
3508 3849 3677 3896 τοίνυν
3714 3845 3863 3913 γενό-

2260 3950 2422 4004 μενοι,
2470 3937 2559 3984 καὶ
2611 3936 2699 3984 τόν
2749 3934 2896 4005 ἅγιον
2950 3934 3229 4006 εὐχόμενον
3285 3933 3501 4005 έναῦτῷ
3547 3932 3857 3985 καταλαϐόν·

2262 4039 2360 4083 τες,
2421 4024 2514 4079 τὴν
2562 4026 2813 4096 προτέραν
2875 4019 3023 4083 αὖθις
3073 4024 3319 4094 ὠμότητα
3370 4028 3460 4076 καὶ
3532 4022 3731 4075 λύσσαν
3793 4020 3861 4080 εἰς

2260 4109 2413 4161 αὐτόν
2444 4107 2791 4177 ἐπεδείξαντο,
2846 4117 2935 4165 καὶ
2980 4111 3310 4185 πολυτρόπως
3352 4116 3437 4165 τόν
3493 4108 3663 4186 ἄνδρα
3707 4112 3859 4165 πάλιν

2259 4204 2347 4251 καὶ
2400 4196 2640 4273 σφοδρῶς
2693 4201 3042 4273 αἰκισάμενοι,
3102 4199 3317 4274 δεσμοῖς
3365 4221 3419 4255 τε
3475 4204 3721 4255 πάντοθεν
3772 4207 3862 4255 καὶ

2262 4294 2522 4360 σχοινίοις
2570 4288 2933 4357 ἀπολαϐόντες,
2992 4288 3086 4345 διὰ
3135 4296 3301 4364 μέσης
3341 4290 3502 4345 εἷλκον
3556 4300 3651 4353 τῆς
3681 4298 3865 4364 κώμης

2256 4383 2346 4430 καὶ
2390 4377 2567 4440 λίθους
2624 4377 2703 4431 ἐπ’
2764 4380 2921 4432 αὐτόν
2970 4383 3296 4453 πανταχόθεν
3351 4387 3534 4452 νιφετῷ
3587 4381 3864 4454 παραπλη-

2260 4472 2405 4529 σίους
2454 4469 2672 4539 ἠφίεσαν
2705 4468 3006 4540 ἀγνοοῦντες
3059 4470 3242 4532 ἡλίκης
3286 4472 3333 4522 οἱ
3370 4472 3584 4542 μάταιοι
3612 4472 3861 4543 χάριτος,

2255 4558 2366 4619 οἵας
2419 4559 2544 4628 ὑπὲρ
2604 4557 2773 4609 αὐτῶν
2830 4559 3017 4631 εὐχῆς,
3075 4562 3183 4620 οἵας
3230 4557 3451 4632 ἀμοιϐὰς
3506 4554 3860 4614 ἀπεδίδοσαν.

2255 4642 2478 4708 Ἐκεῖνος
2529 4652 2696 4698 τοίνυν
2752 4652 2867 4700 τότε
2920 4652 3009 4720 μὲν
3067 4651 3328 4721 ἡμιθανὴς
3382 4649 3470 4700 ὑπ’
3524 4648 3690 4701 αὐτῶν
3737 4668 3862 4701 κατ-

2256 4735 2482 4807 ελείφθη,
2518 4735 2845 4809 ἐκλελυμένος
2892 4738 2991 4789 ὑπὸ
3039 4746 3138 4789 τῶν
3167 4738 3373 4809 πληγῶν
3402 4734 3511 4797 ἢδη
3548 4742 3637 4790 καὶ
3666 4735 3861 4811 καταρ-

2252 4826 2377 4899 ῥέων
2437 4824 2520 4876 ἐπὶ
2578 4830 2671 4884 τὴν
2724 4834 2842 4897 γῆν.
2897 4826 3043 4880 Ἐπεὶ
3097 4823 3156 4879 δὲ
3222 4824 3282 4884 ἦν
3327 4826 3382 4879 ἐκ
3437 4831 3607 4899 μέσων
3662 4835 3862 4878 νυκτῶν

2256 4910 2525 4983 ἀνανήψας
2580 4920 2671 4966 καὶ
2741 4916 2915 4988 ὥσπερ
3000 4914 3049 4966 έν
3141 4915 3307 4986 ἐαυτῷ
3375 4920 3661 4988 γενόμενος·
3733 4914 3861 4977 Ἕως

2254 5007 2399 5067 πότε,
2453 5005 2633 5077 Κύριε,
2718 5005 2902 5074 ἔλεγεν,
2962 5003 3187 5077 ἐπιλήσῃ
3271 5024 3372 5076 μου
3426 5005 3493 5066 εἰς
3545 5005 3708 5074 τέλος,
3768 5008 3864 5067 ἕως

2256 5094 2377 5144 πότε
2432 5090 2771 5163 ἀποστρέφεις
2836 5096 2893 5144 τό
2943 5097 3225 5167 πρόσωπόν
3279 5113 3373 5146 σου
3426 5093 3515 5147 ἀπ’
3565 5094 3688 5168 έμοῦ
3720 5112 3734 5161 ;
3768 5096 3863 5157 ἕως

2253 5184 2391 5241 τίνος
2443 5183 2507 5232 τά
2564 5183 2691 5251 ἔργα
2742 5188 2840 5232 τῶν
2911 5190 3014 5233 σῶν
3085 5191 3281 5257 χειρῶν
3344 5189 3587 5259 περιορᾷς
3639 5183 3862 5237 ἀπολλυ-

2254 5273 2416 5340 μένα;
2450 5275 2629 5321 Ταῦτα
2685 5268 2822 5340 ἔλεγε
2886 5274 3016 5344 πρὸς
3072 5276 3158 5324 τόν
3229 5275 3357 5327 Θεὸν
3440 5278 3529 5326 καὶ
3603 5270 3864 5347 δάκρυσιν

2257 5358 2435 5431 ἐκίρνα
2485 5360 2551 5409 τὰ
2600 5360 2834 5433 ῥήματα.
2898 5359 3116 5414 Ἔπειτα
3162 5366 3335 5435 μέντοι
3375 5368 3463 5414 καὶ
3511 5364 3864 5429 ὑπανίσταται

480 5448 571 5493 τοῦ
600 5437 825 5515 ἐδάφους
866 5441 1032 5514 σχολῇ
1065 5448 1154 5495 καὶ
1187 5446 1279 5495 σὺν
1304 5447 1501 5519 χρόνῳ,
1541 5444 1773 5519 καθάπερ
1815 5444 1876 5496 ἄν
1908 5447 1951 5497 εἴ
1980 5463 2058 5508 τις
2088 5446 2187 5499 ὑπὸ
2218 5450 2487 5521 τραύμασι
2517 5452 2606 5501 καὶ
2636 5448 2862 5522 πληγαῖς
2892 5454 3174 5515 τοσαύταις
3203 5456 3648 5528 κατειργασμένος
3676 5458 3769 5506 καὶ
3793 5454 3865 5515 εἰς

482 5532 570 5583 τόν
601 5530 866 5603 εἰρημένον
905 5526 1052 5592 αὖθις
1080 5532 1200 5585 ναὸν
1229 5534 1548 5605 εἰσέρχεται.

563 5631 609 5667 ¹³
648 5629 854 5687 Ezech.
886 5644 1046 5698 xvm,
1077 5634 1168 5687 23.
