4062 6222
237 302 319 360 57
1631 305 1793 363 VITA
1835 304 1895 360 s.
1937 303 2261 361 ABBAMII.
3122 294 3123 297 ‘
3560 309 3625 365 58

312 429 420 486 1A".
454 431 548 493 Εἰς
593 427 653 484 δε
689 435 778 489 τὴν
810 430 1059 483 ἐπιοῦσαν
1100 435 1189 483 καὶ
1237 432 1286 483 οἱ
1336 433 1708 506 χριστομάχοι
1766 432 1844 490 θή-

2040 433 2123 485 ΧΙ.
2161 432 2257 488 Die
2295 437 2495 489 autem
2542 433 2811 506 sequenti
2843 432 3054 488 belluae
3098 431 3212 487 illa;
3261 431 3470 489 Christi
3515 433 3628 490 ini-

232 541 325 592 ρες
388 521 576 573 ἐκεῖνοι
632 520 782 572 πάλιν
838 519 885 571 έν
944 520 1084 590 αύτῷ
1148 525 1430 593 γενόμενοι,
1515 526 1605 574 καὶ
1675 527 1855 573 τοῦτον

236 612 419 683 εὐχῆς
472 612 703 682 εὑρόντες
760 608 861 661 ἐκεῖ
906 615 996 662 καὶ
1061 610 1230 682 ύμνων
1287 611 1585 683 εὐχόμενον,
1638 611 1732 663 ούκ
1780 612 1856 662 ἔτι

234 704 425 773 πράως
473 698 691 771 ἐνεγκεῖν
753 695 1117 764 ἠδυνήθησαν,
1180 699 1306 753 ἀλλὰ
1356 701 1561 772 πληγάς
1607 720 1661 753 τε
1715 700 1855 770 αύτῷ

229 792 339 851 τὰς
393 793 651 863 προτέρας
711 791 741 846 ἦ
790 788 958 859 πολλῷ
1013 793 1101 841 καὶ
1155 790 1391 859 μείζονας
1442 789 1718 857 ἐπιθέντες,
1776 785 1856 841 δε-

236 885 406 949 σμοῖς
458 897 515 930 τε
572 886 682 940 τοῖς
739 879 938 950 ὁμοίοις
989 876 1346 944 ὑποϐαλόντες,
1395 877 1571 954 πόρῥω
1619 898 1718 931 που
1766 886 1857 939 τῆς

230 976 431 1038 κώμης
513 971 744 1042 φέροντες
798 966 1033 1041 έρῥιψαν.
1101 970 1318 1029 Τούτοις
1364 968 1452 1020 οὖν
1504 972 1678 1042 τρίτον
1741 966 1857 1031 ἑξῆς

234 1055 569 1131 ἐνεκαρτέρει
616 1061 805 1131 χρόνον
857 1055 1160 1128 Ἀϐροίμιος,
1218 1057 1311 1109 ούκ
1361 1056 1610 1125 ὀκλάσας,
1644 1057 1701 1109 ού
1733 1059 1859 1109 καθα

227 1151 417 1212 υφεὶς,
450 1146 511 1198 ού
561 1145 933 1217 καθευξάμενος
964 1142 1193 1211 οὐδενός,
1228 1145 1355 1199 ἀλλά
1396 1154 1466 1218 τῷ
1514 1152 1660 1219 μίσει
1690 1166 1858 1220 προσ-

226 1237 408 1296 τιθεὶς
473 1239 567 1293 τήν
626 1234 858 1306 ἀγάπην,
916 1244 988 1305 τῷ
1047 1236 1192 1308 θυμῷ
1242 1240 1337 1294 τήν
1388 1242 1682 1305 πραότητα,
1742 1242 1856 1297 ταῖς

223 1321 541 1396 λὸιδορίαις
608 1326 699 1385 τάς
778 1323 1032 1396 εὐλογίας,
1114 1327 1385 1390 νουθετῶν,
1471 1325 1852 1397 συμϐουλεύων,

225 1413 560 1487 παρακαλῶν
630 1417 751 1476 τοὺς
830 1412 1147 1485 πρεσϐύτας,
1225 1418 1343 1475 τοὺς
1417 1419 1581 1479 νέους,
1679 1421 1854 1468 πᾶσαν

227 1504 416 1564 ἁπλῶς
461 1502 688 1574 ἠλικίαν,
738 1505 806 1565 ὡς
866 1507 1111 1576 πατέρας,
1159 1505 1227 1564 ὡς
1258 1507 1429 1567 τέκνα,
1471 1507 1540 1566 ὡς
1579 1501 1846 1577 ἀδελφούς,

226 1589 395 1645 ούδεν
446 1593 572 1654 ὅλως
618 1591 821 1663 ἀγεννὲς
873 1588 997 1644 ούδε
1046 1592 1387 1666 μικρόψυχον
1442 1589 1848 1666 ἐνδεικνύμενος,

228 1679 345 1729 ἀλλ’
392 1683 526 1753 ἔργῳ
566 1684 622 1732 τό
676 1680 768 1733 τοῦ
818 1683 956 1733 θείου
1002 1677 1169 1733 Δαυῖδ
1208 1680 1495 1754 ἐκπληρῶν,
1549 1687 1637 1734 καὶ
1693 1681 1848 1754 ἀναγο

1968 520 2157 585 micae,
2190 538 2327 578 cum
2357 522 2473 578 illic
2507 539 2709 578 rursus
2740 523 3057 586 venissent,
3089 527 3145 578 et
3173 539 3311 577 eum
3354 528 3623 581 orantem

1965 610 2358 681 invenissent,
2401 628 2473 667 ne
2516 617 2654 667 tunc
2710 612 2955 685 quidem
3002 615 3324 683 potuerunt
3373 612 3436 666 id
3476 612 3624 669 ferre

1968 699 2273 756 moderate
2317 720 2329 759 :
2360 701 2464 756 sed
2495 718 2631 757 cum
2667 701 2718 755 ei
2758 700 2968 773 plagas
3016 702 3265 771 priores,
3305 706 3408 755 aut
3445 701 3624 757 etiam

1966 788 2155 845 multo
2180 790 2895 863 majoresimposuissent,
2924 795 2980 846 et
3005 806 3141 844 eum
3172 788 3467 845 similibus
3497 790 3627 845 vin-

1967 878 2114 933 culis
2140 878 2483 947 alligassent
2513 885 2569 935 et
2598 879 2932 943 traxissent,
2964 877 3169 951 procul
3204 894 3239 933 a
3276 879 3403 933 vico
3432 879 3627 949 proje-

1966 974 2191 1023 cerunt.
2227 971 2288 1023 ln
2322 969 2411 1024 his
2441 985 2582 1039 ergo
2608 986 2670 1025 se
2707 974 2821 1025 tres
2858 985 3049 1025 annos
3085 967 3361 1040 deinceps
3405 967 3628 1023 fortiter

1968 1058 2150 1127 gessit
2174 1058 2511 1123 Abramius,
2537 1075 2656 1115 non
2688 1058 2930 1127 fractus,
2959 1074 3078 1113 non
3112 1057 3348 1123 cedens,
3383 1073 3491 1113 nec
3526 1056 3629 1113 ulli

1969 1146 2122 1202 male
2153 1147 2489 1219 imprecans
2518 1166 2530 1203 :
2567 1149 2671 1203 sed
2704 1148 2843 1204 odio
2882 1147 3228 1203 charitatem
3261 1146 3621 1217 adjungens,

1966 1235 2066 1291 irae
2099 1237 2636 1302 mansuetudinem,
2673 1237 3000 1293 maledictis
3025 1236 3490 1302 benedictiones,
3517 1235 3626 1290 ad-

1966 1340 2242 1390 monens,
2258 1326 2594 1391 consulens,
2611 1327 2958 1390 adhortans,
2984 1342 3175 1393 senes,
3195 1324 3621 1392 adolescentes,

1965 1429 2229 1479 omnem,
2266 1420 2328 1471 ut
2353 1415 2537 1470 semel
2567 1416 2785 1481 dicam,
2819 1420 3073 1479 aetatem,
3110 1421 3172 1470 ut
3199 1420 3419 1486 patres,
3464 1418 3525 1468 ut
3554 1413 3625 1467 ﬁ-

1962 1502 2095 1569 lios,
2127 1509 2187 1559 ut
2208 1504 2436 1571 fratres,
2462 1504 2986 1571 nihilqueomnino
3000 1503 3339 1568 ostendens,
3366 1502 3532 1575 quod
3550 1502 3625 1557 sit

1964 1592 2159 1663 pusilli
2189 1598 2243 1648 et
2281 1594 2495 1665 abjecti
2540 1594 2721 1649 animi
2762 1611 2773 1648 :
2810 1594 2915 1649 sed
2945 1610 3147 1666 reipsa
3178 1593 3456 1664 implens,
3491 1608 3623 1664 quae

1962 1688 2100 1737 sunt
2123 1682 2306 1737 divini
2352 1683 2608 1749 Davidis,
2655 1688 2711 1738 et
2761 1684 2911 1739 inter
2962 1683 3343 1738 necessitates
3389 1687 3445 1738 et
3474 1680 3625 1738 afﬂi-

228 1778 340 1820 κῶν
402 1770 592 1839 μεταξύ
646 1789 737 1821 και
793 1769 1014 1840 θλίψεων
1056 1772 1145 1833 τὰς
1200 1769 1405 1832 ἐντολὰς
1454 1775 1650 1846 Κυρίου
1706 1772 1844 1843 μελέ-

1960 1771 2182 1826 ctiones
2213 1772 2507 1828 meditans
2538 1778 2833 1844 praecepta
2861 1773 3095 1827 Domini
3124 1773 3190 1826 “.
3228 1775 3466 1843 Propter
3492 1772 3622 1827 haec

242 1878 344 1917 την
394 1863 701 1932 ποιούμενοςσ
765 1856 860 1912 διὰ
918 1866 1081 1912 ταῦτα
1150 1856 1218 1918 δὴ
1274 1865 1365 1912 καὶ
1428 1859 1706 1923 ἐξήνθησεν
1771 1860 1845 1913 ἐπ’

242 1949 408 1999 τὶτόν
454 1952 507 2001 τό
560 1949 805 2021 ἀγίασμα
859 1948 1017 2001 αὐτοῦ
1064 1953 1153 2001 καὶ
1212 1949 1607 2010 συνεληλυθότες
1662 1949 1847 2025 ἀθρόον

233 2040 285 2088 οἱ
328 2043 509 2110 πρώην
548 2037 753 2101 ἀσεϐεῖς
799 2037 978 2090 ἐκεῖνοι
1015 2043 1104 2090 καὶ
1142 2040 1381 2091 ἄπιστοι·
1428 2047 1562 2093 Θεοῦ
1603 2036 1662 2091 δε
1694 2047 1847 2092 τοῦτο

226 2130 442 2187 πάντως
496 2135 589 2179 τοῦ
644 2124 984 2190 παιδεύοντος
1038 2129 1306 2200 ἄνθρωπον
1358 2138 1552 2200 γνῶσιν
1614 2134 1702 2181 καὶ
1756 2136 1847 2190 τῆς

226 2215 435 2269 ἐκείνου
497 2222 612 2291 περὶ
669 2221 753 2269 τόν
814 2216 1098 2290 Ἀϐριὶμιον
1162 2219 1406 2291 χάριτος·
1501 2220 1848 2290 συναχθέντες

226 2303 320 2358 οὖν
384 2308 569 2366 πάντες
620 2308 669 2359 οἱ
706 2311 801 2365 τήν
844 2312 1024 2378 κώμην
1066 2307 1261 2364 ἐκείνην
1305 2307 1583 2372 οἰκοῦντες,
1632 2312 1723 2360 καὶ
1762 2308 1847 2360 οἶα

219 2397 369 2456 εἰκός
426 2395 475 2447 ἐν
540 2405 812 2469 συναγωγῇ
866 2395 1095 2458 πλήθους
1147 2396 1355 2467 ὁμιλίας
1408 2416 1462 2449 τε
1516 2396 1709 2459 πολλῆς
1755 2402 1845 2449 καὶ

214 2484 399 2555 λόγων
450 2487 701 2536 πάντοθεν
749 2488 1062 2557 κινουμένων
1100 2488 1164 2537 τὰ
1214 2494 1306 2537 τοῦ
1351 2482 1539 2558 ἀνδρὸς
1590 2486 1656 2546 εἰς
1685 2490 1842 2559 μέσον

214 2581 522 2646 παρήγετο,
568 2579 657 2626 καὶ
717 2576 893 2646 θαῦμα
940 2577 1031 2636 τάς
1083 2574 1321 2627 ἁπάντων
1371 2573 1593 2647 ἐπλήρου
1632 2574 1838 2646 ψυχὰς,

214 2669 311 2715 καὶ
368 2660 556 2724 δεινῶς
602 2665 700 2715 ύπό
750 2672 844 2724 τῆς
892 2661 1175 2726 ἐκπλήξεως
1226 2662 1587 2736 ἀπορούμενοι·
1636 2662 1837 2738 Ὁρᾶτε,

212 2756 359 2826 πρὸς
405 2750 652 2814 ἀλλήλους
694 2752 881 2823 ἔλεγον,
928 2754 1014 2805 οἶα
1057 2755 1190 2805 κατά
1237 2760 1327 2805 τοῦ
1378 2752 1666 2828 Ἀϐραμίου
1715 2755 1839 2825 ἡμῖν

218 2845 513 2915 εἴργασται
546 2843 559 2896 Ξ
596 2843 622 2893 ὀ
672 2839 732 2895 δὲ
759 2845 887 2915 πρός
928 2844 1067 2915 ἡμᾶς
1112 2843 1251 2905 ὅπως
1295 2851 1547 2916 χρηστῶς
1595 2845 1707 2915 ἔχει
1755 2847 1839 2894 καὶ

220 2933 629 3004 φιλανθρώπως,
677 2936 766 2983 καὶ
816 2932 929 3004 μεθ’
982 2933 1109 2993 ὅσης
1159 2930 1425 3003 εὐψυχίας
1475 2936 1564 2984 καὶ
1612 2936 1836 3004 γενναιό-

219 3040 397 3083 τητος
446 3025 540 3079 τήν
600 3023 865 3079 τοσαύτην
918 3022 1199 3093 ὑπήνεγκεν
1261 3020 1508 3095 ἐπιφορὰν
1564 3029 1663 3073 τῶν
1736 3017 1843 3074 δει-

219 3119 325 3161 νῶν
366 3112 625 3175 ;ῐῐοὶντως
673 3110 717 3161 εἰ
755 3114 826 3181 μή
883 3130 962 3172 τις
1008 3111 1068 3168 ἧν
1118 3113 1248 3171 Θεός
1286 3107 1461 3171 ἀΐδιος
1517 3109 1722 3172 ἀληθῶς
1750 3116 1840 3163 καὶ

224 3198 501 3259 ἀθάνατος
551 3196 698 3260 ἀξίας
742 3206 841 3251 τῶν
892 3203 1057 3251 πόνων
1110 3204 1199 3251 καὶ
1250 3198 1473 3271 ἀμοιϐὰς
1524 3196 1842 3253 ἀποδιδόναι

225 3286 549 3359 δυνάμενος,
599 3288 693 3340 ούκ
748 3290 809 3339 ἄν
857 3288 1173 3347 τηλικαύτην
1219 3285 1293 3341 δι’
1364 3290 1520 3342 αύτόν
1581 3291 1842 3361 ὑπομονήν

225 3373 561 3439 ἐπεδείξατο.
633 3381 732 3429 Καὶ
785 3379 847 3428 τὰ
921 3378 1042 3429 θεῶν
1108 3373 1167 3430 δε
1242 3379 1499 3452 ἡμετέρων
1567 3376 1844 3450 ἀγάλματα

226 3463 407 3519 εἰδετε
470 3468 535 3525 ὡς
600 3464 822 3523 ἀπονητὶ
889 3467 1059 3517 πάντα
1107 3470 1196 3518 καὶ
1261 3463 1461 3540 ῥᾳδίως
1525 3466 1844 3541 κατέστρεψε

223 3560 322 3606 καὶ
354 3550 529 3614 οὐδεὶς
555 3549 795 3612 ἠδυνήθη
828 3562 927 3605 τῶν
965 3557 1209 3607 τοιούτων
1242 3556 1364 3607 θεῶν
1408 3553 1532 3609 ούδε
1561 3557 1655 3608 κᾶν
1688 3556 1843 3618 αὐτὸς

226 3645 409 3713 ἑαυτῷ
436 3642 692 3715 ἐπαμῦναι
732 3648 825 3701 τήν
853 3642 1035 3716 ύϐριν;

303 3733 407 3786 18⁸.

230 3826 373 3882 Θεὸς
419 3817 477 3873 δὲ
524 3820 661 3881 τέλος
690 3829 802 3883 τοῖς
853 3822 1087 3895 ῥήμασιν
1140 3819 1355 3879 ἐπέθηκε
1408 3818 1597 3893 δεξιόν,
1633 3829 1718 3875 καὶ
1756 3826 1842 3884 τὰς

500 3739 679 3785 Ταῦτα
741 3731 923 3784 ἐκεῖνοι
997 3736 1088 3804 μὲν
1151 3735 1277 3805 πρὸς
1346 3732 1597 3795 ἀλλήλους
1649 3733 1840 3806 ἔλεγον,

230 3910 425 3982 ψυχὰς
506 3910 655 3971 εὐθὺς
732 3906 1211 3983 διαθερμανθέντες·
1288 3916 1437 3963 Δεῦτε
1505 3914 1709 3975 πάντες,
1770 3920 1841 3983 τῷ

228 4007 467 4073 χρηστῷ
522 3995 675 4070 ἀνδρὶ
731 4002 896 4069 τούτῳ
943 4004 1342 4074 προσπέσωμεν,
1400 3998 1559 4065 εἶπον,
1602 4004 1841 4074 συνθέμε-

228 4109 314 4141 νοι
385 4097 456 4158 τῷ
506 4086 591 4139 ὑπ’
633 4087 791 4140 αύτοῦ
845 4091 1222 4161 κηρυσσομένῳ
1275 4096 1408 4160 Θεῷ.
1459 4095 1558 4142 Καὶ
1607 4090 1717 4163 ἅμα
1771 4099 1841 4160 τῷ

229 4178 380 4249 λόγῳ
421 4181 797 4248 συντρέχουσιν
851 4176 1044 4229 αὐτίκα
1107 4181 1240 4247 πρὸς
1289 4182 1373 4230 τόν
1418 4182 1556 4243 ναόν,
1608 4181 1840 4250 καθάπερ

233 4270 341 4318 ὑπὸ
399 4271 500 4338 μιᾷ
658 4265 859 4339 γλώττῃ
917 4270 1007 4319 καὶ
1165 4266 1319 4338 ψυχῇ
1372 4269 1669 4340 κράζοντες.
1714 4268 1844 4331 Δόξα

243 4375 350 4421 σοι,
399 4364 472 4425 τῷ
514 4354 772 4426 πέμψαντι
831 4359 918 4408 τόν
974 4352 1157 4408 δοῦλον
1203 4356 1363 4408 αὑτοῦ
1403 4356 1687 4431 Ἀϐροίμιον
1729 4365 1843 4428 Θεῷ

1960 1862 2016 1915 in
2052 1860 2247 1933 ipsum
2292 1862 2489 1917 ﬂoruit
2534 1862 2663 1933 ejus
2705 1861 3115 1917 sanctiﬁcatio.
3161 1864 3308 1916 Nam
3350 1876 3488 1915 cum
3528 1876 3620 1915 re-

1960 1955 2133 2020 pente
2161 1951 2577 2007 convenissent
2600 1950 2698 2017 illi,
2734 1951 2836 2022 qui
2861 1966 3053 2022 nuper
3078 1955 3246 2005 erant
3267 1948 3425 2020 impii
3451 1954 3506 2003 et
3532 1950 3623 2004 in-

1960 2038 2163 2094 ﬁdeles
2195 2040 2304 2111 (est
2334 2046 2531 2096 autem
2555 2041 2668 2096 hoc
2699 2041 2797 2097 Dei
2827 2040 3095 2109 omnino,
3123 2038 3620 2112 quidocethomi-

1958 2143 2094 2182 nem
2144 2128 2476 2197 scientiam,
2531 2136 2587 2185 et
2645 2131 2798 2186 illius
2854 2130 3056 2199 gratim
3108 2130 3168 2184 in
3220 2127 3617 2194 Abramium),

1956 2232 2287 2291 omnesque
2313 2220 2416 2291 qui
2441 2218 2608 2276 illum
2642 2220 2838 2276 vicum
2871 2218 3239 2283 habitabant,
3275 2217 3622 2286 congregati

1955 2311 2168 2374 essent,
2194 2314 2267 2373 et,
2285 2314 2445 2364 utest
2462 2315 2929 2365 consentaneum
2951 2310 3008 2364 in
3025 2314 3179 2365 coetu
3196 2306 3618 2372 multitudinis,

1954 2411 2260 2452 sermones
2299 2399 2463 2454 omni
2494 2415 2566 2454 ex
2596 2405 2764 2471 parte
2798 2399 3181 2463 haberentur,
3223 2414 3315 2453 res
3357 2396 3621 2452 Abramii

1953 2484 2010 2539 in
2042 2486 2308 2542 medium
2339 2488 2773 2556 adducebatur,
2808 2495 2864 2545 et
2892 2489 3164 2544 omnium
3196 2486 3380 2543 animi
3415 2485 3619 2558 imple-

1950 2572 2173 2629 bantur
2187 2575 2607 2631 admiratione.
2637 2581 2837 2649 ltaque
2859 2593 3133 2646 cumpraa
3150 2582 3391 2647 stupore
3416 2576 3474 2630 in
3497 2591 3618 2632 ma-

1950 2677 2133 2731 gnam
2163 2663 2405 2719 adducti
2436 2670 2634 2720 essent
2665 2666 3103 2721 dubitationem
3138 2682 3149 2719 :
3188 2665 3426 2729 Videtis,
3459 2665 3620 2720 dice-

1949 2750 2097 2807 bant
2136 2752 2284 2807 inter
2332 2769 2393 2807 se
2423 2753 2703 2819 invicem,
2748 2754 2954 2826 qualia
2989 2770 3025 2809 a
3061 2754 3235 2809 nobis
3278 2754 3433 2808 facta
3481 2759 3621 2807 sunt

1949 2840 2235 2896 adversus
2266 2840 2617 2898 Abramium
2652 2858 2664 2897 :
2703 2842 2796 2898 ille
2829 2848 3028 2897 autem
3062 2858 3246 2914 quam
3278 2841 3535 2910 benigne
3565 2846 3621 2896 et

1950 2928 2269 2986 clementer
2300 2930 2361 2987 in
2390 2947 2497 2986 nos
2531 2947 2593 2986 se
2628 2930 2795 3001 gerit,
2827 2948 3133 3004 quamque
3168 2931 3389 2987 fortiter
3419 2948 3487 2987 ac
3521 2947 3618 3000 ge-

1950 3035 2158 3075 nerose
2192 3020 2318 3076 tulit
2352 3021 2529 3087 mala,
2562 3038 2697 3093 quas
2730 3026 2870 3077 sunt
2899 3021 2951 3076 ei
2976 3021 3140 3077 illata
3162 3022 3191 3075 ?
3218 3020 3474 3077 Omnino
3502 3020 3618 3076 nisi

1878 3100 1919 3158 (ἶ
1951 3115 2104 3165 esset
2135 3126 2269 3165 vere
2300 3112 2451 3165 Deus
2486 3110 2703 3181 aliquis
2732 3116 2988 3167 aeternus
3028 3117 3083 3165 et
3113 3110 3478 3170 immortalis.
3512 3110 3619 3183 qui

1953 3204 2147 3270 potest
2165 3215 2273 3270 pro
2293 3199 2567 3255 laborum
2585 3200 2807 3255 meritis
2826 3200 3066 3256 reddere
3083 3200 3615 3267 remunerationes,

1954 3302 2076 3342 non
2105 3289 2461 3344 ostendisset
2486 3296 2711 3345 tantam
2735 3306 2846 3362 pro
2873 3290 3003 3362 ipso
3024 3288 3417 3344 tolerantiam.
3440 3290 3618 3344 Porro

1952 3382 2153 3433 autem
2172 3377 2424 3433 deorum
2441 3384 2786 3434 nostrorum
2801 3379 3094 3449 imagines
3110 3376 3320 3433 videtis
3338 3394 3525 3449 quam
3540 3376 3616 3431 fa-

1951 3465 2061 3521 cile
2093 3471 2149 3521 et
2178 3467 2324 3523 citra
2353 3466 2538 3522 ullum
2569 3467 2841 3523 laborem
2871 3468 3099 3533 evertit,
3134 3482 3327 3538 neque
3360 3466 3513 3522 ullus
3545 3482 3617 3523 ex

1951 3554 2021 3610 iis
2052 3554 2165 3611 diis
2200 3556 2389 3627 potuit
2416 3574 2451 3612 a
2484 3573 2544 3611 se
2570 3555 2923 3628 propulsare
2956 3556 3237 3625 injuriam
3269 3556 3296 3611 ?

2023 3730 2127 3787 ΧΗ.
2165 3733 2292 3787 Haec
2318 3731 2399 3786 illi
2429 3730 2673 3804 quidem
2708 3732 2857 3787 inter
2888 3747 2948 3786 se
2980 3731 3279 3787 dicebant.
3324 3735 3476 3787 Deus
3512 3748 3618 3787 au-

1953 3826 2071 3876 tem
2102 3820 2303 3875 verbis
2336 3820 2518 3875 ﬁnem
2546 3820 2838 3890 imposuit
2868 3821 3343 3875 convenientem.
3379 3821 3419 3874 li
3453 3821 3615 3876 enim

1953 3911 2224 3983 protinus
2256 3910 2476 3965 incitati
2509 3909 2743 3975 animis,
2775 3909 3054 3964 dixerunt
3084 3926 3096 3963 :
3124 3909 3337 3964 Adeste
3378 3924 3613 3977 omnes,

1952 4000 2028 4056 ad
2053 4000 2235 4071 hujus
2254 4000 2396 4055 boni
2415 3999 2520 4054 viri
2536 4014 2730 4072 genua
2747 3998 3147 4072 procidamus,
3170 3997 3611 4054 consentientes

1955 4092 2090 4158 Deo,
2122 4089 2224 4161 qui
2255 4089 2332 4145 ab
2364 4088 2496 4160 ipso
2531 4089 2907 4161 praedicatur.
2943 4090 3081 4153 Quae
3113 4088 3291 4143 simul
3319 4093 3495 4160 atque
3522 4088 3611 4143 di-

1952 4178 2199 4246 xissent,
2216 4180 2863 4250 concurruntprotinus
2885 4176 2965 4232 ad
2989 4177 3298 4248 templum,
3323 4182 3609 4250 tanquam

1954 4283 2074 4322 una
2111 4268 2318 4336 lingua
2359 4272 2416 4323 et
2456 4268 2661 4323 anima
2702 4266 3066 4322 clamantes:
3113 4267 3307 4321 Gloria
3348 4266 3452 4322 tibi
3493 4270 3609 4323 Deo

1953 4355 2103 4427 coeli,
2134 4357 2235 4429 qui
2266 4356 2474 4411 misisti
2509 4372 2749 4411 servum
2793 4363 2950 4410 tuum
2990 4356 3361 4422 Abramium,
3404 4361 3463 4411 ut
3500 4372 3610 4412 nos

236 4453 332 4497 τοῦ
385 4444 623 4515 ούρανοῦ·
665 4443 848 4506 ἐξελεῖν
898 4447 1036 4514 ἡμᾶς
1080 4449 1173 4503 τὴν
1221 4454 1321 4497 τῶν
1353 4442 1575 4498 εἰδώλων
1607 4445 1831 4517 ἀχλύος.

1957 4461 1989 4501 a
2020 4446 2479 4501 simulacrorum
2520 4445 2799 4500 liberaret
2830 4444 3103 4513 caligine.
3150 4444 3319 4510 Quod
3361 4445 3608 4518 quidem

233 4540 396 4608 Ὅπερ
446 4534 473 4585 ὀ
520 4536 774 4606 μακάριος
821 4534 1010 4595 ἐκεῖνος
1050 4535 1172 4609 παρ’
1230 4530 1417 4586 ἐλπίδα
1463 4541 1637 4587 πᾶσαν
1694 4531 1838 4600 ἰδὼν,

239 4628 329 4675 καί
368 4642 504 4684 τινος
543 4621 741 4695 ἀφάτου
778 4627 873 4680 τήν
903 4619 1127 4696 καρδίαν
1176 4623 1463 4695 πληρωθεὶς
1497 4623 1838 4697 εὐφροσύνης,

242 4710 469 4783 ἁρπάζει
542 4719 877 4784 παραχρῆμα
950 4714 1036 4763 τόν
1112 4715 1291 4786 καιρόν
1369 4717 1504 4764 καῖ’
1548 4712 1617 4765 *Ω
1690 4718 1843 4766 πατέ-

244 4819 326 4872 ρες
382 4798 431 4852 ἓν
480 4805 671 4873 Κυρίῳ,
725 4805 814 4851 καὶ
863 4804 1032 4867 τέκνα,
1065 4805 1153 4852 καὶ
1188 4797 1421 4873 ἀδελφοὶ,
1467 4806 1618 4872 φησὶ,
1670 4798 1837 4864 δεῦτε,

244 4897 386 4944 κοινῆ
465 4885 739 4960 ἀποδῶμεν
820 4884 977 4951 δόξαν
1052 4894 1158 4960 Θεῷ
1210 4897 1283 4959 τῷ
1343 4892 1651 4961 θαυμαστῶς
1707 4892 1841 4943 οὕτω

244 4984 330 5029 καὶ
373 4976 679 5051 ἀποῤῥήτως
728 4979 795 5029 τά
834 4986 927 5039 τῆς
974 4976 1162 5049 ψυχῆς
1214 4980 1355 5049 ὑμῶν
1414 4983 1695 5049 φωτίσαντι
1750 4979 1841 5051 ὃμ-

244 5085 399 5136 ματα,
494 5071 583 5118 καὶ
666 5064 845 5119 λάϐετε
922 5070 1017 5125 τήν
1102 5063 1342 5139 σφαγῖδα
1382 5074 1471 5119 τοῦ
1526 5070 1837 5139 Πνεύματος

244 5156 542 5228 προσ-ἔλθετε
612 5158 743 5227 πρὸς
814 5155 990 5218 αὐτόν,
1066 5160 1154 5208 καὶ
1214 5157 1531 5228 φωτίσθητε,
1614 5161 1701 5209 καὶ
1779 5160 1843 5210 τά

245 5250 496 5318 πρόσωπα
547 5246 692 5318 ὑμῶν
750 5244 810 5297 ού
866 5249 939 5315 μή
1017 5247 1410 5318 καταισχυνθῇ.
1460 5248 1671 5308 Τούτοις
1736 5255 1841 5309 τοῖς

243 5333 409 5405 λόγοις
454 5339 544 5388 καὶ
610 5338 704 5392 τήν
772 5340 869 5395 τῆς
915 5338 1136 5395 πίστεως
1184 5339 1405 5407 συνείρει
1463 5331 1832 5401 διδασκαλίαν,

246 5428 327 5476 καὶ
367 5426 501 5483 ὅπως
542 5426 653 5495 χρὴ
708 5424 971 5476 πιστεύειν
1012 5419 1303 5488 διεξελθὼν,
1349 5431 1443 5486 τῆς
1491 5420 1584 5477 διὰ
1612 5432 1701 5477 τοῦ
1741 5423 1838 5497 βα.

1954 4551 2089 4590 cum
2115 4534 2207 4590 ille
2225 4536 2433 4591 beatus
2450 4535 2694 4591 vidisset
2714 4540 3176 4607 praeteromnem
3193 4551 3384 4606 spem,
3406 4534 3609 4591 ineffa-

1952 4624 2053 4679 bili
2084 4623 2142 4679 in
2178 4624 2355 4679 corde
2383 4624 2641 4696 repletus
2667 4624 2893 4687 laetitia,
2921 4630 3164 4694 repente
3197 4629 3432 4695 tempus
3462 4640 3611 4696 quo-

1951 4730 2068 4786 que
2108 4713 2333 4785 arripit,
2376 4719 2431 4769 et
2475 4736 2486 4766 :
2549 4715 2591 4770 0
2637 4718 2833 4784 patres
2876 4713 2934 4767 in
2978 4714 3250 4784 Domino,
3293 4718 3349 4767 et
3386 4712 3512 4784 ﬁlii,
3552 4718 3608 4770 et

1953 4802 2179 4867 fratres,
2213 4803 2421 4874 inquit,
2451 4802 2675 4865 adeste,
2705 4808 2761 4856 et
2790 4805 2905 4856 Deo
2933 4801 3108 4856 simul
3129 4802 3456 4857 reddamus
3484 4802 3608 4873 glo-

1952 4892 2121 4956 riam,
2160 4893 2261 4965 qui
2296 4897 2415 4947 tam
2446 4891 2871 4948 admirabiliter
2911 4895 2966 4946 et
2995 4906 3210 4946 arcane
3252 4890 3607 4947 illuminavit

1950 4985 2180 5036 vestros
2211 4981 2422 5036 animas
2446 4980 2652 5036 oculos
2679 4999 2690 5039 :
2722 4985 2777 5035 et
2808 4978 3056 5051 accipite
3084 4978 3462 5048 signaculum
3491 4979 3608 5051 spi-

1951 5069 2114 5124 ritus.
2146 5068 2420 5125 Accedite
2444 5069 2520 5125 ad
2545 5067 2768 5141 ipsum,
2797 5074 2852 5123 et
2877 5067 3291 5123 illuminamini
3316 5084 3327 5121 :
3354 5072 3410 5122 et
3428 5067 3605 5122 vestri

1950 5157 2143 5213 vultus
2171 5157 2399 5229 pudore
2423 5174 2807 5230 nequaquam
2833 5156 3165 5212 afﬁcientur
3188 5157 3253 5209 *5.
3283 5156 3378 5211 His
3401 5154 3602 5212 verbis

1950 5247 2257 5317 conjungit
2285 5247 2462 5303 etiam
2495 5246 2827 5303 doctrinam
2862 5246 3137 5301 veritatis.
3168 5249 3231 5301 Et
3262 5262 3419 5311 cum,
3451 5261 3605 5317 quo-

1949 5336 2132 5391 modo
2154 5336 2393 5391 credere
2407 5342 2698 5407 oporteat,
2722 5334 2916 5390 verbis
2938 5344 3087 5389 esset
3106 5340 3477 5407 persecutus,
3503 5350 3603 5391 eos

1948 5424 2007 5479 in
2022 5424 2275 5482 ﬁliorum
2294 5426 2676 5498 adoptionem
2695 5424 2928 5480 asciscit
2942 5440 3046 5497 per
3065 5424 3443 5499 baptismum,
3462 5441 3599 5481 cum

316 5620 359 5655 ¹⁶
396 5618 547 5677 Psal.
576 5633 769 5690 (mni,
799 5618 889 5687 77,
922 5622 979 5677 et
1009 5618 1151 5679 alibi
1183 5618 1430 5693 passim.
1464 5621 1511 5657 η
1584 5619 1737 5677 Psal.
1772 5636 1975 5688 χχχιιι,
2009 5626 2059 5678 6.
