4062 6222
478 329 549 384 59
1830 324 2090 382 MENSIS
2130 325 2467 385 MARTIUS.
2688 282 2691 285 Ι
3772 334 3844 389 60

480 459 679 509 essent
704 468 955 509 numero
977 452 1134 509 circa
1160 452 1338 511 mille.
1372 456 1436 511 Et
1458 453 1736 527 deinceps
1757 458 1883 510 erat
1917 452 2084 510 multi

2245 459 2531 527 πτίσματος
2562 456 2745 518 αὐτούς
2775 458 3039 518 υἱοθεσίας
3062 456 3299 521 καταξιοί
3336 461 3455 533 περί
3488 477 3586 511 που
3635 458 3844 532 χιλίους

477 543 538 599 in
564 543 648 599 eis
676 542 939 615 quotidie
970 542 1369 599 admonendis
1394 548 1450 599 et
1479 544 1787 600 docendis.
1824 543 1905 599 Illi
1932 548 2081 599 autei

2243 546 2328 595 τόν
2383 544 2598 620 ἀριθμόν
2642 548 2997 619 ὑπάρχοντας-
3056 551 3145 599 καὶ
3187 550 3242 599 τὸ
3300 545 3390 598 ἀπ’
3442 546 3633 601 ἐκείνου
3686 551 3844 611 πολύς

479 640 770 704 tanquam
799 632 963 688 bona
993 636 1165 697 terra,
1206 637 1263 688 et
1294 634 1553 703 pinguis,
1587 638 1642 688 et
1680 633 1851 705 aquis
1881 632 2083 700 irriguz

2243 628 2303 689 ήν
2333 644 2593 708 παραινῶν
2620 635 2735 687 καθ’
2768 636 3012 701 ἑκάστην,
3056 641 3143 687 καὶ
3185 632 3458 688 διδάσκων
3503 636 3711 705 αύτούς,
3755 643 3845 691 καὶ

476 722 864 779 reddiderunt
884 721 1108 777 fructus
1140 722 1561 794 multiplicatos
1583 722 1925 778 divinorum
1954 738 2077 777 sem

2243 718 2623 795 διαλεγόμενος.
2673 728 2738 776 0i
2771 722 2850 788 δὲ,
2898 727 3072 797 ῶσπερ
3107 724 3276 795 ἀγαθή
3328 745 3400 785 τις
3452 734 3540 797 γῆ,
3572 731 3660 778 καὶ
3692 732 3841 795 πίων,

476 827 643 866 num.
678 813 867 883 Atque
898 826 1094 867 annus
1125 812 1371 883 quidem
1413 812 1471 867 in
1512 812 1603 868 his
1629 816 2023 884 consumptus
2053 827 2080 867 a

2241 816 2329 863 xui
2358 810 2484 865 εὕυδ
2486 834 2590 883 ρος,
2636 813 3048 874 πολλαπλασίους
3078 822 3176 865 τῶν
3215 816 3357 866 θείων
3386 817 3693 887 σπερμάτων
3728 820 3843 877 τοὺς

475 899 780 956 Abramio.
2241 905 2467 973 καρπούς
2516 899 2864 957 ἀπεδίδοσαν.
2914 902 3176 957 Ἐνιαυτόν
3220 906 3310 975 μὲν
3344 899 3431 955 οὖν
3471 902 3519 956 ἐν
3550 908 3748 967 τούτοις
3772 914 3845 977 τῷ

2241 989 2508 1063 Ἀϐραμίῳ
2539 993 2741 1051 ἠνύετο.

544 1062 676 1118 XIII.
711 1062 927 1118 Deinde
952 1062 1189 1133 timens,
1220 1078 1315 1129 ne,
1348 1062 1495 1119 dum
1526 1062 1586 1117 in
1617 1060 1723 1117 vici
1748 1061 1902 1117 curis
1933 1077 2129 1117 versa-

2459 1060 2682 1134 ’Έπειτα
2734 1078 2913 1141 δείσας
2958 1086 3028 1153 μή
3081 1080 3129 1133 ἐν
3181 1086 3316 1154 μέσῃ
3368 1101 3519 1153 κωμη
3574 1088 3664 1135 καὶ
3695 1103 3845 1156 φρον-

472 1156 632 1210 retur
661 1156 717 1207 et
740 1151 1111 1216 tumultibus,
1142 1151 1254 1207 sibi
1281 1152 1482 1225 aliqua
1513 1168 1573 1208 re
1606 1150 1932 1223 indulgeret
1963 1166 2032 1205 ex
2061 1150 2076 1205 i

2240 1174 2353 1221 τίσι
2408 1175 2497 1222 καὶ
2552 1170 2789 1242 θορύϐοις
2844 1150 3191 1245 στρεφόμενος.
3236 1150 3551 1245 προσηλωθῇ
3598 1150 3844 1225 nun-raw

472 1257 608 1313 qua:
634 1241 712 1297 ad
741 1241 963 1297 victum
982 1242 1273 1313 pertinent
1300 1263 1312 1297 :
1341 1242 1740 1313 cumquejam
1763 1241 1985 1295 videret
2003 1255 2076 1310 gr

2244 1256 2524 1330 βιωτικῶν,
2576 1259 2736 1319 ὁᾶλως
2786 1255 2844 1312 δὲ
2874 1264 2963 1312 καὶ
3014 1264 3107 1317 τήν
3148 1264 3369 1333 ποίμνην
3402 1257 3508 1319 ἤδη
3542 1268 3652 1321 ταῖς
3685 1263 3848 1323 θείαις

472 1346 609 1401 gem
636 1331 964 1402 perfectum
995 1336 1051 1386 et
1082 1330 1425 1386 absolutum
1458 1332 1516 1386 in
1549 1330 1768 1385 divinis
1802 1328 2068 1385 mandati

2242 1345 2468 1409 ἐντολαῖς
2550 1353 2966 1421 κατηρτισμένην
3048 1346 3192 1414 ὶδων,
3265 1349 3334 1412 εἰς
3422 1355 3510 1408 τήν
3593 1355 3845 1422 προτέραν

476 1419 677 1475 statuit
706 1420 784 1475 ad
810 1420 1067 1491 priorem
1094 1420 1302 1476 reverti
1331 1419 1740 1475 solitudinem.
1772 1419 1917 1473 Cum
1950 1422 2080 1473 nocl

2244 1439 2369 1507 ἔγνω
2443 1442 2533 1489 καὶ
2601 1438 2754 1490 πάλιν
2834 1438 3120 1491 ἐπανελθεῖν
3178 1437 3417 1511 ἐρημίαν.
3486 1443 3686 1502 Νυκτὸς
3740 1460 3848 1493 τοι-

473 1508 675 1580 itaque
707 1509 1074 1573 surrexisset,
1108 1509 1345 1565 dicebat
1380 1526 1392 1563 :
1432 1509 1696 1573 Domine,
1738 1508 1839 1579 qui
1873 1524 1936 1562 es
1967 1506 2077 1563 solt

2244 1506 2434 1599 yupouv
2484 1526 2733 1589 ἀναστάςο
2807 1531 2961 1602 Κύριε
3018 1530 3043 1580 6
3110 1506 3283 1599 udae;-
3324 1526 3541 1600 ἀγαθός,
3600 1530 3625 1581 6
3695 1533 3848 1601 μόνος

475 1596 691 1666 bonus,
716 1598 817 1669 qui
849 1598 1009 1653 solus
1035 1614 1096 1652 es
1118 1598 1435 1653 immemor
1461 1602 1719 1669 acceptas
1748 1596 2001 1667 injurias,
2026 1612 2079 1667 qi

2245 1614 2623 1687 ἀμνησίκακος,
2688 1616 2871 1689 ἔλεγεν,
2928 1619 2952 1669 ό
3002 1622 3087 1675 τὴν
3136 1618 3393 1671 νεόλεκτον
3448 1620 3642 1675 ταύτην
3704 1618 3847 1676 πλη-

474 1687 630 1741 hanc
644 1702 846 1742 recens
860 1686 1167 1742 collectam
1185 1687 1623 1742 multitudinem
1639 1685 1860 1741 solvisti
1882 1701 1917 1741 a
1932 1686 2078 1740 vinci

2246 1707 2335 1757 θύν
2371 1714 2469 1757 τῶν
2500 1714 2590 1758 τοῦ
2624 1704 2970 1776 ἀντικειμένου
3019 1706 3179 1768 λύσας
3206 1704 3434 1779 δεσμῶν,
3485 1712 3574 1759 καὶ
3628 1703 3721 1759 διὰ
3751 1716 3846 1768 τῆς

474 1774 544 1830 lis
561 1775 907 1838 adversarii,
928 1782 1099 1847 etper
1124 1792 1280 1844 eam,
1306 1792 1490 1847 quam
1517 1775 1575 1829 in
1606 1780 1657 1829 te
1684 1774 1922 1843 habent,
1949 1772 2078 1829 ﬁdei

2246 1794 2315 1854 εἰς
2362 1798 2418 1847 σε
2461 1800 2681 1857 πίστεως
2714 1797 2856 1864 πόθῷ
2908 1791 3189 1856 συνδείσας
3243 1804 3314 1865 τῷ
3349 1804 3423 1866 σῷ
3455 1794 3613 1856 αὐτὸς
3640 1795 3850 1849 ἐπιϐου-

476 1872 577 1921 tuo
604 1864 890 1935 colligasti
913 1864 1147 1919 vinculo
1170 1882 1181 1919 :
1201 1880 1489 1919 conserva
1508 1864 1666 1919 hunc
1686 1879 1938 1935 parvum
1964 1869 2080 1918 tuui

2244 1883 2352 1944 λαίς
2384 1881 2645 1957 δαιμόνων
2692 1884 2969 1949 ἀνάλωτον,
3010 1889 3068 1937 τό
3109 1889 3292 1957 μικρόν
3344 1904 3437 1937 σου
3483 1890 3628 1937 τουτὶ
3662 1891 3848 1944 συντή-

474 1969 712 2025 gregem
728 1954 1012 2009 invictum
1032 1953 1104 2009 ab
1118 1953 1346 2009 insidiis
1365 1954 1834 2018 daemonum,eos
1848 1957 2078 2024 tanqual

2244 1992 2405 2043 ρησον
2448 1979 2704 2046 ποίμνιον
2759 1983 2993 2045 τείχισον
3045 1974 3230 2036 αύτούς
3285 1976 3354 2036 ως
3392 1973 3530 2046 ὅπλῳ
3580 1982 3639 2046 τῇ
3681 1994 3842 2047 στεπη

474 2042 657 2098 armis
697 2042 861 2098 muni
904 2048 1003 2097 tua
1042 2042 1424 2114 protectione,
1458 2047 1514 2097 et
1543 2058 1679 2097 eum
1723 2040 1967 2111 accinge
2000 2040 2078 2095 for

2246 2083 2361 2129 σου,
2403 2068 2493 2115 καὶ
2546 2071 2607 2135 τῇ
2659 2069 2887 2137 κραταιᾴ
2938 2083 3030 2116 σου
3081 2060 3367 2135 δυναστείᾳ
3409 2063 3714 2136 περίξωσον·
3758 2064 3849 2117 εύ-

475 2136 577 2187 tua
599 2132 861 2203 potentia
885 2137 966 2186 :te
984 2137 1181 2186 autem
1204 2132 1533 2202 propitium
1547 2146 1657 2201 ego
1686 2146 1928 2201 quoque
1954 2132 2079 2184 mis:

2246 2161 2365 2225 μενῆ
2428 2149 2487 2205 δέ
2537 2170 2594 2204 σε
2651 2157 2738 2203 καὶ
2795 2153 2820 2202 6
2869 2151 3185 2227 ταλαίπωρος
3230 2151 3326 2222 ἐγὼ
3359 2152 3583 2226 εὕροιμι,
3634 2153 3716 2205 ὅτε
3758 2155 3850 2211 θή-

474 2220 796 2285 inveniam,
816 2219 1062 2290 quando
1078 2219 1371 2291 judicium
1391 2236 1576 2291 pones
1598 2220 1657 2274 in
1674 2235 1865 2291 spem,
1883 2224 1937 2274 et
1959 2220 2070 2273 mis

2247 2262 2355 2304 σεις
2411 2246 2583 2316 κρίσιν
2626 2241 2697 2301 εἰς
2749 2238 2940 2294 ἐλπίδα
2981 2245 3069 2293 καὶ
3098 2245 3189 2299 τήν
3238 2241 3585 2313 ἐλεημοσύνην
3636 2260 3729 2292 σου
3778 2240 3851 2299 εἰς

474 2309 794 2365 ricordiam
835 2317 999 2365 tuam
1038 2309 1096 2363 in
1141 2308 1393 2363 trutinis.
1443 2308 1529 2363 Ad
1572 2308 1797 2379 peccati
1840 2309 2078 2363 ratione:

2248 2334 2533 2404 σταθμούς
2576 2326 2741 2402 μηδὲν
2772 2330 3144 2404 ἁμαρτήματος
3187 2330 3323 2401 λόγῳ
3371 2338 3442 2401 τῷ
3489 2338 3586 2391 τῆς
3634 2330 3850 2399 ὑποχω-

476 2399 620 2454 nihil
652 2398 797 2454 mihi
836 2398 1163 2470 imputetur
1195 2414 1231 2452 a
1285 2403 1386 2453 tua
1425 2397 1793 2467 benignitate
1834 2398 1926 2453 hic
1959 2413 2080 2452 met

2243 2427 2440 2493 ρήσεως
2496 2424 2687 2480 ταύτης
2744 2422 2887 2492 παρὰ
2950 2427 3011 2492 τῇ
3077 2428 3142 2491 σῇ
3198 2426 3531 2492 χρηστότητι
3574 2418 3845 2490 λογισθείη

475 2504 762 2545 recessus.
790 2490 871 2544 Tu
902 2488 1062 2543 enim
1087 2503 1149 2542 es
1181 2486 1553 2543 occultorum
1594 2487 1884 2558 cognitor,
1918 2492 1973 2542 et
2003 2503 2079 2541 co

2248 2528 2352 2583 μοι’
2404 2514 2467 2561 σύ
2497 2512 2598 2581 γὰρ
2650 2511 2698 2561 εἶ
2740 2514 2975 2580 γνώστης
3006 2514 3233 2583 κρυφίων
3279 2514 3367 2560 καὶ
3416 2504 3647 2579 καρδιῶν
3680 2507 3852 2570 ἐξεταο

472 2578 639 2634 dium
666 2576 1061 2642 examinator,
1093 2582 1149 2632 et
1176 2582 1235 2632 tu
1266 2592 1297 2630 e
1332 2575 1660 2648 longinquo
1685 2576 2015 2645 cognovisti
2039 2592 2076 2631 c«

2248 2605 2391 2667 στής,
2452 2604 2540 2652 καὶ
2600 2603 2663 2651 σύ
2721 2607 2950 2658 συνῆκας
2999 2602 3119 2660 τοὺς
3165 2594 3542 2669 διαλογισμούς
3594 2617 3693 2669 μου
3743 2595 3849 2648 ἀπὸ

472 2667 786 2738 gitationes
818 2682 1008 2731 meas,
1050 2665 1213 2736 quod
1264 2669 1509 2737 propter
1561 2670 1613 2718 te
1644 2669 1700 2719 et
1752 2665 1829 2719 tui
1863 2680 2076 2720 amore.

2250 2691 2523 2762 μακρόθεν,
2575 2690 2652 2740 ὅτι
2702 2685 2796 2740 διὰ
2837 2691 2892 2741 σε
2922 2692 3010 2740 καὶ
3051 2691 3108 2739 τό
3166 2691 3254 2739 σόν
3283 2688 3490 2761 φίλτρον
3520 2692 3614 2744 τήν
3647 2683 3854 2745 ἀποδη-

473 2756 706 2827 suscepi
732 2757 885 2810 banc
908 2754 1438 2826 peregrinationem
1467 2770 1484 2811 :
1508 2760 1561 2807 et
1583 2769 1717 2808 ecce
1742 2769 1835 2808 me
1860 2753 2077 2807 SUbdllt

2244 2784 2368 2851 μίαν
2417 2781 2610 2836 ταύτην
2665 2777 2891 2848 εἱλόμην·
2952 2782 3041 2829 καὶ
3088 2787 3184 2829 τῶν
3240 2775 3502 2849 βιωτικῶς
3557 2772 3674 2828 ἰδού
3722 2779 3847 2828 πάν-

473 2844 550 2900 ab
582 2844 650 2899 iis
675 2844 980 2908 omnibus,
1010 2860 1147 2915 quas
1172 2842 1250 2897 ad
1282 2843 1498 2898 victum
1533 2842 1845 2914 pertinent,
1876 2858 1949 2897 ne
1978 2843 2025 2897 si
2057 2858 2077 2898 ε

2248 2889 2341 2921 των
2390 2867 2610 2939 ἐμαυτόν
2659 2867 2918 2938 ύπεξάγω,
2970 2872 3040 2937 μή
3093 2870 3191 2918 πού
3237 2886 3338 2918 τινι
3368 2868 3560 2918 τούτων
3600 2864 3685 2918 οἷα
3715 2885 3852 2918 σκο-

473 2932 700 3006 aliquid
723 2934 961 2999 horum,
979 2937 1269 3005 tanquam
1284 2931 1361 2986 ad
1386 2931 1702 3003 scopulum
1724 2932 2050 3003 impegero,
2076 2949 2077 2985 1

2250 2957 2381 3027 πέλῳ
2437 2956 2753 3031 προσράξας,
2806 2955 2853 3007 ἐν
2913 2955 3121 3027 πελάγει
3196 2960 3337 3027 μέσῳ
3407 2963 3504 3007 τῶν
3583 2964 3852 3027 κοσμικῶν

477 3023 677 3078 medio
695 3022 843 3076 mari
858 3037 1135 3076 curarum
1154 3019 1600 3076 mundanarum
1622 3020 1874 3075 subeam
1898 3020 2081 3075 naufr;

2248 3042 2533 3119 φροντίδων
2583 3047 2795 3098 ύποστώ
2847 3048 2932 3097 τόν
2980 3047 3248 3116 ναυάγιον.
3280 3040 3409 3115 Εἶχε
3437 3047 3527 3115 μεν
3583 3044 3669 3096 οὖν
3705 3044 3851 3115 αύτῷ

473 3112 661 3182 gium.
683 3113 872 3182 Atque
899 3110 981 3164 sic
1008 3110 1253 3182 quidem
1278 3110 1458 3164 ﬁnem
1481 3114 1837 3180 acceperunt
1859 3110 1987 3179 ejus
2011 3126 2077 3181 pr

2248 3135 2384 3196 τέλος
2440 3138 2505 3186 τὰ
2557 3143 2649 3196 τῆς
2695 3134 2878 3206 εὐχῆς,
2922 3139 3008 3186 καὶ
3042 3140 3155 3206 τρὶς
3184 3142 3255 3204 τῷ
3305 3130 3600 3204 Δεσποτικῷ
3647 3139 3851 3206 σημείῳ

474 3216 573 3257 ces
609 3216 621 3255 :
656 3204 880 3254 etcum
916 3202 1217 3254 Dominico
1249 3202 1421 3267 signo
1463 3202 1667 3253 vicum
1713 3202 2051 3263 muniisset,

2248 3230 2341 3282 τήν
2384 3230 2563 3297 κώμην
2613 3220 3015 3297 διασφραγίσας
3060 3228 3148 3275 καὶ
3198 3225 3391 3280 ταύτην
3441 3228 3547 3292 Θεῷ
3579 3224 3849 3297 παραθεὶς,

478 3306 616 3345 eum
649 3291 769 3345 Deo
796 3287 1298 3355 commendasset,
1333 3303 1394 3343 se
1420 3287 1757 3343 clanculum
1786 3286 2032 3359 proripit
2061 3304 2082 3343 ε

1952 3288 2032 3359 Pu
2061 3288 2137 3345 ad
2248 3310 2410 3385 ἐξόδῳ
2446 3286 2548 3366 ⁴τινὶ.
2577 3286 2802 3387 λαθραίά
2830 3313 3033 3366 κλέπτει
3060 3316 3152 3370 τήν
3178 3312 3545 3388 ὑποχώρησιν.

481 3394 810 3435 secessum.

548 3469 680 3524 XIV.
713 3468 880 3522 Mane
911 3482 1051 3537 ergo
1093 3480 1229 3521 cum
1277 3465 1352 3521 de
1394 3481 1557 3521 more
1598 3466 1901 3521 venissent
1942 3464 2133 3521 vicani

2318 3473 2411 3527 Μ’.
2458 3473 2646 3526 "Emesa
2692 3468 2779 3525 οὖν
2828 3476 2943 3533 τοὺς
2988 3481 3081 3532 τῆς
3129 3476 3303 3543 κώμης
3346 3473 3404 3523 τό
3462 3473 3731 3546 κυριακὸν,
3777 3472 3850 3533 ὡς

474 3559 550 3615 ad
577 3556 863 3629 templum
888 3555 1284 3621 Dominicum,
1312 3554 1863 3611 utbenedictionem
1884 3558 2078 3612 Pastor

2246 3566 2377 3627 ἔθος,
2429 3562 2831 3627 καταλαϐόντας,
2908 3564 3041 3614 ὥστε
3095 3568 3189 3622 τῆς
3242 3563 3384 3635 παρά
3434 3567 3524 3612 τοῦ
3604 3563 3849 3632 ποιμένος

474 3651 951 3718 assequereutur,
999 3661 1259 3718 cumque
1298 3660 1433 3700 eum
1469 3644 1550 3699 ibi
1590 3660 1711 3699 non
1752 3644 2078 3700 invenissen

2246 3653 2478 3724 εὐλογίας
2533 3650 2836 3716 ἀξιωθῆναι,
2894 3656 2983 3703 καὶ
3037 3658 3216 3701 τοῦτον
3260 3648 3308 3701 ἐν
3363 3650 3503 3719 αύτῷ
3556 3654 3625 3721 μή
3675 3650 3848 3723 εὗρόν-

471 3735 605 3791 illos
632 3734 1159 3799 invasitcont‘usio,
1186 3750 1524 3806 marorque
1542 3733 1798 3789 etanimi
1820 3734 2075 3805 aegritud‘

2245 3762 2350 3808 τας,
2410 3745 2681 3813 σύγχυσις
2729 3736 2859 3811 εἶχε,
2910 3745 2999 3792 καὶ
3047 3740 3207 3802 λύπη,
3252 3744 3340 3790 καὶ
3382 3736 3598 3809 ἀθυμία”
3639 3741 3844 3812 ἔρευναν

475 3826 622 3880 Eum
654 3824 835 3893 igitur
864 3824 1177 3893 diligenter
1205 3828 1501 3896 quaarunt,
1533 3839 1651 3878 non
1680 3839 1931 3894 parvam
1961 3828 2077 3878 terr

2242 3837 2410 3884 τοίνυν
2463 3840 2551 3882 τού
2608 3826 2797 3904 ἀνδρὸς
2854 3828 3040 3903 ἀκριϐῆ
3122 3830 3487 3900 ποιησάμενοι,
3569 3832 3717 3901 μέρος
3788 3846 3844 3880 τε

473 3918 701 3987 partem
731 3913 1041 3969 obeuntes.
1068 3912 1179 3969 Sed
1199 3912 1413 3967 reversi
1436 3912 1639 3967 vacuis
1657 3912 1963 3975 manibus,
1988 3928 2077 3967 θυι

2240 3928 2336 3992 γῆς
2384 3920 2477 3972 ούκ
2559 3918 2724 3990 ὀλίγον
2778 3921 2915 3969 κατά
2965 3918 3188 3978 ζήτησιν
3249 3915 3438 3969 ἐκείνου
3498 3915 3844 3988 περιελθόντες

474 4002 684 4059 calidis
717 4002 997 4071 lacrymis
1038 4002 1325 4057 accedunt
1359 4000 1434 4055 ad
1467 4000 1837 4072 episcopum,
1880 4007 1934 4056 et
1965 4017 2078 4073 apu

2241 4015 2327 4061 καὶ
2399 4017 2564 4068 κεναῖς
2648 4013 2834 4080 χερσὶν
2916 4006 3354 4077 ὑποστρέψαντες,
3454 4009 3845 4078 προσέρχονται

474 4108 613 4148 eum
644 4092 885 4155 deﬂent,
914 4108 975 4147 se
1008 4107 1139 4146 esse
1171 4091 1434 4161 privatos
1466 4106 1573 4145 suo
1602 4097 1861 4161 pastore.
1902 4090 1999 4145 Ille
2026 4107 2078 4145 a1

2240 4102 2365 4171 μετά
2413 4101 2609 4170 θερμῶν
2662 4094 2900 4170 δακρύων
2946 4106 3017 4166 τῷ
3062 4104 3154 4156 τῆς
3208 4094 3498 4155 ἐπισκοπῆς
3548 4102 3844 4168 προεστῶτι

475 4185 591 4236 tem
612 4182 911 4237 sauciatus
924 4179 1170 4251 paribus
1185 4178 1312 4234 telis
1323 4177 1714 4245 aegritudinis,
1735 4194 1873 4233 eum
1887 4194 2079 4251 quoqi:

2238 4192 2327 4239 xui
2380 4190 2471 4244 τὴν
2526 4193 2617 4238 τού
2674 4182 2811 4237 ἰδίου
2870 4189 3113 4255 ποιμένος
3187 4190 3430 4258 στέρησιν
3495 4186 3624 4255 πρὸς
3684 4182 3842 4233 αὐτόν

472 4269 685 4342 quaerit
712 4268 994 4323 similiter.
1025 4270 1346 4339 Postquam
1372 4282 1509 4322 vero
1536 4272 1591 4321 et
1617 4267 1742 4337 ipse
1765 4269 2040 4336 cognovit
2067 4285 2076 4320 ε

2242 4273 2611 4346 ἀποδύρονται.
2658 4274 2715 4325 Ὀ
2770 4270 2827 4326 δε
2866 4282 2971 4335 τοῖς
3000 4277 3135 4336 ἴσοις
3180 4281 3274 4333 τῆς
3305 4272 3530 4344 ἀθυμίας
3558 4277 3645 4323 καὶ
3686 4270 3846 4333 αὐτὸς

472 4372 544 4414 ea
583 4358 795 4425 facere,
836 4373 972 4429 quae
1010 4363 1176 4411 erant
1214 4356 1444 4411 inutilia
1482 4355 1629 4426 (tuto
1687 4356 1845 4410 enim
1889 4361 2076 4427 propti

2239 4367 2451 4438 τρωθεὶς
2507 4363 2730 4437 βέλεσιν,
2783 4366 2902 4421 ’ίσην
2950 4363 3109 4415 αὑτοῦ
3163 4370 3386 4415 ποιεῖται
3442 4367 3531 4413 καὶ
3592 4362 3837 4421 ζήτησιν.

474 4446 693 4520 quietis
726 4462 795 4503 ac
835 4445 1052 4502 silentii
1078 4445 1461 4517 cupiditatem
1504 4444 1727 4500 latebat
1758 4445 2077 4501 Abramius

2237 4455 2383 4506 Ἐπεὶ
2432 4450 2490 4505 δὲ
2542 4458 2631 4505 καὶ
2679 4454 2825 4514 οὗτος
2881 4451 3107 4509 ἀνήνυτα
3150 4455 3277 4523 ἔγνω
3315 4460 3480 4503 πονῶν
3539 4449 3841 4523 (ἐκρύπτετο

476 4542 634 4602 tunc,
668 4537 757 4591 sui
789 4535 926 4590 cleri
958 4541 1200 4606 accepta
1238 4538 1405 4606 parte
1445 4533 1665 4605 aliqua,
1704 4549 1841 4589 cum
1875 4534 2080 4589 venissl

2239 4546 2339 4618 γὰρ
2391 4542 2633 4614 ἀσφαλῶς
2696 4544 2947 4615 ἐπιθυμία
2995 4550 3085 4593 τού
3145 4551 3239 4603 τῆς
3287 4544 3520 4612 ἡσυχίας
3572 4538 3729 4590 καλοῦ
3815 4539 3843 4589 6

475 4626 553 4682 ad
584 4625 801 4689 vicum,
844 4625 1105 4696 primum
1146 4623 1388 4695 quidem
1426 4622 1658 4677 illorum
1702 4624 1939 4678 animos
1984 4632 2074 4678 sat

2242 4631 2565 4703 Ἀϐράμιος),
2616 4636 2764 4705 μέρος
2822 4639 2911 4683 τού
2965 4632 3050 4682 ὑπ’
3106 4632 3259 4682 αὐτόν
3308 4630 3500 4704 κλήρου
3554 4636 3845 4687 τηνικαῦτα

476 4714 839 4781 consolatur,
872 4713 974 4784 qui
1007 4728 1160 4781 aegre
1191 4712 1459 4767 ferebant
1485 4711 1737 4783 pastoris
1773 4712 2080 4769 absentian

2242 4720 2548 4796 παραλαϐὼν
2610 4726 2699 4772 καὶ
2767 4720 2832 4779 εἰς
2914 4724 3006 4777 τήν
3066 4725 3241 4790 κώμην
3302 4724 3580 4791 γενόμενος,
3658 4725 3846 4789 πρῶτα

474 4803 695 4860 Deinde
718 4819 854 4857 cum
874 4818 973 4858 eos
996 4800 1289 4871 elegisset,
1311 4801 1413 4873 qui
1437 4801 1830 4857 erantvirtute
1846 4802 2078 4871 insignit

2241 4814 2327 4883 μὲν
2388 4813 2567 4870 ἱκανῶς
2619 4811 3004 4883 παραμυθεῖται
3069 4811 3157 4869 τὰς
3205 4807 3404 4861 ἐκείνων
3460 4808 3647 4880 ψυχὰς
3716 4803 3845 4858 ὀδυ-

471 4908 567 4949 res
593 4890 837 4947 :etalios
850 4891 1097 4963 quidem
1120 4890 1523 4962 presbyteros,
1541 4889 1691 4945 alios
1712 4896 1909 4947 autem
1930 4891 2075 4947 diac«

2238 4920 2405 4972 νηρως
2461 4901 2591 4971 ἄγαν
2654 4900 2878 4969 ἐχούσας
2948 4905 3008 4969 τῇ
3065 4905 3155 4948 τού
3211 4902 3451 4969 ποιμένος
3535 4892 3841 4967 ἀποδημίᾳ,

470 4998 580 5038 nos
602 4980 1020 5043 constituisset,
1047 4984 1103 5034 et
1129 4978 1278 5035 alios
1302 4984 1634 5050 cooptasset
1662 4978 1722 5034 in
1754 4979 1901 5035 alios
1929 4996 2074 5036 sacri

2240 4990 2412 5040 ἔπειτα
2465 4991 2584 5047 τούς
2642 4983 2717 5038 δι’
2769 4985 2950 5059 ἀρετὴν
3018 4985 3445 5059 ἐπιφανεστέρους
3523 4984 3844 5056 ἀπολεξάμε-

472 5070 697 5142 gradus
722 5089 733 5124 :
767 5075 820 5124 et
838 5068 906 5123 iis
930 5068 1101 5124 veluti
1126 5068 1457 5140 quamdam
1482 5068 1815 5123 tradidisset
1836 5067 2076 5137 regulan

2237 5097 2335 5141 νος,
2384 5082 2499 5137 τούς
2556 5080 2644 5147 μὲν
2701 5074 3101 5147 πρεσϐυτέρους,
3152 5080 3272 5137 τοὺς
3317 5073 3375 5127 δε
3432 5072 3704 5134 διακόνους
3748 5078 3841 5125 καὶ

470 5160 797 5217 etformam
832 5156 1287 5227 gloriﬁcationis,
1309 5172 1443 5229 quae
1475 5155 1538 5211 tit
1563 5157 1620 5211 in
1655 5156 1931 5223 Ecclesia,
1966 5163 2022 5213 et
2045 5173 2074 5212 e

2238 5166 2420 5227 άλλους
2476 5164 2649 5225 ἄλλοις
2702 5171 2798 5215 τῶν
2854 5166 2995 5237 ἱερῶν
3054 5163 3394 5235 ἐγκαταλέξας
3454 5162 3692 5237 βαθμῶν,
3745 5166 3842 5214 καὶ

472 5254 749 5320 precatus
768 5252 925 5303 esset
944 5247 1123 5302 vitam
1143 5252 1419 5317 pacatam
1438 5250 1493 5301 et
1511 5260 1545 5299 a
1560 5244 1834 5301 molestia
1850 5245 2076 5301 liberan

2239 5256 2437 5315 τούτοις
2492 5255 2646 5305 οἱονεί
2698 5272 2813 5304 τινα
2859 5250 3133 5328 παραδούς
3174 5258 3363 5305 κανόνα
3404 5259 3493 5305 καὶ
3528 5256 3688 5304 τύπον
3745 5260 3843 5312 τῆς

470 5336 710 5393 recedit.
732 5337 872 5401 Quae
886 5335 1127 5407 quidem
1150 5349 1259 5390 nec
1280 5333 1551 5389 divinum
1570 5333 1814 5405 quidem
1829 5334 2074 5391 latuerm

2241 5345 2369 5394 κατά
2419 5347 2511 5400 τήν
2565 5340 2877 5399 Ἐκκλησίαν
2931 5338 3236 5414 δοξολογίας
3309 5348 3398 5394 καὶ
3468 5346 3603 5405 ζωὴν
3657 5340 3845 5405 αὐτοῖς

470 5426 840 5483 Abramium.
875 5426 985 5481 Sed
1009 5427 1133 5496 ipse
1162 5441 1426 5498 quoque,
1460 5440 1595 5479 cum
1621 5425 1679 5479 in
1706 5425 1877 5494 eo,in
1900 5441 2021 5497 quo
2042 5426 2074 5481 l:

2240 5431 2496 5506 εἰρηνικήν
2552 5450 2605 5483 τε
2670 5435 2759 5483 καὶ
2832 5429 3025 5483 ἄλυπον
3094 5430 3445 5504 ἐπευξάμενος,
3522 5429 3844 5483 ἀπαλλάττε-

470 5514 655 5579 tebat,
684 5512 814 5570 loco
845 5514 966 5569 haec
994 5530 1097 5586 per
1126 5514 1404 5587 Spiritum
1433 5513 1830 5583 cognovisset,
1860 5514 1938 5570 ab
1964 5514 2074 5570 illit

2237 5540 2339 5573 ται.
2394 5519 2554 5594 "Amp
2596 5520 2683 5572 οὖν
2750 5516 2874 5573 ούδε
2930 5524 3017 5573 τόν
3074 5522 3204 5573 θεῖον
3254 5518 3540 5595 Ἀϐράμιον
3588 5518 3841 5584 ἐλελήθει,

2892 5606 2914 5621 ν

472 5602 585 5660 vici
615 5602 773 5659 curis
808 5602 1074 5658 animum
1110 5601 1401 5659 liberavit.
1443 5604 1590 5658 Nam
1630 5603 1735 5659 etsi
1776 5602 2076 5660 trahebatt

2240 5607 2363 5663 ἀλλὰ
2408 5613 2496 5663 καὶ
2545 5608 2700 5672 αὐτὸς
2756 5606 2805 5661 ἓν
2881 5606 2920 5681 ᾧ
2989 5612 3244 5684 κέκρυπτο
3294 5614 3437 5683 τόπῳ
3502 5610 3569 5664 τὰ
3618 5615 3844 5663 τοιαῦτα
