4062 6222
213 289 279 345 61
1584 291 1753 349 VITA
1790 292 1853 350 S.
1892 294 2219 354 ABRAMII.
3503 298 3574 354 62

197 414 386 486 μαθὼν
443 416 539 467 καὶ
590 420 688 467 τῶν
730 418 846 487 περὶ
897 421 991 477 τῆς
1043 418 1225 487 κώμης
1279 417 1469 478 ἑκιίνης
1526 413 1812 489 φροντίδων

1925 436 2128 478 amore
2158 422 2511 488 solitudinis,
2546 422 2701 478 curis
2747 426 2944 479 tamen
2980 422 3172 493 gregis
3214 439 3421 481 rursus
3453 428 3579 481 erat

198 509 295 562 τήν
337 503 532 576 ψυχήν
588 503 852 567 ἀπολύσας
908 504 974 575 (εἰ
1037 507 1137 578 γὰρ
1187 512 1261 576 τῷ
1306 514 1395 567 τῆς
1440 506 1660 581 ἐρημίας
1710 507 1811 560 εἶλ-

196 613 317 646 xtra
378 597 550 665 ἔρωτι,
603 592 728 645 ἀλλὰ
772 598 862 646 καὶ
908 601 1027 655 ταῖς
1068 599 1185 664 περὶ
1231 603 1322 648 τοῦ
1373 600 1614 668 ποιμνίου
1665 616 1813 670 φρον-

198 688 317 735 τίσι
365 682 518 735 πάλιν
559 680 776 755 δεσμοῖς
827 702 967 736 τισιν
1017 682 1225 746 ἀλύτοις
1274 682 1526 755 ἐδέδετο),
1578 690 1669 744 τήν
1712 686 1811 757 ψυ-

196 779 311 844 χήν
372 778 540 826 τοίνυν
590 772 674 826 ἐπὶ
738 776 942 835 τούτοις
1017 770 1400 839 διαναπαύσας,
1472 780 1582 846 Θεῷ
1644 794 1696 828 τε
1747 778 1813 829 τὰ

195 864 389 915 εἰκότα
444 864 865 936 εὐχαριστήσας,
941 864 1011 926 εἰς
1080 867 1139 917 τὸ
1205 864 1424 918 παλαιὸν
1496 864 1653 919 ἐκεῖνο
1723 870 1811 918 καὶ

196 951 364 1005 πάλιν
421 952 683 1005 ἐπάνεισιν
740 953 1041 1027 οἰκητήριον
1094 952 1319 1026 ίχόμενά
1374 973 1429 1007 τε
1476 954 1636 1007 αὐτοῦ
1683 954 1813 1007 οἰκί-

197 1062 335 1095 σκον
386 1044 550 1116 ἕτερον
585 1039 1013 1114 ἐποικοδομήσας
1059 1048 1149 1096 καὶ
1191 1048 1285 1103 τήν
1329 1041 1537 1097 εἰσοδον
1581 1043 1813 1117 ἀποφρά-

194 1132 316 1197 ξας,
377 1140 438 1204 τῇ
498 1134 724 1205 προτέρᾳ
773 1128 971 1185 δίδωσι
1020 1137 1109 1185 καὶ
1167 1129 1318 1195 αὖθις
1371 1132 1551 1186 ἑαυτὸν
1599 1132 1808 1209 έρημίᾳ.

192 1227 335 1275 Τίνα
383 1218 442 1274 δέ
484 1224 549 1273 τὰ
576 1221 802 1275 ἐντεῦθεν
845 1226 935 1275 καὶ
967 1223 1146 1283 ὁποίας
1185 1222 1325 1293 αύτῷ
1364 1224 1547 1281 τίθησι
1574 1220 1813 1295 παγίδας

193 1314 221 1363 ὁ
280 1318 403 1374 τοῖς
431 1314 682 1371 τοιούτοις
739 1310 819 1364 ἀεὶ
872 1310 1173 1384 βασκαίνων
1214 1310 1415 1386 έκθρός,
1466 1316 1537 1385 μή
1594 1312 1813 1386 παραλι-

197 1408 319 1453 πείν
375 1401 536 1463 οἰξιον.
569 1404 741 1453 Μέσαι
792 1403 883 1472 μὲν
930 1396 996 1459 δή
1053 1403 1228 1462 νύκτες
1267 1397 1402 1459 ἦσαν
1446 1404 1537 1462 τὰς
1570 1403 1811 1462 συνήθεις

197 1490 380 1560 εὐχὰς
430 1493 721 1561 ποιουμένῳ
786 1497 859 1560 τῷ
910 1488 1178 1564 ’Δϐραμίῳ
1228 1495 1318 1543 καὶ
1365 1492 1391 1542 ὁ
1445 1498 1537 1543 τοῦ
1597 1495 1813 1551 σκότους

198 1581 513 1651 προστάτης
540 1586 865 1653 προσωπεῖον
912 1582 1073 1651 φωτὸς
1112 1576 1311 1641 ὑποδὺς
1359 1584 1449 1632 καὶ
1494 1580 1619 1633 αὐτὸ
1663 1588 1811 1633 τοῦτο

202 1677 315 1739 φῶς
366 1669 495 1720 εἶναι
544 1669 970 1742 ὑποκρινάμενος,
1014 1674 1181 1741 φωνήν
1228 1672 1353 1742 πρὸς
1402 1668 1557 1721 αύτόν
1606 1671 1670 1729 ὡς
1711 1668 1810 1721 ἀπὸ

202 1757 439 1818 πλήθους
486 1753 645 1815 δῆθεν
698 1758 840 1829 ἠφίει
910 1756 1094 1809 πολλοῦ
1150 1774 1162 1786 ’

206 1845 489 1918 ’Δϐράμιῃ
543 1845 819 1916 λέγουσαν,
880 1849 1035 1906 ὅντως
1083 1848 1335 1920 μακάριος
1387 1843 1447 1913 εἷ,
1506 1851 1595 1899 καὶ
1643 1844 1814 1908 οὐδεὶς

212 1936 359 1988 οὕτω
393 1937 455 1987 τὰ
489 1938 600 1989 θεῖα
644 1935 831 1997 τέλειος
883 1934 1072 2006 έγένετο
1103 1938 1235 1989 κατά
1268 1940 1343 1989 σέ.
1390 1943 1447 1989 Ὀ
1495 1933 1555 1989 δε
1595 1939 1653 1988 τὸ
1683 1943 1810 2010 πρᾶο

207 2045 326 2096 γμα
380 2029 449 2097 μή
496 2024 783 2096 ἀγνοήσας,
838 2023 967 2077 ἀλλά
1023 2032 1202 2078 τοῦτον
1270 2024 1456 2078 ἕκείνον
1510 2026 1640 2078 εἶναι
1691 2026 1815 2079 ύπο-

199 2120 427 2178 νοήσας,
458 2118 545 2165 τὸν
590 2118 681 2165 καὶ
729 2121 909 2187 πρώην
965 2114 1189 2175 ἰσοθείας
1227 2113 1454 2186 ὑποϐολῇ
1502 2118 1588 2167 τὸν
1618 2116 1813 2188 ἄνθρω-

198 2223 299 2256 πον
352 2202 700 2260 ἀπατήσαντα
747 2210 836 2255 καὶ
888 2206 947 2255 τὸ
1006 2211 1109 2275 φῶς
1152 2211 1305 2257 τοῦτο
1356 2203 1509 2256 πάλιν
1557 2206 1712 2257 οἱονεί
1762 2224 1814 2257 τι

199 2289 393 2365 δὺιαρ
447 2289 578 2344 εἶναι
617 2289 914 2355 κενοδοξίας
964 2291 1234 2346 ὑπολαϐών
1290 2312 1302 2325 ο
1365 2298 1665 2365 Πεφίμωσο,
1713 2294 1814 2347 ἔλε-

197 2401 288 2452 γεν
326 2401 342 2412 ε
374 2384 595 2452 ἐπιτιμᾷ
640 2400 725 2433 σοι
755 2384 988 2455 Χριστὸς
1026 2386 1052 2434 ό
1092 2385 1243 2450 Θεὸς,
1276 2386 1466 2456 πονηρέ
1506 2402 1520 2415 ⁸
1555 2382 1813 2455 ἀφίστασε

200 2472 397 2523 θᾶττον
427 2468 520 2521 ἀπ’
550 2468 696 2542 ὶμοῦ,
747 2471 1016 2542 ὑποχώρει
1058 2490 1148 2543 μοι
1191 2471 1203 2527 !
1254 2468 1406 2524 οὐδὲν
1452 2474 1555 2544 γὰρ
1605 2470 1665 2522 ἀν
1712 2473 1813 2525 ἓτε-

199 2579 291 2633 ρον
324 2561 553 2631 ἐμαυτὸν
606 2562 763 2631 ἰγωγε
802 2560 1057 2628 οἰηθείην,
1103 2560 1181 2612 ὅτι
1226 2564 1297 2631 μή
1338 2569 1438 2632 γῆν
1468 2564 1559 2613 καὶ
1591 2558 1809 2617 σποδόν.

200 2656 387 2701 Ταῦτα
440 2644 571 2716 εἶπε,
622 2652 712 2700 καὶ
756 2648 824 2710 εἰς
877 2651 1069 2701 καπνὸν
1128 2649 1278 2711 εὐθὺς
1333 2651 1362 2708 ή
1416 2654 1677 2722 φαντασία
1720 2660 1813 2704 τοῦ

202 2741 375 2809 φωτός
425 2733 663 2803 διελύθη,
721 2742 810 2789 καὶ
854 2740 911 2789 τὸ
953 2734 1134 2811 δρᾶμα
1181 2737 1407 2809 ήλέχθη,
1457 2743 1547 2791 καὶ
1578 2741 1607 2799 ἡ
1642 2745 1807 2800 σκηνή

202 2830 265 2879 τό
314 2834 643 2898 προσωπεῖον
696 2825 995 2901 ἀπέρριψεν.
1057 2827 1209 2879 Οὕτω
1259 2835 1534 2903 τοιγαροῦν
1587 2827 1811 2900 αἰσχυν-

1922 511 2157 568 vinctus
2188 512 2440 567 vinculis
2467 512 2908 568 insolubilibus.
2943 512 3092 568 Cum
3119 528 3280 582 ergo,
3314 513 3480 586 quod
3498 513 3577 569 ad

1923 601 2051 657 haec
2090 602 2395 667 attinebat,
2438 603 2640 672 quieto
2671 607 2827 658 esset
2855 602 3081 667 animo,
3114 608 3171 657 et
3208 603 3347 667 Deo,
3369 607 3430 659 ut
3468 620 3577 675 par

1922 695 2069 755 erat,
2102 692 2317 760 egisset
2351 693 2592 761 gratias,
2620 708 2824 747 rursus
2854 692 3164 747 revertitur
3195 691 3272 746 ad
3306 698 3472 747 vetus
3503 692 3575 747 il-

1924 778 2025 836 lud
2045 781 2475 837 habitaculum.
2512 783 2735 837 Etcum
2766 782 2816 837 ei
2843 782 3189 851 contiguam
3220 780 3579 837 mdiﬁcasset

1922 868 2375 937 domunculam,
2400 876 2457 927 et
2481 871 2868 928 obstruxisset
2893 871 3142 935 aditum,
3172 870 3353 941 priori
3378 886 3441 925 se
3465 875 3577 926 tra-

1923 959 2007 1017 dit
2019 960 2343 1017 solitudini.
2364 962 2638 1025 Quaanam
2654 965 2845 1017 autem
2858 958 3220 1015 suntdeinde
3234 964 3575 1024 consecuta,

1923 1055 1979 1107 et
2020 1066 2324 1122 quosnam
2355 1050 2406 1105 ei
2432 1050 2618 1106 tendit
2654 1050 2901 1122 laqueos
2931 1049 3036 1122 qui
3068 1049 3246 1104 rebus
3276 1048 3577 1119 ejusmodi

1923 1139 2148 1196 invidet
2186 1140 2485 1205 inimicus,
2527 1155 2647 1195 non
2687 1144 2778 1195 est
2816 1138 3409 1211 praetermittendum.
3445 1140 3578 1195 Erat

1922 1232 2167 1302 quidem
2194 1246 2311 1287 nox
2334 1231 2553 1295 media,
2578 1248 2717 1286 cum
2741 1235 3061 1286 consuetas
3080 1244 3284 1301 preces
3308 1228 3579 1284 funderet

1923 1322 2266 1377 Abramius:
2285 1337 2504 1393 prmses
2523 1327 2724 1375 autem
2742 1319 3141 1383 tenebrarum,
3160 1324 3437 1390 suscepta
3449 1334 3576 1390 per-

1924 1410 2347 1477 sonaluminis,
2372 1415 2572 1466 eteam
2590 1410 2782 1482 ipsam
2801 1410 2995 1465 lucem
3014 1425 3146 1465 esse
3168 1407 3478 1473 simulans,
3498 1408 3576 1464 ad

1924 1516 2062 1555 eum
2084 1501 2293 1557 emittit
2310 1515 2539 1563 vocem,
2562 1503 2854 1570 tanquam
2873 1514 2941 1553 ex
2962 1512 3183 1567 magna
3201 1496 3576 1553 multitudine

1924 1590 2222 1646 dicentem
2247 1606 2258 1644 :
2278 1592 2485 1645 Beatus
2503 1605 2585 1656 es,
2602 1604 2782 1643 senex
2799 1586 3063 1653 Abrami,
3085 1602 3217 1642 vere
3239 1602 3303 1641 es
3323 1586 3533 1642 beatus
3558 1602 3572 1653 ;

1925 1685 1981 1736 et
2014 1695 2193 1735 nemo
2223 1680 2281 1733 in
2313 1678 2490 1733 rebus
2520 1678 2738 1733 divinis
2768 1676 2874 1731 fuit
2905 1682 3024 1731 tam
3057 1675 3374 1746 perfectus,
3426 1675 3578 1731 sicut

1220 1760 1491 1831 Μακάριος
1542 1754 1604 1823 εἶ,
1663 1761 1812 1832 γίρον

1927 1775 2007 1825 tu.
2039 1769 2138 1823 llle
2162 1774 2361 1823 autem
2388 1783 2522 1821 cum
2546 1782 2669 1822 rem
2695 1764 2939 1820 minime
2962 1765 3281 1833 ignoraret,
3306 1763 3410 1819 sed
3437 1779 3575 1819 eum

1922 1858 2090 1915 illum
2111 1874 2243 1913 esse
2272 1861 2677 1927 cognosceret,
2706 1856 2809 1926 qui
2840 1854 3071 1925 decepit
3103 1853 3361 1923 primum
3384 1853 3576 1907 homi-

1922 1964 2081 2013 nem,
2108 1948 2160 2003 ei
2178 1945 2573 2017 suggerendo,
2598 1943 2763 2016 quod
2786 1942 3017 1998 futurus
3031 1948 3185 1997 esset
3214 1944 3330 1996 Deo
3344 1940 3572 2007 similis,

1923 2043 1979 2095 et
2001 2038 2175 2092 sciret
2200 2036 2355 2091 hanc
2394 2034 2587 2090 licem
2620 2048 2752 2088 esse
2787 2032 2965 2088 veluti
2996 2030 3328 2104 quamdam
3368 2045 3569 2085 escam

1923 2143 2093 2183 vanas
2142 2126 2345 2196 gloria:
2396 2142 2409 2180 :
2450 2124 2861 2195 Compescere,
2921 2120 3067 2177 dixit
3125 2135 3137 2174 :
3203 2125 3257 2175 te
3308 2120 3578 2189 increpat

1924 2216 2179 2273 Christus
2212 2218 2385 2280 Deus,
2422 2229 2459 2270 o
2501 2212 2778 2282 maligne.
2812 2220 2855 2266 Α
2897 2226 2992 2266 me
3030 2209 3145 2266 cito
3176 2208 3383 2264 recede
3420 2225 3430 2263 :
3470 2206 3573 2263 ab-

1923 2308 1995 2363 sit
2020 2306 2200 2370 enim,
2240 2310 2300 2361 ut
2334 2320 2428 2359 me
2459 2302 2685 2375 aliquid
2716 2301 2881 2357 aliud
2920 2316 3051 2357 esse
3082 2303 3287 2371 putem
3319 2298 3432 2354 nisi
3467 2301 3575 2354 ter-

1920 2413 2049 2453 ram
2074 2402 2129 2452 et
2159 2396 2418 2451 cinerem
2453 2437 2464 2448 .
2502 2392 2884 2457 Haecdixit,et
2907 2390 2967 2445 in
2992 2390 3225 2445 fumum
3253 2388 3449 2444 statim
3470 2387 3577 2443 fuit

1922 2486 2211 2543 dissoluta
2228 2481 2819 2557 phantasialuminis,
2839 2487 2894 2537 et
2913 2478 3262 2535 manifestus
3279 2478 3386 2533 fuit
3406 2482 3574 2534 actus

1924 2576 2240 2632 simulatus
2266 2580 2320 2629 et
2350 2589 2529 2629 scena
2558 2572 2775 2643 abjecit
2804 2585 3144 2643 personam.
3178 2568 3268 2624 Sic
3298 2582 3441 2635 ergo
3472 2582 3577 2637 pu-

1923 2667 2067 2722 dore
2108 2663 2374 2728 aﬂ'ectus,
2408 2678 2547 2718 eum
2579 2659 2875 2716 contraria
2904 2659 3131 2714 ratione
3172 2656 3516 2725 aggreditur
3558 2671 3570 2709 :

1922 2756 2073 2812 sicut
2112 2754 2230 2809 illic
2270 2768 2375 2825 per
2412 2751 2842 2813 adulationem,
2885 2748 2966 2802 ita
3007 2746 3102 2802 hic
3142 2762 3247 2816 per
3301 2744 3575 2799 timorem

1922 2861 2061 2901 eum
2093 2857 2319 2898 conans
2346 2840 2754 2913 supplantare.

212 2936 339 2997 θεὶς,
400 2930 494 2986 διὰ
562 2940 663 2985 τῶν
718 2931 953 2985 ἕναντίων
1022 2932 1355 3008 προσϐάλλει,
1428 2936 1599 3010 ὥσπερ
1675 2933 1779 2988 ἐκεῖ
1826 2931 1919 2988 διὰ
1982 2933 2274 3000 κολακείας,
2345 2930 2510 2991 οὕτως
2584 2926 2805 2980 ἐνταῦθα
2869 2922 2964 2979 διὰ
3022 2921 3169 2984 δέους
3226 2920 3573 2975 ύποσκελίσαι

206 3028 541 3095 πειρώμενος.

278 3112 383 3166 ιε’.
418 3112 494 3163 Ou’
533 3111 663 3164 πολὺ
711 3113 813 3186 γὰρ
861 3113 917 3163 τὸ
966 3110 1014 3163 ἐν
1060 3117 1203 3185 μέσῳ
1250 3117 1341 3165 καὶ
1386 3114 1572 3186 ὁρᾶται
1614 3116 1813 3187 νύκτωρ

1998 3115 2105 3168 XV.
2126 3115 2252 3169 Non
2270 3108 2525 3166 multum
2543 3107 2701 3164 enim
2720 3105 3047 3161 intercessit
3062 3102 3365 3175 temporis,
3386 3105 3443 3157 et
3454 3116 3581 3157 rur-

209 3201 361 3271 αὐτῷ
390 3200 545 3253 πάλιν
578 3200 758 3263 ἀξίνην
815 3205 1053 3275 κατέχων
1098 3210 1160 3275 τῇ
1213 3198 1363 3273 δεξιᾴ
1398 3208 1489 3255 καὶ
1526 3207 1691 3275 μέσην
1725 3207 1815 3275 μὲν

206 3290 392 3351 ἐοικὼς
438 3295 533 3348 τήν
585 3300 677 3351 τῆς
737 3296 927 3362 στέγης
977 3288 1132 3344 δοκὸν
1190 3289 1502 3364 διατέμνειν,
1556 3298 1814 3346 συσσείων

208 3377 269 3433 δε
317 3376 506 3441 δεινῶς
532 3384 624 3431 καὶ
676 3379 864 3432 κλονῶν
920 3383 1004 3432 τὸν
1051 3380 1307 3447 οῖκίσκον,
1351 3381 1526 3440 πλήθη
1572 3401 1626 3435 τε
1683 3385 1817 3435 κατά

205 3478 303 3521 τοῦ
359 3468 648 3541 Ἀϐραμίου
700 3470 830 3541 μετά
884 3466 1126 3532 σπουδῆς
1189 3472 1341 3523 οἱονεὶ
1401 3470 1673 3542 συγκαλῶν
1726 3476 1816 3524 καὶ

211 3558 343 3620 ὅλως
396 3556 627 3632 θορυϐῶν
691 3562 780 3610 τόν
845 3555 1018 3631 ἄνδρα
1085 3564 1177 3611 καὶ
1246 3558 1591 3635 έκταροίττων.
1643 3561 1703 3613 Ὀ
1758 3557 1817 3614 δὲ

210 3646 487 3700 κάνταῦθα
527 3647 680 3699 πάλιν
742 3648 767 3699 ὁ
817 3647 969 3709 αύτὸς
1015 3644 1098 3713 ἧν,
1153 3648 1247 3700 ούκ
1301 3647 1496 3721 ἀγνοῶν
1546 3653 1631 3702 τὸν
1673 3650 1815 3703 πολέ-

429 3736 606 3810 ἀμελει
642 3740 733 3788 καὶ
760 3741 891 3809 πρὸς
935 3742 1029 3796 τήν
1060 3737 1179 3809 ὄψιν
1210 3736 1359 3791 οὐδὲν
1392 3735 1772 3813 διαταραχθείς
1799 3759 1811 3772 ·

217 3848 243 3877 ε
288 3828 469 3880 Πάντα
513 3829 578 3879 τὰ
619 3828 737 3884 ἔθνη
768 3826 1064 3879 ἐκύκλωσαν
1094 3846 1177 3901 με,
1220 3848 1248 3880 ν
1283 3829 1451 3900 ἠρέμα
1490 3830 1607 3882 καθ’
1639 3829 1815 3882 ἑαυτὸν

214 3758 333 3810 μων
368 3758 380 3770 ⁸

217 3917 488 3987 ὑπεφῶνεὶ,
549 3936 578 3966 α
633 3919 723 3967 καὶ
770 3923 841 3985 τῷ
892 3915 1106 3987 ὀνόματι
1144 3922 1337 3989 Κυρίου
1387 3917 1665 3989 ἠμυνάμην
1718 3918 1815 3970 αύ-

216 4007 361 4067 τούς.
392 4024 420 4057 ν
446 4007 731 4066 Τοιαύταις
781 4004 895 4056 κατ’
944 4002 1140 4078 ἐχθροῦ
1186 4000 1416 4075 ἐπῳδαῖς
1457 4008 1481 4057 ὁ
1513 4006 1814 4082 Ἀϐράμιος,

214 4095 477 4153 τοιούτοις
548 4092 727 4153 ὅπλοις
779 4090 1055 4164 έκέχρητο.
1104 4098 1168 4145 Τί
1221 4090 1309 4145 οὖν
1363 4092 1549 4157 ὶκεῐνος
1599 4112 1612 4162 ;
1675 4096 1816 4149 Ἐπι-

218 4183 493 4254 στρατεύει
537 4186 629 4232 καὶ
685 4176 838 4243 αὖθις
868 4182 1008 4251 αὐτῷ
1040 4184 1169 4253 μετά
1208 4190 1393 4240 ταῦτα,
1445 4182 1657 4255 σφοδρῷ
1684 4185 1816 4235 πάνυ

216 4276 346 4343 πυρὶ
386 4275 761 4344 καταπιμπρῷ
794 4266 962 4323 δοκῶν
1010 4274 1067 4322 τὸ
1108 4270 1322 4341 ψιάθιον
1368 4289 1379 4301 ⁸
1426 4276 1515 4323 καὶ
1574 4272 1627 4333 ὃς
1669 4269 1818 4324 οὐδὲν

219 4364 348 4432 πρὸς
399 4364 496 4417 τήν
562 4359 725 4430 φλόγα
780 4361 959 4411 παθὼν
1026 4357 1242 4424 ἐκείνην,
1307 4359 1562 4436 ἀταράχῳ
1632 4362 1820 4432 ψυχῆς

226 4446 482 4500 ὶπέϐαινεν
531 4448 694 4510 αύτῆς
750 4453 1119 4522 καταστήματι
1152 4469 1165 4483 θ
1210 4470 1237 4498 ο(
1285 4451 1402 4503 Ἐπὶ
1459 4446 1683 4518 ἀσπίδα,
1740 4450 1821 4503 λέ-

223 4558 348 4606 γων,
404 4540 495 4588 και
570 4534 884 4608 βασιλίσκον
962 4534 1189 4610 έπιϐἠση
1270 4544 1360 4590 καὶ
1430 4544 1821 4599 καταπατήσεις

227 4624 403 4677 λέοντα
449 4630 538 4678 καὶ
594 4622 876 4698 δράκοντα.
926 4647 944 4674 ο
994 4621 1126 4680 Εἶτα
1167 4626 1543 4699 καταλαμϐάνει
1581 4627 1758 4679 λοιπὸν
1785 4629 1816 4685 ἡ

232 4722 322 4777 τῆς
368 4722 557 4787 τροφῆς
603 4717 897 4789 προθεσμία
928 4719 1017 4767 καὶ
1069 4716 1093 4766 ὁ
1133 4718 1222 4787 μὲν
1275 4712 1418 4790 ὕδωρ
1465 4720 1617 4787 μόνον
1657 4715 1821 4786 ἑαυτῷ

232 4806 569 4876 παρατίθεται
612 4824 624 4837 ·
669 4802 969 4877 μεταϐαλὼν
1018 4800 1077 4856 δὲ
1130 4803 1203 4867 εἰς
1227 4810 1492 4857 νεανίσκον
1524 4808 1548 4856 ὸ
1575 4809 1818 4877 πονηρός,

236 4900 291 4963 τῇ
342 4897 485 4965 χειρὶ
520 4892 679 4963 ψαύει
729 4901 819 4944 τοῦ
871 4897 1142 4965 ποτηρίου,
1180 4891 1464 4965 ἀνατρέψαι
1513 4902 1665 4947 τοῦτο
1712 4913 1823 4946 πει-

238 4989 470 5055 ρώμενος.
531 4981 813 5054 ’Δϐροίμιος
869 4978 928 5034 δὲ
978 4984 1002 5033 ὁ
1056 4985 1188 5045 θεῖος
1228 4980 1394 5055 μηδεν
1451 4979 1821 5045 ύποδειλιάσας

238 5075 359 5142 μετὰ
409 5073 785 5132 καταστάσεως
840 5072 1023 5141 ὑγιοῦς
1083 5074 1139 5123 τὸ
1187 5068 1331 5147 ὕδωρ
1380 5078 1622 5147 προσίετο
1674 5094 1685 5106 ·
1732 5079 1821 5126 καὶ

238 5162 323 5232 ὁρᾶ
361 5180 447 5231 μοι
486 5167 579 5213 τοῦ
608 5167 838 5234 πονηροῦ
891 5164 986 5217 τήν
1029 5157 1297 5213 ἀναίδειαν
1340 5166 1430 5213 καὶ
1472 5163 1606 5222 ὅπως
1636 5162 1821 5214 πολλοὶ·

237 5268 305 5309 κις
346 5250 719 5322 ἀποκρουσθεὶς
769 5243 895 5301 οὐδε
938 5248 1102 5309 οὕτως
1151 5246 1407 5320 ἀφίστατο
1436 5266 1449 5280 ⁸
1486 5249 1594 5301 ἀλλ’
1629 5252 1698 5313 εἰς
1736 5252 1823 5303 ἕνα

237 5346 326 5388 τῶν
369 5341 788 5412 ὑπηρετουμένων
839 5345 913 5408 τῷ
968 5337 1098 5410 ἁγίῳ
1150 5342 1237 5389 καὶ
1297 5338 1453 5398 στολῆ
1508 5344 1598 5391 καὶ
1647 5348 1816 5412 μορφῇ

239 5424 402 5480 ἑαυτὸν
442 5424 744 5500 διαμείψας,
787 5426 1005 5499 λυχνίαν
1053 5446 1107 5479 τε
1156 5429 1421 5500 παρετίθει
1467 5445 1479 5458 ’
1516 5431 1691 5482 ἔπειτα
1732 5433 1821 5480 και

308 5607 349 5644 ’⁸
385 5605 532 5664 Psal.
573 5621 759 5673 cxvii,
804 5608 889 5662 10.
935 5606 978 5643 ετ
1058 5604 1211 5662 Psal.
1250 5621 1343 5673 xc,
1383 5609 1466 5665 13.

1925 3219 2027 3258 sus
2056 3202 2134 3258 ab
2165 3217 2235 3257 eo
2262 3203 2439 3255 noctu
2463 3197 2721 3253 cernitur
2752 3210 2932 3250 manu
2962 3199 3171 3249 tenens
3199 3192 3454 3247 securim
3486 3210 3497 3250 :
3524 3195 3580 3246 et

1926 3291 2241 3347 videbatur
2265 3288 2509 3361 quidem
2540 3285 2801 3342 mediam
2830 3282 2964 3339 tecti
2990 3282 3222 3338 trabem
3254 3281 3576 3345 dissecare,

1926 3379 2184 3450 graviter
2213 3384 2412 3434 autem
2441 3379 2755 3431 concutere
2780 3379 2837 3429 et
2857 3388 3095 3428 movere
3122 3369 3577 3433 domunculam,

1925 3475 1981 3527 et
1998 3467 2437 3525 multitudinem
2454 3466 2511 3520 in
2528 3463 2876 3520 Abramium
2888 3461 3063 3532 quasi
3078 3474 3292 3528 magno
3310 3458 3577 3531 quodam

1926 3559 2122 3615 studio
2144 3570 2499 3621 convocare,
2523 3559 2578 3609 et
2595 3554 2671 3609 ad
2691 3566 2991 3606 summam
3018 3566 3155 3605 eum
3180 3547 3436 3619 graviter
3454 3562 3580 3619 per-

1926 3647 2186 3704 turbare.
2223 3645 2316 3701 llle
2354 3649 2554 3701 autem
2590 3642 2685 3697 hic
2722 3655 2965 3712 quoque
2995 3655 3201 3694 rursus
3240 3638 3397 3693 idem
3432 3640 3578 3704 erat,

1926 3738 2146 3793 hostem
2161 3736 2381 3790 minime
2394 3734 2689 3803 ignorans.
2706 3730 2937 3785 Visione
2950 3729 3146 3800 itaque
3160 3727 3299 3782 nihil
3312 3726 3576 3782 territus:

1928 3828 2196 3883 «Omnes
2220 3828 2422 3895 gentes
2442 3837 2536 3876 me
2558 3818 3097 3882 circumdederunt,
3125 3836 3151 3867 »
3168 3815 3389 3871 sensim
3414 3812 3581 3884 apud

1929 3931 1991 3971 se
2005 3914 2261 3977 dicebat,
2282 3934 2309 3961 «
2333 3916 2390 3967 et
2411 3911 2470 3965 in
2488 3909 2729 3964 nomine
2755 3906 2987 3963 Domini
3005 3905 3163 3961 ultus
3184 3920 3317 3959 sum
3337 3919 3438 3959 eos
3458 3904 3526 3957 1⁸.
3550 3924 3577 3952 ι)

1925 4003 2165 4061 Talibus
2197 4002 2486 4058 adversus
2509 3997 2817 4054 inimicum
2845 3993 3215 4051 carminibus
3242 3991 3579 4055 Abramius,

1929 4092 2145 4149 talibus
2168 4092 2349 4147 armis
2371 4094 2455 4145 est
2486 4105 2648 4144 usus.
2679 4086 2828 4152 Quid
2853 4084 2946 4140 ille
2976 4098 3118 4153 ergo
3150 4086 3177 4138 ?
3208 4085 3267 4136 ln
3292 4096 3429 4136 eum
3454 4095 3581 4135 rur-

1929 4199 2031 4237 sus
2061 4180 2285 4237 bellum
2316 4179 2461 4250 gerit
2488 4182 2714 4246 postea,
2749 4174 2935 4247 utqui
2965 4171 3298 4228 vehementi
3330 4170 3466 4240 igne
3494 4169 3581 4225 vi-

1928 4272 2166 4327 deretur
2177 4268 2527 4325 comburere
2542 4271 2824 4321 stoream.
2840 4263 2937 4319 llle
2955 4268 3154 4318 autem
3169 4260 3314 4316 nihil
3334 4258 3580 4315 affectus

1930 4377 1993 4417 ea
2049 4361 2296 4423 visione,
2339 4356 2601 4412 interrito
2639 4354 2803 4409 vultu
2845 4369 2982 4408 eum
3023 4350 3261 4418 invasit,
3301 4349 3504 4405 dicens
3565 4365 3576 4404 :

1854 4470 1896 4524 ι)
1932 4471 1959 4503 ‹‹
2002 4452 2189 4521 Super
2209 4446 2482 4519 aspidem
2515 4450 2569 4500 et
2600 4442 2921 4499 basilicum
2951 4440 3321 4511 ingredieris,
3354 4443 3410 4495 et
3440 4453 3581 4493 con-

1929 4538 2193 4594 culcabis
2230 4536 2464 4592 leonem
2506 4538 2563 4589 et
2596 4533 2921 4588 draconem
2962 4532 3029 4585 1".
3073 4551 3101 4579 ››
3147 4528 3365 4585 Deinde
3420 4526 3583 4582 venit

1931 4632 2166 4698 tempus
2184 4622 2537 4681 comedendi
2556 4640 2572 4676 :
2591 4626 2647 4676 et
2663 4621 2754 4675 ille
2768 4619 3011 4691 quidem
3027 4618 3215 4674 solam
3232 4616 3340 4672 sibi
3359 4631 3581 4687 aquam

1930 4716 2177 4789 apponit
2196 4731 2209 4768 :
2229 4713 2533 4785 malignus
2546 4714 2744 4768 autem
2766 4710 3025 4766 mutatus
3040 4707 3100 4763 in
3119 4707 3579 4770 adolescentem,

1932 4822 2118 4861 manu
2157 4804 2346 4873 tangit
2377 4802 2681 4874 poculum,
2715 4799 2858 4854 illud
2899 4813 3126 4854 conans
3164 4800 3442 4851 evertere.
3487 4793 3584 4850 Di-

1932 4894 2103 4949 vinus
2137 4890 2692 4948 autemAbramius
2727 4888 2869 4944 nihil
2894 4888 3255 4960 perterritus,
3286 4884 3582 4940 constanti

1932 4983 2097 5038 vultu
2124 4997 2345 5054 aquam
2379 4977 2774 5052 accepit.Vide
2805 4981 3004 5033 autem
3034 4976 3178 5032 mihi
3206 4974 3446 5045 maligni
3475 4974 3583 5029 im-

1931 5072 2303 5144 pudentiam.
2323 5072 2489 5141 Saepe
2502 5068 2875 5140 repulsus,ne
2891 5066 3229 5140 sicquidem
3242 5063 3581 5131 recedebat,

1932 5161 2033 5217 sed
2058 5176 2264 5216 rursus
2286 5160 2344 5215 in
2370 5175 2558 5215 unum
2578 5157 2877 5227 exiis,qui
2902 5164 3107 5213 sancto
3131 5153 3581 5219 ministrabant,

1932 5254 2093 5306 veste
2114 5256 2169 5305 et
2188 5249 2381 5304 forma
2410 5248 2675 5319 seipsum
2710 5251 2971 5310 mutans,
3003 5262 3139 5300 cum
3174 5248 3413 5299 sanctus
3446 5248 3583 5298 tunc

1932 5339 2289 5402 comederet,
2323 5337 2627 5393 lucernam
2660 5337 2712 5391 ei
2741 5335 3103 5407 apponebat.
3152 5333 3367 5390 Deinde
3401 5333 3584 5389 etiam

1932 5427 2245 5484 videbatur
2270 5426 2410 5483 talia
2439 5441 2652 5481 canere
2686 5449 2698 5480 :
2738 5447 2765 5475 α
2791 5424 2947 5481 Beati
2975 5423 3345 5481 immaculati
3370 5424 3431 5479 in
3460 5422 3580 5492 via,
