  <div class='ocr_page' id='page_1' title='image "/cluster/home/n/w/nwhite01/storage/ocr_20150623/115/hvd.32044073502262/037.png"; bbox 0 0 4062 6222; ppageno 0'>
   <div class='ocr_carea' id='block_1_1' title="bbox 506 288 2164 347">
    <p class='ocr_par' dir='ltr' id='par_1_1' title="bbox 506 290 2153 347">
     <span class='ocr_line' id='line_1_1' title="bbox 506 290 2153 347; baseline 0.001 -2"><span class='ocrx_word' id='word_1_1' title='bbox 506 290 577 346; x_wconf 87' lang='grc'>63</span> <span class='ocrx_word' id='word_1_2' title='bbox 1891 290 2153 347; x_wconf 88' lang='lat' dir='ltr'><strong>MENSIS</strong></span> 
     </span>
    </p>
   </div>
   <div class='ocr_carea' id='block_1_2' title="bbox 2282 288 3892 347">
    <p class='ocr_par' dir='ltr' id='par_1_2' title="bbox 2282 289 3892 347">
     <span class='ocr_line' id='line_1_2' title="bbox 2282 289 3892 347; baseline 0.002 -3"><span class='ocrx_word' id='word_1_3' title='bbox 2282 289 2519 347; x_wconf 70' lang='lat' dir='ltr'>LBTIUS</span> <span class='ocrx_word' id='word_1_4' title='bbox 3823 290 3892 347; x_wconf 71' lang='grc'>64</span> 
     </span>
    </p>
   </div>
   <div class='ocr_carea' id='block_1_3' title="bbox 509 410 2164 491">
    <p class='ocr_par' dir='ltr' id='par_1_3' title="bbox 509 417 2164 491">
     <span class='ocr_line' id='line_1_3' title="bbox 509 417 2164 491; baseline -0.001 -18"><span class='ocrx_word' id='word_1_5' title='bbox 509 417 613 491; x_wconf 87' lang='lat' dir='ltr'>qui</span> <span class='ocrx_word' id='word_1_6' title='bbox 639 417 946 474; x_wconf 80' lang='lat' dir='ltr'>ambulant</span> <span class='ocrx_word' id='word_1_7' title='bbox 975 419 1033 475; x_wconf 91' lang='lat' dir='ltr'>in</span> <span class='ocrx_word' id='word_1_8' title='bbox 1067 419 1196 489; x_wconf 84' lang='lat' dir='ltr'>lege</span> <span class='ocrx_word' id='word_1_9' title='bbox 1220 418 1541 475; x_wconf 75' lang='lat' dir='ltr'>domini“.</span> <span class='ocrx_word' id='word_1_10' title='bbox 1575 439 1601 471; x_wconf 89' lang='lat'>»</span> <span class='ocrx_word' id='word_1_11' title='bbox 1637 418 1742 473; x_wconf 88' lang='lat' dir='ltr'>Hic</span> <span class='ocrx_word' id='word_1_12' title='bbox 1773 422 1993 484; x_wconf 89' lang='lat' dir='ltr'>autem,</span> <span class='ocrx_word' id='word_1_13' title='bbox 2031 432 2164 472; x_wconf 83' lang='lat' dir='ltr'>vere</span> 
     </span>
    </p>
   </div>
   <div class='ocr_carea' id='block_1_4' title="bbox 2282 410 3000 491">
    <p class='ocr_par' dir='ltr' id='par_1_4' title="bbox 2282 410 3000 486">
     <span class='ocr_line' id='line_1_4' title="bbox 2282 410 3000 486; baseline -0.003 -19"><span class='ocrx_word' id='word_1_14' title='bbox 2282 412 2426 486; x_wconf 76' lang='grc' dir='ltr'>ᾅδειν</span> <span class='ocrx_word' id='word_1_15' title='bbox 2471 435 2537 467; x_wconf 90' lang='grc' dir='ltr'>τα</span> <span class='ocrx_word' id='word_1_16' title='bbox 2570 420 2788 468; x_wconf 84' lang='grc' dir='ltr'>τοιαῦτα</span> <span class='ocrx_word' id='word_1_17' title='bbox 2831 410 3000 467; x_wconf 74' lang='grc' dir='ltr'>ἐδόκει</span> 
     </span>
    </p>
   </div>
   <div class='ocr_carea' id='block_1_5' title="bbox 506 506 2171 581">
    <p class='ocr_par' dir='ltr' id='par_1_5' title="bbox 506 506 2171 581">
     <span class='ocr_line' id='line_1_5' title="bbox 506 506 2171 581; baseline 0 -18"><span class='ocrx_word' id='word_1_18' title='bbox 506 507 738 577; x_wconf 88' lang='lat' dir='ltr'>beatus,</span> <span class='ocrx_word' id='word_1_19' title='bbox 770 513 895 564; x_wconf 88' lang='lat' dir='ltr'>erat</span> <span class='ocrx_word' id='word_1_20' title='bbox 917 508 1093 580; x_wconf 85' lang='lat' dir='ltr'>plane</span> <span class='ocrx_word' id='word_1_21' title='bbox 1120 509 1359 577; x_wconf 85' lang='lat' dir='ltr'>surdus,</span> <span class='ocrx_word' id='word_1_22' title='bbox 1393 509 1576 581; x_wconf 88' lang='lat' dir='ltr'>utqui</span> <span class='ocrx_word' id='word_1_23' title='bbox 1610 525 1782 563; x_wconf 85' lang='lat' dir='ltr'>aures</span> <span class='ocrx_word' id='word_1_24' title='bbox 1814 509 1891 562; x_wconf 89' lang='lat' dir='ltr'>ad</span> <span class='ocrx_word' id='word_1_25' title='bbox 1911 508 2040 563; x_wconf 70' lang='lat' dir='ltr'>haec</span> <span class='ocrx_word' id='word_1_26' title='bbox 2067 506 2171 563; x_wconf 83' lang='lat' dir='ltr'>ob-</span> 
     </span>
    </p>
   </div>
   <div class='ocr_carea' id='block_1_6' title="bbox 509 597 2171 670">
    <p class='ocr_par' dir='ltr' id='par_1_6' title="bbox 509 597 2171 670">
     <span class='ocr_line' id='line_1_6' title="bbox 509 597 2171 670; baseline -0.001 -18"><span class='ocrx_word' id='word_1_27' title='bbox 509 601 777 662; x_wconf 90' lang='lat' dir='ltr'>strueret,</span> <span class='ocrx_word' id='word_1_28' title='bbox 814 598 1005 653; x_wconf 89' lang='lat' dir='ltr'>donec</span> <span class='ocrx_word' id='word_1_29' title='bbox 1038 599 1292 670; x_wconf 86' lang='lat' dir='ltr'>sumpsit</span> <span class='ocrx_word' id='word_1_30' title='bbox 1327 598 1471 653; x_wconf 93' lang='lat' dir='ltr'>illud</span> <span class='ocrx_word' id='word_1_31' title='bbox 1506 598 1811 653; x_wconf 89' lang='lat' dir='ltr'>modicum</span> <span class='ocrx_word' id='word_1_32' title='bbox 1853 597 1989 651; x_wconf 86' lang='lat' dir='ltr'>cibi.</span> <span class='ocrx_word' id='word_1_33' title='bbox 2036 598 2171 651; x_wconf 87' lang='lat' dir='ltr'>Post</span> 
     </span>
    </p>
   </div>
   <div class='ocr_carea' id='block_1_7' title="bbox 506 684 2170 760">
    <p class='ocr_par' dir='ltr' id='par_1_7' title="bbox 506 684 2170 760">
     <span class='ocr_line' id='line_1_7' title="bbox 506 684 2170 760; baseline -0.001 -19"><span class='ocrx_word' id='word_1_34' title='bbox 506 686 662 742; x_wconf 91' lang='lat' dir='ltr'>hanc</span> <span class='ocrx_word' id='word_1_35' title='bbox 689 690 887 742; x_wconf 90' lang='lat' dir='ltr'>autem</span> <span class='ocrx_word' id='word_1_36' title='bbox 912 702 1163 758; x_wconf 86' lang='lat' dir='ltr'>parvam</span> <span class='ocrx_word' id='word_1_37' title='bbox 1182 688 1447 760; x_wconf 88' lang='lat' dir='ltr'>corporis</span> <span class='ocrx_word' id='word_1_38' title='bbox 1469 687 1862 751; x_wconf 77' lang='lat' dir='ltr'>curationem,</span> <span class='ocrx_word' id='word_1_39' title='bbox 1886 686 2076 741; x_wconf 88' lang='lat' dir='ltr'>crucis</span> <span class='ocrx_word' id='word_1_40' title='bbox 2097 684 2170 739; x_wconf 92' lang='lat' dir='ltr'>si-</span> 
     </span>
    </p>
   </div>
   <div class='ocr_carea' id='block_1_8' title="bbox 508 774 2169 847">
    <p class='ocr_par' dir='ltr' id='par_1_8' title="bbox 508 774 2169 847">
     <span class='ocr_line' id='line_1_8' title="bbox 508 774 2169 847; baseline 0 -18"><span class='ocrx_word' id='word_1_41' title='bbox 508 790 628 844; x_wconf 88' lang='lat' dir='ltr'>gno</span> <span class='ocrx_word' id='word_1_42' title='bbox 660 775 923 830; x_wconf 89' lang='lat' dir='ltr'>munitus</span> <span class='ocrx_word' id='word_1_43' title='bbox 954 793 966 829; x_wconf 93' lang='lat'>:</span> <span class='ocrx_word' id='word_1_44' title='bbox 1005 775 1060 831; x_wconf 91' lang='lat' dir='ltr'>Si</span> <span class='ocrx_word' id='word_1_45' title='bbox 1090 776 1323 844; x_wconf 89' lang='lat' dir='ltr'>beatos,</span> <span class='ocrx_word' id='word_1_46' title='bbox 1355 776 1564 847; x_wconf 87' lang='lat' dir='ltr'>inquit,</span> <span class='ocrx_word' id='word_1_47' title='bbox 1599 776 1755 831; x_wconf 80' lang='lat' dir='ltr'>nosti</span> <span class='ocrx_word' id='word_1_48' title='bbox 1795 792 1917 840; x_wconf 91' lang='lat' dir='ltr'>eos,</span> <span class='ocrx_word' id='word_1_49' title='bbox 1949 774 2053 846; x_wconf 90' lang='lat' dir='ltr'>qui</span> <span class='ocrx_word' id='word_1_50' title='bbox 2084 774 2169 829; x_wconf 91' lang='lat' dir='ltr'>di-</span> 
     </span>
    </p>
   </div>
   <div class='ocr_carea' id='block_1_9' title="bbox 505 862 2169 932">
    <p class='ocr_par' dir='ltr' id='par_1_9' title="bbox 505 862 2169 932">
     <span class='ocr_line' id='line_1_9' title="bbox 505 862 2169 932; baseline 0 -14"><span class='ocrx_word' id='word_1_51' title='bbox 505 863 699 932; x_wconf 88' lang='lat' dir='ltr'>ligunt</span> <span class='ocrx_word' id='word_1_52' title='bbox 729 864 1068 927; x_wconf 89' lang='lat' dir='ltr'>Dominum,</span> <span class='ocrx_word' id='word_1_53' title='bbox 1100 880 1205 920; x_wconf 87' lang='lat' dir='ltr'>cur</span> <span class='ocrx_word' id='word_1_54' title='bbox 1236 881 1357 921; x_wconf 91' lang='lat' dir='ltr'>non</span> <span class='ocrx_word' id='word_1_55' title='bbox 1388 881 1591 921; x_wconf 82' lang='lat' dir='ltr'>cessas</span> <span class='ocrx_word' id='word_1_56' title='bbox 1617 865 1856 921; x_wconf 88' lang='lat' dir='ltr'>assidue</span> <span class='ocrx_word' id='word_1_57' title='bbox 1898 865 1981 919; x_wconf 90' lang='lat' dir='ltr'>eis</span> <span class='ocrx_word' id='word_1_58' title='bbox 2012 862 2169 919; x_wconf 89' lang='lat' dir='ltr'>exhi-</span> 
     </span>
    </p>
   </div>
   <div class='ocr_carea' id='block_1_10' title="bbox 503 952 2167 1026">
    <p class='ocr_par' dir='ltr' id='par_1_10' title="bbox 503 952 2167 1026">
     <span class='ocr_line' id='line_1_10' title="bbox 503 952 2167 1026; baseline 0 -19"><span class='ocrx_word' id='word_1_59' title='bbox 503 952 646 1007; x_wconf 89' lang='lat' dir='ltr'>bere</span> <span class='ocrx_word' id='word_1_60' title='bbox 678 952 1009 1009; x_wconf 74' lang='lat' dir='ltr'>molestiam</span> <span class='ocrx_word' id='word_1_61' title='bbox 1031 954 1058 1008; x_wconf 88' lang='lat'><strong>?</strong></span> <span class='ocrx_word' id='word_1_62' title='bbox 1080 953 1178 1010; x_wconf 89' lang='lat' dir='ltr'>Ille</span> <span class='ocrx_word' id='word_1_63' title='bbox 1195 960 1394 1010; x_wconf 88' lang='lat' dir='ltr'>autem</span> <span class='ocrx_word' id='word_1_64' title='bbox 1413 954 1802 1026; x_wconf 89' lang='lat' dir='ltr'>respondens,</span> <span class='ocrx_word' id='word_1_65' title='bbox 1834 953 1926 1009; x_wconf 88' lang='lat' dir='ltr'>vel</span> <span class='ocrx_word' id='word_1_66' title='bbox 1946 953 2167 1008; x_wconf 91' lang='lat' dir='ltr'>invitus</span> 
     </span>
    </p>
   </div>
   <div class='ocr_carea' id='block_1_11' title="bbox 507 1041 2166 1108">
    <p class='ocr_par' dir='ltr' id='par_1_11' title="bbox 507 1041 2166 1108">
     <span class='ocr_line' id='line_1_11' title="bbox 507 1041 2166 1108; baseline 0 -13"><span class='ocrx_word' id='word_1_67' title='bbox 507 1057 682 1095; x_wconf 92' lang='lat' dir='ltr'>suam</span> <span class='ocrx_word' id='word_1_68' title='bbox 725 1041 1038 1097; x_wconf 87' lang='lat' dir='ltr'>conﬁtetur</span> <span class='ocrx_word' id='word_1_69' title='bbox 1080 1042 1389 1108; x_wconf 75' lang='lat' dir='ltr'>malitiam,</span> <span class='ocrx_word' id='word_1_70' title='bbox 1422 1049 1477 1097; x_wconf 88' lang='lat' dir='ltr'>et</span> <span class='ocrx_word' id='word_1_71' title='bbox 1507 1042 1648 1098; x_wconf 86' lang='lat' dir='ltr'>dicit</span> <span class='ocrx_word' id='word_1_72' title='bbox 1677 1058 1688 1096; x_wconf 92' lang='lat'><strong>:</strong></span> <span class='ocrx_word' id='word_1_73' title='bbox 1733 1042 2029 1107; x_wconf 82' lang='lat' dir='ltr'>Quoniam</span> <span class='ocrx_word' id='word_1_74' title='bbox 2064 1057 2166 1096; x_wconf 90' lang='lat' dir='ltr'>eos</span> 
     </span>
    </p>
   </div>
   <div class='ocr_carea' id='block_1_12' title="bbox 508 1129 2163 1203">
    <p class='ocr_par' dir='ltr' id='par_1_12' title="bbox 508 1129 2163 1203">
     <span class='ocr_line' id='line_1_12' title="bbox 508 1129 2163 1203; baseline -0.002 -18"><span class='ocrx_word' id='word_1_75' title='bbox 508 1129 735 1185; x_wconf 90' lang='lat' dir='ltr'>bonum</span> <span class='ocrx_word' id='word_1_76' title='bbox 771 1146 1041 1186; x_wconf 86' lang='lat' dir='ltr'>exercere</span> <span class='ocrx_word' id='word_1_77' title='bbox 1074 1131 1268 1195; x_wconf 88' lang='lat' dir='ltr'>video,</span> <span class='ocrx_word' id='word_1_78' title='bbox 1293 1148 1401 1187; x_wconf 90' lang='lat' dir='ltr'>nec</span> <span class='ocrx_word' id='word_1_79' title='bbox 1436 1147 1684 1203; x_wconf 91' lang='lat' dir='ltr'>possum</span> <span class='ocrx_word' id='word_1_80' title='bbox 1720 1131 1840 1203; x_wconf 90' lang='lat' dir='ltr'>pati</span> <span class='ocrx_word' id='word_1_81' title='bbox 1866 1130 1927 1186; x_wconf 91' lang='lat' dir='ltr'>id</span> <span class='ocrx_word' id='word_1_82' title='bbox 1945 1129 2163 1186; x_wconf 88' lang='lat' dir='ltr'>videre.</span> 
     </span>
    </p>
   </div>
   <div class='ocr_carea' id='block_1_13' title="bbox 512 1220 1565 1287">
    <p class='ocr_par' dir='ltr' id='par_1_13' title="bbox 512 1220 1565 1287">
     <span class='ocr_line' id='line_1_13' title="bbox 512 1220 1565 1287; baseline 0.001 -14"><span class='ocrx_word' id='word_1_83' title='bbox 512 1220 647 1276; x_wconf 71' lang='lat' dir='ltr'>Haec</span> <span class='ocrx_word' id='word_1_84' title='bbox 676 1236 812 1276; x_wconf 91' lang='lat' dir='ltr'>cum</span> <span class='ocrx_word' id='word_1_85' title='bbox 853 1220 1128 1287; x_wconf 82' lang='lat' dir='ltr'>dixisset,</span> <span class='ocrx_word' id='word_1_86' title='bbox 1172 1221 1371 1277; x_wconf 88' lang='lat' dir='ltr'>statim</span> <span class='ocrx_word' id='word_1_87' title='bbox 1402 1220 1565 1277; x_wconf 89' lang='lat' dir='ltr'>abiit.</span> 
     </span>
    </p>
   </div>
   <div class='ocr_carea' id='block_1_14' title="bbox 583 1483 2166 1556">
    <p class='ocr_par' dir='ltr' id='par_1_14' title="bbox 583 1483 2166 1556">
     <span class='ocr_line' id='line_1_14' title="bbox 583 1483 2166 1556; baseline -0.002 -17"><span class='ocrx_word' id='word_1_88' title='bbox 583 1484 714 1539; x_wconf 81' lang='lat' dir='ltr'><strong>XVI.</strong></span> <span class='ocrx_word' id='word_1_89' title='bbox 749 1483 1023 1541; x_wconf 88' lang='lat' dir='ltr'>Nondum</span> <span class='ocrx_word' id='word_1_90' title='bbox 1040 1487 1241 1540; x_wconf 91' lang='lat' dir='ltr'>autem</span> <span class='ocrx_word' id='word_1_91' title='bbox 1260 1484 1526 1556; x_wconf 89' lang='lat' dir='ltr'>quinque</span> <span class='ocrx_word' id='word_1_92' title='bbox 1548 1483 1674 1539; x_wconf 91' lang='lat' dir='ltr'>dies</span> <span class='ocrx_word' id='word_1_93' title='bbox 1696 1483 2166 1553; x_wconf 79' lang='lat' dir='ltr'>intercesserant,</span> 
     </span>
    </p>
   </div>
   <div class='ocr_carea' id='block_1_15' title="bbox 509 1572 2170 1644">
    <p class='ocr_par' dir='ltr' id='par_1_15' title="bbox 509 1572 2170 1644">
     <span class='ocr_line' id='line_1_15' title="bbox 509 1572 2170 1644; baseline -0.001 -16"><span class='ocrx_word' id='word_1_94' title='bbox 509 1589 647 1629; x_wconf 90' lang='lat' dir='ltr'>cum</span> <span class='ocrx_word' id='word_1_95' title='bbox 679 1573 885 1629; x_wconf 92' lang='lat' dir='ltr'>denuo</span> <span class='ocrx_word' id='word_1_96' title='bbox 912 1589 1048 1629; x_wconf 92' lang='lat' dir='ltr'>eum</span> <span class='ocrx_word' id='word_1_97' title='bbox 1078 1574 1423 1644; x_wconf 78' lang='lat' dir='ltr'>aggreditur</span> <span class='ocrx_word' id='word_1_98' title='bbox 1453 1574 1549 1628; x_wconf 91' lang='lat' dir='ltr'>hic</span> <span class='ocrx_word' id='word_1_99' title='bbox 1579 1588 1774 1629; x_wconf 77' lang='lat' dir='ltr'>saevus</span> <span class='ocrx_word' id='word_1_100' title='bbox 1816 1572 2004 1628; x_wconf 90' lang='lat' dir='ltr'>hostis</span> <span class='ocrx_word' id='word_1_101' title='bbox 2034 1588 2170 1627; x_wconf 90' lang='lat' dir='ltr'>cum</span> 
     </span>
    </p>
   </div>
   <div class='ocr_carea' id='block_1_16' title="bbox 510 1663 2173 1735">
    <p class='ocr_par' dir='ltr' id='par_1_16' title="bbox 510 1663 2173 1735">
     <span class='ocr_line' id='line_1_16' title="bbox 510 1663 2173 1735; baseline -0.002 -17"><span class='ocrx_word' id='word_1_102' title='bbox 510 1663 952 1735; x_wconf 66' lang='lat' dir='ltr'>maligna,qu1e</span> <span class='ocrx_word' id='word_1_103' title='bbox 971 1664 1273 1719; x_wconf 88' lang='lat' dir='ltr'>eratcirca</span> <span class='ocrx_word' id='word_1_104' title='bbox 1297 1664 1523 1734; x_wconf 89' lang='lat' dir='ltr'>ipsum,</span> <span class='ocrx_word' id='word_1_105' title='bbox 1550 1668 1811 1728; x_wconf 85' lang='lat' dir='ltr'>caterva,</span> <span class='ocrx_word' id='word_1_106' title='bbox 1845 1667 1898 1718; x_wconf 92' lang='lat' dir='ltr'>et</span> <span class='ocrx_word' id='word_1_107' title='bbox 1926 1677 2173 1717; x_wconf 90' lang='lat' dir='ltr'>consue-</span> 
     </span>
    </p>
   </div>
   <div class='ocr_carea' id='block_1_17' title="bbox 506 1751 2164 1826">
    <p class='ocr_par' dir='ltr' id='par_1_17' title="bbox 506 1751 2164 1824">
     <span class='ocr_line' id='line_1_17' title="bbox 506 1751 2164 1824; baseline 0 -18"><span class='ocrx_word' id='word_1_108' title='bbox 506 1751 586 1806; x_wconf 86' lang='lat' dir='ltr'>tis</span> <span class='ocrx_word' id='word_1_109' title='bbox 622 1752 749 1807; x_wconf 78' lang='lat' dir='ltr'>suis</span> <span class='ocrx_word' id='word_1_110' title='bbox 783 1752 1072 1807; x_wconf 89' lang='lat' dir='ltr'>machinis</span> <span class='ocrx_word' id='word_1_111' title='bbox 1102 1759 1159 1807; x_wconf 89' lang='lat' dir='ltr'>et</span> <span class='ocrx_word' id='word_1_112' title='bbox 1190 1752 1654 1824; x_wconf 84' lang='lat' dir='ltr'>importunitate.</span> <span class='ocrx_word' id='word_1_113' title='bbox 1684 1751 2046 1807; x_wconf 88' lang='lat' dir='ltr'>Videbantur</span> <span class='ocrx_word' id='word_1_114' title='bbox 2069 1767 2164 1807; x_wconf 90' lang='lat' dir='ltr'>au-</span> 
     </span>
    </p>
   </div>
   <div class='ocr_carea' id='block_1_18' title="bbox 2282 1751 3519 1826">
    <p class='ocr_par' dir='ltr' id='par_1_18' title="bbox 2282 1757 3519 1826">
     <span class='ocr_line' id='line_1_18' title="bbox 2282 1757 3519 1826; baseline -0.001 -19"><span class='ocrx_word' id='word_1_115' title='bbox 2282 1757 2436 1816; x_wconf 86' lang='grc' dir='ltr'>ήθους</span> <span class='ocrx_word' id='word_1_116' title='bbox 2483 1758 2674 1815; x_wconf 77' lang='grc' dir='ltr'>ἐκείνης</span> <span class='ocrx_word' id='word_1_117' title='bbox 2718 1764 2965 1826; x_wconf 81' lang='grc' dir='ltr'>μηχανῆς</span> <span class='ocrx_word' id='word_1_118' title='bbox 3009 1759 3099 1806; x_wconf 84' lang='grc' dir='ltr'>καὶ</span> <span class='ocrx_word' id='word_1_119' title='bbox 3145 1759 3454 1817; x_wconf 83' lang='grc' dir='ltr'>σκαιότητος</span> <span class='ocrx_word' id='word_1_120' title='bbox 3508 1773 3519 1783; x_wconf 90' lang='grc'><strong>·</strong></span> 
     </span>
    </p>
   </div>
   <div class='ocr_carea' id='block_1_19' title="bbox 508 1840 2172 1913">
    <p class='ocr_par' dir='ltr' id='par_1_19' title="bbox 508 1840 2172 1913">
     <span class='ocr_line' id='line_1_19' title="bbox 508 1840 2172 1913; baseline 0 -18"><span class='ocrx_word' id='word_1_121' title='bbox 508 1844 625 1895; x_wconf 89' lang='lat' dir='ltr'>tem</span> <span class='ocrx_word' id='word_1_122' title='bbox 659 1840 903 1896; x_wconf 84' lang='lat' dir='ltr'>funibus</span> <span class='ocrx_word' id='word_1_123' title='bbox 933 1841 1370 1896; x_wconf 89' lang='lat' dir='ltr'>domunculam</span> <span class='ocrx_word' id='word_1_124' title='bbox 1407 1842 1571 1896; x_wconf 91' lang='lat' dir='ltr'>omni</span> <span class='ocrx_word' id='word_1_125' title='bbox 1603 1856 1673 1896; x_wconf 90' lang='lat' dir='ltr'>ex</span> <span class='ocrx_word' id='word_1_126' title='bbox 1704 1845 1871 1913; x_wconf 86' lang='lat' dir='ltr'>parte</span> <span class='ocrx_word' id='word_1_127' title='bbox 1904 1856 2172 1911; x_wconf 88' lang='lat' dir='ltr'>compre-</span> 
     </span>
    </p>
   </div>
   <div class='ocr_carea' id='block_1_20' title="bbox 506 1929 2171 1999">
    <p class='ocr_par' dir='ltr' id='par_1_20' title="bbox 506 1929 2171 1999">
     <span class='ocr_line' id='line_1_20' title="bbox 506 1929 2171 1999; baseline -0.001 -14"><span class='ocrx_word' id='word_1_128' title='bbox 506 1929 809 1999; x_wconf 88' lang='lat' dir='ltr'>hendisse,</span> <span class='ocrx_word' id='word_1_129' title='bbox 843 1936 899 1986; x_wconf 88' lang='lat' dir='ltr'>et</span> <span class='ocrx_word' id='word_1_130' title='bbox 930 1932 1067 1986; x_wconf 86' lang='lat' dir='ltr'>totis</span> <span class='ocrx_word' id='word_1_131' title='bbox 1094 1930 1376 1986; x_wconf 90' lang='lat' dir='ltr'>manibus</span> <span class='ocrx_word' id='word_1_132' title='bbox 1405 1946 1539 1986; x_wconf 89' lang='lat' dir='ltr'>eam</span> <span class='ocrx_word' id='word_1_133' title='bbox 1568 1930 1819 1996; x_wconf 87' lang='lat' dir='ltr'>trahere,</span> <span class='ocrx_word' id='word_1_134' title='bbox 1854 1937 1908 1985; x_wconf 90' lang='lat' dir='ltr'>et</span> <span class='ocrx_word' id='word_1_135' title='bbox 1934 1946 1994 1985; x_wconf 91' lang='lat' dir='ltr'>se</span> <span class='ocrx_word' id='word_1_136' title='bbox 2023 1929 2171 1985; x_wconf 89' lang='lat' dir='ltr'>invi-</span> 
     </span>
    </p>
   </div>
   <div class='ocr_carea' id='block_1_21' title="bbox 509 2018 2168 2088">
    <p class='ocr_par' dir='ltr' id='par_1_21' title="bbox 509 2018 2168 2088">
     <span class='ocr_line' id='line_1_21' title="bbox 509 2018 2168 2088; baseline 0 -16"><span class='ocrx_word' id='word_1_137' title='bbox 509 2034 639 2075; x_wconf 89' lang='lat' dir='ltr'>cem</span> <span class='ocrx_word' id='word_1_138' title='bbox 671 2018 992 2088; x_wconf 84' lang='lat' dir='ltr'>adhortari,</span> <span class='ocrx_word' id='word_1_139' title='bbox 1023 2025 1082 2075; x_wconf 92' lang='lat' dir='ltr'>ut</span> <span class='ocrx_word' id='word_1_140' title='bbox 1114 2020 1239 2074; x_wconf 85' lang='lat' dir='ltr'>ﬁeri</span> <span class='ocrx_word' id='word_1_141' title='bbox 1258 2018 1407 2075; x_wconf 90' lang='lat' dir='ltr'>solet</span> <span class='ocrx_word' id='word_1_142' title='bbox 1428 2019 1487 2073; x_wconf 89' lang='lat' dir='ltr'>in</span> <span class='ocrx_word' id='word_1_143' title='bbox 1515 2018 1921 2075; x_wconf 88' lang='lat' dir='ltr'>multitudine:</span> <span class='ocrx_word' id='word_1_144' title='bbox 1951 2018 2168 2081; x_wconf 86' lang='lat' dir='ltr'>Videte,</span> 
     </span>
    </p>
   </div>
   <div class='ocr_carea' id='block_1_22' title="bbox 509 2107 2173 2180">
    <p class='ocr_par' dir='ltr' id='par_1_22' title="bbox 509 2107 2173 2180">
     <span class='ocr_line' id='line_1_22' title="bbox 509 2107 2173 2180; baseline 0 -18"><span class='ocrx_word' id='word_1_145' title='bbox 509 2107 792 2175; x_wconf 88' lang='lat' dir='ltr'>dicentes,</span> <span class='ocrx_word' id='word_1_146' title='bbox 822 2112 886 2163; x_wconf 93' lang='lat' dir='ltr'>ut</span> <span class='ocrx_word' id='word_1_147' title='bbox 912 2124 1049 2164; x_wconf 92' lang='lat' dir='ltr'>eum</span> <span class='ocrx_word' id='word_1_148' title='bbox 1076 2108 1149 2163; x_wconf 91' lang='lat' dir='ltr'>de</span> <span class='ocrx_word' id='word_1_149' title='bbox 1178 2108 1518 2180; x_wconf 88' lang='lat' dir='ltr'>propinquo</span> <span class='ocrx_word' id='word_1_150' title='bbox 1551 2108 1940 2180; x_wconf 86' lang='lat' dir='ltr'>projiciamus</span> <span class='ocrx_word' id='word_1_151' title='bbox 1970 2107 2173 2178; x_wconf 73' lang='lat' dir='ltr'>praeci-</span> 
     </span>
    </p>
   </div>
   <div class='ocr_carea' id='block_1_23' title="bbox 507 2197 2173 2269">
    <p class='ocr_par' dir='ltr' id='par_1_23' title="bbox 507 2197 2173 2269">
     <span class='ocr_line' id='line_1_23' title="bbox 507 2197 2173 2269; baseline 0 -18"><span class='ocrx_word' id='word_1_152' title='bbox 507 2197 672 2269; x_wconf 92' lang='lat' dir='ltr'>pitio.</span> <span class='ocrx_word' id='word_1_153' title='bbox 706 2197 804 2253; x_wconf 91' lang='lat' dir='ltr'>Ille</span> <span class='ocrx_word' id='word_1_154' title='bbox 835 2203 1032 2253; x_wconf 87' lang='lat' dir='ltr'>autem</span> <span class='ocrx_word' id='word_1_155' title='bbox 1062 2198 1127 2269; x_wconf 92' lang='grc' dir='ltr'>(Ο</span> <span class='ocrx_word' id='word_1_156' title='bbox 1160 2197 1489 2253; x_wconf 90' lang='lat' dir='ltr'>interritum</span> <span class='ocrx_word' id='word_1_157' title='bbox 1519 2198 1811 2263; x_wconf 89' lang='lat' dir='ltr'>animum,</span> <span class='ocrx_word' id='word_1_158' title='bbox 1845 2199 1889 2254; x_wconf 90' lang='grc' dir='ltr'>Ο</span> <span class='ocrx_word' id='word_1_159' title='bbox 1930 2211 2173 2269; x_wconf 83' lang='lat' dir='ltr'>genero-</span> 
     </span>
    </p>
   </div>
   <div class='ocr_carea' id='block_1_24' title="bbox 510 2286 2169 2359">
    <p class='ocr_par' dir='ltr' id='par_1_24' title="bbox 510 2286 2169 2359">
     <span class='ocr_line' id='line_1_24' title="bbox 510 2286 2169 2359; baseline 0.001 -19"><span class='ocrx_word' id='word_1_160' title='bbox 510 2303 643 2341; x_wconf 91' lang='lat' dir='ltr'>sum</span> <span class='ocrx_word' id='word_1_161' title='bbox 660 2286 955 2359; x_wconf 90' lang='lat' dir='ltr'>spiritum)</span> <span class='ocrx_word' id='word_1_162' title='bbox 970 2302 1041 2341; x_wconf 91' lang='lat' dir='ltr'>ne</span> <span class='ocrx_word' id='word_1_163' title='bbox 1058 2287 1141 2342; x_wconf 92' lang='lat' dir='ltr'>sic</span> <span class='ocrx_word' id='word_1_164' title='bbox 1157 2287 1404 2359; x_wconf 88' lang='lat' dir='ltr'>quidem</span> <span class='ocrx_word' id='word_1_165' title='bbox 1430 2286 1731 2359; x_wconf 87' lang='lat' dir='ltr'>pertimuit</span> <span class='ocrx_word' id='word_1_166' title='bbox 1760 2288 2169 2359; x_wconf 91' lang='lat' dir='ltr'>importunum</span> 
     </span>
    </p>
   </div>
   <div class='ocr_carea' id='block_1_25' title="bbox 509 2375 2172 2440">
    <p class='ocr_par' dir='ltr' id='par_1_25' title="bbox 509 2375 2172 2440">
     <span class='ocr_line' id='line_1_25' title="bbox 509 2375 2172 2440; baseline -0.001 -10"><span class='ocrx_word' id='word_1_167' title='bbox 509 2375 854 2430; x_wconf 88' lang='lat' dir='ltr'>inventum:</span> <span class='ocrx_word' id='word_1_168' title='bbox 891 2376 995 2431; x_wconf 91' lang='lat' dir='ltr'>sed</span> <span class='ocrx_word' id='word_1_169' title='bbox 1029 2375 1309 2431; x_wconf 84' lang='lat' dir='ltr'>dicebat:</span> <span class='ocrx_word' id='word_1_170' title='bbox 1349 2396 1376 2427; x_wconf 88' lang='lat'>«</span> <span class='ocrx_word' id='word_1_171' title='bbox 1410 2375 1939 2431; x_wconf 86' lang='lat' dir='ltr'>Circumdederunt</span> <span class='ocrx_word' id='word_1_172' title='bbox 1960 2391 2076 2440; x_wconf 89' lang='lat' dir='ltr'>me,</span> <span class='ocrx_word' id='word_1_173' title='bbox 2099 2375 2172 2429; x_wconf 89' lang='lat' dir='ltr'>si-</span> 
     </span>
    </p>
   </div>
   <div class='ocr_carea' id='block_1_26' title="bbox 510 2464 2168 2535">
    <p class='ocr_par' dir='ltr' id='par_1_26' title="bbox 510 2464 2168 2535">
     <span class='ocr_line' id='line_1_26' title="bbox 510 2464 2168 2535; baseline 0 -16"><span class='ocrx_word' id='word_1_174' title='bbox 510 2469 608 2519; x_wconf 90' lang='lat' dir='ltr'>cut</span> <span class='ocrx_word' id='word_1_175' title='bbox 636 2480 781 2535; x_wconf 90' lang='lat' dir='ltr'>apes</span> <span class='ocrx_word' id='word_1_176' title='bbox 800 2464 999 2519; x_wconf 83' lang='lat' dir='ltr'>favum</span> <span class='ocrx_word' id='word_1_177' title='bbox 1022 2481 1035 2519; x_wconf 76' lang='grc' dir='ltr'>ε</span> <span class='ocrx_word' id='word_1_178' title='bbox 1056 2469 1111 2519; x_wconf 92' lang='lat' dir='ltr'>et</span> <span class='ocrx_word' id='word_1_179' title='bbox 1128 2470 1481 2520; x_wconf 89' lang='lat' dir='ltr'>exarserunt</span> <span class='ocrx_word' id='word_1_180' title='bbox 1503 2464 1653 2519; x_wconf 86' lang='lat' dir='ltr'>sicut</span> <span class='ocrx_word' id='word_1_181' title='bbox 1678 2465 1832 2531; x_wconf 78' lang='lat' dir='ltr'>ignis</span> <span class='ocrx_word' id='word_1_182' title='bbox 1855 2464 1912 2519; x_wconf 93' lang='lat' dir='ltr'>in</span> <span class='ocrx_word' id='word_1_183' title='bbox 1946 2464 2130 2535; x_wconf 89' lang='lat' dir='ltr'>spinis</span> <span class='ocrx_word' id='word_1_184' title='bbox 2155 2480 2168 2519; x_wconf 90' lang='lat'><strong>:</strong></span> 
     </span>
    </p>
   </div>
   <div class='ocr_carea' id='block_1_27' title="bbox 510 2552 2171 2609">
    <p class='ocr_par' dir='ltr' id='par_1_27' title="bbox 510 2552 2171 2609">
     <span class='ocr_line' id='line_1_27' title="bbox 510 2552 2171 2609; baseline 0 -2"><span class='ocrx_word' id='word_1_185' title='bbox 510 2558 567 2608; x_wconf 89' lang='lat' dir='ltr'>et</span> <span class='ocrx_word' id='word_1_186' title='bbox 596 2552 656 2607; x_wconf 91' lang='lat' dir='ltr'>in</span> <span class='ocrx_word' id='word_1_187' title='bbox 688 2554 933 2609; x_wconf 89' lang='lat' dir='ltr'>nomine</span> <span class='ocrx_word' id='word_1_188' title='bbox 968 2554 1197 2608; x_wconf 90' lang='lat' dir='ltr'>Domini</span> <span class='ocrx_word' id='word_1_189' title='bbox 1235 2553 1391 2608; x_wconf 90' lang='lat' dir='ltr'>ultus</span> <span class='ocrx_word' id='word_1_190' title='bbox 1424 2568 1559 2608; x_wconf 91' lang='lat' dir='ltr'>sum</span> <span class='ocrx_word' id='word_1_191' title='bbox 1602 2569 1705 2608; x_wconf 90' lang='lat' dir='ltr'>eos</span> <span class='ocrx_word' id='word_1_192' title='bbox 1735 2556 1803 2607; x_wconf 66' lang='grc' dir='ltr'>η.</span> <span class='ocrx_word' id='word_1_193' title='bbox 1849 2576 1875 2603; x_wconf 92' lang='grc'>››</span> <span class='ocrx_word' id='word_1_194' title='bbox 1913 2554 2043 2608; x_wconf 68' lang='grc' dir='ltr'>Ηωο</span> <span class='ocrx_word' id='word_1_195' title='bbox 2078 2552 2171 2607; x_wconf 89' lang='lat' dir='ltr'>ille</span> 
     </span>
    </p>
   </div>
   <div class='ocr_carea' id='block_1_28' title="bbox 510 2641 2172 2714">
    <p class='ocr_par' dir='ltr' id='par_1_28' title="bbox 510 2641 2172 2714">
     <span class='ocr_line' id='line_1_28' title="bbox 510 2641 2172 2714; baseline 0.001 -19"><span class='ocrx_word' id='word_1_196' title='bbox 510 2641 758 2714; x_wconf 89' lang='lat' dir='ltr'>quidem</span> <span class='ocrx_word' id='word_1_197' title='bbox 786 2641 948 2713; x_wconf 89' lang='lat' dir='ltr'>apud</span> <span class='ocrx_word' id='word_1_198' title='bbox 973 2658 1035 2696; x_wconf 91' lang='lat' dir='ltr'>se</span> <span class='ocrx_word' id='word_1_199' title='bbox 1057 2642 1314 2698; x_wconf 87' lang='lat' dir='ltr'>dicebat.</span> <span class='ocrx_word' id='word_1_200' title='bbox 1348 2641 1430 2697; x_wconf 88' lang='lat' dir='ltr'>Illi</span> <span class='ocrx_word' id='word_1_201' title='bbox 1463 2648 1661 2698; x_wconf 91' lang='lat' dir='ltr'>autem</span> <span class='ocrx_word' id='word_1_202' title='bbox 1690 2659 1826 2697; x_wconf 87' lang='lat' dir='ltr'>cum</span> <span class='ocrx_word' id='word_1_203' title='bbox 1846 2657 2068 2713; x_wconf 89' lang='lat' dir='ltr'>magno</span> <span class='ocrx_word' id='word_1_204' title='bbox 2088 2642 2172 2696; x_wconf 82' lang='lat' dir='ltr'>fu-</span> 
     </span>
    </p>
   </div>
   <div class='ocr_carea' id='block_1_29' title="bbox 511 2730 2172 2803">
    <p class='ocr_par' dir='ltr' id='par_1_29' title="bbox 511 2730 2172 2803">
     <span class='ocr_line' id='line_1_29' title="bbox 511 2730 2172 2803; baseline 0 -18"><span class='ocrx_word' id='word_1_205' title='bbox 511 2731 631 2800; x_wconf 89' lang='lat' dir='ltr'>gati</span> <span class='ocrx_word' id='word_1_206' title='bbox 653 2736 791 2786; x_wconf 91' lang='lat' dir='ltr'>sunt</span> <span class='ocrx_word' id='word_1_207' title='bbox 812 2730 1043 2796; x_wconf 89' lang='lat' dir='ltr'>timore,</span> <span class='ocrx_word' id='word_1_208' title='bbox 1077 2737 1364 2803; x_wconf 88' lang='lat' dir='ltr'>tanquam</span> <span class='ocrx_word' id='word_1_209' title='bbox 1384 2732 1601 2801; x_wconf 84' lang='lat' dir='ltr'>egregii</span> <span class='ocrx_word' id='word_1_210' title='bbox 1634 2731 1888 2802; x_wconf 88' lang='lat' dir='ltr'>alicujus</span> <span class='ocrx_word' id='word_1_211' title='bbox 1916 2732 2172 2803; x_wconf 85' lang='lat' dir='ltr'>impera-</span> 
     </span>
    </p>
   </div>
   <div class='ocr_carea' id='block_1_30' title="bbox 510 2819 2168 2893">
    <p class='ocr_par' dir='ltr' id='par_1_30' title="bbox 510 2819 2168 2893">
     <span class='ocr_line' id='line_1_30' title="bbox 510 2819 2168 2893; baseline 0.001 -18"><span class='ocrx_word' id='word_1_212' title='bbox 510 2820 671 2886; x_wconf 87' lang='lat' dir='ltr'>toris,</span> <span class='ocrx_word' id='word_1_213' title='bbox 696 2836 770 2876; x_wconf 90' lang='lat' dir='ltr'>ne</span> <span class='ocrx_word' id='word_1_214' title='bbox 794 2819 989 2877; x_wconf 88' lang='lat' dir='ltr'>minas</span> <span class='ocrx_word' id='word_1_215' title='bbox 1011 2821 1257 2893; x_wconf 89' lang='lat' dir='ltr'>quidem</span> <span class='ocrx_word' id='word_1_216' title='bbox 1286 2820 1441 2876; x_wconf 89' lang='lat' dir='ltr'>solas</span> <span class='ocrx_word' id='word_1_217' title='bbox 1465 2820 1850 2876; x_wconf 84' lang='lat' dir='ltr'>sustinentes.</span> <span class='ocrx_word' id='word_1_218' title='bbox 1876 2820 2061 2893; x_wconf 87' lang='lat' dir='ltr'>Atque</span> <span class='ocrx_word' id='word_1_219' title='bbox 2085 2820 2168 2877; x_wconf 90' lang='lat' dir='ltr'>sic</span> 
     </span>
    </p>
   </div>
   <div class='ocr_carea' id='block_1_31' title="bbox 508 2909 2167 2981">
    <p class='ocr_par' dir='ltr' id='par_1_31' title="bbox 508 2909 2167 2981">
     <span class='ocr_line' id='line_1_31' title="bbox 508 2909 2167 2981; baseline 0.001 -18"><span class='ocrx_word' id='word_1_220' title='bbox 508 2909 756 2979; x_wconf 87' lang='lat' dir='ltr'>quidem</span> <span class='ocrx_word' id='word_1_221' title='bbox 788 2914 1212 2965; x_wconf 87' lang='lat' dir='ltr'>sacrosanctus</span> <span class='ocrx_word' id='word_1_222' title='bbox 1254 2909 1592 2974; x_wconf 86' lang='lat' dir='ltr'>Abramius,</span> <span class='ocrx_word' id='word_1_223' title='bbox 1635 2910 1736 2981; x_wconf 90' lang='lat' dir='ltr'>qui</span> <span class='ocrx_word' id='word_1_224' title='bbox 1779 2910 1855 2964; x_wconf 89' lang='lat' dir='ltr'>ad</span> <span class='ocrx_word' id='word_1_225' title='bbox 1886 2909 2167 2980; x_wconf 80' lang='lat' dir='ltr'>spiritalis</span> 
     </span>
    </p>
   </div>
   <div class='ocr_carea' id='block_1_32' title="bbox 510 2997 1984 3069">
    <p class='ocr_par' dir='ltr' id='par_1_32' title="bbox 510 2997 1984 3069">
     <span class='ocr_line' id='line_1_32' title="bbox 510 2997 1984 3069; baseline 0 -17"><span class='ocrx_word' id='word_1_226' title='bbox 510 2997 905 3069; x_wconf 82' lang='lat' dir='ltr'>philosophiae</span> <span class='ocrx_word' id='word_1_227' title='bbox 936 3002 1163 3054; x_wconf 86' lang='lat' dir='ltr'>tantam</span> <span class='ocrx_word' id='word_1_228' title='bbox 1195 2998 1549 3053; x_wconf 84' lang='lat' dir='ltr'>ascenderat</span> <span class='ocrx_word' id='word_1_229' title='bbox 1590 2997 1984 3053; x_wconf 87' lang='lat' dir='ltr'>altitudinem.</span> 
     </span>
    </p>
   </div>
   <div class='ocr_carea' id='block_1_33' title="bbox 580 3174 2162 3247">
    <p class='ocr_par' dir='ltr' id='par_1_33' title="bbox 580 3174 2162 3247">
     <span class='ocr_line' id='line_1_33' title="bbox 580 3174 2162 3247; baseline -0.001 -16"><span class='ocrx_word' id='word_1_230' title='bbox 580 3176 738 3231; x_wconf 82' lang='lat' dir='ltr'><strong>XVII.</strong></span> <span class='ocrx_word' id='word_1_231' title='bbox 774 3177 951 3231; x_wconf 88' lang='lat' dir='ltr'>Porro</span> <span class='ocrx_word' id='word_1_232' title='bbox 982 3179 1181 3231; x_wconf 80' lang='lat' dir='ltr'>autem</span> <span class='ocrx_word' id='word_1_233' title='bbox 1214 3176 1272 3230; x_wconf 91' lang='lat' dir='ltr'>in</span> <span class='ocrx_word' id='word_1_234' title='bbox 1305 3175 1393 3241; x_wconf 89' lang='lat' dir='ltr'>iis,</span> <span class='ocrx_word' id='word_1_235' title='bbox 1426 3191 1561 3247; x_wconf 70' lang='lat' dir='ltr'>quae</span> <span class='ocrx_word' id='word_1_236' title='bbox 1592 3175 1665 3231; x_wconf 91' lang='lat' dir='ltr'>de</span> <span class='ocrx_word' id='word_1_237' title='bbox 1695 3174 1795 3230; x_wconf 91' lang='lat' dir='ltr'>illo</span> <span class='ocrx_word' id='word_1_238' title='bbox 1826 3180 2162 3241; x_wconf 87' lang='lat' dir='ltr'>narrantur,</span> 
     </span>
    </p>
   </div>
   <div class='ocr_carea' id='block_1_34' title="bbox 507 3263 2167 3336">
    <p class='ocr_par' dir='ltr' id='par_1_34' title="bbox 507 3263 2167 3336">
     <span class='ocr_line' id='line_1_34' title="bbox 507 3263 2167 3336; baseline 0 -16"><span class='ocrx_word' id='word_1_239' title='bbox 507 3263 637 3320; x_wconf 61' lang='lat' dir='ltr'>haec</span> <span class='ocrx_word' id='word_1_240' title='bbox 666 3280 909 3336; x_wconf 87' lang='lat' dir='ltr'>quoque</span> <span class='ocrx_word' id='word_1_241' title='bbox 938 3264 1160 3320; x_wconf 89' lang='lat' dir='ltr'>addere</span> <span class='ocrx_word' id='word_1_242' title='bbox 1191 3270 1443 3336; x_wconf 82' lang='lat' dir='ltr'>oportet,</span> <span class='ocrx_word' id='word_1_243' title='bbox 1474 3280 1633 3336; x_wconf 68' lang='lat' dir='ltr'>quas,</span> <span class='ocrx_word' id='word_1_244' title='bbox 1664 3264 1826 3335; x_wconf 91' lang='lat' dir='ltr'>quod</span> <span class='ocrx_word' id='word_1_245' title='bbox 1858 3264 2063 3320; x_wconf 90' lang='lat' dir='ltr'>attinet</span> <span class='ocrx_word' id='word_1_246' title='bbox 2088 3264 2167 3320; x_wconf 87' lang='lat' dir='ltr'>ad</span> 
     </span>
    </p>
   </div>
   <div class='ocr_carea' id='block_1_35' title="bbox 509 3353 2166 3425">
    <p class='ocr_par' dir='ltr' id='par_1_35' title="bbox 509 3353 2166 3425">
     <span class='ocr_line' id='line_1_35' title="bbox 509 3353 2166 3425; baseline 0.001 -17"><span class='ocrx_word' id='word_1_247' title='bbox 509 3354 990 3419; x_wconf 83' lang='lat' dir='ltr'>admirationem,</span> <span class='ocrx_word' id='word_1_248' title='bbox 1015 3353 1158 3408; x_wconf 91' lang='lat' dir='ltr'>nulli</span> <span class='ocrx_word' id='word_1_249' title='bbox 1176 3354 1396 3409; x_wconf 90' lang='lat' dir='ltr'>cedunt</span> <span class='ocrx_word' id='word_1_250' title='bbox 1422 3370 1491 3409; x_wconf 88' lang='lat' dir='ltr'>ex</span> <span class='ocrx_word' id='word_1_251' title='bbox 1516 3354 1832 3425; x_wconf 87' lang='lat' dir='ltr'>prioribus,</span> <span class='ocrx_word' id='word_1_252' title='bbox 1867 3354 2029 3425; x_wconf 91' lang='lat' dir='ltr'>quod</span> <span class='ocrx_word' id='word_1_253' title='bbox 2058 3356 2166 3409; x_wconf 82' lang='lat' dir='ltr'>sci-</span> 
     </span>
    </p>
   </div>
   <div class='ocr_carea' id='block_1_36' title="bbox 506 3442 2167 3514">
    <p class='ocr_par' dir='ltr' id='par_1_36' title="bbox 506 3442 2167 3514">
     <span class='ocr_line' id='line_1_36' title="bbox 506 3442 2167 3514; baseline 0.001 -16"><span class='ocrx_word' id='word_1_254' title='bbox 506 3442 641 3498; x_wconf 85' lang='lat' dir='ltr'>licet</span> <span class='ocrx_word' id='word_1_255' title='bbox 660 3458 781 3498; x_wconf 90' lang='lat' dir='ltr'>non</span> <span class='ocrx_word' id='word_1_256' title='bbox 806 3442 1001 3498; x_wconf 92' lang='lat' dir='ltr'>solum</span> <span class='ocrx_word' id='word_1_257' title='bbox 1026 3442 1227 3499; x_wconf 70' lang='lat' dir='ltr'>ltetum</span> <span class='ocrx_word' id='word_1_258' title='bbox 1242 3442 1478 3499; x_wconf 90' lang='lat' dir='ltr'>radium</span> <span class='ocrx_word' id='word_1_259' title='bbox 1498 3459 1733 3514; x_wconf 83' lang='lat' dir='ltr'>semper</span> <span class='ocrx_word' id='word_1_260' title='bbox 1754 3459 1785 3498; x_wconf 82' lang='grc' dir='ltr'>θ</span> <span class='ocrx_word' id='word_1_261' title='bbox 1818 3443 1979 3498; x_wconf 92' lang='lat' dir='ltr'>vultu</span> <span class='ocrx_word' id='word_1_262' title='bbox 2002 3445 2167 3499; x_wconf 89' lang='lat' dir='ltr'>emit-</span> 
     </span>
    </p>
   </div>
   <div class='ocr_carea' id='block_1_37' title="bbox 508 3531 2167 3604">
    <p class='ocr_par' dir='ltr' id='par_1_37' title="bbox 508 3531 2167 3604">
     <span class='ocr_line' id='line_1_37' title="bbox 508 3531 2167 3604; baseline 0.002 -18"><span class='ocrx_word' id='word_1_263' title='bbox 508 3535 672 3595; x_wconf 89' lang='lat' dir='ltr'>teret,</span> <span class='ocrx_word' id='word_1_264' title='bbox 699 3531 805 3587; x_wconf 89' lang='lat' dir='ltr'>etsi</span> <span class='ocrx_word' id='word_1_265' title='bbox 836 3548 957 3587; x_wconf 91' lang='lat' dir='ltr'>non</span> <span class='ocrx_word' id='word_1_266' title='bbox 979 3540 1135 3587; x_wconf 88' lang='lat' dir='ltr'>esset</span> <span class='ocrx_word' id='word_1_267' title='bbox 1164 3532 1412 3588; x_wconf 90' lang='lat' dir='ltr'>robusto</span> <span class='ocrx_word' id='word_1_268' title='bbox 1429 3549 1701 3604; x_wconf 90' lang='lat' dir='ltr'>corpore,</span> <span class='ocrx_word' id='word_1_269' title='bbox 1725 3533 1846 3588; x_wconf 92' lang='lat' dir='ltr'>imo</span> <span class='ocrx_word' id='word_1_270' title='bbox 1879 3548 1914 3588; x_wconf 92' lang='lat' dir='ltr'>a</span> <span class='ocrx_word' id='word_1_271' title='bbox 1944 3548 2167 3603; x_wconf 88' lang='lat' dir='ltr'>magna</span> 
     </span>
    </p>
   </div>
   <div class='ocr_carea' id='block_1_38' title="bbox 507 3620 2160 3694">
    <p class='ocr_par' dir='ltr' id='par_1_38' title="bbox 507 3620 2160 3694">
     <span class='ocr_line' id='line_1_38' title="bbox 507 3620 2160 3694; baseline -0.003 -18"><span class='ocrx_word' id='word_1_272' title='bbox 507 3620 872 3676; x_wconf 88' lang='lat' dir='ltr'>abstinentia</span> <span class='ocrx_word' id='word_1_273' title='bbox 901 3621 1198 3677; x_wconf 85' lang='lat' dir='ltr'>videretur</span> <span class='ocrx_word' id='word_1_274' title='bbox 1232 3627 1645 3694; x_wconf 90' lang='lat' dir='ltr'>consumptus,</span> <span class='ocrx_word' id='word_1_275' title='bbox 1680 3628 1736 3677; x_wconf 88' lang='lat' dir='ltr'>et</span> <span class='ocrx_word' id='word_1_276' title='bbox 1764 3621 2118 3689; x_wconf 86' lang='lat' dir='ltr'>liquefactus</span> <span class='ocrx_word' id='word_1_277' title='bbox 2149 3639 2160 3671; x_wconf 90' lang='lat'><strong>:</strong></span> 
     </span>
    </p>
   </div>
   <div class='ocr_carea' id='block_1_39' title="bbox 507 3709 2165 3783">
    <p class='ocr_par' dir='ltr' id='par_1_39' title="bbox 507 3709 2165 3783">
     <span class='ocr_line' id='line_1_39' title="bbox 507 3709 2165 3783; baseline 0.002 -19"><span class='ocrx_word' id='word_1_278' title='bbox 507 3709 611 3765; x_wconf 91' lang='lat' dir='ltr'>sed</span> <span class='ocrx_word' id='word_1_279' title='bbox 633 3711 832 3774; x_wconf 92' lang='lat' dir='ltr'>etiam,</span> <span class='ocrx_word' id='word_1_280' title='bbox 863 3711 1025 3783; x_wconf 91' lang='lat' dir='ltr'>quod</span> <span class='ocrx_word' id='word_1_281' title='bbox 1056 3716 1321 3783; x_wconf 89' lang='lat' dir='ltr'>tempore</span> <span class='ocrx_word' id='word_1_282' title='bbox 1351 3711 1570 3767; x_wconf 74' lang='lat' dir='ltr'>ultimae</span> <span class='ocrx_word' id='word_1_283' title='bbox 1600 3711 1968 3781; x_wconf 87' lang='lat' dir='ltr'>migrationis</span> <span class='ocrx_word' id='word_1_284' title='bbox 1995 3716 2050 3767; x_wconf 92' lang='lat' dir='ltr'>et</span> <span class='ocrx_word' id='word_1_285' title='bbox 2079 3727 2165 3767; x_wconf 85' lang='lat' dir='ltr'>re-</span> 
     </span>
    </p>
   </div>
   <div class='ocr_carea' id='block_1_40' title="bbox 507 3798 2162 3871">
    <p class='ocr_par' dir='ltr' id='par_1_40' title="bbox 507 3798 2162 3871">
     <span class='ocr_line' id='line_1_40' title="bbox 507 3798 2162 3871; baseline 0.001 -18"><span class='ocrx_word' id='word_1_286' title='bbox 507 3798 821 3855; x_wconf 91' lang='lat' dir='ltr'>solutionis</span> <span class='ocrx_word' id='word_1_287' title='bbox 841 3800 892 3854; x_wconf 89' lang='lat' dir='ltr'>is</span> <span class='ocrx_word' id='word_1_288' title='bbox 913 3800 1113 3864; x_wconf 88' lang='lat' dir='ltr'>rubor,</span> <span class='ocrx_word' id='word_1_289' title='bbox 1140 3816 1322 3870; x_wconf 89' lang='lat' dir='ltr'>quem</span> <span class='ocrx_word' id='word_1_290' title='bbox 1340 3801 1551 3856; x_wconf 87' lang='lat' dir='ltr'>habuit</span> <span class='ocrx_word' id='word_1_291' title='bbox 1571 3802 1628 3855; x_wconf 91' lang='lat' dir='ltr'>in</span> <span class='ocrx_word' id='word_1_292' title='bbox 1647 3801 1969 3871; x_wconf 85' lang='lat' dir='ltr'>juventute,</span> <span class='ocrx_word' id='word_1_293' title='bbox 1992 3817 2162 3856; x_wconf 89' lang='lat' dir='ltr'>suam</span> 
     </span>
    </p>
   </div>
   <div class='ocr_carea' id='block_1_41' title="bbox 506 3888 2161 3959">
    <p class='ocr_par' dir='ltr' id='par_1_41' title="bbox 506 3888 2161 3959">
     <span class='ocr_line' id='line_1_41' title="bbox 506 3888 2161 3959; baseline 0.001 -16"><span class='ocrx_word' id='word_1_294' title='bbox 506 3903 630 3943; x_wconf 91' lang='lat' dir='ltr'>non</span> <span class='ocrx_word' id='word_1_295' title='bbox 660 3888 960 3958; x_wconf 76' lang='lat' dir='ltr'>ignoraret</span> <span class='ocrx_word' id='word_1_296' title='bbox 983 3894 1277 3957; x_wconf 86' lang='lat' dir='ltr'>naturam,</span> <span class='ocrx_word' id='word_1_297' title='bbox 1303 3906 1439 3945; x_wconf 92' lang='lat' dir='ltr'>cum</span> <span class='ocrx_word' id='word_1_298' title='bbox 1471 3890 1668 3945; x_wconf 90' lang='lat' dir='ltr'>adhuc</span> <span class='ocrx_word' id='word_1_299' title='bbox 1697 3890 1939 3959; x_wconf 82' lang='lat' dir='ltr'>vigeret,</span> <span class='ocrx_word' id='word_1_300' title='bbox 1970 3895 2025 3945; x_wconf 91' lang='lat' dir='ltr'>et</span> <span class='ocrx_word' id='word_1_301' title='bbox 2055 3889 2161 3945; x_wconf 89' lang='lat' dir='ltr'>ﬂo-</span> 
     </span>
    </p>
   </div>
   <div class='ocr_carea' id='block_1_42' title="bbox 504 3976 2158 4050">
    <p class='ocr_par' dir='ltr' id='par_1_42' title="bbox 504 3976 2158 4050">
     <span class='ocr_line' id='line_1_42' title="bbox 504 3976 2158 4050; baseline 0.001 -18"><span class='ocrx_word' id='word_1_302' title='bbox 504 3976 673 4032; x_wconf 89' lang='lat' dir='ltr'>ridus</span> <span class='ocrx_word' id='word_1_303' title='bbox 705 3977 766 4032; x_wconf 91' lang='lat' dir='ltr'>in</span> <span class='ocrx_word' id='word_1_304' title='bbox 798 3977 965 4048; x_wconf 89' lang='lat' dir='ltr'>genis</span> <span class='ocrx_word' id='word_1_305' title='bbox 986 3976 1271 4034; x_wconf 87' lang='lat' dir='ltr'>insideret</span> <span class='ocrx_word' id='word_1_306' title='bbox 1301 3994 1313 4033; x_wconf 91' lang='lat'>:</span> <span class='ocrx_word' id='word_1_307' title='bbox 1339 3978 1567 4050; x_wconf 91' lang='lat' dir='ltr'>etquod</span> <span class='ocrx_word' id='word_1_308' title='bbox 1596 3984 1683 4034; x_wconf 89' lang='lat' dir='ltr'>est</span> <span class='ocrx_word' id='word_1_309' title='bbox 1712 3978 1805 4033; x_wconf 89' lang='lat' dir='ltr'>his</span> <span class='ocrx_word' id='word_1_310' title='bbox 1831 3978 2006 4047; x_wconf 84' lang='lat' dir='ltr'>longe</span> <span class='ocrx_word' id='word_1_311' title='bbox 2037 3979 2158 4049; x_wconf 89' lang='lat' dir='ltr'>pul-</span> 
     </span>
    </p>
   </div>
   <div class='ocr_carea' id='block_1_43' title="bbox 507 4066 2162 4137">
    <p class='ocr_par' dir='ltr' id='par_1_43' title="bbox 507 4066 2162 4137">
     <span class='ocr_line' id='line_1_43' title="bbox 507 4066 2162 4137; baseline 0.001 -16"><span class='ocrx_word' id='word_1_312' title='bbox 507 4066 725 4130; x_wconf 87' lang='lat' dir='ltr'>chrius,</span> <span class='ocrx_word' id='word_1_313' title='bbox 761 4066 966 4137; x_wconf 89' lang='lat' dir='ltr'>panni,</span> <span class='ocrx_word' id='word_1_314' title='bbox 999 4066 1219 4137; x_wconf 89' lang='lat' dir='ltr'>quibus</span> <span class='ocrx_word' id='word_1_315' title='bbox 1252 4071 1379 4122; x_wconf 89' lang='lat' dir='ltr'>erat</span> <span class='ocrx_word' id='word_1_316' title='bbox 1414 4066 1680 4135; x_wconf 90' lang='lat' dir='ltr'>indutus,</span> <span class='ocrx_word' id='word_1_317' title='bbox 1723 4072 1845 4122; x_wconf 90' lang='lat' dir='ltr'>toto</span> <span class='ocrx_word' id='word_1_318' title='bbox 1876 4068 1974 4122; x_wconf 92' lang='lat' dir='ltr'>illo</span> <span class='ocrx_word' id='word_1_319' title='bbox 2006 4073 2162 4122; x_wconf 90' lang='lat' dir='ltr'>tem-</span> 
     </span>
    </p>
   </div>
   <div class='ocr_carea' id='block_1_44' title="bbox 506 4154 2163 4226">
    <p class='ocr_par' dir='ltr' id='par_1_44' title="bbox 506 4154 2163 4226">
     <span class='ocr_line' id='line_1_44' title="bbox 506 4154 2163 4226; baseline 0.001 -18"><span class='ocrx_word' id='word_1_320' title='bbox 506 4170 671 4226; x_wconf 89' lang='lat' dir='ltr'>pore,</span> <span class='ocrx_word' id='word_1_321' title='bbox 700 4170 822 4225; x_wconf 91' lang='lat' dir='ltr'>quo</span> <span class='ocrx_word' id='word_1_322' title='bbox 854 4169 914 4208; x_wconf 90' lang='lat' dir='ltr'>se</span> <span class='ocrx_word' id='word_1_323' title='bbox 945 4154 1206 4209; x_wconf 84' lang='lat' dir='ltr'>exercuit</span> <span class='ocrx_word' id='word_1_324' title='bbox 1228 4155 1309 4223; x_wconf 90' lang='lat' dir='ltr'>(in</span> <span class='ocrx_word' id='word_1_325' title='bbox 1341 4154 1761 4210; x_wconf 81' lang='lat' dir='ltr'>exercitatione</span> <span class='ocrx_word' id='word_1_326' title='bbox 1788 4160 1986 4211; x_wconf 82' lang='lat' dir='ltr'>autem</span> <span class='ocrx_word' id='word_1_327' title='bbox 2020 4156 2163 4211; x_wconf 87' lang='lat' dir='ltr'>vixit</span> 
     </span>
    </p>
   </div>
   <div class='ocr_carea' id='block_1_45' title="bbox 505 4242 2158 4316">
    <p class='ocr_par' dir='ltr' id='par_1_45' title="bbox 505 4242 2158 4316">
     <span class='ocr_line' id='line_1_45' title="bbox 505 4242 2158 4316; baseline 0.002 -20"><span class='ocrx_word' id='word_1_328' title='bbox 505 4242 825 4298; x_wconf 85' lang='lat' dir='ltr'>Abramius</span> <span class='ocrx_word' id='word_1_329' title='bbox 853 4243 1291 4315; x_wconf 86' lang='lat' dir='ltr'>quinquaginta</span> <span class='ocrx_word' id='word_1_330' title='bbox 1316 4246 1526 4312; x_wconf 90' lang='lat' dir='ltr'>annos)</span> <span class='ocrx_word' id='word_1_331' title='bbox 1558 4259 1676 4298; x_wconf 91' lang='lat' dir='ltr'>non</span> <span class='ocrx_word' id='word_1_332' title='bbox 1698 4248 2006 4299; x_wconf 90' lang='lat' dir='ltr'>cesserunt</span> <span class='ocrx_word' id='word_1_333' title='bbox 2030 4260 2158 4316; x_wconf 86' lang='lat' dir='ltr'>pro-</span> 
     </span>
    </p>
   </div>
   <div class='ocr_carea' id='block_1_46' title="bbox 502 4329 2162 4405">
    <p class='ocr_par' dir='ltr' id='par_1_46' title="bbox 502 4329 2162 4405">
     <span class='ocr_line' id='line_1_46' title="bbox 502 4329 2162 4405; baseline 0.001 -17"><span class='ocrx_word' id='word_1_334' title='bbox 502 4329 712 4388; x_wconf 85' lang='lat' dir='ltr'>lixitati</span> <span class='ocrx_word' id='word_1_335' title='bbox 740 4331 1043 4402; x_wconf 91' lang='lat' dir='ltr'>temporis,</span> <span class='ocrx_word' id='word_1_336' title='bbox 1072 4347 1180 4386; x_wconf 88' lang='lat' dir='ltr'>nec</span> <span class='ocrx_word' id='word_1_337' title='bbox 1203 4330 1577 4397; x_wconf 84' lang='lat' dir='ltr'>eﬂluxerunt,</span> <span class='ocrx_word' id='word_1_338' title='bbox 1610 4332 1713 4387; x_wconf 87' lang='lat' dir='ltr'>sed</span> <span class='ocrx_word' id='word_1_339' title='bbox 1743 4338 2028 4405; x_wconf 88' lang='lat' dir='ltr'>perpetuo</span> <span class='ocrx_word' id='word_1_340' title='bbox 2057 4332 2162 4389; x_wconf 85' lang='lat' dir='ltr'>ﬂo-</span> 
     </span>
    </p>
   </div>
   <div class='ocr_carea' id='block_1_47' title="bbox 505 4418 2162 4492">
    <p class='ocr_par' dir='ltr' id='par_1_47' title="bbox 505 4418 2162 4492">
     <span class='ocr_line' id='line_1_47' title="bbox 505 4418 2162 4492; baseline 0.002 -18"><span class='ocrx_word' id='word_1_341' title='bbox 505 4418 616 4474; x_wconf 88' lang='lat' dir='ltr'>ridi</span> <span class='ocrx_word' id='word_1_342' title='bbox 650 4435 719 4474; x_wconf 90' lang='lat' dir='ltr'>ac</span> <span class='ocrx_word' id='word_1_343' title='bbox 749 4424 1012 4475; x_wconf 86' lang='lat' dir='ltr'>recentes</span> <span class='ocrx_word' id='word_1_344' title='bbox 1055 4420 1331 4489; x_wconf 89' lang='lat' dir='ltr'>tegebant</span> <span class='ocrx_word' id='word_1_345' title='bbox 1371 4422 1559 4477; x_wconf 91' lang='lat' dir='ltr'>sancti</span> <span class='ocrx_word' id='word_1_346' title='bbox 1591 4438 1831 4492; x_wconf 85' lang='lat' dir='ltr'>corpus.</span> <span class='ocrx_word' id='word_1_347' title='bbox 1868 4426 2032 4479; x_wconf 89' lang='lat' dir='ltr'>Nunc</span> <span class='ocrx_word' id='word_1_348' title='bbox 2060 4440 2162 4478; x_wconf 89' lang='lat' dir='ltr'>au-</span> 
     </span>
    </p>
   </div>
   <div class='ocr_carea' id='block_1_48' title="bbox 506 4510 2160 4580">
    <p class='ocr_par' dir='ltr' id='par_1_48' title="bbox 506 4510 2160 4580">
     <span class='ocr_line' id='line_1_48' title="bbox 506 4510 2160 4580; baseline 0.001 -15"><span class='ocrx_word' id='word_1_349' title='bbox 506 4514 623 4565; x_wconf 91' lang='lat' dir='ltr'>tem</span> <span class='ocrx_word' id='word_1_350' title='bbox 658 4514 893 4580; x_wconf 89' lang='lat' dir='ltr'>tempus</span> <span class='ocrx_word' id='word_1_351' title='bbox 924 4514 1012 4565; x_wconf 91' lang='lat' dir='ltr'>est</span> <span class='ocrx_word' id='word_1_352' title='bbox 1043 4510 1387 4565; x_wconf 89' lang='lat' dir='ltr'>transeundi</span> <span class='ocrx_word' id='word_1_353' title='bbox 1427 4511 1504 4565; x_wconf 89' lang='lat' dir='ltr'>ad</span> <span class='ocrx_word' id='word_1_354' title='bbox 1535 4511 1953 4567; x_wconf 89' lang='lat' dir='ltr'>admirabilem</span> <span class='ocrx_word' id='word_1_355' title='bbox 1997 4512 2160 4568; x_wconf 91' lang='lat' dir='ltr'>illam</span> 
     </span>
    </p>
   </div>
   <div class='ocr_carea' id='block_1_49' title="bbox 504 4598 2163 4671">
    <p class='ocr_par' dir='ltr' id='par_1_49' title="bbox 504 4598 2163 4671">
     <span class='ocr_line' id='line_1_49' title="bbox 504 4598 2163 4671; baseline 0.001 -17"><span class='ocrx_word' id='word_1_356' title='bbox 504 4598 929 4662; x_wconf 88' lang='lat' dir='ltr'>narrationem,</span> <span class='ocrx_word' id='word_1_357' title='bbox 963 4614 1097 4671; x_wconf 77' lang='lat' dir='ltr'>quae</span> <span class='ocrx_word' id='word_1_358' title='bbox 1128 4600 1258 4669; x_wconf 85' lang='lat' dir='ltr'>ejus</span> <span class='ocrx_word' id='word_1_359' title='bbox 1299 4614 1371 4654; x_wconf 89' lang='lat' dir='ltr'>ex</span> <span class='ocrx_word' id='word_1_360' title='bbox 1402 4599 1521 4654; x_wconf 92' lang='lat' dir='ltr'>Deo</span> <span class='ocrx_word' id='word_1_361' title='bbox 1552 4599 1679 4663; x_wconf 91' lang='lat' dir='ltr'>zeli,</span> <span class='ocrx_word' id='word_1_362' title='bbox 1714 4606 1768 4655; x_wconf 89' lang='lat' dir='ltr'>et</span> <span class='ocrx_word' id='word_1_363' title='bbox 1806 4601 2163 4670; x_wconf 88' lang='lat' dir='ltr'>apostolico-</span> 
     </span>
    </p>
   </div>
   <div class='ocr_carea' id='block_1_50' title="bbox 505 4687 2161 4754">
    <p class='ocr_par' dir='ltr' id='par_1_50' title="bbox 505 4687 2161 4754">
     <span class='ocr_line' id='line_1_50' title="bbox 505 4687 2161 4754; baseline 0.001 -11"><span class='ocrx_word' id='word_1_364' title='bbox 505 4703 642 4744; x_wconf 89' lang='lat' dir='ltr'>rum</span> <span class='ocrx_word' id='word_1_365' title='bbox 672 4687 984 4754; x_wconf 89' lang='lat' dir='ltr'>viscerum,</span> <span class='ocrx_word' id='word_1_366' title='bbox 1009 4694 1064 4743; x_wconf 90' lang='lat' dir='ltr'>et</span> <span class='ocrx_word' id='word_1_367' title='bbox 1085 4690 1260 4743; x_wconf 81' lang='lat' dir='ltr'>bonae</span> <span class='ocrx_word' id='word_1_368' title='bbox 1277 4687 1605 4744; x_wconf 77' lang='lat' dir='ltr'>affectionis</span> <span class='ocrx_word' id='word_1_369' title='bbox 1621 4695 1708 4744; x_wconf 89' lang='lat' dir='ltr'>est</span> <span class='ocrx_word' id='word_1_370' title='bbox 1735 4689 1996 4745; x_wconf 80' lang='lat' dir='ltr'>maxime</span> <span class='ocrx_word' id='word_1_371' title='bbox 2028 4691 2161 4745; x_wconf 86' lang='lat' dir='ltr'>insi-</span> 
     </span>
    </p>
   </div>
   <div class='ocr_carea' id='block_1_51' title="bbox 507 4776 2163 4849">
    <p class='ocr_par' dir='ltr' id='par_1_51' title="bbox 507 4776 2163 4849">
     <span class='ocr_line' id='line_1_51' title="bbox 507 4776 2163 4849; baseline 0.002 -18"><span class='ocrx_word' id='word_1_372' title='bbox 507 4792 641 4848; x_wconf 87' lang='lat' dir='ltr'>gne.</span> <span class='ocrx_word' id='word_1_373' title='bbox 671 4776 733 4831; x_wconf 90' lang='lat' dir='ltr'><strong>Id</strong></span> <span class='ocrx_word' id='word_1_374' title='bbox 764 4783 962 4832; x_wconf 90' lang='lat' dir='ltr'>autem</span> <span class='ocrx_word' id='word_1_375' title='bbox 996 4777 1287 4849; x_wconf 89' lang='lat' dir='ltr'>principio</span> <span class='ocrx_word' id='word_1_376' title='bbox 1320 4778 1563 4849; x_wconf 91' lang='lat' dir='ltr'>quidem</span> <span class='ocrx_word' id='word_1_377' title='bbox 1607 4778 1841 4833; x_wconf 88' lang='lat' dir='ltr'>tristitia</span> <span class='ocrx_word' id='word_1_378' title='bbox 1871 4785 1924 4834; x_wconf 88' lang='lat' dir='ltr'>et</span> <span class='ocrx_word' id='word_1_379' title='bbox 1957 4780 2163 4834; x_wconf 88' lang='lat' dir='ltr'>dolore</span> 
     </span>
    </p>
   </div>
   <div class='ocr_carea' id='block_1_52' title="bbox 509 4865 2159 4940">
    <p class='ocr_par' dir='ltr' id='par_1_52' title="bbox 509 4865 2159 4940">
     <span class='ocr_line' id='line_1_52' title="bbox 509 4865 2159 4940; baseline 0.001 -18"><span class='ocrx_word' id='word_1_380' title='bbox 509 4865 1037 4922; x_wconf 83' lang='lat' dir='ltr'>afﬁcietauditores</span> <span class='ocrx_word' id='word_1_381' title='bbox 1058 4883 1071 4922; x_wconf 90' lang='lat'><strong><em>:</em></strong></span> <span class='ocrx_word' id='word_1_382' title='bbox 1096 4872 1395 4938; x_wconf 89' lang='lat' dir='ltr'>postremo</span> <span class='ocrx_word' id='word_1_383' title='bbox 1414 4871 1609 4923; x_wconf 85' lang='lat' dir='ltr'>autem</span> <span class='ocrx_word' id='word_1_384' title='bbox 1642 4867 1826 4923; x_wconf 91' lang='lat' dir='ltr'>multa</span> <span class='ocrx_word' id='word_1_385' title='bbox 1841 4868 2159 4940; x_wconf 88' lang='lat' dir='ltr'>voluptate,</span> 
     </span>
    </p>
   </div>
   <div class='ocr_carea' id='block_1_53' title="bbox 509 4954 2163 5029">
    <p class='ocr_par' dir='ltr' id='par_1_53' title="bbox 509 4954 2163 5029">
     <span class='ocr_line' id='line_1_53' title="bbox 509 4954 2163 5029; baseline 0.001 -18"><span class='ocrx_word' id='word_1_386' title='bbox 509 4959 566 5011; x_wconf 88' lang='lat' dir='ltr'>et</span> <span class='ocrx_word' id='word_1_387' title='bbox 586 4954 772 5010; x_wconf 91' lang='lat' dir='ltr'>animi</span> <span class='ocrx_word' id='word_1_388' title='bbox 793 4955 1216 5027; x_wconf 86' lang='lat' dir='ltr'>tranquillitate</span> <span class='ocrx_word' id='word_1_389' title='bbox 1242 4957 1478 5011; x_wconf 88' lang='lat' dir='ltr'>animas</span> <span class='ocrx_word' id='word_1_390' title='bbox 1505 4956 1773 5027; x_wconf 88' lang='lat' dir='ltr'>implebit</span> <span class='ocrx_word' id='word_1_391' title='bbox 1806 4972 1817 5011; x_wconf 76' lang='grc' dir='ltr'>ε</span> <span class='ocrx_word' id='word_1_392' title='bbox 1843 4963 1898 5012; x_wconf 86' lang='lat' dir='ltr'>et</span> <span class='ocrx_word' id='word_1_393' title='bbox 1926 4972 2163 5029; x_wconf 89' lang='lat' dir='ltr'>persua-</span> 
     </span>
    </p>
   </div>
   <div class='ocr_carea' id='block_1_54' title="bbox 507 5044 2161 5115">
    <p class='ocr_par' dir='ltr' id='par_1_54' title="bbox 507 5044 2161 5115">
     <span class='ocr_line' id='line_1_54' title="bbox 507 5044 2161 5115; baseline 0.002 -16"><span class='ocrx_word' id='word_1_394' title='bbox 507 5044 670 5101; x_wconf 90' lang='lat' dir='ltr'>debit</span> <span class='ocrx_word' id='word_1_395' title='bbox 698 5059 770 5100; x_wconf 87' lang='lat' dir='ltr'>ne</span> <span class='ocrx_word' id='word_1_396' title='bbox 800 5044 1117 5115; x_wconf 90' lang='lat' dir='ltr'>desperent</span> <span class='ocrx_word' id='word_1_397' title='bbox 1148 5044 1442 5109; x_wconf 91' lang='lat' dir='ltr'>homines,</span> <span class='ocrx_word' id='word_1_398' title='bbox 1476 5045 1713 5100; x_wconf 89' lang='lat' dir='ltr'>etiamsi</span> <span class='ocrx_word' id='word_1_399' title='bbox 1743 5044 1819 5100; x_wconf 88' lang='lat' dir='ltr'>ad</span> <span class='ocrx_word' id='word_1_400' title='bbox 1860 5062 2161 5102; x_wconf 87' lang='lat' dir='ltr'>summam</span> 
     </span>
    </p>
   </div>
   <div class='ocr_carea' id='block_1_55' title="bbox 509 5132 2089 5205">
    <p class='ocr_par' dir='ltr' id='par_1_55' title="bbox 509 5132 2089 5205">
     <span class='ocr_line' id='line_1_55' title="bbox 509 5132 2089 5205; baseline 0.001 -16"><span class='ocrx_word' id='word_1_401' title='bbox 509 5132 751 5190; x_wconf 90' lang='lat' dir='ltr'>deducti</span> <span class='ocrx_word' id='word_1_402' title='bbox 777 5133 994 5189; x_wconf 87' lang='lat' dir='ltr'>fuerint</span> <span class='ocrx_word' id='word_1_403' title='bbox 1023 5132 1489 5205; x_wconf 87' lang='lat' dir='ltr'>improbitatem.</span> <span class='ocrx_word' id='word_1_404' title='bbox 1534 5137 1614 5190; x_wconf 89' lang='lat' dir='ltr'>lta</span> <span class='ocrx_word' id='word_1_405' title='bbox 1644 5138 1843 5189; x_wconf 89' lang='lat' dir='ltr'>autem</span> <span class='ocrx_word' id='word_1_406' title='bbox 1870 5133 2051 5190; x_wconf 90' lang='lat' dir='ltr'>habet</span> <span class='ocrx_word' id='word_1_407' title='bbox 2078 5150 2089 5190; x_wconf 91' lang='lat'>:</span> 
     </span>
    </p>
   </div>
   <div class='ocr_carea' id='block_1_56' title="bbox 586 5311 2165 5369">
    <p class='ocr_par' dir='ltr' id='par_1_56' title="bbox 586 5311 2165 5369">
     <span class='ocr_line' id='line_1_56' title="bbox 586 5311 2165 5369; baseline 0.001 -3"><span class='ocrx_word' id='word_1_408' title='bbox 586 5312 763 5367; x_wconf 84' lang='lat' dir='ltr'><strong>XVIII.</strong></span> <span class='ocrx_word' id='word_1_409' title='bbox 806 5314 1063 5369; x_wconf 84' lang='lat' dir='ltr'>Mortuus</span> <span class='ocrx_word' id='word_1_410' title='bbox 1102 5315 1193 5367; x_wconf 91' lang='lat' dir='ltr'>est</span> <span class='ocrx_word' id='word_1_411' title='bbox 1228 5311 1493 5367; x_wconf 79' lang='lat' dir='ltr'>Abramii</span> <span class='ocrx_word' id='word_1_412' title='bbox 1533 5311 1865 5367; x_wconf 89' lang='lat' dir='ltr'>secundum</span> <span class='ocrx_word' id='word_1_413' title='bbox 1924 5328 2165 5368; x_wconf 86' lang='lat' dir='ltr'>carnem</span> 
     </span>
    </p>
   </div>
   <div class='ocr_carea' id='block_1_57' title="bbox 512 5399 2167 5471">
    <p class='ocr_par' dir='ltr' id='par_1_57' title="bbox 512 5399 2167 5471">
     <span class='ocr_line' id='line_1_57' title="bbox 512 5399 2167 5471; baseline 0.001 -16"><span class='ocrx_word' id='word_1_414' title='bbox 512 5399 727 5456; x_wconf 80' lang='lat' dir='ltr'>frater:</span> <span class='ocrx_word' id='word_1_415' title='bbox 763 5406 1034 5457; x_wconf 92' lang='lat' dir='ltr'>mortuus</span> <span class='ocrx_word' id='word_1_416' title='bbox 1064 5406 1153 5457; x_wconf 91' lang='lat' dir='ltr'>est</span> <span class='ocrx_word' id='word_1_417' title='bbox 1186 5405 1407 5471; x_wconf 87' lang='lat' dir='ltr'>autem,</span> <span class='ocrx_word' id='word_1_418' title='bbox 1451 5400 1629 5456; x_wconf 90' lang='lat' dir='ltr'>unica</span> <span class='ocrx_word' id='word_1_419' title='bbox 1667 5400 1866 5457; x_wconf 89' lang='lat' dir='ltr'>relicta</span> <span class='ocrx_word' id='word_1_420' title='bbox 1904 5401 2043 5458; x_wconf 87' lang='lat' dir='ltr'>ﬁlia.</span> <span class='ocrx_word' id='word_1_421' title='bbox 2088 5404 2167 5456; x_wconf 89' lang='lat' dir='ltr'>Ea</span> 
     </span>
    </p>
   </div>
   <div class='ocr_carea' id='block_1_58' title="bbox 587 5541 1856 5614">
    <p class='ocr_par' dir='ltr' id='par_1_58' title="bbox 587 5541 1856 5614">
     <span class='ocr_line' id='line_1_58' title="bbox 587 5541 1856 5614; baseline 0.001 -18"><span class='ocrx_word' id='word_1_422' title='bbox 587 5544 634 5579; x_wconf 78' lang='grc'>¹⁸</span> <span class='ocrx_word' id='word_1_423' title='bbox 672 5541 827 5598; x_wconf 90' lang='lat' dir='ltr'>Psal.</span> <span class='ocrx_word' id='word_1_424' title='bbox 869 5557 1058 5612; x_wconf 84' lang='lat' dir='ltr'>cxvm,</span> <span class='ocrx_word' id='word_1_425' title='bbox 1101 5544 1150 5598; x_wconf 83' lang='grc'>1.</span> <span class='ocrx_word' id='word_1_426' title='bbox 1231 5544 1277 5579; x_wconf 80' lang='grc'>¹⁰</span> <span class='ocrx_word' id='word_1_427' title='bbox 1318 5541 1467 5599; x_wconf 88' lang='lat' dir='ltr'>Psal.</span> <span class='ocrx_word' id='word_1_428' title='bbox 1512 5556 1726 5614; x_wconf 86' lang='lat' dir='ltr'>cxxvu,</span> <span class='ocrx_word' id='word_1_429' title='bbox 1768 5543 1856 5597; x_wconf 81' lang='lat' dir='ltr'>l2.</span> 
     </span>
    </p>
   </div>
   <div class='ocr_carea' id='block_1_59' title="bbox 3052 414 3888 489">
    <p class='ocr_par' dir='ltr' id='par_1_59' title="bbox 3052 414 3888 489">
     <span class='ocr_line' id='line_1_59' title="bbox 3052 414 3888 489; baseline 0.004 -24"><span class='ocrx_word' id='word_1_430' title='bbox 3052 432 3065 446; x_wconf 66' lang='grc' dir='ltr'>θ</span> <span class='ocrx_word' id='word_1_431' title='bbox 3113 432 3141 465; x_wconf 90' lang='grc'>‹‹</span> <span class='ocrx_word' id='word_1_432' title='bbox 3183 415 3448 489; x_wconf 82' lang='grc' dir='ltr'>Μακάριοι</span> <span class='ocrx_word' id='word_1_433' title='bbox 3497 415 3545 467; x_wconf 86' lang='grc' dir='ltr'>οἱ</span> <span class='ocrx_word' id='word_1_434' title='bbox 3589 416 3800 487; x_wconf 81' lang='grc' dir='ltr'>ἄμωμοι</span> <span class='ocrx_word' id='word_1_435' title='bbox 3840 414 3888 469; x_wconf 79' lang='grc' dir='ltr'>ἐν</span> 
     </span>
    </p>
   </div>
   <div class='ocr_carea' id='block_1_60' title="bbox 2279 501 3889 579">
    <p class='ocr_par' dir='ltr' id='par_1_60' title="bbox 2279 501 3889 579">
     <span class='ocr_line' id='line_1_60' title="bbox 2279 501 3889 579; baseline 0 -22"><span class='ocrx_word' id='word_1_436' title='bbox 2279 501 2409 569; x_wconf 85' lang='grc' dir='ltr'>ὀδῷ,</span> <span class='ocrx_word' id='word_1_437' title='bbox 2443 507 2492 557; x_wconf 82' lang='grc' dir='ltr'>οἱ</span> <span class='ocrx_word' id='word_1_438' title='bbox 2519 509 2851 578; x_wconf 86' lang='grc' dir='ltr'>πορευόμενοι</span> <span class='ocrx_word' id='word_1_439' title='bbox 2904 508 2951 556; x_wconf 86' lang='grc' dir='ltr'>ἐν</span> <span class='ocrx_word' id='word_1_440' title='bbox 2994 509 3132 576; x_wconf 86' lang='grc' dir='ltr'>νόμῳ</span> <span class='ocrx_word' id='word_1_441' title='bbox 3170 508 3384 579; x_wconf 80' lang='grc' dir='ltr'>Κυρίου.</span> <span class='ocrx_word' id='word_1_442' title='bbox 3431 506 3593 558; x_wconf 81' lang='grc' dir='ltr'>»Καὶ</span> <span class='ocrx_word' id='word_1_443' title='bbox 3647 506 3671 556; x_wconf 88' lang='grc' dir='ltr'><strong><em>ὁ</em></strong></span> <span class='ocrx_word' id='word_1_444' title='bbox 3716 506 3889 577; x_wconf 89' lang='grc' dir='ltr'>μακά-</span> 
     </span>
    </p>
   </div>
   <div class='ocr_carea' id='block_1_61' title="bbox 2277 591 3891 668">
    <p class='ocr_par' dir='ltr' id='par_1_61' title="bbox 2277 591 3891 668">
     <span class='ocr_line' id='line_1_61' title="bbox 2277 591 3891 668; baseline 0.001 -22"><span class='ocrx_word' id='word_1_445' title='bbox 2277 614 2390 668; x_wconf 80' lang='grc' dir='ltr'>ριος</span> <span class='ocrx_word' id='word_1_446' title='bbox 2450 600 2607 656; x_wconf 80' lang='grc' dir='ltr'>ὅντως</span> <span class='ocrx_word' id='word_1_447' title='bbox 2658 598 2845 656; x_wconf 75' lang='grc' dir='ltr'>ἓκεῐνος</span> <span class='ocrx_word' id='word_1_448' title='bbox 2892 598 3062 666; x_wconf 85' lang='grc' dir='ltr'>κωφὸς</span> <span class='ocrx_word' id='word_1_449' title='bbox 3113 591 3173 652; x_wconf 74' lang='grc' dir='ltr'>ἦν</span> <span class='ocrx_word' id='word_1_450' title='bbox 3227 598 3351 666; x_wconf 83' lang='grc' dir='ltr'>πρὸς</span> <span class='ocrx_word' id='word_1_451' title='bbox 3413 602 3579 646; x_wconf 78' lang='grc' dir='ltr'>ταῦτα</span> <span class='ocrx_word' id='word_1_452' title='bbox 3626 593 3768 666; x_wconf 78' lang='grc' dir='ltr'>βύων</span> <span class='ocrx_word' id='word_1_453' title='bbox 3824 598 3891 647; x_wconf 84' lang='grc' dir='ltr'>τὰ</span> 
     </span>
    </p>
   </div>
   <div class='ocr_carea' id='block_1_62' title="bbox 2280 680 3876 757">
    <p class='ocr_par' dir='ltr' id='par_1_62' title="bbox 2280 680 3876 757">
     <span class='ocr_line' id='line_1_62' title="bbox 2280 680 3876 757; baseline 0.001 -24"><span class='ocrx_word' id='word_1_454' title='bbox 2280 680 2405 747; x_wconf 85' lang='grc' dir='ltr'>ὦτα,</span> <span class='ocrx_word' id='word_1_455' title='bbox 2467 686 2554 745; x_wconf 80' lang='grc' dir='ltr'>ἕως</span> <span class='ocrx_word' id='word_1_456' title='bbox 2605 693 2695 745; x_wconf 79' lang='grc' dir='ltr'>τῆς</span> <span class='ocrx_word' id='word_1_457' title='bbox 2755 682 3019 757; x_wconf 80' lang='grc' dir='ltr'>βραχείας</span> <span class='ocrx_word' id='word_1_458' title='bbox 3071 682 3267 743; x_wconf 77' lang='grc' dir='ltr'>ἐκείνης</span> <span class='ocrx_word' id='word_1_459' title='bbox 3325 683 3591 754; x_wconf 75' lang='grc' dir='ltr'>μετείληφε</span> <span class='ocrx_word' id='word_1_460' title='bbox 3662 692 3876 756; x_wconf 81' lang='grc' dir='ltr'>τροφῆς,</span> 
     </span>
    </p>
   </div>
   <div class='ocr_carea' id='block_1_63' title="bbox 2278 769 3889 846">
    <p class='ocr_par' dir='ltr' id='par_1_63' title="bbox 2278 769 3889 846">
     <span class='ocr_line' id='line_1_63' title="bbox 2278 769 3889 846; baseline -0.001 -21"><span class='ocrx_word' id='word_1_461' title='bbox 2278 775 2419 825; x_wconf 86' lang='grc' dir='ltr'>Μετά</span> <span class='ocrx_word' id='word_1_462' title='bbox 2466 769 2523 825; x_wconf 71' lang='grc' dir='ltr'>δὲ</span> <span class='ocrx_word' id='word_1_463' title='bbox 2570 777 2661 831; x_wconf 84' lang='grc' dir='ltr'>τὴν</span> <span class='ocrx_word' id='word_1_464' title='bbox 2704 776 2893 846; x_wconf 81' lang='grc' dir='ltr'>μικρὰν</span> <span class='ocrx_word' id='word_1_465' title='bbox 2944 775 3127 829; x_wconf 83' lang='grc' dir='ltr'>ταύτην</span> <span class='ocrx_word' id='word_1_466' title='bbox 3171 779 3262 823; x_wconf 80' lang='grc' dir='ltr'>τοῦ</span> <span class='ocrx_word' id='word_1_467' title='bbox 3311 778 3549 844; x_wconf 85' lang='grc' dir='ltr'>σώματος</span> <span class='ocrx_word' id='word_1_468' title='bbox 3617 775 3889 846; x_wconf 82' lang='grc' dir='ltr'>θεραπείαν</span> 
     </span>
    </p>
   </div>
   <div class='ocr_carea' id='block_1_64' title="bbox 2277 861 3883 937">
    <p class='ocr_par' dir='ltr' id='par_1_64' title="bbox 2277 861 3883 937">
     <span class='ocr_line' id='line_1_64' title="bbox 2277 861 3883 937; baseline 0 -22"><span class='ocrx_word' id='word_1_469' title='bbox 2277 870 2347 915; x_wconf 84' lang='grc' dir='ltr'>τῶ</span> <span class='ocrx_word' id='word_1_470' title='bbox 2390 870 2481 914; x_wconf 84' lang='grc' dir='ltr'>τοῦ</span> <span class='ocrx_word' id='word_1_471' title='bbox 2531 870 2760 934; x_wconf 81' lang='grc' dir='ltr'>σταυροῦ</span> <span class='ocrx_word' id='word_1_472' title='bbox 2812 868 3009 933; x_wconf 79' lang='grc' dir='ltr'>σημείῳ</span> <span class='ocrx_word' id='word_1_473' title='bbox 3055 861 3373 935; x_wconf 77' lang='grc' dir='ltr'>φραξάμενος</span> <span class='ocrx_word' id='word_1_474' title='bbox 3426 879 3439 891; x_wconf 83' lang='grc'><em>’</em></span> <span class='ocrx_word' id='word_1_475' title='bbox 3484 862 3542 914; x_wconf 84' lang='grc' dir='ltr'>Εἰ</span> <span class='ocrx_word' id='word_1_476' title='bbox 3594 868 3883 937; x_wconf 79' lang='grc' dir='ltr'>μακαρίους</span> 
     </span>
    </p>
   </div>
   <div class='ocr_carea' id='block_1_65' title="bbox 2278 948 3884 1024">
    <p class='ocr_par' dir='ltr' id='par_1_65' title="bbox 2278 948 3884 1024">
     <span class='ocr_line' id='line_1_65' title="bbox 2278 948 3884 1024; baseline 0 -19"><span class='ocrx_word' id='word_1_477' title='bbox 2278 949 2445 1016; x_wconf 79' lang='grc' dir='ltr'>οἶδας,</span> <span class='ocrx_word' id='word_1_478' title='bbox 2491 957 2640 1024; x_wconf 86' lang='grc' dir='ltr'>φησὶ,</span> <span class='ocrx_word' id='word_1_479' title='bbox 2686 955 2809 1012; x_wconf 79' lang='grc' dir='ltr'>τοὺς</span> <span class='ocrx_word' id='word_1_480' title='bbox 2856 950 3162 1022; x_wconf 85' lang='grc' dir='ltr'>ἀγαπῶντας</span> <span class='ocrx_word' id='word_1_481' title='bbox 3208 954 3293 1003; x_wconf 89' lang='grc' dir='ltr'>τὸν</span> <span class='ocrx_word' id='word_1_482' title='bbox 3347 953 3557 1024; x_wconf 82' lang='grc' dir='ltr'>Κύριον,</span> <span class='ocrx_word' id='word_1_483' title='bbox 3590 956 3642 1003; x_wconf 91' lang='grc' dir='ltr'>τί</span> <span class='ocrx_word' id='word_1_484' title='bbox 3682 948 3884 1010; x_wconf 74' lang='grc' dir='ltr'>δήποτε</span> 
     </span>
    </p>
   </div>
   <div class='ocr_carea' id='block_1_66' title="bbox 2277 1038 3890 1117">
    <p class='ocr_par' dir='ltr' id='par_1_66' title="bbox 2277 1038 3890 1117">
     <span class='ocr_line' id='line_1_66' title="bbox 2277 1038 3890 1117; baseline -0.001 -23"><span class='ocrx_word' id='word_1_485' title='bbox 2277 1046 2522 1117; x_wconf 83' lang='grc' dir='ltr'>παρέχων</span> <span class='ocrx_word' id='word_1_486' title='bbox 2562 1041 2621 1093; x_wconf 80' lang='grc' dir='ltr'>ού</span> <span class='ocrx_word' id='word_1_487' title='bbox 2668 1043 2807 1113; x_wconf 78' lang='grc' dir='ltr'>παύη</span> <span class='ocrx_word' id='word_1_488' title='bbox 2840 1044 3046 1100; x_wconf 78' lang='grc' dir='ltr'>τούτοις</span> <span class='ocrx_word' id='word_1_489' title='bbox 3093 1040 3339 1112; x_wconf 78' lang='grc' dir='ltr'>ὀχλήσεις</span> <span class='ocrx_word' id='word_1_490' title='bbox 3381 1038 3457 1092; x_wconf 87' lang='grc' dir='ltr'>ἀεὶ</span> <span class='ocrx_word' id='word_1_491' title='bbox 3511 1045 3599 1092; x_wconf 82' lang='grc' dir='ltr'>καὶ</span> <span class='ocrx_word' id='word_1_492' title='bbox 3643 1043 3890 1115; x_wconf 88' lang='grc' dir='ltr'>πράγμα-</span> 
     </span>
    </p>
   </div>
   <div class='ocr_carea' id='block_1_67' title="bbox 2276 1128 3890 1197">
    <p class='ocr_par' dir='ltr' id='par_1_67' title="bbox 2276 1128 3890 1197">
     <span class='ocr_line' id='line_1_67' title="bbox 2276 1128 3890 1197; baseline -0.001 -14"><span class='ocrx_word' id='word_1_493' title='bbox 2276 1150 2343 1183; x_wconf 88' lang='grc' dir='ltr'>τα</span> <span class='ocrx_word' id='word_1_494' title='bbox 2375 1147 2389 1197; x_wconf 91' lang='grc'>;</span> <span class='ocrx_word' id='word_1_495' title='bbox 2419 1130 2664 1192; x_wconf 78' lang='grc' dir='ltr'>Κάκεῖνος</span> <span class='ocrx_word' id='word_1_496' title='bbox 2693 1128 2959 1182; x_wconf 80' lang='grc' dir='ltr'>ὑπολαϐὼν</span> <span class='ocrx_word' id='word_1_497' title='bbox 2997 1134 3091 1187; x_wconf 72' lang='grc' dir='ltr'>τὴν</span> <span class='ocrx_word' id='word_1_498' title='bbox 3144 1130 3331 1182; x_wconf 79' lang='grc' dir='ltr'>ἑαυτοῦ</span> <span class='ocrx_word' id='word_1_499' title='bbox 3378 1134 3567 1181; x_wconf 79' lang='grc' dir='ltr'>κακίαν</span> <span class='ocrx_word' id='word_1_500' title='bbox 3612 1136 3700 1183; x_wconf 82' lang='grc' dir='ltr'>καὶ</span> <span class='ocrx_word' id='word_1_501' title='bbox 3750 1132 3890 1182; x_wconf 86' lang='grc' dir='ltr'>ἀκων</span> 
     </span>
    </p>
   </div>
   <div class='ocr_carea' id='block_1_68' title="bbox 2277 1217 3889 1293">
    <p class='ocr_par' dir='ltr' id='par_1_68' title="bbox 2277 1217 3889 1293">
     <span class='ocr_line' id='line_1_68' title="bbox 2277 1217 3889 1293; baseline -0.001 -21"><span class='ocrx_word' id='word_1_502' title='bbox 2277 1221 2517 1293; x_wconf 84' lang='grc' dir='ltr'>ὁμολογεῖ</span> <span class='ocrx_word' id='word_1_503' title='bbox 2566 1224 2655 1272; x_wconf 88' lang='grc' dir='ltr'>καί</span> <span class='ocrx_word' id='word_1_504' title='bbox 2698 1239 2875 1291; x_wconf 85' lang='grc' dir='ltr'>φησιν.</span> <span class='ocrx_word' id='word_1_505' title='bbox 2934 1217 3148 1292; x_wconf 83' lang='grc' dir='ltr'>Ὂτιπερ</span> <span class='ocrx_word' id='word_1_506' title='bbox 3205 1219 3390 1279; x_wconf 74' lang='grc' dir='ltr'>αὐτοὺς</span> <span class='ocrx_word' id='word_1_507' title='bbox 3428 1219 3531 1293; x_wconf 84' lang='grc' dir='ltr'>ὁρῶ</span> <span class='ocrx_word' id='word_1_508' title='bbox 3585 1223 3643 1271; x_wconf 83' lang='lat'>1&#39;6</span> <span class='ocrx_word' id='word_1_509' title='bbox 3690 1218 3889 1291; x_wconf 82' lang='grc' dir='ltr'>ἀγαθὸν</span> 
     </span>
    </p>
   </div>
   <div class='ocr_carea' id='block_1_69' title="bbox 2278 1306 3891 1383">
    <p class='ocr_par' dir='ltr' id='par_1_69' title="bbox 2278 1306 3891 1383">
     <span class='ocr_line' id='line_1_69' title="bbox 2278 1306 3891 1383; baseline -0.001 -22"><span class='ocrx_word' id='word_1_510' title='bbox 2278 1313 2566 1382; x_wconf 81' lang='grc' dir='ltr'>μετιόντας,</span> <span class='ocrx_word' id='word_1_511' title='bbox 2608 1313 2696 1361; x_wconf 83' lang='grc' dir='ltr'>καὶ</span> <span class='ocrx_word' id='word_1_512' title='bbox 2723 1309 2852 1383; x_wconf 84' lang='grc' dir='ltr'>ὀρῶν</span> <span class='ocrx_word' id='word_1_513' title='bbox 2885 1308 2979 1360; x_wconf 77' lang='grc' dir='ltr'>οὐκ</span> <span class='ocrx_word' id='word_1_514' title='bbox 3004 1306 3282 1380; x_wconf 76' lang='grc' dir='ltr'>ἀνέχομαι.</span> <span class='ocrx_word' id='word_1_515' title='bbox 3315 1315 3495 1361; x_wconf 83' lang='grc' dir='ltr'>Ταῦτα</span> <span class='ocrx_word' id='word_1_516' title='bbox 3519 1308 3693 1373; x_wconf 82' lang='grc' dir='ltr'>εἰπὼν,</span> <span class='ocrx_word' id='word_1_517' title='bbox 3736 1308 3891 1370; x_wconf 71' lang='grc' dir='ltr'>εὐθὺς</span> 
     </span>
    </p>
   </div>
   <div class='ocr_carea' id='block_1_70' title="bbox 2282 1403 2473 1470">
    <p class='ocr_par' dir='ltr' id='par_1_70' title="bbox 2282 1403 2473 1470">
     <span class='ocr_line' id='line_1_70' title="bbox 2282 1403 2473 1470; baseline 0.005 -20"><span class='ocrx_word' id='word_1_518' title='bbox 2282 1403 2473 1470; x_wconf 81' lang='grc' dir='ltr'>ᾤχετο.</span> 
     </span>
    </p>
   </div>
   <div class='ocr_carea' id='block_1_71' title="bbox 2352 1482 3889 1561">
    <p class='ocr_par' dir='ltr' id='par_1_71' title="bbox 2352 1482 3889 1561">
     <span class='ocr_line' id='line_1_71' title="bbox 2352 1482 3889 1561; baseline -0.001 -21"><span class='ocrx_word' id='word_1_519' title='bbox 2352 1486 2450 1550; x_wconf 87' lang='grc' dir='ltr'>1ς·’.</span> <span class='ocrx_word' id='word_1_520' title='bbox 2502 1487 2651 1539; x_wconf 76' lang='grc' dir='ltr'>Οὕτω</span> <span class='ocrx_word' id='word_1_521' title='bbox 2705 1483 2764 1540; x_wconf 75' lang='grc' dir='ltr'>δὲ</span> <span class='ocrx_word' id='word_1_522' title='bbox 2803 1490 3010 1558; x_wconf 80' lang='grc' dir='ltr'>πέμπτη</span> <span class='ocrx_word' id='word_1_523' title='bbox 3060 1482 3250 1559; x_wconf 77' lang='grc' dir='ltr'>μεταξύ</span> <span class='ocrx_word' id='word_1_524' title='bbox 3306 1483 3516 1545; x_wconf 78' lang='grc' dir='ltr'>διῆλθεν</span> <span class='ocrx_word' id='word_1_525' title='bbox 3569 1488 3738 1561; x_wconf 75' lang='grc' dir='ltr'>ἡμέρα</span> <span class='ocrx_word' id='word_1_526' title='bbox 3796 1492 3889 1539; x_wconf 85' lang='grc' dir='ltr'>καὶ</span> 
     </span>
    </p>
   </div>
   <div class='ocr_carea' id='block_1_72' title="bbox 2281 1575 3889 1651">
    <p class='ocr_par' dir='ltr' id='par_1_72' title="bbox 2281 1575 3889 1651">
     <span class='ocr_line' id='line_1_72' title="bbox 2281 1575 3889 1651; baseline -0.001 -22"><span class='ocrx_word' id='word_1_527' title='bbox 2281 1575 2593 1651; x_wconf 86' lang='grc' dir='ltr'>προσϐάλλει</span> <span class='ocrx_word' id='word_1_528' title='bbox 2648 1575 2800 1627; x_wconf 88' lang='grc' dir='ltr'>πάλιν</span> <span class='ocrx_word' id='word_1_529' title='bbox 2833 1578 2858 1627; x_wconf 89' lang='grc' dir='ltr'>ό</span> <span class='ocrx_word' id='word_1_530' title='bbox 2890 1576 3118 1647; x_wconf 84' lang='grc' dir='ltr'>χαλεπός</span> <span class='ocrx_word' id='word_1_531' title='bbox 3165 1576 3314 1638; x_wconf 80' lang='grc' dir='ltr'>οὗτος</span> <span class='ocrx_word' id='word_1_532' title='bbox 3363 1583 3436 1647; x_wconf 86' lang='grc' dir='ltr'>τῷ</span> <span class='ocrx_word' id='word_1_533' title='bbox 3482 1576 3614 1647; x_wconf 84' lang='grc' dir='ltr'>ἁγίῳ</span> <span class='ocrx_word' id='word_1_534' title='bbox 3643 1575 3889 1647; x_wconf 84' lang='grc' dir='ltr'>πολέμιος</span> 
     </span>
    </p>
   </div>
   <div class='ocr_carea' id='block_1_73' title="bbox 2281 1665 3887 1739">
    <p class='ocr_par' dir='ltr' id='par_1_73' title="bbox 2281 1665 3887 1739">
     <span class='ocr_line' id='line_1_73' title="bbox 2281 1665 3887 1739; baseline 0 -21"><span class='ocrx_word' id='word_1_535' title='bbox 2281 1670 2409 1737; x_wconf 80' lang='grc' dir='ltr'>μετὰ</span> <span class='ocrx_word' id='word_1_536' title='bbox 2456 1672 2547 1717; x_wconf 81' lang='grc' dir='ltr'>τοῦ</span> <span class='ocrx_word' id='word_1_537' title='bbox 2596 1673 2824 1739; x_wconf 81' lang='grc' dir='ltr'>πονηροῦ</span> <span class='ocrx_word' id='word_1_538' title='bbox 2854 1670 2971 1739; x_wconf 87' lang='grc' dir='ltr'>περὶ</span> <span class='ocrx_word' id='word_1_539' title='bbox 3011 1665 3165 1717; x_wconf 71' lang='grc' dir='ltr'>αὐτόν</span> <span class='ocrx_word' id='word_1_540' title='bbox 3214 1670 3432 1737; x_wconf 75' lang='grc' dir='ltr'>στίφους</span> <span class='ocrx_word' id='word_1_541' title='bbox 3482 1670 3573 1718; x_wconf 87' lang='grc' dir='ltr'>καὶ</span> <span class='ocrx_word' id='word_1_542' title='bbox 3625 1673 3721 1727; x_wconf 85' lang='grc' dir='ltr'>τῆς</span> <span class='ocrx_word' id='word_1_543' title='bbox 3763 1684 3887 1718; x_wconf 80' lang='grc' dir='ltr'>συνο</span> 
     </span>
    </p>
   </div>
   <div class='ocr_carea' id='block_1_74' title="bbox 3573 1751 3889 1807">
    <p class='ocr_par' dir='ltr' id='par_1_74' title="bbox 3573 1751 3889 1807">
     <span class='ocr_line' id='line_1_74' title="bbox 3573 1751 3889 1807; baseline 0.003 -1"><span class='ocrx_word' id='word_1_544' title='bbox 3573 1751 3787 1807; x_wconf 80' lang='grc' dir='ltr'>ἐδόκουν</span> <span class='ocrx_word' id='word_1_545' title='bbox 3830 1753 3866 1807; x_wconf 84' lang='grc' dir='ltr'>δ</span> <span class='ocrx_word' id='word_1_546' title='bbox 3870 1759 3889 1807; x_wconf 75' lang='grc' dir='ltr'>ε</span> 
     </span>
    </p>
   </div>
   <div class='ocr_carea' id='block_1_75' title="bbox 2284 1841 3885 1915">
    <p class='ocr_par' dir='ltr' id='par_1_75' title="bbox 2284 1841 3885 1915">
     <span class='ocr_line' id='line_1_75' title="bbox 2284 1841 3885 1915; baseline -0.001 -19"><span class='ocrx_word' id='word_1_547' title='bbox 2284 1849 2523 1915; x_wconf 86' lang='grc' dir='ltr'>σχοινίος</span> <span class='ocrx_word' id='word_1_548' title='bbox 2580 1846 2828 1896; x_wconf 78' lang='grc' dir='ltr'>πάντοθεν</span> <span class='ocrx_word' id='word_1_549' title='bbox 2883 1847 2969 1895; x_wconf 87' lang='grc' dir='ltr'>τόν</span> <span class='ocrx_word' id='word_1_550' title='bbox 3026 1844 3257 1896; x_wconf 87' lang='grc' dir='ltr'>οἰκίσκον</span> <span class='ocrx_word' id='word_1_551' title='bbox 3311 1841 3662 1909; x_wconf 84' lang='grc' dir='ltr'>διαλαϐόντες,</span> <span class='ocrx_word' id='word_1_552' title='bbox 3725 1844 3885 1897; x_wconf 77' lang='grc' dir='ltr'>ἕλκειν</span> 
     </span>
    </p>
   </div>
   <div class='ocr_carea' id='block_1_76' title="bbox 2280 1931 3888 2006">
    <p class='ocr_par' dir='ltr' id='par_1_76' title="bbox 2280 1931 3888 2006">
     <span class='ocr_line' id='line_1_76' title="bbox 2280 1931 3888 2006; baseline -0.001 -21"><span class='ocrx_word' id='word_1_553' title='bbox 2280 1953 2333 1985; x_wconf 85' lang='grc' dir='ltr'>τε</span> <span class='ocrx_word' id='word_1_554' title='bbox 2378 1933 2530 1985; x_wconf 79' lang='grc' dir='ltr'>αὐτόν</span> <span class='ocrx_word' id='word_1_555' title='bbox 2606 1932 2746 1995; x_wconf 82' lang='grc' dir='ltr'>ὅλαις</span> <span class='ocrx_word' id='word_1_556' title='bbox 2820 1938 2979 2006; x_wconf 88' lang='grc' dir='ltr'>χερσὶ</span> <span class='ocrx_word' id='word_1_557' title='bbox 3045 1938 3134 1984; x_wconf 82' lang='grc' dir='ltr'>καὶ</span> <span class='ocrx_word' id='word_1_558' title='bbox 3214 1931 3459 1994; x_wconf 81' lang='grc' dir='ltr'>ἀλλήλοις</span> <span class='ocrx_word' id='word_1_559' title='bbox 3506 1933 3888 1986; x_wconf 76' lang='grc' dir='ltr'>ἐπικελεύεσθαι</span> 
     </span>
    </p>
   </div>
   <div class='ocr_carea' id='block_1_77' title="bbox 3386 2020 3884 2094">
    <p class='ocr_par' dir='ltr' id='par_1_77' title="bbox 3386 2020 3884 2094">
     <span class='ocr_line' id='line_1_77' title="bbox 3386 2020 3884 2094; baseline 0 -21"><span class='ocrx_word' id='word_1_560' title='bbox 3386 2040 3397 2051; x_wconf 88' lang='grc'>·</span> <span class='ocrx_word' id='word_1_561' title='bbox 3447 2020 3651 2094; x_wconf 82' lang='grc' dir='ltr'>Ὀρᾱτε,</span> <span class='ocrx_word' id='word_1_562' title='bbox 3710 2022 3884 2093; x_wconf 86' lang='grc' dir='ltr'>λέγον-</span> 
     </span>
    </p>
   </div>
   <div class='ocr_carea' id='block_1_78' title="bbox 2280 2110 3884 2185">
    <p class='ocr_par' dir='ltr' id='par_1_78' title="bbox 2280 2110 3884 2185">
     <span class='ocr_line' id='line_1_78' title="bbox 2280 2110 3884 2185; baseline -0.001 -22"><span class='ocrx_word' id='word_1_563' title='bbox 2280 2131 2377 2177; x_wconf 85' lang='grc' dir='ltr'>τες,</span> <span class='ocrx_word' id='word_1_564' title='bbox 2439 2114 2576 2163; x_wconf 91' lang='grc' dir='ltr'>κατά</span> <span class='ocrx_word' id='word_1_565' title='bbox 2636 2118 2728 2163; x_wconf 76' lang='grc' dir='ltr'>τοῦ</span> <span class='ocrx_word' id='word_1_566' title='bbox 2785 2115 3163 2182; x_wconf 82' lang='grc' dir='ltr'>παρακειμένου</span> <span class='ocrx_word' id='word_1_567' title='bbox 3219 2118 3452 2183; x_wconf 79' lang='grc' dir='ltr'>κρημνοῦ</span> <span class='ocrx_word' id='word_1_568' title='bbox 3510 2110 3741 2185; x_wconf 76' lang='grc' dir='ltr'>ῥίψωμεν</span> <span class='ocrx_word' id='word_1_569' title='bbox 3796 2114 3884 2163; x_wconf 85' lang='grc' dir='ltr'>τόν</span> 
     </span>
    </p>
   </div>
   <div class='ocr_carea' id='block_1_79' title="bbox 2281 2020 3319 2094">
    <p class='ocr_par' dir='ltr' id='par_1_79' title="bbox 2281 2020 3319 2094">
     <span class='ocr_line' id='line_1_79' title="bbox 2281 2020 3319 2094; baseline -0.001 -20"><span class='ocrx_word' id='word_1_570' title='bbox 2281 2024 2512 2094; x_wconf 86' lang='grc' dir='ltr'>καθάπερ</span> <span class='ocrx_word' id='word_1_571' title='bbox 2567 2022 2615 2073; x_wconf 81' lang='grc' dir='ltr'>ἐν</span> <span class='ocrx_word' id='word_1_572' title='bbox 2663 2020 2843 2079; x_wconf 89' lang='grc' dir='ltr'>πλήθει</span> <span class='ocrx_word' id='word_1_573' title='bbox 2894 2020 3026 2093; x_wconf 82' lang='grc' dir='ltr'>φιλεῖ</span> <span class='ocrx_word' id='word_1_574' title='bbox 3079 2023 3319 2093; x_wconf 85' lang='grc' dir='ltr'>γίνεσθαι</span> 
     </span>
    </p>
   </div>
   <div class='ocr_carea' id='block_1_80' title="bbox 2282 2196 3885 2275">
    <p class='ocr_par' dir='ltr' id='par_1_80' title="bbox 2282 2196 3885 2275">
     <span class='ocr_line' id='line_1_80' title="bbox 2282 2196 3885 2275; baseline -0.002 -21"><span class='ocrx_word' id='word_1_575' title='bbox 2282 2199 2585 2275; x_wconf 84' lang='grc' dir='ltr'>Ἀϐράμιον.</span> <span class='ocrx_word' id='word_1_576' title='bbox 2636 2199 2694 2252; x_wconf 82' lang='grc' dir='ltr'><strong>Ὀ</strong></span> <span class='ocrx_word' id='word_1_577' title='bbox 2753 2196 2812 2251; x_wconf 73' lang='grc' dir='ltr'>δὲ</span> <span class='ocrx_word' id='word_1_578' title='bbox 2863 2200 2924 2270; x_wconf 84' lang='grc' dir='ltr'>(ὠ</span> <span class='ocrx_word' id='word_1_579' title='bbox 2981 2199 3170 2271; x_wconf 71' lang='grc' dir='ltr'>ψυχῆς</span> <span class='ocrx_word' id='word_1_580' title='bbox 3222 2198 3521 2258; x_wconf 69' lang='grc' dir='ltr'>ἀπτοήτουῐ</span> <span class='ocrx_word' id='word_1_581' title='bbox 3556 2200 3595 2250; x_wconf 86' lang='grc' dir='ltr'>ὦ</span> <span class='ocrx_word' id='word_1_582' title='bbox 3649 2204 3885 2271; x_wconf 76' lang='grc' dir='ltr'>γενναίου</span> 
     </span>
    </p>
   </div>
   <div class='ocr_carea' id='block_1_81' title="bbox 2282 2286 3888 2363">
    <p class='ocr_par' dir='ltr' id='par_1_81' title="bbox 2282 2286 3888 2363">
     <span class='ocr_line' id='line_1_81' title="bbox 2282 2286 3888 2363; baseline -0.001 -21"><span class='ocrx_word' id='word_1_583' title='bbox 2282 2295 2602 2363; x_wconf 84' lang='grc' dir='ltr'>φρονήματος</span> <span class='ocrx_word' id='word_1_584' title='bbox 2650 2289 2661 2343; x_wconf 83' lang='lat' dir='ltr'>l</span> <span class='ocrx_word' id='word_1_585' title='bbox 2698 2290 2715 2359; x_wconf 93' lang='lat'>)</span> <span class='ocrx_word' id='word_1_586' title='bbox 2758 2286 2880 2341; x_wconf 75' lang='grc' dir='ltr'>οὐδὲ</span> <span class='ocrx_word' id='word_1_587' title='bbox 2937 2293 3068 2363; x_wconf 85' lang='grc' dir='ltr'>πρὸς</span> <span class='ocrx_word' id='word_1_588' title='bbox 3124 2289 3256 2341; x_wconf 76' lang='grc' dir='ltr'>οὕτω</span> <span class='ocrx_word' id='word_1_589' title='bbox 3299 2292 3611 2346; x_wconf 85' lang='grc' dir='ltr'>σκαιοτάτην</span> <span class='ocrx_word' id='word_1_590' title='bbox 3655 2289 3888 2341; x_wconf 83' lang='grc' dir='ltr'>ἐπίνοιαν</span> 
     </span>
    </p>
   </div>
   <div class='ocr_carea' id='block_1_82' title="bbox 2282 2376 3891 2451">
    <p class='ocr_par' dir='ltr' id='par_1_82' title="bbox 2282 2376 3891 2451">
     <span class='ocr_line' id='line_1_82' title="bbox 2282 2376 3891 2451; baseline -0.001 -20"><span class='ocrx_word' id='word_1_591' title='bbox 2282 2376 2474 2432; x_wconf 76' lang='grc' dir='ltr'>ἐδεδίει</span> <span class='ocrx_word' id='word_1_592' title='bbox 2521 2383 2609 2430; x_wconf 85' lang='grc' dir='ltr'>καὶ</span> <span class='ocrx_word' id='word_1_593' title='bbox 2663 2378 3084 2441; x_wconf 86' lang='grc' dir='ltr'>καταπέπληκτο,</span> <span class='ocrx_word' id='word_1_594' title='bbox 3136 2377 3242 2430; x_wconf 87' lang='grc' dir='ltr'>ἀλλ’</span> <span class='ocrx_word' id='word_1_595' title='bbox 3295 2398 3307 2411; x_wconf 71' lang='grc'><strong>⁸</strong></span> <span class='ocrx_word' id='word_1_596' title='bbox 3361 2401 3381 2428; x_wconf 75' lang='grc' dir='ltr'>ι</span> <span class='ocrx_word' id='word_1_597' title='bbox 3443 2378 3770 2432; x_wconf 84' lang='grc' dir='ltr'>Ἐκύκλωσάν</span> <span class='ocrx_word' id='word_1_598' title='bbox 3825 2397 3891 2451; x_wconf 85' lang='grc' dir='ltr'>με</span> 
     </span>
    </p>
   </div>
   <div class='ocr_carea' id='block_1_83' title="bbox 2281 2467 3892 2540">
    <p class='ocr_par' dir='ltr' id='par_1_83' title="bbox 2281 2467 3892 2540">
     <span class='ocr_line' id='line_1_83' title="bbox 2281 2467 3892 2540; baseline 0 -21"><span class='ocrx_word' id='word_1_599' title='bbox 2281 2471 2405 2520; x_wconf 84' lang='grc' dir='ltr'>ὡσεὶ</span> <span class='ocrx_word' id='word_1_600' title='bbox 2484 2468 2733 2540; x_wconf 83' lang='grc' dir='ltr'>μέλισσαι</span> <span class='ocrx_word' id='word_1_601' title='bbox 2805 2473 3007 2540; x_wconf 82' lang='grc' dir='ltr'>κηρίον,</span> <span class='ocrx_word' id='word_1_602' title='bbox 3061 2492 3086 2517; x_wconf 87' lang='grc'><strong>››</strong></span> <span class='ocrx_word' id='word_1_603' title='bbox 3147 2469 3314 2540; x_wconf 80' lang='grc' dir='ltr'>ἠρέμα</span> <span class='ocrx_word' id='word_1_604' title='bbox 3387 2467 3662 2539; x_wconf 71' lang='grc' dir='ltr'>ύπέψαλλε,</span> <span class='ocrx_word' id='word_1_605' title='bbox 3727 2488 3755 2519; x_wconf 77' lang='grc' dir='ltr'>(ε</span> <span class='ocrx_word' id='word_1_606' title='bbox 3799 2473 3892 2520; x_wconf 84' lang='grc' dir='ltr'>καὶ</span> 
     </span>
    </p>
   </div>
   <div class='ocr_carea' id='block_1_84' title="bbox 2280 2555 3893 2630">
    <p class='ocr_par' dir='ltr' id='par_1_84' title="bbox 2280 2555 3893 2630">
     <span class='ocr_line' id='line_1_84' title="bbox 2280 2555 3893 2630; baseline 0 -22"><span class='ocrx_word' id='word_1_607' title='bbox 2280 2555 2630 2619; x_wconf 75' lang='grc' dir='ltr'>ἐξεκαύθησαν</span> <span class='ocrx_word' id='word_1_608' title='bbox 2700 2560 2769 2618; x_wconf 84' lang='grc' dir='ltr'>ὡς</span> <span class='ocrx_word' id='word_1_609' title='bbox 2827 2564 2928 2630; x_wconf 83' lang='grc' dir='ltr'>πύρ</span> <span class='ocrx_word' id='word_1_610' title='bbox 2989 2556 3036 2607; x_wconf 86' lang='grc' dir='ltr'>ἐν</span> <span class='ocrx_word' id='word_1_611' title='bbox 3084 2555 3355 2623; x_wconf 72' lang='grc' dir='ltr'>ἀκάνθαις,</span> <span class='ocrx_word' id='word_1_612' title='bbox 3402 2562 3493 2609; x_wconf 86' lang='grc' dir='ltr'>καὶ</span> <span class='ocrx_word' id='word_1_613' title='bbox 3549 2565 3621 2627; x_wconf 87' lang='grc' dir='ltr'>τῷ</span> <span class='ocrx_word' id='word_1_614' title='bbox 3675 2556 3893 2629; x_wconf 84' lang='grc' dir='ltr'>ὀνόματι</span> 
     </span>
    </p>
   </div>
   <div class='ocr_carea' id='block_1_85' title="bbox 2283 2644 3887 2717">
    <p class='ocr_par' dir='ltr' id='par_1_85' title="bbox 2283 2644 3887 2717">
     <span class='ocr_line' id='line_1_85' title="bbox 2283 2644 3887 2717; baseline -0.001 -19"><span class='ocrx_word' id='word_1_615' title='bbox 2283 2651 2477 2717; x_wconf 83' lang='grc' dir='ltr'>Κυρίου</span> <span class='ocrx_word' id='word_1_616' title='bbox 2504 2646 2781 2717; x_wconf 80' lang='grc' dir='ltr'>ἠμυνάμην</span> <span class='ocrx_word' id='word_1_617' title='bbox 2849 2645 3057 2710; x_wconf 85' lang='grc' dir='ltr'>αύτούς,</span> <span class='ocrx_word' id='word_1_618' title='bbox 3094 2667 3116 2697; x_wconf 73' lang='grc' dir='ltr'><strong>υ</strong></span> <span class='ocrx_word' id='word_1_619' title='bbox 3147 2654 3324 2698; x_wconf 81' lang='grc' dir='ltr'>Ταύτα</span> <span class='ocrx_word' id='word_1_620' title='bbox 3368 2648 3392 2697; x_wconf 86' lang='grc' dir='ltr'>ό</span> <span class='ocrx_word' id='word_1_621' title='bbox 3458 2648 3546 2717; x_wconf 74' lang='grc' dir='ltr'>μὲν</span> <span class='ocrx_word' id='word_1_622' title='bbox 3591 2644 3707 2698; x_wconf 81' lang='grc' dir='ltr'>καθ’</span> <span class='ocrx_word' id='word_1_623' title='bbox 3762 2646 3887 2698; x_wconf 78' lang='grc' dir='ltr'>ἐαυο</span> 
     </span>
    </p>
   </div>
   <div class='ocr_carea' id='block_1_86' title="bbox 2709 2731 3885 2806">
    <p class='ocr_par' dir='ltr' id='par_1_86' title="bbox 2709 2731 3885 2806">
     <span class='ocr_line' id='line_1_86' title="bbox 2709 2731 3885 2806; baseline 0.001 -21"><span class='ocrx_word' id='word_1_624' title='bbox 2709 2752 2721 2763; x_wconf 89' lang='grc'><strong>·</strong></span> <span class='ocrx_word' id='word_1_625' title='bbox 2767 2737 2814 2786; x_wconf 84' lang='grc' dir='ltr'>οἱ</span> <span class='ocrx_word' id='word_1_626' title='bbox 2856 2731 2914 2786; x_wconf 74' lang='grc' dir='ltr'>δὲ</span> <span class='ocrx_word' id='word_1_627' title='bbox 2966 2738 3097 2806; x_wconf 73' lang='grc' dir='ltr'>μετὰ</span> <span class='ocrx_word' id='word_1_628' title='bbox 3155 2734 3341 2787; x_wconf 84' lang='grc' dir='ltr'>πολλοῦ</span> <span class='ocrx_word' id='word_1_629' title='bbox 3389 2742 3479 2787; x_wconf 87' lang='grc' dir='ltr'>τοῦ</span> <span class='ocrx_word' id='word_1_630' title='bbox 3520 2731 3671 2796; x_wconf 82' lang='grc' dir='ltr'>δέους</span> <span class='ocrx_word' id='word_1_631' title='bbox 3723 2735 3885 2793; x_wconf 80' lang='grc' dir='ltr'>ἠλαύ-</span> 
     </span>
    </p>
   </div>
   <div class='ocr_carea' id='block_1_87' title="bbox 3741 2821 3884 2896">
    <p class='ocr_par' dir='ltr' id='par_1_87' title="bbox 3741 2821 3884 2896">
     <span class='ocr_line' id='line_1_87' title="bbox 3741 2821 3884 2896; baseline -0.035 -15"><span class='ocrx_word' id='word_1_632' title='bbox 3741 2821 3884 2896; x_wconf 73' lang='grc' dir='ltr'>μηδὲ</span> 
     </span>
    </p>
   </div>
   <div class='ocr_carea' id='block_1_88' title="bbox 2275 2910 3884 2986">
    <p class='ocr_par' dir='ltr' id='par_1_88' title="bbox 2275 2910 3884 2986">
     <span class='ocr_line' id='line_1_88' title="bbox 2275 2910 3884 2986; baseline 0.001 -22"><span class='ocrx_word' id='word_1_633' title='bbox 2275 2912 2432 2983; x_wconf 72' lang='grc' dir='ltr'>ψιλὴν</span> <span class='ocrx_word' id='word_1_634' title='bbox 2468 2912 2681 2972; x_wconf 77' lang='grc' dir='ltr'>ἀπειλὴν</span> <span class='ocrx_word' id='word_1_635' title='bbox 2734 2914 3112 2983; x_wconf 74' lang='grc' dir='ltr'>ὑπομείναντες.</span> <span class='ocrx_word' id='word_1_636' title='bbox 3163 2914 3339 2974; x_wconf 77' lang='grc' dir='ltr'>Οὕτως</span> <span class='ocrx_word' id='word_1_637' title='bbox 3391 2917 3480 2986; x_wconf 70' lang='grc' dir='ltr'>μὲν</span> <span class='ocrx_word' id='word_1_638' title='bbox 3536 2910 3623 2964; x_wconf 78' lang='grc' dir='ltr'>οὖν</span> <span class='ocrx_word' id='word_1_639' title='bbox 3667 2915 3690 2964; x_wconf 87' lang='grc' dir='ltr'>ό</span> <span class='ocrx_word' id='word_1_640' title='bbox 3746 2915 3884 2984; x_wconf 85' lang='grc' dir='ltr'>ἱερὸς</span> 
     </span>
    </p>
   </div>
   <div class='ocr_carea' id='block_1_89' title="bbox 2275 3002 3881 3076">
    <p class='ocr_par' dir='ltr' id='par_1_89' title="bbox 2275 3002 3881 3076">
     <span class='ocr_line' id='line_1_89' title="bbox 2275 3002 3881 3076; baseline 0 -23"><span class='ocrx_word' id='word_1_641' title='bbox 2275 3002 2425 3063; x_wconf 79' lang='grc' dir='ltr'>οὗτος</span> <span class='ocrx_word' id='word_1_642' title='bbox 2482 3002 2767 3076; x_wconf 81' lang='grc' dir='ltr'>Ἀϐράμιος</span> <span class='ocrx_word' id='word_1_643' title='bbox 2806 3008 2895 3054; x_wconf 84' lang='grc' dir='ltr'>καὶ</span> <span class='ocrx_word' id='word_1_644' title='bbox 2956 3006 3082 3076; x_wconf 87' lang='grc' dir='ltr'>πρὸς</span> <span class='ocrx_word' id='word_1_645' title='bbox 3138 3010 3385 3055; x_wconf 76' lang='grc' dir='ltr'>τοσοῦτον</span> <span class='ocrx_word' id='word_1_646' title='bbox 3434 3002 3563 3074; x_wconf 72' lang='grc' dir='ltr'>ὕψος</span> <span class='ocrx_word' id='word_1_647' title='bbox 3615 3010 3703 3063; x_wconf 83' lang='grc' dir='ltr'>τῆς</span> <span class='ocrx_word' id='word_1_648' title='bbox 3732 3020 3881 3054; x_wconf 80' lang='grc' dir='ltr'>πνευ-</span> 
     </span>
    </p>
   </div>
   <div class='ocr_carea' id='block_1_90' title="bbox 2274 3090 3080 3163">
    <p class='ocr_par' dir='ltr' id='par_1_90' title="bbox 2274 3090 3080 3163">
     <span class='ocr_line' id='line_1_90' title="bbox 2274 3090 3080 3163; baseline 0.002 -22"><span class='ocrx_word' id='word_1_649' title='bbox 2274 3099 2498 3162; x_wconf 85' lang='grc' dir='ltr'>ματικῆς</span> <span class='ocrx_word' id='word_1_650' title='bbox 2529 3090 2718 3148; x_wconf 78' lang='grc' dir='ltr'>ἀνέπτη</span> <span class='ocrx_word' id='word_1_651' title='bbox 2752 3091 2863 3162; x_wconf 85' lang='grc' dir='ltr'>φιλο</span> <span class='ocrx_word' id='word_1_652' title='bbox 2875 3097 3080 3163; x_wconf 79' lang='grc' dir='ltr'>σοφίας.</span> 
     </span>
    </p>
   </div>
   <div class='ocr_carea' id='block_1_91' title="bbox 2278 2736 2661 2806">
    <p class='ocr_par' dir='ltr' id='par_1_91' title="bbox 2278 2736 2661 2806">
     <span class='ocr_line' id='line_1_91' title="bbox 2278 2736 2661 2806; baseline 0 -21"><span class='ocrx_word' id='word_1_653' title='bbox 2278 2739 2364 2785; x_wconf 86' lang='grc' dir='ltr'>τὸν</span> <span class='ocrx_word' id='word_1_654' title='bbox 2412 2736 2661 2806; x_wconf 82' lang='grc' dir='ltr'>ύπεφώνει</span> 
     </span>
    </p>
   </div>
   <div class='ocr_carea' id='block_1_92' title="bbox 2276 2825 3659 2898">
    <p class='ocr_par' dir='ltr' id='par_1_92' title="bbox 2276 2825 3659 2898">
     <span class='ocr_line' id='line_1_92' title="bbox 2276 2825 3659 2898; baseline 0.001 -24"><span class='ocrx_word' id='word_1_655' title='bbox 2276 2843 2439 2887; x_wconf 90' lang='grc' dir='ltr'>νοντο,</span> <span class='ocrx_word' id='word_1_656' title='bbox 2499 2825 2730 2897; x_wconf 89' lang='grc' dir='ltr'>καθάπερ</span> <span class='ocrx_word' id='word_1_657' title='bbox 2812 2827 2947 2885; x_wconf 89' lang='grc' dir='ltr'>τινὸς</span> <span class='ocrx_word' id='word_1_658' title='bbox 3026 2832 3326 2898; x_wconf 75' lang='grc' dir='ltr'>στρατηγοῦ</span> <span class='ocrx_word' id='word_1_659' title='bbox 3403 2829 3659 2896; x_wconf 77' lang='grc' dir='ltr'>γενναίου,</span> 
     </span>
    </p>
   </div>
   <div class='ocr_carea' id='block_1_93' title="bbox 2346 3178 3875 3255">
    <p class='ocr_par' dir='ltr' id='par_1_93' title="bbox 2346 3178 3875 3255">
     <span class='ocr_line' id='line_1_93' title="bbox 2346 3178 3875 3255; baseline -0.001 -22"><span class='ocrx_word' id='word_1_660' title='bbox 2346 3178 2446 3233; x_wconf 86' lang='grc' dir='ltr'>ΙΖ’.</span> <span class='ocrx_word' id='word_1_661' title='bbox 2482 3180 2704 3233; x_wconf 85' lang='grc' dir='ltr'>Κάκείνα</span> <span class='ocrx_word' id='word_1_662' title='bbox 2749 3178 2807 3232; x_wconf 70' lang='grc' dir='ltr'>δὲ</span> <span class='ocrx_word' id='word_1_663' title='bbox 2859 3185 2969 3254; x_wconf 88' lang='grc' dir='ltr'>χρὴ</span> <span class='ocrx_word' id='word_1_664' title='bbox 3027 3189 3137 3243; x_wconf 89' lang='grc' dir='ltr'>τοῖς</span> <span class='ocrx_word' id='word_1_665' title='bbox 3189 3185 3307 3255; x_wconf 81' lang='grc' dir='ltr'>περὶ</span> <span class='ocrx_word' id='word_1_666' title='bbox 3356 3180 3515 3233; x_wconf 73' lang='grc' dir='ltr'>αὐτοῦ</span> <span class='ocrx_word' id='word_1_667' title='bbox 3557 3179 3731 3232; x_wconf 90' lang='grc' dir='ltr'>λοιπὸν</span> <span class='ocrx_word' id='word_1_668' title='bbox 3773 3178 3875 3232; x_wconf 79' lang='grc' dir='ltr'>ἐπι</span> 
     </span>
    </p>
   </div>
   <div class='ocr_carea' id='block_1_94' title="bbox 2279 3266 3882 3341">
    <p class='ocr_par' dir='ltr' id='par_1_94' title="bbox 2279 3266 3882 3341">
     <span class='ocr_line' id='line_1_94' title="bbox 2279 3266 3882 3341; baseline -0.001 -20"><span class='ocrx_word' id='word_1_669' title='bbox 2279 3271 2618 3340; x_wconf 74' lang='grc' dir='ltr'>σημήνασθαι</span> <span class='ocrx_word' id='word_1_670' title='bbox 2667 3266 3018 3341; x_wconf 70' lang='grc' dir='ltr'>διηγήμασιν,</span> <span class='ocrx_word' id='word_1_671' title='bbox 3071 3266 3281 3332; x_wconf 73' lang='grc' dir='ltr'>οὐδενός</span> <span class='ocrx_word' id='word_1_672' title='bbox 3316 3270 3387 3331; x_wconf 87' lang='grc' dir='ltr'>εἰς</span> <span class='ocrx_word' id='word_1_673' title='bbox 3440 3271 3701 3341; x_wconf 80' lang='grc' dir='ltr'>θαύματος</span> <span class='ocrx_word' id='word_1_674' title='bbox 3730 3268 3882 3340; x_wconf 88' lang='grc' dir='ltr'>λόγον</span> 
     </span>
    </p>
   </div>
   <div class='ocr_carea' id='block_1_95' title="bbox 2273 3356 3885 3433">
    <p class='ocr_par' dir='ltr' id='par_1_95' title="bbox 2273 3356 3885 3433">
     <span class='ocr_line' id='line_1_95' title="bbox 2273 3356 3885 3433; baseline -0.001 -23"><span class='ocrx_word' id='word_1_675' title='bbox 2273 3368 2372 3410; x_wconf 83' lang='grc' dir='ltr'>τῶν</span> <span class='ocrx_word' id='word_1_676' title='bbox 2430 3357 2789 3433; x_wconf 88' lang='grc' dir='ltr'>προλαϐόντων</span> <span class='ocrx_word' id='word_1_677' title='bbox 2841 3358 3135 3430; x_wconf 84' lang='grc' dir='ltr'>λειπόμενα,</span> <span class='ocrx_word' id='word_1_678' title='bbox 3211 3362 3275 3419; x_wconf 84' lang='grc' dir='ltr'>ὡς</span> <span class='ocrx_word' id='word_1_679' title='bbox 3347 3359 3404 3410; x_wconf 84' lang='grc' dir='ltr'>ού</span> <span class='ocrx_word' id='word_1_680' title='bbox 3472 3363 3624 3429; x_wconf 88' lang='grc' dir='ltr'>μόνον</span> <span class='ocrx_word' id='word_1_681' title='bbox 3697 3356 3885 3409; x_wconf 82' lang='grc' dir='ltr'>ἀκτῖνα</span> 
     </span>
    </p>
   </div>
   <div class='ocr_carea' id='block_1_96' title="bbox 2274 3444 3879 3522">
    <p class='ocr_par' dir='ltr' id='par_1_96' title="bbox 2274 3444 3879 3522">
     <span class='ocr_line' id='line_1_96' title="bbox 2274 3444 3879 3522; baseline -0.001 -24"><span class='ocrx_word' id='word_1_682' title='bbox 2274 3451 2469 3518; x_wconf 86' lang='grc' dir='ltr'>πέμποι</span> <span class='ocrx_word' id='word_1_683' title='bbox 2513 3445 2591 3498; x_wconf 85' lang='grc' dir='ltr'>ἀεὶ</span> <span class='ocrx_word' id='word_1_684' title='bbox 2642 3444 2867 3522; x_wconf 73' lang='grc' dir='ltr'>φαιδρὰν</span> <span class='ocrx_word' id='word_1_685' title='bbox 2917 3446 3017 3499; x_wconf 83' lang='grc' dir='ltr'>ἀπὸ</span> <span class='ocrx_word' id='word_1_686' title='bbox 3074 3455 3164 3499; x_wconf 84' lang='grc' dir='ltr'>τοῦ</span> <span class='ocrx_word' id='word_1_687' title='bbox 3222 3453 3528 3521; x_wconf 83' lang='grc' dir='ltr'>προσώπου,</span> <span class='ocrx_word' id='word_1_688' title='bbox 3578 3451 3752 3498; x_wconf 87' lang='grc' dir='ltr'>καίτοι</span> <span class='ocrx_word' id='word_1_689' title='bbox 3809 3452 3879 3519; x_wconf 84' lang='grc' dir='ltr'>μή</span> 
     </span>
    </p>
   </div>
   <div class='ocr_carea' id='block_1_97' title="bbox 2275 3535 3886 3611">
    <p class='ocr_par' dir='ltr' id='par_1_97' title="bbox 2275 3535 3886 3611">
     <span class='ocr_line' id='line_1_97' title="bbox 2275 3535 3886 3611; baseline 0.001 -24"><span class='ocrx_word' id='word_1_690' title='bbox 2275 3535 2568 3611; x_wconf 76' lang='grc' dir='ltr'>ἐρρωμένως</span> <span class='ocrx_word' id='word_1_691' title='bbox 2628 3539 2764 3608; x_wconf 82' lang='grc' dir='ltr'>ἔχων</span> <span class='ocrx_word' id='word_1_692' title='bbox 2818 3546 2909 3589; x_wconf 81' lang='grc' dir='ltr'>τού</span> <span class='ocrx_word' id='word_1_693' title='bbox 2970 3542 3223 3608; x_wconf 81' lang='grc' dir='ltr'>σώματος,</span> <span class='ocrx_word' id='word_1_694' title='bbox 3287 3536 3390 3587; x_wconf 81' lang='grc' dir='ltr'>ἀλλ’</span> <span class='ocrx_word' id='word_1_695' title='bbox 3451 3537 3549 3587; x_wconf 81' lang='grc' dir='ltr'>ὑπό</span> <span class='ocrx_word' id='word_1_696' title='bbox 3604 3545 3698 3598; x_wconf 82' lang='grc' dir='ltr'>τῆς</span> <span class='ocrx_word' id='word_1_697' title='bbox 3750 3538 3886 3608; x_wconf 82' lang='grc' dir='ltr'>ἄγαν</span> 
     </span>
    </p>
   </div>
   <div class='ocr_carea' id='block_1_98' title="bbox 3619 3622 3885 3677">
    <p class='ocr_par' dir='ltr' id='par_1_98' title="bbox 3619 3622 3885 3677">
     <span class='ocr_line' id='line_1_98' title="bbox 3619 3622 3885 3677; baseline 0.004 -1"><span class='ocrx_word' id='word_1_698' title='bbox 3619 3622 3724 3676; x_wconf 82' lang='grc' dir='ltr'>ἀλλ’</span> <span class='ocrx_word' id='word_1_699' title='bbox 3807 3627 3885 3677; x_wconf 86' lang='grc' dir='ltr'>ὅτι</span> 
     </span>
    </p>
   </div>
   <div class='ocr_carea' id='block_1_99' title="bbox 2274 3711 3886 3786">
    <p class='ocr_par' dir='ltr' id='par_1_99' title="bbox 2274 3711 3886 3786">
     <span class='ocr_line' id='line_1_99' title="bbox 2274 3711 3886 3786; baseline 0.001 -20"><span class='ocrx_word' id='word_1_700' title='bbox 2274 3714 2368 3766; x_wconf 86' lang='grc' dir='ltr'>κάν</span> <span class='ocrx_word' id='word_1_701' title='bbox 2402 3722 2474 3783; x_wconf 80' lang='grc' dir='ltr'>τῷ</span> <span class='ocrx_word' id='word_1_702' title='bbox 2524 3722 2690 3786; x_wconf 85' lang='grc' dir='ltr'>καιρῷ</span> <span class='ocrx_word' id='word_1_703' title='bbox 2736 3723 2829 3776; x_wconf 85' lang='grc' dir='ltr'>τῆς</span> <span class='ocrx_word' id='word_1_704' title='bbox 2874 3714 3104 3786; x_wconf 81' lang='grc' dir='ltr'>ἐσχάτης</span> <span class='ocrx_word' id='word_1_705' title='bbox 3155 3711 3407 3786; x_wconf 83' lang='grc' dir='ltr'>ἐκδημίας</span> <span class='ocrx_word' id='word_1_706' title='bbox 3447 3719 3536 3766; x_wconf 89' lang='grc' dir='ltr'>καὶ</span> <span class='ocrx_word' id='word_1_707' title='bbox 3586 3713 3886 3777; x_wconf 86' lang='grc' dir='ltr'>ἀναλύσεως</span> 
     </span>
    </p>
   </div>
   <div class='ocr_carea' id='block_1_100' title="bbox 2275 3624 3536 3699">
    <p class='ocr_par' dir='ltr' id='par_1_100' title="bbox 2275 3624 3536 3699">
     <span class='ocr_line' id='line_1_100' title="bbox 2275 3624 3536 3699; baseline -0.001 -22"><span class='ocrx_word' id='word_1_708' title='bbox 2275 3624 2575 3699; x_wconf 71' lang='grc' dir='ltr'>ἐγκρατείας</span> <span class='ocrx_word' id='word_1_709' title='bbox 2624 3634 2846 3698; x_wconf 83' lang='grc' dir='ltr'>τακερῶς</span> <span class='ocrx_word' id='word_1_710' title='bbox 2914 3645 2966 3677; x_wconf 92' lang='grc' dir='ltr'>τε</span> <span class='ocrx_word' id='word_1_711' title='bbox 3034 3631 3122 3677; x_wconf 89' lang='lat' dir='ltr'>xui</span> <span class='ocrx_word' id='word_1_712' title='bbox 3181 3625 3536 3696; x_wconf 78' lang='grc' dir='ltr'>ταλαιπώρως,</span> 
     </span>
    </p>
   </div>
   <div class='ocr_carea' id='block_1_101' title="bbox 2273 3804 3882 3875">
    <p class='ocr_par' dir='ltr' id='par_1_101' title="bbox 2273 3804 3882 3875">
     <span class='ocr_line' id='line_1_101' title="bbox 2273 3804 3882 3875; baseline -0.001 -20"><span class='ocrx_word' id='word_1_713' title='bbox 2273 3807 2330 3856; x_wconf 90' lang='grc' dir='ltr'>τό</span> <span class='ocrx_word' id='word_1_714' title='bbox 2370 3812 2602 3856; x_wconf 82' lang='grc' dir='ltr'>τοιούτου</span> <span class='ocrx_word' id='word_1_715' title='bbox 2645 3805 2880 3874; x_wconf 84' lang='grc' dir='ltr'>ἐρύθημα</span> <span class='ocrx_word' id='word_1_716' title='bbox 2924 3808 3018 3861; x_wconf 82' lang='grc' dir='ltr'>τήν</span> <span class='ocrx_word' id='word_1_717' title='bbox 3064 3804 3255 3856; x_wconf 80' lang='grc' dir='ltr'>οἰκείαν</span> <span class='ocrx_word' id='word_1_718' title='bbox 3299 3804 3393 3855; x_wconf 84' lang='grc' dir='ltr'>ούκ</span> <span class='ocrx_word' id='word_1_719' title='bbox 3438 3804 3665 3874; x_wconf 78' lang='grc' dir='ltr'>ἠγνόησε</span> <span class='ocrx_word' id='word_1_720' title='bbox 3705 3806 3882 3875; x_wconf 85' lang='grc' dir='ltr'>φύσιν,</span> 
     </span>
    </p>
   </div>
   <div class='ocr_carea' id='block_1_102' title="bbox 2275 3889 3881 3965">
    <p class='ocr_par' dir='ltr' id='par_1_102' title="bbox 2275 3889 3881 3965">
     <span class='ocr_line' id='line_1_102' title="bbox 2275 3889 3881 3965; baseline -0.001 -21"><span class='ocrx_word' id='word_1_721' title='bbox 2275 3892 2381 3944; x_wconf 84' lang='grc' dir='ltr'>ἀλλ’</span> <span class='ocrx_word' id='word_1_722' title='bbox 2430 3890 2651 3964; x_wconf 85' lang='grc' dir='ltr'>ἀκμαῖον</span> <span class='ocrx_word' id='word_1_723' title='bbox 2700 3894 2773 3943; x_wconf 84' lang='grc' dir='ltr'>ἔτι</span> <span class='ocrx_word' id='word_1_724' title='bbox 2825 3897 2913 3944; x_wconf 84' lang='grc' dir='ltr'>καὶ</span> <span class='ocrx_word' id='word_1_725' title='bbox 2965 3892 3184 3965; x_wconf 79' lang='grc' dir='ltr'>ἀνθηρὸν</span> <span class='ocrx_word' id='word_1_726' title='bbox 3243 3889 3355 3954; x_wconf 83' lang='grc' dir='ltr'>ταῖς</span> <span class='ocrx_word' id='word_1_727' title='bbox 3404 3899 3643 3965; x_wconf 85' lang='grc' dir='ltr'>παρειαῖς</span> <span class='ocrx_word' id='word_1_728' title='bbox 3700 3890 3881 3944; x_wconf 85' lang='grc' dir='ltr'>ἐπεκά-</span> 
     </span>
    </p>
   </div>
   <div class='ocr_carea' id='block_1_103' title="bbox 2276 3983 2450 4038">
    <p class='ocr_par' dir='ltr' id='par_1_103' title="bbox 2276 3983 2450 4038">
     <span class='ocr_line' id='line_1_103' title="bbox 2276 3983 2450 4038; baseline -0.006 -5"><span class='ocrx_word' id='word_1_729' title='bbox 2276 3983 2401 4038; x_wconf 85' lang='grc' dir='ltr'>θητο</span> <span class='ocrx_word' id='word_1_730' title='bbox 2439 4002 2450 4013; x_wconf 84' lang='grc'><strong>-</strong></span> 
     </span>
    </p>
   </div>
   <div class='ocr_carea' id='block_1_104' title="bbox 2270 4068 3157 4145">
    <p class='ocr_par' dir='ltr' id='par_1_104' title="bbox 2270 4068 3157 4145">
     <span class='ocr_line' id='line_1_104' title="bbox 2270 4068 3157 4145; baseline -0.002 -23"><span class='ocrx_word' id='word_1_731' title='bbox 2270 4068 2604 4141; x_wconf 85' lang='grc' dir='ltr'>περιϐέϐλητο</span> <span class='ocrx_word' id='word_1_732' title='bbox 2670 4071 2803 4143; x_wconf 78' lang='grc' dir='ltr'>ῥάκη</span> <span class='ocrx_word' id='word_1_733' title='bbox 2865 4072 2985 4145; x_wconf 91' lang='grc' dir='ltr'>παρ’</span> <span class='ocrx_word' id='word_1_734' title='bbox 3045 4071 3157 4122; x_wconf 86' lang='grc' dir='ltr'>ὅλον</span> 
     </span>
    </p>
   </div>
   <div class='ocr_carea' id='block_1_105' title="bbox 2495 3978 3887 4055">
    <p class='ocr_par' dir='ltr' id='par_1_105' title="bbox 2495 3978 3887 4055">
     <span class='ocr_line' id='line_1_105' title="bbox 2495 3978 3887 4055; baseline 0.001 -24"><span class='ocrx_word' id='word_1_735' title='bbox 2495 3984 2667 4034; x_wconf 77' lang='grc' dir='ltr'>καὶτὸ</span> <span class='ocrx_word' id='word_1_736' title='bbox 2701 3978 2768 4039; x_wconf 79' lang='grc' dir='ltr'>δὴ</span> <span class='ocrx_word' id='word_1_737' title='bbox 2802 3984 2993 4033; x_wconf 86' lang='grc' dir='ltr'>τούτων</span> <span class='ocrx_word' id='word_1_738' title='bbox 3022 3981 3191 4051; x_wconf 75' lang='grc' dir='ltr'>πολλῷ</span> <span class='ocrx_word' id='word_1_739' title='bbox 3223 3986 3583 4055; x_wconf 84' lang='grc' dir='ltr'>χαριέστερον,</span> <span class='ocrx_word' id='word_1_740' title='bbox 3628 3983 3708 4034; x_wconf 86' lang='grc' dir='ltr'>ὅτι</span> <span class='ocrx_word' id='word_1_741' title='bbox 3739 3987 3830 4033; x_wconf 82' lang='grc' dir='ltr'>καὶ</span> <span class='ocrx_word' id='word_1_742' title='bbox 3852 3980 3887 4032; x_wconf 85' lang='grc' dir='ltr'>ἁ</span> 
     </span>
    </p>
   </div>
   <div class='ocr_carea' id='block_1_106' title="bbox 3248 4069 3885 4141">
    <p class='ocr_par' dir='ltr' id='par_1_106' title="bbox 3248 4069 3885 4141">
     <span class='ocr_line' id='line_1_106' title="bbox 3248 4069 3885 4141; baseline 0 -20"><span class='ocrx_word' id='word_1_743' title='bbox 3248 4070 3387 4141; x_wconf 81' lang='grc' dir='ltr'>αύτῷ</span> <span class='ocrx_word' id='word_1_744' title='bbox 3450 4074 3535 4122; x_wconf 88' lang='grc' dir='ltr'>τὸν</span> <span class='ocrx_word' id='word_1_745' title='bbox 3596 4069 3885 4127; x_wconf 82' lang='grc' dir='ltr'>ἀσκητικὸν</span> 
     </span>
    </p>
   </div>
   <div class='ocr_carea' id='block_1_107' title="bbox 2276 4156 3887 4230">
    <p class='ocr_par' dir='ltr' id='par_1_107' title="bbox 2276 4156 3887 4230">
     <span class='ocr_line' id='line_1_107' title="bbox 2276 4156 3887 4230; baseline 0 -20"><span class='ocrx_word' id='word_1_746' title='bbox 2276 4157 2461 4211; x_wconf 82' lang='grc' dir='ltr'>ἐκεῖνον</span> <span class='ocrx_word' id='word_1_747' title='bbox 2519 4161 2921 4230; x_wconf 76' lang='grc' dir='ltr'>ὑπηρετήσαντα</span> <span class='ocrx_word' id='word_1_748' title='bbox 2992 4158 3106 4230; x_wconf 82' lang='grc' dir='ltr'>βίον</span> <span class='ocrx_word' id='word_1_749' title='bbox 3151 4160 3282 4230; x_wconf 81' lang='grc' dir='ltr'>(ἔτος</span> <span class='ocrx_word' id='word_1_750' title='bbox 3337 4156 3395 4211; x_wconf 79' lang='grc' dir='ltr'>δὲ</span> <span class='ocrx_word' id='word_1_751' title='bbox 3455 4162 3804 4217; x_wconf 86' lang='grc' dir='ltr'>πεντηκοστόν</span> <span class='ocrx_word' id='word_1_752' title='bbox 3862 4160 3887 4210; x_wconf 90' lang='grc' dir='ltr'>ό</span> 
     </span>
    </p>
   </div>
   <div class='ocr_carea' id='block_1_108' title="bbox 2280 4246 3891 4321">
    <p class='ocr_par' dir='ltr' id='par_1_108' title="bbox 2280 4246 3891 4321">
     <span class='ocr_line' id='line_1_108' title="bbox 2280 4246 3891 4321; baseline -0.001 -21"><span class='ocrx_word' id='word_1_753' title='bbox 2280 4247 2556 4321; x_wconf 81' lang='grc' dir='ltr'>Αϐραμίος</span> <span class='ocrx_word' id='word_1_754' title='bbox 2602 4248 2829 4319; x_wconf 78' lang='grc' dir='ltr'>ἤσκητο)</span> <span class='ocrx_word' id='word_1_755' title='bbox 2886 4248 2979 4299; x_wconf 79' lang='grc' dir='ltr'>ούκ</span> <span class='ocrx_word' id='word_1_756' title='bbox 3033 4246 3129 4311; x_wconf 81' lang='grc' dir='ltr'>εἶξε</span> <span class='ocrx_word' id='word_1_757' title='bbox 3192 4256 3263 4318; x_wconf 79' lang='grc' dir='ltr'>τῷ</span> <span class='ocrx_word' id='word_1_758' title='bbox 3316 4256 3407 4300; x_wconf 80' lang='grc' dir='ltr'>τοῦ</span> <span class='ocrx_word' id='word_1_759' title='bbox 3473 4253 3668 4320; x_wconf 85' lang='grc' dir='ltr'>χρόνου</span> <span class='ocrx_word' id='word_1_760' title='bbox 3727 4254 3891 4319; x_wconf 78' lang='grc' dir='ltr'>μήκει</span> 
     </span>
    </p>
   </div>
   <div class='ocr_carea' id='block_1_109' title="bbox 2288 4334 3891 4411">
    <p class='ocr_par' dir='ltr' id='par_1_109' title="bbox 2288 4334 3891 4411">
     <span class='ocr_line' id='line_1_109' title="bbox 2288 4334 3891 4411; baseline -0.001 -23"><span class='ocrx_word' id='word_1_761' title='bbox 2288 4342 2377 4389; x_wconf 86' lang='grc' dir='ltr'>καὶ</span> <span class='ocrx_word' id='word_1_762' title='bbox 2408 4334 2644 4411; x_wconf 77' lang='grc' dir='ltr'>διερρύη,</span> <span class='ocrx_word' id='word_1_763' title='bbox 2677 4336 2784 4388; x_wconf 82' lang='grc' dir='ltr'>ἀλλ’</span> <span class='ocrx_word' id='word_1_764' title='bbox 2828 4335 2875 4389; x_wconf 85' lang='grc' dir='ltr'>ἐν</span> <span class='ocrx_word' id='word_1_765' title='bbox 2906 4340 2994 4409; x_wconf 77' lang='grc' dir='ltr'>ἴση</span> <span class='ocrx_word' id='word_1_766' title='bbox 3030 4335 3121 4389; x_wconf 80' lang='grc' dir='ltr'>διὰ</span> <span class='ocrx_word' id='word_1_767' title='bbox 3164 4341 3355 4399; x_wconf 84' lang='grc' dir='ltr'>παντὸς</span> <span class='ocrx_word' id='word_1_768' title='bbox 3381 4334 3440 4395; x_wconf 77' lang='grc' dir='ltr'>ἧν</span> <span class='ocrx_word' id='word_1_769' title='bbox 3482 4336 3619 4409; x_wconf 82' lang='grc' dir='ltr'>ἀκμῇ</span> <span class='ocrx_word' id='word_1_770' title='bbox 3662 4341 3749 4387; x_wconf 83' lang='grc' dir='ltr'>καὶ</span> <span class='ocrx_word' id='word_1_771' title='bbox 3780 4343 3891 4387; x_wconf 84' lang='grc' dir='ltr'>νεό-</span> 
     </span>
    </p>
   </div>
   <div class='ocr_carea' id='block_1_110' title="bbox 2288 4422 3891 4499">
    <p class='ocr_par' dir='ltr' id='par_1_110' title="bbox 2288 4422 3891 4499">
     <span class='ocr_line' id='line_1_110' title="bbox 2288 4422 3891 4499; baseline -0.001 -21"><span class='ocrx_word' id='word_1_772' title='bbox 2288 4446 2412 4492; x_wconf 85' lang='grc' dir='ltr'>τντι,</span> <span class='ocrx_word' id='word_1_773' title='bbox 2468 4430 2524 4478; x_wconf 90' lang='grc' dir='ltr'>τὸ</span> <span class='ocrx_word' id='word_1_774' title='bbox 2570 4435 2722 4499; x_wconf 86' lang='grc' dir='ltr'>σῶμα</span> <span class='ocrx_word' id='word_1_775' title='bbox 2770 4435 2841 4496; x_wconf 77' lang='grc' dir='ltr'>τῷ</span> <span class='ocrx_word' id='word_1_776' title='bbox 2887 4426 3018 4497; x_wconf 75' lang='grc' dir='ltr'>ἁγίῳ</span> <span class='ocrx_word' id='word_1_777' title='bbox 3067 4426 3529 4498; x_wconf 80' lang='grc' dir='ltr'>περικαλύπτοντα.</span> <span class='ocrx_word' id='word_1_778' title='bbox 3585 4428 3777 4496; x_wconf 81' lang='grc' dir='ltr'>Καιρὸς</span> <span class='ocrx_word' id='word_1_779' title='bbox 3827 4422 3891 4477; x_wconf 74' lang='grc' dir='ltr'>δὲ</span> 
     </span>
    </p>
   </div>
   <div class='ocr_carea' id='block_1_111' title="bbox 2273 4512 3894 4585">
    <p class='ocr_par' dir='ltr' id='par_1_111' title="bbox 2273 4512 3894 4585">
     <span class='ocr_line' id='line_1_111' title="bbox 2273 4512 3894 4585; baseline -0.001 -19"><span class='ocrx_word' id='word_1_780' title='bbox 2273 4514 2451 4566; x_wconf 88' lang='grc' dir='ltr'>λοιπὸν</span> <span class='ocrx_word' id='word_1_781' title='bbox 2501 4513 2582 4566; x_wconf 84' lang='grc' dir='ltr'>ἐπὶ</span> <span class='ocrx_word' id='word_1_782' title='bbox 2625 4520 2680 4565; x_wconf 90' lang='grc' dir='ltr'>τό</span> <span class='ocrx_word' id='word_1_783' title='bbox 2730 4518 2863 4585; x_wconf 83' lang='grc' dir='ltr'>μέγα</span> <span class='ocrx_word' id='word_1_784' title='bbox 2912 4520 3001 4566; x_wconf 82' lang='grc' dir='ltr'>καὶ</span> <span class='ocrx_word' id='word_1_785' title='bbox 3047 4516 3347 4585; x_wconf 88' lang='grc' dir='ltr'>θαυμαστόν</span> <span class='ocrx_word' id='word_1_786' title='bbox 3394 4514 3553 4566; x_wconf 86' lang='grc' dir='ltr'>ἐκεῖνο</span> <span class='ocrx_word' id='word_1_787' title='bbox 3600 4512 3894 4584; x_wconf 78' lang='grc' dir='ltr'>μεταϐῆναι</span> 
     </span>
    </p>
   </div>
   <div class='ocr_carea' id='block_1_112' title="bbox 2276 4600 3890 4675">
    <p class='ocr_par' dir='ltr' id='par_1_112' title="bbox 2276 4600 3890 4675">
     <span class='ocr_line' id='line_1_112' title="bbox 2276 4600 3890 4675; baseline 0.001 -21"><span class='ocrx_word' id='word_1_788' title='bbox 2276 4600 2541 4675; x_wconf 87' lang='grc' dir='ltr'>διήγημα,</span> <span class='ocrx_word' id='word_1_789' title='bbox 2574 4608 2663 4655; x_wconf 88' lang='grc' dir='ltr'>καὶ</span> <span class='ocrx_word' id='word_1_790' title='bbox 2702 4604 2727 4655; x_wconf 86' lang='grc' dir='ltr'><strong>ὃ</strong></span> <span class='ocrx_word' id='word_1_791' title='bbox 2771 4611 2861 4655; x_wconf 77' lang='grc' dir='ltr'>τοῦ</span> <span class='ocrx_word' id='word_1_792' title='bbox 2893 4607 3023 4655; x_wconf 81' lang='grc' dir='ltr'>κατά</span> <span class='ocrx_word' id='word_1_793' title='bbox 3068 4609 3195 4657; x_wconf 81' lang='grc' dir='ltr'>Θεὸν</span> <span class='ocrx_word' id='word_1_794' title='bbox 3248 4603 3427 4672; x_wconf 79' lang='grc' dir='ltr'>ζήλου,</span> <span class='ocrx_word' id='word_1_795' title='bbox 3482 4608 3567 4655; x_wconf 76' lang='grc' dir='ltr'>καὶ</span> <span class='ocrx_word' id='word_1_796' title='bbox 3610 4612 3710 4655; x_wconf 86' lang='grc' dir='ltr'>τῶν</span> <span class='ocrx_word' id='word_1_797' title='bbox 3755 4601 3890 4655; x_wconf 85' lang='grc' dir='ltr'>ἀπο-</span> 
     </span>
    </p>
   </div>
   <div class='ocr_carea' id='block_1_113' title="bbox 2276 4691 3892 4764">
    <p class='ocr_par' dir='ltr' id='par_1_113' title="bbox 2276 4691 3892 4764">
     <span class='ocr_line' id='line_1_113' title="bbox 2276 4691 3892 4764; baseline -0.001 -19"><span class='ocrx_word' id='word_1_798' title='bbox 2276 4692 2526 4745; x_wconf 84' lang='grc' dir='ltr'>στολικῶν</span> <span class='ocrx_word' id='word_1_799' title='bbox 2580 4692 2739 4744; x_wconf 72' lang='grc' dir='ltr'>αὐτού</span> <span class='ocrx_word' id='word_1_800' title='bbox 2791 4691 3128 4762; x_wconf 83' lang='grc' dir='ltr'>σπλάγχνων,</span> <span class='ocrx_word' id='word_1_801' title='bbox 3203 4696 3292 4744; x_wconf 78' lang='grc' dir='ltr'>καὶ</span> <span class='ocrx_word' id='word_1_802' title='bbox 3356 4700 3447 4752; x_wconf 76' lang='grc' dir='ltr'>τῆς</span> <span class='ocrx_word' id='word_1_803' title='bbox 3508 4691 3892 4764; x_wconf 74' lang='grc' dir='ltr'>φιλοστοργίας</span> 
     </span>
    </p>
   </div>
   <div class='ocr_carea' id='block_1_114' title="bbox 2274 4776 3894 4852">
    <p class='ocr_par' dir='ltr' id='par_1_114' title="bbox 2274 4776 3894 4852">
     <span class='ocr_line' id='line_1_114' title="bbox 2274 4776 3894 4852; baseline -0.001 -20"><span class='ocrx_word' id='word_1_804' title='bbox 2274 4780 2357 4832; x_wconf 73' lang='grc' dir='ltr'>ἐπὶ</span> <span class='ocrx_word' id='word_1_805' title='bbox 2419 4785 2472 4832; x_wconf 89' lang='grc' dir='ltr'>τὸ</span> <span class='ocrx_word' id='word_1_806' title='bbox 2526 4780 2911 4852; x_wconf 75' lang='grc' dir='ltr'>ἐπισημότατον</span> <span class='ocrx_word' id='word_1_807' title='bbox 2967 4798 2979 4811; x_wconf 73' lang='grc' dir='ltr'>ο</span> <span class='ocrx_word' id='word_1_808' title='bbox 3039 4788 3191 4831; x_wconf 86' lang='grc' dir='ltr'>τούτο</span> <span class='ocrx_word' id='word_1_809' title='bbox 3254 4776 3313 4833; x_wconf 78' lang='grc' dir='ltr'>δὲ</span> <span class='ocrx_word' id='word_1_810' title='bbox 3360 4786 3448 4832; x_wconf 85' lang='grc' dir='ltr'>καὶ</span> <span class='ocrx_word' id='word_1_811' title='bbox 3496 4786 3649 4852; x_wconf 82' lang='grc' dir='ltr'>μόνον</span> <span class='ocrx_word' id='word_1_812' title='bbox 3699 4780 3894 4851; x_wconf 74' lang='grc' dir='ltr'>λεχθὲν</span> 
     </span>
    </p>
   </div>
   <div class='ocr_carea' id='block_1_115' title="bbox 2274 4869 3891 4943">
    <p class='ocr_par' dir='ltr' id='par_1_115' title="bbox 2274 4869 3891 4943">
     <span class='ocr_line' id='line_1_115' title="bbox 2274 4869 3891 4943; baseline -0.001 -22"><span class='ocrx_word' id='word_1_813' title='bbox 2274 4874 2553 4941; x_wconf 86' lang='grc' dir='ltr'>κατηφείας</span> <span class='ocrx_word' id='word_1_814' title='bbox 2605 4872 2693 4941; x_wconf 73' lang='grc' dir='ltr'>μὲν</span> <span class='ocrx_word' id='word_1_815' title='bbox 2749 4870 2859 4939; x_wconf 79' lang='grc' dir='ltr'>ἅμα</span> <span class='ocrx_word' id='word_1_816' title='bbox 2911 4873 3000 4919; x_wconf 84' lang='grc' dir='ltr'>καὶ</span> <span class='ocrx_word' id='word_1_817' title='bbox 3058 4870 3252 4928; x_wconf 89' lang='grc' dir='ltr'>πάθους</span> <span class='ocrx_word' id='word_1_818' title='bbox 3316 4873 3568 4943; x_wconf 86' lang='grc' dir='ltr'>πρότερον</span> <span class='ocrx_word' id='word_1_819' title='bbox 3623 4871 3715 4930; x_wconf 82' lang='grc' dir='ltr'>τὰς</span> <span class='ocrx_word' id='word_1_820' title='bbox 3774 4869 3891 4940; x_wconf 58' lang='grc' dir='ltr'>φιλ-</span> 
     </span>
    </p>
   </div>
   <div class='ocr_carea' id='block_1_116' title="bbox 2277 4955 3893 5031">
    <p class='ocr_par' dir='ltr' id='par_1_116' title="bbox 2277 4955 3893 5031">
     <span class='ocr_line' id='line_1_116' title="bbox 2277 4955 3893 5031; baseline -0.001 -20"><span class='ocrx_word' id='word_1_821' title='bbox 2277 4961 2572 5031; x_wconf 78' lang='grc' dir='ltr'>ανθρώπους</span> <span class='ocrx_word' id='word_1_822' title='bbox 2622 4958 2887 5031; x_wconf 83' lang='grc' dir='ltr'>πληρώσει</span> <span class='ocrx_word' id='word_1_823' title='bbox 2939 4959 3143 5028; x_wconf 69' lang='grc' dir='ltr'>ψυχας,</span> <span class='ocrx_word' id='word_1_824' title='bbox 3201 4955 3396 5020; x_wconf 82' lang='grc' dir='ltr'>ἡδονῆς</span> <span class='ocrx_word' id='word_1_825' title='bbox 3452 4955 3510 5011; x_wconf 68' lang='grc' dir='ltr'>δὲ</span> <span class='ocrx_word' id='word_1_826' title='bbox 3575 4957 3729 5010; x_wconf 85' lang='grc' dir='ltr'>πάλιν</span> <span class='ocrx_word' id='word_1_827' title='bbox 3785 4956 3893 5012; x_wconf 86' lang='grc' dir='ltr'>ἀπὸ</span> 
     </span>
    </p>
   </div>
   <div class='ocr_carea' id='block_1_117' title="bbox 2275 5045 3895 5118">
    <p class='ocr_par' dir='ltr' id='par_1_117' title="bbox 2275 5045 3895 5118">
     <span class='ocr_line' id='line_1_117' title="bbox 2275 5045 3895 5118; baseline 0.001 -20"><span class='ocrx_word' id='word_1_828' title='bbox 2275 5054 2365 5099; x_wconf 81' lang='grc' dir='ltr'>τού</span> <span class='ocrx_word' id='word_1_829' title='bbox 2413 5047 2587 5107; x_wconf 87' lang='grc' dir='ltr'>τέλους</span> <span class='ocrx_word' id='word_1_830' title='bbox 2640 5052 2728 5098; x_wconf 83' lang='grc' dir='ltr'>καὶ</span> <span class='ocrx_word' id='word_1_831' title='bbox 2796 5045 3067 5117; x_wconf 76' lang='grc' dir='ltr'>εὐθυμίας,</span> <span class='ocrx_word' id='word_1_832' title='bbox 3127 5051 3216 5099; x_wconf 86' lang='grc' dir='ltr'>καὶ</span> <span class='ocrx_word' id='word_1_833' title='bbox 3264 5052 3431 5099; x_wconf 85' lang='grc' dir='ltr'>πείσει</span> <span class='ocrx_word' id='word_1_834' title='bbox 3489 5052 3560 5118; x_wconf 79' lang='grc' dir='ltr'>μὴ</span> <span class='ocrx_word' id='word_1_835' title='bbox 3626 5045 3895 5118; x_wconf 75' lang='grc' dir='ltr'>ἀπογινώ-</span> 
     </span>
    </p>
   </div>
   <div class='ocr_carea' id='block_1_118' title="bbox 2279 5133 3893 5207">
    <p class='ocr_par' dir='ltr' id='par_1_118' title="bbox 2279 5133 3893 5207">
     <span class='ocr_line' id='line_1_118' title="bbox 2279 5133 3893 5207; baseline 0.001 -18"><span class='ocrx_word' id='word_1_836' title='bbox 2279 5155 2418 5189; x_wconf 83' lang='grc' dir='ltr'>σκειν</span> <span class='ocrx_word' id='word_1_837' title='bbox 2465 5135 2657 5187; x_wconf 77' lang='grc' dir='ltr'>ἑαυτῶν</span> <span class='ocrx_word' id='word_1_838' title='bbox 2714 5133 2807 5185; x_wconf 80' lang='grc' dir='ltr'>κᾶν</span> <span class='ocrx_word' id='word_1_839' title='bbox 2853 5135 2923 5197; x_wconf 78' lang='grc' dir='ltr'>εἰς</span> <span class='ocrx_word' id='word_1_840' title='bbox 2970 5137 3198 5207; x_wconf 80' lang='grc' dir='ltr'>ἔσχατον</span> <span class='ocrx_word' id='word_1_841' title='bbox 3242 5141 3427 5196; x_wconf 89' lang='grc' dir='ltr'>κακίας</span> <span class='ocrx_word' id='word_1_842' title='bbox 3474 5138 3893 5207; x_wconf 84' lang='grc' dir='ltr'>κατενεχθῶσιν.</span> 
     </span>
    </p>
   </div>
   <div class='ocr_carea' id='block_1_119' title="bbox 2277 5219 2760 5295">
    <p class='ocr_par' dir='ltr' id='par_1_119' title="bbox 2277 5219 2760 5295">
     <span class='ocr_line' id='line_1_119' title="bbox 2277 5219 2760 5295; baseline -0.006 -18"><span class='ocrx_word' id='word_1_843' title='bbox 2277 5230 2429 5295; x_wconf 82' lang='grc' dir='ltr'>Ἔχει</span> <span class='ocrx_word' id='word_1_844' title='bbox 2457 5219 2514 5275; x_wconf 74' lang='grc' dir='ltr'>δὲ</span> <span class='ocrx_word' id='word_1_845' title='bbox 2554 5223 2715 5283; x_wconf 81' lang='grc' dir='ltr'>οὕτως</span> <span class='ocrx_word' id='word_1_846' title='bbox 2748 5242 2760 5254; x_wconf 73' lang='grc'><strong><em>⁸</em></strong></span> 
     </span>
    </p>
   </div>
   <div class='ocr_carea' id='block_1_120' title="bbox 2350 5309 3897 5389">
    <p class='ocr_par' dir='ltr' id='par_1_120' title="bbox 2350 5309 3897 5389">
     <span class='ocr_line' id='line_1_120' title="bbox 2350 5309 3897 5389; baseline 0.001 -24"><span class='ocrx_word' id='word_1_847' title='bbox 2350 5312 2456 5365; x_wconf 81' lang='lat' dir='ltr'><strong>IH&#39;.</strong></span> <span class='ocrx_word' id='word_1_848' title='bbox 2505 5311 2863 5370; x_wconf 83' lang='grc' dir='ltr'>Ἐτελεύτησεν</span> <span class='ocrx_word' id='word_1_849' title='bbox 2909 5309 3130 5385; x_wconf 82' lang='grc' dir='ltr'>ἀδελφός</span> <span class='ocrx_word' id='word_1_850' title='bbox 3186 5314 3321 5365; x_wconf 86' lang='grc' dir='ltr'>κατά</span> <span class='ocrx_word' id='word_1_851' title='bbox 3362 5314 3534 5385; x_wconf 88' lang='grc' dir='ltr'>σάρκα</span> <span class='ocrx_word' id='word_1_852' title='bbox 3580 5322 3652 5383; x_wconf 84' lang='grc' dir='ltr'>τῷ</span> <span class='ocrx_word' id='word_1_853' title='bbox 3690 5312 3897 5389; x_wconf 79' lang='grc' dir='ltr'>Ἀϐραο</span> 
     </span>
    </p>
   </div>
   <div class='ocr_carea' id='block_1_121' title="bbox 2278 5397 3897 5476">
    <p class='ocr_par' dir='ltr' id='par_1_121' title="bbox 2278 5397 3897 5476">
     <span class='ocr_line' id='line_1_121' title="bbox 2278 5397 3897 5476; baseline 0.001 -23"><span class='ocrx_word' id='word_1_854' title='bbox 2278 5405 2380 5472; x_wconf 84' lang='grc' dir='ltr'>μίῳ</span> <span class='ocrx_word' id='word_1_855' title='bbox 2410 5418 2421 5430; x_wconf 92' lang='grc'><strong>·</strong></span> <span class='ocrx_word' id='word_1_856' title='bbox 2456 5398 2751 5459; x_wconf 85' lang='grc' dir='ltr'>ἐτελεύτησε</span> <span class='ocrx_word' id='word_1_857' title='bbox 2803 5397 2862 5454; x_wconf 72' lang='grc' dir='ltr'>δι</span> <span class='ocrx_word' id='word_1_858' title='bbox 2906 5404 2988 5455; x_wconf 73' lang='grc' dir='ltr'>ἐπὶ</span> <span class='ocrx_word' id='word_1_859' title='bbox 3040 5404 3263 5476; x_wconf 82' lang='grc' dir='ltr'>θυγατρὶ</span> <span class='ocrx_word' id='word_1_860' title='bbox 3302 5406 3390 5454; x_wconf 81' lang='grc' dir='ltr'>καὶ</span> <span class='ocrx_word' id='word_1_861' title='bbox 3423 5403 3449 5460; x_wconf 75' lang='grc' dir='ltr'><strong>ἠ</strong></span> <span class='ocrx_word' id='word_1_862' title='bbox 3495 5408 3615 5463; x_wconf 87' lang='grc' dir='ltr'>παῖς</span> <span class='ocrx_word' id='word_1_863' title='bbox 3655 5400 3897 5475; x_wconf 80' lang='grc' dir='ltr'>κομιδήν</span> 
     </span>
    </p>
   </div>
  </div>
