4062 6222
521 284 590 341 67
1888 280 2151 340 MENSIS
2191 279 2514 341 MARTIUS
3811 289 3891 349 68

529 424 893 483 corporeque
930 406 1159 481 polluta
1198 411 1253 462 et
1292 406 1496 464 animo
1534 406 1562 463 ?
1596 408 1693 464 Hei
1723 408 1889 476 mihi,
1918 408 2066 481 quid
2105 408 2133 463 ὀ

2290 408 2474 481 ψυχήν
2516 427 2529 478 ;
2564 416 2739 487 Οἵμοι,
2785 419 2866 478 τίς
2916 417 3189 488 γένωμαι;
3229 420 3321 468 ποῖ
3359 416 3637 489 τράπωμαι
3683 433 3697 484 ;
3752 419 3894 479 ἱνατί

523 518 619 559 me
637 501 735 557 ﬁet
749 502 775 555 ?
799 501 926 565 Quo
946 514 1040 553 me
1056 503 1282 553 vertam
1297 496 1453 553 ?Cur
1466 514 1599 553 sum
1623 499 1822 555 adhuc
1840 504 2127 572 superstes

2289 500 2365 550 ἔτι
2403 505 2628 575 περίειμι
2679 503 2896 576 ;ὁ’φελον
2947 503 3134 564 ἐπῆλθέ
3176 524 3266 578 μοι
3313 508 3415 579 πρὸ
3463 514 3557 568 τῆς
3607 504 3887 579 ἐπιθυμίας

516 593 744 647 utinam
770 604 931 645 mors
947 588 1021 643 ad
1044 602 1139 641 me
1156 587 1413 642 venisset
1429 593 1564 643 ante
1584 587 1915 644 libidinem.
1946 589 2115 644 Utina

2289 588 2314 639 ὁ
2371 590 2589 653 θάνατος
2639 592 2649 645 !
2694 593 2866 666 ὄφελον
2931 596 3379 668 προανηρπάσθην
3435 603 3527 647 τοῦ
3588 601 3881 669 πτώματος,

517 682 684 755 prius
722 686 894 752 rapta
923 678 1167 733 fuissem
1198 693 1268 733 ex
1309 693 1576 750 corpore,
1611 684 1674 733 ut
1704 679 1911 734 mortis
1949 678 2121 734 donni

2289 676 2370 728 ἵνα
2404 678 2499 730 κᾶν
2553 682 2774 734 θανάτου
2816 680 2982 757 δῶρον
3022 679 3185 755 εἶχον,
3233 687 3327 742 τήν
3372 682 3576 755 ἁγνείαν
3629 693 3720 737 τοῦ
3779 692 3889 738 σώ-

513 771 802 828 haberem
835 769 1154 841 puritatem
1186 766 1475 839 corporis.
1506 771 1671 823 Nunc
1698 772 1896 824 autem
1925 766 2111 840 quina

2287 767 2494 837 ματοςί
2538 776 2644 822 Νῦν
2690 767 2750 824 δὲ
2801 776 2950 824 ποῖαί
2995 792 3086 845 μοι
3127 779 3298 844 πηγαὶ
3348 769 3591 846 δακρύων
3637 783 3886 827 τοσοῦτον

516 862 711 916 fontes
752 858 1159 929 lacrymarum
1214 855 1360 912 mihi
1406 861 1683 930 poterunt
1724 862 1923 914 tantas
1972 856 2120 912 sordc

2288 854 2578 911 ἀποπλῦναι
2630 860 2790 934 ῥῦπον
2853 859 3170 920 δυνήσονται
3229 879 3243 929 ;
3292 869 3470 915 Ταῦτα
3518 867 3609 915 καὶ
3667 871 3886 917 τοιαῦτα

522 951 765 1007 abluere
792 948 818 1002 ?
846 950 983 1002 Eam
1017 946 1100 1001 sic
1131 946 1343 1002 acerbe
1371 946 1710 1015 deﬂentem,
1734 964 1833 1019 per
1847 964 1984 1003 eum
2013 946 2126 1002 dole

2284 955 2485 1018 πικρῶς
2541 946 2934 1024 ἀποδυρομένην
2985 952 3313 1024 προαρπάζει
3361 948 3456 1004 διὰ
3503 960 3593 1005 τοῦ
3646 956 3882 1005 τοιούτου

514 1056 644 1096 rem
686 1037 990 1107 malignus
1020 1037 1225 1107 arripit
1253 1036 1329 1091 ad
1360 1036 1859 1108 desperationem,
1893 1036 2068 1092 veluti
2107 1042 2118 1091 t

2285 1037 2485 1097 πάθους
2537 1038 2697 1096 αὑτὴν
2751 1041 2776 1091 ὁ
2827 1044 3051 1115 πονηρὸς
3127 1041 3193 1101 εἰς
3249 1040 3563 1112 ἀπόγνωσιν,
3646 1044 3879 1117 καθάπερ

513 1145 708 1194 mens,
744 1132 805 1182 ut
833 1125 1108 1193 arbitror,
1140 1140 1214 1181 ne
1234 1126 1759 1197 perpoenitentiam
1784 1126 1950 1182 ﬁeret
1978 1141 2117 1198 prou

2285 1121 2433 1197 οἶμαι
2464 1123 2715 1189 δεδοικὼς
2761 1134 2832 1201 μή
2885 1127 3210 1205 σφοδροτίρᾳ
3242 1136 3520 1204 χρήσηται
3551 1128 3643 1184 διὰ
3678 1139 3767 1192 τῆς
3790 1151 3878 1199 με·

509 1219 695 1292 ptiori
725 1223 781 1273 et
812 1215 1082 1272 alacriori
1114 1213 1339 1278 animo,
1372 1220 1425 1269 et
1454 1214 1626 1285 longe
1682 1216 1875 1285 magis
1907 1218 1965 1271 et
2001 1214 2113 1271 veh

2284 1219 2491 1277 τανοίας
2534 1224 2595 1289 τῇ
2648 1219 2917 1291 προθυμίᾳ
2958 1223 3047 1271 καὶ
3099 1220 3278 1291 μεῖζον
3319 1218 3502 1292 MN.)
3555 1227 3647 1272 τοῦ
3699 1224 3880 1293 προτέ-

519 1308 780 1365 mentius
838 1305 1143 1369 reluceret,
1173 1320 1356 1374 quam
1419 1305 1603 1375 prius.
1663 1308 1990 1377 Desperans
2033 1320 2123 1376 erg

2282 1321 2376 1377 ρον
2402 1306 2546 1378 παρὰ
2573 1305 2703 1357 πολὺ
2733 1311 2823 1359 καὶ
2852 1304 3198 1383 σφοδρότερον
3222 1346 3235 1358 .
3266 1307 3567 1380 ἀπογνοῦσα
3594 1314 3762 1361 τοίνυν
3783 1313 3878 1367 τὴν

513 1414 686 1456 suam
708 1396 966 1453 salutem
980 1436 993 1459 ,
1014 1392 1244 1463 aufugit
1260 1394 1318 1447 in
1336 1393 1629 1449 civitatem
1643 1394 1974 1466 quamdam
1990 1400 2117 1449 Λευ]

2284 1392 2467 1454 ἑαυτῆς
2498 1401 2779 1471 σωτηρίαν,
2832 1397 2900 1457 εἰς
2928 1397 3083 1450 Ἀσόν
3121 1417 3237 1449 τινα
3273 1397 3419 1450 πόλίν
3466 1395 3875 1471 ἀποδιδράσκει,

507 1486 775 1553 nomine,
798 1500 930 1557 qum
970 1482 1179 1539 aberat
1200 1482 1458 1537 duorum
1481 1482 1970 1539 dierumitinere:
2004 1488 2057 1538 et
2089 1484 2111 1538 ι

2285 1477 2427 1535 δυεῖν
2458 1481 2580 1536 ὁδὸν
2620 1487 2821 1559 ἡμερῶν
2867 1483 3173 1558 ἀπέχουσαν
3201 1506 3214 1519 ο
3248 1491 3336 1539 καὶ
3368 1491 3493 1562 πρὸς
3520 1507 3622 1540 τινι
3651 1487 3880 1539 καταλύ-

506 1592 759 1633 versans
792 1575 851 1630 in
885 1572 1150 1646 quodam
1168 1571 1665 1637 diversorio,cum
1686 1578 1974 1629 mutasset
2006 1572 2110 1629 hat

2285 1589 2427 1623 σασα
2446 1568 2748 1645 πανδοχείῳ
2774 1576 2831 1626 τὸ
2864 1575 3055 1646 σχῆμά
3073 1592 3125 1625 τε
3143 1569 3177 1625 δ
3182 1572 3474 1645 ιαμείψασα
3504 1578 3593 1626 καὶ
3617 1578 3878 1647 κοσμικὴν

511 1672 661 1737 tum,
694 1669 752 1721 et
782 1670 1013 1719 vestem
1047 1662 1405 1732 sumpsisset
1435 1661 1801 1728 saacularem,
1833 1667 1958 1719 erat
1987 1663 2115 1719 cuiv

2282 1658 2480 1719 ἐσθῆτα
2507 1659 2886 1733 μεταϐαλοῦσα,
2908 1667 3189 1735 πρόχειρος
3211 1658 3272 1721 ἧν
3288 1664 3352 1715 τά
3378 1661 3673 1736 βουλομένῳ
3698 1668 3874 1729 παντὶ,

504 1755 725 1812 volenti
752 1758 1036 1826 prompta
1060 1751 1338 1807 ministra
1370 1750 1600 1807 acerba
1627 1751 1969 1824 voluptatis.

1379 1750 1600 1807 acerba
1627 1751 1969 1824 voluptatis.
2202 1765 2247 1822 Β
2279 1756 2470 1824 πικρᾶς
2494 1747 2689 1814 ἡδονῆς
2719 1753 2983 1826 ὑπηρέτις.

577 1848 682 1901 XX.
724 1846 867 1900 Cum
898 1842 996 1898 illa
1023 1856 1166 1911 ergo
1194 1840 1279 1895 sic
1316 1856 1379 1895 se
1406 1840 1682 1907 haberet,
1723 1841 1829 1897 etsi
1856 1846 2009 1897 esset
2038 1857 2170 1913 pro-

2354 1839 2427 1894 κ’.
2459 1844 2634 1914 Ταύτῃ
2689 1845 2859 1894 τοίνυν
2913 1840 3109 1903 ἐκείνης
3176 1839 3409 1913 ἐχούσης
3465 1846 3555 1895 καὶ
3618 1844 3875 1917 θήρατρον

502 1935 699 2007 posita
731 1932 803 1989 ad
833 1931 1095 1988 lascivos
1126 1929 1458 1985 illiciendos
1485 1930 1707 1999 oculos,
1741 1930 2023 1987 Abramio
2044 1946 2106 2003 qi

2281 1929 2414 1981 οὑτω
2465 1929 2665 2002 λίχνοις
2735 1930 3015 2003 ὀφθαλμοῖς
3070 1935 3430 2003 προκειμένης,
3504 1935 3703 2003 γίνεται
3752 1936 3874 2007 ὄναρ

504 2023 723 2080 escenti
753 2022 814 2078 in
844 2020 1121 2077 interiore
1147 2018 1295 2075 cella
1324 2019 1556 2075 exsistit
1579 2019 1695 2075 tale
1724 2021 2057 2076 somnium:
2084 2023 2108 2075 \

2282 2018 2348 2079 εἰς
2420 2022 2505 2071 τὸν
2588 2016 2839 2093 ἐνδοτέρω
2908 2020 3140 2073 οἰκίσκον
3206 2021 3541 2093 ἡσυχάζοντι
3606 2020 3875 2095 Ἀϐραμίῳ

504 2113 753 2168 debatur
782 2112 834 2166 ei
865 2110 1050 2166 draco
1078 2108 1334 2179 ingentis
1357 2108 1807 2179 magnitudinis,
1837 2114 1895 2165 et
1924 2125 2102 2182 aspec

2278 2116 2512 2161 τοιοῦτον
2568 2125 2581 2138 ⁸
2648 2106 2818 2163 ἐδόκει
2887 2106 3094 2184 δράκων
3160 2109 3300 2180 αὑτῷ
3369 2113 3572 2183 μεγέθει
3625 2114 3874 2183 μέγιστος

500 2200 823 2266 horribilis,
858 2216 890 2255 a
920 2215 1032 2255 sua
1052 2213 1307 2254 caverna
1324 2197 1715 2270 prorepsisse,
1741 2203 1797 2254 et
1817 2199 2063 2255 veniens
2092 2216 2104 2254 ι

2279 2203 2369 2250 καὶ
2422 2194 2589 2251 δεινόν
2650 2198 2949 2252 ὑποϐλέπων
3006 2197 3104 2251 τῶν
3146 2198 3345 2251 οἰκείων
3402 2198 3604 2271 φωλεῶν
3656 2198 3874 2274 ἀνερπύ-

501 2287 1419 2362 ejusdomunculam,quzeintus
1449 2292 1596 2351 erat,
1625 2286 1964 2343 columbam
1993 2288 2105 2344 dev

2282 2307 2378 2349 σας
2429 2292 2516 2340 καὶ
2569 2291 2712 2361 παρὰ
2756 2292 2845 2341 τὸν
2875 2288 3034 2341 αὑτοῦ
3073 2286 3305 2341 οἰκίσκον
3359 2286 3514 2340 item
3566 2291 3872 2364 περιστερὰν

499 2395 667 2436 rasse
698 2398 712 2432 :
754 2378 970 2434 deinde
1000 2392 1206 2432 rursus
1235 2392 1411 2432 suam
1446 2377 1750 2449 repetiisse
1791 2378 2103 2449 spelunca!

2278 2374 2422 2431 ἔνδον
2469 2375 2629 2432 οὖσαν
2677 2385 2950 2431 καταπιεῖν
2994 2392 3008 2407 ·
3052 2374 3163 2430 εἶτα
3216 2380 3346 2450 πρὸς
3400 2382 3679 2451 χηραμοὺς
3722 2374 3878 2442 αὖθις

498 2469 594 2525 Ille
622 2483 763 2538 ergo
788 2468 1075 2523 excitatus
1105 2481 1227 2538 pra:
1269 2466 1498 2531 timore,
1554 2466 1705 2522 tristi
1763 2468 1968 2523 animo
2019 2484 2102 2523 era

2275 2471 2393 2529 τοὺς
2431 2468 2615 2522 ἑαυτοῦ
2644 2464 2937 2521 καταδῦναι
2977 2484 2990 2497 ·
3022 2463 3345 2528 διυπνισθεὶς
3391 2462 3479 2519 οὖν
3535 2466 3716 2528 ἐκεῖνος
3769 2469 3873 2521 ὑπὸ

498 2563 555 2614 et
580 2557 936 2614 conturbato
970 2572 981 2611 :
1012 2561 1067 2612 et
1092 2556 1403 2627 suspicans
1433 2554 1594 2611 illam
1626 2555 1918 2612 visionem
1947 2557 2094 2628 signi

2274 2566 2365 2610 τοῦ
2442 2555 2745 2630 δείγματος,
2822 2558 3021 2629 ἄθυμος
3079 2553 3141 2615 ἡν
3196 2561 3286 2609 καὶ
3336 2561 3720 2631 τεταραγμένος,
3776 2562 3872 2610 καὶ

498 2663 632 2703 care
664 2646 1137 2719 persecutionem
1178 2644 1448 2716 aliquam
1482 2644 1772 2701 adversus
1814 2644 2102 2702 Ecelesiar

2272 2652 2365 2705 τὴν
2413 2647 2532 2718 ὄψιν
2571 2643 2804 2719 διωγμόν
2850 2666 2967 2699 τινα
3009 2650 3381 2718 προσημαίνειν
3428 2648 3560 2698 κατά
3608 2654 3701 2708 τῆς
3757 2646 3873 2700 Ἐκ-

496 2735 571 2792 de
606 2740 822 2792 caetero
863 2740 985 2790 erat
1020 2734 1426 2789 vehementius
1457 2733 1719 2790 intentus
1754 2734 2029 2801 orationi,
2071 2751 2100 2791 r

2271 2735 2494 2799 κλησίας
2560 2734 2851 2801 ὑπολαϐὼν,
2934 2735 3067 2807 εὐχῇ
3133 2742 3223 2788 τοῦ
3278 2735 3457 2788 λοιποῦ
3518 2739 3869 2811 συντονωτέρᾳ

495 2841 646 2896 gans
674 2830 737 2881 ut
767 2824 819 2881 ei
846 2828 1049 2896 aperte
1085 2822 1448 2879 revelaretur
1475 2822 1650 2879 visio.
1676 2826 1803 2880 Non
1830 2823 1930 2879 diu
1961 2828 2095 2881 aute

2270 2830 2592 2899 προσέκειτο,
2653 2825 3032 2897 ἐκκαλυφθῆναι
3092 2833 3265 2897 σαφῶς
3331 2821 3569 2897 δεόμενος
3617 2825 3756 2896 αὑτῷ
3800 2829 3870 2879 τὰ

493 2914 753 2971 tardavit
791 2918 1039 2969 eventus
1076 2930 1089 2965 :
1133 2911 1239 2967 sed
1258 2912 1426 2968 tertio
1467 2912 1562 2967 die
1600 2918 1808 2985 postea
1846 2913 2097 2970 videbati

2269 2924 2361 2977 τῆς
2386 2915 2551 2986 ὅψεως
2583 2934 2595 2946 ·
2629 2920 2719 2967 καὶ
2748 2916 2778 2973 ἡ
2821 2913 3036 2977 ἔκϐασις
3081 2914 3174 2966 οὑκ
3214 2911 3491 2987 ἐϐράδυνεν
3539 2934 3552 2949 ·
3582 2913 3709 2967 ἀλλὰ
3736 2918 3873 2985 μετά

492 3020 699 3059 rursus
721 3002 919 3057 videre
940 3002 1107 3057 illum
1130 3000 1455 3056 draconem
1481 3003 1793 3057 emersisse
1817 3017 1888 3057 ex
1910 3018 1980 3057 eo
2002 3001 2093 3058 loc

2269 3010 2446 3079 τρίτην
2507 3004 2562 3068 ἐξ
2615 3004 2806 3057 ἐκείνου
2876 3006 3070 3077 ἡμέραν
3143 3000 3314 3057 ἕδόκει
3391 2999 3650 3077 δράκοντα
3712 3006 3871 3057 πάλιν

495 3108 674 3165 quem
716 3090 981 3145 subierat
1024 3108 1036 3145 :
1081 3094 1136 3145 et
1176 3106 1313 3145 cum
1355 3088 1434 3145 ad
1472 3105 1609 3145 eum
1652 3091 2063 3162 prorepsisset,

2269 3095 2454 3147 ἐκεῖνον
2511 3096 2656 3168 όρᾴν,
2714 3092 2911 3166 ἔχεῐθεν
2968 3095 3097 3145 ὅπου
3166 3092 3360 3145 κατέδυ
3441 3097 3685 3168 πρότερον
3744 3092 3873 3147 ἀνα-

494 3181 624 3252 ejus
637 3179 896 3252 pedibus
921 3182 1103 3250 caput
1124 3178 1519 3244 submisisset,
1536 3178 1700 3234 illum
1715 3179 1962 3251 quidem
1980 3195 2098 3253 pret

2268 3181 2433 3237 δύντα
2456 3188 2546 3235 καὶ
2585 3182 2708 3255 παρ’
2740 3182 2894 3234 αὑτὸν
2938 3181 3239 3255 ἓρπύσαντα
3284 3187 3394 3244 τοῖς
3442 3182 3602 3235 αὑτοῦ
3639 3202 3691 3235 τε
3737 3188 3867 3236 ποσὶ

492 3284 607 3325 nus
620 3284 747 3325 esse
763 3268 1138 3340 disruptum:
1161 3267 1504 3324 columbam
1524 3272 1745 3337 autem,
1760 3284 1946 3340 quam
1972 3268 2096 3326 fuis:

2265 3274 2481 3346 κεφαλὴν
2527 3274 2854 3344 ὑποσχόντα,
2914 3273 3001 3323 τὸν
3051 3273 3141 3343 μεν
3195 3270 3385 3323 αὐτίκα
3440 3270 3580 3343 μάλα
3637 3268 3863 3347 διαρῥα-

493 3359 570 3414 ab
582 3374 652 3414 eo
663 3358 1011 3413 devoratam
1028 3356 1369 3428 praecedens
1381 3356 1717 3413 ostenderat
1730 3358 2053 3425 somnium,
2070 3363 2097 3415 tt

2263 3371 2437 3436 γῆναι,
2515 3366 2608 3421 τὴν
2672 3358 2730 3414 δὲ
2793 3363 3120 3433 περιστερὰν,
3192 3359 3218 3418 ἡ
3286 3367 3557 3413 καταπιεῖν
3629 3360 3781 3413 αὑτὸν
3837 3362 3865 3413 ὃ

492 3454 615 3503 tam
656 3463 871 3519 puram
908 3450 965 3501 et
992 3445 1438 3503 immaculatum
1480 3461 1511 3501 e
1549 3446 1747 3502 medio
1779 3447 1908 3519 ejus
1946 3454 2096 3504 venti

2263 3450 2532 3527 προλαϐὼν
2632 3446 2895 3513 ὑπέδειξεν
2985 3452 3196 3522 ὄνειρος,
3274 3448 3504 3523 ἄῤῥυπον
3576 3449 3697 3508 ὅλην
3772 3454 3866 3504 καὶ

491 3536 776 3594 evolasse.
804 3540 928 3593 Haec
944 3552 1079 3592 cum
1095 3535 1350 3599 vidisset,
1370 3536 1837 3594 etexistimasset
1859 3537 2095 3594 visione]

2262 3544 2493 3617 καθαρὰν
2550 3540 2604 3592 ἐκ
2660 3544 2822 3613 μέσης
2878 3538 3039 3590 αὑτοῦ
3092 3546 3187 3600 τῆς
3235 3542 3463 3614 γαστρὸς
3512 3538 3803 3598 ἀναπτῆναι
3848 3557 3861 3571 ·

490 3626 829 3698 signiﬁcare
860 3625 1121 3698 aliquem
1146 3624 1385 3698 lapsum
1416 3625 1635 3682 animas
1666 3626 1801 3683 ﬁliae
1824 3627 2018 3683 fratris
2034 3644 2094 3683 su

2258 3640 2425 3685 ταῦτα
2465 3627 2588 3683 ἰδὼν
2619 3633 2708 3681 καί
2746 3648 2860 3680 τινα
2902 3632 3078 3701 κρίνας
3118 3634 3211 3688 τῆς
3262 3626 3478 3698 ἀνεψιᾶς
3524 3628 3732 3681 ὄλισϐον
3760 3628 3862 3700 ψυ-

490 3716 893 3783 conturbatus,
909 3720 967 3773 et
979 3714 1155 3771 animi
1171 3714 1511 3785 aegritudine
1526 3715 1773 3771 affectus
1786 3717 2094 3789 prospiciet

2260 3731 2364 3795 χῆς
2415 3722 2712 3792 ὑποφαίνειν
2765 3722 2858 3776 τήν
2914 3719 3050 3782 θέαν,
3112 3715 3335 3793 θορύϐου
3382 3736 3435 3769 τε
3487 3722 3576 3771 καὶ
3633 3717 3864 3790 ἀθυμίας

488 3821 520 3863 e
559 3807 816 3863 fenestra
845 3823 857 3861 :
901 3807 1098 3872 Maria,
1132 3804 1314 3863 Maria
1345 3822 1497 3871 mea,
1530 3806 1743 3879 inquit,
1776 3806 1919 3878 quid
1959 3812 2067 3872 est,

2258 3810 2437 3870 εὐθέως
2490 3808 2841 3869 ὑποπλησθεὶς
2892 3811 2981 3858 καὶ
3040 3806 3203 3867 οὑτως
3255 3809 3323 3869 ὡς
3378 3803 3489 3879 εἶχε
3541 3812 3860 3883 τεταραγμέ-

486 3896 632 3956 ﬁlia.
663 3897 828 3970 quod
860 3896 962 3952 tibi
1005 3900 1229 3952 tantam
1271 3895 1463 3952 attulit
1501 3896 1861 3963 socordiam,
1907 3902 1969 3954 ut
1997 3902 2090 3955 tote

2258 3921 2349 3961 νως
2400 3907 2496 3960 τῆς
2569 3894 2782 3971 θυρίδος
2843 3895 3114 3969 προκύψας
3182 3913 3194 3925 ⁸
3264 3901 3444 3971 Μαρία
3494 3915 3616 3969 μου,
3678 3898 3862 3971 Μαρίά

485 3986 598 4044 hos
628 3987 782 4043 duos
812 3986 937 4043 dies
969 4002 1088 4042 non
1109 3987 1368 4042 moveris
1390 4002 1457 4042 os
1473 3985 1549 4040 ad
1567 3985 1793 4050 laudes,
1808 4000 1929 4042 non
1948 3986 2089 4043 redd

2257 4010 2375 4063 μου,
2423 3992 2576 4061 φησὶ,
2620 3992 2672 4039 τί
2714 3991 2815 4056 σοί,
2861 3982 2900 4036 ὦ
2940 3988 3130 4048 τέκνον,
3193 3984 3303 4038 ἐστὶ
3352 3989 3410 4038 τὸ
3460 3986 3724 4060 ῥᾳθυμίαν
3771 3986 3861 4059 ἕρ.-

487 4075 643 4131 deris
665 4081 987 4132 consuetas
1010 4075 1492 4144 gloriﬁcationes,
1517 4090 1637 4130 non
1668 4075 1903 4147 petieris
1926 4075 2091 4132 doctr

2257 4086 2481 4138 ποιῆσαν
2519 4079 2801 4140 τοσαύτην,
2844 4077 2908 4136 ὡς
2948 4075 3069 4149 παρ’
3116 4074 3237 4136 ὅλας
3290 4071 3388 4127 δύο
3425 4078 3617 4136 ταύτας
3661 4077 3861 4150 ἡμέρας

486 4180 788 4235 nam,non
807 4164 1182 4236 eloquiorum
1201 4164 1436 4219 illorum
1459 4164 1847 4230 auditionem,
1868 4181 2000 4237 qua:
2015 4166 2090 4221 fui

2255 4173 2325 4242 μὴ
2383 4172 2555 4240 στόμα
2605 4173 2823 4223 κινῆσαι
2892 4167 3016 4237 πρὸς
3073 4166 3286 4229 αἶνεσιν,
3341 4168 3413 4236 μή
3469 4166 3560 4227 τὰς
3621 4167 3859 4226 συνήθεις

485 4258 625 4310 runt
653 4253 825 4308 melle
853 4259 909 4309 et
949 4252 1084 4309 favo
1125 4252 1210 4308 ori
1243 4256 1344 4308 tuo
1375 4251 1643 4309 dulciora
1663 4252 1691 4308 τ

2256 4254 2545 4311 ἀποδοῦναι
2595 4251 2917 4325 δοξολογίας,
2968 4257 3038 4325 μὴ
3093 4252 3393 4325 προσελθεῖν
3436 4261 3497 4325 τῇ
3548 4249 3746 4327 θυρίδι,
3780 4258 3853 4325 μὴ

486 4339 841 4396 διδασκαλίαν
882 4343 1123 4407 αἰτῆσαι,
1164 4346 1235 4415 μὴ
1285 4341 1473 4414 λογίων
1500 4340 1698 4395 ἐκείνων
1732 4342 2002 4418 ἀκρόασιν,
2037 4343 2071 4398 ἂ
2098 4351 2187 4400 καὶ
2215 4347 2507 4420 γλυκύτερα
2535 4346 2662 4419 ὑπὲρ
2705 4342 2819 4417 μέλι
2867 4347 2957 4395 xui
2987 4346 3165 4415 κηρίον
3194 4350 3267 4413 τῷ
3301 4346 3523 4416 στόματί
3562 4360 3655 4395 σου
3702 4345 3858 4394 καθί-

489 4453 677 4486 σταντο
711 4450 724 4501 ;

555 4523 701 4577 ΧΧΙ.
743 4523 889 4578 Cum
920 4522 1047 4577 haec
1075 4521 1326 4578 dixisset
1364 4520 1556 4578 fratris
1588 4521 1741 4587 ﬁliae,
1783 4528 1839 4578 et
1870 4522 2015 4579 nihil
2055 4524 2134 4581 ab

2321 4525 2446 4581 KA'.
2494 4531 2674 4577 Ταῦτα
2722 4524 2854 4596 πρὸς
2900 4526 2993 4581 τὴν
3051 4520 3268 4593 ἀνεψιὰν
3331 4517 3489 4579 δῆθεν
3555 4519 3707 4573 εἰπὼν
3763 4524 3856 4573 xui

485 4627 556 4668 ea
584 4612 908 4668 audivisset
931 4611 1260 4683 (quomodo
1292 4610 1472 4676 enim,
1506 4627 1642 4667 cum
1670 4610 1769 4667 illa
1794 4611 1855 4667 in
1877 4612 2089 4669 divers<

2251 4612 2411 4689 μηδὲν
2468 4615 2590 4686 παρ’
2649 4611 2814 4673 αὑτῆς
2868 4610 3093 4672 ἀκούσας
3147 4612 3279 4682 (πῶς
3329 4612 3428 4683 γάρ
3482 4625 3497 4676 ;
3550 4608 3746 4671 ἔκείνης
3804 4607 3855 4660 ἒν

481 4702 569 4758 rio
608 4708 938 4758 versaretur
975 4702 1035 4756 in
1093 4701 1401 4757 amoribus
1436 4707 1491 4756 et
1529 4702 2085 4759 comessationibus‘

2252 4711 2315 4774 τῷ
2372 4699 2674 4773 πανδοκείῳ
2728 4705 2845 4773 περὶ
2889 4702 3081 4775 ἔρωτας
3134 4704 3225 4750 καὶ
3269 4704 3473 4771 κώμους
3518 4696 3856 4769 ἀσχαλουμέ-

483 4797 684 4863 aperte
710 4792 987 4861 cognovit
1013 4791 1303 4847 visionem
1330 4791 1403 4846 de
1430 4807 1501 4847 ea
1526 4790 1891 4860 signiﬁcare:
1918 4798 1974 4849 et
1998 4809 2087 4863 pri

2252 4792 2373 4863 νης),
2433 4794 2560 4863 ἔγνω
2611 4798 2808 4862 σαφῶς,
2869 4794 2962 4847 τήν
3002 4788 3123 4859 ὄψιν
3176 4793 3294 4864 περὶ
3341 4788 3507 4849 αὑτῆς
3559 4789 3856 4840 ὑπαινίττε-

482 4880 638 4936 tinus
670 4880 1026 4951 gravissimo
1065 4879 1270 4935 dolore
1309 4878 1578 4946 affectus,
1621 4886 1674 4935 et
1706 4879 1767 4935 in
1806 4880 2086 4937 visceribt

2251 4882 2370 4933 σθαι
2438 4884 2529 4932 καὶ
2595 4877 2958 4953 όδυνηρότατα
3037 4884 3375 4952 παραχρῆμα
3441 4872 3696 4936 διατεθεὶς
3785 4877 3855 4927 τά

480 4985 663 5042 supra
702 4969 950 5025 modum
989 4968 1304 5033 cruciatus,
1351 4968 1606 5040 suspirio
1651 4970 1827 5025 veluti
1864 4970 2084 5042 quodat

2252 4969 2528 5041 σπλάγχνα
2601 4987 2653 5021 τε
2735 4966 3103 5038 ὑπεραλγήσας
3176 4971 3266 5019 καὶ
3324 4968 3627 5038 στεναγμὸν,
3696 4966 3856 5017 οἱονεί

480 5058 649 5115 fumo
678 5075 749 5115 ex
778 5059 1009 5114 interna
1025 5057 1276 5113 ﬂamma
1295 5057 1533 5123 emisso,
1561 5060 1744 5114 Deum
1776 5060 2045 5130 rogabat,
2072 5076 2084 5114 ι

2247 5078 2353 5111 τινα
2408 5061 2599 5111 καπνὸν
2652 5064 2747 5117 τῆς
2794 5052 2995 5109 ἔνδοθεν
3036 5055 3237 5128 φλογὸς,
3297 5053 3624 5127 ἀναπέμψας,
3680 5050 3851 5107 ἐδεῖτο

481 5164 552 5204 ea
580 5149 925 5221 respisceret
955 5152 1009 5202 et
1038 5152 1400 5217 exsurgeret,
1442 5153 1497 5204 et
1521 5148 1736 5204 rediret
1765 5147 1840 5204 ad
1872 5148 2085 5220 priorel

2239 5156 2329 5200 τοῦ
2383 5154 2516 5201 Θεοῦ
2573 5149 2630 5199 τὸ
2685 5146 2882 5209 λοιπὸν,
2932 5146 3064 5198 ὥστε
3133 5143 3397 5215 ἀνανῆψαι
3450 5142 3604 5195 πάλιν
3658 5140 3841 5209 αὑτήν,

479 5237 684 5309 probae
716 5238 847 5294 vitae
864 5237 1321 5293 institutionem.
1347 5240 1491 5294 Nam
1514 5239 1616 5293 etsi
1639 5242 1779 5293 tunc
1796 5237 2083 5305 ignoraba

2246 5242 2329 5289 xui
2386 5233 2751 5299 διαναστῆναι,
2803 5239 2892 5287 καὶ
2954 5233 3022 5295 εἰς
3092 5238 3183 5292 τὴν
3241 5236 3493 5307 προτέραν
3560 5229 3850 5284 ἐπανελθεῖν

476 5328 785 5399 quomodo
817 5327 1218 5392 abscessisset,
1251 5332 1305 5382 et
1331 5326 1615 5389 locum,in
1646 5342 1767 5398 quo
1795 5325 1974 5382 Maria
2001 5342 2080 5381 ve:

2246 5324 2586 5397 εὐδοκίμησιν
2620 5341 2631 5354 ·
2668 5323 2711 5376 εἰ
2759 5325 2861 5399 γὰρ
2903 5327 2992 5375 καὶ
3046 5326 3130 5375 τὸν
3178 5326 3367 5397 τρόπον
3421 5325 3547 5382 τέως
3588 5327 3684 5382 τῆς
3722 5317 3850 5371 ἀπο-

476 5416 721 5473 sabatur
754 5435 767 5470 :
806 5417 972 5489 quod
1004 5423 1205 5472 tamen
1233 5416 1483 5471 latenter
1507 5416 1867 5480 recessisset,
1897 5421 1951 5470 et
1992 5431 2080 5486 pr<

2246 5410 2438 5485 δημίοις
2483 5413 2673 5485 ἠγνόει,
2706 5417 2795 5465 καὶ
2837 5416 2924 5465 τόν
2968 5416 3145 5478 τόπον,
3179 5413 3229 5463 ἑν
3338 5416 3626 5469 τηνικαῦτα
3668 5410 3850 5482 Μαρία

473 5511 604 5578 pter
635 5504 924 5561 visionem
961 5506 1142 5573 illam,
1173 5520 1310 5576 quae
1341 5508 1720 5576 apparuerat,
1752 5519 1873 5559 non
1903 5503 2077 5559 bonal

2241 5501 2516 5576 διέτριϐεν,
2569 5502 2694 5554 ἀλλά
2735 5506 2793 5556 τὸ
2848 5503 3056 5562 λεληθὸς
3099 5508 3195 5562 τῆς
3239 5501 3633 5575 ὑποχωρήσεως
3675 5502 3761 5550 xui
3813 5500 3843 5558 ἡ

474 5609 646 5667 spem
684 5594 759 5651 de
788 5610 858 5652 ea
889 5598 1261 5668 conceperat.
1297 5596 1452 5649 Duos
1476 5592 1675 5665 itaque
1705 5608 1899 5649 annos
1943 5595 2078 5649 Deut

2244 5600 2457 5666 φανεῖσα
2485 5592 2606 5664 ὄψις
2648 5593 2813 5652 ἐκείνη
2863 5591 2956 5645 οὑκ
2996 5590 3199 5663 ἀγαθὰς
3244 5597 3497 5665 παρεῖχεν
3543 5588 3683 5658 αὑτῷ
3723 5591 3848 5660 περὶ
