4078 6222
206 273 263 328 69

208 398 333 454 αὐτῆς
369 396 452 452 τὰς
502 385 731 448 ἐλπίδας.
778 386 898 439 Ἐπὶ
945 381 1073 440 δυσὶ
1111 391 1202 459 μὲν
1239 386 1327 441 οὖν
1372 392 1535 441 ἔτεσιν
1579 384 1744 439 ἐδεῖτο
1781 386 1825 437 Α

210 492 301 559 περὶ
349 484 484 540 αὐτῆς
537 486 629 529 τοῦ
681 484 834 529 Θεοῦ⁸
892 479 922 534 ἡ
985 481 1086 551 γὰρ
1158 474 1318 536 διπλῆ
1361 486 1457 530 τοῦ
1496 477 1753 551 ὀνείρατος

216 576 312 647 ὄψις
350 576 401 623 τό
441 576 519 621 τοῦ
562 572 760 642 χρόνον
803 562 963 627 disi-‘5;
1014 569 1358 640 ὑπεσήμαινε·
1391 573 1509 640 περὶ
1559 563 1617 618 δε
1665 570 1752 623 τὴν

224 673 300 717 τοῦ
334 660 525 730 δευτέρον
569 660 717 718 ἔτους
755 656 991 714 τελευτὴν
1041 657 1275 710 ἐπάνεισί
1321 677 1396 717 τις
1447 666 1545 707 τῶν
1576 655 1750 726 φίλων,

236 752 501 820 agit-£7112:
555 748 679 819 παρ’
742 746 901 798 αύτοῦ
958 749 1093 799 κατὰ
1137 748 1363 808 ζήτησιν
1411 745 1605 807 ἐκείνης
1661 743 1755 796 ἆιπ⁴

241 842 475 901 istaistam,
529 839 647 889 ὁποι
693 855 746 888 τε
802 838 831 894 ἡ
905 835 1088 907 ἀνεψιὰ
1147 835 1408 912 διατρίϐει
1462 840 1551 887 καὶ
1616 836 1758 907 παρὰ

232 938 300 982 τίνι
338 934 409 979 καὶ
452 930 601 993 ὅπως,
660 934 839 998 σαφῶς
879 928 1046 978 πάντα
1093 930 1301 999 μηνύων
1336 935 1407 997 τῷ
1464 924 1752 999 Ἀϐραμίῳο

221 1026 283 1070 ui
327 1026 637 1091 παραχρῆμα
702 1020 773 1087 μὴ
833 1014 1089 1087 μελλήσας
1132 1015 1319 1077 ἐκεῖνος
1371 1010 1556 1086 μηδεν,
1625 1008 1757 1085 μηδ’

214 1106 575 1178 ἀναϐαλλόμενος,
629 1103 758 1156 ἀλλὰ
788 1108 965 1177 μακρά
1011 1110 1221 1179 χαίρειν
1264 1105 1416 1157 εἰπὼν
1466 1108 1555 1155 καὶ
1594 1107 1756 1175 γήρᾳ.

208 1202 275 1247 καὶ
302 1198 503 1267 ἠσυχίᾳ,
536 1200 623 1246 καὶ
654 1202 931 1267 μοναχικῷ
980 1201 1067 1247 καὶ
1102 1200 1343 1267 σχήματι
1384 1197 1473 1245 καὶ
1504 1197 1758 1265 μνήματι,

206 1287 317 1343 ὁπως
364 1286 535 1355 ψυχὴν
586 1292 690 1334 τὼν
740 1280 967 1334 δικτύων
1028 1283 1274 1355 ἐξελκύση
1334 1290 1427 1335 τοῦ
1489 1279 1757 1344 διαϐόλου,

202 1379 272 1423 καὶ
322 1380 647 1445 στρατιωτικῇ
705 1374 793 1441 μεν
833 1374 1166 1444 χρησάμενος
1214 1380 1273 1444 τῇ
1325 1370 1505 1442 στολῇ,
1562 1368 1763 1441 ἔνθέμε-

201 1481 267 1523 νος
311 1458 363 1513 δε
412 1469 478 1531 τῷ
531 1460 709 1527 κόλπῳ
769 1465 858 1511 καὶ
925 1465 1161 1533 νόμισμα
1215 1462 1263 1513 ἓν
1321 1462 1594 1531 (τοσούτου
1659 1462 1761 1531 γὰρ

203 1551 442 1621 ἐτύγχανεν
494 1550 770 1622 εὐπορῶν),
858 1550 1014 1602 ἵππον
1066 1569 1120 1602 τε
1174 1551 1594 1621 μισθωσάμενος,
1675 1553 1764 1600 καὶ

202 1644 353 1691 τούτου
399 1645 453 1691 τό
493 1642 664 1711 τάχος
709 1638 908 1701 ἐπιϐὰς,
962 1643 1095 1691 κατὰ
1142 1643 1227 1691 τόν
1268 1648 1470 1713 πρῶτον
1501 1643 1591 1689 καὶ
1618 1632 1766 1697 οὗτος

199 1727 404 1802 Ἀϐραὰμ
447 1738 536 1789 τῆς
592 1728 680 1781 ἐπὶ
731 1732 788 1781 τὸ
838 1726 1158 1801 πανδοχεῖον
1198 1731 1456 1803 φερούσης
1485 1726 1677 1797 ἥψατο.
1709 1724 1767 1777 Ὀ

206 1824 278 1889 μιν
313 1820 401 1890 γὰρ
465 1821 601 1869 κατὰ
682 1826 783 1869 τῶν
839 1822 987 1870 πέντε
1058 1817 1315 1891 βασιλέων
1388 1816 1767 1889 ἐκστρατεύσας

208 1914 303 1960 Λὼτ
324 1913 402 1959 τόν
445 1910 631 1959 τούτου
666 1904 978 1979 ἀδελφιδοῦν
1029 1906 1327 1960 ἀνεσώσατο
1356 1916 1448 1967 τῆς
1490 1902 1765 1976 αἰχμαλω-

206 2003 310 2061 σίας,
350 1998 373 2047 ὅ
419 1993 475 2048 δί
519 2001 653 2069 πρὸς
691 1996 860 2054 πάλην
890 2005 961 2067 τῷ
1012 1995 1343 2069 ἀντικειμένῳ
1392 1999 1651 2068 χωρήσας
1679 1996 1768 2043 καὶ

201 2087 304 2136 κατὰ
364 2088 543 2158 κράτος
623 2092 806 2138 τοῦτον
882 2086 1022 2149 ἐλὼν,
1083 2091 1177 2145 τὴν
1260 2086 1454 2138 οἰκείαν
1528 2077 1811 2155 ἀδελφιδῆν

198 2180 371 2245 ἢγαγεν.

255 2264 359 2316 KB'.
419 2263 735 2318 Καταλαϐὠν
793 2269 961 2318 τοίνυν
1031 2267 1091 2317 τὸ
1156 2260 1498 2336 πανδοχεῖον,
1556 2262 1641 2315 οἷοί
1696 2279 1777 2321 τις

198 2356 405 2426 ἔμπειρος
462 2356 701 2427 θηρατης
760 2359 849 2406 καὶ
904 2353 1148 2415 πολλάκις
1202 2356 1451 2414 τοιαύτης
1510 2355 1671 2425 θήρας
1726 2368 1777 2401 τι

198 2448 366 2513 τυχὼν,
419 2449 704 2517 παρετήρει
760 2440 892 2515 τῇδε
944 2443 1173 2510 κάκεῖσε,
1227 2446 1271 2495 εἴ
1298 2462 1399 2495 που
1439 2444 1624 2514 μικρὸν
1652 2442 1776 2491 ύπο-

196 2531 350 2602 ἑὶέοᾷαι
397 2528 647 2591 δυνηθείη
695 2536 753 2584 τό
806 2534 1027 2607 θήραμα·
1088 2531 1193 2584 ἐπεὶ
1251 2529 1308 2584 δε
1344 2530 1504 2591 πολὺς
1545 2529 1775 2602 ἐτρίϐετο

197 2628 362 2694 χρόνος
408 2623 562 2693 αὐτῷ,
620 2627 714 2674 καὶ
763 2622 857 2675 οὐκ
905 2619 1067 2694 εἶχεν,
1128 2623 1262 2681 ὅπως
1314 2625 1405 2679 τὴν
1456 2624 1775 2691 ζητουμένην

194 2714 435 2769 ὑεάσηται⁸
484 2731 746 2783 τοσουτῳ·
803 2713 903 2784 γὰρ
952 2712 1118 2769 ἐκείνη
1175 2717 1441 2785 σώφρονας
1482 2708 1777 2781 ὀφθαλμούς

195 2799 478 2871 ἐφυλάττετο,
534 2805 648 2873 ὅσῳ
704 2801 1004 2853 τούναντίον
1063 2800 1270 2873 λίχνοις
1325 2805 1414 2852 καὶ
1467 2798 1776 2859 ἀκολάστοις

200 2888 449 2961 ἰπέτρεχεν·
509 2889 626 2943 ἐπεὶ
700 2895 868 2943 τοίνυν
926 2890 1085 2950 οὕτως
1143 2890 1255 2961 εἶχε
1322 2894 1413 2940 καὶ
1491 2892 1608 2963 περὶ
1682 2891 1775 2945 τὴν

201 2979 296 3029 θέαν
354 2980 501 3041 αὐτῆς
552 2976 845 3046 ἀδυνάτως,
902 2981 1180 3032 ἐπινοεῖταί
1227 2998 1279 3031 τι
1324 2984 1564 3053 πρᾶγμα.
1619 2979 1644 3029 ὃ
1688 2980 1776 3027 καὶ

196 3072 322 3139 μόνον
387 3072 554 3123 ἱκανόν
636 3078 984 3144 παραστῆσαι
1032 3072 1117 3121 τόν
1171 3068 1329 3120 πολύν
1388 3067 1547 3119 αὐτοῦ
1622 3065 1776 3126 ζῆλον
1808 3087 1848 3143 C

197 3154 352 3209 ἐκεῖνον
395 3164 481 3211 καὶ
533 3161 679 3222 ὅπως
726 3161 853 3233 ὑπερ
909 3166 1002 3211 τοῦ
1042 3167 1213 3211 σῶσαι
1250 3158 1438 3229 ψυχὴν
1484 3152 1695 3217 οὐδενός
1719 3160 1776 3208 τό

198 3250 405 3318 παράπαν
445 3248 723 3321 ἀπείχετο·
787 3249 1069 3301 πλάττεται
1122 3250 1211 3321 μεν
1261 3250 1362 3322 γὰρ
1416 3246 1639 3319 ἐραστοῦ
1688 3250 1777 3297 καὶ

201 3345 359 3409 τχῆμα
406 3344 492 3391 καὶ
542 3344 757 3410 τρόπον,
819 3340 843 3390 ὁ
895 3346 1086 3412 μικροῦ
1126 3348 1217 3399 τῆς
1260 3346 1359 3388 τῶν
1408 3335 1635 3408 ἀγγέλων
1681 3356 1777 3387 πα-

197 3432 477 3500 ραπτόμενος
524 3427 739 3493 ἆῡλίας,
787 3431 951 3503 ἔρωτά
991 3448 1044 3481 τε
1086 3430 1334 3501 σαρκικόν
1394 3425 1514 3500 ἐρᾴν
1565 3426 1777 3496 ὑποκρί-

197 3532 327 3567 νεται·
369 3524 454 3569 καὶ
506 3520 684 3591 ἠρέμα
730 3526 802 3588 τῷ
852 3514 1116 3589 πανδοχεί
1176 3515 1497 3591 προσελθων·
1578 3515 1778 3568 Ἀκούω

200 3606 328 3677 κόρην
372 3610 485 3659 τινὰ
521 3609 674 3679 παρὰ
734 3612 836 3673 σοὶ,
895 3612 1045 3679 φησὶ,
1094 3606 1267 3657 κάλλει
1317 3613 1609 3678 περιφανῶς
1662 3601 1779 3655 δια.

200 3697 464 3764 πρέπουσαν
514 3704 614 3749 τοῦ
680 3693 1000 3768 πανδοχεῖον
1056 3700 1459 3771 προῖσταμένην,
1510 3693 1778 3769 ἑταιρικῶς

200 3785 299 3843 τοὺς
368 3783 717 3859 βουλομένους
794 3783 1077 3858 δέχεσθαιο
1146 3789 1339 3845 ταύτης
1394 3784 1537 3855 κάγὼ
1608 3788 1778 3835 τοίνυν

204 3868 302 3941 ἐρῶν
348 3874 630 3947 ἀφικόμην.
690 3880 789 3928 Καὶ
839 3877 864 3927 6
917 3872 1215 3947 πανδοχεὺς
1270 3878 1395 3947 πρὸς
1446 3878 1540 3931 τὴν
1596 3872 1777 3925 πολιὰν

208 3956 374 4030 βλέψας
425 3974 515 4016 τοῦ
593 3963 903 4039 Ἀϐραμίου,
954 3963 1164 4035 ἄγνοιαν
1221 3961 1279 4016 δὲ
1355 3970 1447 4015 τοῦ
1510 3959 1777 4033 δράματος

205 4050 316 4118 ἔχων
365 4058 449 4105 καὶ
506 4053 607 4106 οὐκ
653 4050 801 4114 εἰδὼς
848 4058 899 4105 τί
947 4052 1259 4126 βουλόμενος
1298 4052 1415 4126 ἰρᾷν
1455 4053 1775 4125 ὑπεκρίνετο,

204 4135 486 4208 ἐμυσάττετο
541 4146 636 4217 μεν
691 4143 845 4195 αὐτόν
892 4152 953 4216 τῇ
995 4143 1149 4216 ψυχῇ
1215 4147 1304 4195 καὶ
1360 4142 1543 4199 πολλὴν
1595 4140 1780 4193 ἀκολα-

205 4232 299 4278 τίαν
344 4232 493 4284 αὐτοῦ
554 4238 645 4284 καὶ
711 4230 976 4303 ἀσέλγειαν
1047 4237 1444 4303 κατεγίνωσκεν,
1507 4232 1587 4282 ὅτι
1647 4227 1779 4303 μηδ’

203 4313 239 4364 έν
285 4324 413 4392 γήρᾳ
486 4326 725 4393 τοσούτῳ
806 4327 895 4374 καὶ
966 4321 1122 4392 πολιᾴ
1186 4328 1461 4394 σωφρονεῖν
1518 4319 1776 4392 ἀνέχοιτο,

204 4404 289 4456 ἀλλ’
338 4411 495 4473 οὕτως
552 4408 769 4484 ἀπᾴδων
827 4410 955 4462 πολύ
1034 4419 1131 4470 τῆς
1209 4410 1413 4471 ἡλικίας
1491 4411 1515 4460 ὁ
1570 4414 1774 4483 τρόπος.
1812 4448 1857 4503 D

199 4492 344 4559 Ὀτως
402 4498 457 4553 δὲ
512 4505 583 4574 μὴ
640 4510 738 4552 τῶν
790 4503 873 4553 ἐπὶ
931 4507 992 4572 τῇ
1049 4504 1175 4573 κόρη
1237 4501 1440 4571 μισθῶν
1489 4500 1779 4573 ἀποστερη-

206 4584 314 4649 θείη,
378 4586 679 4662 διερεθίζειν
744 4587 899 4649 δῆθεν
958 4587 1127 4641 ἐδόκει
1175 4594 1265 4640 καὶ
1316 4589 1629 4653 ὑποκνίζειν,
1690 4592 1778 4641 καὶ

206 4672 263 4733 εἷς
312 4677 505 4731 πλείονα
552 4684 641 4731 τὸν
698 4679 845 4750 ἅγιον
902 4684 996 4737 τὴν
1056 4678 1337 4750 ἐπιθυμίαν
1389 4676 1631 4741 ἐκκαίειν,
1686 4683 1778 4735 τὴν

205 4764 338 4833 κόρην
406 4771 475 4838 μὴ
534 4767 705 4827 ἁπλῶς
782 4770 977 4841 ὡραίαν
1035 4772 1124 4818 καὶ
1194 4766 1355 4823 καλὴν
1413 4763 1541 4818 εἶναι
1598 4766 1776 4837 λέγων,

210 4847 314 4901 ἀλλὰ
338 4860 421 4906 καὶ
460 4865 559 4908 τῶν
605 4856 769 4908 ἄλλων
805 4864 1067 4927 γυναικῶν
1098 4863 1342 4908 τοσοῦτον
1374 4854 1634 4927 ἀμείνονα,
1671 4858 1777 4927 ὅσῳ

210 4944 392 4994 καὶτῶν
417 4944 609 4997 λοιπῶν
641 4943 828 4997 ἀνθέων
858 4949 915 4997 τό
945 4942 1102 5018 ῥόδον
1134 4941 1493 5020 φαιδρότερον
1530 4948 1689 5017 ὄνομα
1720 4941 1778 4997 δε

212 5027 317 5098 triti
350 5034 539 5105 Μαρία.

271 5120 373 5172 KI".
424 5125 601 5178 Ταῦτα
643 5130 737 5175 τοῦ
765 5118 1071 5193 πανδοχέως
1116 5123 1365 5193 εἰπόντος,
1417 5122 1644 5183 ἀκούσας
1686 5131 1776 5175 τοῦ

220 5201 425 5275 Mauro;
474 5214 498 5263 6
563 5212 869 5285 Ἀϐράμιος,
931 5215 1057 5282 ἔγνω
1112 5215 1307 5269 ταύτην
1382 5212 1575 5270 ἐκείνην
1650 5209 1778 5263 εἶναι

220 5304 360 5364 σαφῶς
410 5306 494 5352 καὶ
549 5301 721 5353 ούκέτι
779 5298 1095 5361 ἔπιδοιάζων
1159 5297 1241 5365 ἧν,
1300 5299 1409 5352 ἀλλ’
1482 5303 1508 5352 6
1588 5300 1779 5363 κόλπος

222 5380 338 5446 r356;
385 5386 491 5460 εἶχε
538 5396 629 5449 τήν
681 5397 841 5464 χεῖρα
880 5394 965 5442 καὶ
1022 5394 1080 5441 τό
1132 5394 1369 5462 νόμισμα
1407 5397 1479 5460 τῷ
1512 5387 1776 5462 ξενοδόχῳ

222 5476 500 5541 καταϐαλὼν,
558 5477 764 5532 δεῖπνόν
823 5498 878 5533 τε
933 5480 1245 5553 παραθεῖναι
1298 5483 1388 5531 καὶ
1465 5483 1559 5538 τὴν
1616 5485 1775 5556 κόρην

227 5552 290 5611 ίπὶ
379 5569 429 5617 τό
507 5564 708 5621 δεῖπνον
805 5568 1071 5642 ἱξαγαγεῖν
1141 5566 1417 5642 ἐπιτρέπει·
1491 5567 1775 5630 πολυτελῶς

1527 257 1693 315 VITA
1732 257 1793 314 S.
1835 255 2166 316 ABRAMII.

3451 270 3521 325 7O

1866 401 1972 455 pro
1990 402 2060 441 ea
2083 387 2334 457 rogavit.
2364 386 2590 445 Somnii
2614 387 2769 443 enim
2789 386 3516 460 duplex'visio,biennium

1865 476 2149 546 temporis
2190 477 2585 547 signiﬁcabat.
2630 472 2794 533 Circa
2829 478 3013 533 finem
3044 487 3239 536 autem
3272 484 3519 539 secundi

1865 564 2006 618 anni
2021 565 2327 621 revertitur
2342 566 2591 639 quidam
2611 568 2861 631 amicus,
2879 568 2982 640 qui
3013 568 3090 623 ad
3108 585 3235 624 eam
3250 587 3520 643 queren-

1864 652 2007 708 dam
2034 654 2222 710 fuerat
2252 656 2331 711 ab
2353 657 2484 727 ipso
2518 656 2759 719 missus,
2781 656 3027 712 ubinam
3054 665 3384 715 versaretur
3405 660 3519 716 frao

1867 742 1969 796 tris
1987 742 2123 812 ﬁlia,
2158 749 2215 799 et
2243 745 2406 815 apud
2433 761 2634 815 quem,
2664 750 2721 801 et
2748 746 3079 817 quomodo,
3098 748 3303 803 omnia
3323 756 3522 820 aperte

1866 831 2210 901 signiﬁcans
2240 833 2537 891 Abramio.
2574 834 2668 889 Ille
2696 850 2835 890 vero
2866 836 3065 892 statim
3096 836 3241 892 nihil
3282 845 3526 894 cuncta-

1869 931 1979 987 tus,
2000 923 2101 977 sed
2122 923 2378 979 multum
2396 924 2814 994 valerejubens
2832 931 2887 979 et
2906 926 3159 992 senium,
3178 929 3527 983 etexercita-

1872 1010 2114 1079 tionem,
2146 1018 2201 1068 et
2232 1013 2553 1077 silentium,
2599 1015 3120 1087 monasticumque
3169 1015 3443 1072 habitum
3472 1026 3531 1081 et

1869 1100 2196 1166 incessum,
2228 1108 2291 1157 ut
2331 1102 2606 1158 liberaret
2635 1104 2899 1158 animam
2936 1118 2971 1159 a
3014 1102 3237 1175 laqueis
3276 1104 3526 1175 diaboli,

1870 1204 2007 1243 cum
2035 1196 2259 1245 vestem
2290 1191 2583 1247 induisset
2603 1191 2942 1260 militarem,
2970 1192 3101 1248 etin
3138 1195 3333 1249 sinum
3357 1211 3529 1250 num-

1872 1294 2039 1333 mum
2068 1295 2254 1335 unum
2287 1280 2633 1337 immisisset
2654 1282 2917 1351 (tantum
2940 1281 3097 1337 enim
3131 1290 3255 1339 erat
3273 1284 3323 1338 ei
3351 1284 3526 1357 opus)

1872 1372 1927 1423 et
1958 1383 2175 1439 equum
2207 1369 2611 1438 conduxisset,
2644 1376 2700 1425 et
2726 1387 2863 1425 eum
2907 1372 3363 1443 quamprimum
3390 1389 3529 1429 con-

1873 1457 2211 1525 scendisset,
2246 1458 2374 1529 ipse
2400 1475 2639 1531 quoque
2661 1461 2847 1515 instar
2870 1461 3045 1531 primi
3070 1463 3343 1526 Abrahae,
3365 1463 3528 1519 viam

1874 1545 2021 1611 iniit,
2052 1562 2189 1618 quia
2220 1546 2470 1603 ducebat
2518 1548 2595 1604 ad
2626 1549 3044 1606 diversorium.
3095 1554 3240 1606 Nam
3265 1551 3360 1608 ille
3402 1555 3531 1624 qui-

1875 1634 2008 1689 dem
2040 1635 2413 1706 expeditione
2438 1642 2718 1708 suscepta
2741 1638 3029 1694 adversus
3047 1639 3315 1711 quinque
3338 1656 3527 1711 reges,

1880 1725 1982 1779 Lot
2008 1723 2201 1779 fratris
2232 1724 2423 1781 ﬁlium
2455 1727 2712 1782 servavit
2735 1743 2771 1783 a
2796 1728 3160 1799 captivitate.
3188 1730 3284 1784 Hic
3304 1735 3526 1794 autem,

1878 1827 2016 1868 cum
2050 1814 2110 1867 in
2133 1819 2431 1869 certamen
2465 1816 2848 1885 processisset
2875 1822 3080 1872 contra
3114 1817 3529 1873 adversarium

1877 1906 1933 1956 et
1958 1916 2095 1957 eum
2135 1901 2193 1956 vi
2221 1909 2645 1974 expugnasset,
2676 1904 2908 1960 reduxit
2930 1906 3019 1960 sui
3040 1905 3236 1961 fratris
3261 1906 3434 1962 ﬁliam
3453 1906 3530 1963 ad

1878 1990 2139 2061 priorem
2164 1991 2395 2047 virtutis
2425 1992 2927 2050 exercitationem.

1875 2083 2003 2153 πρὸς
2072 2085 2165 2139 τὴν
2244 2085 2499 2155 προτέραν
2580 2082 2743 2144 αὐτῆς
2813 2082 2996 2158 ἀρετῆς
3080 2081 3309 2142 ἄσκησιν
3386 2086 3535 2138 ἐπαν-

1955 2259 2127 2314 XXII.
2169 2260 2309 2315 Cum
2350 2262 2718 2333 pervenisset
2756 2262 2958 2334 itaque
2997 2262 3073 2319 ad
3114 2262 3535 2327 diversorium.

1883 2363 2005 2403 non
2016 2364 2186 2404 secus
2198 2366 2264 2405 ac
2280 2356 2527 2407 venator
2540 2351 2782 2423 peritus,
2800 2351 2913 2407 huc
2936 2358 2992 2407 et
3006 2352 3141 2407 illuc
3157 2353 3532 2418 observabat,

1885 2437 2068 2493 sicubi
2105 2444 2309 2509 posset
2345 2440 2616 2512 praedam
2642 2457 2967 2513 parumper
2996 2442 3281 2513 aspicere.
3314 2442 3534 2497 Verum

1886 2530 2120 2599 tempus
2147 2529 2224 2583 ad
2255 2544 2326 2584 eo
2360 2529 2677 2594 terebatur,
2736 2534 2793 2586 et
2823 2547 2979 2594 eam,
3003 2546 3185 2603 quam
3204 2530 3533 2603 quaerebat,

1884 2632 2002 2671 non
2035 2623 2265 2688 poterat
2289 2620 2575 2691 aspicere.
2612 2618 2710 2674 Illa
2739 2621 2895 2674 enim
2916 2620 3169 2691 pudicos
3195 2626 3427 2676 tantum
3450 2622 3537 2676 vi-

1885 2705 2049 2759 tabat
2078 2707 2305 2773 oculos,
2330 2711 2625 2777 quantum
2654 2713 2863 2762 contra
2894 2708 3243 2763 accurrebat
3267 2708 3342 2763 ad
3375 2709 3539 2764 lasci-

1885 2808 1988 2848 vos
2014 2798 2070 2848 et
2090 2793 2449 2865 impudicos.
2480 2794 2627 2849 Cum
2660 2809 2803 2864 ergo
2834 2796 2918 2849 sic
2932 2811 3063 2850 eam
3084 2810 3205 2851 non
3234 2797 3539 2867 possetin-

1885 2883 2056 2950 tueri,
2100 2884 2395 2954 excogitat
2428 2898 2548 2938 rem
2578 2884 2931 2955 quamdam,
2964 2900 3101 2957 quas
3136 2885 3230 2939 vel
3277 2884 3405 2940 sola
3434 2900 3540 2956 po-

1887 2975 1999 3028 test
2058 2972 2369 3027 ostendere
2411 2988 2702 3044 magnum
2729 2972 2882 3028 illius
2909 2972 3118 3043 zelum,
3167 2978 3223 3029 et
3248 2973 3539 3045 quemad-

1888 3062 2158 3127 modum,
2186 3067 2247 3117 ut
2266 3067 2527 3117 servaret
2542 3062 2829 3127 animam,
2846 3079 2881 3119 a
2900 3063 3065 3119 nulla
3084 3078 3147 3118 re
3173 3062 3421 3119 omnino
3439 3063 3540 3119 ab-

1887 3152 2161 3208 stinebat.
2196 3152 2487 3208 Amatoris
2518 3152 2763 3224 quidem
2795 3152 3038 3209 simulat
3067 3160 3121 3209 et
3151 3152 3441 3218 habitum,
3485 3157 3542 3210 et

1887 3258 2107 3307 mores,
2141 3242 2244 3314 qui
2276 3258 2347 3298 eo
2387 3248 2759 3313 pervenerat,
2812 3249 2875 3297 ut
2915 3249 3089 3309 esset,
3121 3242 3274 3299 sicut
3318 3242 3538 3313 angeli,

1887 3347 2074 3403 prope
2104 3347 2314 3403 expers
2346 3332 2643 3389 materiai:
2679 3337 2736 3387 et
2765 3330 2935 3402 ﬁngit
2989 3348 3051 3387 se
3084 3348 3290 3388 amare
3335 3347 3541 3389 amore

1888 3420 2133 3476 carnali.
2169 3422 2372 3492 Itaque
2385 3421 2600 3476 sensim
2616 3421 2899 3477 accedens
2919 3422 2997 3477 ad
3018 3420 3337 3477 dominum
3350 3422 3543 3477 diver-

1889 3510 2032 3565 sorii
2058 3526 2071 3564 :
2102 3510 2313 3575 Audio,
2345 3510 2556 3582 inquit,
2590 3511 2751 3582 apud
2786 3516 2835 3565 te
2864 3526 2992 3566 esse
3020 3510 3286 3582 puellam
3320 3510 3541 3583 insigni

1888 3599 2343 3672 pulchritudine,
2385 3615 2517 3671 qua:
2545 3604 2760 3671 praeest
2788 3599 3140 3665 diversorio,
3169 3606 3225 3655 et
3275 3600 3540 3656 volentes

1889 3688 2140 3743 admittit
2156 3688 2832 3758 amatores.llliusigitur
2846 3704 3073 3760 quoque
3091 3696 3296 3761 captus
3309 3706 3536 3757 amore,

1886 3778 2005 3833 huc
2044 3777 2287 3833 accessi.
2342 3777 2655 3833 Praefectus
2703 3784 2902 3832 autem
2944 3777 3249 3833 diversorii
3306 3778 3540 3833 intuens

1888 3867 1965 3922 ad
2004 3882 2189 3923 canos
2218 3866 2505 3933 Abramii,
2530 3882 2656 3921 rem
2684 3882 2821 3921 vero
2850 3868 3154 3935 ignorans,
3188 3872 3242 3922 et
3268 3868 3541 3923 nesciens

1810 3943 1826 3963 ’
1888 3955 2178 4029 quidnam
2234 3954 2345 4010 sibi
2378 3954 2578 4009 volens
2609 3970 2669 4011 se
2712 3970 2916 4010 amare
2966 3955 3289 4019 simularet,
3332 3955 3538 4012 animo

1887 4045 2131 4117 quidem
2159 4059 2293 4099 eum
2317 4043 2802 4110 abominabatur,
2823 4051 3025 4100 eteum
3047 4059 3276 4114 magnai
3292 4044 3543 4102 damna-

1890 4134 2387 4206 batimpudicitiaa
2401 4139 2458 4190 et
2473 4134 2944 4207 intemperantiae
2961 4134 3146 4208 ,quod
3166 4150 3273 4189 nec
3296 4134 3356 4189 in
3376 4140 3542 4192 tanta

1890 4223 2134 4296 quidem
2156 4229 2457 4280 senectute
2485 4230 2541 4279 et
2568 4224 2782 4281 canitie
2805 4223 3119 4280 sustineret
3150 4240 3281 4279 esse
3311 4229 3540 4296 tempe-

1888 4330 2051 4381 rans,
2096 4313 2201 4368 sed
2229 4313 2357 4383 ejus
2389 4329 2586 4369 mores
2626 4313 2777 4368 adeo
2800 4312 3209 4384 discreparent
3239 4312 3316 4367 ab
3344 4318 3534 4369 aetate.

1889 4405 1968 4459 Ne
2002 4408 2202 4458 autem
2232 4403 2565 4473 privaretur
2596 4403 3082 4474 mercede,quam
3114 4408 3356 4474 prOpter
3380 4401 3541 4473 puel-

1887 4491 2009 4547 lam
2036 4496 2161 4547 erat
2190 4490 2527 4557 habiturus,
2564 4493 2751 4547 visum
2780 4498 2869 4547 est
2891 4490 2966 4547 illi
2994 4507 3195 4547 senem
3214 4505 3540 4560 provocare

1888 4587 1944 4637 et
1974 4581 2235 4646 incitare,
2256 4596 2412 4653 aque
2438 4580 2515 4637 ad
2536 4582 2829 4653 majorem
2855 4581 3179 4636 accendere
3209 4580 3537 4647 libidinem,

1888 4669 2089 4725 dicens
2105 4685 2235 4726 esse
2253 4670 2491 4742 quidem
2516 4669 2775 4741 puellam
2791 4669 3119 4741 elegantem
3135 4668 3539 4740 etpulchram,

1888 4766 1945 4814 et
1965 4759 2096 4815 aliis
2124 4759 2357 4815 feminis
2382 4765 2611 4815 tantum
2629 4758 3123 4830 praestantiorem,
3141 4763 3428 4830 quantum
3451 4762 3543 4814 est

1887 4864 2025 4905 rosa
2054 4848 2241 4905 laetior
2270 4848 2487 4905 caeteris
2517 4848 2762 4904 ﬂoribus
2792 4865 2804 4903 :
2833 4862 3055 4903 nomen
3086 4852 3287 4903 autem
3328 4848 3380 4903 ei
3411 4862 3540 4903 esse

1890 4938 2152 4994 Mariam.

1963 5117 2144 5172 XXIII.
2175 5117 2319 5174 Haec
2350 5131 2485 5171 cum
2510 5115 2755 5171 dixisset
2780 5114 3060 5170 dominus
3082 5112 3407 5177 diversorii,
3433 5128 3537 5169 au-

1887 5206 2008 5262 dito
2039 5207 2300 5271 nomine,
2334 5205 2649 5260 Abramius
2681 5208 2881 5275 aperte
2908 5203 3186 5274 cognovit
3216 5203 3371 5258 hanc
3411 5217 3539 5258 esse

1888 5298 2070 5361 illam,
2101 5312 2296 5368 neque
2328 5295 2647 5352 dubitabat
2669 5294 2950 5365 amplius.
2988 5295 3162 5348 Manu
3192 5293 3446 5362 igiturin
3461 5293 3541 5349 si-

1888 5402 2033 5442 num
2064 5385 2358 5451 immissa,
2383 5382 2912 5440 etnummosoluto
2934 5382 3181 5437 domino
3204 5381 3535 5448 diversorii,

1882 5475 2055 5547 jubet
2078 5474 2279 5547 parari
2316 5489 2575 5539 ccenam,
2608 5476 2664 5527 et
2700 5470 2996 5526 introduci
3027 5470 3310 5543 puellam.
3354 5471 3539 5529 Cinna

1887 5566 2081 5637 itaque
2112 5563 2355 5638 opipare
2387 5567 2609 5637 parata,
2642 5560 2947 5617 diversorii
2978 5560 3259 5618 dominus
3285 5560 3361 5619 ad
3391 5577 3531 5620 eum
