4078 6222
522 241 581 294 Ἠ
1897 239 2153 297 MENSIS
2195 240 2531 305 MARTIUS.
3812 261 3880 318 72

519 363 715 420 educit
739 362 1025 436 puellam,
1056 381 1187 438 quae
1211 365 1387 421 valde
1413 369 1538 422 erat
1562 365 1840 433 delicata,
1883 367 2078 423 mollis
2118 382 2137 422 ε

2249 415 2251 421 .
2285 376 2560 446 τοίγαρούν
2590 380 2647 429 τό
2692 374 2896 431 δεῖπνον
2939 381 2965 432 6
3010 376 3312 453 πανδοχεὺς
3355 382 3676 458 εὐτρεπίσας,
3709 384 3881 459 ἐξάγει

519 452 821 509 dissoluta.
857 455 1045 519 Quam
1074 472 1211 511 cum
1243 455 1482 511 vidisset
1511 455 1593 511 sic
1628 456 1951 511 meretricie
2000 471 2171 511 orna—

518 545 641 597 tam
672 542 1013 608 Abramius,
1039 544 1215 599 corde
1248 545 1446 600 medio
1478 544 1780 600 sauciatur
1804 561 1817 599 :
1842 549 1898 600 et
1919 545 2172 600 conaba-

516 638 610 687 tur
626 632 873 705 quidem
906 634 1182 689 cohibere
1200 635 1519 706 lacrymas,
1541 651 1613 689 ne
1632 640 1828 690 actum
1850 636 2168 706 prodentes

516 720 779 792 puellam
822 722 1181 792 eﬂ‘ugarentr
1205 738 1410 777 earum
1442 729 1639 778 tamen
1673 722 1918 778 minime
1941 728 2172 795 poterat

515 809 721 867 sistere
745 810 1093 877 ﬂuxionem,
1123 812 1358 868 victusa
1380 812 1597 868 doloris
1620 811 1993 880 necessitate,
2008 811 2168 868 unde

514 899 691 955 etiam
722 900 995 970 guttatim
1022 900 1488 971 lacrymabatur,
1539 901 1599 957 in
1638 901 1882 957 alteram
1934 906 2165 973 partem

513 995 862 1044 convertens
896 988 1134 1058 faciem,
1165 996 1223 1045 et
1254 1006 1289 1046 a
1318 990 1486 1059 genis
1518 990 1809 1062 repellens
1835 990 2160 1061 lacrymas.

514 1078 582 1132 Ut
628 1083 824 1133 autem
852 1078 1033 1149 hujus
1060 1080 1143 1134 rei
1182 1096 1421 1134 omnem
1453 1080 1707 1136 auferret
1737 1079 2161 1151 suspicionem,

510 1168 814 1223 amatoriis
844 1168 1005 1238 apud
1036 1184 1164 1223 eam
1190 1168 1388 1223 verbis
1418 1168 1710 1238 utebatur,
1735 1168 2162 1240 annuebatque

508 1260 564 1310 et
604 1257 865 1311 suaviter
904 1257 1225 1322 arridebat,
1255 1263 1307 1312 et
1339 1258 1463 1313 alia
1491 1258 1693 1314 omnia
1722 1257 1990 1324 faciebat,
2022 1272 2160 1329 qum

506 1350 759 1415 possunt
789 1361 1135 1416 provocare,
1170 1352 1223 1401 et
1252 1346 1326 1401 ad
1362 1362 1629 1402 amorem
1671 1346 2014 1403 accendere.
2059 1345 2159 1401 Illa

508 1440 707 1489 autem
723 1435 974 1490 vicissim
992 1435 1275 1491 Abramio
1301 1435 1588 1492 offerebat
1606 1436 1900 1505 osculum,
1930 1440 2157 1491 etarcte

506 1524 726 1580 collum
757 1524 886 1595 ejus
913 1526 1404 1596 amplectebatur.
1434 1528 1666 1581 Interim
1695 1542 1835 1581 vero
1862 1542 1999 1581 cum
2023 1540 2154 1580 sen-

504 1613 613 1666 sim
638 1613 1001 1668 redolentem
1024 1619 1316 1668 castorum
1341 1614 1805 1669 etexercitationi
1821 1612 2153 1668 deditorum

2284 465 2376 518 τὴν
2430 469 2588 538 κόρην
2636 466 2715 519 ἐπ’
2761 469 2906 537 αὐτὸ,
2961 472 3255 543 θρυπτικῶς
3299 469 3352 525 εὖ
3395 474 3535 545 μάλα
3580 480 3667 528 καὶ
3708 475 3878 551 ἁϐρῶς

2282 567 2335 600 τε
2383 558 2471 604 καὶ
2527 554 2798 627 ἀνειμένως
2844 561 3092 631 ἔχουσαν,
3147 564 3207 620 ἦν
3240 558 3365 614 ἰδὼν
3414 563 3578 625 οὕτως
3608 562 3878 639 ἑταιρικῶς

2283 632 2723 716 διεσκευασμένην
2794 646 3092 723 Ἀϐράμιος,
3170 654 3335 722 μέσην
3395 671 3738 727 τιτρωσκεται
3791 660 3879 713 τήν

2279 728 2503 804 καρδίαν
2555 740 2643 788 καὶ
2701 744 2824 808 σιγῇ
2880 740 2969 810 μὲν
3018 736 3221 810 ἐπέχειν
3261 738 3496 816 ἐπειρᾶτο
3542 744 3609 794 τά
3648 739 3876 815 δάκρυα,

2277 827 2346 894 μή
2400 820 2775 893 φυγαδεύσωσι
2828 831 2920 886 τὴν
2985 833 3145 900 κόρην
3197 832 3254 880 τό
3314 826 3493 902 δρᾶμα
3544 833 3873 902 μηνύσαντα·

2275 914 2340 963 τά
2371 908 2429 964 δὲ
2482 914 2620 985 ὅμως
2673 922 2866 973 στῆσαι
2915 920 3010 974 τήν
3047 917 3167 990 ῥοὴν
3206 917 3298 969 οὐκ
3346 915 3577 977 ἠδύνατο
3619 927 3876 993 νικώμενα

2274 1008 2334 1072 τῇ
2388 1010 2479 1053 τοῦ
2536 1005 2729 1064 πάθους
2778 1003 2999 1078 ἀνάγκη,
3060 1007 3171 1059 ὅθεν
3219 1003 3466 1083 ἐδάκρυεν
3522 1007 3762 1074 ἀστακτὶ,
3814 1014 3874 1062 τὸ

2272 1109 2549 1164 πρόσωπον
2594 1096 2679 1145 ἐπὶ
2742 1095 2931 1169 θάτερα
2983 1100 3211 1169 στρέφων
3258 1100 3347 1148 καὶ
3393 1100 3458 1149 τὰ
3508 1094 3715 1170 δάκρυα
3770 1108 3872 1151 τῶν

2270 1188 2495 1254 παρειῶν
2546 1180 2928 1252 ἀπωθούμενος.
2988 1190 3100 1237 Ἵνα
3158 1181 3215 1237 δε
3290 1185 3452 1258 κλέψῃ
3529 1192 3704 1239 πᾶσαν
3784 1187 3872 1241 ἐπὶ

2268 1271 2462 1321 τούτων
2510 1270 2774 1340 ὑπόνοιαν,
2833 1277 2923 1324 καὶ
2978 1272 3165 1344 λόγους
3212 1274 3342 1347 αύτῇ
3396 1283 3659 1349 προσῆγεν
3687 1275 3873 1351 ἐρωτι-

2268 1361 2410 1423 κοὺς,
2462 1357 2646 1413 ἐνένευέ
2692 1380 2764 1425 τε,
2817 1366 2905 1414 καὶ
2950 1358 3053 1419 ἡδύ
3107 1364 3412 1435 προσεγελα,
3467 1369 3556 1417 καὶ
3611 1364 3725 1417 λὶαν
3774 1365 3868 1418 ἐπ-

2267 1451 2471 1519 αγωγόν
2526 1446 2751 1520 ἐμειδία,
2809 1456 2898 1503 καὶ
2964 1445 3125 1504 τᾶλλα
3193 1456 3359 1505 πάντα
3428 1452 3610 1519 ἐποίει,
3669 1456 3867 1528 ὅσαπερ

2265 1537 2543 1590 ύποκνίσαι
2596 1544 2684 1591 καὶ
2739 1538 3011 1612 ἀναφλέξαι
3066 1544 3191 1613 πρὸς
3242 1544 3406 1611 ἔρωτα
3464 1539 3702 1602 δύναται,
3763 1543 3870 1597 Κά-

2263 1630 2402 1684 κείνη
2475 1627 2626 1680 πάλιν
2682 1627 2962 1700 ἀντεπῆγεν
3019 1630 3287 1703 Ἀϐραμίῳ
3372 1635 3429 1683 τὸ
3493 1632 3693 1704 φίλημα
3772 1640 3866 1687 καὶ

503 1702 914 1756 membrorum
949 1703 1333 1773 fragrantiam
1360 1703 1657 1770 sensisset,
1691 1708 1746 1758 et
1774 1704 1908 1757 vitae
1937 1702 2137 1773 prioris

2262 1717 2639 1789 περιπλακεῖσα
2681 1728 2957 1793 προσφυῶς
3008 1723 3094 1773 τὸν
3148 1720 3411 1795 τράχηλον
3467 1726 3860 1786 κατησπάζετο·

428 1848 433 1851 Α
501 1794 658 1845 esset
685 1790 995 1846 recordata
1025 1798 1081 1846 et
1104 1790 1247 1846 boni
1280 1790 1586 1862 castitatis,
1618 1796 1673 1846 et
1699 1807 1736 1847 a
1787 1790 2025 1863 quantis
2053 1791 2151 1846 bo-

499 1879 592 1934 nis
623 1880 935 1935 excidisset
967 1880 1385 1946 misera,valde
1428 1880 1879 1953 lacrymabatur
1907 1885 1963 1936 et
1987 1880 2151 1949 inge-

500 1970 805 2034 miscebat,
841 1974 895 2024 et
928 1987 940 2024 :
976 1972 1068 2025 Vae
1095 1970 1239 2025 mihi
1299 1971 1541 2035 miserae,
1572 1971 1824 2036 dicebat,
1859 1986 1948 2025 vas
1976 1969 2147 2039 mihi,

497 2074 629 2129 quae
656 2076 787 2112 sum
817 2059 1114 2130 implicata
1156 2065 1237 2115 tot
1289 2059 1535 2114 funibus
1592 2065 1989 2130 peccatorum.
2045 2058 2147 2114 Hei

498 2146 666 2210 mihi,
705 2147 849 2219 quid
868 2163 1043 2217 agam
1060 2146 1087 2201 ?
1103 2149 1418 2213 Quomodo
1433 2165 1527 2205 me
1554 2165 1711 2204 nunc
1734 2156 1888 2205 terra
1906 2165 2027 2204 non
2048 2148 2146 2203 de-

496 2242 666 2297 vorat
681 2234 1111 2308 ‘fPropterquaa
1125 2238 1183 2291 in
1200 2252 1481 2306 magnam
1500 2238 1797 2293 adductus
1828 2237 2147 2294 dubitatio-

494 2338 631 2378 nem
660 2324 936 2380 dominus
966 2326 1298 2395 diversorii,
1329 2333 1390 2382 ut
1415 2326 1519 2399 qui
1544 2326 1688 2381 nihil
1721 2327 1891 2383 sciret
1936 2343 2142 2383 eorum

493 2428 629 2484 quae
656 2420 1077 2484 praecesserant
1110 2434 1123 2471 :
1156 2414 1362 2480 Maria,
1396 2415 1639 2470 domina
1682 2432 1838 2481 mea,
1888 2415 2141 2483 dicebat,

490 2501 597 2557 hoc
627 2507 814 2559 totum
845 2503 1068 2559 biennii
1090 2510 1323 2576 tempus
1345 2505 1472 2574 jam
1498 2511 1691 2560 tecum
1716 2506 1961 2576 degens,
1992 2522 2143 2561 nun-

490 2606 675 2664 quam
713 2599 761 2648 te
790 2593 905 2647 vidi
933 2593 1010 2648 ad
1043 2598 1265 2650 tantam
1280 2594 1605 2650 adductam
1627 2596 1919 2651 tristitiam
1943 2601 1999 2651 et
2018 2596 2142 2652 ani-

492 2681 573 2735 mi
599 2680 1033 2751 aegritudinem.
1069 2683 1185 2737 Praa
1206 2682 1578 2739 dubitatione
1609 2684 1809 2756 itaque
1840 2684 2055 2740 delicio
2085 2690 2141 2741 et

486 2772 902 2837 contremisco,
933 2773 1554 2841 cogitans,undenam
1581 2778 1922 2847 etquonam
1954 2775 2139 2831 modo

484 2859 614 2915 haec
644 2860 838 2917 dicere
862 2860 969 2917 tibi
998 2864 1222 2917 venerit
1249 2862 1310 2917 in
1335 2868 1618 2918 mentem.
1654 2862 1989 2929 lllaautem,
2011 2868 2138 2920 tan-

484 2965 669 3021 quam
689 2951 743 3005 ei
762 2967 1006 3006 causam
1027 2952 1371 3020 significans
1386 2969 1397 3007 :
1411 2954 1664 3017 Utinam,
1681 2953 2136 3024 inquit,duobus

2262 1805 2309 1857 ἐν
2348 1810 2513 1879 τούτῳ
2546 1805 2604 1861 δὲ
2648 1816 2741 1870 τῆς
2774 1806 3076 1871 ἀποζούσης
3125 1818 3223 1861 τῶν
3272 1809 3439 1881 ἁγνῶν
3470 1830 3520 1863 τε
3565 1816 3654 1863 καὶ
3694 1810 3862 1871 ἀσκη-

2259 1904 2413 1948 τικῶν
2465 1897 2626 1969 μελῶν
2680 1895 2900 1959 εὐωδίας
2963 1899 3132 1971 ἠρέμα
3185 1901 3567 1972 ύπαισθομένη,
3639 1909 3729 1963 τῆς
3803 1922 3861 1955 τε

2260 1990 2511 2060 προτέρας
2589 1986 2847 2051 πολιτείας
2934 1986 3328 2061 ἀναμνησθεῖσα
3426 1995 3512 2042 καὶ
3600 1998 3690 2043 τοῦ
3760 2000 3859 2054 τῆς

2258 2074 2464 2145 ἁγνείας
2510 2075 2669 2128 καλοῦ
2709 2082 2797 2129 καὶ
2844 2079 2962 2129 οῖων
3011 2080 3039 2135 η
3097 2074 3379 2150 δυστυχὴς
3441 2079 3670 2142 ἐξέπεσεν
3720 2078 3858 2151 ἀγα-

2260 2166 2379 2231 θῶν,
2427 2162 2649 2239 ἐδάκρυε
2694 2166 2834 2238 μάλα
2887 2169 3091 2242 θερμόν,
3123 2172 3207 2219 καὶ
3258 2169 3518 2232 ὑπέστενε,
3566 2174 3676 2233 καὶ,
3718 2170 3857 2221 Ούαί

2254 2274 2365 2325 μοι,
2405 2254 2559 2325 ἔλεγε,
2592 2264 2651 2327 τῇ
2701 2254 2856 2328 ἀθλία
2888 2255 2899 2309 !
2930 2257 3046 2308 ούαί
3087 2276 3197 2329 μοι,
3248 2265 3309 2329 τῇ
3361 2260 3623 2310 τοσούτων
3680 2259 3855 2333 ἁμαρ-

2253 2346 2497 2415 τημάτων
2544 2350 2759 2417 σχοινία
2790 2350 3111 2418 περικειμένῃ
3145 2346 3155 2399 l
3187 2350 3345 2417 οἶμοι,
3376 2352 3427 2399 τί
3468 2343 3652 2420 δράσω
3685 2365 3699 2412 ;
3741 2357 3856 2411 πῶς

2252 2433 2346 2485 οῦκ
2397 2434 2457 2485 οἱν
2502 2454 2563 2506 με
2592 2441 2678 2485 νῦν
2718 2436 2747 2493 ἠ
2794 2442 2861 2506 γῆ
2909 2439 3156 2488 καταπίοι
3186 2452 3200 2502 ;
3234 2435 3338 2507 Ἐφ’
3379 2437 3451 2497 οἷς
3482 2438 3507 2487 6
3554 2433 3854 2509 πανδοχεὺς

2252 2520 2617 2595 ἀπορούμενος,
2674 2520 2756 2577 οἷα
2810 2520 2949 2595 μηδὲ
3001 2521 3155 2585 εἰδώς
3209 2544 3258 2577 τι
3309 2533 3408 2576 τῶν
3466 2524 3848 2600 προλαϐόντων

2249 2616 2453 2685 Μαρία,
2503 2617 2702 2687 Μαρία,
2748 2618 2924 2685 κυρία,
2976 2612 3129 2685 ἔλεγε,
3187 2610 3331 2672 διετῆ
3387 2611 3452 2673 δή
3508 2622 3687 2667 τοῦτον
3728 2617 3851 2687 ἄρτι

2252 2697 2548 2773 συνδιάγων
2604 2721 2688 2754 σοι
2730 2707 2939 2776 χρόνον,
3000 2699 3249 2755 οὐδέποτέ
3308 2722 3365 2755 σε
3412 2707 3540 2777 πρὸς
3588 2707 3848 2764 τοσαύτην

2247 2796 2530 2863 κατήφειαν
2579 2796 2668 2843 καὶ
2731 2790 2956 2864 ἀθυμίαν
3012 2788 3150 2844 εἶδον
3198 2795 3620 2864 κατενεχθεῖσαν·
3676 2792 3846 2846 ἐκλύο-

2247 2900 2342 2951 μαι
2390 2881 2477 2932 οὖν
2520 2882 2620 2933 ὑπὸ
2669 2889 2759 2941 τῆς
2790 2880 3009 2956 ἀπορίας
3056 2886 3145 2933 καὶ
3188 2885 3378 2955 τρέμω,
3410 2884 3562 2934 πόθεν
3605 2884 3709 2957 ἄρα
3755 2888 3845 2935 καὶ

2246 2972 2382 3030 ὅπως
2414 2972 2632 3021 τοιαῦτα
2678 2970 2838 3040 λέγειν
2872 2969 3060 3029 ἐπῆλθέ
3110 2990 3213 3022 σοι.
3258 2970 3315 3023 Ἠ
3358 2967 3436 3035 δε,
3488 2973 3659 3045 ὥσπερ
3701 2971 3844 3042 αύτῷ

484 3039 655 3093 annis
682 3044 818 3094 ante
836 3039 1243 3095 decessissem.
1281 3040 1373 3097 Sic
1403 3040 1561 3096 enim
1592 3041 1835 3097 fuissem
1892 3044 2135 3099 omnino

2249 3059 2576 3132 γνωρίζουσα
2623 3064 2711 3117 τήν
2754 3059 2944 3112 αἰτίαν·
2998 3063 3138 3112 Διότι
3186 3058 3273 3133 [Τί
3317 3062 3396 3112 ὅτι
3441 3060 3520 3133 ?],
3560 3039 3710 3133 φησι,
3766 3064 3836 3132 μὴ

482 3126 634 3182 inter
670 3126 897 3183 beatas.

550 3322 737 3379 XXIV.
770 3322 1016 3396 Propter
1063 3323 1182 3379 haec
1234 3323 1450 3380 veritus
1509 3324 1746 3381 divinus
1791 3325 2127 3394 Abramius,

478 3429 552 3469 ne
586 3414 709 3485 ipse
740 3413 1015 3469 evaderet
1050 3413 1420 3479 manifestus,
1454 3414 1665 3473 deinde
1692 3416 2130 3486 aufugeretﬁlia

478 3502 608 3574 ejus
659 3504 879 3569 fratris,
916 3508 978 3559 ut
1009 3519 1195 3575 quam
1229 3520 1451 3575 magna
1483 3504 1581 3562 illa
1603 3506 1903 3563 morderet
1944 3508 2127 3579 preni-

476 3592 677 3659 tentia,
707 3600 763 3648 et
818 3610 947 3664 quae
992 3609 1113 3649 non
1162 3594 1422 3667 amplius
1472 3595 1644 3651 ferret
1703 3612 1840 3651 eum
1890 3596 2124 3666 intueri,

476 3683 646 3753 cujus
697 3690 983 3754 praecepta
1030 3688 1153 3739 tam
1193 3690 1388 3756 aperte
1426 3686 1902 3758 contempsisset,
1946 3692 2001 3742 et
2040 3687 2125 3742 sic

474 3770 783 3842 aufugeret
799 3772 998 3843 praeda
1012 3788 1081 3828 ex
1097 3772 1304 3829 mediis
1316 3774 1366 3845 ej
1378 3791 1444 3830 us
1459 3775 1760 3842 manibus,
1778 3776 2122 3847 priusquam

472 3867 886 3929 totam,escam
906 3861 1299 3929 devoraret;et
1320 3871 1633 3937 propterea
1650 3865 1857 3923 volens
1879 3881 2121 3922 omnem

471 3951 701 4009 auferre
720 3952 1147 4024 suspicionem,
1170 3954 1595 4025 petulantiores
1618 3971 1814 4010 mores
1837 3955 2122 4011 amatoris

471 4041 806 4113 suscipiens
840 4058 852 4096 :
879 4042 1169 4113 Reprime,
1205 4042 1462 4109 dicebat,
1486 4060 1523 4098 o
1542 4044 1773 4109 mulier,
1788 4045 1913 4100 hinc
1937 4045 2123 4100 tristia

469 4132 671 4186 verba.
701 4134 824 4185 Non
851 4129 1010 4184 enim
1042 4130 1176 4185 ideo
1208 4131 1325 4187 huc
1350 4133 1761 4203 convenimus,
1812 4140 1873 4191 ut
1925 4150 2119 4190 recor-

468 4220 694 4275 dareris
719 4234 947 4284 eorum,
980 4234 1115 4289 qua:
1149 4219 1350 4277 fecisti.
1383 4225 1445 4279 Et
1476 4239 1793 4279 conversus
1825 4224 1902 4279 ad
1932 4224 2120 4279 domi-

466 4326 615 4365 num
641 4307 947 4363 diversorii
972 4325 984 4359 :
1028 4310 1247 4376 Amice,
1268 4312 1477 4382 inquit,
1501 4313 1647 4369 affer
1663 4315 1835 4369 nobis
1852 4314 1966 4369 cito
1984 4330 2118 4386 qua:

2241 3151 2341 3221 πρό
2394 3144 2531 3200 δύων
2573 3152 2763 3201 τούτων
2808 3147 3114 3207 ἐτελεύτησα
3164 3154 3367 3225 χρόνων
3398 3149 3411 3205 !
3444 3150 3579 3202 οὕτω
3622 3151 3723 3224 γάρ
3778 3151 3840 3201 ἄν

2241 3238 2380 3309 ήμην
2407 3240 2606 3299 πάντως
2637 3237 2684 3291 ἐν
2714 3242 3018 3311 μακαρίαις.

2315 3327 2425 3381 ΚΔ“.
2476 3322 2616 3401 Πρὸς
2667 3335 2834 3380 ταῦτα
2900 3324 3084 3389 δείσας
3148 3329 3173 3379 6
3235 3328 3369 3400 ἱερὸς
3413 3325 3714 3401 ’Δϐράμιος,
3759 3332 3832 3399 μὴ

2239 3422 2327 3470 καὶ
2370 3417 2523 3479 αὐτὸς
2553 3422 2751 3489 γένοιτο
2792 3414 2968 3481 δῆλος,
3004 3415 3114 3469 εἶτα
3153 3420 3317 3489 φυγὰς
3342 3419 3550 3488 οἴχοιτο
3580 3418 3611 3475 ἠ
3650 3417 3838 3487 ἀνεψιὰ

2238 3509 2338 3560 ὑπὸ
2387 3516 2477 3568 τῆς
2529 3505 2721 3568 πολλῆς
2766 3508 2961 3566 ἐκείνης
3011 3502 3299 3578 δακνομένη
3353 3504 3691 3578 μεταμελείας
3744 3511 3834 3558 καὶ

2235 3601 2423 3669 μηκέτι
2474 3601 2703 3669 φέρουσα
2742 3594 2946 3667 βλέπειν
2984 3595 3156 3660 αὑτὸν,
3214 3595 3272 3646 οὗ
3322 3597 3417 3656 τάς
3468 3593 3667 3655 ἐντολὰς
3720 3590 3836 3647 οῖδε

2236 3694 2461 3761 φανερῶς
2508 3684 2814 3743 ἀθετήσασα
2865 3689 2953 3737 καὶ
2986 3684 3149 3745 οὕτως
3198 3683 3251 3736 ἐκ
3299 3687 3470 3756 μέσων
3514 3683 3671 3736 αὑτὸν
3717 3702 3832 3756 χει-

2232 3785 2335 3849 ρῶν
2382 3778 2440 3827 τό
2487 3776 2698 3850 θήραμα
2745 3770 2997 3846 διαφύγοι
3067 3778 3187 3846 πρὶν
3257 3773 3368 3825 ὅλον
3446 3777 3697 3825 καταπίοι
3772 3776 3832 3824 τό

2235 3862 2435 3938 δελεαρ,
2485 3870 2575 3917 καὶ
2621 3884 2794 3916 πασαν
2827 3860 2920 3916 διὰ
2950 3870 3100 3915 τοῦτο
3146 3862 3451 3935 βουλόμενος
3490 3860 3678 3914 ἀνελεῖν
3708 3862 3835 3913 ὑπο·

2184 3942 2199 3959 .
2232 3954 2377 4026 ψίαν,
2422 3954 2494 4016 εἰς
2549 3950 2928 4025 αὐθαδέστερον
2986 3952 3209 4025 ἐραστοῦ
3261 3956 3448 4025 τρόπον
3505 3949 3827 4024 μεταϐαλών·

2232 4044 2443 4109 Ἐασον,
2516 4043 2700 4114 ἔλεγεν,
2774 4041 2995 4114 ἐπίσχες
3052 4044 3113 4093 τὰ
3171 4042 3457 4115 σκυθρωπὰ
3512 4043 3664 4092 ταυτὶ
3737 4040 3832 4114 ῥή-

2230 4154 2391 4207 ματα,
2464 4136 2637 4204 γύναι-
2679 4132 2737 4185 ού
2794 4134 2894 4207 γὰρ
2950 4130 3030 4183 ἐπὶ
3076 4133 3241 4202 τούτῳ
3299 4129 3638 4202 συνήλθομεν,
3694 4130 3831 4181 ὥστε

2234 4244 2290 4278 σε
2352 4230 2572 4298 τήμερον
2647 4221 3042 4294 ἀναμνησθῆναι
3103 4229 3201 4273 τῶν
3253 4223 3647 4293 πεπραγμένων.
3724 4223 3828 4271 Καὶ

2231 4317 2354 4388 πρὸς
2429 4316 2515 4366 τόν
2589 4308 2864 4383 πανδοχέα
2934 4310 3111 4363 λοιπόν
3186 4308 3523 4381 ἐπιστρέψας·
3604 4307 3827 4381 ⁹ΙΞταῖρε,

467 4398 714 4471 parasti,
749 4402 811 4453 ut
841 4397 1021 4453 ambo
1047 4399 1411 4457 collaetemur
1432 4419 1445 4469 ;
1473 4419 1503 4459 e
1556 4404 1889 4476 longinquo
1934 4403 2117 4469 enim,

2249 4409 2385 4457 πότον
2432 4405 2544 4455 τινὰ
2584 4407 2671 4455 καὶ
2721 4402 2872 4463 αὖθις
2922 4402 3046 4473 ἡμῖν
3079 4403 3460 4471 συγκρότησον,
3519 4399 3635 4470 ἔφη,
3688 4398 3832 4457 ὅπως

468 4494 529 4545 ut
557 4489 743 4557 vides,
774 4488 1003 4543 accessi
1034 4494 1270 4561 pr0pter
1296 4491 1712 4564 ipsam.Lauto
1736 4494 1937 4566 itaque
1960 4492 2117 4548 exhi-

463 4578 587 4634 bito
614 4576 906 4645 convivio,
938 4576 1038 4648 qui
1068 4583 1221 4635 totos
1249 4581 1691 4655 quinquaginta
1711 4598 1904 4639 annos
1931 4599 2003 4638 ne
2020 4599 2114 4638 su-

464 4668 747 4725 stinuerat
774 4665 1021 4738 quidem
1043 4669 1309 4740 aspicere
1330 4671 1662 4737 mulierem,
1689 4678 1746 4728 et
1767 4688 1875 4729 nec
1896 4689 2113 4745 panem

462 4757 728 4830 quidem,
763 4771 872 4810 nec
903 4770 1287 4830 aquam,quaa
1314 4766 1450 4817 sunt
1474 4762 1733 4818 maxime
1755 4762 2111 4827 necessaria,

414 4912 423 4913 ί
461 4852 794 4919 sumpserat
824 4850 900 4904 ad
930 4849 1282 4915 satietatem,
1315 4850 1523 4906 vinum
1553 4850 1722 4917 bibit,
1750 4856 1806 4906 et
1860 4852 2116 4907 vescitur

461 4937 760 5009 carnibus,
796 4946 849 4995 et
876 4941 1224 4997 convivatur
1244 4956 1381 4995 cum
1414 4941 1738 4997 meretrice.
1775 4944 1922 4997 Nam
1972 4941 2115 4997 bea-

457 5033 584 5083 tum
612 5045 853 5102 quoque
881 5030 1102 5085 sciebat
1131 5028 1405 5098 Paulum,
1431 5030 1507 5084 ad
1538 5046 1719 5102 quem
1747 5032 1873 5103 ipse
1922 5030 2111 5085 intue-

456 5116 652 5185 batur,
688 5124 743 5174 et
772 5119 942 5191 cujus
984 5118 1275 5175 viscerum
1306 5124 1361 5174 et
1391 5118 1497 5175 zeli
1536 5119 1931 5175 contendebat
1982 5135 2113 5175 esse

457 5206 735 5274 imitator,
766 5225 828 5264 se
868 5208 1191 5281 aliquando
1222 5208 1587 5279 purificasse,
1632 5213 1688 5265 et
1717 5215 1896 5281 caput
1932 5210 2112 5265 etiam

456 5297 693 5363 rasisse,
733 5298 1105 5354 Timotheum
1137 5298 1315 5354 etiam
1347 5299 1807 5363 circumcidisse,
1845 5304 1900 5355 et
1929 5299 2011 5355 ita
2040 5314 2114 5355 ne

455 5386 768 5442 Judaismo
804 5388 1045 5459 quidem
1084 5387 1442 5460 pepercisse,
1472 5392 1536 5443 ut
1575 5386 1844 5444 infideles
1878 5388 2114 5445 animas

455 5475 772 5532 attraheret
797 5478 873 5532 ad
902 5478 1199 5550 pietatem.

523 5564 694 5621 XXV.
742 5567 888 5623 Cum
910 5568 993 5623 sic
1012 5582 1153 5638 ergo
1180 5570 1375 5623 essent
1408 5566 1728 5631 convivati,
1773 5582 1834 5622 se
1859 5566 2115 5627 invicem

2230 4492 2509 4568 ἀμφότεροι
2588 4492 2984 4562 συνησθείημεν·
3040 4488 3300 4563 πόρρωθεν
3365 4490 3491 4559 γὰρ,
3561 4489 3630 4548 ὡς
3681 4486 3828 4560 ὁρᾷς,

2226 4587 2442 4658 πάρειμι
2496 4578 2571 4634 δι’
2624 4582 2805 4639 αὐτήνο
2857 4586 2946 4631 τοῦ
2998 4583 3158 4631 πότου
3211 4584 3489 4650 τοιγαροῦν
3536 4573 3830 4635 πολυτελῶς

2788 4670 2911 4744 παρ’
2986 4668 3132 4729 ὅλους
3198 4670 3517 4724 πεντήκοντα
3602 4668 3829 4737 χρόνους

2780 4757 3137 4828 ἀνασχόμενος
3207 4754 3348 4825 ὄψιν,
3451 4750 3589 4826 μηδὶ
3662 4754 3827 4826 ἄρτου

2940 4853 3037 4897 τῶν
3132 4842 3554 4915 ἀναγκαιοτάτων
3658 4860 3827 4912 μετα-

2225 4673 2560 4737 τελεσθέντος,
2670 4672 2695 4722 ό

2224 4758 2362 4835 μηδὲ
2440 4762 2686 4831 γυναικὸς

2224 4854 2345 4904 ποτε
2424 4846 2560 4922 μηδὲ
2643 4844 2837 4909 ὕδατος

2227 4945 2372 5013 σχὼν
2403 4938 2536 5014 ἄχρι
2582 4942 2757 5011 κόρου,
2809 4938 2946 4988 οἴνου
2991 4938 3079 4986 καὶ
3127 4941 3285 5007 κρεῶν
3325 4937 3555 4983 κοινωνεῖ
3602 4935 3690 4981 καὶ
3734 4951 3829 5001 γυ·-

2222 5034 2362 5082 ναικὶ
2412 5034 2572 5101 πόρνη
2614 5031 2967 5089 συνεστιᾶται,
3010 5022 3117 5075 ἐπεὶ
3164 5026 3248 5074 καὶ
3302 5020 3645 5093 ἃγνισάμενον
3703 5016 3827 5091 ᾔδει

2222 5122 2345 5173 ποτε
2373 5123 2463 5170 καὶ
2489 5122 2573 5170 τόν
2604 5117 2859 5189 μακάριον
2892 5113 3112 5177 Παῦλον,
3146 5110 3272 5163 ἀλλά
3310 5115 3399 5162 καὶ
3432 5109 3568 5184 ξυρῷ
3602 5112 3725 5181 πρὸς
3756 5115 3820 5165 τῆ

2222 5208 2413 5282 κεφαλῇ
2443 5208 2799 5281 χρησάμενον,
2829 5207 2951 5279 πρὸς
2995 5205 3047 5255 ὃν
3088 5198 3236 5263 οὗτος
3281 5199 3415 5274 ἐωρα
3445 5205 3533 5251 καὶ
3565 5198 3623 5250 οὗ
3655 5216 3822 5269 μιμη-

2222 5303 2315 5361 τὴς
2339 5306 2437 5350 τῶν
2467 5296 2781 5367 σπλάγχνων
2802 5299 2891 5346 καὶ
2916 5300 3006 5346 τοῦ
3036 5291 3193 5355 ζήλου
3224 5292 3536 5351 καθίστατο,
3560 5291 3649 5339 καὶ
3679 5305 3823 5357 περι·-

2224 5392 2441 5460 τεμόντα
2490 5386 2736 5457 Τιμόθεον
2789 5388 2876 5437 καὶ
2936 5384 3094 5443 οὕτως
3136 5376 3482 5451 Ἰουδαῖσμοῦ
3522 5382 3593 5450 μή
3644 5378 3825 5448 φεισά-

2225 5498 2391 5552 μενον,
2427 5479 2509 5529 ἱνα
2532 5474 2714 5548 ψυχὰς
2742 5473 2994 5535 ἀπίστους
3026 5472 3214 5543 ἐλκύσῃ
3258 5472 3381 5539 πρὸς
3410 5464 3717 5521 θεοσέϐειαν.

2276 5566 2397 5621 κε’.
2468 5566 2622 5619 Οὕτω
2688 5569 2961 5637 τοιγαροῦν
3039 5560 3479 5625 σννεστιαθέντες,
3542 5554 3820 5627 λαϐόμενοι
