4062 6222
173 294 236 348 73
1551 297 1718 353 VITA
1759 297 1817 351 S.
1870 298 2182 355 ABRAMII
3478 313 3547 366 74

175 428 259 479 τῆς
305 420 490 493 χειρός
528 418 753 478 ἀλλήλων
802 420 874 482 εἰς
920 424 1010 473 τὸν
1056 417 1311 474 ἐνδοτάτω
1350 422 1583 475 οἰκίσκον
1616 424 1771 496 εἰσέρ-

1886 440 2073 482 manu
2091 427 2464 498 accipientes,
2485 428 2546 484 in
2562 427 2836 485 intimam
2858 429 3270 501 ingrediuntur
3284 435 3544 492 domun-

172 527 353 578 χονται
383 528 396 541 -
433 508 643 565 ἑστήκει
687 506 746 560 δέ
792 528 868 569 τις
916 508 964 561 ἐν
1010 514 1177 581 τούτῳ
1220 511 1391 575 κλίνη,
1442 512 1689 583 μαλακῶς
1719 509 1773 564 εὖ

172 596 303 666 μάλα
357 600 447 647 τὸν
500 598 874 650 κατακλιθέντα
925 595 1184 671 δυναμένη
1245 596 1606 654 διαναπαῦσαι
1654 619 1665 630 ⁸
1696 602 1771 674 ἐφ’

174 686 225 745 ξς
249 688 568 747 καθίσαντος
606 686 773 760 ἁϐρῶς
816 688 1133 763 Ἀϐραμίου,
1165 698 1257 743 τοῦ
1305 700 1547 764 στρωμνῇ
1590 691 1669 743 ἀεὶ
1708 700 1768 763 τῇ

172 784 233 848 γῇ
283 782 619 851 κεχρημένου
681 796 692 807 ’
752 776 982 845 Ἐπίδος,
1037 782 1065 837 ἡ
1127 784 1255 854 κόρη
1315 786 1465 853 φησὶ,
1526 781 1771 833 ὑπολύσω

174 886 258 918 σου
306 870 373 917 τά
431 864 771 939 ὑποδήματα.
816 867 875 920 Ὁ
927 865 986 921 δε
1028 873 1122 928 τὴν
1164 872 1322 942 θύραν
1355 870 1576 942 μοχλοῖς
1605 872 1772 943 ἀσφα-

170 956 418 1008 λίσασθαι
466 961 710 1030 πρότερον
750 956 1030 1021 ἐπιτάττει,
1074 957 1312 1019 κάκείνης
1352 963 1418 1011 τὰ
1452 956 1773 1031 ὑποδήματα

167 1045 349 1116 μᾶλλον
405 1045 668 1097 ὑπολῦσαι
735 1043 1084 1121 σφοδρότερον
1150 1047 1469 1120 ἐγκειμένης,
1527 1050 1551 1099 6
1606 1050 1771 1120 μακά-

164 1154 269 1205 ριος
317 1134 415 1186 οὐκ
468 1135 724 1205 ἠνείχετο.
788 1138 1071 1188 Πεισθείσα
1119 1142 1290 1189 τοίνυν
1342 1136 1503 1195 ἐκείνη
1553 1143 1641 1190 καὶ
1678 1142 1769 1195 τὴν

166 1227 320 1298 θύραν
397 1222 639 1295 ἀσφαλῶς
712 1223 1134 1296 ἐπικλεισαμένη,
1191 1226 1555 1300 περιπλέκεται
1608 1246 1770 1295 προσ-

163 1322 297 1383 φυῶς
351 1333 425 1384 τῳ
480 1313 633 1385 ἁγίῳ.
686 1313 826 1366 Ἐπεὶ
870 1311 929 1366 δὲ
982 1312 1113 1366 εἶδεν
1160 1314 1209 1366 ἐν
1255 1314 1465 1387 ἀφύκτῳ
1511 1316 1768 1387 ἐχομένην

161 1402 449 1474 ’Δερείμιος
494 1408 587 1454 καὶ
632 1402 797 1464 οὕτως
841 1401 983 1464 ἐντὸς
1033 1403 1237 1477 ἀρκύων
1278 1408 1334 1456 τό
1378 1407 1610 1478 θήραμα,
1654 1409 1769 1456 τότε

161 1489 223 1550 δὴ
268 1497 327 1543 τὸ
376 1499 475 1543 τοῦ
531 1493 757 1565 ἐραστοῦ
808 1501 1132 1566 προσωπεῖον
1169 1492 1439 1545 ἀποϐαλὼν
1479 1498 1566 1545 καὶ
1599 1500 1768 1545 πᾶσαν

158 1580 347 1639 ἐκείνην
403 1585 502 1637 τὴν
550 1584 746 1637 σκηνὴν
798 1585 888 1632 καὶ
940 1584 1033 1639 τὴν
1086 1582 1367 1656 ὑπόκρισιν
1430 1581 1614 1656 ῥίψας,
1682 1585 1768 1633 τὸν

160 1667 298 1721 ἔνδον
354 1668 493 1741 αὐτῇ
553 1666 903 1721 ἀνακαλύπτει
946 1669 1250 1743 Ἀϐροίμιον,
1305 1675 1395 1723 καὶ
1437 1675 1522 1723 τὸν
1572 1670 1654 1722 ἐπὶ
1706 1678 1764 1743 τῇ

1883 514 2105 571 culam.
2138 520 2199 571 In
2224 533 2297 573 ea
2322 523 2522 573 autem
2552 518 3021 590 stabatquidam
3052 519 3258 587 lectus,
3290 525 3543 582 molliter

1884 608 2101 659 stratus
2130 605 2207 660 ad
2247 606 2508 678 quietem
2544 627 2558 663 :
2592 608 2651 662 in
2680 624 2803 680 quo
2834 624 2972 664 cum
3010 609 3265 666 molliter
3292 613 3545 671 sedisset

1881 693 2199 749 Abramius
2228 695 2330 767 qui
2372 712 2609 768 semper
2650 702 2804 753 terra
2835 714 2979 753 usus
3013 704 3144 754 erat
3173 714 3282 770 pro
3316 706 3538 759 strato:

1884 782 2037 852 Sine,
2073 783 2265 856 inquit
2298 785 2515 856 puella,
2548 792 2610 842 ut
2640 786 2745 843 tibi
2771 787 3003 843 solvam
3029 788 3282 845 calceos.
3313 790 3410 845 Ille
3442 806 3545 847 au-

1881 876 2001 927 tem
2025 873 2198 943 jubet
2222 874 2387 944 prius
2420 881 2641 931 vectem
2674 876 2819 931 obdi
2851 876 3103 932 foribus.
3138 881 3409 952 Cumque
3442 879 3544 937 illa

1880 960 2125 1016 instaret
2138 963 2566 1029 vehementius,
2594 969 2655 1019 ut
2678 965 2837 1037 prius
2854 966 3110 1021 solveret
3128 967 3386 1033 calceos,
3405 968 3545 1025 bea-

1880 1054 1976 1105 tus
1990 1049 2311 1106 Abramius
2336 1069 2456 1107 non
2471 1053 2764 1109 sustinuit.
2788 1054 3052 1110 Tandem
3070 1071 3211 1125 ergo
3231 1072 3540 1128 persuasa,

1880 1156 2018 1195 cum
2040 1140 2258 1195 ostium
2286 1145 2410 1196 tuto
2448 1142 2786 1209 clausisset,
2830 1144 2909 1199 ad
2948 1151 3225 1201 sanctum
3267 1148 3538 1203 accessit.

1879 1230 2202 1300 Postquam
2236 1245 2377 1285 vero
2403 1246 2537 1286 eam
2564 1247 2669 1303 per
2698 1247 2945 1288 manum
2967 1235 3125 1306 cepit
3145 1234 3464 1290 Abramius
3487 1238 3543 1293 et

1880 1318 2165 1374 viditeam
2180 1334 2299 1375 non
2317 1336 2489 1391 posse
2509 1320 2763 1391 amplius
2775 1320 3054 1391 effugere,
3074 1324 3265 1394 etjam
3281 1326 3540 1395 praedam

1878 1422 2009 1462 esse
2035 1407 2261 1463 retibus
2283 1408 2591 1477 irretitam,
2618 1417 2755 1465 tunc
2783 1413 3068 1467 amatoris
3100 1428 3418 1484 personam
3442 1413 3540 1470 de-

1878 1510 2129 1567 ponens,
2162 1501 2217 1551 et
2252 1495 2539 1567 abjiciens
2570 1514 2815 1553 omnem
2845 1515 3088 1556 scenam
3119 1507 3174 1556 et
3205 1501 3539 1559 simulatio-

1879 1597 2039 1652 nem,
2068 1585 2170 1656 qui
2212 1584 2564 1642 intrinsecus
2603 1586 2848 1655 latebat,
2900 1590 3090 1661 aperit
3127 1590 3481 1648 Abramium
3524 1608 3538 1648 :

1879 1678 1935 1728 et
1959 1673 2159 1729 ablato
2181 1673 2354 1745 pileo,
2385 1691 2564 1747 quem
2594 1676 2860 1734 habebat
2880 1678 2941 1733 in
2962 1678 3175 1750 capite,
3201 1684 3259 1735 et
3284 1680 3543 1749 graviter

158 1759 343 1831 κεφαλῇ
401 1768 504 1819 τῆς
546 1758 763 1829 ἀνεψιᾶς
817 1763 1012 1832 κόσμον
1077 1759 1317 1833 περιελὼν
1382 1764 1470 1812 καί
1523 1780 1574 1812 τι
1629 1758 1768 1833 βαρύ

1882 1762 2189 1833 suspirans
2221 1779 2235 1817 :
2270 1766 2380 1820 Cor
2411 1780 2631 1830 meum,
2662 1765 2875 1839 inquit,
2923 1768 3123 1834 Maria,
3160 1770 3352 1824 nescis
3382 1771 3544 1842 quis-

164 1853 253 1899 καὶ
294 1850 578 1919 περιπαθὲς
640 1846 928 1919 ἀνοιμώξας
978 1868 990 1881 ο
1030 1849 1335 1920 Σπλάγχνον
1392 1869 1513 1921 μου,
1568 1854 1767 1922 Μαρία,

175 1941 322 2009 φησὶ,
372 1936 465 1987 οὐκ
508 1932 668 1997 οἶδας
720 1938 866 1997 ὅστις
924 1936 1020 2009 ἐγώ
1076 1955 1089 2004 ;
1137 1938 1231 1990 ούκ
1288 1936 1626 2009 ἕπιγνώσκεις
1685 1942 1771 1990 τόν

182 2034 389 2097 συγγαὲ
420 2044 436 2093 ;
466 2031 527 2080 Ti
596 2046 684 2079 σοι
725 2028 847 2099 ἄρα,
889 2027 1041 2099 ψυχὴ
1087 2026 1207 2100 ἐμὴ,
1254 2032 1312 2080 τὸ
1355 2027 1558 2100 συμϐάν
1594 2046 1716 2095 ςτις
1746 2028 1771 2078 6

170 2121 286 2188 ἶσος
332 2115 596 2167 ἀπώλειαν
647 2116 918 2188 ύποσύρας
972 2134 1069 2183 σε;
1107 2125 1207 2169 ποῦ
1256 2124 1344 2168 νῦν
1392 2121 1450 2170 τὸ
1502 2116 1771 2189 ἀγγελικὸν

158 2204 307 2257 ἐκεῖνο
367 2213 572 2277 σχῆμα
622 2213 719 2265 τῆς
791 2207 1094 2278 παρθενίας,
1146 2214 1248 2259 ποῦ
1306 2208 1330 2258 6
1384 2205 1771 2278 ἐσταυρωμένος

157 2293 271 2367 βίος
323 2304 429 2347 ποῦ
490 2299 546 2347 τό
604 2302 695 2356 τῆς
765 2295 1083 2358 κατανύξεως
1143 2293 1371 2369 δάκρυον
1430 2315 1446 2367 ;

155 2388 403 2437 τοσούτου
464 2393 567 2436 τῶν
640 2384 830 2457 ἀρετῶν
906 2384 1071 2457 ὕψους
1143 2386 1215 2448 εἰς
1275 2390 1502 2457 ἔσχατον
1568 2384 1771 2447 ἀπάτης

1506 2305 1614 2358 πῶς
1670 2295 1770 2348 ἀπὸ

162 2473 431 2548 βάραθρον
479 2476 811 2545 κατηνέχθης
858 2490 872 2539 ;
907 2470 1053 2526 διατι
1090 2478 1161 2546 μή
1202 2494 1294 2546 μοι
1345 2480 1437 2534 τὴν
1481 2474 1770 2547 ἀκήρυκτον

155 2564 346 2621 ἐκείνην
401 2570 499 2615 τοῦ
556 2562 753 2635 ἐχθροῦ
816 2565 1001 2635 μάχην
1050 2562 1335 2639 ἐγνώρισας
1365 2583 1381 2635 ;
1417 2569 1563 2616 Διατί
1610 2569 1680 2635 μὴ
1713 2567 1771 2616 τό

157 2654 388 2725 χαλεπὸν
445 2652 610 2705 ἐκεῖνο
675 2662 865 2725 πτῶμα
916 2657 1059 2726 παρὰ
1127 2651 1300 2715 πόδας
1354 2654 1501 2714 εὐθὺς
1557 2653 1773 2725 ἐθριάμ-

156 2744 347 2805 εευσας
410 2760 426 2809 ;
496 2744 701 2804 πάντως
747 2742 808 2795 ἆν
860 2742 959 2815 ἐγώ
1020 2762 1103 2795 σοι
1150 2749 1241 2796 καὶ
1289 2744 1314 2794 ό
1374 2743 1512 2815 φίλος
1552 2744 1773 2816 Ἐφραὶμ

158 2832 393 2907 δάκρυσι
449 2838 541 2884 καὶ
591 2828 811 2890 ὅεήσέσι
858 2835 924 2885 τά
971 2836 1100 2905 πρὸς
1142 2836 1230 2885 τόν
1272 2836 1401 2886 Θεὸν
1434 2829 1776 2904 διεπρεσϐεύ-

159 2925 367 2994 σάμεθα
420 2938 434 2951 ’
489 2923 622 2973 ἱνάτι
674 2929 923 2974 τοσοῦτον
969 2921 1261 2996 ἔμάκρυνας
1301 2921 1387 2991 ἀφ’
1433 2924 1577 2993 ἡμῶν
1632 2940 1644 2989 ;
1687 2926 1775 2973 καὶ

161 3015 292 3064 ἱνατί
334 3011 629 3068 ἑπελήσθην
676 3010 778 3063 ἀπὸ
826 3019 942 3076 σοῦ,
1000 3013 1068 3073 ὡς
1117 3010 1218 3064 ἀπὸ
1274 3007 1501 3083 καρδίας
1548 3015 1771 3084 νεκρόςς

1877 1867 2019 1906 nam
2051 1867 2162 1921 ego
2194 1852 2306 1907 sim
2338 1853 2365 1907 ?
2394 1855 2521 1908 Non
2549 1857 2828 1924 agnoscis
2855 1862 3178 1925 cognatum
3208 1858 3237 1913 ?
3269 1857 3423 1923 Quid
3452 1862 3541 1913 est

1877 1940 2083 1995 anima
2110 1955 2263 2006 mea,
2296 1941 2461 2012 quod
2489 1942 2591 1998 tibi
2618 1944 2878 1999 accidit?
2903 1945 3044 2010 Quis
3070 1950 3174 2011 est,
3200 1948 3301 2018 qui
3335 1950 3390 2002 te
3416 1950 3538 2003 tra-

1877 2028 1960 2084 xit
1990 2030 2066 2085 ad
2097 2029 2397 2085 interitum
2422 2031 2452 2083 ‘?
2485 2032 2590 2087 Ubi
2619 2048 2775 2088 nunc
2797 2038 2888 2088 est
2921 2033 3014 2089 ille
3040 2034 3344 2106 angelicus
3370 2034 3535 2091 habi.

1878 2122 1971 2174 tus
2001 2118 2352 2190 virginitatis
2386 2120 2414 2175 ?
2444 2120 2549 2176 Ubi
2577 2128 2663 2177 est
2692 2121 2809 2177 vita
2839 2124 3000 2177 cruci
3030 2122 3216 2179 afﬁxa
3239 2124 3266 2179 ?
3300 2124 3406 2181 Ubi
3448 2128 3540 2180 est

1878 2207 2149 2279 lacryma
2167 2210 2644 2281 compunctionis
2667 2211 2694 2264 ?
2709 2212 3023 2276 Quomodo
3041 2215 3345 2268 tantarum
3358 2214 3539 2269 virtu-

1878 2300 2008 2352 tum
2040 2297 2348 2353 altitudine
2374 2298 2735 2354 descendisti
2766 2302 2843 2355 ad
2876 2301 3152 2356 ultimum
3184 2301 3537 2359 barathrum

1879 2385 2244 2458 deceptionis
2269 2386 2296 2441 ?
2322 2388 2434 2443 Cur
2463 2388 2608 2443 mihi
2640 2404 2762 2445 non
2790 2390 2987 2445 statim
3010 2390 3355 2458 signiﬁcasti
3384 2397 3539 2448 atro-

1880 2492 2009 2532 cem
2039 2476 2203 2532 illam
2232 2492 2495 2549 pugnam
2528 2478 2748 2533 inimici
2780 2478 2807 2532 ?
2833 2478 2946 2533 Cur
2977 2495 3095 2534 non
3127 2480 3201 2535 de
3239 2481 3405 2550 gravi
3436 2481 3536 2538 illo

1878 2565 2051 2636 lapsu
2080 2581 2112 2620 e
2146 2565 2390 2636 vestigio
2420 2567 2799 2638 triumphasti
2826 2566 2854 2621 ?
2880 2569 3135 2624 Omnino
3168 2584 3279 2638 ego
3310 2574 3366 2625 et
3397 2570 3535 2626 cha-

1879 2655 2152 2710 rissimus
2182 2654 2454 2727 Ephraem
2486 2655 2769 2729 lacrymis
2792 2660 2848 2711 et
2868 2657 3146 2727 precibus
3174 2674 3280 2728 pro
3305 2663 3357 2713 te
3380 2660 3533 2731 apud

1883 2746 2065 2799 Deum
2097 2743 2660 2800 intercessissemus.
2693 2748 2803 2800 Cur
2833 2749 2889 2799 te
2913 2751 3146 2802 tantum
3177 2746 3471 2817 elongasti
3497 2765 3534 2804 a

1880 2832 2074 2896 nobis,
2108 2836 2165 2887 et
2202 2848 2308 2888 cur
2346 2848 2381 2887 a
2413 2838 2467 2888 te
2506 2832 2795 2889 oblivioni
2825 2834 3003 2889 datus
3043 2851 3197 2900 sum,
3240 2840 3534 2908 tanquam

1884 2927 2154 2977 mortuus
2192 2938 2228 2978 a
2267 2922 2445 2978 corde
2485 2922 2513 2977 εἴ
2552 2924 2663 2978 Cur
2694 2928 2746 2978 te
2786 2923 2939 2979 adeo
2979 2924 3132 2995 cepit
3169 2924 3529 2996 desperatio,

1881 3027 2013 3083 qum
2033 3015 2122 3066 est
2152 3011 2395 3080 maligni
2416 3011 2634 3067 hamus
2656 3012 3024 3077 inevitabilis,
3056 3019 3242 3069 utnec
3265 3014 3372 3070 tibi
3396 3014 3535 3087 qui-

157 3108 218 3155 Τί
266 3109 529 3153 τοσοῦτον
580 3100 735 3160 ἑάλως
772 3108 834 3172 τῇ
893 3099 1209 3172 ἀπογνώσει,
1260 3104 1372 3161 ἣτις
1428 3099 1541 3153 ἐστὶ
1579 3103 1635 3151 τὸ
1684 3107 1771 3152 τοῦ

1884 3101 2021 3156 dem
2053 3101 2387 3172 peperceris
2416 3100 2722 3173 deinceps,
2756 3102 2861 3157 sed
2900 3102 3297 3159 inverecunde
3328 3102 3536 3160 feceris

165 3198 393 3261 πονηρού
484 3190 711 3261 ἄφυκτον
777 3192 1084 3263 ἄγκιστρον,
1168 3192 1234 3250 ὡς
1301 3186 1441 3263 μηδὲ
1503 3187 1774 3262 φείδεσθαι

164 3278 339 3331 λοιπὸν
374 3279 581 3341 ἑαυτῆς,
627 3278 755 3331 ἀλλά
806 3283 871 3331 τὰ
910 3288 1005 3331 τῶν
1036 3280 1336 3350 αἰσχίστων
1369 3275 1556 3338 ἀνεδην
1582 3279 1774 3353 τολμᾷν

164 3376 247 3419 καὶ
267 3376 389 3429 ταῖς
419 3372 566 3440 παρά
591 3376 682 3421 τοῦ
710 3367 907 3443 ἐχθροῦ
938 3368 1165 3440 πληγαῖς
1196 3372 1289 3430 τάς
1310 3368 1432 3438 παρ’
1457 3369 1617 3430 αὐτῆς
1647 3390 1775 3444 προ-

169 3460 421 3525 στιθέναι,
452 3454 569 3509 δέον
604 3456 949 3515 διαναστῆναι
978 3458 1165 3529 μᾶλλον
1201 3463 1291 3510 καὶ
1334 3457 1518 3516 πολλὴν
1563 3457 1644 3511 ἐπὶ
1670 3466 1774 3518 τοῖς

166 3548 475 3618 τολμηθείσι
514 3552 611 3605 τὴν
661 3547 997 3619 μεταμέλειαν
1037 3544 1405 3610 ἐπιδείξασθαι
1435 3565 1448 3615 ;
1478 3547 1587 3599 Ούκ
1628 3544 1774 3608 οἶδας

165 3641 227 3687 τὰ
278 3645 376 3689 τοῦ
427 3645 564 3690 Θεοῦ
621 3636 905 3708 σπλάγχνα
954 3642 1068 3711 περὶ
1128 3639 1262 3708 ἡμᾶς
1328 3642 1415 3689 καὶ
1470 3638 1607 3697 ὅπως
1660 3634 1771 3688 ἐστὶ

166 3730 363 3801 μητρὸς
405 3722 909 3801 κηδεμονικώτερος,
958 3726 1116 3787 οὕτως
1158 3729 1289 3797 ἡμᾶς
1323 3727 1563 3797 συνάγειν
1594 3724 1773 3778 ἐθελων

167 3822 275 3876 [καὶ
338 3824 514 3867 ταῦτα
554 3818 1027 3888 καταφρονούμενος
1088 3816 1334 3875 πολλάκις
1390 3819 1479 3866 καὶ
1535 3819 1769 3886 παρορώ-

164 3924 308 3975 μενος
366 3906 450 3977 ὑφ’
502 3904 669 3976 ἡμῶν)
711 3906 943 3978 καθάπερ
990 3907 1054 3956 τα
1105 3910 1295 3957 νοσσία
1349 3907 1486 3976 ὄρνις
1546 3905 1643 3955 ὑπὸ
1684 3906 1773 3964 τὰς

167 3998 425 4067 πτέρυγας
468 4011 483 4059 ;
514 3997 608 4045 Διά
637 4000 800 4045 ταῦτα
830 4000 952 4064 γοῦν
982 3992 1117 4063 ἅψαι
1161 3994 1445 4065 παρακαλῶ
1477 4000 1573 4054 τῆς
1600 3991 1681 4044 ἐπὶ
1708 3994 1773 4044 τά

162 4088 383 4157 κρείττω
415 4084 691 4155 φερούσης,
723 4088 811 4133 καὶ
844 4086 974 4154 πρὸς
1005 4090 1094 4142 τῆς
1124 4080 1252 4152 ἐμῆς
1297 4081 1498 4145 πολιᾶς,
1531 4087 1612 4133 ναὶ
1644 4085 1773 4154 πρὸς

163 4183 259 4225 τῶν
292 4172 381 4225 ἐπὶ
406 4177 492 4224 σοὶ
515 4176 678 4224 πόνων
707 4176 796 4223 καὶ
818 4180 916 4223 τῶν
945 4170 1216 4247 ἀφορήτων
1248 4180 1342 4233 τῆς
1363 4171 1548 4243 ψυχῆς
1573 4168 1771 4223 ὀδυνῶν

164 4262 367 4315 ἐκείνων
395 4268 493 4313 καὶ
522 4269 613 4321 τῆς
632 4260 820 4322 πολλῆς
850 4263 1045 4323 ταύτης
1095 4260 1318 4334 ἀθυμίας
1353 4280 1405 4313 τε
1434 4265 1523 4312 καὶ
1558 4263 1772 4332 συγχύ-

170 4371 314 4415 σεως,
347 4349 492 4421 ἅψαι
525 4357 622 4410 τῆς
644 4354 897 4423 προτέρας
937 4346 1203 4421 διαγωγῆς
1236 4367 1248 4381 '
1290 4355 1378 4402 καὶ
1411 4346 1502 4411 δός
1537 4370 1627 4422 μοι
1656 4370 1773 4422 μικ-

166 4447 247 4513 ρὸν
276 4439 609 4491 ἀναπνεῦσαι
637 4444 725 4491 καὶ
754 4443 825 4513 μὴ
845 4442 974 4512 μετά
1003 4438 1166 4500 λύπης
1191 4438 1263 4500 εἰς
1284 4436 1357 4510 ᾆδ
1359 4458 1417 4491 ου
1440 4442 1495 4491 τὸ
1521 4447 1691 4512 γῆρας
1715 4442 1774 4492 τό

174 4528 291 4601 ἐμὸν
321 4527 710 4601 παραπέμψης.

237 4619 364 4683 ις’.
409 4625 593 4671 Ταῦτα
648 4620 777 4690 πρὸς
848 4622 941 4676 τὴν
996 4616 1208 4689 ἀνεψιὰν
1264 4617 1422 4689 λέγων
1475 4616 1771 4690 Ἅϐραμος,

170 4710 312 4782 παρὰ
361 4710 536 4779 κωφὸν
583 4696 730 4777 ᾷδεῖν
779 4702 952 4759 ἐδόκει
1009 4724 1021 4736 ’
1072 4710 1304 4760 νεύσασα
1353 4708 1452 4780 γὰρ
1498 4709 1638 4759 κάτω
1688 4711 1775 4759 καὶ

172 4801 260 4854 τήν
292 4801 468 4867 φωνην
519 4798 619 4847 ὑπὸ
658 4802 747 4855 τῆς
797 4795 954 4855 πολλῆ
969 4817 989 4858 ς
1029 4795 1224 4858 ἐκείνης
1253 4796 1517 4867 αἰσχύνης
1564 4795 1776 4867 ἐπισχε-

178 4887 342 4950 θεῐσα,
396 4885 608 4941 ἑστήκει
639 4886 816 4955 ὁρῶσα
862 4884 929 4945 εἰς
974 4893 1074 4956 γῆν
1121 4890 1209 4937 καὶ
1260 4884 1423 4937 πολλά
1470 4893 1560 4938 τοῦ
1610 4905 1774 4957 προσ·-

180 4979 314 5026 εὲπου
371 4972 585 5046 ἀφιεῖσα
639 4978 921 5045 χρώματα,
977 4973 1029 5036 ἐξ
1084 4975 1151 5026 ὧν
1192 4977 1221 5033 ἦ
1282 4994 1334 5026 τε
1390 4974 1588 5045 ἀγωνία
1625 4977 1771 5033 καὶὴ

181 5070 382 5136 ταραχή
434 5071 534 5123 τῆς
567 5060 758 5132 ψυχῆς
811 5058 1064 5119 ἐδηλοῦτο
1100 5100 1113 5113 .

186 5154 538 5223 τνγχυθείσαν
592 5150 756 5209 αὐτὴν
814 5150 1189 5219 ἀνακτώμενος,
1245 5154 1378 5222 μετά
1436 5151 1630 5215 πολλῆς
1686 5162 1775 5213 τῆς

185 5248 461 5310 πραότητος
517 5244 607 5292 καὶ
687 5249 778 5301 τῆς
832 5239 1102 5302 ἇπιεικείας
1154 5256 1166 5271 ⁸
1224 5246 1392 5307 Διατί,
1477 5242 1517 5292 ὦ
1580 5245 1770 5305 τέκνον,

190 5325 294 5381 σύεῖι
322 5329 573 5403 ἀποκρίνῃ
627 5349 714 5402 μοι
746 5347 759 5397 ;
793 5332 881 5404 ἔρη
940 5347 952 5360 ³
993 5330 1086 5383 ούκ
1118 5326 1287 5397 οἶδας,
1322 5331 1400 5383 ὅτι
1431 5327 1526 5382 διὰ
1578 5334 1636 5383 σε
1683 5335 1774 5389 τὴν

192 5421 428 5477 τοσαύτην
465 5416 593 5473 ὁδόν
636 5419 944 5492 ἐστιιλάμην
1002 5436 1017 5486 ;
1057 5420 1152 5473 οὐκ
1204 5416 1370 5486 οἶδας,
1414 5421 1496 5472 ὅτι
1545 5416 1640 5472 διὰ
1684 5424 1775 5479 τὴν

1161 5062 1234 5134 ἐφ’
1281 5064 1358 5125 οἷς
1402 5062 1587 5124 ἐκεῖνος
1642 5064 1774 5116 οὕτω

1486 5242 1511 5257 ν

1224 5246 1392 5307 Διατί,
1477 5246 1517 5292 ὦ

200 5510 277 5561 τὶν
316 5517 476 5562 ταῦτα
529 5510 700 5561 πάντα
759 5514 1024 5583 σωτηρίαν
1079 5511 1454 5582 ὑπεκρινάμην,
1510 5513 1568 5563 τὸ
1620 5528 1776 5583 στρα-

203 5603 409 5651 τιωτικόν
444 5606 541 5659 τῆς
593 5597 797 5665 στολῆς,
847 5602 933 5651 τὸν
977 5602 1162 5674 ἔρωτα,
1195 5604 1289 5659 τὴν
1317 5603 1685 5675 ξκριωφαγίαν,
1719 5598 1771 5651 ὃν

454 5699 701 5753 Ριτιιοι..
745 5696 853 5753 Gn.
899 5699 1051 5751 CXV.

1884 3206 1951 3246 ea
1980 3207 2107 3263 quae
2134 3195 2269 3245 sunt
2296 3190 2654 3261 turpissima,
2676 3195 2731 3247 et
2753 3191 2970 3247 inimici
2996 3191 3188 3264 plagis
3210 3197 3343 3249 tuas
3370 3192 3540 3264 adje-

1885 3278 2070 3335 ceris:
2105 3295 2244 3335 cum
2278 3283 2575 3351 oporteret
2606 3280 2803 3350 potius
2844 3296 3177 3350 exsurgere,
3208 3286 3265 3336 et
3294 3286 3538 3354 propter

1885 3384 1955 3424 ea
1967 3385 2092 3439 quae
2105 3368 2173 3423 ad
2184 3367 2451 3433 miseras,
2468 3384 2753 3438 magnam
2769 3369 3073 3425 ostendere
3087 3372 3537 3441 paenitentiam?

1884 3459 2009 3512 Non
2049 3459 2205 3513 nosti
2247 3458 2344 3512 Dei
2387 3457 2447 3513 in
2487 3473 2596 3513 nos
2627 3458 2875 3525 viscera,
2918 3464 2974 3514 et
3012 3460 3535 3531 quemadmodum

1883 3546 2068 3601 nostri
2101 3560 2307 3600 curam
2338 3544 2483 3615 gerit
2506 3546 2699 3615 magis
2730 3563 2916 3619 quam
2962 3552 3174 3613 mater,
3211 3553 3270 3604 ut
3296 3548 3399 3620 qui
3427 3565 3536 3605 nos

1886 3634 2022 3689 velit
2051 3649 2415 3704 congregare
2446 3634 2649 3706 (idque
2682 3652 2819 3691 cum
2867 3651 3025 3707 saepe
3070 3653 3106 3692 a
3136 3638 3309 3692 nobis
3341 3646 3538 3693 conte-

1883 3728 2140 3787 mnatur,
2167 3728 2223 3778 et
2248 3723 2627 3795 despiciatur)
2655 3739 2775 3779 non
2799 3740 2970 3779 secus
2998 3741 3066 3780 ac
3094 3726 3317 3795 gallina
3344 3726 3538 3797 pullos

1883 3828 2022 3867 suos
2062 3812 2173 3866 sub
2204 3811 2311 3866 alis
2337 3811 2364 3866 ?
2399 3813 2715 3883 Propterea
2758 3828 2901 3884 ergo
2939 3828 3085 3882 rogo
3119 3819 3193 3877 te,
3227 3814 3308 3869 ini
3349 3814 3533 3879 viam,

1882 3917 2017 3973 quae
2048 3900 2209 3956 ducit
2247 3901 2325 3956 ad
2362 3899 2628 3956 meliora.
2674 3903 2856 3971 Rogo,
2893 3902 3166 3975 inquam,
3215 3919 3322 3974 per
3366 3919 3535 3959 meos

1882 4005 2087 4054 canos,
2121 4006 2226 4061 per
2263 3989 2500 4045 labores
2536 3994 2777 4060 propter
2826 3996 2877 4047 te
2925 3996 3258 4064 susceptos,
3306 3996 3362 4048 et
3405 3991 3537 4048 illas

1882 4077 2280 4134 intolerabiles
2307 4077 2489 4133 animi
2507 4078 2910 4149 aegritudines,
2941 4079 3168 4135 ethunc
3194 4096 3533 4149 maerorem,

1884 4174 1938 4224 et
1968 4168 2401 4234 confusionem,
2422 4168 2546 4224 redi
2574 4169 2651 4224 ad
2674 4170 2930 4240 priorem
2954 4168 3192 4226 vivendi
3217 4171 3532 4229 rationem.

1885 4258 2153 4314 Concede
2184 4258 2350 4325 mihi,
2384 4262 2446 4313 ut
2492 4258 2801 4329 paululum
2852 4260 3161 4330 respirem,
3214 4264 3366 4316 etne
3397 4277 3537 4317 cum

1884 4346 2088 4404 dolore
2128 4363 2327 4404 meam
2359 4352 2722 4404 senectutem
2770 4348 3139 4405 transmittas
3185 4348 3263 4405 ad
3305 4349 3529 4408 inferos

1954 4612 2126 4668 XXVI.
2158 4613 2287 4665 Haec
2325 4609 2462 4666 ﬁliae
2504 4609 2699 4665 fratris
2740 4611 2945 4667 dicens
2985 4611 3323 4681 Abramius,
3374 4615 3538 4673 vide-

1883 4703 2061 4758 batur
2087 4700 2270 4755 surdo
2291 4716 2524 4755 canere.
2558 4703 2846 4756 Deorsum
2868 4701 3029 4758 enim
3054 4703 3114 4757 in
3134 4708 3352 4760 terram
3371 4705 3539 4761 incli-

1883 4796 2025 4847 nata
2050 4788 2214 4855 facie,
2248 4794 2304 4845 et
2332 4806 2453 4860 pra;
2486 4805 2704 4861 magno
2736 4790 2835 4845 illo
2862 4792 3092 4863 pudore
3123 4792 3253 4863 ejus
3284 4810 3425 4850 voce
3451 4811 3539 4851 re-

1884 4896 2111 4952 pressa,
2147 4879 2344 4934 stabat
2374 4884 2586 4934 terram
2626 4879 2866 4935 intuens
2912 4900 2924 4938 :
2960 4896 3031 4936 ex
3063 4882 3283 4953 quibus
3315 4883 3537 4954 signiﬁ-

1883 4968 2132 5025 cabatur
2160 4982 2350 5038 angor
2388 4972 2444 5023 et
2483 4968 2667 5023 animi
2706 4969 3090 5040 perturbatio.
3130 4972 3536 5037 Quamobrem

1882 5058 1976 5115 ille
1998 5073 2130 5113 eam
2156 5059 2240 5113 sic
2253 5055 2565 5112 confusam
2581 5072 2875 5123 recreans,
2896 5074 3035 5114 cum
3058 5075 3281 5129 magna
3300 5061 3537 5119 lenitate

1883 5154 1939 5205 et
1969 5147 2371 5203 moderatione
2415 5162 2426 5202 :
2471 5147 2601 5211 Cur,
2636 5146 2843 5217 inquit,
2878 5163 2914 5203 o
2946 5148 3089 5215 filia,
3130 5155 3196 5205 tu
3238 5151 3385 5205 mihi
3417 5168 3539 5208 non

1882 5237 2208 5308 respondes
2232 5234 2260 5290 ?
2289 5236 2488 5291 Nescis
2516 5251 2609 5290 me
2642 5240 2885 5306 propter
2916 5241 2968 5292 te
3010 5242 3239 5293 tantum
3269 5238 3378 5295 iter
3408 5258 3541 5298 esse

1882 5327 2218 5397 ingressum
2259 5325 2287 5381 ‘I
2327 5325 2524 5381 Nescis
2568 5340 2662 5381 me
2705 5331 2945 5398 propter
2984 5333 3054 5392 te,
3100 5334 3341 5398 propter
3372 5334 3542 5388 tuam

1885 5416 2138 5472 salutem
2168 5415 2297 5470 haec
2328 5414 2533 5470 omnia
2562 5414 2903 5482 simulasse,
2933 5421 3157 5472 vestem
3198 5417 3543 5489 militarem,

1884 5519 2173 5570 amorem,
2193 5519 2362 5559 esum
2380 5503 2674 5572 carnium,
2692 5519 2867 5576 quem
2882 5504 2992 5560 scis
3008 5505 3153 5561 nihil
3167 5506 3325 5563 aliud
3341 5525 3543 5576 nosse,

1886 5599 2095 5668 prater
2132 5592 2339 5649 cellam
2371 5598 2426 5649 et
2470 5592 2770 5649 silentium
2792 5595 2820 5651 ?
2852 5594 2976 5649 Non
3008 5600 3095 5651 est
3124 5596 3310 5654 ullum
3334 5616 3544 5671 pecca-

3172 5695 3206 5751 3
