4062 6222
471 245 541 305 75
1863 239 2129 300 MENSIS
2170 242 2486 301 MARTIUS
3771 242 3841 298 76

469 378 594 428 tum
624 372 978 436 humanum,
1014 384 1123 441 pro
1146 384 1269 443 quo
1298 367 1615 442 desperare
1654 374 1946 442 oporteat.
1988 369 2114 425 Nul.

2241 365 2390 429 οἶδας
2438 367 2517 419 ἀεὶ
2561 374 2653 420 τοῦ
2698 365 2898 420 κελλίου
2939 370 3150 427 καὶτῆς
3203 366 3444 436 ἡσυχίας
3474 361 3652 417 εἰδότα
3699 365 3837 418 πλέον

466 462 592 518 lum
615 466 703 515 est
719 459 935 515 animae
954 458 1171 513 vulnus
1189 459 1805 522 adeoimmedicabile,
1827 460 1981 531 quod
2008 472 2126 513 non

468 555 724 615 curetur,
753 553 953 603 ustum
984 547 1233 619 pulchro
1257 548 1391 617 igne
1416 548 1798 620 pmnitentite.
1822 550 2009 618 Super
2032 562 2127 601 me

470 639 542 694 sit
564 644 664 693 tua
684 636 991 709 iniquitas,
1043 653 1079 692 ο
1100 637 1241 693 ﬁlia.
1270 640 1389 707 Ego
1414 653 1524 710 pro
1545 642 1597 692 te
1621 637 1851 694 Christo
1874 636 2125 691 reddam

467 728 781 783 rationem.
826 725 1031 781 Solum
1068 726 1201 781 veni
1258 742 1517 793 mecum,
1576 732 1631 782 et
1669 726 1747 781 ad
1788 724 2126 781 solitudinis

464 820 835 873 revertamur
868 814 1299 871 habitaculum.
1342 816 1429 871 Ad
1462 816 1589 871 haec
1621 816 1724 872 illa
1762 815 1859 869 vix
1900 814 2125 869 humile

463 906 780 978 quippiam
809 911 863 959 et
884 905 1066 968 triste,
1086 910 1142 959 et
1163 904 1341 960 veluti
1361 904 1712 975 aegritudine
1739 903 2126 959 animiemor-

466 1000 638 1051 tuum
686 993 986 1049 submisse
1035 994 1299 1065 loquitur
1340 1010 1352 1047 :
1396 995 1544 1049 Cum
1594 994 1663 1049 ad
1710 999 1762 1049 te
1801 998 1857 1047 et
1891 992 2121 1047 vultum

466 1090 636 1139 tuum
676 1099 750 1139 ne
780 1082 987 1139 oculos
1027 1083 1272 1155 quidem
1314 1082 1597 1147 habeam,
1639 1082 1740 1153 qui
1778 1083 2010 1153 possint
2040 1082 2123 1136 in-

465 1173 634 1239 tueri,
668 1189 703 1228 o
733 1172 1072 1229 venerande
1101 1176 1289 1235 Pater,
1333 1179 1394 1227 ut
1423 1172 1527 1244 qui
1561 1171 1676 1227 sint
1706 1171 1840 1226 tecti
1880 1176 2123 1243 propter

462 1269 693 1318 tantum
722 1262 1038 1334 pudorem,
1071 1261 1381 1333 quomodo
1410 1268 1617 1334 potero
1642 1261 1718 1316 ad
1744 1264 1927 1316 Deum
1960 1276 2123 1316 acce-

462 1351 623 1417 dere,
648 1368 683 1407 a
708 1352 971 1421 maligno
1000 1352 1256 1421 graviter
1277 1352 1477 1405 animo
1497 1351 1784 1416 sauciata,
1815 1355 1870 1406 et
1886 1354 2119 1405 scatens

460 1445 584 1497 tam
603 1441 795 1496 multis
822 1446 1206 1513 peccatorum
1231 1439 1529 1496 ulceribus
1546 1441 1574 1497 ?
1601 1440 1696 1494 Ille
1716 1445 1914 1495 autem
1939 1438 2122 1495 verba

459 1531 588 1601 ejus
628 1531 927 1602 excipiens
966 1548 977 1585 :
1016 1531 1205 1602 Super
1247 1546 1364 1593 me,
1406 1529 1620 1601 inquit,
1655 1545 1691 1585 ο
1728 1528 1875 1594 ﬁlia,
1912 1529 1986 1583 sit
2016 1528 2123 1583 ini-

458 1619 655 1691 quitas
688 1626 805 1684 tua,
834 1625 887 1675 et
917 1635 1070 1675 onus
1101 1619 1252 1674 collo
1290 1634 1425 1674 meo
1458 1625 1630 1674 erunt
1662 1623 1779 1673 tua:
1811 1620 2076 1673 actiones
2106 1634 2121 1683 ;

460 1708 652 1764 solum
681 1714 1052 1764 revertamur
1079 1708 1155 1762 ad
1183 1709 1413 1780 priores
1438 1712 1671 1763 nostras
1697 1707 2121 1763 habitationes.
2160 1731 2201 1784 Β

462 1800 603 1854 Ecce
644 1798 804 1853 enim
845 1797 1271 1853 dilectissimus
1309 1812 1551 1869 quoque
1592 1796 1861 1868 Ephraem
1895 1796 2124 1869 pudore

458 1892 701 1959 propter
742 1892 794 1942 te
825 1886 1080 1942 afﬁcitur
1118 1892 1175 1941 et
1206 1887 1387 1941 animi
1430 1886 1803 1955 aegritudine.
1857 1886 2124 1941 Concede

455 1992 596 2047 ergo
627 1977 823 2045 nobis,
860 1984 921 2032 ut
948 1978 1335 2049 respiremus,
1369 1983 1423 2031 et
1451 1976 1527 2031 ab
1548 1976 1660 2031 hoc
1686 1976 1855 2047 gravi
1885 1982 2127 2049 propter

457 2071 512 2121 te
540 2066 863 2121 liberemur
889 2081 1168 2123 maerore.
1200 2066 1296 2121 His
1326 2065 1521 2137 puella
1552 2065 1725 2121 valde
1753 2066 1957 2121 animo
1989 2081 2128 2121 con-

456 2155 609 2221 trita,
633 2155 793 2211 cadit
819 2155 948 2227 ipsa
970 2171 1231 2230 quoque,
1265 2171 1385 2211 non
1408 2170 1574 2210 secus
1601 2172 1671 2210 ac
1701 2155 1973 2211 meretrix
2005 2155 2123 2230 illa,

455 2244 535 2300 ad
565 2246 749 2317 pedes
785 2224 1191 2317 praeceptoris,
1235 2244 1448 2300 acerbe
1488 2244 1734 2311 deﬂens,
1777 2250 1833 2301 et
1871 2261 1974 2301 eos
2005 2224 2127 2300 irri;

457 2348 612 2404 gans
641 2334 840 2389 ﬂuviis
869 2333 1299 2405 lacrymarum.

533 2597 734 2654 XXVII.
774 2600 922 2655 Cum
966 2598 1005 2653 ii
1037 2614 1179 2669 ergo
1212 2599 1291 2655 ita
1334 2614 1395 2653 se
1427 2598 1731 2665 haberent,
1783 2603 1838 2656 et
1868 2600 1963 2655 ille
1994 2600 2125 2672 qui-

456 2686 595 2743 dem
629 2687 793 2759 apud
826 2703 961 2743 eam
994 2694 1253 2743 uteretur
1278 2687 1808 2753 admonitionibus,
1841 2694 1897 2744 et
1928 2690 1989 2745 in
2016 2690 2123 2745 bo-

452 2791 595 2832 nam
638 2782 854 2832 terram
921 2777 1006 2832 sic
1051 2778 1369 2833 seminaret
1415 2776 1559 2834 :illa
1604 2783 1803 2833 autem
1844 2778 2125 2851 lacrymis

460 2866 921 2937 quodammodo
947 2867 1214 2937 irrigaret
1238 2868 1491 2932 semina,
1518 2873 1581 2923 ut
1602 2868 1823 2923 fructus
1846 2869 1961 2923 cito
1990 2885 2120 2939 pro-

452 2955 696 3019 ferrent,
732 2959 787 3010 et
827 2954 964 3009 hinc
998 2955 1408 3025 paenitentiam
1440 2956 1776 3012 ostenderet
1814 2962 1869 3012 et
1907 2958 2119 3013 contri-

462 3041 709 3108 tionem,
744 3058 863 3098 nox
897 3043 1022 3113 jam
1056 3043 1313 3099 deducta
1343 3049 1468 3100 erat
1507 3046 1579 3100 ad
1624 3044 1983 3101 matutinum
2019 3063 2030 3101 :
2065 3052 2121 3103 et

456 3120 587 3201 ipse
626 3131 871 3203 quidem
898 3131 1097 3187 fratris
1138 3133 1322 3188 ﬁliam
1351 3133 1605 3204 jubebat
1634 3134 1801 3207 sequi
1836 3135 1913 3191 ad
1945 3152 2115 3191 mon-

460 3224 599 3274 tem.
635 3222 781 3276 Cum
820 3220 921 3276 illa
954 3227 1222 3291 rogasset
1251 3227 1472 3287 autem,
1507 3223 1800 3295 quidnam
1839 3224 1913 3279 de
1946 3227 2118 3281 vesti-

469 3307 605 3373 bus,
636 3312 690 3364 et
712 3325 879 3376 auro,
902 3314 957 3365 et
985 3316 1252 3381 argento,
1279 3316 1334 3366 et
1362 3311 1641 3381 stragulis
1666 3312 1926 3367 vestibus
1953 3313 2118 3369 dein-

456 3414 597 3470 ceps
624 3398 844 3455 faceret
862 3400 1011 3469 (erat
1035 3400 1195 3455 enim
1226 3401 1536 3473 splendide
1564 3406 1619 3457 et
1647 3407 2001 3474 sumptuose
2027 3421 2108 3460 or-

454 3487 642 3558 nata),
658 3493 719 3542 ut
740 3488 1157 3544 convenienter
1174 3489 1377 3545 divino
1400 3496 1699 3562 praecepto
1719 3493 1915 3548 omnia
1938 3494 2115 3549 relin-

453 3582 619 3648 quat,
644 3576 881 3631 divinus
905 3577 1189 3633 admonet
1206 3578 1542 3649 Abramius,
1568 3585 1631 3635 ut
1652 3596 1788 3635 eum
1812 3581 2006 3636 solum
2032 3598 2119 3637 se-

451 3671 690 3736 quatur,
742 3670 798 3721 et
840 3667 1166 3723 contendat
1210 3668 1287 3723 ad
1328 3685 1499 3724 veras
1549 3668 1679 3724 illas
1724 3671 1856 3726 vitae
1901 3671 2117 3728 futura:

453 3753 712 3810 divitias.
746 3758 827 3811 Ea
858 3771 1001 3826 ergo
1034 3762 1302 3829 accepta,
1338 3758 1637 3828 egreditur
1669 3758 1826 3815 clam
1858 3775 1889 3815 e
1919 3761 2116 3817 diver-

452 3843 613 3899 sorio
643 3861 655 3899 :
679 3849 890 3900 etcum
916 3844 1111 3917 ipsam
1135 3862 1291 3918 equo
1314 3845 1721 3918 imposuisset,
1782 3848 1875 3904 ille
1902 3866 2117 3921 praece-

453 3932 637 3988 debat
678 3934 887 4005 pedes,
932 3950 1157 4007 equum
1205 3951 1389 3990 manu
1436 3936 1700 3993 trahens.
1742 3940 1887 3993 Cum
1915 3944 2115 3994 autem

450 4021 703 4077 fuissent
721 4022 781 4076 in
803 4028 1026 4088 monte,
1046 4029 1278 4079 mutant
1297 4026 1564 4079 ordinem
1580 4027 2112 4093 domuncularum;

449 4115 506 4165 et
532 4126 665 4166 eam
697 4112 969 4183 quidem,
998 4128 1132 4184 quae
1173 4119 1297 4169 erat
1330 4114 1600 4179 exterius,
1636 4117 1755 4186 ipse
1787 4119 1987 4171 statuit
2014 4118 2100 4172 ha-

450 4198 667 4263 bitare,
713 4200 846 4255 tilias
898 4206 1095 4256 autem
1144 4202 1340 4257 fratris
1389 4203 1592 4259 tribuit
1639 4205 1999 4261 interiorem.
2050 4210 2111 4262 ln

448 4304 571 4360 qua
596 4305 734 4344 cum
759 4305 821 4344 se
838 4291 1212 4357 coercuisset,
1234 4297 1288 4347 et
1312 4292 1468 4347 fores
1491 4293 1839 4349 occlusisset
1860 4296 2113 4351 domun-

448 4377 622 4444 culaa,
656 4377 772 4433 illic
802 4377 912 4433 fuit
963 4387 1275 4451 perpetuo,
1324 4381 1624 4452 precibus,
1671 4382 1913 4453 jejuniis
1945 4390 1999 4439 et
2025 4385 2108 4441 la-

2240 453 2390 509 ούδέν
2441 475 2453 524 ;
2504 457 2613 508 Ούκ
2682 460 2795 508 ἔστι
2848 476 2898 508 τι
2962 465 3061 508 τῶν
3116 454 3447 529 ἀνθρωπίνων
3504 457 3840 529 πραγμάτων,

2239 548 2359 618 ὅπερ
2412 545 2749 619 ἀπαγορεύειν
2806 552 3059 618 προσήκει
3121 565 3132 577 ’
3185 545 3278 597 οὐκ
3328 547 3437 597 ἔστι
3507 564 3558 595 τι
3610 554 3707 596 τῶν
3754 553 3840 605 τῆς

2236 635 2423 707 ψυχῆς
2454 638 2764 709 τραυμάτων
2813 636 2973 695 οὕτως
3021 634 3243 699 ἀνίατον,
3278 634 3303 685 ὃ
3337 638 3409 705 μὴ
3460 642 3531 703 τῷ
3581 634 3718 704 καλῷ
3747 644 3839 695 τῆς

2238 729 2505 796 μετανοίας
2562 730 2689 800 πυρὶ
2741 728 3010 796 καιόμενον
3084 726 3437 795 θεραπεύεται.
3494 722 3601 776 Ἐπ’
3670 722 3751 795 ἐμὲ
3803 726 3831 782 η

2237 814 2426 886 ἀνομία
2458 834 2571 881 σου,
2606 819 2779 866 τέκνον
2808 812 2819 866 l
2851 813 2949 885 ἐγὼ
2998 816 3093 874 τὰς
3135 814 3262 884 ὑπὲρ
3307 820 3402 864 σοῦ
3435 812 3647 873 εὐθύνας
3676 813 3835 884 ὑφέξω

2236 912 2453 976 Χριστῲ
2486 923 2498 935 ·
2524 909 2675 975 μόνον
2720 902 2827 955 ἐλθὲ
2865 902 2974 973 μετ’
3017 901 3141 974 ἐμοῦ
3188 921 3277 953 και
3315 905 3449 973 πρὸς
3492 905 3549 952 τό
3598 910 3690 962 τῆς
3717 901 3836 976 ἐρη-

2234 998 2357 1064 μίας
2414 993 2713 1068 οἰκητήριον
2774 991 2927 1044 πάλιν
3004 990 3380 1062 ἐπανελθωμεν.
3461 994 3599 1063 Πρός
3674 1000 3837 1043 ταῦτα

2231 1083 2381 1155 μόλις
2427 1082 2591 1139 ἐκείνη
2668 1085 2791 1133 ποτε
2835 1086 3071 1133 ταπεινόν
3136 1100 3185 1132 τι
3240 1085 3330 1131 καὶ
3389 1082 3695 1151 σκυθρωπόν
3749 1086 3836 1133 καὶ

2232 1173 2336 1224 οἷον
2392 1171 2591 1244 ἀθυμίᾳ
2622 1174 2865 1230 τεθνηκός
2906 1172 3288 1242 ὑποφθέγγεται
3324 1187 3335 1198 '
3366 1170 3424 1222 Εἰ
3470 1172 3602 1243 πρὸς
3650 1172 3702 1222 σε
3750 1174 3836 1221 καὶ

2232 1264 2320 1321 τάς
2352 1265 2447 1321 σὰς
2486 1261 2632 1331 ὄψεις
2670 1258 2793 1313 ούδε
2825 1260 3121 1332 ὀφθαλμούς
3172 1262 3295 1331 όρᾲν
3351 1254 3670 1330 δυναμένους
3708 1261 3829 1329 ἔχω,

2231 1356 2367 1423 τίμιε
2424 1352 2612 1425 Πάτερ,
2670 1350 2756 1402 οἶτε
2799 1349 2845 1401 ἐν
2900 1357 3063 1425 τροπῇ
3124 1351 3354 1421 τοσαύτη
3404 1348 3831 1419 κεκαλυμμένους,

2231 1450 2336 1500 πῶς
2386 1439 2682 1512 προσελθεῖν
2734 1436 3046 1510 δυνήσομαι
3094 1446 3166 1507 τῷ
3206 1445 3340 1509 Θεῷ,
3392 1433 3568 1497 δεινῶς
3605 1438 3704 1488 ύπό
3742 1444 3834 1488 τοῦ

2233 1537 2458 1603 πονηροῦ
2512 1534 2606 1587 τὴν
2652 1528 2849 1599 ψυχὴν
2899 1532 3187 1601 τετρωμένη
3239 1531 3328 1579 καὶ
3376 1530 3647 1587 τοσούτοις
3676 1526 3837 1601 ἀμαρ-

2233 1628 2354 1671 τιῶν
2407 1620 2577 1671 ἕλκεσι
2627 1617 2873 1690 βρύουσα
2905 1635 2917 1685 ;
2950 1618 3008 1669 Ὁ
3068 1614 3127 1669 δὲ
3175 1622 3264 1669 καὶ
3312 1614 3458 1677 αὖθις
3524 1614 3788 1668 ύπολαϐών
3819 1632 3829 1647 °

2234 1708 2343 1761 Ἐπ’
2402 1707 2506 1779 ἐμὲ,
2563 1714 2716 1780 φησὶ,
2749 1713 2942 1778 τέκνον,
2994 1710 3022 1765 ὴ
3086 1706 3275 1779 ἀνομία
3319 1726 3416 1759 σου
3470 1711 3559 1758 καὶ
3607 1711 3828 1780 φορτίον.

2234 1797 2339 1868 ἐμῷ
2390 1797 2640 1871 τραχήλῳ
2708 1802 2797 1849 σαὶ
2855 1802 3159 1867 γενήσονται
3210 1795 3422 1869 πράξεις
3480 1812 3491 1824 ·
3550 1800 3701 1866 μόνον
3748 1794 3830 1847 ὶπὶ

2233 1890 2325 1948 τὰς
2391 1892 2636 1961 πρότερας
2692 1888 2836 1958 ἡμῶν
2912 1888 3237 1959 πορευθῶμεν
3308 1881 3582 1958 διατριϐάς

2232 1980 2329 2048 γὰρ
2363 1982 2451 2027 καὶ
2481 1996 2565 2027 τον
2600 1978 2729 2028 θεῖον
2754 1976 2997 2049 Ἐφραὶμ,
3026 1976 3260 2045 αἰσχύνη
3295 1970 3388 2026 διὰ
3419 1977 3475 2025 σε
3505 1976 3721 2044 κατέχει
3743 1976 3833 2023 καὶ

2236 2064 2435 2137 ἀθυμία
2467 2086 2478 2097 ·
2517 2062 2605 2125 δός
2656 2062 2742 2117 οὖν
2791 2068 2914 2136 ἡμῖν
2970 2065 3289 2116 ἀναπνεῦσαι
3334 2068 3422 2115 καὶ
3461 2071 3556 2125 τῆς
3596 2062 3831 2134 χαλεπῆς

2235 2159 2426 2216 ταύτης
2482 2155 2559 2207 ἐπὶ
2598 2161 2681 2207 σοὶ
2732 2159 3016 2227 κατηφείας
3063 2153 3444 2224 ἀπαλλαγῆναι.
3494 2158 3632 2226 Πρός
3668 2159 3833 2203 ταῦτα

2237 2243 2477 2319 σφοδρῶς
2524 2247 2553 2303 η
2587 2252 2715 2317 κόρη
2748 2250 2841 2303 τὴν
2870 2245 3056 2316 ψυχὴν
3099 2241 3449 2316 συντριϐεῖσα,
3482 2247 3661 2294 πίπτει
3700 2244 3834 2293 κατὰ

2234 2338 2327 2392 τὴν
2358 2339 2550 2409 πόρνην
2580 2339 2669 2386 καὶ
2700 2334 2831 2391 αὖτη
2866 2338 2993 2408 πρός
3016 2336 3131 2393 τοὺς
3157 2329 3327 2393 πόδας
3357 2340 3448 2384 τοῦ
3482 2326 3829 2394 διδασκάλου,

2232 2432 2429 2497 πικρῶς
2452 2422 2797 2498 ὀλοφυρομένη
2826 2427 2915 2475 καὶ
2948 2418 3190 2496 δακρύων
3225 2428 3479 2493 ποταμοῖς
3506 2419 3693 2482 αύτούς
3726 2419 3834 2472 ἑπι-

3642 1904 3654 1918 ο
3718 1881 3832 1936 ἰδοὺ

2232 2512 2523 2573 κλύζουσα.

2306 2602 2425 2656 ΚΖ’.
2501 2604 2672 2673 Ταύτῃ
2733 2608 3006 2675 τοιγαροῦν
3083 2599 3308 2672 ἐχόντων
3380 2598 3546 2652 αὐτῶν
3595 2602 3681 2651 καὶ
3740 2604 3833 2651 τοῦ

2231 2693 2320 2762 μὲν
2399 2694 2491 2751 τὰς
2553 2694 2883 2765 παραινέσεις
2970 2693 3099 2765 πρὸς
3158 2693 3319 2747 αὐτὴν
3380 2692 3683 2761 ποιουμένου
3737 2691 3828 2739 καὶ

2232 2786 2389 2841 οὕτως
2439 2782 2509 2843 εἰς
2556 2780 2757 2852 ἀγαθὴν
2800 2788 2899 2852 γῆν
2952 2784 3265 2852 σπείροντος,
3321 2786 3412 2839 τῆς
3468 2775 3526 2831 δε
3583 2775 3677 2830 διά
3729 2785 3829 2829 τῶν

2235 2868 2473 2945 δακρύων
2503 2873 2675 2942 ὥσπερ
2710 2867 2975 2943 ἀρδούσης
3020 2872 3085 2921 τά
3134 2873 3427 2941 σπέρματα,
3464 2869 3545 2919 ἵνα
3582 2872 3670 2919 καὶ
3696 2886 3833 2941 καρ-

2230 2963 2358 3021 πούς
2412 2964 2554 3031 ταχύ
2606 2964 3012 3034 προσενέγκωσι,
3069 2961 3156 3009 καὶ
3209 2964 3301 3016 τὸν
3354 2960 3626 3030 μετάνοιαν
3669 2955 3833 3008 ἐντεῦ-

2231 3051 2309 3101 θεν
2366 3055 2455 3101 καὶ
2510 3054 2604 3107 τὴν
2657 3047 2935 3122 συντριϐὴν
3003 3044 3446 3119 ἐπιδεικνυμένης,
3505 3049 3534 3104 ἡ
3588 3045 3680 3108 νύξ
3719 3041 3830 3104 ἤδη

2226 3144 2342 3213 περὶ
2393 3141 2574 3211 ὄρθρον
2626 3135 2686 3196 ἧν
2741 3142 2830 3190 καὶ
2879 3139 2903 3189 ό
2958 3141 3047 3209 μὲν
3080 3138 3297 3189 ἔπεσθαι
3340 3141 3434 3195 τὴν
3484 3134 3696 3207 ἀνεψιὰν
3740 3134 3834 3187 ἐπ-

2227 3234 2400 3301 έτρεπε
2429 3232 2559 3300 πρὸς
2588 3232 2645 3280 τό
2695 3232 2811 3301 ὄρος
2844 3246 2857 3259 ·
2904 3235 2997 3288 τῆς
3039 3224 3097 3278 δὲ
3145 3231 3262 3299 περὶ
3308 3233 3407 3278 τῶν
3457 3223 3687 3283 ἐσθήτων
3735 3229 3824 3275 καὶ

2226 3325 2315 3369 τοῦ
2365 3325 2573 3390 χρυσοῦ
2634 3323 2721 3369 καὶ
2779 3326 2878 3369 τῶν
2928 3315 3315 3388 ἀργυρωμάτων
3370 3319 3458 3367 καὶ
3509 3322 3608 3366 τῶν
3664 3332 3832 3385 στρω-

2225 3415 2360 3479 μνῶν
2409 3409 2722 3478 πυθομένης,
2775 3408 2854 3458 ὃτι
2901 3405 3076 3457 λοιπόν
3130 3404 3303 3464 αὐτοῖς
3358 3409 3623 3476 χρήσεται
3671 3418 3686 3433 '
3737 3406 3832 3454 καὶ

2225 3499 2323 3570 γὰρ
2379 3494 2438 3553 ἦν
2497 3495 2780 3556 πολυτελῶς
2840 3498 3045 3566 ἔχουσα
3104 3497 3297 3546 τούτων
3377 3497 3466 3545 καὶ
3528 3491 3830 3564 φιλοτίμως,

2226 3588 2395 3637 πάντα
2447 3588 2581 3637 κατὰ
2633 3590 2725 3643 τὴν
2794 3580 3111 3641 δεσποτικὴν
3174 3582 3377 3641 ἐντολὴν
3448 3581 3748 3633 καταλιπεῖν
3804 3583 3831 3632 ό

2230 3677 2363 3735 θεῖος
2409 3673 2689 3749 Ἀϐράμιος
2742 3675 3043 3725 ὑποτίθεται
3100 3678 3187 3724 καὶ
3236 3672 3377 3742 αύτῷ
3423 3676 3562 3743 μόνῳ
3606 3668 3831 3722 ἀκολου-

2230 3767 2333 3817 θεῖν
2382 3770 2470 3817 καὶ
2534 3768 2661 3837 πρὸς
2705 3768 2791 3816 τὸν
2859 3763 3100 3821 ἀληθινόν
3166 3765 3351 3814 ἐκεῖνον
3400 3769 3489 3821 τῆς
3536 3759 3834 3832 μελλούσης

2231 3857 2369 3916 ζωῆς
2427 3853 2723 3924 ἐπείγεσθαι
2796 3852 3032 3905 πλοῦτον.
3116 3850 3432 3924 Παραλαϐὼν
3489 3847 3576 3902 οὖν
3638 3848 3827 3913 αύτὴν,

2225 3943 2458 4005 ὑπέξεισι
2496 3944 2664 4016 λάθρα
2705 3950 2797 3995 τοῦ
2856 3938 3178 4013 πανδοκείου
3229 3944 3319 3991 καὶ
3367 3942 3560 3996 ταύτην
3620 3939 3686 3999 εἰς
3732 3941 3826 3989 τόν

2228 4031 2379 4082 ἵππον
2434 4030 2759 4096 ἐπιϐιϐάσας,
2802 4031 2958 4092 πεζὸς
3002 4030 3152 4090 αύτός
3198 4035 3500 4102 προηγεῖτο,
3533 4031 3620 4079 τόν
3667 4028 3827 4079 ἰππον

2226 4118 2319 4172 διὰ
2366 4124 2544 4193 χειρός
2588 4120 2931 4193 ἐφελκόμενος,
2978 4125 3241 4191 Γενόμενος
3273 4116 3332 4170 δε
3380 4120 3511 4192 πρὸς
3562 4125 3634 4187 τῷ
3694 4120 3829 4189 ὄρει,

2223 4214 2315 4267 τὴν
2342 4218 2440 4261 τῶν
2488 4210 2733 4262 οἰκίσκων
2778 4208 3055 4282 ἀμείϐουσι
3086 4208 3230 4270 τάξιν
3278 4212 3367 4259 καὶ
3416 4211 3502 4258 τόν
3549 4209 3638 4277 μεν
3679 4204 3833 4267 ἐκτός

2222 4298 2378 4359 αὐτὸς
2432 4300 2587 4352 εἵλετο
2637 4306 2913 4363 κατοικεῖν,
2969 4306 3031 4371 τῇ
3086 4296 3274 4368 ἀνεψιᾷ
3318 4294 3376 4349 δε
3430 4294 3665 4366 ἀπονέμει
3728 4298 3831 4346 τὸν

2221 4386 2469 4462 ἐνδοτέρω
2531 4407 2544 4421 ·
2600 4389 2658 4440 οὗ
2712 4384 2779 4444 δὴ
2835 4393 2923 4439 καὶ
2970 4386 3290 4460 καθείρξασα
3344 4386 3530 4443 ἑαυτὴν
3574 4389 3663 4435 καὶ
3721 4386 3833 4445 τὰς

447 4468 668 4539 crymis
693 4468 895 4523 delens
922 4449 1090 4524 labes
1114 4449 1495 4540 peccatorum
1526 4449 1761 4527 animas.
1794 4475 2021 4530 Etenim
2048 4482 2110 4532 ut

2229 4480 2377 4551 9ύρας
2434 4478 2791 4550 ἐπικλεισμένη
2847 4485 2935 4529 τοῦ
2986 4473 3276 4549 δωματίου,
3346 4471 3438 4526 διὰ
3508 4475 3697 4534 παντὸς
3755 4469 3829 4532 ἦν

444 4572 583 4628 quae
613 4572 806 4629 nuper
830 4557 1177 4629 resipuisset
1198 4575 1232 4614 a
1260 4560 1412 4615 vitiis
1443 4562 1731 4632 corporis,
1762 4563 1843 4618 sic
1866 4579 1935 4619 ea
1960 4580 2105 4621 sem-

442 4660 550 4715 per
576 4644 839 4702 habebat
870 4662 993 4718 prae
1024 4645 1209 4702 oculis
1240 4648 1462 4703 inferne
1490 4652 1784 4706 versantia
1810 4654 2104 4714 animam.

440 4742 497 4791 et
527 4734 862 4791 admodum
902 4736 1114 4792 acerbe
1146 4740 1478 4809 pungentia
1509 4741 1959 4807 conscientiam,
1993 4746 2105 4800 etsi

438 4826 596 4879 Deus
629 4840 786 4895 saepe
812 4825 863 4880 ei
886 4826 1224 4881 ostenderet
1249 4832 1631 4897 peccatorum
1664 4830 2103 4901 remissionem,

436 4928 545 4970 nec
575 4913 689 4970 hoc
717 4914 930 4979 solum,
975 4916 1077 4970 sed
1112 4916 1290 4972 etiam
1320 4934 1453 4972 eam
1484 4923 1648 4975 tanta
1678 4920 2003 4992 impertiret
2036 4922 2104 4977 ﬁ-

435 5003 632 5065 ducia.
666 5009 727 5059 ut
757 5009 811 5058 et
840 5003 1077 5060 assidue
1119 5005 1425 5071 miracula,
1460 5012 1514 5063 et
1545 5024 1581 5063 a
1612 5009 1839 5064 morbis
1870 5016 1925 5065 et
1952 5012 2101 5067 vitiis

432 5092 812 5149 liberationes
844 5109 950 5164 per
971 5109 1104 5149 eam
1128 5096 1481 5151 ostenderet.
1510 5099 1750 5168 Propter
1770 5114 1899 5171 quae
1923 5101 2100 5156 corde

430 5180 744 5236 laetabatur
776 5180 1114 5250 Abramius,
1165 5187 1223 5239 et
1254 5187 1372 5240 Deo
1413 5185 1629 5255 agebat
1659 5187 1899 5257 gratias,
1934 5190 2096 5259 quod

433 5283 538 5339 spe
566 5270 811 5325 minime
842 5277 999 5326 esset
1018 5271 1358 5341 frustratus,
1388 5272 1493 5328 sed
1520 5279 1933 5344 susceptorum
1958 5292 2098 5347 pro-

430 5360 564 5429 pter
603 5358 798 5429 ipsam
830 5359 1108 5415 laborum
1142 5360 1366 5416 fructus
1406 5362 1581 5417 ferret
1612 5364 2021 5420 suavissimos.

2218 4566 2321 4619 ἐκεῖ
2378 4564 2593 4625 δεήσεσι
2657 4572 2746 4619 καὶ
2793 4571 3059 4626 νηστείαις
3107 4570 3196 4617 καὶ
3262 4561 3494 4639 δάκρυσι
3549 4566 3671 4624 τοὺς
3721 4570 3831 4626 τῆς

2216 4657 2470 4729 ἁμαρτίας
2522 4657 2739 4718 σπίλους
2767 4666 2859 4717 τῆς
2901 4655 3083 4727 ψυχῆς
3122 4640 3481 4726 ἀπαλείφουσα
3528 4667 3543 4682 ⁸
3586 4657 3675 4703 καὶ
3712 4654 3829 4727 γὰρ

2216 4748 2283 4807 ὡς
2313 4748 2433 4820 οἶρτι
2485 4756 2584 4798 τῶν
2631 4755 2719 4798 τοῦ
2772 4764 3011 4817 σωματος
3052 4746 3227 4797 παθῶν
3278 4741 3608 4812 ἀνανήψασα,
3652 4741 3835 4803 οὕτως

2214 4836 2347 4887 αύτά
2394 4839 2491 4907 πρὸ
2536 4845 2634 4887 τῶν
2676 4834 2950 4907 ὀφθαλμῶν
3004 4832 3143 4905 εἶχεν
3187 4832 3265 4885 ἀεὶ
3320 4836 3601 4905 στρέφοντα
3647 4832 3829 4881 κάτω-

2216 4927 2293 4976 θεν
2345 4930 2439 4983 τήν
2496 4925 2681 4997 ψυχὴν
2737 4929 2827 4975 καὶ
2874 4920 3079 4997 σφόδρα
3126 4930 3328 4995 πικρῶς
3372 4925 3466 4979 τὴν
3509 4915 3832 4977 συνείδησιν

2212 5014 2526 5075 πλήττοντα,
2580 5018 2750 5065 καίτοι
2807 5020 2897 5065 τοῦ
2950 5020 3082 5066 Θεοῦ
3136 5017 3227 5071 τὴν
3276 5020 3375 5063 τῶν
3432 5012 3827 5082 ἡμαρτημένων

2209 5104 2392 5173 ἄφεσιν
2450 5102 2578 5174 αὐτῇ
2632 5101 2874 5163 πολλάκις
2928 5097 3384 5176 παραδεικνύντας,
3424 5104 3514 5151 καὶ
3566 5098 3624 5150 ού
3660 5105 3825 5150 τοῦτο

2211 5187 2268 5242 δὲ
2321 5196 2492 5261 μόνον,
2533 5190 2660 5243 ἀλλά
2710 5196 2798 5243 καὶ
2840 5195 3101 5252 τοσαύτης
3160 5190 3290 5262 αὐτῇ
3353 5184 3667 5262 μεναδόντος
3718 5194 3826 5250 τῆς

2208 5279 2529 5353 παῤῥησίας,
2584 5284 2651 5341 ὡς
2720 5286 2809 5333 καὶ
2864 5283 3106 5353 θαύματα
3176 5287 3411 5351 συνεχῶς
3490 5281 3579 5329 καὶ
3632 5277 3823 5328 παθῶν

2206 5375 2291 5420 καὶ
2345 5374 2508 5421 νόσων
2562 5370 2864 5442 ἀπαλλαγὰς
2914 5368 2987 5422 δι’
3041 5370 3204 5431 αὐτῆς
3260 5364 3700 5420 ἐπιδείκνυσθαι·
3738 5363 3823 5437 ἐφ’

429 5445 506 5535 οἷς
535 5446 828 5522 εὐφραίνετο
858 5454 953 5507 τὴν
984 5445 1208 5522 καρδίαν
1234 5448 1519 5525 Ἀϐράμιος
1548 5456 1637 5503 καὶ
1670 5449 1929 5506 ἀπεδίδου
1979 5462 2093 5527 Θεῷ
2119 5459 2183 5509 τὰ
2212 5457 2626 5535 εὐχαριστηρια,
2655 5461 2735 5512 ὅτι
2765 5464 2835 5533 μὴ
2879 5456 3166 5533 διήμαρτεν
3206 5454 3451 5523 ἐλπίδων,
3502 5455 3609 5509 ἀλλ’
3641 5454 3825 5508 οὕτως

431 5532 691 5600 ἠδίστους
716 5546 815 5590 τῶν
847 5536 922 5590 ἐπ’
950 5538 1079 5611 αὐτῇ
1116 5543 1279 5591 πόνων
1310 5541 1393 5611 (1)
1420 5545 1538 5604 τοὺς
1565 5546 1796 5614 καρποὺς
1822 5542 2112 5616 ἐκομίζετο.

497 5625 575 5707 (l)
604 5629 673 5683 ln
721 5627 835 5684 hac
865 5642 1014 5684 voce
1046 5628 1171 5686 Vita
1207 5627 1476 5686 Abramii
1513 5630 1648 5688 cod.
1686 5633 1788 5689 774
1818 5632 2037 5692 desinit
2062 5650 2077 5703 ;
2110 5636 2341 5711 reliqua
2365 5637 2687 5713 desumpta
2722 5641 2859 5695 sunt
2887 5653 2960 5696 ex
2989 5637 3125 5696 cod.
3162 5637 3319 5708 1484,
3349 5651 3488 5695 ssc.
3521 5650 3624 5694 xu.
