4078 6222
205 310 254 365 77
1210 300 1377 356 VITA
1417 301 1516 357 SS.
1559 297 1835 356 AGAPES
1876 298 1962 355 ET
1999 298 2367 357 SOCIARUM

3398 307 3469 362 '78

256 429 351 484 KH'.
408 428 603 484 Ἐκεῖνος
658 425 746 495 μὲν
801 419 889 476 οὖν
941 422 1014 485 εἰς
1062 422 1203 497 βαθύ
1267 434 1438 498 γῆρας
1521 424 1774 487 ἐλάσαςΑ

1888 426 2125 481 XXVIII.
2159 428 2349 499 Atque
2388 425 2485 481 ille
2532 422 2779 497 quidem
2810 439 2943 479 cum
2999 424 3073 480 ad
3104 425 3469 497 profundam

204 518 388 573 malth
423 518 497 567 τὸν
542 511 650 586 βίον
700 517 791 564 καὶ
838 515 965 587 πρὸς
1007 516 1101 576 τὰς
1151 517 1348 575 σκηνὰς
1414 512 1709 586 μεταϐαίνει

207 614 279 671 τὰς
312 603 482 667 ὰῐὸἰους,
529 603 713 655 πολλοῦ
756 608 876 677 περὶ
917 607 1011 661 τὴν
1062 611 1153 655 τοῦ
1208 609 1445 675 σώματος
1491 602 1708 678 ἐκφορὰν

217 700 388 757 πλήθους
426 692 779 766 ωρῥεύσαντος
843 694 1174 764 πανταχόθεν
1232 698 1321 745 καὶ
1385 702 1483 745 τῶν
1552 693 1710 745 αὐτοῦ

220 786 519 860 πιριειλεμέτων
564 787 651 835 καὶ
698 791 799 834 τῶν
856 782 1048 856 ῥακίων
1112 784 1573 858 παρασπάσασθαί
1659 802 1711 834 τι

214 880 341 949 ,κωφὸν
392 872 586 924 ἑκάστου
652 870 1059 943 φιλονεικοῦντος
1140 870 1207 931 εἰς
1264 870 1463 942 ἀγαθοῦ
1520 873 1712 931 παντὸς

207 965 411 1036 θησαυρόν,
465 961 529 1023 εἰς
585 968 757 1012 κακῶν
816 959 1052 1012 ἁπάντων
1103 956 1537 1032 φυγαδευτήριοψ
1586 964 1712 1032 πέμ-

199 1071 285 1103 πτου
326 1048 372 1103 δί
410 1054 524 1123 μετὰ
569 1054 664 1108 τὴν
710 1049 901 1102 ἐκείνου
946 1048 1185 1107 τιλευτήν
1225 1052 1335 1111 ἔτος
1375 1049 1585 1121 τελευτᾷ
1623 1054 1711 1101 καὶ

194 1140 399 1209 ﬁci-ltiti,
427 1141 483 1201 ἧς
513 1143 601 1197 τὴν
638 1139 826 1211 ψυχὴν
878 1146 949 1209 τῷ
1000 1140 1302 1210 ποθουμένῳ
1342 1144 1573 1211 Δεσπότῃ
1616 1158 1713 1191 πα-

192 1232 409 1304 piens-mg
453 1233 533 1281 καὶ
578 1234 758 1301 νεκρᾶς
810 1225 917 1287 ἤδη
970 1233 1061 1280 καὶ
1116 1231 1242 1303 πρὸς
1281 1236 1341 1300 τῇ
1380 1236 1513 1301 τοιφῇ
1546 1231 1713 1300 κειμέ-

189 1315 443 1379 sintdicta
509 1338 582 1379 τις
632 1317 837 1376 ἐπὰνθει
886 1325 1003 1380 ταῖς
1055 1317 1210 1389 ὄψεσι
1262 1320 1420 1389 χάρις
1478 1323 1569 1369 καί
1639 1337 1713 1378 τις

190 1408 297 1470 ἀκτὶς
333 1407 493 1460 ἔχιῑθεν
545 1405 843 1469 ἀπέστιλϐε,
896 1405 1151 1480 σύμϐολον
1204 1406 1408 1479 ἀκριϐὲς
1441 1414 1535 1469 τῆς
1592 1410 1714 1459 ταύ-

186 1514 252 1554 τιν
296 1495 493 1569 ἐχούσης
544 1496 914 1569 λαμπρότητος
978 1495 1026 1547 ἄν
1095 1504 1311 1568 Χριστῷ
1378 1497 1557 1554 Ἰησοῦ
1642 1504 1713 1567 τῷ

186 1592 317 1657 Κυρίῳ
363 1587 511 1658 ἡμῶν,
561 1584 600 1658 ᾧ
641 1590 825 1661 πρέπει
872 1592 1019 1639 πᾶσα
1070 1582 1220 1651 δόξα,
1267 1590 1393 1658 τιμὴ
1435 1591 1525 1638 καὶ
1549 1605 1714 1659 προσ-

180 1678 365 1738 ιύνησις,
423 1683 506 1727 νῦν
583 1679 677 1727 καὶ
743 1674 842 1742 ἀεὶ,
916 1679 1008 1728 καὶ
1074 1674 1143 1737 εἰς
1203 1678 1324 1737 τοὺς
1381 1674 1565 1736 αἰῶνας
1616 1682 1715 1727 τῶν

179 1764 342 1818 αἰώνων.
374 1766 545 1837 ’Δμήν.
1748 1762 1792 1816 Β

1819 516 2185 586 pervenisset
2207 519 2591 581 senectutem,
2610 530 2640 569 e
2664 516 2784 569 vita
2809 513 3057 580 excedit,
3087 519 3145 570 et
3160 518 3234 572 ad
3259 523 3477 575 aeterna

1819 604 2026 659 transit
2056 604 2459 671 tabernacula,
2503 603 2581 659 ad
2614 602 2978 659 efferendum
3010 620 3229 676 corpus
3257 622 3478 679 magna

1819 692 2085 765 undique
2107 693 2442 749 conﬂuente
2463 692 2860 759 multitudine,
2890 699 3067 766 atque
3094 693 3222 764 ejus
3245 709 3481 765 panno-

1818 796 1952 837 rum
1965 787 2023 838 et
2042 782 2370 839 ciliciorum
2393 798 2603 854 parum
2628 781 2767 854 quid
2794 782 3090 838 attrahere
3115 798 3480 856 unoquoque

1819 871 2233 937 contendente,
2261 872 2338 927 ad
2361 872 2629 943 cujusvis
2652 871 2790 927 boni
2812 870 3185 937 thesaurum,
3213 872 3290 928 ad
3324 872 3481 929 mala

1819 961 2023 1017 omnia
2046 960 2474 1033 propulsanda.
2502 961 2720 1027 Quinto
2746 967 2951 1017 autem
2979 978 3140 1018 anno
3164 967 3299 1033 post
3326 962 3481 1019 illius

1818 1054 2095 1117 mortem,
2130 1050 2379 1107 moritur
2408 1050 2576 1107 etiam
2609 1050 2805 1107 fratris
2838 1050 2979 1106 tilia.
3016 1052 3152 1117 Quae
3185 1068 3324 1108 cum
3356 1051 3481 1108 ani-

1821 1154 1987 1194 mam
2026 1139 2362 1195 desiderato
2398 1139 2643 1195 Domino
2674 1139 3031 1210 tradidisset,
3067 1147 3124 1197 et
3155 1140 3282 1212 jam
3326 1145 3483 1198 esset

1822 1234 2077 1297 mortua,
2096 1228 2155 1284 in
2183 1228 2511 1300 sepultura,
2529 1230 2586 1284 in
2613 1229 2737 1299 ejus
2761 1228 2923 1284 vultu
2941 1230 3305 1287 suavissima
3326 1247 3485 1303 qua:-

1820 1317 1963 1374 dam
1988 1317 2240 1374 ﬂorebat
2271 1320 2456 1389 gratia
2490 1335 2502 1373 :
2535 1323 2592 1374 et
2616 1318 2774 1374 illinc
2805 1319 3051 1391 quidam
3082 1321 3345 1377 micabat
3376 1336 3480 1378 ra-

1820 1406 1976 1476 dius,
2010 1414 2282 1479 apertum
2316 1409 2556 1480 signum
2622 1409 2750 1479 ejus
2792 1408 3001 1464 animm
3032 1408 3370 1481 splendoris
3421 1410 3484 1466 in

1822 1495 2048 1553 Christo
2069 1497 2205 1553 Jesu
2228 1498 2478 1553 Domino
2500 1501 2729 1566 nostro,
2747 1512 2928 1570 quem
2951 1497 3119 1555 decet
3139 1499 3339 1555 omnis
3362 1498 3484 1569 glo-

1822 1584 1925 1649 ria,
1982 1585 2196 1655 honor,
2250 1591 2308 1643 et
2366 1586 2635 1644 adoratio
2693 1586 2753 1643 in
2812 1587 3033 1645 saecula
3098 1587 3479 1646 saeculorum.

1822 1676 2034 1731 Amen.

859 2096 1685 2290 MENSIS
1801 2096 2729 2288 APRILIS.

1457 2526 2137 2615 MARTYRIUM

524 2710 717 2832 SS.
816 2708 1414 2857 AGAPES,
1504 2708 2165 2831 CHIONl/E
2248 2709 2433 2829 ΕΤ
2522 2710 3053 2835 IRENES

1003 2952 1162 3017 QUAE
1200 2950 1389 3007 APUD
1429 2948 2017 3007 THESSALONICAM
2054 2950 2296 3007 PASS/E
2337 2949 2537 3007 SUNT.

281 3073 465 3135 (latine
488 3074 641 3141 apud
670 3074 890 3127 Surlum
925 3075 995 3127 ad
1030 3076 1173 3126 diem
1206 3077 1228 3126 1
1267 3076 1463 3140 Aprilis
1489 3078 1576 3138 (1).
1608 3103 1669 3113 --
1693 3075 1872 3127 Grmca
1900 3077 1954 3126 in
1983 3075 2258 3127 codicibus
2293 3076 2470 3141 Regiis
2505 3077 2897 3129 Parisiensibus
2928 3091 3037 3129 non
3071 3082 3298 3130 exstant.

198 3377 226 3431 Ι.
254 3378 458 3444 Quanto
494 3396 567 3437 ex
629 3379 889 3437 adventu
942 3385 997 3438 et
1036 3382 1356 3453 prmsentia
1414 3381 1650 3438 Domini
1684 3385 1741 3438 et
1769 3390 1810 3447 C
1852 3386 1975 3438 tore
1999 3381 2291 3437 adversus
2310 3381 2671 3439 Christianos
2691 3383 2856 3440 illata
2872 3389 3047 3456 esset,
3072 3385 3347 3443 mulieres
3376 3387 3509 3456 illm,

153 3464 402 3525 Salvatoris
416 3470 786 3527 nostriJesus
809 3470 1015 3527 Christi
1039 3472 1225 3541 major
1242 3471 1435 3542 gratia
1452 3471 1509 3526 in
1527 3472 1739 3528 huma-

150 3568 249 3611 num
270 3573 438 3627 genus
466 3560 691 3616 collata
717 3564 823 3627 est,
851 3575 1033 3632 quam
1064 3559 1207 3616 olim
1248 3559 1457 3627 fuerat,
1487 3564 1654 3617 tanto
1683 3567 1739 3617 et

150 3652 420 3706 sanctorum
433 3649 761 3706 hominum
777 3649 1027 3706 victoria
1045 3650 1241 3721 major
1257 3650 1492 3705 exstitit.
1514 3650 1627 3706 Pro
1646 3651 1739 3708 his

150 3732 260 3789 enim
280 3736 547 3809 hostibus,
585 3739 692 3812 qui
722 3740 1022 3812 corporeis
1047 3739 1233 3796 oculis
1273 3744 1616 3805 cernuntur,
1639 3740 1737 3796 ho-

150 3828 228 3876 stes
255 3825 319 3881 illi
358 3828 627 3899 superari
676 3828 804 3899 jam
858 3828 1033 3900 ccepti
1084 3832 1243 3893 sunt,
1284 3828 1385 3901 qui
1426 3828 1736 3885 oculorum

150 3924 279 3967 sensu
295 3917 497 3990 percipi
512 3933 635 3973 non
654 3923 928 3990 possunt.
947 3920 1099 3974 Nam
1116 3918 1423 3974 dmmones
1437 3919 1573 3991 ipsi,
1589 3935 1738 3992 quo-

148 4014 240 4056 rum
266 4012 469 4063 naturae
508 3992 868 4080 spectabiles
903 4021 1022 4063 non
1045 4013 1205 4075 sunt,
1238 4007 1373 4064 vela
1403 4009 1739 4079 purissimis

149 4093 277 4161 atque
296 4094 722 4152 honestissimis
750 4096 1005 4163 feminis,
1040 4098 1261 4169 Spiritu
1293 4103 1500 4153 sancto
1526 4098 1737 4170 plenis,

151 4184 350 4251 superati
375 4186 859 4255 ignitraduntur.
892 4188 1060 4243 Tales
1077 4187 1318 4242 fuerunt
1337 4193 1454 4243 tres
1471 4188 1581 4243 illas
1607 4204 1740 4243 san-

150 4272 225 4322 cta:
242 4272 511 4340 mulieres,
542 4290 677 4347 quae
717 4291 788 4331 ex
819 4276 965 4331 urbe
992 4275 1415 4333 Thessalonica
1444 4276 1737 4347 originem

150 4354 409 4418 ducebant:
434 4381 622 4437 quam
644 4364 855 4421 urbem
870 4366 1344 4437 sapientissimus
1369 4366 1579 4422 Paulus
1598 4365 1741 4421 cele-

151 4441 307 4515 bravit,
338 4468 467 4509 cum
498 4454 633 4527 ejus
663 4453 834 4509 ﬁdem
867 4459 923 4510 et
952 4454 1324 4516 charitatem,
1350 4454 1622 4519 laudans,
1658 4455 1741 4509 sic

150 4532 232 4590 ait:
252 4557 275 4589 α
294 4540 352 4597 In
380 4545 544 4598 omni
569 4542 703 4598 loco
723 4542 872 4598 ﬁdes
895 4547 1094 4599 vestra
1116 4543 1178 4599 in
1211 4547 1395 4599 Deum
1416 4548 1742 4616 pervagata

152 4627 293 4677 esu.»
327 4632 507 4702 Atque
555 4630 698 4687 alibi
728 4647 751 4686 .°
778 4651 807 4683 «
840 4635 914 4687 De
950 4633 1253 4699 charitate,
1294 4632 1505 4705 inquit,
1540 4632 1739 4687 frater-

152 4710 296 4770 nitatis
321 4733 435 4775 non
463 4736 705 4777 necesse
735 4720 1059 4778 habuimus
1092 4721 1352 4777 scribere
1385 4721 1550 4777 vobis
1585 4740 1597 4789 ;
1630 4721 1742 4793 ipsi

152 4800 268 4858 enim
286 4822 379 4862 vos
398 4825 434 4865 a
460 4812 581 4866 Deo
597 4810 901 4877 didicistis,
919 4817 981 4866 ut
996 4811 1251 4883 diligatis
1271 4811 1527 4866 invicem
1540 4814 1582 4865 ².
1606 4832 1629 4861 »

1848 3486 1984 3543 quae
2016 3470 2333 3527 virtutibus
2363 3472 2586 3543 seipsas
2617 3478 2999 3540 ornaverant,
3041 3476 3401 3547 evangelicis
3434 3477 3513 3534 le-

1850 3560 2402 3631 gibusobedientes,
2429 3566 2670 3633 propter
2694 3578 2995 3618 summam
3013 3563 3073 3619 in
3100 3580 3237 3621 eum
3267 3567 3514 3623 charita-

1850 3654 1959 3704 tem
1975 3649 2358 3704 elccelestium
2372 3648 2661 3705 bonorum
2684 3667 2859 3721 spem,
2880 3652 3184 3726 patrisque
3208 3655 3512 3711 Abraham

1854 3738 2076 3794 factum
2101 3739 2424 3802 imitantes,
2446 3739 2714 3809 patriam,
2735 3742 3156 3810 cognationem
3180 3743 3513 3799 facultates-

1849 3843 1967 3900 que
1996 3843 2206 3882 omnes
2237 3825 2625 3899 reliquerunt,
2659 3844 2729 3883 ac
2761 3836 3169 3899 persecutores
3201 3831 3508 3901 fugiendo,

1849 3916 2371 3990 quemadmodum
2412 3916 2675 3972 Christus
2715 3918 3032 3989 prmcepit’,
3080 3918 3265 3975 altum
3308 3936 3515 3993 quem,-

1851 4006 1993 4061 dam
2048 4012 2314 4061 montem
2341 4006 2654 4078 petierunt,
2710 4006 2914 4078 ibique
2963 4007 3180 4064 divinis
3236 4008 3512 4081 precibus

1851 4112 2096 4168 operam
2111 4096 2337 4152 dabant
2362 4114 2375 4149 :
2401 4101 2683 4169 etcorpus
2699 4096 2948 4169 quidem
2962 4098 3161 4169 ipsum
3184 4098 3262 4155 ad
3293 4100 3515 4154 montis

1851 4185 2174 4241 celsitatem
2207 4185 2597 4253 contulerunt,
2620 4201 2829 4241 eorum
2853 4202 2993 4242 vero
3024 4188 3261 4244 animus
3279 4188 3337 4244 in
3364 4188 3514 4244 caelo

1850 4274 1986 4347 ipso
2007 4274 2533 4330 versabatur.Cum
2546 4280 2746 4330 autem
2764 4275 2825 4330 in
2847 4291 2918 4331 eo
2941 4276 3072 4332 loco
3087 4276 3515 4333 fuissentcom-

1854 4366 2178 4435 prehensae,
2214 4363 2289 4420 ad
2321 4379 2476 4432 eum,
2505 4362 2609 4434 qui
2662 4365 3097 4435 persecutionis
3128 4371 3335 4421 auctor
3365 4371 3513 4437 erat,

1856 4454 2271 4522 magistratum
2289 4452 2482 4507 ductas
2502 4459 2658 4517 sunt,
2679 4457 2740 4507 ut
2756 4452 2982 4525 reliqua
2995 4454 3201 4510 divina
3219 4461 3514 4527 praecepta

1853 4546 2257 4613 exsequentes,
2287 4546 2341 4596 et
2367 4540 2445 4596 ad
2462 4546 2714 4596 mortem
2740 4559 2927 4614 usque
2944 4559 3115 4598 suam
3134 4544 3193 4599 in
3214 4543 3513 4599 Christum

1854 4631 2199 4687 charitatem
2226 4637 2543 4695 servantes,
2569 4630 3025 4687 immortalitatis
3047 4649 3327 4689 coronam
3355 4648 3514 4690 asse-

1854 4725 2204 4792 querentur.
2245 4721 2370 4775 Una
2397 4719 2640 4790 quidem
2672 4720 2908 4775 etribus
2940 4721 3062 4775 illis
3090 4721 3517 4795 prmceptiper-

1853 4808 2169 4864 fectionem
2190 4808 2588 4879 possidens,et
2602 4811 2778 4863 Deum
2792 4825 2862 4865 ex
2878 4814 2997 4865 toto
3010 4810 3212 4866 animo
3227 4811 3508 4883 diligens,

201 4888 246 4944 ll.
274 4892 405 4953 Cum
434 4898 616 4969 igitur
647 4899 980 4971 persecutio
1011 4916 1047 4956 a
1077 4898 1441 4955 Maximiano
1482 4900 1739 4971 impera-
1774 4893 1818 4947 D
1855 4899 2245 4972 etproximum
2266 4896 3221 4971 sicutseipsam,sauctoApostolo
3238 4899 3470 4957 dicente
3496 4901 3509 4940 ε

203 5034 412 5095 'Thess.
455 5057 493 5109 ι,
524 5043 579 5098 8.
657 5045 678 5078 ²
710 5046 730 5099 ι
756 5043 952 5100 Thess.
981 5058 1058 5115 1v,
1084 5042 1140 5097 9.
1217 5046 1237 5077 ³
1269 5042 1474 5099 Matth.
1507 5059 1561 5110 ι,
1592 5057 1760 5116 seqq.

206 5211 559 5279 (1)0uantum
585 5219 662 5275 ad
684 5219 913 5275 lrenen.
940 5221 1056 5276 Cur
1071 5224 1275 5276 autem
1305 5222 1515 5276 Irenen
1540 5220 1745 5276 Latina

158 5274 554 5365 garigiologias
568 5274 1051 5365 Aprilislgapen
1069 5274 1274 5347 autem
1293 5274 1347 5348 ei
1363 5274 1742 5365 etiamm

159 5345 299 5435 gms.
334 5345 467 5435 vei-’9
495 5345 561 5417 ἰὴ
599 5345 1345 5431 seseibgia'oaaa'ia‘s'
1368 5345 1442 5417 46
1456 5345 1743 5435 eam

160 5430 333 5507 lgepsis
349 5430 434 5486 die
444 5432 723 5507 habeant,
740 5430 1068 5507 prmsertim
1084 5452 1222 5491 cum
1246 5434 1411 5491 nulla
1432 5430 1611 5507 passa
1632 5435 1743 5490 illis

161 5486 335 5580 «litbus.
352 5486 678 5580 sparsis;
688 5486 772 5562 iiiir
785 5486 948 5580 ne;
968 5486 1743 5580 a“an;-ii;;;czgia;agag

166 5572 457 5645 conscripta,
475 5574 761 5635 hactenus
781 5577 896 5637 sibi
916 5579 1347 5654 incompertum
1373 5572 1617 5636 testatur
1637 5578 1745 5636 Ba-

1853 5220 2056 5275 ronius
2086 5219 2147 5276 in
2178 5223 2301 5276 not.
2329 5219 2406 5275 ad
2442 5219 2815 5292 Martyrolog.
2850 5221 3019 5277 Rom.
3052 5224 3081 5275 3
3112 5220 3296 5291 April.
3332 5222 3505 5289 Quod

1853 5299 2054 5347 autem
2077 5291 2316 5347 easdem
2347 5291 2859 5364 auctorimulieres
2891 5297 3056 5364 vocet
3080 5308 3217 5347 cum
3250 5295 3509 5364 virgines

1856 5364 2089 5431 fuerint,
2112 5369 2171 5418 ut
2204 5368 2486 5418 testantur
2518 5362 2932 5433 Martyrologia
2960 5362 3187 5429 Latina,
3212 5362 3511 5424 notamu-

1851 5435 2012 5516 lieris
2038 5450 2248 5516 nomen
2270 5435 2660 5516 adiaphoru‘m
2676 5442 2918 5516 ess-gent.
2930 5451 3129 5516 sexum
3154 5437 3509 5516 solum_modo

1852 5506 2135 5573 indicare,
2168 5511 2230 5561 ut
2268 5503 2540 5577 pluribus
2578 5506 2848 5577 disputat
2876 5503 3265 5564 Tertullianus
3307 5509 3392 5567 De
3420 5526 3509 5568 ve-

1856 5577 2023 5635 land.
2057 5580 2215 5649 virg.
2256 5576 2401 5633 Vide
2443 5576 2767 5634 Baronium
2796 5578 2925 5635 loco
2953 5579 3151 5637 citato.
