4062 6222
517 323 587 379 '79
1929 312 2185 371 MENSIS
2225 311 2531 368 APRILIS.
3861 310 3924 363 80

517 469 542 501 ‹‹
579 448 734 503 Finis
763 444 1039 519 praecepti
1081 448 1171 500 est
1199 443 1480 500 charitas‘
1509 460 1523 510 ;
1555 443 1799 498 nmerito
1836 446 2032 511 Agape
2065 454 2170 493 vo-
2204 440 2247 492 A
2282 440 2368 505 tu,
2401 435 2706 508 Eutychia,
2735 434 2901 508 quid,
2943 434 3032 490 ais
3058 431 3087 488 7
3116 435 3299 499 Idem,
3342 430 3537 504 inquit
3572 430 3690 498 illa,
3723 437 3779 487 et
3819 446 3925 500 ego

514 537 779 594 cabatur.
808 536 927 590 Hoc
944 534 1102 588 enim
1128 534 1366 589 nomine
1386 533 1569 588 Graeci
1591 531 1943 589 charitatem
1965 525 2173 600 appel-

509 627 655 683 lant.
687 625 880 679 Altera
909 639 1131 695 purum
1165 638 1235 678 ac
1270 622 1653 694 splendidum
1681 620 2055 692 baptismatis
2085 615 2171 671 ni-

510 720 688 771 torem
714 728 979 773 servans,
1004 712 1157 767 itaut
1179 712 1252 767 de
1286 712 1422 782 ipsa
1447 710 1860 781 prOpheticum
1884 706 2030 762 illud
2053 704 2169 759 dici

509 810 737 875 posset:
761 824 781 850 ι
809 800 1055 856 Lavabis
1078 816 1193 865 me,
1221 805 1469 872 etsuper
1495 800 1697 855 nivem
1718 795 2048 853 dealbabor
2066 796 2107 859 ⁵,
2137 812 2165 845 »

510 891 703 947 anive
730 904 950 945 nomen
991 888 1262 960 accepit;
1317 888 1563 944 Chionia
1612 887 1771 943 enim
1831 883 2164 941 dicebatur.

510 978 703 1035 Tertia
731 976 1052 1033 Salvatoris
1078 981 1135 1031 et
1165 976 1261 1031 Dei
1286 976 1472 1030 nostri
1503 975 1751 1036 donum,
1784 974 1898 1028 hoc
1929 977 2039 1039 est,
2073 985 2167 1040 pa-

514 1083 643 1123 cem
672 1068 731 1121 in
761 1082 822 1121 se
851 1066 1101 1131 habens,
1129 1069 1186 1120 et
1212 1066 1269 1119 in
1304 1080 1515 1120 omnes
1547 1079 1852 1131 exercens,
1879 1060 2168 1133 quemad-

510 1155 760 1212 modum
787 1155 1072 1211 Dominus
1090 1154 1240 1209 dixit
1266 1171 1278 1209 :
1300 1178 1318 1203 ι
1342 1157 1542 1210 Pacem
1568 1169 1762 1209 meam
1793 1152 1870 1207 do
1894 1150 2063 1205 vobis
2076 1150 2119 1216 δ,
2136 1168 2162 1199 »

510 1247 675 1301 lrene
707 1244 785 1299 ab
816 1243 1097 1299 omnibus
1137 1243 1485 1314 vocabatur,
1522 1260 1556 1297 a
1581 1258 1727 1315 pace
1758 1256 1979 1297 nomen
2017 1238 2167 1294 acci-

509 1335 698 1408 piens.
734 1337 846 1389 Has
902 1339 1015 1388 tres
1047 1333 1296 1388 feminas
1345 1350 1481 1388 cum
1516 1332 1593 1388 ad
1621 1349 1681 1387 se
1739 1332 1968 1394 ductas,
2006 1334 2061 1383 et
2086 1329 2167 1384 ita

509 1423 755 1481 affectas
770 1422 1159 1494 magistratus
1174 1421 1506 1488 vidisset,ut
1520 1421 1631 1476 diis
1650 1420 1941 1476 sacriﬁcia
1956 1416 2165 1474 offerre

510 1514 899 1585 nollent,igne
920 1513 1278 1568 cremandas
1303 1528 1435 1567 esse
1459 1512 1738 1576 decrevit,
1756 1516 1818 1566 ut
1841 1525 1945 1581 per
1970 1508 2166 1579 ignem

509 1604 705 1673 exigui
737 1603 1039 1674 temporis,
1072 1602 1195 1671 igni
1219 1602 1519 1672 subjectos
1557 1600 1865 1655 diabolum
1894 1614 2169 1654 omnem-

507 1709 626 1764 que
646 1693 996 1747 daamonum
1020 1696 1331 1759 catervam,
1361 1690 1546 1762 ipsius
1573 1688 1795 1744 diaboli
1817 1686 2164 1751 exercitum,

2279 526 2413 580 dico
2449 544 2461 578 :
2492 525 2653 580 malo
2692 530 2748 579 et
2768 525 2897 595 ipsa
2912 523 3086 589 mori,
3116 539 3295 594 quam
3328 521 3517 576 facere
3549 520 3707 592 quod
3728 520 3924 593 jubes.

2279 614 2461 670 Aitilli
2491 630 2743 686 praeses:
2779 617 2917 669 Num
2950 614 3136 668 virum
3163 611 3396 668 habes?
3427 613 3707 677 Mortuus,
3739 609 3928 681 inquit

2280 704 2588 775 Eutychia,
2623 704 2721 761 ille
2743 708 2855 759 est.
2901 707 3119 759 Prmses
3146 718 3283 758 vero
3309 717 3321 756 :
3352 700 3757 772 Quampridem
3788 715 3931 755 mor-

2278 800 2415 849 tuus
2435 799 2523 849 est
2538 795 2724 850 ?Ante
2747 809 2985 849 menses
3002 792 3121 848 fere
3138 797 3386 864 septem,
3410 791 3603 862 inquit
3621 789 3925 861 Eutychia.

2277 886 2433 939 Tunc
2465 884 2588 938 ille:
2625 883 2691 938 Et
2720 883 3021 938 nndenam
3054 883 3231 952 igitur
3261 881 3513 952 gravida
3542 879 3697 935 facta
3722 896 3786 934 es
3812 878 3931 935 ?Ex

2278 988 2368 1036 eo,
2403 972 2593 1044 inquit
2624 972 2746 1039 illa,
2775 972 2921 1038 viro,
2947 987 3123 1043 quem
3153 971 3314 1027 dedit
3337 969 3478 1025 mihi
3516 969 3689 1024 Deus.
3715 971 3933 1024 Praeses

2277 1065 2476 1117 autem
2503 1078 2516 1116 ε
2548 1061 2759 1116 Hortor
2790 1066 2864 1127 te,
2882 1061 3186 1132 Eutychia,
3225 1067 3286 1114 ut
3315 1059 3392 1114 ab
3423 1060 3534 1114 ista
3572 1058 3807 1114 insania
3837 1057 3932 1113 de-

2277 1152 2478 1205 sistere
2510 1150 2673 1218 velis,
2725 1156 2780 1205 et
2810 1150 2885 1205 ad
2924 1150 3224 1206 humanas
3262 1148 3651 1220 cogitationes
3701 1146 3930 1202 redeas.

2277 1238 2427 1303 Quid
2445 1239 2533 1293 ais
2553 1239 2580 1294 ?
2604 1239 2771 1294 visne
2785 1238 2965 1309 regali
2993 1239 3182 1294 edicto
3204 1237 3451 1310 parere?
3475 1236 3721 1300 Minime,
3742 1234 3935 1307 inquit

2276 1328 2581 1399 Entychia,
2624 1344 2735 1397 ego
2776 1344 2984 1400 parere
3022 1328 3183 1393 volo,
3228 1344 3363 1382 sum
3394 1327 3552 1381 enim
3580 1325 3930 1389 Christiana,

2277 1417 2373 1470 Dei
2406 1417 2833 1488 omnipotentis
2862 1433 3050 1472 serva.
3084 1420 3231 1472 Tum
3258 1416 3352 1471 ille
3384 1432 3395 1469 :
3433 1415 3728 1480 Quoniam
3760 1415 3936 1485 Euty-

2275 1506 2406 1561 chia
2446 1505 2694 1576 gravida
2732 1512 2837 1572 est,
2881 1507 3104 1561 interea
3148 1511 3407 1560 servetur
3438 1505 3499 1559 in
3546 1519 3779 1559 carcere
3834 1506 3932 1572 (3).

2282 1597 2477 1666 Atque
2505 1595 2629 1650 haec
2661 1595 2921 1651 addidit:
2945 1598 3029 1651 Tu
3054 1612 3210 1660 vero,
3233 1596 3457 1666 Agape,
3482 1593 3626 1666 quid
3639 1593 3725 1648 ais
3748 1594 3775 1650 ?
3807 1592 3937 1646 Vis-

2276 1700 2351 1740 ne
2376 1685 2580 1740 omnia
2607 1684 2707 1741 illa
2726 1684 2940 1749 facere,
2964 1701 3101 1757 quas
3132 1701 3242 1741 nos
3272 1683 3537 1740 dominis
3564 1681 3938 1753 imperatori-

508 1782 611 1855 qui
653 1781 766 1837 sub
792 1781 939 1837 cosio
971 1787 1075 1848 est,
1121 1787 1492 1851 superantes,
1527 1782 1933 1850 incorruptam
1966 1777 2165 1846 gloriae
2204 1805 2246 1859 Β
2278 1773 2391 1828 bus
2420 1790 2490 1830 ac
2529 1775 2865 1830 Caesaribus
2887 1775 3102 1830 nostris
3132 1775 3327 1830 devoti
3350 1774 3607 1830 facimus
3630 1771 3658 1827 ?
3681 1771 3931 1839 Minime,

507 1886 797 1927 coronam
813 1871 1086 1943 adipisci,
1107 1886 1175 1925 ac
1215 1873 1399 1925 Deum
1426 1869 1644 1942 ipsum,
1670 1885 1706 1924 a
1731 1884 1853 1940 quo
1876 1866 2063 1936 gratia
2084 1866 2165 1920 eis
2274 1862 2466 1934 inquit
2496 1868 2713 1934 Agape,
2750 1864 2920 1920 decet
2951 1866 3183 1920 Satanae
3215 1864 3491 1919 devotam
3520 1879 3617 1917 me
3647 1877 3796 1916 esse.
3832 1860 3932 1914 His

510 1958 724 2015 collata
754 1964 860 2023 est,
901 1975 1036 2014 cum
1079 1959 1305 2028 angelis
1336 1964 1619 2030 perpetuo
1650 1956 1983 2012 collaudare
2022 1970 2163 2026 pos-

509 2052 661 2104 sent.
698 2049 841 2112 QUtB
868 2063 1005 2104 vero
1031 2048 1104 2103 ad
1134 2047 1247 2103 illis
1269 2052 1438 2119 gesta
1468 2053 1627 2113 sunt,
1654 2062 1723 2101 ea
1750 2044 2008 2101 breviter
2033 2058 2164 2098 nar-

508 2136 794 2192 rabimus.

579 2226 671 2279 Ill.
698 2227 830 2281 Cum
857 2224 1200 2297 praesideret
1226 2224 1521 2281 Dulcetius
1544 2224 1644 2296 (2),
1672 2221 2035 2278 Artemensis
2061 2222 2164 2292 [aL

507 2313 887 2387 Artemisius]
914 2314 1111 2370 scriba
1136 2313 1323 2369 dixit:
1358 2314 1772 2385 Cognitionem
1806 2312 1879 2367 de
1921 2311 2035 2376 his,
2063 2310 2166 2382 qui

506 2408 830 2474 praesentes
842 2408 1039 2471 sunt,a
1055 2403 1399 2459 stationario
1414 2402 1670 2465 missam,
1686 2400 2165 2471 sijubes,legam.

506 2492 714 2558 Jubeo,
744 2492 935 2564 inquit
961 2492 1262 2547 Dulcetius
1294 2508 1535 2563 praeses,
1566 2496 1620 2547 te
1650 2492 1863 2560 legere.
1898 2492 2058 2545 Tunc
2089 2488 2170 2543 ait

509 2581 705 2637 scriba
729 2596 743 2636 :
769 2580 988 2637 Ordine
1012 2581 1114 2637 tibi
1135 2597 1271 2637 meo
1288 2581 1535 2637 domino
1556 2579 1781 2645 omnia,
1802 2594 1935 2650 quae
1951 2578 2167 2647 scripta

510 2675 671 2739 sunt,
690 2669 1316 2726 recitabo.Cassander
1331 2668 1743 2725 beneﬁciarius
1760 2668 1885 2723 haec
1900 2665 2161 2737 scripsit:

507 2759 685 2829 Scito,
720 2760 800 2814 mi
833 2759 1097 2825 domine,
1122 2759 1517 2829 Agathonem,
1548 2760 1814 2830 Agapen,
1840 2755 2162 2819 Chioniam,

509 2847 735 2915 Irenen,
758 2848 1017 2915 Casiam,
1052 2848 1398 2920 Philippam,
1422 2856 1477 2902 et
1502 2846 1854 2919 Eutychiam
1887 2844 2044 2901 nolle
2072 2845 2165 2900 his

509 2938 690 3003 vesci,
719 2953 855 3009 quae
886 2938 1000 2992 diis
1028 2942 1170 2992 sunt
1192 2937 1527 2992 immolata.
1567 2939 1675 2992 Eas
1702 2937 1876 3005 igitur
1907 2935 1983 2990 ad
2011 2940 2166 2989 tuam

509 3025 971 3096 amplitudinem
1012 3026 1402 3081 adducendas
1424 3041 1555 3081 esse
1585 3025 1808 3080 curavi.
1842 3031 2003 3079 Tunc
2036 3023 2165 3077 Dul-

2276 1951 2472 2007 verbis
2512 1969 2679 2008 mens
2709 1968 2843 2008 mea
2880 1969 3003 2009 non
3042 1953 3403 2009 abducitur:
3447 1949 3933 2022 inexpugnabilis

2277 2042 2435 2096 enim
2466 2041 2568 2096 illa
2597 2048 2709 2097 est.
2740 2042 2903 2097 Tunc
2917 2059 3143 2115 praeses
3158 2042 3238 2098 ait
3272 2064 3283 2096 :
3320 2040 3481 2107 Ettu,
3508 2037 3935 2112 Chionia,quid

2277 2131 2352 2186 ad
2372 2132 2501 2187 haec
2530 2131 2675 2187 dicis
2692 2131 2720 2187 ?
2742 2135 2989 2189 Mentem
3005 2138 3292 2197 nostram,
3319 2131 3511 2203 inquit
3538 2130 3801 2195 Chionia,
3836 2145 3935 2184 ne-

2278 2236 2377 2276 mo
2391 2225 2582 2292 potest
2607 2228 2952 2293 pervertere.
2977 2227 3046 2277 At
3074 2238 3294 2294 prmses
3320 2238 3332 2275 :
3358 2224 3509 2277 Num
3541 2219 3741 2290 aliqua
3768 2218 3938 2290 apud

2277 2326 2385 2365 vos
2403 2312 2872 2383 suntimpiorum
2893 2312 3353 2367 Christianorum
3367 2308 3820 2373 commentaria,
3844 2308 3937 2364 vel

2282 2399 2646 2455 membranae
2676 2400 2909 2473 aliquae,
2945 2400 3039 2457 vel
3066 2400 3240 2456 libri?
3281 2397 3608 2471 Respondit
3646 2397 3932 2454 Chionia:

2279 2488 2467 2553 Nulla,
2484 2505 2519 2544 ο
2548 2505 2789 2561 praeses,
2807 2490 2979 2546 nobis
2995 2496 3163 2554 sunt;
3197 2490 3403 2545 omnia
3428 2487 3938 2559 illaimperatores

2276 2579 2379 2650 qni
2412 2594 2573 2634 nunc
2590 2584 2744 2647 sunt,
2763 2595 2797 2635 a
2820 2579 2994 2635 nobis
3016 2579 3409 2634 abstulerunt.
3435 2579 3656 2633 Preeses
3691 2579 3899 2631 autem
3922 2592 3934 2629 :

2278 2668 2564 2733 Quisnam
2596 2669 2753 2724 hanc
2792 2673 3055 2724 mentem
3087 2668 3258 2724 vobis
3298 2667 3457 2722 dedit
3485 2666 3513 2721 ‘i
3544 2665 3938 2738 Omnipotens

2282 2756 2789 2828 Deus,inquitilla.
2822 2758 3185 2813 Dixitautem
3211 2773 3456 2828 praeses:
3482 2756 3733 2822 Quinam
3765 2758 3933 2824 sunt,

2276 2846 2556 2917 quivobis
2587 2850 2862 2903 auctores
2886 2846 3143 2913 fuerunt,
3167 2851 3229 2901 ut
3246 2846 3497 2901 adistam
3521 2843 3941 2900 stultitiamve-

2276 2935 2478 2990 niretis
2507 2936 2535 2991 ?
2569 2936 3228 3008 Deus,inquitChionia,
3257 2936 3640 3007 omnipotens
3660 2936 3715 2989 et
3729 2931 3944 3002 unige-

2275 3025 2432 3078 nitus
2466 3025 2594 3094 ejus
2629 3026 2825 3094 Filius,
2880 3025 3165 3080 Dominus
3197 3029 3399 3080 noster
3444 3026 3615 3080 Jesus
3648 3021 3943 3079 Christus.

510 3113 694 3168 cetius
746 3128 969 3185 praeses
1009 3113 1089 3167 illi
1120 3114 1266 3169 dixit
1297 3130 1307 3168 :
1377 3112 1666 3180 Quaenam
1701 3117 1791 3167 est
1826 3112 1940 3167 ista
1970 3116 2165 3167 vestra
2200 3151 2238 3201 α
2280 3112 2573 3168 Dulcetius
2614 3114 2694 3169 ait
2727 3130 2739 3168 :
2775 3114 3158 3171 Manifestum
3199 3113 3341 3169 illud
3371 3117 3480 3179 est,
3516 3112 3678 3183 quod
3720 3127 3947 3167 omnes

513 3206 678 3257 tanta
702 3202 954 3268 insania,
993 3207 1057 3257 ut
1097 3202 1293 3257 nolitis
1326 3202 1785 3274 religiosissimis
1824 3206 2165 3257 nostrorum

510 3291 940 3363 imperatorum
963 3296 1019 3347 et
1034 3292 1330 3346 Caesarum
1356 3292 1539 3362 jussis
1561 3290 1802 3346 obedire
1821 3291 1848 3345 ?
1871 3290 2165 3362 Agathoni

508 3385 710 3435 autem
753 3397 765 3431 :
800 3380 1014 3445 Quare,
1055 3380 1267 3452 inquit,
1304 3385 1363 3434 tu
1427 3380 1504 3435 ad
1545 3396 1717 3436 sacra
1758 3380 2160 3451 proﬁciscens,

508 3468 1028 3540 quemadmodum
1058 3472 1517 3537 consueverunt,
1559 3469 1663 3540 qui
1689 3470 1800 3523 diis
1832 3468 2164 3524 consecrati

512 3562 673 3623 sunt,
702 3574 823 3614 non
850 3559 941 3614 his
967 3557 1152 3614 sacris
1191 3575 1335 3614 usus
1366 3574 1428 3613 es
1453 3560 1479 3613 ?
1532 3558 1854 3630 Respondit
1892 3557 2114 3627 Agatho
2149 3574 2162 3611 :

512 3648 797 3712 Quoniam
821 3647 1194 3703 Christianus
1218 3662 1329 3717 ego
1343 3664 1486 3702 sum.
1508 3650 1645 3703 Tum
1673 3646 1999 3703 Dulcetius:
2022 3649 2163 3701 Num

510 3740 572 3792 tu
611 3736 788 3793 etiam
816 3736 1107 3793 hodierno
1139 3737 1236 3793 die
1262 3737 1322 3793 in
1352 3754 1422 3793 eo
1458 3738 1761 3809 proposito
1794 3752 2110 3809 permanes
2139 3734 2166 3790 ‘1’

508 3825 776 3891 Maxime,
812 3825 1004 3897 inquit
1040 3826 1291 3896 Agatho.
1327 3829 1399 3882 At
1436 3827 1529 3882 ille
1571 3843 1583 3882 :
1614 3830 1697 3882 Tu
1730 3842 1895 3895 vero,
1939 3826 2161 3898 Agape,

509 3914 655 3986 quid
669 3914 757 3970 ais
780 3916 808 3972 ‘I
835 3915 1157 3987 Respondit
1181 3932 1191 3971 :
1221 3918 1341 3986 Ego
1371 3917 1488 3971 Deo
1512 3916 1725 3971 viventi
1753 3917 1949 3981 credo,
1972 3931 2165 3986 neque

508 4004 651 4061 volo
679 4010 834 4059 recte
864 4004 1156 4060 factorum
1189 4005 1614 4060 conscientiam
1654 4021 1853 4061 meam
1896 4003 2161 4075 perdere.

509 4094 673 4149 Tunc
688 4109 908 4164 praeses
934 4113 945 4152 :
964 4096 1046 4148 Tu
1061 4099 1262 4148 autem
1276 4094 1422 4166 quid
1442 4093 1518 4149 ad
1543 4092 1667 4148 haec
1686 4093 1854 4159 dicis,
1880 4093 2164 4150 Chionia?

515 4181 602 4236 Ait
624 4181 723 4236 illa
753 4198 764 4235 :
795 4181 941 4236 Cum
966 4183 1085 4236 Deo
1114 4181 1247 4237 vivo
1279 4183 1543 4248 credam,
1569 4182 1647 4237 ob
1674 4182 1732 4236 id
1768 4182 1929 4238 nolui
1953 4183 2163 4246 facere,

512 4269 678 4341 quod
707 4270 877 4325 dicis.
909 4271 989 4325 Ad
1019 4271 1224 4326 Irenen
1259 4288 1397 4327 vero
1429 4287 1751 4326 conversus
1782 4287 2021 4342 praeses,
2052 4272 2161 4326 ait:

514 4357 812 4422 Quidnam
832 4364 897 4414 tu
914 4360 992 4415 ad
1012 4359 1137 4415 haec
1162 4362 1189 4417 ‘1’
1235 4376 1340 4415 cur
1368 4376 1490 4415 non
1522 4361 1788 4431 piissimo
1820 4365 2163 4415 nostrorum

510 4446 942 4518 imperatorum
983 4454 1039 4504 et
1064 4451 1363 4505 Caesarum
1398 4448 1591 4520 jussui
1623 4448 2164 4521 obtemperavisti?

513 4535 703 4592 Divini
721 4536 938 4593 timoris
962 4554 1163 4605 causa,
1189 4539 1374 4610 inquit
1416 4539 1596 4593 Irene.
1634 4537 1776 4593 Dein
1808 4541 2058 4596 Praeses:
2083 4540 2165 4593 Tu

510 4640 673 4695 vero,
695 4626 886 4691 Casia,
906 4627 1051 4699 quid
1067 4628 1154 4682 ais
1172 4630 1199 4685 7
1221 4628 1494 4682 Animam
1525 4643 1741 4693 meam,
1761 4627 1952 4699 inquit
1969 4628 2162 4689 Casia,

514 4730 752 4770 servare
792 4716 947 4771 volo.
992 4716 1217 4772 Praeses
1250 4723 1479 4772 autem:
1511 4716 1815 4787 Numquid
1855 4733 2159 4772 sacrorum

509 4804 599 4859 vis
630 4820 758 4860 esse
800 4806 1143 4876 particeps?
1174 4805 1417 4875 Minime,
1450 4806 1643 4878 inquit
1674 4805 1791 4860 illa.
1820 4808 1980 4862 Tunc
2010 4822 2165 4877 pree-

512 4908 605 4950 ses
629 4912 642 4950 :
676 4896 759 4950 Tu
782 4910 939 4960 vero,
958 4894 1246 4967 Philippa,
1275 4896 1421 4967 quid
1448 4896 1594 4951 dicis
1616 4896 1644 4951 ‘I
1670 4896 1991 4967 Respondit
2016 4894 2115 4951 illa
2145 4912 2157 4950 :

510 4983 676 5039 Idem
704 4988 882 5053 etego
900 4983 1055 5039 dico.
1077 4985 1393 5049 Quidnam,
1420 4985 1869 5057 inquitpraeses,
1886 4985 2159 5040 liocidem

510 5078 617 5137 est,
648 5073 812 5145 quod
848 5072 990 5127 dicis
1028 5074 1056 5129 7
1082 5073 1163 5127 Illi
1197 5080 1397 5129 autem
1431 5073 1704 5146 Philippa
1748 5090 1760 5128 :
1792 5073 1935 5128 Mori
1978 5073 2155 5139 malo,

2277 3218 2379 3257 vos
2410 3203 2703 3258 devotioni
2748 3210 3093 3259 nostrorum
3131 3204 3449 3275 potentium
3504 3202 3947 3274 imperatorum

2275 3308 2344 3346 ac
2376 3290 2677 3348 Caesarum
2712 3293 3011 3363 subjectos
3041 3309 3168 3348 esse
3199 3297 3449 3365 oportet.
3471 3291 3767 3358 Quoniam
3789 3305 3948 3346 vero

2277 3386 2410 3451 post
2440 3387 2551 3437 tam
2592 3381 2844 3437 multum
2874 3387 3137 3454 tempus,
3186 3385 3322 3453 post
3352 3387 3435 3438 tot
3465 3380 3946 3445 admonitiones,

2277 3469 2679 3542 totqueedicta
2699 3470 3027 3542 proposita,
3050 3475 3106 3527 et
3135 3474 3282 3526 tales
3314 3469 3510 3525 minas
3528 3469 3795 3541 injectas,
3828 3484 3953 3524 vos

2277 3559 2595 3614 temeritate
2617 3559 2881 3632 quadam
2900 3565 2956 3615 et
2976 3559 3232 3615 audacia
3253 3558 3441 3621 elatae,
3464 3559 3735 3630 ipsorum
3760 3557 3955 3629 impe-

2275 3653 2539 3703 ratorum
2581 3664 2650 3704 ac
2682 3651 2980 3705 Cassarum
2996 3649 3159 3720 justa
3189 3649 3360 3721 jussa
3390 3644 3861 3721 contempsistis,
3885 3647 3953 3701 in

2275 3736 2741 3793 Christianorum
2757 3738 2932 3809 impio
2952 3740 3183 3793 nomine
3206 3743 3655 3810 permanentes:
3686 3750 3955 3807 cumque

2277 3826 2350 3880 ad
2386 3826 2742 3882 hodiernum
2776 3827 2933 3883 diem
2956 3828 3141 3898 jussae
3174 3844 3209 3883 a
3241 3827 3595 3882 stationariis
3625 3842 3694 3881 ac
3720 3824 3956 3897 primis

2276 3915 2584 3980 militibus,
2619 3916 2828 3972 Christi
2870 3918 3244 3986 negationem
3302 3916 3590 3988 scriptam
3644 3914 3951 3987 profiteri,

2277 4004 2467 4059 facere
2497 4004 2561 4060 id
2586 4006 2888 4072 recusetis,
2920 4012 3235 4077 propterea
3266 4020 3475 4077 poenas
3507 4004 3678 4060 vobis
3715 4004 3959 4072 dignas

2276 4093 2537 4164 accipite.
2570 4094 2634 4149 ld
2665 4110 2798 4149 cum
2843 4094 3105 4159 dixisset,
3149 4093 3503 4150 sententiam
3536 4094 3821 4165 scriptam
3863 4091 3963 4147 1e-

2277 4181 2358 4250 git
2381 4199 2393 4235 :
2414 4183 2653 4253 Agapen
2674 4188 2730 4238 et
2752 4182 3074 4249 Chioniam,
3099 4182 3378 4255 quoniam
3397 4182 3617 4254 iniquis
3638 4179 3966 4237 mentibus

2276 4276 2331 4325 et
2356 4272 2670 4327 contrariis
2702 4272 3006 4327 sententiis
3049 4273 3238 4339 elatae,
3272 4278 3478 4327 contra
3504 4270 3773 4326 divinum
3807 4272 3970 4327 edi-

2275 4364 2423 4413 ctum
2449 4359 2812 4415 dominorum
2837 4363 3232 4430 Augustorum
3256 4360 3616 4416 etCaesarum
3640 4359 3969 4422 fecerunt.

2276 4454 2331 4502 et
2360 4464 2518 4502 nunc
2543 4448 2725 4503 etiam
2761 4448 3158 4517 temerariam,
3192 4466 3411 4505 vanam
3434 4455 3490 4505 et
3510 4448 3621 4521 piis
3651 4448 3971 4505 omnibus

2275 4536 2694 4593 exsecrabilem
2717 4538 3186 4594 Christianorum
3209 4537 3973 4609 religionemcolunt,igni

2276 4626 2592 4682 tradendas
2615 4627 2797 4697 jubeo
2839 4628 3054 4699 [lisque
3085 4628 3276 4695 dictis,
3312 4628 3661 4699 subjunxit:
3693 4629 3974 4696 Agatho

2275 4720 2494 4781 autem,
2529 4716 2713 4781 Casia,
2747 4717 3016 4789 Philippa
3056 4722 3111 4773 et
3144 4720 3324 4782 [rene,
3380 4717 3585 4790 quoad
3618 4716 3763 4772 mihi
3807 4717 3977 4789 pla-

2274 4804 2478 4868 cuerit,
2510 4811 2816 4861 serventur
2845 4805 2905 4859 in
2932 4821 3185 4862 carcere.

2346 4894 2435 4947 IV.
2461 4893 2666 4950 Postea
2694 4910 2853 4959 vero,
2883 4911 3069 4967 quam
3113 4896 3489 4952 sanctissimas
3512 4894 3791 4951 mulieres
3810 4895 3985 4969 igni

2273 4990 2708 5039 consummata:
2736 4989 2888 5051 sunt,
2906 5001 3039 5039 cum
3066 5002 3271 5040 rursus
3294 4986 3676 5041 sanctalrene
3690 4985 3767 5041 ad
3782 5001 3988 5057 prae—

2272 5074 2460 5128 sidem
2491 5073 2909 5140 dnctafuisset,
2938 5074 3236 5131 Dulcetius
3270 5074 3353 5130 sic
3371 5074 3533 5130 illam
3550 5074 3767 5131 affatus
3798 5083 3925 5134 est
3964 5096 3979 5135 :

508 5177 694 5234 quam
721 5161 928 5219 vestris
978 5162 1276 5219 sacrificiis
1323 5162 1501 5218 vesci.
1552 5165 1713 5217 Tunc
1753 5178 1969 5233 praeses
1999 5178 2010 5217 :
2045 5163 2157 5218 Sed
2269 5164 2397 5217 Tua:
2426 5162 2673 5218 insanim
2703 5163 3074 5235 propositum
3105 5180 3175 5220 ex
3198 5164 3314 5230 his,
3347 5180 3484 5238 quae
3515 5163 3682 5231 facis,
3741 5169 3993 5226 mani-

580 5261 650 5315 ‘I
688 5262 835 5317 Tim.
876 5277 914 5317 1.
948 5265 1002 5317 5.
1082 5262 1103 5296 δ
1137 5261 1293 5318 Psal.
1326 5278 1377 5333 ι,
1412 5260 1465 5315 9.
1544 5263 1563 5295 ⁸
1601 5261 1771 5317 Joan.
1802 5276 1920 5325 x1v,
1957 5264 2047 5318 27.

605 5436 659 5510 2)
689 5440 860 5494 Anno
900 5442 1021 5495 304.
1065 5439 1208 5495 Vide
1250 5438 1591 5498 Baronium.

606 5511 836 5584 3)_Lege
880 5512 1038 5584 enim
1071 5511 1436 5584 vetitumAde
1492 5511 1947 5584 praegnantibus
2001 5511 2159 5567 sumi

508 5580 869 5656 supplicium
900 5582 1073 5659 docet
1104 5581 1443 5639 Plutarchus
1481 5580 1553 5640 de
1586 5580 1674 5639 his
1703 5583 1806 5657 qui
1839 5599 1961 5641 sero
1992 5598 2028 5640 a
2048 5599 2159 5639 nu-

2269 5440 2427 5514 mine
2461 5442 2816 5510 puniuntur.
2853 5441 2963 5498 Sed
2983 5457 3093 5497 nec
3110 5440 3180 5497 de
3204 5442 3287 5497 eis
3310 5441 3517 5514 haberi
3539 5444 3995 5514 qumstionem

2270 5511 2531 5569 affirmat
2556 5514 2843 5586 Ulpianus
2866 5515 2909 5572 l.
2931 5514 3309 5586 Prwgnamz‘s
3338 5513 3401 5581 ﬂ",
3434 5516 3515 5571 De
3539 5511 3759 5587 poenis.
