4062 6222
152 309 207 365 8t
1272 307 1442 364 VITA
1481 305 1871 365 SS.AGAPES
1905 306 1992 363 ET
2032 307 2437 367 SOCIARUM.
3487 319 3558 375 82

152 433 293 490 festo
308 436 587 504 apparet,
607 448 743 505 qua:
765 433 1279 503 totmembranas,
1300 434 1511 499 libros,
1531 435 1803 501 tabellas,
1838 434 1883 487 A
1915 437 2016 491 cut
2045 450 2080 492 a
2110 436 2401 509 principio
2431 452 2935 493 consueveramus
2976 454 3165 510 usque
3209 440 3286 496 ad
3334 458 3560 500 annum

150 522 446 579 codicillos
477 526 534 577 et
561 523 814 593 paginas
844 523 1301 595 Scripturarum,
1336 540 1470 597 quae
1513 531 1650 581 sunt
1701 526 1806 581 im-

150 614 379 687 piorum
404 612 900 681 Christianorum,
918 614 1019 685 qui
1039 631 1307 688 unquam
1323 615 1583 681 fuerunt,
1605 615 1679 671 ad
1703 614 1807 670 ho-

151 704 418 758 diernum
463 717 663 773 usque
716 701 875 758 diem
910 720 1151 760 servare
1181 705 1422 760 voluisti
1459 721 1470 758 :
1502 721 1637 777 quae
1667 720 1805 759 cum

151 791 368 865 prolata
392 795 709 856 essent,ea
729 792 1084 861 cognovisti,
1108 794 1389 866 quamvis
1415 794 1681 865 quotidie
1710 809 1808 849 ne-

150 880 394 952 gaveris,
430 896 543 935 vos
574 882 875 953 ejusmodi
902 885 1125 954 scripta
1156 883 1482 955 possidere,
1517 900 1637 939 non
1666 899 1809 939 con-

149 975 295 1025 tenta
327 986 537 1041 neque
572 987 844 1026 sororum
878 976 1114 1028 tuarum
1147 989 1347 1046 poena,
1380 989 1571 1044 neque
1604 973 1809 1029 mortis

148 1066 361 1116 metum
386 1076 518 1133 prie
537 1060 728 1117 oculis
740 1060 995 1119 habens.
1022 1063 1428 1129 Quamobrem
1444 1063 1545 1119 tibi
1566 1079 1808 1135 poenam

146 1150 328 1207 afferri
355 1165 614 1206 necesse
637 1156 747 1206 est.
773 1152 886 1207 Sed
910 1152 1174 1208 alienum
1200 1158 1401 1209 tamen
1417 1168 1539 1209 non
1554 1152 1805 1217 videtur,

145 1240 312 1296 etiam
341 1255 517 1295 nunc
554 1240 934 1309 benignitatis
966 1245 1195 1313 partem
1228 1242 1496 1315 aliquam
1531 1241 1637 1297 tibi
1667 1256 1806 1297 con-

144 1329 358 1387 donari.
398 1334 470 1384 ut
493 1328 544 1383 si
576 1330 837 1385 volueris
865 1320 1259 1387 nunc'saltem
1295 1332 1435 1387 deos
1461 1346 1802 1401 agnoscere,

146 1418 401 1491 impunis
414 1419 568 1474 etab
581 1420 747 1475 omni
761 1420 1054 1491 supplicio
1071 1421 1459 1492 periculoque
1474 1420 1662 1476 libera
1675 1436 1806 1476 esse

147 1508 349 1581 possis.
386 1508 551 1573 Quid
581 1508 762 1577 igitur
791 1509 931 1565 dicis
959 1511 988 1565 ?
1020 1510 1262 1566 Facisne
1293 1510 1459 1583 quod
1492 1510 1807 1581 imperato-

146 1613 231 1653 res
259 1597 456 1653 nostri
482 1601 542 1653 et
580 1598 843 1654 Caesares
884 1599 1246 1671 jusserunt?
1278 1602 1429 1655 Num
1484 1604 1693 1671 parata
1744 1615 1806 1654 es

152 1686 447 1743 sacriﬁciis
471 1688 659 1751 vesci,
690 1692 747 1743 et
777 1688 890 1743 diis
922 1688 1234 1744 immolare
1261 1688 1290 1743 ‘i
1323 1689 1585 1753 Minime,
1614 1688 1807 1760 inquit

1918 524 2305 595 superiorem,
2339 543 2461 599 quo
2510 533 2566 583 et
2613 526 2712 582 illa
2764 526 3213 583 occultavimus.
3271 530 3568 588 Dulcetius

1916 629 2141 685 praeses
2178 615 2360 671 dicit:
2399 618 2642 673 Sorores
2673 617 2916 689 quidem
2960 622 3073 672 tuae
3116 633 3324 689 poenas
3368 626 3569 678 nostro

1911 706 2083 774 jussu
2137 705 2401 762 decretas
2456 707 2840 762 exsolveruut
2872 722 2884 771 ;
2917 712 2968 762 te
3022 723 3176 773 vero,
3210 709 3317 764 etsi
3375 716 3571 767 antea-

1917 809 2101 865 quam
2128 795 2485 865 aufugisses,
2520 801 2834 868 prOpterea
2856 796 3019 868 quod
3050 797 3271 869 scripta
3293 814 3362 854 ac
3389 815 3573 855 mem-

1918 882 2140 938 branas
2158 886 2298 941 istas
2319 885 2746 949 occultaveras,
2771 887 2977 941 mortis
3001 902 3179 957 ptena
3214 887 3321 942 tibi
3340 888 3574 945 decreta

1920 971 2123 1036 fuerat,
2153 989 2267 1029 non
2301 981 2498 1030 tamen
2516 975 2727 1031 eodem
2754 975 2934 1031 modo
2954 976 3136 1044 jubeo
3168 992 3199 1031 e
3228 977 3344 1033 vita
3368 977 3452 1032 sic
3478 994 3571 1033 re-

1919 1066 2093 1133 pente
2124 1062 2427 1119 discedere
2464 1081 2475 1119 :
2514 1080 2719 1119 verum
2752 1080 2856 1136 per
2874 1065 3153 1121 satellites
3177 1065 3352 1137 ipsos,
3386 1071 3442 1122 et
3466 1071 3570 1123 Zo-

1919 1150 2136 1206 simum
2153 1152 2462 1223 publicum
2480 1153 2823 1209 carniﬁcem
2841 1154 2901 1209 in
2918 1154 3191 1225 lupanari
3210 1155 3438 1211 nudam
3458 1162 3571 1212 sta-

1919 1241 2001 1296 tui
2026 1241 2331 1312 praecipio,
2350 1258 2379 1297 e
2400 1243 2641 1313 pallatio
2657 1243 2905 1312 singulis
2921 1242 3130 1299 diebus
3147 1260 3367 1315 panem
3382 1261 3570 1301 unum

1916 1334 2274 1395 sumentem,
2302 1331 2649 1387 satellitibus
2686 1332 2823 1403 ipsis
2853 1348 2974 1389 non
3006 1333 3487 1402 permittentibus
3520 1339 3572 1391 te

1915 1417 2076 1473 illinc
2104 1418 2428 1475 discedere.

1990 1507 2082 1562 VI.
2116 1511 2260 1565 Cum
2288 1508 2465 1581 igitur
2494 1509 2769 1565 satellites
2796 1515 2852 1564 et
2876 1511 3144 1567 Zosimus
3168 1512 3447 1583 publicus
3466 1513 3572 1568 mi-

1916 1596 2102 1651 nister
2130 1602 2346 1668 praesto
2396 1602 2592 1653 essent
2626 1614 2637 1652 ;
2673 1598 2841 1661 Illud,
2874 1599 3066 1670 inquit
3123 1615 3363 1671 praeses,
3398 1600 3573 1656 vobis

1918 1693 2125 1741 notum
2140 1687 2229 1751 sit,
2249 1687 2413 1759 quod
2428 1687 2474 1741 si
2491 1687 2634 1742 mihi
2656 1688 3055 1755 signiﬁcatum
3074 1688 3265 1752 fuerit,
3283 1689 3373 1743 vel
3408 1689 3571 1745 horas

156 1780 318 1837 Irene,
354 1776 614 1831 minime
641 1792 747 1848 per
778 1779 958 1832 Deum
978 1776 1147 1832 illum
1174 1776 1669 1848 omnipotentem,
1703 1776 1805 1849 qui
1842 1790 1885 1845 Β
1917 1774 2171 1845 alicujus
2201 1780 2504 1832 momento
2526 1777 2700 1832 istam
2714 1792 2783 1831 ex
2806 1778 3016 1833 eoloco
3039 1784 3265 1833 motam
3288 1778 3491 1843 fuisse,
3512 1779 3573 1834 in

164 1866 359 1919 creavit
387 1864 611 1920 coelum
653 1870 712 1920 et
747 1869 983 1930 terram,
1030 1881 1194 1921 mare
1235 1871 1291 1920 et
1324 1866 1549 1931 omnia,
1581 1881 1714 1938 qua:
1748 1865 1807 1919 in

171 1954 248 2008 eis
272 1959 415 2009 sunt.
442 1956 697 2009 Summa
722 1954 882 2009 enim
903 1954 1055 2010 illius
1078 1955 1231 2025 ignis
1254 1955 1601 2026 sempiterni
1629 1970 1809 2027 poena

171 2045 453 2114 proposita
480 2043 583 2098 his
611 2048 722 2107 est,
750 2043 855 2116 qui
898 2046 1097 2100 Iesum
1124 2044 1224 2099 Dei
1254 2044 1515 2100 Verbum
1557 2060 1809 2114 negave-

160 2132 277 2187 rint.
311 2132 622 2188 Dulcetius
666 2150 838 2188 vero:
882 2133 1179 2204 Quisnam
1214 2134 1315 2189 tibi
1345 2138 1544 2189 auctor
1584 2134 1708 2199 fuit,
1746 2138 1810 2189 ut

154 2224 529 2278 membranas
562 2222 711 2278 istas
740 2227 920 2294 atque
962 2223 1292 2295 Scripturas
1330 2223 1409 2280 ad
1450 2223 1805 2279 hodiernum

153 2326 325 2383 usque
384 2311 556 2367 diem
610 2311 984 2367 custodiresl
1037 2312 1156 2381 Ille,
1192 2312 1387 2385 inquit
1438 2314 1623 2379 Irene,
1654 2313 1807 2368 Deus

148 2402 548 2473 omnipotens,
574 2401 677 2473 qui
694 2401 875 2474 jussit
894 2417 997 2458 nos
1019 2402 1092 2457 ad
1117 2408 1371 2458 mortem
1396 2418 1585 2475 usque
1605 2402 1805 2474 ipsum

146 2491 376 2561 diligere
406 2508 421 2547 :
450 2507 583 2563 qua
608 2490 683 2547 de
713 2506 896 2546 causa
922 2507 1045 2547 non
1076 2507 1235 2546 ausae
1265 2508 1477 2547 sumus
1507 2508 1646 2547 eum
1675 2509 1807 2564 pro-

142 2580 263 2635 dere
297 2601 311 2639 :
346 2580 464 2635 sed
518 2579 849 2635 maluimus
903 2584 1006 2635 aut
1039 2580 1295 2635 viventes
1349 2580 1643 2644 comburi.
1679 2586 1803 2647 aut,

141 2686 516 2743 quaecunque
534 2669 656 2724 alia
672 2670 847 2725 nobis
864 2669 1200 2735 acciderint,
1221 2671 1473 2743 perpeti,
1506 2686 1690 2743 quam
1721 2675 1803 2727 ta-

140 2759 208 2814 lia
227 2761 460 2829 scripta
490 2759 771 2829 prodere.

202 2849 266 2902 ν.
302 2851 463 2904 Tum
496 2864 726 2918 praeses
755 2863 766 2901 :
794 2847 1095 2913 Quisnam,
1128 2848 1340 2921 inquit,
1365 2848 1642 2903 conscius
1683 2854 1809 2905 erat

144 2938 257 2993 hec
282 2938 346 2991 in
367 2938 563 2991 domo
583 2936 687 2991 illa
700 2952 850 3001 esse,
877 2937 935 2991 in
957 2953 1073 3009 qua
1093 2937 1414 2993 habitabas
1436 2936 1462 2991 ‘f
1484 2938 1805 3009 Respondit

142 3028 292 3081 Irene
325 3026 515 3083 :Haec
539 3025 693 3080 vidit
716 3027 865 3081 Deus
891 3026 1290 3099 omnipotens,
1311 3027 1636 3100 quiomnia
1655 3028 1761 3084 scit
1792 3045 1805 3094 ;
1834 3078 1841 3083 .

143 3122 418 3185 praeterea
445 3130 655 3170 nemo.
687 3117 926 3170 Nostros
950 3115 1107 3171 enim
1134 3116 1411 3171 homines
1436 3116 1690 3172 inimicis
1708 3134 1807 3188 pe-
1837 3140 1878 3197 ρ

140 3206 286 3273 jores
319 3204 625 3259 duximus
652 3219 725 3258 ne
754 3204 901 3259 forte
926 3219 1037 3259 nos
1074 3204 1389 3261 deferrent.
1424 3206 1629 3278 Itaque
1659 3206 1804 3261 nulli

144 3295 257 3350 haec
297 3293 714 3349 ostendimus.
750 3293 1065 3364 Superiora
1104 3310 1285 3361 anno,
1328 3295 1521 3366 inquit
1558 3311 1801 3366 praises,

143 3401 265 3439 cum
287 3384 561 3439 edictum
578 3382 727 3438 illud
739 3382 876 3447 tale,
893 3398 963 3438 ac
980 3384 1140 3454 pium
1161 3385 1398 3454 jussum
1416 3385 1802 3441 dominorum

144 3476 569 3545 imperatorum
606 3488 677 3527 ac
710 3473 1008 3527 Caesarum
1040 3473 1234 3544 primo
1266 3472 1373 3528 fuit
1401 3472 1797 3543 divulgatum,

142 3563 383 3617 ubinam
410 3577 528 3617 vos
560 3560 779 3616 latuisti
804 3560 832 3615 ‘i
852 3560 939 3616 Ad
965 3562 1092 3617 haec
1116 3563 1280 3617 Irene
1308 3579 1319 3616 :
1350 3562 1491 3627 Illic,
1514 3563 1616 3618 ubi
1653 3566 1803 3618 Deus

139 3651 334 3705 voluit.
366 3650 428 3704 In
449 3649 765 3704 montibus
791 3650 923 3717 (scit
943 3650 1123 3720 Deus)
1145 3650 1257 3705 sub
1279 3650 1377 3705 dio
1394 3650 1636 3705 fuimus.
1656 3651 1804 3706 Prte-

142 3756 225 3794 ses
242 3756 387 3795 vero
414 3757 426 3794 :
457 3738 638 3811 Apud
658 3754 839 3811 quem
864 3740 1093 3794 vixistis
1116 3739 1144 3794 ?
1172 3739 1293 3795 Sub
1320 3740 1439 3805 dio,
1462 3740 1654 3811 inquit
1682 3740 1798 3801 illa.

144 3828 283 3884 alias
314 3829 375 3884 in
411 3827 553 3883 aliis
580 3828 885 3884 montibus
910 3834 1234 3883 versantes.
1273 3834 1341 3884 At
1368 3844 1590 3901 praeses
1623 3846 1636 3884 :
1671 3830 1804 3895 Qui-

147 3934 279 3973 nam
301 3922 501 3981 erant,
526 3917 632 3988 qui
658 3916 815 3971 vobis
834 3932 1054 3989 panem
1078 3917 1549 3989 suppeditabant
1574 3916 1603 3971 Ῡ
1629 3920 1800 3983 Deus,

150 4007 336 4077 inquit
365 4007 560 4075 Irene,
588 4005 687 4076 qui
716 4006 995 4061 omnibus
1027 4022 1226 4061 escam
1260 4006 1617 4078 suppeditat.
1658 4009 1801 4062 Tum

156 4111 370 4166 pmses
398 4094 489 4150 ait
519 4110 531 4149 :
566 4094 775 4150 Eratne
797 4100 966 4167 pater
984 4100 1179 4151 vester
1207 4096 1421 4152 harum
1447 4111 1643 4151 rerum
1676 4112 1809 4151 con-

162 4185 306 4240 scius
336 4184 366 4239 ?
388 4190 464 4240 At
484 4188 680 4239 Irene:
710 4182 970 4250 Minime,
992 4200 1093 4254 per
1112 4186 1293 4240 Deum
1317 4186 1804 4257 omnipotentem,

164 4274 431 4330 conscius
449 4278 580 4329 erat
600 4272 713 4339 ille,
741 4273 931 4345 quine
952 4272 1369 4345 novitquidem
1389 4274 1516 4329 haec
1538 4274 1806 4330 omnino.

166 4365 373 4419 Praeses
396 4363 521 4419 ait:
553 4362 695 4428 Quis
720 4361 900 4432 igitur
915 4367 1247 4418 vestrorum
1266 4362 1596 4419 vicinorum
1622 4362 1680 4417 id
1708 4379 1811 4419 no-

169 4460 313 4508 verat
340 4454 354 4508 l
387 4452 644 4519 Vicinos,
677 4450 868 4523 inquit
898 4451 1082 4518 Irene,
1116 4452 1437 4523 interroga,
1481 4457 1536 4508 et
1566 4453 1694 4507 loca
1724 4452 1809 4508 in-
1844 4488 1887 4542 Β

168 4543 338 4614 quire,
367 4542 461 4597 vel
492 4558 595 4597 eos
626 4541 724 4613 qui
754 4546 996 4605 norunt,
1025 4540 1121 4597 ubi
1154 4557 1264 4597 nos
1287 4558 1546 4597 eramus.
1582 4542 1810 4597 Prmses

170 4631 330 4687 dixit:
367 4632 699 4702 Postquam
730 4647 760 4685 e
802 4638 1003 4686 monte
1034 4647 1285 4686 reversae
1308 4631 1516 4697 fuistis,
1543 4638 1605 4686 ut
1636 4636 1695 4687 tu
1728 4632 1811 4686 di-

174 4720 638 4791 cis,legebatisne
664 4720 886 4791 scripta
904 4720 1034 4786 ista,
1058 4725 1345 4786 praesente
1364 4720 1564 4792 aliquo
1587 4720 1614 4775 ?
1640 4722 1809 4777 Domi

174 4818 366 4866 nostra:
396 4815 590 4877 erant,
623 4808 819 4882 inquit
858 4813 1021 4864 Irene
1060 4825 1256 4882 neque
1297 4809 1673 4865 audebamus
1714 4809 1811 4865 illa

176 4898 395 4955 efferre:
418 4899 827 4972 quamobrem
851 4914 1211 4971 magnOpere
1234 4898 1628 4969 angebamur,
1647 4899 1812 4970 quod

181 5002 281 5044 non
307 4994 652 5062 poteramus
682 4991 857 5045 nocte
889 5002 960 5042 ac
992 4987 1086 5043 die
1122 4987 1232 5043 illis
1262 5003 1507 5060 operam
1540 4987 1705 5057 dare,
1739 4987 1812 5043 si-

1917 1879 2039 1935 quo
2070 1880 2197 1919 esse
2224 1865 2538 1935 jussimus,
2574 1871 2715 1921 tunc
2749 1882 2850 1921 vos
2882 1882 3177 1937 supremae
3209 1882 3400 1938 paenae
3435 1868 3573 1923 sub-

1914 1953 2052 2022 jecti
2076 1954 2257 2008 eritis.
2290 1955 2517 2026 Scripta
2542 1970 2676 2009 vero
2733 1955 2865 2025 ipsa
2888 1970 2923 2009 a
2954 1954 3183 2009 scriniis
3238 1961 3292 2010 et
3354 1956 3572 2011 arculis

1918 2041 2117 2098 Irenes
2151 2043 2542 2114 proferantur.
2579 2046 2723 2099 Cum
2764 2044 2942 2113 igitur
2972 2044 3484 2114 quemadmodum
3536 2060 3572 2101 a

1924 2131 2169 2202 praeside
2195 2132 2341 2203 jussi
2372 2132 2621 2199 fuerant,
2656 2149 2789 2188 eam
2820 2132 2899 2187 illi
2931 2133 3006 2189 ad
3055 2133 3361 2203 publicum
3408 2131 3574 2205 lupa-

1918 2236 2027 2276 nar
2053 2221 2379 2288 duxissent,
2408 2227 2464 2277 et
2492 2227 2733 2294 propter
2779 2222 3029 2294 Spiritus
3078 2223 3265 2277 sancti
3318 2222 3569 2291 gratiam

1918 2326 2054 2382 quaa
2075 2310 2269 2382 ipsam
2285 2312 2644 2381 protegebat,
2668 2316 2724 2366 et
2750 2311 3165 2366 universorum
3188 2311 3439 2366 Domino
3461 2313 3572 2366 Deo

1918 2414 2133 2470 puram
2155 2406 2332 2471 atque
2365 2400 2646 2455 intactam
2684 2400 2985 2464 servabat,
3018 2415 3092 2455 ne
3124 2416 3279 2455 unus
3327 2399 3573 2471 quidem

1917 2488 1994 2543 ad
2025 2504 2158 2545 eam
2192 2490 2493 2553 accedere,
2526 2489 2620 2543 vel
2651 2492 2821 2560 turpe
2851 2488 3076 2560 aliquid
3122 2488 3177 2542 in
3209 2503 3341 2543 eam
3378 2487 3572 2543 facere

1917 2584 2017 2632 aut
2047 2578 2241 2633 dicere
2270 2594 2451 2633 ausus
2480 2578 2707 2644 fuisset,
2742 2577 3183 2632 sanctissimam
3216 2576 3376 2632 illam
3409 2576 3575 2631 femi-

1918 2682 2060 2721 nam
2088 2667 2382 2722 Dulcetius
2416 2683 2633 2738 praeses
2668 2667 2986 2731 revocavit,
3021 2671 3075 2721 et
3128 2671 3262 2721 ante
3314 2665 3573 2721 tribunal

1919 2755 2043 2810 sisti
2069 2757 2325 2826 jussam,
2360 2755 2443 2811 sic
2475 2755 2691 2811 affatus
2733 2762 2820 2810 est
2850 2771 2861 2809 :
2894 2754 3194 2826 Numquid
3242 2755 3303 2809 in
3356 2754 3570 2809 eadem

1918 2845 2116 2899 adhuc
2147 2845 2471 2899 temeritate
2500 2844 2764 2915 persistis
2792 2844 2819 2899 ?
2850 2842 3102 2910 Minime,
3144 2842 3339 2913 inquit
3382 2843 3567 2906 Irene,

1919 2934 2235 2998 temeritas,
2265 2934 2369 2989 sed
2410 2934 2509 2989 Dei
2540 2933 2729 3005 pietas
2760 2938 2865 2999 est,
2902 2933 2959 2987 in
3000 2947 3121 3004 qua
3152 2930 3423 3003 persisto.
3468 2931 3569 2986 Cui

1918 3023 2225 3095 respondit
2257 3022 2549 3079 Dulcetius
2580 3038 2837 3094 praeses:
2874 3024 2941 3077 Et
2971 3037 3043 3077 ex
3077 3021 3269 3091 priore
3320 3024 3422 3076 tuo
3472 3036 3569 3075 re-

1919 3128 2145 3185 sponso
2180 3113 2489 3169 manifeste
2519 3112 2830 3167 ostendisti
2852 3115 2907 3166 te
2930 3111 3354 3182 imperatorum
3373 3108 3569 3181 jussui

1918 3202 2074 3257 nolle
2092 3218 2264 3273 aequo
2282 3203 2484 3258 animo
2502 3217 2731 3273 parere,
2751 3205 2809 3256 et
2828 3216 2987 3255 nunc
3008 3214 3251 3272 quoque
3268 3200 3328 3253 in
3356 3198 3567 3254 eadem

1916 3291 2255 3361 arrogantia
2292 3291 2705 3361 persistentem
2735 3296 2789 3344 te
2842 3288 3050 3343 video:
3079 3304 3269 3360 quare
3318 3287 3566 3357 dignam

1916 3397 2159 3453 poenam
2180 3380 2502 3452 persolves.
2527 3378 2797 3450 Cumque
2828 3378 3100 3434 chartam
3128 3377 3411 3448 petiisset,
3438 3392 3569 3432 sen-

1914 3471 2162 3526 tentiam
2176 3470 2331 3525 hanc
2348 3474 2553 3523 contra
2571 3468 2767 3539 ipsam
2787 3467 3021 3538 scripsit
3045 3486 3056 3524 :
3080 3466 3376 3531 Quoniam
3404 3465 3567 3521 Irene

1914 3560 2343 3631 imperatorum
2369 3558 2563 3628 jussui
2593 3572 2822 3628 parere,
2848 3556 3079 3627 diisque
3111 3553 3421 3611 immolare
3464 3570 3567 3611 no-

1914 3649 2039 3715 luit,
2070 3647 2343 3720 quinimo
2374 3663 2531 3701 nunc
2557 3661 2800 3719 quoque
2841 3645 2901 3700 in
2956 3645 3427 3700 Christianorum
3473 3660 3571 3700 or-

1914 3737 2052 3793 dine
2074 3752 2143 3793 ac
2174 3736 2457 3805 religione
2486 3742 2820 3805 perseverat
2854 3751 2864 3789 :
2896 3734 3008 3789 hac
3036 3734 3109 3788 de
3138 3749 3340 3798 causa,
3374 3738 3439 3788 ut
3464 3749 3568 3789 an-

1914 3832 2010 3882 tea
2039 3826 2189 3881 duas
2220 3826 2349 3896 ejus
2378 3840 2629 3889 sorores,
2674 3823 2827 3879 itaet
2857 3822 3051 3895 ipsam
3071 3822 3368 3877 viventem
3407 3836 3567 3877 nunc

1914 3914 2187 3972 comburi
2217 3914 2422 3985 jubeo.

1988 4004 2097 4059 Vll.
2135 4008 2261 4060 Haec
2302 4002 2593 4059 sententia
2640 4017 2778 4056 cum
2809 4017 2845 4058 a
2876 3999 3133 4073 prmside
3179 3998 3301 4055 lata
3341 3997 3567 4064 fuisset,

1920 4096 2136 4151 milites
2170 4096 2377 4150 Irenen
2408 4093 2904 4164 comprehensam
2938 4091 2996 4145 in
3028 4089 3356 4161 quemdam
3393 4088 3571 4144 subli-

1920 4202 2077 4241 mem
2123 4184 2321 4239 locum
2371 4184 2689 4248 duxerunt,
2725 4182 2825 4237 ubi
2878 4184 2934 4235 et
2963 4180 3092 4251 ejus
3127 4194 3361 4234 sorores
3393 4184 3595 4234 antea-

1921 4275 2272 4346 martyrium
2284 4271 2748 4346 passaefuerant.
2774 4273 2918 4328 Cum
2936 4276 3131 4325 autem
3155 4284 3441 4339 magnum
3463 4282 3567 4322 ro-

1921 4380 2063 4433 gum
2092 4363 2475 4426 accedissent,
2505 4362 2809 4432 jusserunt
2827 4360 3022 4431 ipsam
3042 4359 3100 4413 in
3122 4373 3259 4413 eum
3286 4372 3569 4413 conscen—

1921 4453 2079 4507 dere.
2110 4453 2309 4524 Itaque
2342 4454 2549 4505 sancta
2583 4453 2743 4503 Irene
2776 4448 3043 4519 psalmos
3097 4462 3336 4511 canens,
3369 4450 3424 4500 et
3468 4444 3568 4500 Dei

1921 4542 2174 4612 gloriam
2210 4540 2536 4603 celebrans,
2571 4539 2631 4593 in
2676 4553 2890 4607 rogum
2944 4552 3007 4591 se
3060 4535 3353 4605 conjecit:
3389 4538 3569 4604 atque

1922 4632 2003 4686 ita
2020 4633 2436 4685 consummata
2453 4632 2543 4683 est
2557 4628 2613 4682 in
2630 4627 2944 4681 consulatu
2965 4623 3309 4680 Diocletiani
3325 4622 3571 4691 Augusti

1920 4735 2101 4783 nono,
2132 4718 2464 4774 Maximiani
2501 4721 2697 4772 autem
2740 4714 2986 4783 Augusti
3018 4719 3252 4775 octavo,
3294 4710 3570 4767 Kalendis

1922 4808 2152 4881 Aprilis,
2187 4810 2471 4877 regnante
2519 4806 2577 4860 in
2632 4804 2848 4859 saecula
2888 4804 3115 4858 Christo
3153 4804 3286 4857 Jesu
3319 4800 3571 4855 Domino

1921 4900 2148 4963 nostro,
2182 4911 2317 4951 cum
2344 4910 2466 4965 quo
2489 4892 2643 4949 Patri
2687 4898 2773 4947 est
2820 4891 3008 4962 gloria
3064 4896 3387 4961 sanctoque
3442 4888 3569 4960 Spi-

1920 4986 2055 5042 ritui
2092 4987 2153 5041 in
2194 4983 2412 5040 saecula
2451 4982 2825 5039 saeculorum.
2864 4984 3073 5037 Amen.
