4078 6222
480 263 549 319 83
1889 258 2107 317 MENSI

2223 259 2500 318 tPRILIS.
3821 267 3900 323 84

1061 576 1412 696 VITA
1502 576 1608 697 S.
1699 575 2367 698 VIRGINIS
2453 575 3296 699 THEODOB/E

1802 853 1887 908 ET
1916 850 2156 908 DlDYMI
2187 850 2542 908 MARTYRIS

467 1005 641 1064 (Anno
671 1006 782 1070 ξεί),
801 1006 999 1069 Aprilis
1031 1007 1097 1062 5).
1125 1030 1186 1044 —
1217 1005 1405 1070 Latina
1430 1005 1647 1070 quidem
1686 1004 2067 1070 Martyrologia
2090 1003 2290 1070 habent
2314 1002 2460 1070 hanc
2493 1003 2768 1070 historiam
2803 1005 2862 1051 28
2888 1005 3109 1070 Aprilis,
3133 1005 3391 1070 aiupntque
3416 1004 3751 1055 Theodoram
3780 1020 3900 1056 una

531 1082 652 1117 cum
673 1064 896 1132 Didyuio
911 1082 1250 1132 percussam;
1271 1069 1362 1118 sed
1378 1064 1496 1117 cuiu
1515 1064 1896 1132 Metaphrastes
1911 1064 2404 1132 habeatDidymum
2423 1064 2584 1132 Nonis
2604 1067 2796 1132 Aprilis
2809 1064 3026 1132 caesum,
3055 1064 3387 1132 Theodoram
3411 1071 3592 1132 autem
3629 1071 3896 1129 evasisse,

529 1144 641 1196 nos,
664 1129 994 1196 eaniquinto
1022 1132 1214 1196 Aprilis
1234 1132 1317 1182 die
1339 1147 1461 1182 cum
1490 1129 1848 1196 Mctaphraste
1890 1130 2289 1179 collocavimus.
2340 1156 2395 1166 —
2428 1130 2609 1178 Latine
2638 1129 2779 1193 apud
2822 1130 3053 1180 Suriuin.
3090 1130 3244 1181 Deest
3292 1134 3347 1182 in
3383 1131 3660 1182 codicibus
3693 1133 3898 1183 Graecis

527 1192 957 1257 Parisiensibus.)

537 1464 578 1517 Ι.
637 1463 997 1520 Diocletiano
1045 1468 1100 1520 et
1151 1464 1502 1520 Maximiano
1551 1461 2012 1535 imperatoribus
2062 1465 2118 1515 et
2151 1459 2194 1513 A
2226 1459 2338 1515 hoc
2376 1458 2615 1532 quidem
2648 1474 2753 1531 per
2780 1459 2902 1516 vim
2933 1475 3003 1516 ac
3037 1464 3407 1532 potestatem,
3448 1479 3635 1536 quam
3665 1463 3892 1530 habes,

466 1553 716 1622 praeside
746 1553 1162 1610 Alexandrinae
1185 1555 1437 1609 civitatis
1471 1552 1826 1620 Eustrathio,
1857 1550 2115 1607 edictum

466 1641 774 1712 quoddam
855 1643 1147 1698 adversus
1223 1642 1586 1697 Christianos
1657 1644 1906 1696 missum
1990 1642 2112 1706 fuit,

467 1738 526 1787 ut
555 1732 645 1788 vel
677 1732 790 1787 diis
821 1732 1220 1797 immolarent,
1254 1733 1344 1787 vel
1376 1731 1666 1804 supplicio
1717 1730 2113 1787 afﬁcerentur.

468 1824 614 1879 Cum
642 1838 783 1879 vero
815 1838 1034 1894 praeses
1064 1823 1157 1879 ille
1187 1838 1296 1894 pro
1328 1821 1607 1877 tribunali
1642 1821 1873 1877 sederet
1904 1822 1960 1876 in
1993 1838 2116 1877 ma-

464 1925 581 1979 gna
609 1909 1147 1966 Alexandrinorum
1182 1912 1432 1975 civitate,
1457 1911 1637 1982 jussit
1671 1911 1975 1966 cohortem
2022 1927 2119 1966 ac-

468 2000 679 2054 cersire
726 2001 1098 2056 Theodoram
1147 2002 1457 2072 virginem,
1507 2017 1640 2072 quas
1698 2016 1890 2072 nuper
1941 2007 2116 2072 capta

467 2087 677 2154 fuerat,
711 2095 766 2144 et
791 2089 852 2144 in
875 2106 1105 2145 carcere
1129 2090 1496 2146 servabatur.
1533 2092 1721 2155 Quam
1753 2107 1889 2145 cum
1917 2091 2117 2146 duxis-

470 2181 597 2232 set:
627 2181 867 2245 Praesto,
925 2178 1111 2251 inquit
1164 2180 1398 2245 cohors,
1433 2185 1519 2236 est
1566 2180 1890 2235 Theodora.
1924 2181 2112 2236 Judex

467 2265 645 2335 igitur
676 2285 687 2322 :
719 2267 1045 2337 Cujusnam
1071 2271 1243 2323 sortis
1275 2285 1336 2324 es
1369 2269 1578 2324 mulier
1598 2270 1625 2326 ?
1653 2269 2002 2334 Christiana,
2031 2269 2116 2324 in-

469 2356 570 2428 qui
586 2360 604 2411 t
619 2356 949 2418 Theodora.
966 2372 1078 2422 ego
1100 2374 1251 2413 sum.
1269 2360 1340 2413 At
1357 2357 1477 2413 ille:
1504 2358 1802 2423 Liberane,
1823 2374 1898 2413 an
1920 2375 2110 2415 serva.

468 2444 597 2500 Dixi
616 2446 767 2516 jam,
796 2445 985 2517 inquit
1014 2445 1166 2518 ipsa,
1202 2445 1595 2502 Christianam
1629 2462 1723 2501 me
1753 2462 1881 2502 esse
1912 2462 1924 2500 :
1960 2447 2117 2502 Chri-

468 2537 596 2588 stus
621 2534 778 2589 enim
807 2534 1076 2601 veniens,
1109 2551 1145 2590 a
1191 2541 1433 2606 peccato
1483 2551 1576 2590 me
1624 2536 1914 2591 liberavit.
1946 2537 2112 2602 Quod

466 2639 609 2679 vero
636 2626 693 2679 et
722 2623 796 2678 ad
832 2640 1048 2680 vanam
1075 2629 1253 2697 atque
1278 2625 1518 2680 inanem
1547 2625 1756 2681 mundi
1788 2626 1967 2696 hujus
1998 2626 2119 2695 glo-

465 2712 614 2768 riam
641 2713 866 2780 attinet,
886 2713 1057 2770 claris
1074 2715 1422 2787 parentibus
1443 2719 1570 2771 orta
1588 2731 1741 2770 sum.
1762 2715 2119 2786 Tuncjudex

2225 1549 2419 1604 facere
2448 1549 2685 1621 poteris.
2721 1548 2995 1605 Similiter
3013 1550 3288 1622 lupanari
3323 1551 3547 1619 tradar,
3580 1569 3788 1620 necne,
3822 1554 3890 1610 in

2226 1638 2451 1693 arbitrii
2481 1638 2593 1692 mei
2619 1642 2907 1709 potestate
2930 1656 3051 1695 non
3082 1645 3186 1704 est,
3217 1641 3320 1695 sed
3338 1641 3396 1696 in
3422 1657 3606 1697 manu
3633 1647 3752 1710 tua,
3787 1646 3886 1698 cui

2227 1742 2330 1800 per
2347 1726 2666 1798 imperium
2691 1727 2811 1782 vim
2837 1728 2966 1784 licet
2990 1729 3225 1786 inferre.
3248 1731 3414 1796 Quod
3436 1747 3574 1786 vero
3593 1731 3672 1787 ad
3693 1733 3882 1788 animi

2227 1815 2343 1871 mei
2382 1817 2753 1886 propositum
2786 1818 3010 1882 attinet,
3045 1824 3266 1874 certum
3294 1824 3382 1874 est
3411 1820 3531 1875 Deo
3563 1820 3674 1892 ipsi
3705 1822 3882 1876 casti-

2227 1906 2362 1961 tatis
2384 1921 2527 1961 mea:
2549 1905 2978 1977 professionem
2993 1924 3230 1963 servare
3253 1927 3265 1967 :
3289 1907 3369 1963 illi
3389 1909 3546 1964 enim
3571 1910 3880 1981 virginitas

2226 2011 2362 2050 mea
2387 1995 2585 2050 dicata
2611 2002 2699 2050 est
2732 2013 2745 2062 ;
2775 1995 2868 2052 ille
2893 2000 3085 2052 certus
3113 1997 3296 2068 hujus
3326 1999 3406 2053 rei
3434 1998 3709 2054 dominus
3735 2004 3833 2055 est
3864 2018 3878 2056 :

2225 2085 2343 2150 ille,
2361 2085 2406 2138 si
2425 2085 2684 2150 voluerit,
2707 2085 3101 2154 virginitatem
3125 2087 3282 2144 hanc
3301 2103 3523 2152 meam,
3551 2089 3882 2159 possessio-

2227 2191 2362 2230 nem
2397 2191 2591 2239 suam,
2626 2175 2982 2231 incolumem
3007 2182 3184 2248 atque
3209 2178 3490 2234 intactam
3521 2179 3804 2235 servabit.

2295 2265 2384 2319 lll.
2406 2265 2596 2320 Judex
2617 2281 2755 2320 vero
2774 2265 2852 2320 ait
2881 2287 2893 2320 :
2921 2265 3063 2329 Noli,
3087 2265 3416 2334 Theodore,
3452 2271 3685 2324 aetatem
3707 2273 3881 2324 tuam

2222 2353 2470 2410 honeste
2496 2360 2713 2418 actam,
2744 2359 2930 2410 totam
2963 2355 3190 2426 injuriae
3217 2360 3274 2411 et
3303 2356 3536 2428 probris
3573 2357 3834 2428 objicere
3863 2375 3877 2413 :

2225 2460 2368 2500 nam
2402 2449 2462 2499 ut
2492 2443 2652 2498 urbis
2682 2451 2943 2515 quaestor
2972 2449 3217 2501 testatus
3247 2450 3354 2510 est,
3386 2445 3477 2501 his
3528 2447 3882 2518 parentibus

2227 2542 2355 2590 orta
2381 2550 2462 2599 es,
2487 2534 2588 2604 qui
2612 2533 2916 2590 nobilitate
2935 2538 3112 2606 atque
3139 2534 3578 2590 existimatione
3602 2552 3740 2592 cum
3761 2536 3882 2608 pri-

2230 2625 2342 2679 mis
2385 2623 2697 2679 excellunt.
2749 2624 2834 2678 Ad
2882 2623 3005 2679 haec
3053 2624 3366 2680 Theodora
3399 2641 3411 2680 :
3442 2624 3765 2690 Christum,
3794 2625 3881 2681 in-

2227 2714 2374 2787 quit,
2407 2713 2668 2785 primum
2705 2713 2970 2768 conﬁteri
3011 2713 3221 2780 debeo,
3256 2713 3357 2786 qui
3400 2718 3458 2769 et
3497 2714 3651 2770 Deus
3681 2718 3791 2781 est,
3821 2720 3880 2770 et

466 2807 825 2875 quaestorem
852 2803 1342 2874 accersirijussit.
1370 2806 1556 2870 Quem
1580 2821 1714 2860 cum
1735 2805 1947 2860 cohors
1973 2823 2119 2878 prie-
2148 2812 2192 2867 B
2227 2804 2424 2858 omnis
2479 2800 2752 2858 notabilis
2810 2801 3175 2874 honorisque
3232 2808 3459 2868 auctor,
3513 2803 3612 2875 qui
3669 2803 3775 2860 scit
3819 2809 3880 2859 et

467 2895 556 2947 sto
588 2908 717 2947 esse
748 2893 995 2950 dixisset
1029 2911 1042 2946 :
1078 2893 1197 2958 Dic,
1231 2893 1442 2965 inquit,
1480 2895 1609 2950 Luci
1639 2911 1650 2950 :
1679 2894 1906 2950 nostine
1936 2896 2114 2951 Theo-

466 2981 676 3036 doram
715 2981 1005 3050 virginem
1037 2983 1064 3037 ?
1091 2984 1190 3037 Cui
1226 2984 1432 3038 Lucius
1466 3002 1477 3038 :
1515 2986 1617 3038 Per
1651 2989 1835 3047 tuam,
1870 3001 2114 3054 praeses,

469 3069 757 3124 valentem
774 3071 952 3125 vitam
968 3087 1037 3126 ac
1054 3071 2112 3141 splendorem,nobilissimaest,mul-

468 3162 659 3229 taeque
672 3158 1124 3214 existimationis
1143 3159 1380 3230 etprimi
1399 3161 1629 3229 generis
1653 3161 1879 3217 mulier.
1898 3163 2111 3227 Quare,

465 3246 656 3318 inquit
673 3247 878 3317 judex,
903 3264 1039 3302 cum
1060 3248 1139 3303 sis
1157 3248 1239 3304 ita
1257 3248 1491 3314 nobilis,
1516 3250 1749 3321 nuptias
1780 3253 2114 3309 recusasti?

464 3335 776 3393 Theodora
804 3337 1152 3410 respondit:
1188 3337 1398 3393 Christi
1431 3354 1614 3394 causa
1659 3339 1882 3394 nubere
1926 3340 2110 3396 nolui.

465 3423 614 3480 Cum
645 3425 804 3481 enim
835 3425 929 3481 ille
959 3425 1142 3482 homo
1174 3426 1360 3482 factus
1390 3427 1450 3482 in
1485 3428 1712 3483 mundo
1757 3435 2110 3499 versaretur,

467 3513 544 3569 ab
565 3529 658 3579 ea,
683 3529 819 3585 quas
847 3531 1083 3587 semper
1113 3516 1277 3588 virgo
1316 3521 1370 3571 et
1423 3516 1523 3572 Dei
1571 3519 1745 3572 Mater
1797 3517 1921 3587 fuit,
1953 3519 2110 3588 geni-

465 3607 578 3668 tus,
613 3603 1050 3676 acorruptione
1098 3620 1208 3660 nos
1257 3606 1527 3671 removit,
1581 3609 1639 3660 et
1687 3607 2108 3677 sempiternam

461 3691 649 3748 vitam
682 3693 849 3747 nobis
880 3693 1170 3764 promisit.
1196 3695 1400 3767 Itaque
1429 3695 1549 3750 fore
1576 3695 1719 3751 mihi
1752 3696 2107 3768 persuadeo,

462 3783 526 3836 ut
550 3781 608 3835 in
637 3780 766 3852 ejus
786 3780 903 3837 ﬁde
925 3797 1307 3854 permanens,
1331 3783 1408 3839 ad
1429 3783 1609 3841 ﬁnem
1631 3801 1822 3857 usque
1847 3800 2111 3842 incorru-

460 3873 561 3941 pta
596 3875 650 3926 et
682 3871 903 3927 intacta
942 3871 1074 3927 sim.

535 3959 606 4014 II.
631 3959 791 4014 Tunc
809 3961 988 4031 judex
1010 3961 1157 4017 dixit
1183 3978 1194 4017 :
1225 3962 2104 4034 Imperatoresjusserunt,vos,

459 4063 593 4120 quae
629 4049 1018 4117 virginitatem
1050 4065 1281 4120 semper
1312 4052 1578 4115 servatis,
1613 4059 1716 4106 aut
1749 4052 1860 4107 diis
1893 4052 2110 4108 immo-

2229 2908 2324 2947 me
2342 2891 2685 2946 columbam
2709 2907 2879 2946 suam
2910 2907 3122 2962 puram
3157 2897 3212 2946 et
3231 2891 3572 2947 incolumen
3596 2891 3672 2947 ad
3695 2893 3878 2948 ﬁnem

2230 2996 2417 3053 usque
2449 2995 2704 3034 servare.
2729 2980 3077 3050 Tumjudex
3107 2980 3254 3036 dixit
3289 3001 3306 3038 ε
3336 2983 3597 3038 Curnam
3627 2997 3814 3047 erras,
3840 2998 3879 3038 ο

2225 3070 2532 3126 Theodora
2561 3068 2588 3124 τ
2615 3071 2844 3124 Eumne
2880 3072 3060 3125 Deum
3097 3070 3310 3136 credis,
3348 3071 3443 3143 qui
3473 3071 3583 3127 fuit
3606 3072 3666 3126 in
3701 3087 3880 3128 cruce

2227 3159 2480 3215 sufﬁxus
2500 3157 2524 3211 ‘l
2546 3163 2629 3213 An
2658 3159 2759 3230 qui
2783 3159 2920 3215 talis
2945 3165 3054 3223 est,
3079 3165 3134 3214 te
3158 3161 3216 3214 in
3239 3160 3494 3232 lupanar
3517 3161 3877 3231 conjectam,

2224 3250 2512 3304 intactam
2544 3264 2778 3304 servare
2805 3248 3035 3319 poterit,
3065 3250 3142 3304 ab
3185 3249 3275 3304 his
3330 3249 3663 3320 praesertim
3705 3249 3874 3315 viris,

2222 3338 2324 3410 qui
2358 3337 2673 3393 mulierum
2700 3337 3003 3392 amoribus
3041 3338 3304 3394 insanire
3359 3338 3510 3394 soliti
3557 3345 3695 3395 sunt
3725 3338 3753 3394 ?
3781 3339 3879 3395 Fi-

2221 3427 2380 3494 dem,
2419 3427 2609 3498 inquit
2636 3426 2960 3489 Theodora,
2993 3433 3047 3482 et
3092 3443 3260 3499 spem
3290 3427 3486 3484 habeo
3517 3427 3578 3482 in
3623 3428 3872 3493 Christo,

2220 3517 2322 3589 qui
2353 3532 2588 3571 crucem
2620 3531 2940 3587 perpessus
2967 3515 3077 3572 fuit
3106 3517 3218 3572 sub
3260 3517 3462 3573 Pontio
3502 3517 3706 3584 Pilato,
3748 3517 3878 3573 fore

2219 3611 2284 3662 ut
2313 3621 2407 3661 me
2431 3605 2507 3661 ab
2527 3605 2743 3677 iniquis
2764 3605 2887 3660 istis
2911 3605 3047 3661 viris
3071 3606 3300 3678 eripiat,
3325 3611 3379 3661 et
3401 3622 3436 3662 a
3456 3606 3590 3662 labe
3624 3606 3876 3663 omnino

2217 3695 2466 3751 liberam
2495 3699 2700 3758 servet,
2744 3695 2802 3750 in
2843 3695 2972 3766 ejus
3003 3694 3118 3751 ﬁde
3160 3701 3634 3767 permanentem,
3677 3711 3877 3769 neque

2220 3800 2488 3856 unquam
2516 3799 2655 3839 eum
2683 3789 3022 3853 negantem.
3048 3783 3240 3839 Judex
3262 3800 3400 3840 vero
3423 3801 3434 3839 :
3458 3784 3668 3840 Adhuc
3689 3789 3745 3840 te
3767 3800 3878 3840 nu-

2220 3877 2463 3943 gantem
2508 3873 2722 3944 patior,
2757 3872 3012 3928 necdum
3039 3874 3224 3944 jubeo
3274 3873 3583 3930 tormentis
3633 3873 3870 3944 subjici.

2218 3963 2343 4018 Atsi
2362 3963 2718 4017 contendere
2746 3977 2855 4016 non
2874 3962 3191 4029 destiteris,
3217 3967 3282 4017 ut
3303 3962 3582 4018 ancillam
3606 3963 3871 4034 aliquam

2220 4059 2272 4105 te
2299 4057 2698 4122 prosternens,
2733 4050 2950 4107 faciam
2973 4051 3138 4124 quod
3166 4051 3394 4107 domini
3417 4057 3596 4123 atque
3619 4052 3872 4124 impera-

459 4136 604 4202 lare,
639 4138 1371 4208 autinjuriosiustractari.
1400 4141 1683 4206 Arbitror,
1718 4142 1908 4212 inquit
1930 4142 2108 4197 Theo-
2144 4165 2183 4221 ς]
2221 4147 2372 4195 tores
2402 4139 2586 4195 nostri
2639 4139 2965 4209 jusserunt,
3003 4143 3065 4194 ut
3117 4145 3173 4194 et
3224 4139 3466 4210 reliquis
3520 4139 3872 4195 mulieribus

459 4226 627 4289 dora,
657 4230 710 4281 te
749 4241 871 4281 non
927 4226 1221 4296 ignorare,
1249 4228 1507 4284 hominis
1559 4230 1935 4301 propositum
1993 4233 2107 4286 Deo

458 4315 565 4386 ipsi
595 4314 654 4370 in
682 4314 891 4386 primis
916 4320 1154 4386 gratum
1186 4333 1313 4372 esse
1345 4338 1357 4373 :
1381 4317 1429 4373 is
1457 4333 1598 4374 vero
1619 4319 1883 4373 animum
1904 4336 2106 4375 meum

457 4408 636 4475 atque
650 4405 1026 4475 propositum
1040 4411 1275 4461 castum
1298 4423 1430 4463 esse
1453 4407 1743 4476 cognovit.
1762 4408 1930 4474 Quod
1950 4408 1997 4463 si
2022 4425 2107 4465 me

458 4492 520 4549 id
550 4493 696 4564 pati,
719 4495 882 4565 quod
903 4493 1067 4560 dicis,
1097 4500 1152 4550 et
1172 4495 1377 4551 violari
1398 4497 1681 4567 coegeris,
1709 4513 1825 4552 non
1850 4498 1958 4553 crit
1984 4498 2106 4554 haec

457 4581 853 4654 impudicitia,
883 4583 988 4639 sed
1009 4584 1100 4640 vis
1129 4589 1183 4640 et
1209 4585 1447 4656 injuria.
1474 4587 1661 4642 Judex
1687 4592 1889 4642 autem
1921 4603 1930 4641 :
1958 4588 2106 4643 Cum

457 4675 512 4728 te
536 4672 858 4743 ingenuam
893 4688 1020 4729 esse
1047 4676 1338 4740 noverim,
1374 4680 1429 4731 et
1460 4676 1541 4730 tui
1561 4676 1853 4732 rationem
1883 4676 2106 4732 habere

456 4762 711 4833 cupiam,
733 4762 1048 4829 admoneo,
1069 4779 1143 4820 ne
1161 4765 1642 4821 contumeliosius
1661 4769 1712 4821 te
1730 4781 1903 4835 geras
1927 4782 1939 4832 ;
1960 4765 2105 4821 nihil

455 4849 615 4906 enim
655 4850 950 4922 proﬁcies.
985 4854 1128 4907 Nam
1168 4868 1273 4924 per
1305 4856 1451 4908 Deos
1492 4868 1724 4920 omnes,
1753 4853 2105 4909 sententiam

453 4939 611 4996 hanc
633 4938 1022 5011 imperatores
1045 4941 1319 4997 tulerunt.
1354 4942 1517 4997 Tunc
1547 4941 1626 4996 illi
1653 4942 1960 4998 Theodora
1995 4958 2007 4996 :
2041 4944 2108 4996 Et

456 5028 644 5101 prius,
669 5028 880 5100 inquit,
916 5028 1023 5084 tibi
1055 5029 1198 5094 dixi,
1227 5029 1489 5086 hominis
1519 5030 1898 5103 propositum
1933 5035 2106 5102 atque

457 5117 728 5174 animum
763 5119 878 5173 Deo
908 5121 1144 5188 gratum
1177 5134 1325 5174 esse.
1361 5119 1504 5174 Cum
1555 5119 1713 5174 enim
1762 5119 1965 5173 omnia
2010 5117 2107 5173 ille

455 5211 793 5278 pernoscat,
809 5207 1062 5277 cogitata
1076 5207 1253 5263 etiam
1269 5211 1472 5263 nostra
1485 5207 1613 5273 scit,
1629 5214 1684 5262 et
1699 5211 1925 5262 mentes
1943 5207 2106 5279 ipsas

455 5296 757 5368 perspicit.
791 5295 1190 5362 Quamobrem
1223 5297 1272 5352 si
1297 5303 1503 5354 coacta
1529 5296 1694 5352 fuero
1719 5296 1912 5352 facere
1943 5297 2107 5368 quod

455 5384 624 5448 dicis,
643 5384 1014 5457 impudicam
1036 5402 1132 5442 me
1151 5386 1369 5443 factam
1390 5402 1704 5458 nunquam
1723 5384 2102 5442 existimabo.

2219 4228 2557 4300 exemplum
2585 4228 2713 4283 ﬁas.
2766 4227 2852 4282 Ad
2909 4228 3038 4283 haec
3086 4228 3396 4284 Theodora
3430 4244 3442 4282 :
3477 4231 3682 4284 Parata
3735 4244 3873 4283 sum

2218 4334 2430 4388 corpus
2467 4333 2689 4383 meum,
2724 4318 2899 4387 cujus
2957 4322 3315 4388 potestatem
3355 4316 3564 4382 habes,
3603 4317 3705 4373 tibi
3757 4323 3873 4373 tra-

2218 4406 2356 4462 dere
2391 4426 2402 4465 :
2433 4408 2631 4462 anima
2659 4422 2799 4462 vero
2832 4407 2964 4478 ipsa
2991 4407 3050 4461 in
3081 4407 3263 4462 solius
3293 4407 3396 4461 Dei
3421 4421 3607 4462 manu
3660 4410 3749 4463 est
3796 4421 3873 4462 ac

2217 4501 2519 4568 potestate.
2546 4499 2692 4552 Tum
2719 4496 2898 4566 judex
2930 4512 2941 4552 :
2974 4496 3281 4552 Excaecate
3317 4496 3487 4554 illam
3534 4496 3753 4563 statim,
3795 4495 3876 4551 ei-

2217 4602 2328 4657 que
2355 4585 2542 4654 dicite,
2576 4601 2649 4640 ne
2672 4584 2933 4641 insanire
2964 4584 3223 4656 amplius
3251 4585 3408 4652 velit,
3437 4585 3542 4640 sed
3573 4585 3780 4641 cedere
3809 4589 3872 4641 et

2218 4675 2329 4730 diis
2359 4675 2502 4746 ipsis
2527 4674 2859 4730 immolare.
2895 4673 3149 4738 Minime,
3171 4673 3366 4747 inquit
3392 4674 3723 4744 Theodora,
3763 4689 3875 4746 per

2217 4765 2400 4819 Deum
2429 4763 2626 4833 ipsum
2684 4762 3062 4818 daemonibus
3119 4763 3476 4819 sacrificium
3510 4768 3608 4818 aut
3637 4762 3870 4819 cultum

2216 4852 2421 4910 afferre
2450 4851 2606 4916 volo,
2640 4867 2778 4906 cum
2835 4851 3022 4907 Deum
3071 4851 3402 4922 adjutorem
3457 4852 3740 4909 habeam.
3778 4854 3873 4910 Ad

2216 4943 2344 4998 haec
2370 4941 2557 5012 judex
2590 4960 2600 4996 :
2629 4939 2783 5006 Quid
2811 4957 2902 4994 me
2925 4941 3079 5012 cogis
3102 4941 3205 4997 tibi
3233 4941 3673 4998 honestissimas
3698 4941 3870 4999 femi-

2218 5048 2310 5088 nae
2339 5029 2620 5101 injuriam
2651 5029 2840 5085 facere
2870 5029 2896 5083 ?
2921 5030 3202 5087 Ausculta
3222 5030 3389 5098 mihi,
3417 5046 3454 5088 o
3474 5031 3670 5098 stulta,
3706 5046 3779 5088 ne
3805 5031 3872 5090 in

2219 5125 2444 5176 tantam
2471 5118 2708 5174 turbam
2738 5117 2966 5174 incidas
2996 5134 3225 5186 eorum,
3259 5121 3360 5192 qui
3391 5120 3738 5177 sententiam
3771 5136 3872 5178 ex-

2217 5212 2488 5281 spectant
2515 5223 2650 5280 quae
2680 5211 2890 5264 contra
2941 5213 2997 5264 te
3029 5208 3264 5265 feratur.
3309 5211 3435 5266 Non
3485 5225 3619 5265 sum
3651 5225 3869 5265 amens

2218 5299 2410 5370 inquit
2455 5296 2783 5364 Theodore,
2840 5313 2972 5370 quas
2998 5299 3184 5354 Deum
3233 5299 3537 5369 conﬁteor,
3569 5302 3627 5354 et
3663 5299 3870 5370 ipsum

2219 5387 2554 5458 adjutorem
2585 5385 2799 5442 habeo.
2836 5387 3027 5452 Quam
3053 5387 3212 5443 enim
3239 5387 3520 5458 injuriam
3552 5387 3695 5444 mihi
3738 5387 3869 5445 fore

458 5473 591 5531 Sive
630 5473 787 5530 enim
828 5479 1007 5547 caput
1045 5491 1268 5542 meum,
1305 5475 1422 5532 sive
1472 5490 1708 5539 manus,
1751 5475 1872 5530 sive
1921 5474 2105 5546 pedes
2139 5520 2181 5573 D
2216 5479 2415 5548 putas,
2448 5491 2518 5530 ea
2558 5489 2651 5530 res
2691 5475 2981 5531 honorem
3021 5480 3078 5532 et
3122 5475 3376 5546 gloriam
3431 5476 3866 5548 sempiternam

456 5562 826 5631 abscindere,
857 5563 981 5621 sive
1008 5567 1198 5622 totum
1228 5580 1446 5638 corpus
1467 5564 1790 5622 dilacerare
1820 5564 2102 5632 volueris,

2218 5564 2366 5622 mihi
2386 5563 2781 5637 comparabit.
2812 5565 2959 5621 Tum
2980 5563 3164 5639 judex
3199 5587 3212 5621 :
3236 5567 3358 5638 Ego
3383 5581 3508 5625 non
3528 5565 3789 5641 amplius
3805 5569 3866 5624 te
