4078 6222
188 279 243 334 ὦ

1477 265 1641 321 VlTA
1680 263 1741 319 S.
1783 259 2217 320 THEODORrE.

3490 265 3560 323 86

186 404 353 463 feram,
378 397 476 454 sed
504 396 930 468 imperatorum
956 394 1123 465 jussa
1154 408 1487 467 exsequar:
1515 392 1780 449 futurum
1809 388 1855 442 A
1964 392 2030 445 V.
2052 391 2262 448 Turbae
2286 396 2487 449 autem
2512 392 2626 449 illa:
2648 408 2805 458 eam,
2835 392 3564 465 ut]upiagnam,circum-

189 492 311 549 enim
343 486 677 544 existimans
717 490 774 540 ut
802 484 1155 557 persuaderi
1185 499 1418 557 posses,
1461 483 1683 538 diutius
1728 486 1781 537 te

191 581 421 640 ferebam.
461 577 629 641 Quod
660 574 705 630 si
731 574 833 630 tibi
890 590 1170 645 parcens,
1206 574 1267 628 id
1306 573 1505 629 minus
1538 571 1780 636 curabo,

196 670 323 742 quod
344 669 520 738 jussus
544 663 655 731 fui,
681 663 1073 734 imperatores
1103 666 1481 718 contemnere
1521 658 1782 715 videbor.

201 760 272 817 1111
303 762 455 813 autem
500 752 809 809 Theodora
838 755 919 807 ita
947 750 1292 824 respondit:
1327 750 1487 806 Sicut
1517 750 1643 821 ipse
1675 750 1786 804 im-

206 852 433 921 peratores
464 842 684 898 metuis
730 841 1016 915 quodque
1060 841 1139 897 ab
1188 840 1300 895 illis
1337 840 1545 911 jussus
1599 855 1683 905 es,
1726 837 1792 894 id

198 938 336 993 facere
355 932 543 991 studes
573 949 590 999 ;
618 932 701 988 ita
727 936 784 988 et
822 946 933 1001 ego
966 931 1174 987 studeo
1201 945 1324 986 non
1352 945 1571 1000 negare
1602 930 1791 983 Deum

190 1041 361 1091 meum,
375 1023 546 1079 timeo
558 1022 717 1077 enim
737 1025 794 1077 et
814 1021 949 1093 ipsa
961 1036 1169 1076 verum
1188 1019 1354 1075 illum
1371 1019 1793 1091 imperatorem

184 1117 327 1170 Deum
354 1117 744 1169 contemnere.
776 1109 1173 1175 Contentiose,
1212 1110 1407 1182 inquit
1430 1107 1635 1179 judex,
1669 1123 1795 1162 me-

180 1220 284 1261 cum
295 1203 431 1273 agis,
444 1205 874 1257 etaeternorum
891 1199 1325 1272 imperatorum
1335 1198 1353 1267 j
1366 1212 1504 1253 ussa
1516 1196 1789 1267 negligis,

177 1300 218 1349 et
237 1309 334 1357 me,
356 1298 660 1363 tamquam
686 1289 985 1345 imbellem
1003 1288 1264 1361 aliquem
1284 1288 1561 1359 despicis.
1582 1286 1794 1341 Adhuc

180 1384 319 1437 trium
365 1380 592 1435 dierum
635 1383 876 1449 tempus
906 1377 1009 1433 tibi
1060 1377 1359 1441 condono,
1398 1391 1470 1431 ac
1501 1391 1606 1447 per
1649 1374 1795 1430 deos

176 1486 362 1534 omnes,
386 1469 491 1524 nisi
517 1470 793 1524 animum
813 1470 1005 1523 mutes
1042 1472 1096 1522 et
1119 1465 1437 1530 sacriﬁces,
1460 1465 1521 1520 in
1539 1464 1796 1537 lupanar

176 1564 215 1616 te
242 1558 463 1622 tradam,
499 1561 562 1613 ut
593 1556 868 1612 mulieres
897 1571 1107 1611 omnes
1134 1560 1187 1611 te
1214 1555 1296 1611 ita
1326 1554 1564 1610 tractari
1595 1554 1797 1608 viden—

177 1656 261 1714 tes,
296 1646 644 1719 turpitudine
678 1652 780 1701 tua
818 1645 1202 1713 castigentur.
1257 1647 1332 1699 At
1369 1643 1639 1700 Thodora
1674 1665 1686 1696 :
1730 1644 1797 1697 Et

1893 480 2124 547 dantes,
2158 482 2425 539 certatim
2454 482 2775 538 studebant
2805 498 2912 555 pro
2946 499 3007 538 se
3037 483 3294 556 quisque
3322 483 3400 538 ad
3422 496 3559 539 eam

1896 570 2145 643 ingredi,
2179 577 2233 628 et
2265 578 2328 627 ut
2353 588 2530 628 canes
2550 573 2608 628 in
2635 572 2824 629 feram
2848 572 3129 645 aliquam,
3159 578 3216 629 et
3246 572 3557 643 accipitres

1897 662 1958 715 in
2005 661 2374 728 columbam,
2404 663 2486 719 ita
2510 662 2569 717 in
2602 679 2731 719 eam
2762 664 2948 720 turbae
2977 663 3274 718 inhiantes
3323 660 3556 731 ingredi

1901 751 2279 808 festinabant.
2314 756 2603 809 Caeterum
2638 769 2833 825 neque
2856 758 2997 810 tunc
3016 752 3421 823 Christusipse
3437 765 3559 806 ces-

1901 840 2093 906 sabat,
2128 841 2234 897 sed
2259 858 2395 897 cum
2410 842 2735 914 quemdam
2750 859 2823 898 ex
2836 843 3138 899 Fratribus
3159 843 3560 914 prasparasset,

1902 932 1974 988 ad
2004 947 2137 986 eam
2166 931 2334 987 illum
2363 932 2540 987 misit.
2575 933 2832 998 Quidam
2870 934 3030 989 enim
3069 930 3559 1003 religiosissimus

1901 1021 2123 1091 Frater,
2155 1021 2259 1093 qui
2290 1020 2389 1076 Dei
2420 1022 2653 1091 negotia
2684 1026 2934 1078 tractare
2974 1022 3199 1094 optime
3250 1021 3561 1090 didicerat,

1902 1114 1957 1165 et
1973 1110 2492 1181 quemadmodum
2507 1110 2771 1183 aliquem
2786 1127 2854 1167 ex
2876 1112 2972 1167 Dei
2987 1112 3290 1167 voluntate
3312 1111 3559 1169 divitem

1904 1198 2025 1253 ﬁeri
2060 1199 2313 1265 deceret,
2347 1199 2498 1255 bene
2526 1208 2785 1267 noverat,
2820 1200 2915 1256 ille
2950 1217 3087 1256 cum
3115 1217 3146 1256 e
3176 1201 3357 1257 rebus
3390 1201 3566 1258 bonis

1903 1304 2137 1360 semper
2149 1289 2373 1360 aliquid
2388 1288 2648 1360 amplius
2669 1295 2993 1362 appeteret,
3009 1295 3065 1346 et
3077 1290 3187 1345 sibi
3215 1307 3568 1362 comparare

1903 1377 2483 1450 studeret,duplicem
2498 1380 2764 1450 martyrii
2778 1394 3064 1435 coronam
3080 1379 3189 1435 sibi
3203 1380 3565 1444 conciliavit,

1904 1469 1962 1522 et
2003 1480 2256 1534 regnum
2290 1467 2575 1522 caelorum
2607 1467 2722 1523 hoc
2754 1468 2936 1524 modo
2967 1469 3181 1540 rapuit.
3216 1471 3361 1524 Cum
3403 1469 3564 1526 enim

1907 1554 2145 1610 militari
2170 1554 2373 1610 habitu
2401 1571 2461 1610 se
2483 1556 2795 1624 induisset,
2819 1558 3047 1629 primus
3077 1558 3154 1614 ad
3182 1574 3308 1613 eam
3339 1559 3571 1627 ingres-

1905 1660 2008 1698 sus
2035 1648 2143 1711 est,
2162 1645 2336 1717 quasi
2360 1661 2515 1700 unus
2537 1662 2608 1701 ex
2629 1646 3070 1717 impudentium
3093 1652 3148 1703 et
3168 1648 3571 1719 intemperan-

176 1752 301 1793 nunc
324 1736 471 1791 idem
495 1735 659 1789 Deus
681 1739 787 1797 est,
822 1739 878 1789 et
908 1750 1166 1804 semper,
1198 1734 1303 1807 qui
1327 1749 1450 1788 non
1474 1731 1790 1804 permittet,
1829 1749 1872 1803 Β
1906 1735 2059 1789 tium
2090 1734 2406 1790 hominum
2436 1750 2688 1790 numero
2717 1741 2890 1791 esset.
2927 1736 3066 1806 Ejus
3097 1736 3273 1803 igitur
3304 1736 3567 1792 hominis

180 1832 227 1880 ut
257 1841 374 1880 eum
417 1824 852 1896 derelinquam.
909 1825 1049 1879 Peto
1080 1829 1281 1879 autem
1318 1828 1378 1877 ut
1409 1822 1694 1877 intactam
1727 1837 1796 1876 ac

179 1930 349 1987 puram
371 1930 459 1969 me
480 1914 706 1969 servari
719 1914 955 1985 jubeas,
974 1913 1179 1985 quoad
1198 1911 1548 1968 sententiam
1572 1911 1797 1968 tuleris.

179 2007 295 2059 Tunc
317 2004 490 2073 judex
520 2004 605 2058 ait
638 2019 652 2057 :
686 2002 1053 2059 Theodoram
1075 2003 1190 2057 sub
1220 2006 1346 2057 tuta
1378 2000 1651 2057 custodia
1682 2016 1800 2056 ser-

179 2098 277 2148 vate
317 2107 491 2164 usque
530 2091 614 2146 ad
665 2095 781 2146 tres
820 2091 965 2155 dies,
1006 2092 1053 2145 si
1090 2089 1237 2146 forte
1276 2091 1655 2161 resipiscens,
1688 2089 1800 2145 sibi

178 2183 280 2252 ipsa
303 2183 683 2253 persuaserit,
714 2186 775 2236 ut
797 2196 833 2236 a
848 2180 944 2236 tali
964 2180 1343 2236 contentione
1362 2180 1622 2236 desistat.
1643 2179 1799 2245 Quin

178 2276 218 2325 et
232 2270 503 2343 praecipio,
529 2286 608 2326 ne
626 2270 978 2341 permittatis
1000 2270 1262 2340 aliquem
1291 2270 1368 2325 ad
1400 2285 1533 2325 eam
1566 2257 1797 2339 ingredi

178 2365 352 2415 etcum
376 2360 501 2431 ipsa
532 2360 783 2426 versari,
814 2363 1124 2431 propterea
1158 2360 1323 2432 quod
1351 2358 1577 2416 familia
1607 2356 1797 2413 nobili

180 2454 219 2503 et
237 2448 454 2504 honesta
478 2453 627 2504 nata
654 2452 762 2505 est.

231 2537 304 2591 IV.
343 2540 469 2594 Post
509 2543 631 2593 tres
662 2537 792 2592 dies
831 2552 969 2592 cum
994 2536 1177 2607 judex
1210 2535 1268 2591 in
1311 2535 1592 2592 tribunali
1634 2536 1797 2592 sede-

180 2632 243 2681 ret
272 2627 654 2691 :Addncatur,
679 2626 887 2698 inquit,
910 2625 1237 2681 Theodora.
1260 2626 1484 2682 Cohors
1515 2627 1596 2681 ait
1627 2644 1640 2679 :
1690 2626 1799 2682 Do-

183 2717 324 2780 mine,
341 2723 549 2787 praesto
567 2721 666 2771 est
685 2714 1013 2771 Theodora.
1039 2714 1188 2770 Tum
1216 2714 1310 2770 ille
1346 2732 1356 2770 :
1386 2715 1443 2771 Si
1476 2716 1792 2787 resipuisti,
1834 2750 1840 2755 -

182 2811 222 2859 et
242 2805 330 2860 tibi
366 2806 482 2875 jam
532 2804 910 2878 persuasisti,
956 2821 1117 2860 nunc
1166 2803 1457 2868 sacriﬁca,
1492 2810 1547 2860 et
1579 2811 1703 2860 esto
1733 2804 1795 2859 li-

184 2892 295 2948 bera
320 2910 332 2959 ;
362 2901 493 2966 puto
524 2894 693 2949 enim
735 2899 790 2949 te
814 2909 1199 2965 nequaquam
1232 2910 1464 2966 sapere,
1498 2893 1557 2949 in
1580 2895 1793 2950 eodem

185 2984 439 3052 proposito
454 2982 895 3055 persistentem.
912 2982 1563 3054 ResponditTheodora
1580 3001 1591 3039 :
1610 2984 1795 3040 Antea

185 3070 271 3126 dixi
310 3071 421 3140 tibi,
450 3078 502 3128 et
531 3088 703 3128 nunc
733 3073 943 3127 eadem
971 3072 1166 3127 dicere
1196 3088 1317 3127 non
1348 3088 1579 3139 recuso,
1619 3073 1795 3128 casti-
1826 3109 1865 3165 Ο

184 3162 283 3214 tatis
320 3178 454 3218 mea:
481 3162 937 3233 professionem,
974 3159 1182 3216 Christi
1212 3178 1399 3218 causa
1453 3168 1794 3233 susceptam

183 3263 294 3313 esse,
310 3252 401 3322 qui
419 3251 521 3306 fuit
538 3253 909 3321 incorruptus
934 3250 1064 3306 vitae
1084 3251 1455 3322 praedicator,
1480 3268 1795 3324 meamque

185 3339 569 3396 confessionem
619 3340 811 3411 ipsius
858 3340 956 3395 Dei
1002 3341 1191 3410 gratia
1234 3340 1382 3397 ﬁeri.
1428 3341 1565 3412 Ejus
1617 3341 1798 3410 igitur

188 3428 375 3484 Domini
394 3435 449 3485 et
474 3430 576 3485 Dei
613 3428 909 3485 confessio
940 3444 1046 3501 per
1071 3445 1166 3485 me
1188 3429 1565 3503 praedicetur,
1594 3435 1649 3486 et
1671 3430 1796 3501 ipse

187 3516 341 3573 videat
368 3520 493 3589 (scit
515 3518 710 3589 enim)
734 3519 1044 3590 quomodo
1068 3535 1241 3575 suam
1264 3520 1552 3589 virginem
1580 3536 1796 3591 puram

189 3613 462 3663 conservet.
481 3609 595 3663 Per
610 3608 757 3663 deos
774 3608 959 3679 ipsos,
980 3608 1195 3681 inquitj
1210 3608 1385 3675 udex,
1406 3608 1796 3664 dominorum

188 3692 317 3759 jussa
342 3698 582 3762 veritus,
612 3711 686 3751 ne
712 3694 859 3751 forte
890 3696 1003 3751 illis
1024 3713 1142 3752 non
1159 3697 1463 3761 obediens,
1483 3697 1794 3768 pericliter,

191 3783 422 3839 adversus
440 3790 489 3841 te
516 3785 741 3840 faciam
766 3787 930 3856 quod
946 3802 1077 3841 sum
1093 3786 1318 3855 jussus.
1344 3787 1639 3852 Quoniam
1656 3802 1797 3842 vero

188 3868 232 3923 in
257 3870 474 3943 lupanar
512 3874 672 3930 tradi
698 3873 980 3938 maluisti,
1013 3891 1199 3946 quam
1243 3876 1355 3930 diis
1402 3876 1548 3947 ipsis
1576 3876 1797 3932 sacrifi-

190 3971 310 4025 care,
334 3962 665 4027 videamus,
715 3978 863 4018 num
890 3966 945 4017 te
977 3968 1169 4018 servet
1199 3964 1461 4019 Christus
1508 3964 1601 4019 ille
1634 3970 1792 4030 tuus,

188 4055 380 4119 propter
396 4067 578 4124 quem
601 4053 661 4106 in
677 4051 1057 4107 contentione
1072 4052 1183 4108 ista
1202 4053 1513 4124 persistere
1531 4052 1793 4110 voluisti.

190 4132 233 4188 id
247 4152 363 4194 cum
378 4139 558 4210 judex
581 4140 847 4203 dixisset,
873 4140 951 4196 ad
976 4140 1282 4196 cohortem
1309 4157 1515 4197 versus
1542 4159 1553 4196 :
1579 4142 1797 4198 Trada-

190 4227 273 4287 tur,
300 4227 489 4300 inquit,
523 4230 639 4284 ista
669 4229 729 4284 in
751 4229 1026 4300 lupanar.
1049 4232 1209 4285 Tunc
1232 4230 1313 4286 ait
1333 4230 1791 4299 Theodora:Tu,

190 4310 323 4386 Deus,
352 4333 445 4390 qui
470 4319 734 4375 occultas
764 4318 1143 4391 resinspicis,
1176 4320 1280 4392 qui
1319 4320 1535 4375 novisti
1568 4320 1789 4387 omnia,

192 4403 480 4477 priusquam
501 4408 603 4463 illa
618 4408 785 4471 ﬁant,
802 4408 903 4480 qui
936 4408 1013 4463 ad
1042 4408 1401 4464 hodiernum
1426 4425 1614 4481 usque
1633 4408 1791 4464 diem

193 4492 298 4547 mihi
322 4496 523 4553 affuisti
545 4504 601 4554 et
624 4498 911 4554 intactam
932 4498 991 4553 in
1012 4513 1081 4555 ea
1104 4514 1165 4554 re
1186 4514 1280 4555 me
1303 4499 1580 4563 servasti,
1608 4515 1792 4571 quam

195 4582 271 4636 tibi
289 4588 527 4655 promisi,
548 4589 740 4660 ipseet
760 4592 891 4659 post
911 4587 1025 4643 hac
1052 4604 1147 4643 me
1169 4588 1500 4654 custodias,
1527 4592 1585 4644 et
1611 4605 1793 4661 apro-

194 4666 306 4725 fanis
338 4679 388 4730 et
429 4676 642 4748 iniquis
677 4691 886 4732 eorum
930 4676 1229 4743 manibus,
1278 4678 1380 4749 qui
1430 4677 1623 4749 parati
1659 4682 1795 4734 sunt

196 4761 373 4818 ancillis
387 4769 491 4821 tum
504 4766 583 4836 inj
596 4765 788 4821 uriam
803 4764 1034 4831 inferre,
1050 4766 1412 4823 incolumem
1429 4772 1486 4823 et
1499 4767 1793 4838 integram

197 4859 361 4905 serves.
388 4854 509 4909 Hiec
537 4870 678 4910 cum
706 4853 1083 4924 illadixisset,
1104 4855 1180 4911 ad
1202 4855 1454 4926 lupanar
1480 4855 1657 4912 ducta
1670 4861 1788 4922 est;

198 4935 400 5010 adquod
416 4944 697 5014 ingressa,
722 4943 927 5000 oculos
941 4944 1018 4999 ad
1032 4945 1248 5001 coelum
1262 4946 1465 5013 erexit,
1481 4952 1535 5001 et
1554 4946 1658 5005 ait:
1685 4950 1786 5018 Tu,

198 5020 318 5082 Pater
343 5029 561 5089 Domini
584 5032 771 5088 nostri
790 5034 924 5088 Jesu
949 5033 1177 5099 Christi,
1231 5050 1324 5090 me
1354 5035 1598 5105 adjuva,
1634 5036 1788 5091 utab

200 5109 264 5167 his
281 5119 498 5178 canibus
522 5122 766 5194 eripiar.
801 5122 904 5188 Tu,
928 5124 1029 5194 qui
1062 5124 1298 5179 Petrum
1330 5125 1389 5179 in
1424 5140 1657 5180 carcere
1684 5126 1787 5181 ad-

200 5200 363 5272 iuvisti,
400 5226 647 5283 eumque
674 5211 751 5265 ab
790 5210 1007 5281 injuria
1037 5211 1285 5268 liberum
1316 5212 1475 5268 illinc
1516 5213 1781 5279 eduxisti,

204 5292 243 5343 et
260 5307 334 5349 me
351 5296 473 5355 hinc
496 5301 568 5355 ab
589 5300 807 5371 injuria
833 5300 1187 5356 incolumem
1215 5302 1453 5367 educas,
1486 5306 1546 5356 ut
1570 5318 1782 5359 omnes

205 5375 401 5452 Videant,
432 5404 637 5462 meque
669 5405 907 5446 servam
936 5394 1096 5447 tuam
1120 5407 1248 5446 esse
1277 5396 1663 5463 cognoscant.

1828 4469 1871 4523 D

259 5554 272 5590 ¹
306 5559 460 5621 Galat.
490 5582 563 5639 iv,
600 5571 685 5625 t2.
725 5570 747 5605 ³
772 5571 919 5626 Dan.
946 5583 1064 5637 xiv,
1100 5571 1169 5627 32
1202 5583 1360 5645 seqq.

1908 1838 2128 1878 novam
2144 1830 2199 1877 et
2213 1824 2585 1895 peregrinam
2606 1824 2851 1893 ﬁguram
2870 1830 3079 1879 sancta
3096 1825 3195 1880 illa
3209 1824 3373 1894 virgo
3384 1826 3569 1881 Theo-

1908 1912 2058 1967 dora
2106 1929 2243 1968 cum
2298 1912 2559 1978 vidisset,
2601 1914 2708 1969 fuit
2757 1915 3102 1985 perterrita;
3146 1930 3216 1969 ea
3255 1916 3413 1969 enim
3471 1929 3566 1969 res

1910 2001 2145 2057 multum
2162 2002 2388 2072 injuriae
2402 2018 2472 2057 ac
2488 2003 2865 2072 turpitudinis
2879 2018 3000 2074 prae
3015 2018 3077 2058 se
3090 2002 3331 2058 ferebat.
3348 2004 3567 2068 Quam-

1910 2090 2118 2145 obrem
2160 2090 2401 2162 ancipiti
2442 2096 2497 2146 et
2537 2090 2716 2145 dubio
2758 2091 2959 2146 animo
2999 2092 3251 2147 carceris
3312 2091 3567 2160 angulos

1910 2179 2280 2243 circumibat,
2324 2195 2528 2236 secum
2568 2180 2851 2250 cogitans,
2897 2197 3040 2236 num
3069 2196 3105 2237 a
3142 2181 3371 2237 Christo
3431 2182 3566 2253 ipso

1907 2269 2110 2324 relicta
2134 2274 2307 2324 esset.

1980 2358 2060 2412 VI.
2090 2363 2162 2414 At
2193 2363 2440 2414 sanctus
2473 2359 2756 2431 Didymus
2789 2359 2895 2431 (ita
2925 2359 3086 2415 enim
3118 2360 3462 2424 vocabatur)
3504 2363 3567 2416 ut

1909 2464 2231 2518 germanus
2264 2446 2464 2515 frater,
2497 2448 2786 2519 incipiens
2816 2464 2951 2504 eam
2981 2447 3150 2504 affari
3186 2465 3202 2505 :
3236 2451 3359 2505 Non
3404 2464 3560 2515 sum,

1908 2536 2121 2608 inquit,
2163 2536 2244 2599 id,
2286 2537 2451 2608 quod
2490 2537 2675 2592 vides.
2736 2537 3146 2593 Exstrinsecus
3188 2538 3347 2592 enim
3386 2537 3565 2610 lupus

1907 2627 2135 2689 videor,
2166 2628 2324 2680 intus
2353 2642 2492 2681 vero
2520 2643 2655 2681 sum
2694 2628 2821 2681 ovis
2850 2634 3189 2683 mansueta.
3224 2631 3301 2682 Ne
3330 2634 3563 2698 spectes

1908 2714 2253 2770 exteriorem
2285 2714 2441 2769 hanc
2470 2720 2713 2776 vestem,
2748 2716 2848 2769 sed
2890 2715 3230 2769 interiorem
3272 2720 3326 2769 et
3356 2731 3564 2787 prom-

1907 2811 2077 2877 ptum
2099 2801 2281 2858 animi
2316 2801 2595 2857 affectum
2625 2803 2988 2859 consideres.
3020 2806 3215 2859 Frater
3234 2802 3397 2858 enim
3429 2820 3563 2859 sum

1905 2894 1965 2950 in
2005 2892 2199 2947 aliena
2239 2892 2450 2962 ﬁgura,
2493 2897 2693 2948 contra
2721 2892 3029 2948 diabolum
3061 2891 3320 2964 sapiens,
3356 2908 3560 2948 eorum

1906 2982 2145 3057 quidem
2191 2986 2352 3037 veste
2391 2982 2657 3047 indutus,
2685 2984 2787 3053 qui
2822 2987 2959 3037 sunt
2990 2981 3144 3037 illius
3186 2981 3457 3047 ministri,
3503 2985 3567 3038 ut

1907 3076 1985 3128 ita
2016 3070 2134 3126 huc
2160 3069 2501 3142 ingrediens
2533 3087 2655 3126 non
2676 3086 3034 3139 agnoscerer
3057 3070 3424 3141 (erantenim
3462 3070 3566 3142 qui

1905 3163 2023 3217 huc
2062 3159 2398 3214 venientem
2441 3160 3000 3231 speculabantur)et
3026 3161 3259 3216 Domini
3293 3160 3406 3215 mei
3433 3175 3568 3231 pre-

1906 3253 2123 3309 tiosam
2143 3251 2609 3321 possessionem,
2632 3256 2686 3305 et
2707 3250 2801 3305 Dei
2816 3250 3163 3306 columbam
3178 3266 3312 3305 eam
3328 3264 3565 3305 servare

1907 3359 2164 3414 possem.
2198 3342 2307 3399 Sed
2341 3356 2450 3410 age
2480 3344 2707 3395 vestem
2748 3345 3088 3407 mutemus;
3119 3340 3219 3394 tibi
3258 3342 3410 3394 Deus
3443 3339 3565 3410 ipse

1908 3431 2219 3487 victoriam
2260 3429 2549 3498 largitur:
2582 3444 2675 3483 me
2721 3444 2857 3484 vero
2902 3432 3149 3484 coronat
3198 3434 3459 3492 sanctus,
3510 3430 3567 3483 et

1908 3522 2009 3593 qui
2040 3521 2164 3575 sine
2196 3518 2429 3575 macula
2458 3522 2565 3585 est,
2602 3522 2803 3587 Agnus
2830 3518 2942 3583 ille,
2973 3518 3077 3589 qui
3130 3516 3273 3573 tollit
3321 3522 3565 3588 peccata

1911 3610 2137 3665 mundi.
2180 3611 2279 3665 Exi
2311 3615 2392 3675 tu,
2422 3614 2495 3671 et,
2540 3609 2616 3662 ad
2662 3607 2978 3662 Dominum
3006 3607 3085 3662 ito
3117 3624 3128 3662 :
3164 3609 3283 3677 Ego
3323 3612 3565 3678 propter

1909 3700 2232 3756 Dominum
2262 3698 2357 3754 hic
2396 3698 2743 3752 remanebo.
2780 3699 2894 3752 Hac
2920 3712 3054 3751 mea
3083 3701 3476 3769 veste,quam
3496 3696 3563 3751 ti-

1909 3791 2136 3854 mebas,
2160 3787 2437 3844 induaris.
2456 3785 2591 3840 Esto
2605 3790 2665 3840 tu
2692 3801 2800 3857 pro
2829 3801 2942 3850 me,
2970 3790 3030 3840 ut
3061 3791 3149 3841 est
3180 3785 3257 3840 ab
3278 3784 3562 3856 Apostolo

1907 3879 2133 3935 dictum
2161 3880 2178 3914 ¹
2213 3895 2225 3933 :
2265 3897 2293 3929 «
2322 3878 2513 3931 Estote
2536 3879 2594 3929 ut
2619 3890 2749 3943 ego,
2784 3874 3057 3944 quoniam
3086 3879 3269 3943 etego
3290 3880 3351 3929 ut
3374 3890 3499 3929 vos.
3528 3893 3557 3925 »

1907 3969 2003 4023 Ille
2048 3968 2293 4040 quidem
2326 3966 2453 4021 haec
2485 3963 2759 4019 dicebat:
2793 3963 3103 4019 Theodore.
3136 3979 3273 4018 vero
3313 3963 3562 4018 libenter

1905 4058 1955 4113 ei
1983 4056 2462 4128 obtemperabat.
2497 4052 2667 4108 Novit
2693 4053 2853 4108 enim
2885 4052 2963 4108 ab
3003 4052 3102 4107 illo
3126 4052 3261 4123 ipso
3288 4052 3428 4119 Deo,
3461 4052 3561 4124 qui

1907 4147 2065 4202 misit
2094 4147 2153 4202 in
2178 4146 2375 4201 lacum
2397 4146 2637 4200 leonum
2660 4143 3009 4214 prophetam
3031 4141 3329 4207 Habacuc,
3357 4148 3417 4197 ut
3442 4144 3552 4197 Da-

1905 4237 2039 4291 nieli
2070 4240 2113 4305 ³,
2145 4236 2249 4307 qui
2275 4236 2465 4306 etipse
2492 4234 2786 4305 propheta
2806 4238 2948 4295 erat,
2975 4232 3174 4287 cibum
3203 4231 3551 4304 impartiret,

1902 4326 2124 4398 quique
2151 4330 2205 4379 et
2230 4324 2470 4379 leonum
2497 4338 2603 4378 ora
2628 4321 2937 4386 obstruxit,
2957 4320 3204 4376 militem
3222 4320 3389 4376 illum
3414 4326 3553 4377 tunc

1904 4414 1980 4470 ad
2012 4431 2073 4470 se
2106 4415 2376 4480 missum,
2411 4417 2470 4466 ut
2500 4411 2686 4483 ipsius
2724 4410 2935 4466 habitu
2964 4410 3282 4480 occultata,
3314 4415 3370 4465 et
3398 4409 3559 4466 illinc

1903 4508 2107 4574 erepta
2129 4502 2346 4558 servari
2376 4505 2594 4573 posset.

1978 4593 2093 4648 VII.
2142 4592 2249 4647 Illa
2286 4590 2464 4661 igitur
2501 4590 2669 4658 virgo
2709 4588 2910 4644 militis
2949 4588 3224 4644 habitum
3278 4589 3555 4660 sumpsit.

1904 4682 2229 4753 ocreisque,
2246 4680 2467 4753 quibus
2484 4685 2660 4734 antea
2679 4678 2844 4733 miles
2864 4678 2939 4732 uti
2954 4683 3363 4741 consueverat,
3382 4694 3559 4735 crura

1902 4786 2015 4827 sua
2043 4770 2302 4826 contexit
2333 4785 2345 4821 :
2380 4782 2641 4839 cumque
2679 4767 2905 4838 reliqua
2938 4771 3094 4821 veste
3127 4782 3191 4820 se
3241 4765 3557 4832 induisset,

1900 4860 2074 4932 capiti
2109 4859 2344 4929 galeam
2364 4857 2670 4925 imposuit,
2691 4856 2942 4928 ejusque
2956 4856 3133 4911 armis
3148 4858 3425 4927 acceptis,
3455 4855 3559 4911 illo

1900 4950 2052 5021 ipso,
2073 4964 2271 5021 quem.
2291 4947 2395 5019 qui
2414 4946 2465 5001 ei
2488 4945 2755 5002 astiterat
2773 4944 3072 5017 praecepit,
3094 4952 3306 5001 ornatu
3346 4945 3559 5000 induta

1898 5053 2139 5108 egressa
2167 5042 2272 5092 est.
2315 5036 2630 5091 Admonita
2661 5035 2839 5091 etiam
2870 5034 2997 5100 fuit,
3033 5050 3106 5089 ne
3135 5049 3314 5105 quem
3348 5033 3561 5105 aspice-

1897 5133 2004 5192 ret,
2038 5131 2280 5198 propter
2331 5141 2538 5181 eorum
2569 5123 2844 5196 luporum
2902 5123 3341 5195 impudentiam
3383 5128 3559 5194 atque

1899 5215 2238 5280 audaciam,
2272 5230 2421 5270 neve
2446 5213 2707 5284 aliquem
2747 5212 3184 5283 alloqueretur:
3245 5210 3349 5265 sed
3405 5216 3559 5269 recta

1900 5305 1977 5359 ad
2036 5310 2272 5376 portam
2324 5302 2610 5369 tenderet,
2662 5307 2718 5357 et
2760 5303 2964 5357 Jesum
3014 5300 3216 5372 ipsum
3287 5299 3397 5356 vim
3449 5300 3559 5356 du-

1902 5408 2031 5449 cem
2059 5392 2171 5449 sibi
2203 5397 2578 5464 proponeret.
2611 5390 2797 5447 Etilla
2827 5389 3074 5463 quidem
3101 5389 3261 5446 illinc
3292 5404 3553 5461 egressa,
