4062 6222
447 269 519 326 87
1846 263 2098 318 MENSIS
2140 262 2440 319 APRILIS.
3797 263 3867 316 88

447 397 511 450 ut
533 392 814 449 columba
833 390 1113 464 quaedam
1128 388 1247 444 alas
1269 390 1566 461 quatiens,
1588 393 1765 462 atque
1787 390 1847 446 in
1879 389 2093 446 coelum
2129 391 2174 444 A
2207 390 2394 444 Deum
2427 390 2624 460 ipsum
2650 389 2794 446 satis
2825 388 3099 444 confessa
3129 385 3319 453 fuerit,
3338 386 3560 443 intacta
3594 402 3872 459 perman-

446 484 719 548 tendens,
762 498 826 536 ex
858 479 1154 549 accipitris
1181 495 1301 542 ore,
1334 479 1417 534 vel
1453 495 1611 549 agna
1637 496 1667 534 e
1699 480 1938 535 leonum
1973 479 2098 533 fau-

447 574 629 636 cibus,
673 571 879 626 evasit.
925 570 1128 624 Frater
1171 585 1306 623 vero
1346 569 1440 624 ille
1482 570 1750 633 sedebat,
1792 570 1865 624 de
1902 585 2096 624 sorore

446 678 567 718 non
594 659 849 730 amplius
879 657 1186 721 sollicitus,
1223 663 1277 711 et
1305 658 1606 729 spirituale
1642 658 1966 730 prandium
2001 674 2098 712 ex-

447 753 747 822 spectans.
783 748 1053 817 Cumque
1087 763 1147 800 se
1169 747 1377 817 capitis
1407 753 1744 814 tegumento
1782 747 2094 812 induisset,

444 856 511 895 eo
539 839 596 893 in
625 838 756 892 loco
785 837 1046 891 sedebat.
1077 839 1211 890 Erat
1237 841 1437 890 autem
1462 836 1543 892 ita
1568 843 1909 912 cononatus,
1941 847 2000 891 ut
2049 837 2096 890 si

441 927 854 984 adversarium
886 927 1086 997 ipsum
1115 925 1364 980 vicisset.
1394 915 1711 981 Intervallo
1734 932 1934 982 autem
1955 932 2096 981 tem-

437 1015 873 1090 poris,quidam
892 1031 961 1069 ex
987 1014 1411 1069 insanientium
1430 1031 1679 1070 numero
1697 1017 2096 1087 intemperan-

440 1107 534 1162 tiae
562 1122 786 1167 servus,
827 1105 904 1159 ita
934 1108 995 1158 ut
1023 1110 1148 1160 erat
1174 1104 1513 1175 impudens,
1542 1105 1681 1159 illuc
1712 1110 1992 1176 tanquam
2019 1105 2095 1159 ad

439 1195 733 1263 virginem
771 1193 1002 1262 ingredi
1041 1209 1249 1256 ausus,
1305 1210 1438 1248 cum
1486 1194 1678 1248 virum
1724 1210 1833 1266 pro
1871 1193 2096 1263 virgine

438 1283 804 1347 offendisset,
833 1286 1026 1337 mente
1067 1281 1376 1353 perculsus
1429 1297 1633 1336 secum
1665 1282 1791 1352 ipse
1818 1282 2090 1336 dicebat:

438 1371 721 1444 Nunquid
754 1370 1008 1440 virgines
1040 1370 1099 1424 in
1130 1370 1286 1424 viros
1305 1369 1586 1426 transfert
1611 1370 1781 1425 Jesus
1813 1370 1959 1426 iste?
1995 1371 2096 1425 Mi-

438 1462 523 1517 les
552 1461 666 1526 ille,
702 1460 803 1532 qui
837 1465 971 1516 ante
998 1476 1089 1515 me
1111 1459 1226 1514 huc
1261 1459 1561 1527 ingressus
1595 1466 1697 1524 est,
1729 1461 1888 1515 exiit.
1931 1461 2099 1526 Quis-

439 1566 582 1605 nam
605 1550 780 1618 igitur
811 1549 902 1604 hic
921 1554 1028 1616 est,
1060 1548 1163 1619 qui
1196 1547 1409 1603 sedet?
1437 1547 1692 1604 Ubinam
1748 1549 1916 1618 virgo
1976 1550 2094 1616 illa,

444 1656 580 1711 quae
634 1638 734 1693 hic
767 1637 996 1693 inclusa
1024 1637 1200 1692 erat?
1244 1637 1450 1691 Audivi
1502 1637 1824 1710 aliquando
1877 1656 1912 1694 a
1960 1642 2099 1694 Jesu

2207 479 2296 545 sit,
2339 495 2522 551 quam
2563 481 2719 534 Deus
2751 480 2877 551 ipse
2919 477 3289 533 incolumem
3321 481 3436 532 eta
3474 476 3611 532 labe
3650 493 3870 550 puram

2207 569 2481 623 servavit.
2528 573 2728 640 Itaque
2768 569 2932 639 quod
2974 567 3200 622 factum
3242 571 3349 635 est,
3392 582 3514 621 non
3555 567 3717 637 mihi,
3764 567 3872 622 sed

2209 659 2325 712 Deo
2358 657 2467 728 ipsi
2501 657 2692 713 tribuo
2727 675 2738 723 ;
2773 658 3064 729 quoniam
3093 655 3430 711 secundum
3461 656 3643 710 ﬁdem
3683 657 3871 727 ipsius

2207 746 2436 801 fecitilli
2465 746 3170 818 Deus,quemadmodum
3185 745 3384 815 etipse
3412 745 3592 813 nosti,
3622 746 3667 799 si
3698 744 3870 802 fateri

2206 835 2367 891 velis.
2427 840 2583 892 Tunc
2630 836 2962 906 aitjudex:
3007 836 3326 905 Cujusnam
3358 835 3532 890 sortis
3573 836 3756 891 homo
3808 841 3872 891 tu

2204 942 2265 980 es
2283 926 2309 980 ?
2327 925 2704 990 Christianus,
2763 926 2951 997 inquit
2971 925 3274 996 Didymus,
3293 939 3405 993 ego
3429 940 3562 979 sum
3585 940 3622 979 ε.
3647 924 3871 980 Christo

2202 1014 2352 1070 liber
2383 1015 2590 1069 factus.
2622 1019 2686 1069 At
2711 1015 2931 1085 judex:
2961 1013 3225 1069 Cruciate
3265 1014 3446 1068 istum
3486 1014 3873 1070 vehementer

2203 1103 2442 1158 duobus
2460 1104 2673 1174 modis,
2696 1109 2938 1175 propter
2959 1103 3088 1172 ejus
3121 1103 3532 1174 petulantiam.
3588 1104 3750 1168 Peto,
3782 1105 3871 1159 in-

2203 1193 2330 1264 quit
2349 1192 2659 1263 Didymus,
2680 1197 2743 1247 ut
2762 1192 2923 1263 quod
2953 1192 3030 1246 ab
3055 1191 3516 1261 imperatoribus
3532 1193 3646 1248 tuis
3663 1193 3872 1264 jussus

2205 1297 2286 1348 es,
2316 1279 2578 1336 celeriter
2603 1280 2906 1351 expedias.
2938 1280 3036 1335 Cui
3061 1279 3247 1350 judex
3295 1297 3307 1334 :
3354 1280 3461 1335 Per
3495 1281 3641 1336 deos
3670 1281 3872 1353 dupli-

2207 1369 2297 1425 cia
2328 1373 2626 1425 tormenta
2646 1370 2750 1425 [ibi
2782 1369 3042 1440 reposita
3074 1374 3211 1424 sunt
3235 1368 3346 1424 nisi
3374 1369 3487 1424 diis
3512 1369 3660 1441 ipsis
3690 1370 3871 1426 sacri-

2205 1459 2367 1514 ﬁces.
2403 1459 2569 1524 Quod
2596 1458 2641 1513 si
2677 1459 2902 1522 feceris,
2930 1459 3092 1529 prius
3132 1458 3275 1513 illud
3317 1457 3550 1514 facinus
3569 1463 3738 1514 tuum
3766 1476 3875 1515 au-

2207 1549 2323 1604 dax
2352 1548 2810 1604 condonabitur.
2833 1550 2971 1617 Ego,
2997 1548 3186 1619 inquit
3209 1548 3521 1620 Didymus,
3550 1549 3745 1620 reipsa
3763 1550 3870 1606 tibi

2207 1636 2460 1703 ostendi,
2497 1652 2590 1691 me
2621 1637 2719 1691 Dei
2745 1636 3028 1692 athletam
3051 1652 3180 1691 esse
3206 1653 3218 1691 :
3246 1640 3487 1708 propter
3507 1636 3688 1693 ﬁnem
3706 1639 3870 1694 enim

440 1728 573 1801 ipso
596 1745 800 1799 aquam
823 1727 880 1782 in
903 1728 1103 1781 vinum
1129 1742 1512 1782 conversam:
1536 1743 1693 1783 nunc
1714 1729 1902 1798 majus
1924 1729 2097 1800 quid.
2135 1746 2177 1800 Β
2209 1726 2357 1783 mihi
2382 1729 2704 1797 repositum
2730 1726 2844 1780 hoc
2866 1725 3058 1781 facere
3085 1741 3401 1795 aggressus
3421 1726 3523 1791 fui,
3546 1732 3605 1783 ut
3627 1732 3682 1782 et
3703 1727 3870 1798 virgo

441 1818 578 1872 dam
616 1816 786 1872 video
818 1835 830 1873 :
877 1816 1165 1884 virginem
1199 1816 1350 1870 enim
1385 1815 1444 1869 in
1485 1817 1674 1871 virum
1726 1819 1990 1873 mutavit.
2015 1819 2100 1873 Ti-

439 1923 575 1963 meo
608 1923 678 1961 ne
711 1912 763 1962 et
793 1922 884 1960 me
908 1907 967 1961 in
997 1905 1307 1960 mulierem
1331 1910 1650 1962 convertat.
1677 1905 1771 1960 Ille
1797 1923 1934 1961 vero
1961 1923 2097 1962 cum

440 2001 780 2068 opportune
821 2011 1083 2051 sororem
1128 1996 1463 2066 eripuisset,
1498 1995 1719 2050 factum
1774 2013 1952 2050 suum
1981 2012 2098 2051 non

440 2085 758 2141 occultavit
801 2104 812 2137 :
849 2085 952 2139 sed
994 2085 1154 2139 clara
1189 2101 1329 2138 voce
1364 2106 1375 2138 :
1429 2087 1554 2139 Non
1594 2086 1865 2150 mutavit,
1887 2087 2097 2158 inquit,

442 2190 537 2229 me
581 2175 888 2237 Dominus,
939 2173 1042 2228 sed
1081 2178 1134 2228 et
1175 2173 1317 2227 mihi
1350 2178 1404 2228 et
1443 2173 1523 2227 illi
1566 2189 1853 2229 coronam
1921 2175 2096 2231 dedit.

443 2264 632 2328 Quam
667 2262 842 2331 igitur
871 2260 1203 2325 habebatis,
1237 2277 1369 2316 eam
1402 2277 1518 2316 non
1545 2262 1776 2318 habetis
1820 2284 1831 2326 ;
1878 2265 2101 2335 quique

441 2351 610 2406 vobis
663 2365 782 2406 non
843 2355 985 2415 erat,
1042 2366 1180 2405 eum
1235 2366 1394 2404 nunc
1448 2351 1696 2405 habetis.
1756 2353 1932 2423 Virgo
1979 2353 2096 2418 illa,

441 2439 611 2509 virgo
639 2445 746 2504 est,
781 2444 841 2494 ut
871 2444 1065 2504 antea,
1093 2438 1264 2493 miles
1292 2455 1431 2493 vero
1459 2439 1670 2494 Chritis
1702 2440 1837 2495 Jesu
1881 2440 2100 2496 athleta

442 2545 604 2585 nunc
634 2535 738 2583 est.

512 2619 652 2673 Vlll.
695 2620 975 2687 Egressus
1015 2617 1210 2686 igitur,
1252 2616 1354 2687 qui
1399 2618 1587 2672 fuerat
1622 2619 1803 2689 paulo
1843 2625 1977 2675 ante
2018 2620 2102 2674 in-

444 2723 702 2777 gressus,
737 2706 901 2778 quod
935 2705 1156 2761 factum
1187 2712 1333 2770 erat,
1367 2707 1679 2760 nuntiavit.
1706 2707 1768 2760 Id
1793 2710 2098 2778 autemju-

445 2795 560 2850 dex
592 2795 862 2860 audiens,
893 2793 1070 2865 jussit
1103 2810 1240 2849 eum
1269 2799 1404 2848 ante
1437 2795 1692 2850 tribunal
1729 2795 1874 2850 sisti.
1917 2799 2097 2862 Quem

446 2892 800 2957 praesentem
839 2901 975 2938 cum
1017 2883 1279 2949 vidisset,
1325 2900 1462 2938 eum
1506 2885 1877 2954 interrogans
1941 2887 2022 2943 ait
2086 2904 2096 2941 :

447 2974 760 3039 Quodnam
795 2973 893 3027 tibi
927 2988 1139 3028 nomen
1170 2979 1260 3027 est
1311 2973 1337 3027 ?
1382 2973 1685 3043 Didymus,
1743 2975 1928 3045 inquit
1984 2977 2097 3042 ille,

445 3077 556 3130 ego
588 3060 878 3133 appellor.
906 3064 1053 3115 Tum
1080 3060 1266 3130 judex
1304 3063 1692 3132 :thuisnam
1725 3063 1824 3117 tibi
1856 3081 2100 3134 sugges-

447 3149 539 3213 sit,
579 3155 639 3202 ut
673 3149 827 3203 istud
846 3147 1090 3214 faceres,
1125 3165 1193 3202 ac
1237 3165 1330 3203 me
1358 3156 1776 3205 contemneres
1806 3152 1832 3205 ‘i
1865 3154 1963 3207 Cui
2009 3155 2097 3208 Di-

445 3237 667 3309 dymus
697 3253 708 3291 :
746 3238 896 3291 Deus
918 3253 1012 3290 me
1039 3237 1217 3300 misit,
1247 3245 1310 3290 ut
1331 3237 1444 3292 hoc
1473 3237 1748 3294 facerem.
1786 3242 2096 3309 Confitere,

447 3324 862 3397 inquitjudex,
897 3329 1216 3396 antequam
1251 3325 1552 3380 tormentis
1581 3327 1935 3397 subjiciaris.
1970 3331 2102 3386 Ubi-

448 3429 590 3468 nam
637 3419 725 3468 est
755 3413 1063 3468 Theodora
1086 3413 1188 3469 illa
1213 3414 1380 3482 virgo
1409 3415 1435 3469 ?
1471 3416 1792 3486 Respondit
1831 3417 1910 3473 illi
1940 3435 1950 3474 :
1995 3420 2102 3474 Per

450 3502 748 3558 Christum
782 3503 878 3557 Dei
909 3501 1136 3566 Filium,
1171 3501 1269 3556 ubi
1301 3517 1372 3556 ea
1401 3503 1494 3567 sit,
1527 3505 1746 3560 nescio.
1775 3505 1921 3560 Illud
1955 3507 2098 3570 scio,

449 3607 517 3647 ac
564 3607 920 3662 persuasum
969 3591 1184 3661 habeo,
1217 3592 1381 3662 quod
1413 3608 1549 3647 cum
1594 3593 1691 3648 Dei
1723 3595 1795 3649 sit
1828 3611 2019 3664 serva,
2048 3603 2103 3653 et

2209 1817 2356 1887 ipsa,
2384 1815 2551 1886 virgo
2579 1819 2931 1878 remaneret,
2953 1818 3012 1873 et
3040 1830 3151 1883 ego
3176 1815 3871 1874 Deiconfessionemma-

2211 1904 2420 1959 nifeste
2448 1904 2783 1975 profiterer;
2817 1921 2958 1959 nam
2978 1906 3037 1958 in
3068 1905 3165 1960 Dei
3193 1905 3309 1959 ﬁde
3337 1921 3719 1976 permanens,
3754 1913 3871 1963 tor-

2212 2000 2412 2049 menta
2441 2009 2560 2048 non
2596 1995 2869 2050 sentiam.
2908 1994 3109 2066 Itaque
3141 1993 3405 2050 celeriter
3439 1995 3554 2060 fac,
3587 1997 3750 2068 quod
3783 1998 3871 2053 vi-

2210 2082 2400 2147 detur,
2436 2098 2556 2138 non
2583 2085 2742 2138 enim
2764 2083 3137 2138 daemonibus
3171 2083 3441 2139 immolo.
3467 2088 3615 2140 Nam
3648 2091 3702 2141 et
3729 2086 3777 2140 si
3807 2087 3867 2142 in

2210 2173 2410 2242 ignem
2441 2189 2536 2228 me
2585 2173 2815 2229 tradere
2863 2172 3141 2238 volueris,
3190 2173 3350 2229 illinc
3381 2174 3553 2230 etiam
3589 2179 3739 2232 Deus
3771 2193 3868 2234 me

2210 2266 2401 2333 potest
2423 2263 2670 2332 eripere.

2281 2352 2364 2406 IX.
2393 2351 2554 2406 Tunc
2581 2351 2658 2405 illi
2685 2351 2873 2421 judex
2902 2369 2914 2406 :
2944 2353 3140 2406 Tantae
3180 2351 3448 2408 audaciae
3481 2369 3661 2410 causa
3688 2363 3872 2429 caput

2211 2440 2314 2495 tibi
2347 2439 2734 2496 abscindetur
2769 2456 2781 2494 :
2815 2445 2872 2495 et
2910 2441 3197 2512 quoniam
3256 2441 3642 2498 dominorum
3686 2451 3869 2517 atque

2209 2529 2638 2600 imperatorum
2671 2535 3013 2585 nostrorum
3042 2536 3407 2602 praeceptum
3439 2535 3865 2604 contempsisti,

2211 2619 2466 2690 reliquiae
2485 2625 2598 2674 tuae
2624 2620 2681 2674 in
2705 2620 2909 2688 ignem
2928 2620 3257 2675 tradentur.
3278 2620 3372 2677 Ad
3393 2620 3519 2676 haec
3548 2622 3863 2695 Didymus:

2209 2707 2576 2772 Benedictus,
2610 2708 2820 2779 inquit,
2870 2709 3025 2762 Deus
3080 2712 3136 2763 et
3194 2711 3358 2764 Pater
3400 2710 3630 2765 Domini
3679 2713 3868 2767 nostri

2208 2797 2346 2851 Jesu
2387 2797 2615 2858 Christi,
2668 2797 2771 2868 qui
2811 2797 3129 2852 consilium
3171 2813 3374 2852 meum
3411 2814 3529 2854 non
3576 2799 3869 2870 despexit,

2213 2885 2315 2940 sed
2336 2894 2388 2940 et
2405 2885 2780 2941 Theodoram
2795 2886 3072 2941 ancillam
3093 2903 3264 2942 suam
3287 2887 3577 2956 integram
3596 2889 3869 2955 servavit,

2211 2979 2265 3029 et
2295 2990 2388 3029 me
2422 2991 2527 3045 per
2558 2975 2680 3030 duo
2717 2981 3011 3031 tormenta
3066 2976 3395 3032 coronabit.
3442 2976 3711 3049 Cumque
3737 2994 3876 3034 sen-

2211 3064 2452 3119 tentiam
2482 3080 2516 3118 a
2538 3065 2739 3134 judice
2766 3065 2949 3121 latam
2969 3066 3312 3136 accepisset,
3339 3067 3528 3122 securi
3551 3083 3872 3139 percussus

2209 3157 2313 3208 est.
2344 3155 2471 3218 Quo
2494 3153 2666 3214 facto,
2689 3155 2817 3224 ejus
2840 3171 3056 3224 corpus
3076 3156 3133 3210 in
3161 3156 3361 3224 ignem
3381 3156 3487 3212 fuit
3511 3158 3872 3228 conjectum.

2211 3243 2487 3312 Martyrio
2509 3247 2708 3298 autem
2733 3243 2969 3298 functus
2992 3249 3078 3300 est
3110 3251 3351 3300 sanctus
3375 3245 3670 3317 Didymus
3692 3249 3876 3303 Nonis

2209 3331 2445 3400 Aprilis,
2507 3338 2794 3400 regnante
2840 3333 2899 3387 in
2951 3333 3114 3388 caelis
3167 3334 3419 3389 Domino
3478 3340 3678 3391 nostro
3735 3339 3876 3394 Jesu

2212 3419 2439 3475 Christo
2472 3443 2482 3473 :
2512 3423 2802 3494 quoniam
2837 3423 2949 3494 ipsi
2981 3427 3039 3478 et
3067 3424 3256 3493 gloria
3284 3440 3419 3478 cum
3455 3424 3624 3480 Patre
3651 3430 3707 3482 et
3742 3443 3875 3483 san-

2212 3515 2305 3564 cto
2347 3510 2564 3581 Spiritu
2589 3527 2749 3567 nunc
2779 3517 2854 3578 ,et
2878 3528 3132 3584 semper,
3195 3519 3250 3568 et
3280 3512 3341 3568 in
3365 3513 3584 3570 saecula
3629 3516 3875 3572 saeculo-

2213 3613 2372 3653 rum.
2408 3600 2619 3655 Amen.

458 3723 3851 3750 Ἦ

1230 3863 2116 3988 MABTYRIUM
2204 3865 2310 3993 S.
2401 3868 3093 3992 THERMES

1157 4113 1251 4170 ET
1297 4113 1738 4174 PIIERBUTzE
1786 4115 1973 4176 EJUS
2017 4116 2345 4179 SORORIS
2393 4120 2734 4190 EJUSQUE
2777 4122 3160 4182 ANCILL/E.

948 4244 1122 4306 (Anno
1155 4245 1264 4295 310.
1288 4272 1350 4281 -
1379 4245 1534 4308 Apud
1563 4246 1774 4296 Surium
1797 4247 1864 4297 ad
1895 4247 2036 4298 diem
2068 4251 2094 4297 5
2127 4251 2338 4313 Aprilis.
2363 4251 2536 4302 Grmce
2573 4267 2683 4302 non
2714 4258 2888 4304 exstat
2918 4257 2970 4304 in
3002 4256 3156 4305 codd.
3184 4256 3374 4318 Paris.)

523 4494 562 4549 Ι.
594 4493 884 4564 Tempore
917 4498 1124 4549 nostrae
1145 4495 1599 4565 persecutionis,
1624 4496 1832 4565 regina
1861 4502 2104 4569 repente
2142 4499 2184 4552 D
2218 4501 2593 4556 constitutus.
2617 4502 2764 4557 Cum
2779 4507 2979 4558 autem
2998 4509 3204 4559 sancta
3222 4505 3468 4560 Therme
3485 4521 3621 4563 cum
3636 4507 3876 4564 duabus

451 4583 512 4639 in
569 4583 849 4638 morbum
877 4583 1084 4638 incidit
1115 4601 1128 4645 ς
1161 4600 1295 4655 quae
1351 4601 1485 4639 cum
1516 4585 1864 4641 Judaeorum
1911 4589 2104 4642 crucis

452 4671 823 4727 inimicorum
848 4676 999 4726 esset
1022 4673 1315 4738 studiosa,
1339 4689 1558 4745 eosque
1583 4673 1831 4729 libenter
1851 4677 2102 4743 audiret,

453 4767 828 4818 accesserunt
858 4761 933 4816 ad
965 4777 1099 4817 eam
1132 4767 1309 4833 atque
1331 4763 1626 4829 dixerunt,
1661 4764 1955 4820 Simeonis
1989 4768 2104 4837 epi-

455 4852 639 4919 scopi,
675 4856 1075 4918 cognomento
1128 4851 1477 4923 Jombaphaa
1511 4869 1762 4918 sorores,
1819 4860 1880 4909 ut
1912 4854 2107 4910 fratris

452 4953 660 4994 necem
697 4938 1142 5004 ulciscerentur,
1171 4956 1464 4996 venenum
1488 4942 1621 5012 ipsi,
1672 4959 1794 5014 quo
1827 4945 2104 5010 interiret,

455 5027 784 5083 miscuisse.
816 5029 985 5092 Quod
1017 5046 1152 5084 cum
1188 5030 1262 5084 ad
1289 5031 1441 5101 regis
1496 5047 1670 5086 aures
1725 5034 2106 5102 pervenisset,

458 5125 670 5173 sancta
698 5117 946 5173 Therme
976 5119 1175 5174 statim
1208 5135 1339 5174 cum
1375 5136 1576 5175 sorore
1603 5125 1660 5174 et
1686 5120 1902 5176 ancilla
1949 5139 2108 5178 com-

457 5208 754 5280 prehensa
787 5213 890 5263 est.
925 5211 1055 5262 Erat
1081 5214 1278 5264 autem
1307 5209 1434 5264 hrec
1454 5210 1618 5278 virgo
1642 5209 1826 5265 sacris
1854 5211 1911 5264 in
1931 5213 2110 5266 rebus

457 5297 772 5352 exercitata
806 5313 817 5352 :
871 5298 991 5352 imo
1023 5314 1162 5353 vero
1193 5315 1402 5354 omnes
1425 5304 1591 5353 erant
1622 5298 1678 5352 in
1709 5301 1845 5354 Jesu
1902 5301 2109 5356 Christi

457 5384 576 5439 ﬁde
603 5385 826 5457 optime
855 5385 1150 5442 institutae.
1190 5388 1398 5443 Habita
1418 5389 1490 5442 de
1514 5386 1626 5442 illis
1649 5390 1898 5459 quaestio
1918 5390 2030 5445 fuit
2055 5392 2108 5445 in

458 5473 699 5545 palatio.
741 5476 973 5546 Maupta
1000 5475 1158 5531 enim
1191 5479 1493 5547 Magorum
1519 5476 1788 5547 princeps
1807 5493 1942 5532 cum
1967 5479 2113 5535 duo-

460 5561 575 5618 bus
621 5563 748 5619 aliis
798 5564 1166 5637 principibus
1196 5567 1349 5637 regis
1382 5565 1666 5621 mandato
1690 5564 1873 5635 judex
1924 5569 2114 5624 fuerat

2217 4589 2457 4661 reliquis
2489 4591 2545 4645 in
2575 4592 2867 4661 judicium
2900 4597 3051 4647 esset
3075 4592 3354 4660 adducta,
3383 4597 3878 4667 perspectajudi-

2217 4694 2314 4733 ces
2333 4680 2765 4750 pulchritudine
2781 4683 2970 4752 ipsius
2987 4684 3141 4751 (erat
3160 4683 3313 4738 enim
3335 4685 3526 4742 forma
3541 4687 3870 4743 admodum

2218 4770 2489 4839 venusta)
2525 4770 2801 4840 improbo
2836 4771 3054 4840 singuli
3077 4788 3280 4827 amore
3305 4775 3681 4829 vehementer
3707 4791 3871 4830 exar-

2220 4866 2421 4912 serunt
2454 4876 2464 4912 :
2504 4875 2681 4914 nemo
2713 4865 2917 4915 tamen
2947 4860 3074 4915 aliis
3098 4878 3221 4916 rem
3245 4862 3545 4918 indicavit.
3581 4863 3672 4917 Sic
3697 4863 3874 4933 igitur

2219 4945 2350 5000 illas
2383 4952 2521 5001 sunt
2554 4947 2813 5003 allocuti.

2295 5039 2356 5090 ll.
2391 5037 2504 5090 Cur
2531 5038 2692 5091 orbis
2716 5043 3011 5094 terrarum
3039 5041 3258 5110 reginae
3283 5057 3351 5096 ac
3372 5039 3630 5095 dominre
3655 5043 3878 5098 veneﬁ-

2222 5125 2378 5179 cium
2412 5127 2664 5194 parastis
2693 5128 2721 5182 ?
2749 5129 2878 5192 Quo
2909 5129 3154 5199 quidem
3201 5130 3442 5185 crimine
3494 5128 3688 5198 digna:
3737 5134 3876 5189 estis

2223 5215 2429 5268 mortis
2464 5214 2783 5285 supplicio.
2821 5218 2918 5271 Hic
2951 5224 3157 5274 sancta
3173 5219 3418 5273 Therme
3454 5220 3824 5290 respondens
3860 5241 3872 5279 :

2223 5302 2334 5355 Cur
2365 5318 2494 5366 nos,
2527 5304 2737 5373 inquit,
2772 5304 2830 5359 in
2861 5307 3084 5361 crimen
3109 5305 3352 5370 vocatis,
3378 5307 3543 5380 quod
3569 5326 3603 5364 a
3631 5311 3878 5368 veritate

2223 5391 2384 5445 abest
2411 5408 2595 5463 quam
2620 5393 2964 5462 longissime
2982 5397 3131 5451 ‘?Cur
3150 5395 3323 5451 nobis
3347 5397 3681 5455 calumnias
3707 5401 3878 5457 strui-

2225 5479 2295 5534 tis
2319 5479 2347 5533 ?
2388 5482 2444 5536 Si
2479 5483 2836 5552 sanguinem
2863 5489 3134 5539 nostrum
3161 5484 3346 5551 sititis,
3383 5486 3524 5558 quid
3566 5487 3732 5544 vobis
3771 5489 3881 5546 im-

2225 5568 2578 5642 pedimento
2607 5577 2716 5639 est,
2741 5573 3060 5646 quominus
3081 5571 3249 5631 illum
3267 5573 3527 5635 bibatis?
3551 5577 3607 5636 Si
3623 5583 3880 5638 mortem
