4078 6222
216 288 274 342 89
1322 285 1487 342 νιΤΑ
1526 285 1585 341 S.
1626 281 1837 339 THER]

1962 280 2049 336 ET
2086 282 2475 342 SOCIARUM.
3537 289 3609 341 90

211 416 448 470 nastram
480 409 721 481 optatis,
749 424 885 465 ecce
910 424 1128 466 manus
1150 413 1357 466 vestras
1378 410 1643 484 quotidie
1661 408 1832 465 credi-
1865 408 1913 463 A
1946 424 1977 465 e
2006 412 2160 466 terra
2181 409 2475 467 tollendas
2494 410 2978 483 pronuntiarunt,
3000 410 3165 483 quod
3187 411 3405 484 regium
3428 412 3605 486 phar-

204 503 300 558 bus
321 501 787 572 coinquinantur
817 516 829 554 :
860 504 917 556 et
945 516 1055 556 nos
1088 506 1329 574 propter
1358 505 1543 559 Deum
1562 506 1834 557 nostrum

206 592 480 648 malumus
514 592 691 655 mori,
721 606 908 663 quam
938 591 1136 663 ipsum
1166 592 1467 662 abnegare
1501 608 1512 645 :
1548 596 1639 648 est
1675 591 1835 647 enim

204 683 303 737 vita
344 685 571 736 nostra.
618 682 681 736 Et
715 681 1237 753 quemadmodum
1277 682 1563 753 scriptum
1603 687 1708 747 est,
1771 683 1838 735 ut

206 786 366 826 unum
390 772 578 826 Deum
603 770 947 836 adoremus,
971 776 1029 826 et
1055 770 1133 826 illi
1166 771 1275 827 soli
1298 770 1630 827 serviamus
1664 771 1707 837 ί,
1750 768 1834 824 sic

205 860 356 915 etiam
380 859 661 915 facimus.
686 863 748 915 Et
778 876 917 915 cum
934 859 1071 916 alibi
1090 861 1378 932 scriptum
1408 861 1519 916 sit:
1550 878 1579 910 (ι
1612 858 1836 914 Maleﬁ-

204 965 286 1006 cos
311 964 426 1005 non
457 949 624 1004 sines
654 950 847 1004 vivere
877 951 899 985 ³
929 991 943 1017 ,
978 970 1005 1000 ››
1036 950 1348 1022 quomodo
1377 965 1488 1005 nos
1529 948 1831 1015 maleﬁcae,

200 1055 312 1111 qua:
340 1039 535 1094 scelus
559 1039 625 1095 id
652 1038 892 1109 gravius
917 1055 1104 1113 prope
1136 1040 1236 1095 Dei
1261 1039 1656 1110 abnegatione
1677 1038 1832 1108 judi-

199 1129 428 1185 camus?
467 1128 716 1201 Utrique
754 1127 1020 1201 profecto
1057 1128 1293 1185 crimini
1325 1145 1485 1184 mors
1523 1128 1834 1200 proposita

197 1224 284 1274 est.
314 1218 655 1273 Audiebant
678 1218 914 1289 judices
947 1218 1233 1289 virginem
1272 1235 1412 1274 cum
1442 1218 1745 1290 voluptate
1776 1222 1833 1273 et

195 1323 297 1380 pra:
323 1306 789 1379 pulchritudinis
821 1312 1002 1380 atque
1039 1308 1345 1381 sapientiae
1366 1308 1554 1379 ipsius
1575 1306 1831 1362 admira-

194 1398 330 1453 tione
356 1396 519 1469 loqui
550 1411 677 1452 non
708 1400 1005 1469 poterant.
1040 1397 1153 1453 Sed
1182 1398 1435 1469 quisque
1466 1412 1673 1453 secum
1702 1397 1832 1468 ipse

196 1487 261 1542 sic
287 1486 590 1555 cogitabat
624 1501 637 1540 :
673 1488 891 1556 Regem
925 1486 1230 1555 hortabor,
1259 1492 1324 1542 ut
1348 1486 1482 1542 illas
1509 1486 1716 1542 liberet
1758 1492 1834 1552 ,et

196 1577 328 1631 hanc
365 1575 505 1631 mihi
549 1590 806 1631 uxorem
850 1575 1090 1631 ducam.
1134 1578 1399 1648 Mauptas
1438 1580 1640 1631 autem
1683 1597 1696 1629 :
1732 1577 1832 1630 Vix

194 1664 406 1721 tandem
439 1669 622 1730 recte,
652 1664 870 1736 inquit,
896 1664 1117 1730 dixisti,
1145 1665 1318 1721 vobis
1349 1680 1471 1720 non
1498 1664 1675 1721 licere
1704 1680 1834 1720 esse

1946 516 2119 556 maca
2142 505 2607 573 praeparassent,
2638 501 2861 573 quibus
2892 501 3171 557 interiret.
3202 504 3604 573 Statimigitur

1943 604 2045 645 rex
2077 590 2313 646 hancin
2336 607 2438 647 eas
2467 591 2821 647 sententiam
2857 589 3002 656 tulit,
3036 596 3095 644 ut
3126 606 3248 662 quo
3282 592 3487 648 mortis
3507 608 3604 662 ge-

1944 694 2083 734 nere
2118 681 2279 750 magi
2311 680 2529 736 vellent
2559 679 2959 736 afﬁcerentur.
2990 680 3471 749 Negabantenim
3501 682 3602 738 ho-

1946 770 2137 824 mines
2177 770 2343 841 impii
2383 776 2561 843 atque
2604 771 2844 842 impuri,
2886 770 3015 826 ﬁeri
3056 785 3253 842 posse,
3299 776 3360 826 ut
3396 772 3604 841 regina

1942 860 2402 924 convalesceret,
2423 860 2534 915 nisi
2560 860 2859 930 virginum
2873 875 3127 931 corpora
3142 859 3292 915 duas
3320 860 3380 914 in
3407 865 3603 931 partes

1944 950 2024 1004 ita
2062 950 2523 1019 dissecarentur,
2566 955 2629 1006 ut
2666 951 2871 1020 regina
2912 966 3016 1022 per
3057 949 3322 1005 medium
3363 950 3602 1006 illarum

1942 1038 2260 1095 incederet.
2287 1039 2401 1096 Sed
2428 1042 2693 1111 Mauptas
2715 1055 2943 1104 rursus,
2977 1055 3113 1094 cum
3138 1039 3215 1094 ad
3240 1038 3602 1111 supplicium

1940 1127 2317 1194 ducerentur,
2351 1128 2429 1184 ad
2446 1134 2715 1185 sanctam
2750 1129 2921 1194 misit,
2955 1128 3059 1200 qui
3084 1128 3323 1191 diceret,
3356 1128 3406 1183 si
3434 1128 3605 1185 vellet

1941 1216 2052 1271 sibi
2079 1216 2351 1289 obsequi,
2385 1222 2757 1286 curaturum,
2798 1222 2861 1273 ut
2894 1234 3002 1273 nec
3032 1220 3183 1289 ipsa,
3218 1233 3326 1273 nec
3356 1217 3600 1291 reliquae

1943 1305 2152 1377 puellm
2184 1306 2673 1362 interﬁcerentur.
2707 1308 2962 1377 Atvirgo
2985 1312 3211 1373 sancta,
3237 1306 3399 1363 clara
3416 1322 3560 1363 voce
3585 1325 3597 1362 :

1942 1396 2135 1460 Canis,
2156 1396 2367 1469 inquit,
2396 1397 2726 1464 immunde,
2743 1413 2848 1453 cur
2874 1398 3001 1453 haec
3018 1396 3304 1469 loqueris,
3332 1413 3466 1470 quae
3489 1413 3601 1468 ego

1943 1484 2149 1541 audire
2182 1501 2300 1540 non
2318 1486 2608 1557 possum?
2624 1487 2713 1541 Ad
2727 1487 2907 1543 ﬁnem
2927 1486 3085 1542 enim
3114 1487 3294 1557 hujus
3313 1487 3444 1543 vitae
3464 1502 3601 1557 per-

1943 1574 2145 1630 venire
2176 1575 2373 1647 cupio,
2420 1582 2479 1631 ut
2518 1582 2805 1648 perpetuo
2834 1576 3059 1634 vivam.
3091 1576 3273 1645 Absit,
3321 1580 3383 1633 ut
3422 1576 3601 1632 cadu-

1942 1680 2077 1721 cam
2114 1665 2272 1720 hanc
2308 1665 2453 1722 mihi
2485 1666 2668 1721 vitam
2708 1682 2932 1737 parem,
2975 1681 3100 1738 qua
3132 1670 3320 1723 morte
3359 1681 3600 1738 peream

196 1753 481 1820 maleﬁcis;
507 1770 727 1810 verum
751 1753 1026 1810 fraternae
1046 1754 1253 1810 mortis
1277 1754 1633 1810 ulciscendae
1651 1770 1835 1810 causa
1868 1767 1913 1821 Β
1944 1754 2325 1825 sempiterna.

195 1845 244 1899 id
266 1845 670 1916 perpetrastis.
715 1843 803 1899 Ad
842 1845 971 1900 haec
1008 1845 1176 1915 virgo
1217 1850 1427 1901 sancta
1465 1844 1777 1917 respondit
1817 1861 1830 1899 :

201 1935 325 2000 Quid
372 1934 511 1990 mali
556 1934 731 1991 fratri
780 1940 984 1991 nostro
1034 1935 1268 2002 accidit,
1323 1942 1386 1991 ut
1432 1950 1543 1991 nos
1592 1939 1835 2006 propter

197 2025 363 2096 ipsum
383 2041 420 2079 a
453 2026 574 2080 Deo
608 2024 851 2081 vivente
872 2025 1055 2081 vitam
1086 2030 1354 2081 nostram
1389 2025 1469 2096 sej
1483 2039 1700 2094 ungere
1728 2024 1836 2080 de-

194 2112 414 2169 beamus
438 2115 468 2169 ?
494 2115 795 2180 Quamvis
824 2114 981 2169 enim
1004 2131 1112 2169 vos
1130 2114 1298 2171 illum
1324 2113 1706 2186 improbitate
1737 2129 1836 2169 ve-

192 2208 290 2258 stra
324 2208 375 2259 et
410 2203 806 2260 aemulatione
844 2203 1268 2270 interfeceritis,
1312 2207 1514 2259 tamen
1554 2203 1721 2271 vivit,
1779 2207 1835 2259 et

193 2292 381 2359 gaudet
399 2293 459 2348 in
480 2308 681 2362 regno
702 2292 923 2349 caelesti
944 2309 955 2346 :
973 2294 1138 2365 quod
1163 2294 1412 2366 quidem
1433 2308 1708 2362 regnum,
1730 2308 1837 2365 po-

194 2383 405 2438 tentiam
432 2388 488 2439 et
504 2382 839 2455 imperium
870 2388 1133 2439 vestrum
1155 2388 1394 2439 evertet.
1417 2385 1559 2449 Quae
1579 2382 1677 2439 illa
1695 2398 1834 2438 cum

194 2469 399 2540 diceret,
436 2472 760 2544 jusserunt
788 2487 890 2527 eas
928 2472 989 2528 in
1019 2488 1321 2529 carcerem
1351 2473 1512 2539 duci,
1546 2477 1604 2529 et
1642 2477 1837 2529 custo-

198 2559 305 2616 diri.

254 2650 330 2705 lIl.
370 2650 651 2707 Diluculo
678 2654 879 2707 autem
921 2650 1079 2706 misit
1108 2651 1187 2707 ad
1216 2666 1351 2707 eam
1381 2654 1649 2724 Mauptas
1686 2667 1838 2708 nun-

198 2739 344 2807 tium,
374 2741 473 2811 qui
505 2740 738 2796 diceret
765 2758 776 2795 :
814 2741 869 2797 Si
903 2740 1009 2806 vis,
1042 2740 1232 2797 orabo
1281 2757 1504 2811 regem,
1542 2747 1603 2797 ut
1632 2742 1840 2798 liberet

199 2844 287 2884 vos
306 2845 339 2884 a
360 2835 567 2896 morte,
598 2835 661 2885 et
680 2830 797 2885 eris
823 2830 966 2885 mihi
991 2846 1157 2886 uxor.
1194 2831 1423 2897 Quibus
1455 2832 1652 2887 verbis
1674 2831 1838 2887 audi-

199 2918 276 2982 tis,
303 2923 533 2974 strenua
565 2919 767 2988 virgo,
801 2919 906 2974 etsi
930 2935 1050 2975 non
1086 2920 1279 2991 potuit
1305 2936 1427 2976 non
1450 2920 1834 2987 commoveri,

200 3011 372 3062 tamen
400 3009 479 3063 ita
509 3007 830 3078 respondit
862 3025 874 3063 :
913 3010 988 3065 Os
1020 3013 1191 3064 tuum
1220 3009 1484 3075 obstrue,
1528 3010 1692 3065 canis
1731 3010 1838 3065 im-

2016 1844 2078 1897 V.
2124 1844 2466 1899 Eduxerunt
2496 1844 2675 1914 igitur
2704 1844 2833 1901 illas
2863 1850 3030 1901 extra
3059 1844 3378 1909 civitatem,
3407 1848 3463 1899 et
3488 1858 3599 1915 pro

1946 1949 2309 2006 unaquaque
2340 1935 2613 2005 ipsarum
2640 1934 2814 1990 binos
2840 1933 3010 2006 palos
3042 1934 3125 1989 ita
3151 1933 3505 2000 deﬁxerunt,
3538 1936 3602 1987 ut

1946 2023 2046 2077 uni
2073 2038 2281 2078 eorum
2308 2022 2548 2085 collum,
2584 2022 2750 2077 alteri
2783 2021 2964 2094 pedes
2995 2038 3203 2077 eorum
3236 2021 3553 2091 alligarent
3588 2036 3599 2075 ε

1944 2117 1997 2166 et
2020 2127 2157 2167 cum
2183 2127 2285 2167 eas
2316 2112 2397 2166 sic
2416 2111 2843 2181 extendissent,
2873 2116 3183 2183 assumpta
3203 2126 3366 2165 serra
3383 2109 3603 2176 fabrili,

1946 2200 2213 2271 singulas
2242 2201 2303 2255 in
2334 2200 2508 2257 binas
2540 2205 2737 2273 partes
2768 2200 3197 2256 dissecuerunt.
3233 2202 3295 2254 Et
3331 2204 3497 2255 terna
3532 2198 3605 2254 li-

1945 2306 2064 2362 gna
2090 2306 2338 2363 procera
2375 2292 2434 2345 in
2468 2306 2587 2347 una
2616 2297 2783 2363 parte
2816 2292 2946 2356 viae,
2973 2296 3139 2348 terna
3162 2291 3220 2346 in
3254 2290 3439 2346 altera
3468 2305 3608 2346 con-

1947 2380 2281 2449 stituerunt,
2333 2380 2569 2453 illisque
2610 2385 2955 2437 sanctarum
2996 2382 3294 2449 virginum
3354 2395 3609 2451 corpora

1947 2472 2407 2542 suspenderunt.
2430 2472 2473 2527 0
2500 2471 2908 2543 spectaculum
2938 2472 3305 2527 horrendum
3339 2486 3407 2526 ac
3437 2470 3611 2526 mise-

1946 2560 2156 2624 rabile,
2188 2561 2599 2632 spectaculum
2632 2560 2940 2632 lacrymis,
2973 2560 3156 2624 luctu,
3183 2566 3422 2632 stupore
3444 2565 3611 2629 etge-

1948 2652 2095 2706 mitu
2120 2651 2632 2723 prosequendum.
2671 2653 2725 2707 Si
2756 2653 2889 2722 quis
2920 2652 3220 2722 lacrymas
3254 2666 3373 2705 non
3405 2650 3605 2713 habet,

1948 2740 2213 2807 accedat,
2240 2744 2294 2795 et
2323 2745 2721 2811 erumpentex
2739 2740 2924 2795 oculis
2948 2742 3077 2808 ejus
3110 2739 3298 2794 fontes
3318 2739 3610 2809 lacryma-

1948 2845 2102 2885 rum.
2140 2831 2283 2884 Ecce
2314 2844 2569 2898 corpora
2600 2828 2860 2884 candida
2891 2834 2945 2884 et
2985 2834 3192 2883 sancta
3223 2832 3514 2898 tropaeum
3547 2828 3608 2882 in

1948 2918 2047 2974 via
2086 2918 2537 2982 constituerunt,
2581 2918 2639 2973 in
2681 2918 2902 2990 quibus
2942 2917 3059 2975 illac
3101 2917 3266 2972 omni
3312 2916 3442 2971 vitae
3484 2932 3610 2971 suae

1948 3013 2215 3080 tempore
2246 3008 2596 3075 gravitatem
2631 3014 2687 3063 et
2718 3007 3122 3077 virginitatem
3153 3006 3491 3063 coluerunt.
3527 3005 3612 3061 Li-

200 3096 409 3159 munde,
441 3097 691 3153 inimice
722 3097 840 3163 Dei,
860 3103 917 3153 et
940 3097 1137 3154 omnis
1156 3098 1455 3165 veritatis;
1482 3115 1593 3155 nec
1610 3099 1837 3155 audeas
1878 3124 1919 3182 C
1949 3099 2150 3155 bertas
2173 3099 2231 3153 in
2255 3098 2652 3167 ignominiam
2670 3113 2843 3153 versa
2869 3103 2957 3153 est
2990 3113 3219 3161 earum,
3253 3111 3383 3168 quae
3411 3095 3611 3151 mode~

198 3185 419 3255 amplius
432 3186 1019 3258 verbumimpurum
1036 3186 1342 3243 effundere
1363 3190 1425 3243 in
1448 3204 1624 3244 aures
1650 3204 1833 3246 meas.

200 3276 366 3347 Neque
392 3277 553 3331 enim
587 3275 707 3332 ista
731 3276 1009 3345 cogitatio
1040 3277 1199 3333 cadit
1223 3277 1282 3331 in
1314 3282 1576 3333 mentem
1611 3293 1831 3335 meam.

203 3364 352 3420 Absit.
381 3366 577 3422 Semel
603 3367 767 3421 enim
796 3365 993 3422 dicata
1020 3383 1158 3421 sum
1193 3367 1418 3422 Christo
1441 3367 1717 3433 Domino,
1741 3367 1838 3422 cui

202 3452 562 3523 virginitatem
617 3470 815 3510 meam
860 3470 1053 3519 servo,
1094 3460 1151 3511 et
1199 3455 1381 3511 ﬁdem
1413 3472 1483 3511 ac
1528 3458 1838 3513 veritatem

202 3544 323 3598 tueri
344 3543 552 3600 studeo
593 3559 609 3609 ;
642 3543 805 3598 solus
836 3543 993 3600 enim
1026 3548 1115 3599 est
1146 3543 1272 3599 sine
1306 3549 1572 3616 peccato,
1608 3550 1665 3601 et
1694 3545 1839 3601 libe-

204 3645 309 3687 rare
334 3648 422 3688 me
453 3637 653 3705 potest
679 3632 758 3688 ab
784 3632 1114 3689 immundis
1151 3633 1454 3698 manibus,
1491 3639 1545 3691 et
1584 3634 1841 3707 impuris

207 3720 639 3790 cogitationibus
666 3722 894 3777 vestris.
936 3722 1073 3778 Mori
1110 3738 1232 3778 non
1271 3723 1473 3790 timeo,
1516 3740 1626 3780 nec
1650 3723 1840 3779 ullum

208 3809 359 3865 caedis
384 3825 581 3881 genus
608 3810 954 3867 reformido.
991 3813 1123 3867 Haec
1148 3812 1310 3869 enim
1331 3812 1445 3875 via,
1474 3829 1661 3885 quam
1695 3813 1841 3869 mihi

209 3898 499 3969 adornatis,
523 3915 626 3956 me
643 3900 821 3956 ducet
837 3899 915 3956 ad
932 3900 1357 3958 charissimam
1379 3901 1620 3957 fratrem
1640 3918 1841 3958 meum

211 3986 913 4059 Simeonem,utdolorum
940 3994 995 4045 et
1017 3990 1369 4059 gemituum,
1399 4007 1552 4062 quos
1576 3998 1714 4063 post
1744 4007 1843 4047 ne-

207 4089 311 4132 cem
331 4078 509 4149 ipsius
527 4079 773 4152 pertulit
789 4079 992 4135 anima
1007 4095 1163 4143 mea,
1186 4079 1470 4136 solatium
1496 4088 1550 4135 et
1570 4081 1843 4138 consola-

209 4163 400 4223 tionem
439 4167 760 4240 accipiam.
796 4168 1077 4223 Miserunt
1114 4168 1319 4224 itidem
1349 4168 1422 4224 ad
1465 4186 1598 4225 eam
1630 4170 1843 4242 reliqui

209 4251 307 4309 duo
324 4257 621 4329 principes
654 4258 895 4313 nuntios
927 4274 943 4315 :
975 4273 1130 4330 quos
1156 4256 1256 4313 illa
1283 4258 1502 4329 pariter
1532 4275 1668 4315 cum
1694 4260 1842 4315 indi-

212 4346 461 4411 guatione
484 4346 709 4418 rejecit.
740 4346 1147 4413 Quamobrem
1175 4363 1312 4402 cum
1344 4364 1406 4403 se
1436 4347 1623 4405 victos
1644 4350 1721 4405 ab
1744 4350 1843 4406 illa

215 4435 602 4505 perspicerent,
646 4443 701 4491 et
748 4435 1139 4508 cupiditatem
1190 4452 1363 4493 suam
1415 4437 1659 4494 inanem
1709 4454 1841 4495 esse

214 4520 746 4589 animadverterent,
772 4524 1086 4581 consilium
1120 4524 1397 4591 inierunt,
1434 4534 1487 4581 et
1514 4526 1733 4583 falsum
1761 4536 1843 4584 at-

220 4623 316 4678 que
331 4611 596 4686 iniquum
616 4613 695 4670 ad
712 4630 914 4684 regem
934 4613 1341 4670 testimonium
1360 4614 1716 4684 detulerunt,
1741 4634 1841 4675 eas

222 4711 330 4754 esse
360 4703 677 4771 maleﬁcas,
710 4709 1060 4759 asserentes.

277 4786 347 4843 lV.
387 4793 510 4857 Quo
537 4808 643 4848 rex
670 4793 894 4857 audito,
933 4793 1211 4857 decrevit,
1244 4796 1307 4849 ut
1336 4792 1449 4849 nisi
1483 4794 1597 4851 Soli
1632 4795 1844 4851 immo-

222 4872 398 4943 larent,
428 4880 857 4937 occiderentur.
888 4881 1059 4947 Quod
1089 4882 1334 4954 quidem
1365 4882 1672 4939 decretum
1704 4901 1842 4941 cum

225 4963 391 5023 adeas
418 4969 711 5040 perlatum
731 4975 906 5036 esset,
933 4970 1390 5043 responderunt,
1412 4988 1472 5026 se
1497 4972 1683 5027 Deum
1711 4973 1843 5028 cmli

227 5067 281 5106 ac
304 5059 455 5114 terrm
482 5058 821 5115 effectorem
844 5059 1128 5129 adorare;
1152 5060 1309 5116 nolle
1330 5065 1532 5117 autem
1554 5062 1843 5118 honorem

232 5139 326 5199 Deo
351 5146 630 5218 debitum,
659 5148 777 5205 Soli
805 5149 884 5204 ab
906 5149 1039 5221 ipso
1070 5154 1381 5222 procreato
1413 5150 1706 5207 tribuere:
1737 5168 1843 5208 nec

232 5229 335 5286 ullis
371 5237 536 5293 minis
575 5253 756 5310 posse
788 5253 824 5295 a
848 5238 1132 5295 charitate
1167 5238 1487 5297 Salvatoris
1517 5246 1571 5296 et
1610 5242 1843 5297 Domini

236 5320 303 5375 mi
324 5323 442 5380 Jesu
468 5327 672 5383 Christi
718 5328 1005 5385 revocari.
1048 5330 1189 5395 Qum
1214 5344 1350 5386 cum
1382 5329 1671 5387 dixissent
1710 5347 1846 5387 san-

238 5412 318 5464 cta
342 5415 605 5485 virgines,
641 5432 763 5475 uno
794 5420 954 5490 magi
980 5434 1281 5476 consensu
1320 5435 1663 5494 magnaque
1701 5436 1843 5478 voce

299 5583 313 5621 ⁸
349 5585 497 5648 Deut.
538 5608 608 5662 γε,
640 5609 692 5651 x.
772 5595 794 5629 ²
822 5593 1006 5651 Exod.
1029 5610 1226 5661 xxvm,
1261 5598 1342 5651 t8.

1424 5600 1444 5631 ³
1470 5595 1621 5653 Psal.
1652 5611 1843 5663 cum,
1871 5599 1925 5653 4.

1949 3188 2122 3243 stiam
2151 3193 2205 3243 et
2232 3188 2575 3256 aequitatem
2603 3188 2662 3242 in
2680 3187 2925 3258 proprio
2952 3187 3220 3242 thalamo
3234 3185 3609 3242 exercebant.

1952 3280 2094 3333 Ecce
2125 3278 2314 3346 gloria
2354 3281 2586 3332 mutata
2625 3282 2710 3333 est
2749 3277 2809 3331 in
2840 3276 3288 3332 contumeliam.
3334 3275 3612 3341 Quandiu

1949 3366 2663 3439 quiescetetexspectabit
2686 3366 3134 3439 divinajustitia
3163 3368 3190 3421 ?
3223 3365 3335 3421 Sed
3368 3380 3507 3421 cum
3535 3364 3613 3420 ad

1945 3456 2345 3527 judicandum
2398 3460 2700 3524 exsurget,
2753 3471 2873 3511 non
2926 3460 3130 3527 parcet
3170 3454 3452 3525 amplius,
3503 3469 3612 3509 nec

1953 3546 2345 3601 miserebitur.
2374 3546 2567 3610 Quam
2592 3544 2779 3600 multa
2805 3544 2984 3599 audet
3011 3543 3293 3615 superbia
3319 3560 3331 3598 :
3365 3559 3501 3615 quas
3533 3553 3613 3600 ta-

1951 3650 2090 3690 men
2116 3651 2253 3690 cum
2285 3634 2577 3699 ceciderit,
2608 3650 2717 3689 nec
2748 3640 3085 3702 consurget,
3106 3648 3214 3689 nec
3231 3633 3479 3689 habebit
3510 3632 3611 3689 ubi

1951 3726 2253 3781 consistat.
2298 3727 2429 3781 Haec
2469 3723 2733 3795 profecto
2775 3729 3121 3779 sanctarum
3162 3724 3323 3795 ligna
3384 3723 3613 3778 fructus

1946 3814 2189 3886 justitiae
2207 3813 2421 3869 ferunt.
2456 3815 2597 3868 Vere
2630 3812 2723 3868 isti
2754 3818 2894 3869 sunt
2919 3812 3150 3868 Arabiae
3184 3813 3303 3882 lupi
3319 3812 3610 3875 crudeles,

1954 3904 2341 3976 bibentesque
2360 3902 2736 3972 sanguinem,
2758 3902 2863 3975 qui
2887 3902 3139 3970 virgines
3163 3902 3271 3957 has
3294 3904 3618 3957 secuerunt

1952 4008 2023 4049 ac
2041 3992 2497 4063 suspenderunt.
2524 3994 2599 4046 De
2614 3990 2759 4063 ipsis
2774 3991 3077 4061 cogitabat
3090 3990 3297 4045 beatus
3320 3989 3616 4060 Propheta

1953 4098 2091 4139 cum
2118 4082 2337 4138 diceret
2369 4098 2381 4136 :
2415 4103 2439 4132 «
2469 4081 2736 4136 Viventes
2771 4080 2975 4153 utique
3007 4079 3456 4135 absorbuissent
3478 4094 3611 4135 nos.

1956 4174 2102 4227 Cum
2142 4172 2496 4226 irasceretur
2534 4170 2697 4226 furor
2735 4185 2945 4226 eorum
2978 4170 3037 4224 in
3078 4185 3208 4235 nos,
3241 4169 3506 4225 viventes
3537 4168 3615 4225 ad

1955 4260 2175 4316 inferos
2205 4260 2553 4316 deduxisset
2591 4276 2701 4315 nos
2730 4263 2772 4316 ³.
2802 4281 2822 4307 ι
2863 4259 3004 4325 Quis
3034 4264 3152 4315 tam
3176 4258 3447 4313 horribili
3474 4258 3617 4315 faci-

1954 4366 2097 4406 nore
2131 4350 2311 4406 laetari
2341 4348 2731 4421 potuit?Quis
2765 4353 2885 4404 tam
2914 4348 3177 4403 immane
3202 4348 3614 4419 spectaculum

1954 4440 2083 4494 sine
2114 4439 2396 4510 lacrymis
2425 4438 2637 4494 intueri
2664 4440 2691 4494 ?
2723 4441 2906 4494 Nemo
2939 4437 3224 4509 profecto.
3261 4440 3373 4492 Aut
3405 4438 3452 4492 si
3480 4437 3618 4509 quis

1955 4530 2162 4601 potuit,
2196 4528 2243 4582 is
2273 4529 2349 4583 ab
2376 4527 2636 4583 hominis
2661 4532 2878 4582 natura
2906 4531 2993 4582 est
3016 4526 3265 4589 alienus,
3298 4542 3405 4582 nec
3427 4541 3497 4582 ex
3522 4541 3615 4596 ge-

1952 4633 2090 4674 nere
2127 4617 2317 4673 Adam
2349 4617 2648 4688 profectus
2682 4620 2793 4671 est.

2024 4710 2107 4762 Vl.
2150 4706 2426 4761 Tulerunt
2464 4706 2640 4773 igitur
2678 4705 2972 4760 infelicem
3014 4704 3320 4774 Reginam,
3363 4719 3501 4775 quas
3551 4705 3616 4760 in

1952 4813 2023 4853 ea
2039 4797 2135 4852 via
2153 4812 2257 4867 per
2282 4798 2624 4850 sanctarum
2652 4810 2905 4864 corpora
2928 4793 3175 4859 transiit,
3204 4809 3426 4863 magna
3448 4792 3614 4849 illam

1953 4890 2190 4940 caterva
2221 4886 2636 4955 prosequente.
2662 4885 2779 4937 Rex
2800 4880 2960 4936 enim
2979 4880 3137 4936 diem
3162 4879 3325 4935 illum
3357 4880 3612 4936 celebra-

1954 4975 2074 5029 bat.
2126 4972 2398 5045 Martyrio
2439 4976 2723 5028 coronata
2763 4976 2851 5027 est
2906 4976 3114 5026 sancta
3156 4970 3425 5037 Therme,
3478 4985 3618 5024 cum

1955 5078 2155 5119 sorore
2187 5066 2242 5116 et
2270 5060 2505 5128 ancilla,
2532 5061 2709 5116 Nonis
2742 5058 2950 5132 Aprilis
2976 5060 3033 5114 in
3068 5059 3300 5115 Christo
3331 5060 3464 5112 Jesu
3502 5060 3619 5114 Do-

1956 5153 2117 5207 mino
2138 5157 2342 5207 nostro
2377 5168 2390 5217 ;
2424 5151 2517 5206 cui
2552 5150 2738 5219 gloria
2766 5166 2904 5205 cum
2932 5148 3311 5204 sanctissimo
3343 5150 3529 5211 Patre,
3561 5150 3619 5203 et

1954 5239 2386 5311 benignissimo
2424 5239 2611 5310 ipsius
2655 5237 2873 5310 Spiritu
2913 5237 3045 5292 vitae
3086 5236 3384 5305 largitore,
3427 5250 3611 5307 nunc,

1953 5336 2011 5388 et
2042 5346 2300 5403 semper,
2333 5335 2389 5387 et
2419 5331 2478 5385 in
2510 5329 2729 5386 saecula
2764 5328 3142 5385 saeculorum.
3186 5331 3395 5383 Amen.
