4062 6222
431 292 496 346 91
1825 287 2088 345 MENSIS
2127 287 2436 347 APRILIS.
3772 294 3845 350 92

1219 559 1360 702 S.
1485 560 2464 706 CALLIOPII
2588 561 3056 706 VITA

1581 910 1747 999 ET
1865 907 2695 1003 MARTYRIUM.

986 1140 1192 1203 (Latine
1231 1142 1374 1204 apud
1409 1142 1621 1194 Surium
1647 1142 1713 1193 ad
1750 1143 1892 1192 diem
1918 1144 1946 1192 7
1977 1142 2189 1208 Aprilis.
2228 1143 2404 1194 Graece
2435 1145 2486 1192 in
2519 1143 2638 1194 cod.
2677 1145 2838 1194 Paris.
2870 1158 2975 1193 non
3009 1144 3354 1201 invenimus;

498 1411 538 1466 Ι.
568 1409 838 1465 Theoclia
858 1409 1070 1465 mulier
1097 1409 1377 1482 quaedam
1405 1411 1522 1482 pia,
1557 1426 1627 1466 ac
1655 1411 1866 1466 timens
1888 1411 2074 1466 Deum
2108 1408 2153 1464 A
2184 1409 2302 1464 lem
2336 1426 2406 1466 ac
2445 1410 2589 1466 deos
2629 1426 2860 1477 omnes,
2903 1410 3216 1482 praefectus
3256 1409 3466 1482 inquit,
3509 1409 3557 1464 si
3597 1409 3687 1464 vis
3720 1423 3860 1464 esse

428 1514 564 1554 cum
588 1499 944 1556 totafamilia
966 1517 1092 1565 sua,
1129 1501 1346 1555 multas
1367 1500 1620 1556 faciebat
1637 1501 2073 1571 eleemosynas,

426 1593 483 1644 et
525 1594 729 1644 sancte
757 1588 1012 1644 vivebat.
1052 1593 1180 1645 Haec
1211 1590 1334 1644 viro
1366 1590 1571 1660 nupsit
1601 1590 1920 1654 senatorio,
1971 1590 2073 1661 qui

424 1677 620 1733 nullos
663 1695 733 1733 ex
773 1693 861 1742 ea,
895 1680 1185 1750 quoniam
1218 1686 1342 1735 erat
1373 1679 1602 1744 sterilis,
1635 1679 1852 1734 liberos
1897 1679 2076 1734 susci'

425 1766 628 1839 piebat
673 1783 684 1821 :
732 1768 829 1821 Dei
859 1775 1055 1822 tamen
1087 1785 1330 1823 munere
1363 1769 1598 1823 tandem
1634 1769 1922 1839 concepit.
1963 1769 2075 1823 Sed

426 1872 560 1910 cum
585 1856 782 1912 adhuc
803 1862 1032 1913 uterum
1058 1863 1300 1927 gereret,
1336 1858 1580 1913 maritus
1611 1858 1739 1928 ejus
1764 1857 2076 1912 defunctus

423 1950 527 2002 est.
549 1947 950 2011 Quamobrem
975 1948 1032 2002 in
1058 1963 1277 2016 magna
1297 1947 1599 2017 opulentia
1621 1947 1811 2002 ﬁlium
1835 1948 2074 2018 peperit,

422 2035 845 2107 etCalliopium
874 2037 1212 2107 appellavit,
1234 2037 1332 2108 qui
1354 2036 1411 2091 in
1435 2037 1598 2092 omni
1618 2036 1956 2092 divinarum
1974 2037 2078 2090 Lit-

420 2127 682 2179 terarum
712 2125 1004 2197 sapientia
1033 2125 1321 2180 educatus
1351 2133 1454 2180 est.
1486 2129 1618 2180 Erat
1645 2130 1844 2180 autem
1878 2126 2077 2196 Pergze

423 2213 786 2285 Pamphyliae
805 2215 1115 2285 patricius;
1136 2231 1340 2270 verum
1361 2231 1499 2270 cum
1527 2231 1594 2270 eo
1620 2221 1885 2285 tempore
1899 2215 2079 2271 conti-

425 2302 626 2372 gisset,
668 2308 728 2358 ut
756 2303 1102 2359 idololatriae
1131 2320 1292 2359 error
1323 2305 1565 2374 vigeret,
1599 2309 1656 2360 et
1687 2305 1897 2360 veritas
1941 2321 2080 2360 con-

423 2391 680 2458 deretur,
713 2396 768 2446 et
801 2392 965 2447 multi
999 2393 1399 2448 sacriﬁcarent
1430 2393 1622 2458 idolis,
1654 2399 1896 2448 sanctus
1957 2394 2079 2449 Cal-

421 2479 638 2552 liopius
652 2482 1137 2553 assiduejejuniis
1151 2489 1205 2538 et
1219 2483 1656 2553 precationibus
1673 2483 2076 2539 incumbebat.

424 2571 467 2635 Ο
479 2570 594 2625 uod
608 2587 744 2625 cum
759 2572 861 2642 adj
875 2572 1074 2627 udices
1091 2572 1352 2627 delatum
1372 2577 1544 2637 esset,
1567 2573 1739 2628 beata
1753 2577 1940 2628 mater
1953 2573 2002 2643 ej
2015 2590 2080 2628 us

420 2659 694 2716 Theoclia
736 2660 1032 2716 consuluit
1080 2661 1219 2725 filio,
1255 2667 1317 2717 ut
1349 2661 1572 2718 vitandi
1616 2662 1822 2732 judicii
1873 2679 2076 2726 causa,

2187 1501 2317 1570 pius
2346 1505 2402 1554 et
2426 1500 2536 1555 diis
2559 1501 2890 1569 immolare,
2924 1501 3127 1564 filiam,
3153 1516 3338 1572 quam
3367 1500 3601 1555 unicam
3633 1499 3854 1563 habeo,

2187 1588 2288 1644 tibi
2323 1605 2568 1644 uxorem
2595 1589 2775 1645 dabo.
2796 1591 2850 1645 Si
2871 1606 3138 1655 uxorem,
3163 1590 3354 1660 inquit
3377 1587 3724 1659 Calliopius,
3747 1587 3857 1642 du—

2187 1694 2316 1733 cere
2339 1678 2756 1747 decrevissem,
2778 1695 2898 1734 non
2922 1679 3085 1751 prius
3105 1680 3291 1734 filiam
3313 1684 3474 1733 tuam
3495 1678 3852 1749 acciperem;

2187 1784 2369 1836 quam
2403 1774 2590 1823 mater
2618 1784 2750 1824 mea
2773 1768 2830 1822 id
2856 1771 3028 1824 sciret
3048 1774 3102 1824 et
3131 1769 3512 1840 approbaret.
3533 1769 3746 1822 Verum
3770 1765 3856 1821 sic

2187 1857 2426 1921 habeto,
2471 1873 2565 1913 me
2608 1857 2841 1913 Christo
2883 1875 3016 1913 meo
3058 1858 3398 1924 credidisse,
3451 1861 3506 1911 et
3544 1856 3853 1927 pulverem

2188 1949 2367 2011 hunc,
2419 1964 2600 2018 quem
2650 1948 2805 2002 Deus
2852 1949 3152 2012 conﬂavit,
3187 1953 3243 2003 et
3275 1948 3349 2002 ad
3400 1945 3851 2001 similitudinem

2189 2053 2362 2091 suam
2398 2036 2551 2105 fecit,
2586 2053 2803 2108 purum
2836 2042 2891 2092 et
2921 2038 3045 2092 sine
3080 2038 3315 2092 macula
3353 2043 3488 2091 ante
3521 2035 3733 2090 Christi
3763 2035 3859 2089 tri-

2188 2126 2724 2182 bunalsistendum
2743 2142 2893 2181 esse.
2917 2126 3316 2191 Quamobrem
3339 2126 3448 2190 fac,
3485 2141 3620 2198 quae
3653 2123 3754 2179 tibi
3772 2123 3850 2177 vi-

2188 2215 2437 2270 dentur:
2468 2231 2579 2285 ego
2605 2216 2761 2270 enim
2795 2216 3160 2270 Christianus
3192 2231 3346 2269 sum.

2264 2308 2349 2360 ΙΙΙ.
2410 2305 2858 2368 Scelestissime,
2919 2304 3116 2376 inquit
3170 2304 3458 2360 Maximus
3512 2303 3849 2373 praefectus,

2189 2394 2526 2449 istiusmodi
2561 2393 3036 2448 verbisfuturum
3062 2399 3255 2464 putas,
3284 2399 3345 2447 ut
3370 2394 3457 2447 ira
3485 2398 3851 2458 commotus,

2192 2488 2243 2538 te
2274 2483 2442 2537 celeri
2472 2483 2765 2554 supplicio
2792 2482 3131 2537 necandum
3165 2497 3369 2537 curem
3397 2480 3423 2534 i’
3451 2480 3707 2536 Falleris.
3744 2484 3851 2536 Ne-

2190 2588 2305 2644 que
2335 2572 2492 2626 enim
2524 2572 2583 2626 id
2618 2572 2832 2627 faciam
2868 2588 2878 2626 :
2924 2572 3028 2625 sed
3068 2587 3284 2642 corpus
3319 2577 3485 2625 tuum
3512 2569 3677 2624 omni
3721 2585 3855 2624 cru-

2192 2662 2458 2717 ciatuum
2512 2677 2726 2730 genere
2775 2661 3133 2724 confectum,
3169 2660 3227 2715 in
3254 2662 3453 2727 ignem
3509 2657 3850 2728 conjiciam.

423 2763 660 2817 aurum,
708 2749 1081 2818 vestimenta,
1129 2767 1446 2823 servosque
1491 2758 1768 2818 sumeret,
1822 2755 1878 2806 et
1921 2751 2081 2806 illinc
2116 2765 2159 2819 Β
2193 2753 2446 2817 Quanto,
2481 2751 2672 2822 inquit
2711 2749 3057 2821 Calliopius,
3100 2749 3370 2820 pluribus
3408 2764 3499 2802 me
3541 2748 3853 2803 tormentis

421 2839 752 2907 navigaret.
781 2839 1249 2910 Pompeiopolim
1278 2840 1450 2911 igitur
1474 2841 1684 2896 Ciliciae
1718 2857 1780 2895 se
1809 2842 2078 2907 contulit,

421 2926 521 2982 ubi
555 2944 691 2982 cum
736 2929 954 2999 impius
986 2929 1298 2999 praefectus
1331 2931 1613 2985 Maximus
1671 2929 2077 2994 Bacchanalia,

421 3020 477 3071 et
502 3016 697 3081 ludos,
729 3022 784 3070 et
813 3018 1080 3081 choreas,
1117 3023 1172 3071 et
1203 3018 1480 3072 convivia
1509 3018 1683 3072 idolis
1736 3017 2080 3082 celebraret,

422 3104 835 3159 admirabatur
860 3105 993 3174 pius
1026 3105 1392 3168 adolescens,
1426 3122 1706 3175 quaenam
1738 3106 1834 3160 illa
1865 3112 2078 3160 essent.

423 3195 552 3264 ipse
575 3192 991 3262 enimjejuniis
1023 3199 1310 3265 perpetuo
1334 3195 1607 3249 vacabat.
1635 3194 1722 3249 Ab
1746 3195 1858 3249 illis
1884 3194 2080 3267 igitur,

421 3281 525 3353 qui
558 3281 824 3346 aderant,
857 3289 1235 3352 percontatus
1267 3289 1376 3349 est,
1413 3283 1558 3354 quid
1591 3283 1734 3338 illud
1767 3289 1936 3340 esset.
1973 3287 2082 3350 Qui

423 3386 558 3424 cum
576 3370 1042 3442 respondissent,
1058 3372 1305 3427 deorum
1322 3387 1448 3427 esse
1463 3373 1866 3429 celebritatem
1889 3391 1900 3428 :
1921 3374 2080 3439 Veni,

420 3459 716 3531 inquiunt,
747 3466 802 3516 et
827 3468 908 3523 tu,
947 3466 1007 3514 ut
1033 3461 1287 3516 convivii
1318 3461 1622 3533 particeps
1661 3464 1789 3519 tias.
1816 3464 1902 3518 Ab
1946 3463 2078 3518 ille:

422 3547 804 3615 Christianus,
833 3550 1043 3621 inquit,
1087 3567 1239 3616 sum,
1285 3556 1339 3605 et
1376 3551 1672 3607 Christum
1706 3553 1953 3623 jejuniis
1993 3569 2084 3608 ce-

419 3635 606 3702 lebro,
641 3653 748 3693 nec
769 3655 903 3710 qua;
929 3645 1065 3695 sunt
1093 3639 1400 3709 ﬂagitiosis
1433 3644 1605 3711 atque
1629 3640 1881 3712 impuris
1909 3641 2082 3697 idolis

420 3725 731 3783 immolata
759 3727 894 3784 licet
931 3728 991 3784 in
1021 3744 1088 3784 os
1121 3745 1352 3798 eorum,
1385 3729 1489 3801 qui
1525 3729 1826 3785 Christum
1858 3730 2080 3796 colunt,

421 3815 677 3886 ingredi.

496 3908 558 3959 ll.
603 3907 734 3961 Haec
757 3921 895 3962 cum
925 3905 1003 3961 ad
1026 3922 1201 3961 aures
1235 3905 1490 3978 praefecti
1516 3909 1948 3978 pervenissent,
1974 3907 2081 3964 ira-

425 3993 1302 4065 cundiaplenus,jussiteumin
1325 3996 1553 4066 judicio
1579 3996 1720 4052 sisti.
1749 3997 1919 4062 Quod
1946 4013 2083 4052 cum

2191 2839 2578 2902 excruciabis,
2615 2844 2778 2894 tanto
2813 2839 2954 2893 mihi
2987 2855 3058 2894 ea
3086 2836 3397 2908 perferenti
3421 2851 3642 2890 corona
3661 2834 3857 2905 splen-

2191 2930 2386 2985 didior
2416 2934 2777 2984 contexetur.
2823 2931 3005 2982 Nemo
3045 2928 3224 2989 enim.
3262 2932 3322 2980 ut
3366 2926 3648 2996 scriptum
3690 2930 3781 2981 est
3812 2927 3854 2989 1,

2193 3017 2594 3080 coronabitur,
2647 3017 2759 3071 nisi
2807 3017 3066 3085 legitime
3104 3015 3426 3070 certaverit.
3475 3017 3635 3070 Tunc
3679 3013 3857 3070 illuxi-

2197 3124 2327 3162 mus
2353 3107 2691 3176 juissitutei
2726 3107 2916 3161 vincto
2952 3105 3274 3176 plumbatis
3292 3105 3467 3173 virgis
3490 3104 3696 3159 omnia
3713 3119 3860 3159 ossa

2193 3195 2723 3264 confringerentur.
2762 3198 2967 3250 Beatus
2999 3201 3196 3249 autem
3214 3193 3557 3264 Calliopius,
3582 3195 3728 3248 dum
3759 3209 3860 3247 va-

2194 3285 2458 3357 pularet:
2497 3286 2742 3349 Gratias,
2779 3285 2990 3356 inquit,
3019 3300 3134 3352 ago
3166 3284 3289 3349 tibi,
3322 3283 3568 3346 Christe,
3600 3283 3744 3355 quia
3773 3282 3860 3336 di-

2195 3390 2346 3444 gnus
2361 3373 2604 3429 effectus
2631 3391 2785 3439 sum,
2803 3375 2903 3445 qui
2921 3379 3162 3444 propter
3177 3389 3395 3428 nomen
3421 3378 3588 3428 tuum
3609 3372 3858 3428 verbera

2195 3464 2567 3518 sustinerem.
2621 3464 2768 3524 Mihi,
2814 3463 3004 3534 inquit
3044 3463 3330 3518 Maximus
3371 3462 3707 3532 printectus,
3749 3460 3855 3516 ob-

2193 3558 2459 3624 tempera
2489 3558 2545 3608 et
2565 3553 2678 3608 diis
2712 3553 2979 3619 immota,
3016 3559 3076 3607 ut
3110 3552 3366 3618 patriam
3403 3551 3628 3618 videas,
3662 3555 3858 3606 etma-

2193 3647 2340 3698 trem
2375 3648 2558 3706 tuam,
2590 3649 2642 3698 et
2676 3658 2747 3697 ne
2781 3641 3052 3712 spolieris
3083 3641 3301 3696 divitiis
3335 3657 3403 3695 ac
3437 3640 3687 3695 fortunis
3717 3639 3852 3695 tuis.

2192 3734 2439 3786 Tormen
2451 3735 2644 3786 torum
2658 3730 2816 3786 enim
2831 3730 3013 3785 sentis
3029 3730 3434 3785 acerbitatem.
3455 3731 3496 3783 D
3508 3728 3692 3784 ulcedi
3705 3745 3853 3793 nem,

2193 3818 2386 3890 inquit
2411 3819 2753 3890 CalliOpius,
2784 3818 3095 3888 promissae
3125 3834 3158 3872 a
3190 3817 3418 3872 Christo
3441 3816 3654 3889 quietis
3677 3816 3856 3886 degu-

2195 3905 2306 3968 sto,
2340 3910 2394 3956 et
2421 3908 2713 3957 tormenta
2744 3917 2863 3957 non
2897 3903 3105 3955 sentio.
3137 3905 3249 3957 Nec
3281 3901 3340 3956 in
3380 3901 3575 3955 aliena
3614 3902 3857 3969 regione

2197 4008 2289 4046 me
2329 4007 2458 4046 esse
2492 3996 2653 4062 puto,
2688 4007 2824 4046 cum
2857 3991 3091 4045 Domini
3131 3991 3202 4045 sit
3238 3995 3406 4054 terra,
3451 3995 3506 4044 et
3548 3988 3855 4060 plenitudo

425 4087 580 4136 esset
608 4083 866 4138 factum:
896 4084 1158 4155 Ecquod,
1195 4085 1386 4154 inquit
1416 4086 1722 4152 Maximus,
1749 4101 1971 4140 nomen
1999 4084 2088 4139 est
2124 4115 2164 4171 ρ
2195 4080 2323 4149 ejus
2364 4082 2405 4133 ³.
2460 4082 2520 4133 Et
2547 4080 2641 4133 hic
2667 4095 2909 4150 quoque
2940 4079 3190 4149 patriam
3236 4093 3436 4143 cerno,
3481 4084 3856 4149 matremque

423 4170 529 4226 tibi
556 4170 583 4224 ἲ)
614 4171 984 4226 Christianus
1018 4189 1172 4234 sum,
1205 4172 1418 4243 inquit,
1451 4179 1506 4227 et
1537 4172 1853 4244 Calliopius
1879 4190 2084 4236 vocor.

425 4259 1297 4331 Cur,aitMaximuspraafectus,
1330 4277 1465 4316 cum
1490 4278 1594 4332 per
1615 4261 1823 4317 orbem
1858 4264 2084 4317 univer.

423 4363 557 4402 sum
587 4347 838 4403 deorum
865 4348 1172 4405 celebritas
1206 4354 1545 4421 peragatur,
1578 4355 1638 4406 tu
1662 4351 1720 4406 in
1749 4352 1863 4407 isto
1885 4368 2080 4408 errore

420 4436 688 4507 persistis
717 4435 744 4491 ‘2
773 4439 902 4502 Vos,
936 4438 1147 4510 inquit,
1183 4439 1526 4511 Calliopius,
1561 4456 1756 4496 errore
1799 4441 2080 4496 tenebris-

420 4540 537 4598 que
567 4525 910 4590 versamini,
934 4527 1058 4598 qui,
1094 4527 1294 4584 relicto
1323 4531 1439 4584 Deo
1460 4530 1708 4595 vivente,
1739 4531 1839 4602 qui
1863 4531 2079 4587 caelum

422 4618 478 4670 et
512 4621 752 4680 terram,
804 4621 858 4671 et
901 4631 1037 4688 quae
1090 4617 1148 4672 in
1197 4617 1280 4671 eis
1331 4624 1468 4673 sunt
1497 4620 1702 4675 omnia
1733 4620 1915 4676 verbo
1948 4636 2079 4692 pro-

420 4703 662 4771 creavit,
691 4719 837 4760 saxa
858 4721 1067 4760 sensus
1096 4706 1377 4777 expertia,
1402 4713 1458 4763 et
1479 4707 1642 4775 ligna
1667 4709 1923 4779 putrida,
1948 4727 2078 4782 quae

423 4796 562 4848 sunt
592 4808 882 4848 manuum
911 4793 1231 4865 impiarum
1259 4811 1463 4866 opera,
1498 4797 1683 4852 colitis
1715 4802 1770 4852 et
1796 4798 2076 4854 adoratis.

419 4880 853 4950 Adolescentia,
878 4883 1065 4953 inquit
1088 4883 1424 4954 praefectus,
1466 4889 1520 4940 te
1553 4886 1920 4956 petulantem
1953 4888 2080 4942 red-

422 4969 526 5034 dit,
569 4973 625 5024 et
669 4985 920 5039 magnos
973 4971 1077 5026 tibi
1109 4972 1403 5027 cruciatus
1435 4979 1624 5042 parat.
1659 4975 1759 5029 Dic
1802 4975 1996 5046 igitur,
2049 4991 2079 5030 e

423 5074 546 5130 qua
575 5064 747 5129 gente
775 5060 880 5123 sis,
912 5063 1054 5115 etex
1075 5075 1196 5131 quo
1218 5075 1452 5129 genere.
1483 5065 1521 5117 E
1547 5064 1896 5134 Pamphylia
1923 5080 2077 5133 sum,

420 5147 617 5220 inquit
645 5148 982 5220 Calliopius,
1018 5154 1072 5204 et
1101 5150 1384 5220 patricius
1414 5167 1646 5221 genere,
1676 5159 1751 5217 et,
1785 5152 1949 5225 quod
1980 5169 2082 5208 no—

421 5236 783 5293 bilissimum
805 5242 915 5306 est,
935 5238 1324 5294 Christianus.
1357 5239 1454 5294 Dic
1474 5240 1640 5305 mihi,
1668 5241 2079 5311 prsefectusin-

2197 4184 2413 4222 meam.
2466 4170 2611 4222 Nam
2659 4173 2844 4222 mater
2885 4183 3039 4231 mea,
3071 4175 3157 4221 est
3189 4168 3399 4221 Christi
3455 4167 3709 4222 Ecclesia
3763 4184 3856 4221 sa-

2193 4258 2802 4327 crosanctazetpatria
2827 4273 2978 4322 mea,
3004 4257 3355 4312 estcoalestis
3383 4256 3481 4312 illa
3505 4256 3852 4312 Jerusalem.

2191 4351 2396 4403 Nostra
2416 4349 2575 4402 enim
2601 4347 2975 4404 conversatio
3006 4346 3064 4401 in
3080 4346 3240 4402 ccelis
3254 4351 3343 4401 est
3372 4348 3412 4402 ⁸.
3432 4347 3598 4412 Quod
3632 4346 3678 4400 si
3712 4346 3855 4402 mihi

2190 4452 2535 4508 corpoream
2591 4442 2839 4492 matrem
2883 4436 3150 4505 objicias,
3213 4435 3353 4491 audi
3405 4435 3553 4507 quid
3589 4434 3850 4490 Christus

2193 4527 2344 4581 Deus
2372 4541 2539 4580 meus
2569 4525 2728 4580 dicat
2756 4542 2768 4579 :
2806 4547 2832 4573 ‹‹
2865 4525 2970 4590 Qui
3004 4528 3170 4579 amat
3202 4530 3431 4595 patrem
3459 4529 3565 4580 aut
3595 4531 3847 4579 matrem

2189 4615 2514 4686 plusquam
2545 4630 2654 4679 me,
2692 4629 2809 4668 non
2827 4620 2913 4668 est
2943 4630 3033 4667 me
3052 4614 3272 4682 dignus
3294 4615 3333 4668 ‘.
3358 4633 3384 4665 »
3411 4616 3556 4669 Nam
3588 4613 3751 4685 quod
3774 4612 3852 4668 ad

2188 4704 2419 4758 divitias
2451 4703 2721 4774 pertinet,
2751 4719 2852 4757 eas
2877 4703 3134 4771 negligo,
3169 4707 3223 4758 et
3257 4703 3412 4757 malo
3445 4703 3656 4758 Christi
3678 4718 3853 4756 cruce

2189 4791 2390 4862 afﬂigi,
2424 4808 2608 4864 quam
2641 4791 2882 4847 caducis
2915 4790 3068 4846 stulti
3106 4791 3312 4846 mundi
3347 4792 3572 4848 deliciis
3605 4790 3734 4845 frui.

2261 4884 2344 4937 iV.
2385 4882 2672 4937 Maximus
2723 4880 3032 4952 praefectus
3067 4898 3078 4935 :
3113 4883 3304 4947 Quam
3348 4888 3453 4947 est,
3488 4880 3698 4951 inquit,
3751 4896 3851 4935 ex-

2191 4987 2341 5026 cors.
2365 4971 2572 5026 Crudis
2605 4970 2799 5025 nervis
2832 4976 3098 5026 ventrem
3127 4971 3256 5042 ejus
3287 4971 3515 5034 credite,
3547 4969 3848 5025 dicentes:

2192 5059 2315 5115 Noli
2345 5075 2530 5114 unum
2561 5075 2669 5130 pro
2702 5059 2817 5114 alio
2848 5058 3019 5113 stulte
3051 5059 3432 5130 respondere,
3467 5059 3571 5113 sed
3603 5064 3740 5129 apte
3771 5058 3850 5114 ad

2191 5149 2569 5221 interrogata.
2600 5150 2832 5212 Insane,
2853 5149 3045 5220 inquit
3068 5148 3408 5218 CalliOpius,
3427 5151 3482 5201 et
3501 5147 3714 5219 quavis
3729 5148 3853 5203 fera

2192 5237 2503 5307 crudelior,
2534 5242 2590 5293 et
2613 5254 2647 5293 a
2673 5237 2880 5293 Christi
2915 5237 3150 5309 pietate,
3176 5237 3276 5310 qui
3299 5237 3356 5292 in
3385 5236 3546 5292 caelis
3573 5242 3678 5302 est,
3712 5237 3852 5292 alie-

422 5326 568 5398 quit,
595 5331 872 5396 parentes
902 5326 1090 5382 habes
1123 5328 1150 5384 ?
1177 5329 1372 5393 Mater,
1403 5310 1711 5400 respondit
1738 5329 2076 5400 Calliopius,
2114 5310 2159 5365 D
2195 5342 2288 5395 ne,
2323 5327 2429 5382 tibi
2457 5326 2719 5382 veritatis
2745 5328 3037 5383 rationem
3070 5341 3325 5397 expono,
3352 5343 3536 5398 quam
3570 5335 3634 5382 tu
3667 5325 3853 5382 animi

423 5418 694 5486 superest
727 5429 740 5480 ;
769 5429 912 5471 nam
939 5421 1104 5488 pater
1115 5416 1244 5487 jam
1267 5414 1371 5470 diu
1389 5415 1705 5473 defunctus
1733 5423 1843 5474 est.
1869 5421 1975 5474 Per
1992 5433 2082 5473 so-

500 5597 513 5631 ί
547 5594 594 5650 ll
628 5595 836 5661 Tim.u,
993 5598 1014 5631 ²
1055 5596 1212 5652 Psal.
1239 5611 1402 5665 xxui,
1432 5597 1484 5650 t.

2191 5416 2377 5472 oculis
2407 5431 2530 5472 non
2553 5417 2765 5482 cernis,
2798 5433 2970 5474 aures
2995 5415 3336 5483 occludens,
3366 5432 3441 5473 ne
3469 5416 3704 5474 Domini
3730 5431 3852 5474 ser-

1564 5600 1582 5630 ³
1623 5594 1872 5670 Philipp.
1916 5612 1996 5666 ιιι,
2027 5597 2114 5653 20.
2195 5597 2217 5634 ⁴
2246 5595 2444 5662 Matth,
2473 5611 2533 5664 Χ,
2566 5595 2653 5653 37.
