4062 6222
207 268 276 325 93

1595 264 1762 322 VITA
1801 265 1839 326 S
1854 309 1867 324 .
1917 264 2248 328 CALLIOPI

3567 272 3647 330 94

212 409 454 452 monem
475 391 788 457 exaudias,
822 395 879 447 et
907 391 1318 463 contralegum
1336 391 1872 464 praescriptajubes
1904 393 1952 449 Α
1987 397 2185 450 autem
2243 393 2564 468 Calliopius
2589 395 2832 462 catenis,
2876 400 2932 451 et
2984 397 3250 468 corporis
3281 401 3514 455 tumore
3569 415 3643 455 ex

207 501 318 550 me,
355 489 654 556 tanquam
692 480 1083 548 homicidam,
1126 482 1424 538 verberari
1454 483 1481 539 ?
1511 485 1740 548 Rotam,
1784 485 1872 539 in-

204 575 331 649 quit
361 574 704 646 prmfectus,
736 570 1022 627 collocata
1047 576 1104 628 et
1156 587 1448 642 magnum
1493 573 1694 641 ignem
1742 589 1871 628 suc-

203 663 456 721 cendite.
492 663 657 719 Rotze
685 667 848 719 tanta
876 660 936 714 vi
974 660 1252 731 alligatus
1287 666 1374 717 est
1403 660 1772 729 adolescens,
1807 667 1870 718 ut

201 759 355 809 totus
376 753 836 825 discerperetur.
856 755 984 820 Quo
1002 752 1246 825 quidem
1267 752 1530 809 cruciatu
1548 768 1688 807 cum
1709 768 1868 808 acer-

197 842 444 898 bissime
482 847 800 914 angeretur
832 859 844 899 :
877 842 1118 905 Christe,
1146 841 1357 912 inquit,
1389 845 1608 911 praesto
1639 841 1719 896 sis
1751 857 1868 898 ser-

198 947 270 987 vo
301 936 431 996 tuo,
458 937 525 987 ut
554 931 631 988 ad
668 931 852 988 ﬁnem
887 948 1076 1004 usque
1116 929 1393 986 laudetur
1422 929 1484 985 in
1518 945 1612 985 me
1644 946 1864 987 nomen

197 1027 388 1088 tuum,
433 1023 718 1094 quamvis
746 1021 1031 1091 indignus
1070 1021 1181 1075 sim
1221 1035 1428 1075 servus
1464 1029 1639 1074 tuus:
1673 1025 1730 1076 et
1768 1036 1864 1076 co-

188 1116 486 1179 gnoscent
526 1127 754 1173 omnes,
792 1126 915 1178 eos,
955 1110 1060 1182 qui
1091 1110 1152 1164 in
1185 1114 1237 1164 te
1267 1113 1530 1181 sperant,
1564 1125 1685 1165 non
1726 1126 1863 1165 con-

183 1199 347 1254 fundi
376 1200 438 1255 in
478 1207 792 1256 internum.
829 1200 1039 1256 Statim
1065 1198 1242 1269 igitur
1271 1199 1563 1254 accedens
1604 1199 1858 1268 angelus

183 1291 295 1355 Dei,
342 1290 671 1346 ﬂammam
741 1290 1076 1347 carbonum
1107 1289 1430 1345 exstinxit:
1482 1293 1536 1345 et
1579 1289 1854 1354 ministri,

181 1394 310 1435 cum
335 1379 562 1436 vellent
589 1385 786 1436 rotam
816 1379 1067 1447 volvere,
1099 1394 1221 1434 non
1250 1383 1551 1451 poterant.
1589 1378 1852 1435 Delicata

179 1475 360 1525 autem
375 1469 491 1541 ipsi
503 1487 571 1524 us
588 1469 864 1525 membra
877 1474 1060 1526 totam
1074 1475 1257 1524 rotam
1271 1469 1562 1538 sanguine
1580 1484 1854 1540 consper-

182 1565 399 1613 serunt.
474 1561 616 1613 Erat
659 1558 821 1613 enim
865 1559 1053 1613 acutis
1097 1557 1314 1627 gladiis
1369 1557 1846 1613 circummunita.

179 1649 352 1703 Iussit
375 1654 584 1702 autem
614 1647 931 1719 prmfectus
983 1664 1121 1704 eum
1163 1647 1328 1712 solvi,
1359 1651 1415 1702 et
1443 1663 1476 1703 a
1507 1653 1640 1703 rota
1659 1648 1848 1703 dimo-

1981 484 2330 540 verberibus
2345 489 2667 549 contracto,
2684 485 3096 550 cohibebatur,
3114 487 3429 556 quominus
3442 493 3644 560 posset

1983 588 2316 645 assurgere,
2351 579 2406 630 et
2433 575 2509 630 ad
2530 580 2782 630 matrem
2816 573 3121 631 accedere.
3160 575 3270 631 Sed
3296 576 3376 632 ita
3405 576 3639 633 locutus

1979 667 2097 718 est:
2123 664 2933 736 Opportunevenisti,mater,
2969 668 3031 719 ut
3063 663 3223 719 testis
3238 680 3396 719 esses
3428 666 3639 722 Christi

1978 753 2570 810 cruciatuum.Mater
2602 759 2802 809 autem
2834 752 2937 808 filii
2968 769 3187 825 corpus
3229 753 3523 824 aspiciens
3548 755 3640 810 di-

1975 841 2265 898 laniatum
2289 861 2302 898 :
2329 846 2502 899 Beata
2518 859 2648 914 ego,
2665 842 2858 914 inquit
2876 841 2953 898 ad
2976 842 3424 898 sanctissimum
3442 842 3630 898 ﬁlium

1976 948 2151 987 suum
2215 932 2585 1003 Calliopium,
2630 937 2686 988 et
2723 932 2933 987 beatus
2963 930 3190 987 fructus
3245 931 3466 987 ventris
3493 932 3635 999 mei,

1974 1021 2286 1092 quoniam,
2336 1027 2607 1087 utAnna,
2642 1021 2839 1077 dicavi
2881 1026 2933 1076 te
2964 1037 3202 1076 sacrum
3255 1037 3474 1076 munus
3524 1024 3636 1078 Do-

1976 1112 2138 1166 mino
2167 1114 2304 1166 Jesu
2335 1112 2598 1169 Christo:
2634 1118 2696 1167 ut
2724 1114 2868 1168 Sara
2898 1111 3085 1166 obtuli
3117 1117 3170 1166 te
3211 1114 3328 1166 Deo
3354 1111 3635 1167 holocau-

1974 1205 2130 1257 stum
2188 1206 2446 1271 gratum,
2496 1208 2551 1257 et
2601 1205 2912 1273 acceptum
2957 1201 3209 1256 Domino
3251 1201 3629 1256 sacriﬁcium.

1970 1291 2180 1346 Mansit
2226 1295 2428 1346 autem
2461 1296 2646 1347 totam
2692 1295 2928 1346 noctem
2962 1290 3121 1346 illam
3147 1290 3205 1344 in
3251 1306 3487 1346 carcere
3553 1291 3633 1346 ad

1969 1379 2156 1451 ipsius
2178 1380 2360 1452 pedes
2386 1385 2669 1453 postrata.
2706 1380 2882 1437 Simul
2924 1384 3126 1436 autem
3185 1380 3368 1436 ambo
3427 1396 3632 1451 preca-

1965 1468 2205 1533 bantur,
2247 1475 2303 1525 et
2333 1470 2666 1526 laudabant
2709 1473 2910 1525 Deum.
2946 1472 3010 1525 Et
3041 1470 3202 1525 circa
3236 1469 3500 1526 mediam
3526 1485 3630 1525 no-

1965 1563 2118 1614 ctem
2153 1560 2489 1628 magnalux
2521 1575 2812 1616 carcerem
2837 1560 3166 1624 illustravit,
3197 1565 3253 1615 et
3279 1575 3390 1613 vox
3415 1575 3516 1615 eos
3544 1560 3628 1614 sic

1961 1647 2219 1704 allocuta
2275 1654 2398 1705 est:
2437 1651 2546 1704 Vos
2576 1650 2713 1704 estis
2759 1650 2947 1704 sancti
2993 1648 3090 1704 Dei
3117 1654 3173 1704 et
3225 1649 3435 1704 Christi
3488 1664 3628 1704 con-

186 1738 319 1792 veri.
352 1740 730 1809 Spectatores
752 1737 1363 1808 dicebant,judicium
1395 1736 1539 1792 illud
1573 1737 1846 1810 iniquum
1879 1751 1919 1804 Β
1960 1737 2680 1810 fessores,eversoresque
2699 1739 3016 1806 idolorum,
3040 1740 3140 1810 qui
3168 1738 3421 1809 patriam
3447 1743 3623 1810 etpe-

194 1843 309 1881 esse
324 1845 340 1888 ξ
357 1833 410 1882 et
430 1827 753 1893 dolebant,
769 1827 933 1899 quod
951 1826 1077 1882 talis
1095 1827 1444 1882 adolescens
1497 1832 1614 1882 tam
1629 1827 1845 1882 acerbe

204 1921 582 1988 torqueretur.
623 1918 736 1972 Sed
787 1916 1111 1973 Maximus:
1169 1919 1393 1979 Nonne,
1455 1915 1668 1987 inquit,
1725 1915 1846 1970 dixi

207 2006 312 2069 tibi,
346 2014 395 2060 te
426 2006 838 2062 adolescentia
867 2021 994 2061 esse
1026 2004 1411 2075 petulantem,
1439 2010 1495 2059 et
1532 2010 1848 2076 propterea

195 2095 564 2166 gravioribus
595 2094 960 2151 cruciatibus
990 2094 1269 2150 affectum
1297 2093 1396 2148 iri?
1411 2094 1586 2150 Canis
1608 2136 1621 2160 ,
1656 2094 1848 2166 inquit

192 2184 528 2256 Calliopius,
559 2183 1102 2256 impudentissime,
1138 2189 1197 2238 tu
1238 2199 1334 2239 me
1366 2183 1450 2238 sic
1498 2183 1844 2256 alloqueris,

185 2275 350 2345 quasi
383 2272 806 2328 crudelissima
823 2288 1092 2328 recusem
1120 2273 1518 2344 autdeprecer
1548 2277 1844 2329 tormenta

185 2371 295 2417 tua.
331 2363 568 2424 Infelix,
595 2363 788 2434 inquit
812 2362 1144 2434 prtefectus,
1178 2362 1370 2418 credis
1397 2369 1450 2417 te
1463 2363 1846 2419 contumeliis

181 2451 554 2516 effecturum,
589 2457 652 2507 ut
680 2457 732 2507 te
761 2452 1009 2506 celerius
1038 2451 1434 2510 occidendum
1477 2470 1702 2509 curem.
1736 2455 1841 2508 Ve-

178 2558 305 2596 rum
335 2541 505 2595 haud
543 2540 623 2597 ita
651 2542 777 2596 erit.
807 2542 926 2595 Diis
956 2540 1132 2612 igitur
1161 2542 1431 2608 immola,
1464 2549 1525 2599 ut
1547 2559 1683 2615 quas
1716 2543 1844 2598 reli-

175 2647 294 2701 qua
325 2635 491 2693 sunt,
525 2635 823 2685 tormenta
844 2629 1208 2688 lucrifacias.
1252 2633 1380 2686 Non
1411 2634 1723 2704 permittet,
1757 2633 1846 2689 in-

175 2720 299 2791 quit
331 2718 679 2789 Calliopius,
710 2719 976 2775 Christus
1007 2735 1199 2784 meus,
1232 2725 1520 2792 utpuram
1555 2738 1753 2777 meam
1783 2722 1842 2777 in

181 2812 363 2864 Deum
399 2808 579 2863 ﬁdem
608 2814 931 2876 pervertas.
961 2808 1257 2864 Arbitratu
1279 2815 1382 2865 tuo
1410 2827 1844 2883 corpusexcru-

177 2899 291 2962 cia,
316 2903 667 2969 recepturus
699 2913 736 2952 a
764 2898 881 2952 Deo
904 2898 960 2952 in
993 2897 1310 2970 diejudicii
1344 2900 1550 2955 merita
1571 2902 1839 2973 praemia.

177 2988 302 3051 Qua
341 2989 504 3041 enim
537 3002 822 3042 mensura
855 2987 1095 3052 metiris,
1117 2987 1328 3043 eadem
1351 2990 1689 3044 remetietur
1716 2989 1842 3046 tibi.

1958 1829 2168 1882 cunias
2198 1827 2535 1900 reliquistis,
2581 1835 2791 1882 utcum
2836 1828 3064 1884 Christo
3107 1827 3482 1899 pateremini.

2029 1917 2115 1970 VI.
2161 1920 2303 1972 Cum
2333 1922 2530 1972 autem
2565 1917 2869 1981 illuxisset,
2922 1917 3269 1989 praefectus:
3322 1919 3498 1982 Voca,
3534 1916 3620 1972 in-

1955 2007 2104 2078 quit,
2139 2007 2604 2062 Christianorum
2640 2014 2813 2060 sectae
2861 2006 3200 2062 studiosum
3241 2005 3616 2078 Calliopium.

1957 2096 2284 2152 Demetrius
2312 2102 2511 2152 autem
2544 2097 2808 2152 centurio
2823 2096 2898 2150 ad
2914 2095 3266 2166 Calliopium
3293 2098 3489 2150 :Nunc
3509 2095 3620 2150 sal-

1956 2190 2096 2254 tem,
2129 2185 2341 2258 inquit,
2366 2185 2442 2240 ab
2457 2185 2693 2240 insania
2718 2185 2979 2249 discede,
2997 2185 3494 2255 etimperatorum
3511 2184 3619 2239 de-

1956 2277 2126 2331 cretis
2156 2277 2599 2347 obtemperans,
2643 2275 2755 2330 diis
2787 2275 3079 2342 sacriﬁca,
3110 2278 3174 2329 ut
3205 2274 3368 2329 vivas
3398 2290 3410 2328 :
3472 2273 3620 2330 alio-

1953 2365 2100 2438 quin
2125 2371 2186 2419 ut
2203 2364 2925 2435 Magistertuussuﬂigeris
2949 2365 3008 2419 in
3038 2380 3295 2419 crucem.
3317 2363 3614 2426 Admiror,

1956 2453 2499 2526 inquitCalliopius.
2529 2454 2960 2524 impudentiam
2985 2454 3279 2523 tuam,qui
3305 2469 3438 2506 cum
3462 2468 3619 2524 saepe

1954 2559 2019 2599 ex
2053 2559 2147 2598 me
2179 2543 2438 2598 audieris
2471 2543 2867 2599 Christianum
2928 2559 3022 2597 me
3068 2558 3223 2607 esse,
3251 2546 3306 2596 et
3339 2541 3620 2597 Christia-

1955 2649 2101 2688 num
2133 2649 2260 2687 esse
2293 2633 2667 2696 moriturum,
2701 2633 2834 2686 etin
2868 2631 3099 2687 Christo
3135 2631 3453 2691 victurum,
3497 2636 3614 2687 tam

1953 2721 2334 2794 impudenter
2366 2736 2581 2792 pergas
2611 2722 2908 2776 veritatem
2978 2735 3351 2791 oppugnare.
3387 2718 3616 2773 Festino

1955 2810 2256 2876 eamdem,
2272 2826 2457 2881 quam
2473 2809 2741 2879 Magister
2759 2825 2927 2863 meus
2955 2808 3211 2880 pertulit,
3238 2811 3488 2861 mortem
3511 2821 3616 2876 op-

1954 2903 2171 2970 petere.
2212 2902 2342 2953 Htec
2398 2914 2533 2953 cum
2591 2897 2684 2952 ille
2715 2897 2983 2961 dixisset,
3039 2896 3350 2967 praefectus
3405 2910 3476 2948 ex
3530 2910 3617 2948 re-

1955 2988 2198 3060 sponsis
2223 2989 2488 3060 martyris
2501 2987 2976 3043 animadvertens
2993 3003 3119 3042 eum
3140 3003 3174 3041 a
3194 2983 3498 3056 proposito
3517 2983 3617 3038 de-

180 3075 627 3147 Ferreis,inquit
656 3077 1205 3142 Maximus,catenis
1225 3077 1488 3133 vinctum
1520 3078 1577 3132 in
1608 3079 1842 3134 interio-
1885 3105 1923 3159 ρ
1953 3077 2092 3133 duci
2124 3093 2245 3132 non
2286 3093 2486 3150 posse,
2521 3076 2874 3132 sententiam
2900 3075 3044 3141 tulit,
3077 3081 3138 3129 ut
3159 3073 3363 3146 quinta
3395 3071 3616 3128 Sabba-

180 3180 301 3219 rem
340 3181 643 3220 carcerem
677 3165 948 3236 conjicite
985 3180 1000 3231 ;
1031 3182 1210 3221 nemo
1241 3181 1448 3222 curam
1480 3167 1633 3222 illius
1652 3174 1837 3237 gerat;

179 3253 702 3325 nemoimpiorum
729 3254 1062 3311 amicorum
1105 3255 1184 3310 ad
1222 3272 1360 3311 eum
1394 3256 1675 3322 accedat;
1700 3257 1838 3313 bea-

178 3348 300 3397 tum
335 3358 395 3397 se
418 3348 584 3414 putet
605 3343 685 3398 ob
708 3359 776 3398 ea
790 3348 1106 3409 tormenta,
1131 3344 1351 3417 quibus
1379 3351 1619 3417 propter
1648 3346 1836 3417 ipsius

179 3432 539 3503 impietatem
564 3433 852 3488 adversus
882 3434 1026 3489 deos
1062 3433 1310 3490 affectus
1348 3438 1456 3489 est.
1494 3435 1697 3492 Statim
1730 3437 1835 3506 igi-

181 3526 272 3575 tur
333 3521 574 3575 vinctus
600 3522 657 3576 in
686 3538 982 3578 carcerem
1026 3523 1365 3579 interiorem
1393 3525 1698 3595 conjectus
1724 3532 1831 3594 est,

183 3610 278 3664 ubi
313 3611 438 3665 sine
467 3610 904 3667 intermissione
943 3612 1129 3667 Deum
1169 3612 1472 3670 laudabat.

251 3701 307 3754 ν.
338 3700 438 3754 His
467 3700 710 3764 auditis,
753 3706 958 3766 mater,
997 3702 1152 3757 facto
1206 3708 1580 3769 testamento,
1613 3703 1834 3760 ducen-

183 3792 267 3842 tos
299 3789 739 3861 quinquaginta
757 3789 1244 3846 servoslibertate
1278 3793 1630 3864 peculioque
1644 3792 1834 3850 dona-

185 3876 262 3931 vit
289 3895 301 3931 :
333 3883 390 3932 et
411 3878 706 3950 quidquid
738 3878 888 3945 auri,
917 3886 1017 3934 aut
1055 3881 1306 3950 argenti,
1336 3886 1439 3936 aut
1464 3883 1834 3938 vestimento-

184 3982 310 4021 rum
341 3967 606 4023 habebat
619 3969 983 4041 pauperibus
1017 3970 1278 4043 reliquit;
1298 3973 1708 4043 possessiones
1732 3990 1832 4029 au-

188 4059 295 4111 tem
337 4057 613 4114 Ecclesiae
654 4065 872 4114 sanctae
903 4059 1114 4129 largita
1144 4066 1250 4116 est.
1283 4063 1429 4116 Tum
1472 4061 1733 4118 celeriter
1771 4065 1829 4118 in

191 4145 437 4201 Ciliciam
469 4147 548 4201 ad
591 4148 1034 4203 sanctissimum
1051 4149 1239 4205 ﬁlium
1268 4167 1445 4205 suum
1480 4151 1829 4224 Calliopium

1953 3171 2150 3221 torum
2179 3167 2424 3221 Paschaa
2443 3168 2500 3221 in
2523 3182 2756 3221 crucem
2775 3170 3066 3234 ageretur.
3099 3163 3270 3230 Quod
3287 3167 3475 3217 mater
3487 3161 3615 3231 ejus

1950 3255 2303 3325 intelligens,
2348 3256 2614 3327 quinque
2664 3271 2948 3310 nummos
3013 3252 3295 3308 ministris
3330 3251 3511 3319 dedit,
3554 3254 3615 3305 ut

1947 3361 2086 3398 eum
2141 3345 2436 3400 contraria
2477 3346 2722 3407 ratione,
2782 3359 2964 3415 quam
3007 3343 3270 3397 Christus
3327 3339 3613 3395 Dominus

1946 3433 2266 3488 cruciﬁxus
2296 3433 2420 3500 fuit,
2452 3432 2765 3502 afﬁgerent
2797 3432 2984 3487 cruci.
3019 3431 3235 3497 Quinto
3265 3429 3441 3499 igitur
3471 3428 3616 3484 Sab—

1943 3523 2224 3578 batorum
2256 3538 2481 3593 pronus
2507 3523 2567 3577 in
2599 3527 2779 3592 caput
2811 3521 3131 3576 crucifixus
3162 3525 3270 3583 est,
3305 3523 3361 3573 et
3386 3517 3481 3572 die
3513 3519 3616 3571 l’a-

1941 3627 2220 3668 rasceves
2260 3611 2529 3666 animam
2557 3611 2692 3680 egit.
2730 3613 2793 3665 Et
2832 3627 2940 3665 vox
2975 3610 3049 3665 de
3077 3609 3227 3664 caelo
3260 3607 3464 3662 audita
3504 3613 3611 3671 est,

1942 3702 2022 3756 ita
2052 3717 2276 3756 sonans
2307 3717 2318 3756 :
2349 3701 2514 3767 Veni,
2543 3700 2684 3755 civis
2714 3699 2947 3763 Christi,
2991 3703 3043 3753 et
3076 3698 3340 3753 cohaeres
3375 3702 3611 3752 sancto-

1943 3806 2078 3845 rum
2120 3789 2493 3860 angelorum.

2013 3880 2125 3933 VII.
2161 3882 2336 3935 Mater
2367 3894 2503 3934 vero
2535 3876 2891 3933 sanctissimi
2915 3892 2984 3930 ac
3010 3874 3337 3930 beatissimi
3361 3872 3464 3927 filii
3486 3888 3613 3926 cor-

1943 3984 2057 4039 pus
2098 3967 2432 4039 complexa,
2466 3971 2521 4022 et
2559 3965 2858 4022 Christum
2881 3964 3156 4030 laudans,
3192 3964 3248 4018 in
3283 3962 3412 4032 ejus
3451 3975 3610 4015 com-

1943 4055 2116 4126 plexu
2153 4055 2430 4128 spiritum
2462 4054 2740 4110 reddidit.
2775 4057 2840 4109 Et
2869 4052 3220 4108 accedentes
3249 4051 3477 4115 fratres,
3514 4065 3610 4104 eo-

1941 4160 2072 4199 rum
2102 4162 2350 4216 corpora
2374 4145 2430 4199 in
2454 4144 2584 4200 loco
2602 4160 2771 4199 sacro
2797 4143 3170 4215 sepelierunt,
3199 4139 3609 4196 collaudantes

188 4226 477 4281 contendit
512 4243 524 4281 :
559 4232 614 4282 et
652 4226 709 4282 in
741 4244 1037 4284 carcerem
1070 4230 1364 4298 ingressa,
1398 4231 1654 4301 procidit
1693 4239 1829 4289 ante
1864 4250 1904 4303 ι)
1941 4237 2166 4289 Patrem
2207 4241 2262 4290 et
2305 4234 2510 4290 Filium
2539 4240 2594 4288 et
2633 4232 2915 4304 Spiritum
2956 4238 3250 4296 sanctum,
3293 4230 3388 4286 cui
3421 4228 3610 4298 gloria

187 4314 352 4384 pedes
387 4315 599 4386 ejus,et
625 4316 934 4373 vulnerum
967 4334 1240 4375 cruorem
1270 4319 1828 4378 abstersit.Sanctus

1938 4329 1993 4379 et
2029 4323 2349 4396 imperium
2375 4325 2434 4378 in
2466 4322 2684 4378 saecula
2713 4322 3088 4378 saeculorum.
3123 4325 3331 4375 Amen.
