4078 6222
435 287 505 342 95
836 240 837 247 Ν
1822 285 2070 343 MENSlS
2109 286 2399 345 APRILIS
3725 282 3801 338 96

1053 535 1691 626 ΜΑΡΤΥΡΙΟΝ
1766 535 1979 622 ΤΩΝ
2056 535 2398 624 ΑΓΙΩΝ
2440 542 2641 624 ΚΑΙ
2683 529 3204 624 ΕΝΔΟΞΩΝ

1690 711 1821 759 ΤΟΥ
1859 712 2143 761 ΧΡΙΣΤΟΥ
2184 713 2541 761 ΜΑΡΤΥΡΩΝ

808 855 1453 961 ΤΕΡΕΝΤΙΟΥ,
1535 856 2136 961 ΑΦΡΙΚΝΟΥ,

2212 848 2774 957 ΜΑΞΙΜΟΥ,
2841 856 3381 943 ΠΟΜΠΙΟΥ

1346 1047 1458 1095 ΚΑΙ
1498 1047 1624 1094 ΤΗΣ
1663 1045 1981 1095 ΣΥΝΟΔΙΑΣ
2020 1045 2245 1095 ΑΥΤΩΝ
2282 1047 2418 1094 ΤΟΝ
2458 1045 2756 1094 ΑΡΙΘΜΟΝ
2799 1040 2888 1097 Μ’.

1784 1395 2466 1484 MARTYRIUM

924 1623 1071 1783 SS.
1165 1624 1695 1798 TERENTII,
1794 1621 2141 1776 Millth

2223 1625 2326 1801 il,
2425 1624 2847 1801 ΜᾹΧΙΜΙ,
2946 1624 3321 1777 ΡθΜΡΙΙ

1605 1879 1689 1934 ΕΤ
1730 1879 2082 1936 SOCIORL’M
2124 1880 2646 1945 QUADRAGINTA.

510 2042 682 2100 (Anno
699 2042 806 2091 420.
830 2041 1010 2092 Latine
1035 2040 1179 2105 apud
1196 2040 1409 2105 sarium
1434 2038 1504 2088 ad
1525 2038 1667 2089 diem
1690 2038 1963 2105 iO_Aprilis_
1984 2046 1997 2087 ξ
2032 2038 2207 2087 Greece
2228 2051 2291 2105 ei:
2318 2037 2435 2105 cod.
2467 2038 2593 2100 Reg.
2621 2037 2766 2105 [faris
2787 2051 2847 2105 n_._
2870 2038 3131 2105 1534._szec.
3158 2036 3586 2105 xu.--Interpres
3605 2039 3818 2087 textum

1095 2104 1281 2153 habuit
1313 2103 1381 2153 ab
1415 2116 1478 2152 eo
1512 2116 1673 2165 quem
1707 2100 1916 2151 edimus
1952 2102 2007 2150 in
2040 2101 2315 2151 nonnullis
2350 2100 2768 2164 discrepantem.
2811 2101 2955 2153 Emr.
2999 2101 3175 2163 Pun.)

519 2420 556 2470 l.
576 2415 784 2471 Decius
800 2418 1207 2471 Romanorum
1222 2416 1564 2487 imperator,
1590 2414 1887 2470 idolorum
1906 2413 2103 2469 studio
2136 2462 2141 2470 ι

2286 2412 2367 2468 Α’.
2430 2412 2798 2475 Βασιλεύοντος
2844 2419 3019 2466 Δεκίου
3076 2422 3167 2467 τοῦ
3225 2433 3529 2488 παρανόμου
3567 2424 3662 2480 τῆς
3691 2416 3831 2471 Ῥω-

445 2505 694 2577 cupiens
721 2520 932 2561 omnes
958 2505 1017 2559 in
1040 2504 1195 2561 exitii
1218 2504 1569 2561 barathrum
1598 2505 1938 2576 pertrahere
1958 2503 2107 2575 (erat

445 2595 603 2652 enim
635 2593 795 2650 ﬁlius
822 2593 1070 2661 diaboli)
1096 2594 1155 2650 in
1191 2595 1497 2650 universas
1523 2594 1772 2665 imperio
1800 2593 2102 2664 subjectas

443 2685 783 2758 provincias
821 2684 1081 2739 edictum
1125 2684 1304 2750 misit,
1340 2689 1403 2739 ut
1439 2699 1652 2739 omnes
1687 2683 1995 2739 Christiani
2029 2682 2104 2739 ad

444 2774 883 2831 immolandum
906 2773 1418 2830 etcomedendum
1455 2772 1884 2846 ea,quasidolis
1913 2778 2109 2828 essent

445 2862 775 2928 immolata,
798 2865 1297 2934 pertraherentur.
1326 2862 1495 2928 Quod
1515 2863 1560 2916 si
1611 2862 1712 2933 qui
1742 2867 2103 2925 recusarent,

445 2951 811 3021 injudicium
842 2952 1028 3006 vocati
1065 2951 1810 3021 plecterentur.jDecretum
1832 2949 1946 3003 hoc
1970 2965 2107 3003 cum

447 3038 509 3094 in
532 3038 786 3093 Africam
819 3038 895 3092 ad
924 3038 1265 3108 prmfectum
1296 3038 1786 3093 Fortunatianum
1812 3043 2108 3107 essetper-

447 3124 659 3190 latum,
691 3126 817 3196 ipse
845 3125 1056 3179 sedens
1081 3126 1140 3180 in
1172 3124 1470 3190 tribunali,
1498 3124 1786 3196 populum
1818 3140 2110 3180 convoca-

451 3214 545 3277 vit,
576 3217 633 3268 et
663 3213 745 3268 sic
776 3218 862 3269 est
887 3212 1177 3269 allocutus
1202 3230 1214 3268 :
1242 3212 1698 3280 Diisimmolate,
1719 3213 1939 3285 alioqui
1967 3230 2113 3285 sup-

450 3302 642 3376 pliciis
668 3301 1029 3359 afﬁciemini.
1073 3305 1161 3367 Et,
1203 3302 1295 3357 his
1333 3302 1526 3369 dictis,
1568 3307 1863 3358 tormenta
1900 3303 1959 3357 in
1988 3319 2109 3358 me-

450 3393 621 3449 dium
651 3390 899 3464 proferri
920 3392 1114 3463 jussit.
1144 3392 1368 3458 Quibus
1398 3392 1754 3463 conspectis,
1782 3392 1948 3447 multi
1979 3408 2112 3464 per-

452 3482 631 3539 territi
683 3480 964 3553 preefecto
1024 3482 1535 3554 obtemperarunt,
1574 3480 1921 3537 etaChristi
1986 3482 2111 3536 reli-

452 3572 630 3649 gione
657 3570 1019 3627 defecerunt.
1055 3571 1309 3637 Quidam
1336 3575 1537 3626 tamen
1565 3587 1635 3625 ex
1666 3570 1830 3642 ipsis,
1858 3586 2111 3627 numero

453 3660 857 3733 quadraginta
895 3661 955 3715 in
996 3660 1209 3715 Christi
1248 3659 1365 3714 ﬁde
1396 3659 1618 3714 fortiter
1649 3659 1801 3715 mori
1841 3660 2113 3715 decreve-

2214 2508 2379 2574 μαίων
2422 2501 2597 2576 ἀρχῆς
2648 2507 2738 2555 καὶ
2788 2501 3110 2576 βουλομένου
3161 2504 3319 2556 αὐτοῦ
3372 2508 3568 2568 πάντας
3602 2513 3661 2579 τῇ
3708 2503 3833 2579 ἰδίᾳ

2217 2594 2470 2665 θρησκείᾳ
2524 2594 2739 2644 ἑλκύσαι
2792 2596 2882 2644 καὶ
2958 2593 3027 2654 εἰς
3096 2592 3365 2668 βάραθρον
3431 2593 3681 2656 ἀπωλείας
3738 2594 3833 2667 ἒμ-

2216 2681 2384 2735 ϐαλεῖν
2429 2682 2652 2755 (πατέρα
2715 2684 2817 2756 γὰρ
2864 2684 2993 2752 ἔσχε
3064 2685 3149 2734 τὸν
3200 2685 3475 2754 Σατανᾶν),
3532 2682 3829 2746 ἐξαπέστει-

2214 2771 2293 2823 λεν
2353 2771 2423 2834 εἰς
2477 2777 2649 2823 πᾶσαν
2719 2776 2812 2829 τήν
2874 2773 3293 2843 ύποτεταγμένην
3350 2772 3490 2824 αὐτῶ
3551 2771 3827 2845 βασιλείαν

2217 2862 2602 2932 προστάγματα
2667 2858 2957 2933 ἐγγράφως,
3010 2862 3143 2912 ὥστε
3212 2864 3409 2923 πάντας
3476 2865 3591 2922 τοὺς
3645 2861 3832 2913 ἐπικοι-

2216 2947 2493 3020 λουμένους
2539 2953 2594 3000 τὸ
2640 2953 2799 3020 ὄνομα
2853 2957 2941 3001 τοῦ
2992 2958 3227 3021 Χριστοῦ
3277 2950 3595 3003 καθελκύσαι
3638 2950 3706 3011 εἰς
3737 2955 3832 3009 τὴν

2218 3040 2411 3109 μιαρὰν
2460 3040 2817 3109 προσκύνησιν
2866 3047 2963 3089 τῶν
3019 3035 3243 3091 εἰδώλων
3296 3056 3307 3069 ·
3340 3040 3383 3092 εἰ
3423 3036 3482 3092 δέ
3522 3058 3653 3101 τινες
3688 3037 3837 3091 ἀντι-

2218 3126 2432 3197 λέγοιεν,
2482 3129 2693 3186 τούτους
2738 3134 2809 3196 τῷ
2870 3123 3200 3200 δικαστηρίῳ
3256 3125 3678 3201 παραδίδοσθαι,
3737 3133 3835 3181 καὶ

2219 3217 2349 3286 μετά
2420 3213 2616 3266 πολλῶν
2666 3213 2913 3286 βασάνων
2980 3222 3070 3268 καὶ
3123 3217 3381 3288 αἰκισμῶν
3435 3225 3496 3290 τῇ
3559 3218 3836 3290 τελευταίᾳ

2220 3310 2311 3355 τοῦ
2367 3305 2586 3355 θανάτου
2647 3306 2941 3375 ύπάγεσθαι
2992 3305 3169 3377 ψήφῳ.
3225 3306 3575 3369 Ἐξαπέστειλε
3635 3304 3694 3359 δὲ
3766 3310 3833 3359 τὸ

2220 3396 2443 3467 πονηρὸν
2494 3393 2653 3445 αύτοῦ
2710 3399 2799 3445 καὶ
2855 3392 3038 3455 ἀσεϐὲς
3106 3392 3284 3467 δόγμα
3348 3402 3438 3448 καὶ
3487 3405 3557 3448 τῶ
3608 3398 3835 3468 ἡγεμόνι

2221 3485 2588 3555 Φουρτουνάτῳ
2618 3490 2687 3553 τῷ
2738 3486 2786 3535 ἐν
2833 3491 2895 3555 τῇ
2948 3485 3166 3556 Ἀφρικῇ
3205 3501 3217 3515 '
3260 3489 3348 3537 xui
3398 3487 3685 3556 φθάσαντος
3736 3493 3833 3538 τοῦ

2222 3568 2506 3643 βασιλικοῦ
2566 3574 2969 3645 προστάγματος
3048 3577 3178 3646 πρὸς
3242 3578 3333 3631 τήν
3396 3571 3570 3646 ἀρχήν
3643 3574 3831 3641 αὐτοῦ,

2222 3656 2433 3723 ἐδέξατο
2493 3663 2699 3733 ἡγεμὼν
2751 3664 2814 3713 τὰ
2866 3660 3122 3733 βασιλικὰ
3170 3664 3484 3735 γράμματα.
3551 3664 3833 3735 Ἀναγνοὺς

451 3755 604 3820 rant,
638 3764 819 3821 seque
860 3755 1068 3805 mutuo
1105 3749 1186 3804 ita
1225 3748 1731 3805 cohortabantur:
1768 3748 1963 3804 Videte
2000 3747 2111 3803 fra-

2223 3747 2310 3804 οὖν
2370 3749 2503 3802 αύτὰ
2561 3755 2650 3801 καὶ
2720 3752 2987 3811 καθεσθεὶς
3041 3750 3126 3803 ἐπὶ
3175 3760 3267 3803 τοῦ
3326 3749 3588 3823 βήματος,
3647 3750 3834 3812 εύθέως

451 3845 587 3904 tres,
621 3855 696 3895 ne
725 3839 1043 3895 Dominum
1072 3840 1562 3895 nostrumJesurn
1595 3837 1889 3894 Christum
1928 3838 2115 3893 abne-

455 3943 687 3999 gemus,
745 3944 819 3983 ne
848 3928 974 4000 ipse
1005 3944 1247 4001 quoque
1287 3927 1544 3996 abneget
1600 3943 1733 3983 nos.
1767 3930 2113 3985 Mementote

454 4017 777 4073 Dominum
834 4017 978 4073 olim
1010 4017 1227 4071 dixisse
1263 4032 1274 4070 :
1313 4034 1341 4066 «
1374 4016 1555 4070 Nolite
1597 4016 1799 4071 timere
1840 4032 1962 4082 eos,
2007 4016 2111 4088 qui

455 4122 667 4178 corpus
685 4106 963 4161 occidunt
992 4105 1260 4160 animam
1285 4110 1484 4160 autem
1523 4119 1645 4159 non
1668 4110 1924 4175 possunt
1961 4105 2111 4160 occi-

457 4194 619 4251 dere.
672 4195 891 4250 Timete
922 4194 1121 4265 potius
1154 4210 1312 4259 eum,
1346 4194 1450 4266 qui
1515 4198 1711 4265 potest
1755 4194 2021 4250 animam
2060 4200 2115 4250 et

456 4298 676 4355 corpus
696 4283 942 4355 perdere
968 4283 1027 4337 in
1054 4283 1392 4352 gehennam
1426 4285 1505 4336 ί.»

2222 3838 2507 3907 προσέταξε
2550 3838 2915 3911 συλλειφθῆναι
2965 3842 3023 3890 τὸ
3062 3839 3257 3900 πλῆθος
3308 3847 3402 3902 τῆς
3448 3839 3684 3902 πόλεως’
3727 3848 3833 3891 τῶν

2225 3924 2283 3980 δὲ
2338 3926 2758 3999 συλλειφθέντων,
2818 3930 2910 3999 ἔφη
2966 3931 3092 3999 πρὸς
3151 3928 3377 3988 αύτούς·
3422 3928 3827 3991 Δέκιοςὸαύτο-

2222 4018 2427 4091 κράτωρ
2478 4016 2686 4083 κελεύει,
2748 4018 2829 4068 ἵνα
2880 4020 3073 4075 θύσητε
3120 4018 3336 4078 ἅπαντες
3392 4024 3502 4080 τοῖς
3557 4020 3690 4079 θεοῖς
3722 4038 3733 4050 ·
3782 4018 3830 4071 εἰ

2224 4102 2283 4158 δε
2335 4111 2489 4177 μήγε,
2562 4106 2763 4177 μέλλετε
2819 4116 2988 4167 κακῶς
3044 4111 3133 4159 καὶ
3205 4115 3402 4179 πικρῶς
3456 4106 3827 4165 ἀποθνήσκειν.

2222 4203 2400 4249 Ταῦτα
2443 4195 2595 4247 εἰπὼν
2626 4196 2911 4270 προσέταξε
2959 4201 3047 4248 καὶ
3092 4200 3157 4248 τὰ
3197 4194 3595 4270 βασανιστήρια
3624 4197 3832 4248 ἅπαντα

2229 4285 2562 4357 προτεθῆναι.
2615 4291 2725 4336 Τῶν
2794 4281 2853 4337 δὲ
2910 4287 3275 4357 προτεθέντων,
3311 4284 3492 4337 πολλοὶ
3557 4294 3657 4337 τῶν
3709 4287 3832 4337 θεω-

454 4375 727 4450 ρησάντων
772 4375 828 4424 τὸ
865 4372 1057 4433 πλῆθος
1112 4381 1211 4425 τῶν
1264 4372 1641 4445 κολαστηρίων,
1701 4372 1757 4425 ἐκ
1802 4376 1965 4443 μόνης
2031 4380 2122 4433 τῆς
2173 4375 2285 4434 θέας
2339 4370 2634 4433 δεδοικότες
2677 4377 2770 4430 τήν
2814 4371 3049 4437 ἀπειλήν,
3109 4373 3427 4431 ἐπείσθησαν
3479 4382 3551 4444 τῷ
3595 4376 3831 4446 τυράννῳ

454 4468 545 4517 καὶ
589 4461 903 4523 ἀποστάντες
960 4460 1059 4514 ἀπὸ
1104 4470 1194 4522 τῆς
1232 4468 1323 4514 τοῦ
1364 4469 1596 4537 Χριστοῦ
1634 4466 1871 4527 πίστεως,
1921 4466 2318 4535 προσεκύνησαν
2363 4468 2471 4524 τοῖς
2531 4458 2780 4522 εἰδώλοις.
2822 4466 2964 4525 Τινὲς
3009 4459 3067 4514 δὲ
3117 4461 3169 4525 ἐξ
3214 4463 3403 4531 αὐτῶν,
3464 4466 3551 4515 τὸν
3605 4462 3831 4536 ἀριθμὸν

454 4555 868 4629 τεσσαράκοντα,
927 4553 1191 4604 συνέθεντο
1251 4551 1441 4624 μᾶλλον
1498 4550 1545 4603 ἓν
1601 4556 1923 4622 γενναιότητι
1975 4552 2305 4611 τελειωθῆναι
2356 4551 2402 4602 ἐν
2457 4559 2517 4623 τῇ
2574 4556 2748 4604 πίστει
2799 4559 2889 4603 τοῦ
2944 4560 3195 4625 Χριστοῦ,
3255 4557 3341 4603 καὶ
3394 4555 3516 4625 πρὸς
3572 4551 3829 4615 ἀλλήλους

454 4643 622 4714 ελεγον
688 4644 814 4715 μετὰ
873 4642 1096 4715 θάρσους
1146 4658 1157 4671 ο
1210 4640 1415 4715 Ὁρᾶτε,
1483 4637 1716 4713 ἀδελφοὶ,
1782 4645 1853 4712 μὴ
1931 4640 2278 4715 ἀρνησώμεθα
2330 4646 2414 4693 τὸν
2483 4643 2669 4713 Κύριον
2737 4642 2883 4713 ἡμῶν
2950 4641 3153 4698 Ἰησοῦν
3228 4646 3480 4716 Χριστὸν,
3543 4642 3625 4695 ἶνα
3681 4639 3827 4713 μηδι

456 4732 612 4794 αύτός
664 4730 861 4804 ἀρνήσῃ
918 4733 1094 4803 ἡμᾶς’
1127 4738 1311 4803 γνῶτε,
1374 4732 1454 4783 ὃτι
1511 4727 1619 4788 ἤδη
1680 4727 1816 4783 εἶπεν
1879 4733 1903 4782 ὁ
1963 4734 2190 4803 Κύριος·
2228 4752 2256 4783 ι(
2316 4736 2401 4790 Μή
2460 4729 2720 4802 φοϐηθῆτε
2775 4730 2874 4781 ἀπὸ
2928 4739 3026 4782 τῶν
3082 4732 3482 4784 ἀποκτεινόντων
3535 4735 3591 4784 τὸ
3649 4739 3829 4803 σῶμα,

452 4826 544 4881 τὴν
594 4818 653 4874 δὲ
696 4821 882 4893 ψυχὴν
936 4825 1007 4893 μή
1069 4816 1336 4893 δυναμίων
1378 4818 1668 4872 ἀκοκτεῖναι
1717 4819 1978 4892 φοϐήθητε
2028 4817 2087 4873 δὲ
2141 4820 2331 4893 μᾶλλον
2391 4823 2477 4872 τὸν
2535 4816 2816 4891 δυνάμενον
2863 4824 2953 4871 καὶ
3000 4818 3186 4891 ψυχήν
3231 4839 3320 4871 και
3376 4829 3529 4891 σῶμα
3575 4818 3829 4873 ἀπολέσαι

454 4910 502 4964 ἕν
528 4914 698 4983 γεέννῃ
711 4950 723 4962 .
752 4929 780 4961 )›

524 5002 587 5058 Il.
625 4999 1085 5057 Fortunatianus
1112 4997 1191 5054 ad
1227 4997 1337 5053 hos
1366 5014 1378 5053 :
1415 4997 1615 5063 Video,
1650 4998 1862 5070 inquit,
1896 5014 2003 5055 vos
2031 4998 2113 5054 vi-

449 5106 549 5147 ros
596 5094 651 5146 et
714 5093 886 5145 tetate
944 5088 1252 5159 perfectos,
1317 5092 1375 5143 et
1438 5086 1731 5158 sapientia
1778 5087 2107 5159 praeditos:

451 5178 851 5251 quamobrem
876 5178 1075 5243 miror,
1096 5193 1201 5232 cur
1218 5192 1324 5232 vos
1341 5176 1639 5247 ejusmodi
1662 5176 1975 5232 dementias
2002 5184 2116 5233 tra-

450 5267 737 5334 dideritis,
770 5272 832 5323 ut
860 5283 1049 5323 unum
1084 5269 1267 5323 Deum
1306 5270 1362 5322 et
1414 5280 1617 5337 regem
1667 5265 1895 5330 dicatis,
1929 5282 2113 5339 quem

451 5356 662 5425 Judtei,
694 5361 758 5413 ut
784 5357 1095 5414 hominem
1120 5356 1500 5421 sceleratum,
1532 5355 1976 5413 cruciﬁxerunt.
2010 5358 2114 5412 Re-

532 5534 549 5570 ¹
584 5532 782 5592 Matth.
813 5549 873 5601 x,
905 5537 994 5591 28.

2292 4997 2360 5051 B'.
2401 5000 2613 5058 Τούτοις
2656 4993 2743 5049 οὖν
2789 5004 2899 5058 τοῖς
2950 4996 3127 5069 λόγοις
3170 4996 3409 5061 ἀλλήλοις
3450 5000 3830 5073 θαρσοποιοῦν-

2222 5106 2304 5149 τες
2355 5090 2404 5140 οἱ
2451 5086 2615 5158 ἅγιοι,
2681 5089 2773 5157 ἔφη
2823 5088 2953 5158 πρὸς
3003 5086 3185 5148 αύτούς
3236 5088 3261 5139 ὀ
3321 5089 3529 5160 ἡγεμών
3565 5105 3577 5118 ·
3610 5083 3830 5161 Ἀνδρες

2223 5175 2509 5249 βελτιστοι,
2568 5176 2740 5245 θεωρῶ
2806 5175 2937 5247 ὑμᾶς
2991 5174 3039 5226 ἐν
3104 5174 3284 5248 ἡλικίᾳ
3332 5175 3462 5248 καλῇ
3512 5180 3601 5229 καὶ
3661 5175 3831 5249 τελείᾳ

2221 5267 2638 5337 κεκοσμημένους
2690 5267 2840 5326 ὄντας
2892 5269 2982 5318 καὶ
3033 5264 3168 5337 λογῳ
3229 5270 3632 5339 σεσοφισμένους
3673 5281 3687 5295 ⁸
3738 5269 3829 5319 καὶ

2227 5354 2500 5427 θαυμάζω,
2555 5360 2659 5416 πῶς
2701 5356 2915 5428 τοιαύτη
2971 5353 3197 5428 ἀπιστίᾳ
3263 5353 3473 5417 ἑαυτοὺς
3518 5350 3827 5424 ἑξεδώκατε,
