4078 6222
241 298 302 351 97
1317 290 1479 347 VITA
1522 291 1577 345 S.
1619 287 1953 346 TERENTII
1992 288 2079 344 ET
2116 288 2485 347 SOCIORUM
3382 334 3385 335 ν
3514 296 3585 349 98

244 426 314 475 ἕνα
354 423 503 491 μόνον
561 420 683 471 Θεὸν
758 414 1121 487 ὁμολογοῦντες
1183 419 1270 468 τόν
1336 421 1589 490 Χριστόν,
1649 418 1818 468 ὅντινα

1940 415 2172 486 spondit
2204 415 2473 470 omnium
2494 413 2737 470 nomine
2754 419 2995 469 sanctus
3009 420 3236 488 martyr
3253 420 3581 475 Terentius:

244 512 487 583 ἄνθρωπον
544 510 681 575 ὄντα,
736 507 805 566 ὡς
842 512 1150 578 κακοῦργον,
1216 508 1265 557 οἱ
1311 503 1579 559 Ἰουδαίων
1632 501 1818 565 παῖδες

244 599 579 671 ἐσταύρωσαν.
622 600 743 647 Τότε
791 595 817 646 ό
874 594 1023 665 άγιος
1075 596 1273 670 μάρτυς
1322 604 1412 648 τοῦ
1454 602 1687 669 Χριστοῦ
1726 600 1821 646 Τε-

241 693 432 761 ρέντιος,
490 690 664 757 στόμα
711 692 811 735 τῶν
862 685 1065 735 πάντων
1103 689 1385 756 γενόμενος,
1448 680 1580 736 εἶπεν
1637 684 1815 743 οὕτως·

242 776 291 831 Εἰ
336 770 495 848 ᾕδεις,
555 771 595 825 ὦ
639 775 853 845 ἡγεμόν,
896 776 989 831 τὴν
1045 769 1241 845 δωρεὰν
1275 781 1365 826 τοῦ
1407 780 1539 826 Θεοῦ
1584 779 1671 825 καὶ
1725 776 1819 829 τὴν

241 862 440 935 δύναμιν
494 870 588 915 τοῦ
642 861 1053 935 ἐσταυρωμένον,
1103 862 1406 934 κατέλειψας
1459 864 1519 915 ἄν
1569 866 1664 919 τὴν
1723 870 1819 912 τῶν

237 958 444 1027 ματαίων
495 948 726 1003 εἰδώλων
782 951 1001 1019 πλάνην,
1056 956 1145 1004 καὶ
1185 952 1326 1022 αύτῷ
1374 956 1511 1024 μόνῳ
1566 953 1818 1026 προσεκύ-

236 1063 322 1105 νεις
378 1047 465 1093 καὶ
520 1041 840 1115 ἐθεράπευες,
900 1047 988 1093 τόν
1043 1045 1162 1093 ὄντα
1230 1044 1349 1093 Υίόν
1434 1041 1700 1113 εὐεργέτην
1766 1038 1819 1089 ἐκ

237 1135 419 1206 Πατρός
477 1129 679 1201 ἀγαθοῦ
732 1134 821 1182 καὶ
889 1130 1177 1202 εὐεργέτου,
1244 1134 1330 1182 τόν
1403 1130 1651 1181 πλούσιον
1729 1133 1818 1179 καὶ

234 1221 580 1291 ιῦσπλαγχνον
631 1224 720 1271 καὶ
763 1218 1026 1289 ἐλεήμονα,
1077 1221 1127 1279 ὃς
1210 1221 1424 1291 νεύματι
1479 1224 1567 1271 καὶ
1629 1217 1820 1290 βουλῆς

232 1330 343 1383 ματι
386 1328 473 1362 του
526 1312 732 1383 Πατρός
782 1309 852 1370 εἰς
896 1317 995 1379 γῆν
1048 1307 1277 1369 καταϐὰς
1325 1313 1414 1360 καὶ
1453 1313 1550 1367 τὴν
1602 1310 1821 1365 θεότητα

232 1401 371 1451 αὐτοῦ
427 1397 728 1470 ἀνθρωπίνη
797 1400 949 1469 φύσει
1010 1395 1229 1458 ἐνδύσας
1284 1399 1519 1469 ὑπέμεινε
1596 1400 1819 1471 σταυρόν

232 1494 307 1539 καὶ
336 1491 545 1539 θάνατον
580 1484 677 1540 διὰ
728 1494 819 1545 τῆν
850 1489 1101 1559 ἡμετέραν
1153 1492 1435 1559 σωτηρίαν.
1486 1486 1544 1539 Ὀ
1590 1483 1647 1538 δε
1701 1489 1818 1557 ἠγε-

235 1584 327 1651 μὼν
351 1577 574 1638 ἀκούσας
620 1584 807 1641 ταῦτα,
858 1577 992 1649 λέγει
1034 1580 1167 1650 πρός
1194 1582 1312 1639 τοὺς
1362 1576 1559 1647 ἁγίους·
1612 1579 1821 1629 Θύσατε

234 1670 500 1742 προθᾶμως·
585 1671 617 1725 ἦ
702 1665 960 1737 ἁψάμενος
1026 1666 1168 1738 ὑμῶν
1225 1674 1325 1718 τῶν
1378 1666 1562 1738 μελῶν,
1620 1664 1821 1727 τελείως

1930 504 1985 559 Si
2052 520 2281 569 nosses,
2330 504 2626 576 praefecte,
2689 503 2962 559 Cruciﬁxi
3024 504 3315 572 virtutem,
3368 509 3585 565 relictis

1928 592 2224 648 idolorum
2252 593 2549 649 erroribus
2571 593 2773 665 ipsum
2806 592 3028 649 coleres
3066 597 3124 649 et
3155 594 3456 652 adorares.
3489 600 3587 653 Est

1930 683 2088 738 enim
2122 683 2296 739 Filius
2328 685 2450 748 Dei,
2472 682 2788 753 benignus,
2808 683 2999 749 dives,
3024 683 3284 739 clemens
3315 690 3371 741 et
3409 688 3588 743 mise-

1928 771 2131 837 ricors,
2161 775 2264 844 qui
2295 773 2482 828 Patris
2508 778 2658 828 nutu
2686 778 2742 828 et
2772 772 3075 828 voluntate
3107 775 3165 829 in
3219 780 3436 831 terram
3489 776 3588 833 de-

1930 861 2175 927 scendit,
2195 860 2609 933 divinitatemq
2620 877 2688 916 ue
2707 877 2879 916 suam
2903 861 3184 917 humanae
3200 868 3425 919 natura;
3449 880 3588 921 con-

1923 949 2140 1019 junxit,
2166 955 2222 1005 et
2242 965 2349 1022 pro
2372 951 2561 1005 salute
2592 955 2797 1006 nostra
2843 966 3082 1006 crucem
3134 951 3334 1008 subire
3382 953 3585 1010 voluit.

1932 1039 2408 1103 Fortunatianus,
2432 1038 2526 1093 his
2549 1039 2789 1108 auditis,
2815 1039 2960 1095 dixit
2976 1040 3053 1095 ad
3072 1056 3173 1096 eos
3198 1059 3209 1095 :
3238 1042 3548 1099 Immolete
3572 1059 3584 1100 :

1930 1128 2440 1199 alioquimembra
2457 1128 3048 1193 vestracomburens,
3075 1129 3288 1186 delebo
3320 1147 3449 1186 vos.
3480 1132 3590 1188 Pu-

1929 1220 2037 1284 tas,
2058 1216 2590 1289 inquit'l‘erentius,
2620 1233 2729 1273 nos
2749 1224 2968 1273 terrore
2993 1223 3330 1274 commotos
3358 1227 3590 1277 senten-

1928 1306 2075 1361 tiam
2109 1306 2491 1361 mutaturos?
2535 1310 2660 1362 Non
2690 1307 2841 1362 adeo
2870 1324 3078 1362 sumus
3106 1307 3325 1379 ignavi,
3356 1316 3437 1379 ut,
3463 1311 3591 1367 reli-

1930 1400 2020 1450 cto
2034 1395 2168 1450 vitae
2187 1396 2506 1465 Largitore,
2520 1395 2666 1451 deos
2688 1394 2914 1451 alienos
2930 1394 3278 1453 adoremus.
3297 1400 3403 1453 Fac
3418 1399 3590 1471 igitur

1930 1484 2213 1548 celeriter,
2246 1484 2409 1556 quod
2445 1484 2546 1539 tibi
2581 1484 2742 1553 libet,
2783 1486 3107 1540 adversum
3137 1502 3268 1551 nos,
3296 1489 3590 1560 quoniam

1931 1573 2147 1628 strenui
2174 1579 2229 1628 et
2254 1578 2597 1628 constantes
2630 1573 2837 1629 Christi
2876 1574 3132 1630 cultores
3171 1592 3407 1633 sumus.
3434 1578 3591 1633 Indi-

1933 1667 2150 1731 gnatus
2182 1663 2513 1733 praefectus,
2538 1662 2711 1733 jussit
2751 1678 2873 1732 eos,
2903 1666 3275 1720 vestimentis
3306 1666 3587 1723 detractis

237 1760 351 1828 ὑμᾶς
396 1755 657 1829 ἀφανίσω.
712 1754 771 1807 Ὀ
820 1755 965 1826 ἅγιος
1031 1759 1288 1828 Τερέντιος
1343 1752 1498 1807 εἶπεν·
1554 1755 1820 1827 Νομίξεις,

1940 1751 1993 1806 in
2026 1750 2323 1806 idolorum
2357 1752 2649 1822 templum
2680 1750 2849 1807 trahi.
2887 1752 3047 1808 ldola
3078 1758 3270 1810 autem
3313 1771 3460 1812 auro
3500 1773 3591 1812 ar-

239 1846 270 1895 ὧ
308 1848 529 1919 τύραννε,
590 1843 735 1916 φόϐῳ
777 1840 1019 1897 δελεάσαι
1067 1845 1209 1916 ἡμᾶς
1242 1860 1255 1910 ;
1292 1843 1413 1915 Οὐχ
1465 1844 1621 1904 οὕτως
1667 1845 1824 1895 ἄναν-

248 1931 343 2008 δροί
376 1933 545 2006 ἐσμεν,
598 1934 686 1985 ἶνα
715 1932 1114 2004 καταλείψαντες
1158 1936 1244 1985 τόν
1275 1941 1371 1995 τῆς
1425 1933 1566 1995 ζωῆς
1590 1936 1827 2005 χορηγόν

1402 2022 1558 2075 Ἀλλά
1635 2030 1829 2096 πρᾶττε

249 2118 506 2185 συντόμως,
560 2114 588 2165 ὅ
642 2111 821 2185 βούλει
860 2115 1101 2187 πράττειν
1155 2113 1271 2164 καθ’
1318 2114 1483 2184 ἡμῶν·
1532 2115 1681 2185 ἡμεῖς
1726 2116 1827 2186 γὰρ

248 2029 667 2097 προσκυνήσωμεν
768 2025 913 2085 θεοὺς
994 2021 1314 2098 ἀλλοτρίους.

246 2203 416 2263 τελείως
467 2206 556 2254 τόν
649 2210 882 2274 γενναῖον
963 2204 1109 2273 ἡμῶν
1166 2202 1418 2275 λογισμόν
1500 2199 1830 2275 ἠδρασμένον

246 2295 409 2365 ἔχομεν
458 2292 528 2354 εἰς
582 2298 848 2361 Χριστόν,
899 2296 1025 2344 Τότε
1084 2293 1339 2364 θυμωθεὶς
1399 2293 1424 2343 ὁ
1464 2293 1670 2365 ἡγεμὼν
1723 2290 1832 2345 ἐκέ-

242 2380 369 2433 λευσε
418 2383 823 2454 περιαιρεθῆναι
874 2380 1042 2433 αὐτῶν
1098 2384 1162 2432 τὰ
1223 2382 1406 2452 ἱμάτια
1465 2386 1551 2434 καὶ
1610 2383 1830 2453 ἀγεσθαι

242 2470 406 2532 αὖτοὺς
457 2475 549 2522 καὶ
602 2474 679 2541 μή
735 2468 1081 2542 βουλομένους
1137 2469 1209 2529 εἰς
1252 2476 1337 2521 τόν
1380 2473 1499 2521 ναόν
1551 2478 1651 2522 τῶν
1683 2467 1829 2523 εἰδώ-

244 2558 345 2615 λων,
400 2558 569 2611 Ἦσαν
619 2554 683 2611 δε
735 2559 802 2610 τά
850 2555 1038 2610 εἴδωλα
1077 2558 1283 2610 ἅπαντα
1330 2562 1831 2631 περικεχρυσωμένα

244 2653 321 2699 καὶ
366 2646 715 2720 ἐστολισμένα
770 2652 952 2719 κόσμῳ
988 2646 1259 2699 πολυτελεῖ
1301 2652 1391 2698 καὶ
1442 2646 1683 2720 λαμπρῷ.
1730 2654 1829 2701 Καὶ

244 2736 459 2789 εἰσελθὼν
517 2738 544 2789 ό
586 2739 801 2809 ἡγεμὼν
849 2732 984 2788 εἶπεν
1025 2732 1219 2798 αὐτοῖς’
1262 2739 1471 2789 Θύσατε
1514 2745 1586 2808 τῷ
1626 2738 1827 2809 μεγάλῳ

246 2828 330 2896 θεῷ
363 2825 620 2898 Ἠρακλεῖ’
682 2828 864 2885 πάντες
928 2822 1069 2877 ἴδετε
1120 2831 1214 2883 τὴν
1256 2822 1412 2888 δόξαν
1459 2830 1547 2877 καὶ
1597 2831 1690 2885 τὴν
1732 2823 1829 2878 δύο

246 2935 375 2987 ναμιν
430 2916 615 2971 αὐτοῦ.
677 2914 735 2967 Ὀ
794 2914 944 2986 άγιος
1008 2919 1265 2987 Τερέντιος
1322 2913 1475 2967 εἶπεν·
1540 2915 1825 2981 Πλανᾶσαι,

246 3000 278 3053 ὦ
319 3006 519 3075 ἑγεμόν,
573 3008 655 3077 μὴ
719 3001 871 3065 εἰδὼς
924 3007 982 3056 τό
1035 3008 1291 3078 συμφέρον
1347 3023 1449 3056 σοι’
1503 3005 1645 3057 οὗτοι
1703 3009 1827 3078 γὰρ,

245 3095 314 3153 οὓς
340 3093 494 3165 λέγεις
527 3096 697 3159 θεοὺς,
736 3092 873 3145 λίθοι
909 3093 1011 3145 εἰσὶ
1063 3098 1153 3145 καὶ
1204 3093 1330 3156 ξύλα
1378 3097 1462 3145 καὶ
1502 3093 1703 3165 χαλκός
1741 3099 1831 3146 καὶ

247 3178 463 3254 σίδηρος
500 3188 863 3255 κεκόσμηνται
895 3179 954 3234 δὲ
991 3191 1183 3257 χρυσῷ
1222 3187 1309 3234 καὶ
1338 3184 1606 3255 ἱματισμῷ
1658 3183 1787 3235 πολυ
1810 3214 1823 3225 -

246 3271 355 3324 τελεῖ
407 3276 531 3347 πρὸς
586 3275 650 3324 τό
702 3271 1001 3324 πλανᾶσθαι
1060 3276 1179 3332 τοὺς
1231 3271 1481 3334 ἀνοήτους
1530 3270 1831 3345 ἀνθρώπους

1936 1845 2232 1912 gentoque
2298 1846 2353 1895 et
2417 1839 2691 1911 pretiosis
2758 1847 2924 1896 erant
2973 1843 3234 1898 vestibus
3281 1855 3587 1902 exornata.

1936 1930 2242 2000 Ingressus
2298 1930 2775 1997 Fortunatianus,
2826 1930 2973 1985 dixit
3023 1931 3153 1986 eis:
3213 1935 3419 2003 Magno
3475 1934 3589 1991 deo

1940 2018 2169 2074 Herculi
2220 2018 2567 2074 sacriﬁcate.
2601 2018 2865 2074 Gloriam
2923 2020 3081 2075 enim
3136 2026 3190 2077 et
3234 2027 3589 2094 potestatem

1938 2118 2067 2178 ejus
2098 2108 2455 2180 conspicitis.
2482 2110 2674 2174 Erras,
2704 2108 3237 2181 inquitTerentius,
3272 2118 3329 2167 et
3352 2112 3590 2181 ignoras

1939 2197 2022 2265 id,
2062 2197 2228 2270 quod
2268 2197 2371 2252 tibi
2416 2197 2551 2252 utile
2591 2203 2695 2253 est.
2736 2198 2837 2253 Dei
2876 2199 3035 2253 enim
3078 2200 3169 2255 isti
3229 2201 3332 2268 tui,
3364 2201 3593 2272 lapides

1940 2291 2094 2355 sunt,
2128 2291 2184 2343 ct
2203 2286 2383 2356 ligna,
2408 2291 2464 2341 et
2495 2302 2595 2354 res,
2628 2290 2685 2341 et
2711 2286 2954 2343 ferrum.
2988 2288 3192 2344 Ornati
3223 2296 3423 2346 autem
3457 2296 3594 2347 sunt

1940 2392 2106 2445 auro,
2143 2382 2203 2431 ut
2232 2376 2505 2432 homines
2526 2377 2847 2449 decipiant,
2872 2382 2929 2433 et
2949 2378 3257 2435 abducant
3278 2381 3353 2436 ab
3375 2387 3593 2438 aeterna

1940 2466 2073 2521 vita.
2108 2470 2256 2521 Nam
2283 2466 2395 2538 ipsi
2426 2466 2672 2537 quidem
2706 2482 2826 2522 non
2860 2466 3080 2535 vident,
3113 2484 3220 2526 nec
3240 2470 3589 2543 loquuntur.

1938 2571 2047 2611 nec
2074 2556 2344 2620 audiunt,
2380 2571 2487 2610 nec
2520 2556 2834 2612 ambulant
2862 2573 2875 2610 :
2909 2558 3132 2630 quippe
3158 2559 3261 2631 qui
3294 2561 3372 2616 ab
3401 2560 3595 2617 homi-

1940 2645 2117 2699 nibus
2141 2644 2352 2715 sculpti
2374 2644 2729 2715 conﬂatique
2762 2651 2923 2715 sunt,
2951 2651 3005 2701 et
3038 2646 3096 2700 in
3123 2646 3438 2704 hominum
3462 2666 3590 2721 spe-

1938 2733 2091 2787 ciem
2134 2732 2507 2797 conformati,
2532 2736 2593 2786 ut
2615 2732 2691 2787 ad
2719 2732 2874 2787 hanc
2896 2733 3140 2804 impiam
3169 2737 3592 2807 cogitationem

1938 2838 2057 2886 eos,
2093 2822 2195 2893 qui
2250 2820 2361 2875 sibi
2407 2825 2637 2891 parent,
2671 2828 3060 2877 convertant:
3092 2824 3374 2880 «Similes
3432 2827 3592 2882 enim

1939 2928 2147 2968 eorum
2179 2916 2336 2975 sunt,
2357 2910 2459 2981 qui
2488 2909 2711 2965 faciunt
2729 2926 2801 2966 ea
2826 2916 2881 2965 et
2906 2927 3137 2979 omnes,
3156 2912 3258 2985 qui
3282 2914 3596 2971 conﬁdunt

1941 3002 1999 3057 in
2026 3001 2134 3056 eis’
2169 3022 2217 3054 .»
2282 3000 2479 3065 Dicite,
2512 3014 2715 3071 quaeso
2750 3015 2762 3054 :
2797 2999 2900 3055 Isti
2932 3016 3084 3073 quos
3123 3002 3267 3058 deos
3307 3004 3593 3070 asseritis,

1943 3094 2271 3163 possuntne
2304 3088 2418 3143 sibi
2448 3088 2594 3161 ipsis
2626 3088 2925 3160 opitulari,
2946 3093 3003 3145 et
3032 3105 3154 3155 eos,
3191 3107 3225 3146 a
3248 3092 3470 3164 quibus
3502 3094 3599 3150 lae-

1940 3181 2182 3247 duntur,
2228 3179 2486 3235 ulcisci?
2528 3178 2699 3244 Quod
2751 3178 2799 3233 si
2850 3179 2963 3251 ipsi
3017 3180 3239 3237 auxilio
3293 3197 3425 3239 esse
3477 3200 3597 3240 non

1942 3273 2216 3342 possunt,
2248 3268 2559 3340 quomodo
2590 3267 2764 3323 nobis
2795 3267 3248 3339 opitulabuntur
3273 3271 3300 3327 ?

246 3361 319 3410 ὑπ’
370 3361 553 3428 αὐτῶν,
617 3368 709 3413 τοῦ
765 3360 1057 3420 ἀποστῆναι
1116 3365 1205 3433 μεν
1264 3370 1353 3422 τῆς
1435 3362 1645 3413 αἰωνίου
1700 3366 1851 3427 ζωῆς,
1912 3370 1984 3432 τῷ
2058 3364 2185 3431 πυρὶ
2263 3354 2321 3410 δε
2399 3359 2857 3431 παραπεμφθῆναυ
2933 3361 3050 3411 οὔτε
3124 3362 3225 3433 γὰρ
3314 3359 3597 3433 βλέπουσιν

247 3452 343 3502 οὔτε
384 3449 635 3504 λαλοῦσιν
676 3453 794 3503 οὔτε
851 3450 1155 3517 ἀκούουσιν,
1213 3451 1313 3502 ύπό
1374 3452 1475 3523 γὰρ
1532 3449 1809 3524 ἀνθρωπων
1858 3450 2130 3523 γλῦφέντες
2200 3452 2289 3500 καὶ
2354 3449 2717 3518 χωνευθέντες,
2788 3451 2877 3498 καὶ
2953 3448 3021 3507 εἰς
3105 3444 3240 3510 εἶδος
3317 3450 3598 3525 ἀνθρώπων

246 3542 554 3605 τυπωθέντες,
645 3543 1017 3612 μεταφέρουσιν
1099 3539 1170 3600 εἰς
1254 3544 1348 3598 τὴν
1416 3541 1564 3592 ἄθεον
1641 3542 1836 3592 τούτων
1905 3542 2097 3591 ἔννοιαν
2174 3541 2293 3599 τοὺς
2373 3537 2703 3608 πειθομένους
2787 3536 2983 3598 αὐτοῖς·
3039 3535 3251 3610 ’Ὁμοιοι
3304 3536 3363 3592 δε
3429 3541 3599 3594 αὐτῶν

250 3626 358 3680 εἰσιν
399 3631 445 3681 οἱ
496 3636 770 3689 ποιοῦντες
826 3628 963 3680 αύτά
1025 3633 1115 3680 καὶ
1156 3630 1340 3690 πάντες
1389 3631 1437 3679 οἱ
1481 3631 1783 3690 πεποιθότες
1837 3628 1912 3681 ἐπ’
1974 3628 2170 3689 αὐτοῖς.
2234 3647 2262 3678 ››
2320 3628 2512 3678 Εἴπατε
2561 3621 2620 3677 δὲ
2678 3626 2823 3696 ἡμῖν,
2879 3619 2983 3697 ἀρα
3027 3628 3076 3678 οἱ
3131 3628 3235 3680 θεοὶ
3291 3630 3453 3701 ὑμῶν,
3512 3630 3601 3694 οὓς

250 3715 409 3786 λέγετε,
435 3715 691 3771 δύνανται
717 3718 917 3780 ἑαυτοῖς
952 3716 1222 3790 βοηθῆσαι
1251 3720 1280 3776 ἤ
1329 3716 1657 3790 ἀμείψασθαί
1702 3738 1803 3771 τινι
1852 3716 2151 3791 ἀμυνομένῳ
2195 3714 2373 3775 αὐτοῖς
2408 3731 2420 3781 ;
2454 3719 2515 3766 Εἰ
2562 3714 2648 3766 οὖν
2679 3714 2857 3776 αὐτοῖς
2903 3713 3172 3787 βοηθῆσαι
3220 3717 3277 3769 ού
3326 3715 3598 3789 δύνανται,

254 3813 343 3866 πῶς
368 3808 482 3879 ὑμῖν
510 3806 834 3881 βοηθήσωσι
868 3823 882 3872 ;

311 3895 371 3950 1".
426 3903 610 3949 Ταῦτα
666 3896 899 3958 ἀκούσας
945 3898 970 3948 ό
1024 3897 1231 3969 ἡγεμὼν
1288 3901 1377 3948 καὶ
1430 3894 1661 3969 ἕμμανὴς
1698 3901 1838 3969 γενό-

255 4001 380 4051 μενος
422 3984 654 4060 σφόδρα,
713 3985 944 4039 ἐκελευσε
988 3988 1072 4038 τόν
1140 3986 1394 4059 μακάριον
1437 3990 1697 4058 Τερέντιον
1749 3992 1838 4039 καὶ

255 4076 559 4147 Ἀφρικανόν,
623 4075 861 4147 Μάξιμόν
915 4094 968 4127 τε
1019 4079 1108 4126 καὶ
1161 4079 1396 4145 Πόμπιον
1446 4078 1496 4127 ἓν
1525 4083 1587 4147 τῇ
1640 4082 1840 4148 φρουρᾷ

262 4158 498 4231 βληθῆναι
577 4173 640 4237 τῇ
696 4160 939 4238 ἐνδοτέρᾳ
986 4168 1072 4216 καὶ
1121 4166 1253 4235 μετά
1316 4166 1489 4224 πάσης
1561 4163 1838 4236 ἀσφαλείας

263 4256 514 4326 τηρεῖσθαι
570 4256 779 4320 αὐτούς,
840 4254 1012 4306 εἰπὼν·
1066 4258 1147 4306 Ἐν
1201 4261 1261 4325 τῇ
1308 4252 1565 4327 μελλούσῃ
1626 4251 1838 4326 προόδῳ

2018 3895 2106 3950 Ill.
2144 3896 2270 3949 Hzec
2301 3892 2555 3948 audiens
2586 3891 2921 3963 praefectus,
2951 3893 3127 3963 jussit
3156 3896 3512 3965 Terentium,
3545 3901 3601 3954 et

1946 3985 2313 4047 Africanum,
2354 3988 2410 4037 et
2447 3982 2788 4051 Maximum,
2822 3988 2877 4037 et
2918 3984 3265 4054 Pompeium
3305 3983 3366 4039 in
3404 4001 3602 4042 carce-

1946 4090 2073 4129 rem
2106 4072 2444 4128 interiorem
2476 4071 2731 4137 detrudi,
2755 4077 2810 4127 et
2839 4072 3005 4127 omni
3050 4072 3356 4141 diligentia
3403 4080 3599 4131 custo-

1946 4164 2077 4233 diri,
2094 4165 2255 4229 Cras,
2277 4161 2576 4234 inquiens,
2594 4161 2839 4217 audiam
2853 4161 3005 4218 illos.
3024 4165 3266 4219 Beatum
3285 4170 3486 4221 autem
3502 4168 3599 4222 Ze-

1947 4269 2187 4315 nonem,
2204 4256 2259 4307 et
2275 4252 2699 4319 Alexandrum,
2724 4254 3164 4309 etheodorum
3196 4270 3333 4310 cum
3351 4255 3597 4328 reliquis

259 4336 444 4393 ἀκούσω
492 4343 683 4395 αὐτῶν.
725 4348 856 4405 Τοὺς
908 4339 966 4395 δὲ
1016 4347 1127 4416 περὶ
1179 4346 1264 4394 τόν
1302 4344 1559 4417 μακάριον
1604 4349 1828 4409 Ζήνωνα,

1948 4342 2147 4407 sociis,
2177 4342 2278 4413 qui
2309 4348 2477 4396 erant
2534 4356 2744 4396 omnes
2774 4357 3026 4397 numero
3069 4343 3312 4412 triginta
3361 4361 3486 4413 sex,
3519 4346 3599 4402 ad

260 4433 335 4480 καὶ
379 4428 737 4505 Ἀλέξανδρον,
787 4436 876 4483 καὶ
924 4428 1214 4503 Θεόδωρον,
1273 4434 1423 4493 ὄντας
1475 4435 1559 4483 τόν
1617 4432 1836 4505 ἀριθμόν

257 4515 348 4586 λς’,
382 4521 692 4594 προσέταξεν
739 4530 808 4591 τῷ
867 4519 1071 4593 βήματι
1124 4520 1358 4592 ἀχθῆναι
1422 4525 1513 4572 καὶ
1562 4520 1696 4593 λέγει
1745 4522 1840 4574 αύ-

262 4613 372 4666 τοῖς⁸
424 4607 605 4667 Μηδὲν
656 4610 994 4682 ὠφεληθέντες
1051 4608 1105 4661 ἐκ
1190 4617 1285 4670 τῆς
1358 4613 1615 4684 προτέρας
1697 4612 1837 4682 ὑμῶν

268 4694 539 4768 ὁμολογίας,
604 4701 698 4751 κοὶν
762 4708 848 4751 νῦν
922 4701 1173 4758 πείσθητέ
1225 4718 1315 4771 μοι
1370 4704 1460 4751 καὶ
1521 4702 1710 4752 θύσατε
1766 4708 1837 4770 τῷ

265 4785 446 4857 μεγάλῳ
511 4796 625 4857 Θεῷ
681 4788 939 4861 Ἠρακλεῖ.
1000 4791 1066 4841 Οἱ
1137 4784 1196 4840 δὲ
1260 4788 1406 4860 ἅγιοι
1486 4790 1839 4861 ἀποκριθέντες

268 4866 404 4924 εἷπον·
472 4876 644 4950 Ἡμεῖς
710 4877 952 4938 πολλάκις
1029 4897 1113 4930 σοι
1189 4881 1393 4949 εἴπομεν
1448 4882 1567 4951 περὶ
1630 4880 1834 4929 τούτου⁸

444 4971 532 5019 καὶ
601 4966 657 5018 ἐκ
722 4974 819 5018 τῶν
892 4972 1152 5043 προτέρων
1238 4969 1600 5042 ἐπερωτήσεων
1659 4970 1835 5038 ἔγνως,

271 5049 337 5100 ὅτι
381 5060 678 5125 Χριστιανοί
727 5054 878 5127 ἔσμεν
929 5056 1132 5119 τέλειοι,
1182 5061 1270 5109 καὶ
1343 5056 1401 5108 ού
1459 5058 1650 5118 πείθεις
1703 5058 1838 5127 ἡμᾶς

272 5152 604 5211 προσκυνῆσαι
661 5141 897 5206 εἰδώλοις
954 5144 1271 5218 ἀκαθάρτοις
1328 5150 1469 5198 ποτέ*
1530 5148 1588 5196 τό
1659 5144 1836 5197 λοιπόν

266 5233 381 5281 ποίει
408 5230 451 5282 ἐν
490 5236 661 5305 τάχει,
705 5236 730 5286 ὃ
783 5233 978 5299 ϐούλει,
1029 5234 1101 5295 είς
1149 5237 1307 5307 ἡμᾶς.
1340 5232 1398 5287 Ὀ
1426 5235 1631 5306 ἡγεμὼν
1664 5230 1825 5285 εἶπεν·

271 5315 331 5366 Οὐ
376 5323 600 5376 πείθεσθέ
649 5343 739 5395 μοι
794 5323 1183 5399 παρακαλοῦντι
1233 5325 1414 5395 ὑμᾶς;
1466 5322 1834 5395 ἀναγκάζομαι

270 5400 339 5455 οὖν
370 5412 421 5461 τό
467 5410 727 5466 κελευσθέν
769 5433 861 5485 μοι
902 5416 1046 5489 παρὰ
1086 5422 1187 5467 τῶν
1248 5412 1519 5471 ἀηττήτων
1574 5409 1832 5485 βασιλέων

335 5584 353 5617 ¹
389 5584 529 5645 Psal.
561 5605 708 5660 cxm,
743 5591 798 5646 8.

1948 4430 2205 4486 tribunal
2260 4429 2556 4486 adductos
2606 4429 2688 4484 sic
2730 4429 3089 4502 alloquitur:
3118 4433 3260 4487 Cum
3307 4449 3380 4489 ex
3423 4434 3600 4506 priori

1946 4524 2143 4576 vestra
2173 4518 2552 4575 contentione
2581 4517 2726 4573 nihil
2768 4519 3030 4575 utilitatis
3066 4523 3462 4593 pereeperitis,
3496 4540 3599 4595 pa-

1945 4613 2068 4663 rete
2096 4607 2263 4672 mihi,
2293 4613 2349 4663 et
2372 4622 2594 4678 magno
2624 4606 2738 4662 deo
2782 4608 3011 4662 Herculi
3037 4609 3363 4666 immolate.
3384 4618 3455 4667 At
3475 4611 3594 4669 illi:

1950 4698 2174 4768 Smpius
2196 4697 2346 4768 jam,
2372 4697 2670 4768 inquiunt,
2703 4696 2988 4763 diximus,
3022 4713 3133 4754 nos
3165 4716 3292 4755 esse
3313 4698 3599 4758 Christia-

1947 4802 2075 4850 nos,
2105 4787 2163 4841 id
2190 4785 2355 4857 quod
2382 4802 2453 4840 ex
2485 4785 2894 4857 superioribus
2932 4787 3359 4859 quaestionibus
3390 4790 3597 4846 intelli-

1946 4894 2082 4949 gere
2114 4875 2357 4950 potuisti
2392 4892 2408 4930 :
2438 4892 2544 4931 nec
2576 4880 2640 4931 tu
2672 4876 2849 4932 nobis
2883 4893 3150 4950 unquam
3190 4881 3594 4951 persuadebis,

1945 4973 2007 5022 ut
2034 4966 2194 5021 idola
2216 4965 2447 5038 impura
2474 4965 2744 5021 colamus
2778 4972 2833 5022 et
2859 4966 3200 5023 adoremus.
3225 4970 3408 5025 Facile
3435 4969 3598 5025 enim

1946 5071 2285 5127 possumus,
2319 5053 2616 5125 quidquid
2646 5054 2707 5109 in
2761 5054 2916 5111 hanc
2969 5058 3325 5113 sententiam
3357 5057 3595 5124 dixeris,

1946 5146 2271 5199 confutare.
2302 5142 2443 5197 Non
2468 5142 2661 5208 vultis,
2682 5142 2875 5215 inquit
2890 5144 3229 5215 praefectus,
3250 5146 3601 5203 cohortatio-

1946 5249 2050 5289 nes
2078 5248 2247 5288 meas
2268 5232 2474 5288 audire
2504 5234 2530 5285 ‘I
2565 5232 2740 5303 Atqui
2779 5232 3134 5289 invictorum
3168 5236 3601 5307 imperatorum

1941 5323 2115 5393 jussa
2140 5321 2335 5377 facere
2364 5320 2680 5393 cogemini.
2709 5322 2774 5377 Et
2799 5322 2975 5392 jussit
3003 5339 3106 5378 eos
3137 5326 3365 5395 asperis
3416 5326 3599 5398 virgis

1948 5417 2004 5469 et
2033 5410 2228 5468 nervis
2253 5410 2555 5484 vapulare.
2587 5410 2660 5466 At
2687 5409 2789 5477 illi,
2816 5410 3070 5469 sublatis
3092 5412 3154 5470 in
3172 5414 3391 5473 caelum
3413 5417 3602 5475 mani-
