4062 6222
463 310 536 368 99
1844 303 2102 361 MENSIS
2145 301 2435 361 APRILIS

3728 305 3834 364 100

462 436 596 503 bus,
629 449 750 491 una
779 448 988 489 omnes
1037 437 1091 489 et
1129 432 1289 489 clara
1340 447 1485 488 voce
1537 431 2101 503 dixeruntzAspice.

2223 438 2464 495 ποιῆσαι,
2511 436 2600 481 καὶ
2640 429 2804 490 ἄλλως
2850 430 2970 502 ὑμῖν
3013 431 3452 504 προσενεχθῆναι.
3511 432 3610 482 Καὶ
3647 429 3832 490 εὐθέως

464 525 733 591 Domine,
755 528 810 577 et
835 522 1060 592 adjuva
1090 538 1294 578 servos
1316 527 1472 589 tuos,
1492 526 1550 577 et
1567 521 1753 577 libera
1778 537 1882 577 nos
1907 523 1984 578 ab
2011 520 2113 577 ad-

462 613 745 669 versario.
779 611 1000 676 Quibus
1028 611 1271 676 auditis,
1303 613 1496 682 magis
1531 611 1729 666 adhuc
1783 627 1890 666 eos
1933 611 2111 680 virgis

462 703 608 759 caedi
642 702 973 772 imperavit,
1006 701 1198 756 donec
1228 700 1393 756 multi
1447 700 1726 757 satellites
1777 716 1932 755 unus
1981 703 2116 771 post

463 791 644 847 alium
675 806 776 845 eos
807 789 1172 845 verberando
1193 790 1405 845 defessi
1437 796 1592 854 sunt,
1611 795 1664 845 et
1687 789 1812 845 lora
1841 805 1911 844 ac
1932 789 2114 858 virgae

461 879 824 936 defecerunt.
884 881 1140 934 Rursum
1199 884 1398 934 autem
1455 879 1635 950 jussit
1687 893 1789 934 eos
1859 877 2114 933 fustibus

463 969 627 1024 caedi.
670 970 882 1023 Verum
913 967 1043 1022 licet
1073 967 1277 1022 omnia
1301 967 1574 1038 ipsorum
1613 967 1836 1022 viscera
1856 971 2118 1022 contere-

458 1062 683 1122 rentur,
717 1058 868 1112 adeo
917 1061 1114 1111 tamen
1141 1056 1353 1111 hilares
1401 1072 1471 1112 ac
1521 1056 1634 1112 laeti
1682 1061 1848 1111 erant
1880 1056 2114 1111 fortium

460 1152 795 1217 martyrum
811 1145 1021 1214 vultus,
1055 1151 1114 1199 ut
1143 1161 1353 1200 omnes
1385 1151 1733 1201 sanctorum
1765 1143 2116 1216 patientiam

463 1241 643 1307 atque
665 1237 1065 1290 constantiam
1093 1234 1553 1290 admirarentur.

2223 519 2479 572 ἐκέλευσεν
2535 520 2719 580 αύτούς
2783 523 3070 572 τύπτεσθαι
3149 523 3280 592 μετὰ
3342 515 3551 594 ῥάϐδων
3629 517 3828 590 ἀγρίων

2223 616 2312 662 καὶ
2362 609 2651 684 βουνεύρων
2700 616 2868 681 ὠμῶν.
2927 612 2991 661 Oi
3041 607 3099 662 δε
3147 609 3289 681 ἅφιοι
3334 612 3593 682 μαρτυρες
3639 614 3830 661 τυπτό-

2224 718 2386 772 μενοι,
2421 699 2746 759 ἀπλὼσαντες
2789 702 2883 761 τὰς
2921 706 3108 770 χεῖρας
3135 699 3301 750 αὐτῶν
3347 698 3419 760 εἰς
3466 701 3553 749 τόν
3591 697 3828 770 οὐρανόν,

2226 795 2361 860 φωνῇ
2405 788 2599 860 μεγάλη
2656 785 2813 840 εἷπονο
2873 791 3030 861 Κύριε
3089 789 3113 839 6
3164 791 3312 853 Θεὸς,
3375 783 3521 840 ἔπιδε
3568 785 3641 858 ἐφ’
3689 789 3831 858 ἡμᾶς

2225 882 2341 938 τοὺς
2372 874 2586 938 δούλους
2639 881 2754 944 σὸυ,
2787 884 2875 930 καὶ
2927 878 3196 951 βοήθησον
3228 880 3383 951 ἡμᾶς,
3442 883 3531 930 καὶ
3561 877 3829 951 λύτρωσαι

2226 968 2363 1038 ἡμᾶς
2422 965 2475 1018 ἐκ
2529 976 2620 1020 τοῦ
2679 967 3043 1040 ἀντικειμένου.
3123 969 3376 1027 Ἀκούσας
3454 964 3513 1019 δε
3567 973 3736 1018 ταῦτα
3800 969 3826 1018 6

2225 1057 2453 1126 ἡγεμὼν,
2528 1059 2603 1108 ἔτι
2656 1058 2845 1129 μᾶλλον
2895 1057 3174 1129 προσέταξε
3226 1054 3576 1132 ῥαϐδίζεσθαι
3619 1055 3822 1118 αύτούς,

2227 1147 2316 1205 ἕως
2366 1145 2425 1197 οὗ
2481 1146 2691 1208 ἣλλαξεν
2748 1149 2963 1207 ἕκαστος
3010 1145 3107 1198 ἀνά
3147 1145 3277 1199 δέκα
3319 1150 3675 1221 κεντυρίωνας⁸
3731 1163 3828 1196 τυ-

2228 1239 2490 1306 πτομένων
2543 1232 2601 1287 δὲ
2651 1235 2818 1287 αὐτῶν
2869 1235 2951 1288 ἐπὶ
2996 1236 3123 1288 πολὺ
3157 1241 3245 1288 καὶ
3277 1243 3376 1287 τῶν
3425 1243 3630 1310 σαρκῶν
3662 1233 3830 1285 αὐτῶν

461 1325 901 1396 καταξαινομένων
927 1329 1015 1375 καὶ
1038 1332 1127 1375 τοῦ
1156 1324 1370 1395 αἵματος
1410 1331 1470 1395 τῇ
1504 1331 1571 1396 γῇ
1605 1327 1968 1396 προσρέοντος,
2003 1324 2051 1374 οἱ
2079 1321 2234 1398 λῶροι
2261 1329 2350 1375 καὶ
2394 1326 2447 1375 αἱ
2491 1321 2683 1397 ῥάϐδοι
2723 1322 3152 1384 ἐδαπανήθησαν·
3187 1331 3276 1377 καὶ
3316 1324 3467 1377 πάλιν
3507 1324 3763 1376 ἐκέλευσεν
3805 1323 3831 1373 6

461 1417 756 1487 παράνομος
788 1413 957 1476 ξύλοις
988 1412 1190 1488 ἀγρίοις
1239 1415 1526 1466 τύπτεσθαι
1571 1413 1778 1478 αύτούς,
1821 1416 1890 1475 ὡς
1914 1412 2092 1464 λοιπὸν
2142 1416 2227 1464 xui
2269 1418 2362 1471 τὴν
2393 1411 2596 1467 ἔνδοθεν
2635 1414 2930 1488 οἰκονομίαν
2961 1425 3058 1467 τῶν
3088 1414 3404 1486 σπλάγχνων
3438 1413 3604 1465 αὐτῶν
3644 1409 3831 1484 διαφα-

461 1514 631 1563 νῆναι.
665 1511 895 1556 Τοιαῦτα
925 1500 982 1555 δὲ
1012 1501 1238 1575 ἐγένοντο
1279 1500 1478 1579 φαιδρά
1521 1506 1586 1556 τὰ
1615 1506 1874 1579 πρόσωπα
1912 1511 2012 1555 τῶν
2058 1501 2216 1574 ἁγίων
2262 1511 2353 1555 τοῦ
2385 1511 2621 1580 Χριστοῦ
2666 1507 2964 1581 μαρτύρων,
2996 1507 3130 1558 ὥστε
3177 1507 3372 1566 πάντας
3406 1503 3689 1576 θαυμάζειν
3734 1506 3831 1559 τὴν

463 1596 726 1667 ὑπομονὴν
759 1598 849 1645 καὶ
875 1597 1146 1666 καρτερίαν
1180 1593 1366 1647 αὐτῶν.

533 1684 622 1739 lV.
665 1687 982 1755 Postquam
1016 1682 1190 1753 igitur
1225 1683 1362 1738 caesi
1389 1682 1648 1750 fuerunt,
1681 1681 1827 1738 dixit
1884 1681 1960 1736 ad
2013 1696 2114 1736 eos

460 1773 815 1843 praefectus:
851 1772 1176 1837 lmmolate,
1209 1777 1266 1827 et
1306 1771 1571 1827 liberabo
1601 1787 1730 1826 vos.
1766 1771 1962 1827 Sancti
2014 1786 2115 1825 au-

459 1867 579 1917 tem
604 1861 900 1918 tacebant.
932 1861 1042 1917 Sed
1076 1861 1386 1933 praefectus
1427 1863 1631 1925 iratus,
1665 1876 1847 1932 pyras
1876 1858 2113 1915 incendi

455 1951 649 2021 jussit,
683 1955 739 2006 et
770 1956 933 2020 terga
963 1966 1170 2005 eorum
1193 1950 1384 2015 aduri,
1416 1965 1552 2004 cum
1583 1965 1654 2004 ea
1676 1949 1840 2021 prius
1863 1953 2032 2005 aceto
2058 1953 2114 2003 et

460 2040 583 2096 sale
621 2056 941 2110 conspersa
979 2044 1191 2098 essent.
1222 2042 1383 2095 Tunc
1432 2039 1619 2095 sancti
1677 2040 1775 2094 Dei
1817 2045 2109 2108 martyres

2299 1681 2369 1735 Δ’.
2425 1684 2569 1736 Μετά
2622 1681 2681 1736 δὲ
2726 1687 2782 1736 τὸ
2841 1680 3078 1759 σφοδρῶς
3126 1685 3471 1748 τυπτηθῆναι,
3528 1679 3636 1735 εἶπε
3701 1686 3830 1754 πρὸς

2226 1771 2411 1832 αύτούς
2466 1775 2491 1824 ό
2545 1774 2771 1845 ἡγεμών·
2831 1777 3058 1839 Θύσατε,
3113 1770 3409 1840 κατάδικοι,
3467 1775 3558 1824 καὶ
3615 1769 3824 1823 ἀπολύω

2224 1863 2355 1932 ὑμᾶς
2383 1871 2738 1937 παραχρῆμα.
2787 1864 2852 1916 Oi
2911 1860 2969 1915 δὲ
3016 1862 3160 1935 ἅγιοι
3204 1861 3454 1915 ἐσιώπων.
3484 1865 3612 1914 Τότε
3652 1862 3824 1933 θυμω-

2226 1952 2330 2011 θεὶς
2382 1953 2406 2003 6
2459 1954 2665 2025 ἡγεμὼν
2718 1951 2947 2005 ἐκελευσε
3010 1954 3315 2024 πυρωθῆναι
3367 1949 3668 2010 ὀϐελίσκους
3726 1954 3817 2001 καὶ

2220 2050 2554 2093 κατακαῦσαι
2615 2041 2782 2093 αὐτῶν
2849 2044 2969 2103 τοὺς
3041 2048 3256 2109 νώτους,
3334 2040 3424 2092 εἶθ’
3496 2040 3660 2101 οὕτως
3708 2037 3821 2102 ὅξος

461 2129 846 2200 suspicientes
861 2129 921 2183 in
934 2129 1149 2185 caelum
1166 2129 1435 2184 dixerunt
1453 2148 1466 2187 :
1483 2129 1729 2184 Domine
1747 2131 1898 2183 Deus
1915 2133 2101 2183 noster

2222 2126 2383 2202 δριμύ
2434 2150 2522 2182 και
2571 2129 2697 2192 ἅλας
2747 2131 3019 2204 ῥαίνεσθαι
3063 2130 3237 2190 αὐτοῖς
3278 2134 3367 2182 xui
3410 2131 3680 2201 ὑφάσματι
3709 2147 3820 2201 τρι-

460 2218 559 2290 qui
590 2222 704 2274 tres
733 2234 971 2290 pueros,
994 2218 1308 2285 Ananiam,
1326 2217 1601 2273 Azariam
1633 2221 1690 2272 et
1717 2217 2014 2272 Misaelem
2036 2217 2110 2272 de

461 2307 701 2363 camino
721 2308 878 2378 ignis
927 2308 1209 2376 liberasti,
1234 2324 1341 2363 nec
1359 2324 1460 2364 eos
1483 2307 1948 2378 laedipermisisti
1972 2324 1984 2361 :
2005 2306 2111 2378 qui

461 2396 764 2453 Danielem
786 2414 858 2452 ex
879 2413 980 2453 ore
999 2398 1240 2454 leonum
1267 2396 1548 2469 eripuisti,
1581 2402 1638 2452 et
1655 2396 1730 2452 de
1755 2412 1941 2453 manu
1967 2396 2111 2453 Pha-

456 2485 657 2542 raonis
700 2489 918 2542 Mosem
967 2487 1216 2542 servasti
1251 2502 1262 2542 :
1298 2491 1354 2542 et
1403 2491 1673 2542 sanctam
1703 2485 1976 2541 Theclam
2032 2485 2109 2540 ab

456 2574 613 2646 igne,
644 2580 700 2631 et
730 2575 978 2638 theatro,
1010 2581 1066 2631 et
1096 2574 1233 2630 feris
1258 2591 1329 2630 ac
1359 2574 1559 2630 bestiis
1587 2575 1822 2630 marinis
1849 2575 2107 2630 defendi-

458 2665 575 2720 sti:
607 2665 710 2737 qui
741 2665 949 2720 amicis
1008 2664 1120 2720 tuis
1168 2664 1497 2736 perfectum
1548 2680 1798 2735 regnum
1860 2664 2107 2735 largitus

457 2768 520 2807 es
553 2769 565 2807 :
598 2755 702 2825 qui
743 2753 947 2808 Filium
999 2759 1164 2808 tuum
1235 2753 1557 2808 Dominum
1596 2759 1864 2808 nostrum
1905 2755 2105 2809 Jesum

457 2842 752 2898 Christum
780 2859 816 2898 a
842 2843 1089 2899 mortuis
1119 2842 1385 2898 excitasti
1416 2857 1428 2896 :
1458 2843 1560 2914 qui
1595 2841 1779 2898 multa
1816 2841 2105 2915 variaque

457 2931 619 2987 dona
634 2931 809 2987 nobis
828 2932 1043 2987 dedisti
1065 2949 1077 2986 :
1097 2933 1198 3003 qui
1223 2931 1414 2986 lucem
1436 2931 1779 3003 procreasti.
1805 2935 1863 2988 et
1887 2933 2103 2987 caelum

455 3020 606 3076 sicut
635 3020 850 3091 pellem
883 3020 1215 3075 extendisti8
1252 3038 1268 3074 :
1297 3020 1402 3093 qui
1458 3020 1655 3075 stellas
1709 3021 2102 3089 dinumeras‘,

455 3114 511 3165 et
541 3109 663 3163 suis
696 3125 798 3164 eas
831 3109 1179 3164 nominibus
1211 3125 1394 3165 vocas
1429 3129 1441 3168 :
1485 3110 1589 3180 qui
1640 3110 1699 3166 in
1747 3111 1897 3166 ﬁnes
1939 3116 2102 3166 terrae

451 3198 666 3254 misisti
698 3198 1000 3254 veritatem
1035 3215 1046 3252 :
1082 3199 1298 3254 exaudi
1329 3215 1439 3255 nos
1471 3200 1788 3271 supplices,
1823 3205 1878 3256 et
1908 3215 1977 3255 ex
2010 3216 2103 3255 ca-

448 3287 820 3345 lamitatibus
854 3287 1040 3343 libera
1068 3304 1080 3343 :
1111 3289 1395 3359 quoniam
1429 3294 1530 3345 tua
1561 3294 1648 3345 est
1678 3289 1869 3358 gloria
1899 3289 1957 3343 in
1996 3305 2103 3344 saa-

451 3375 588 3432 cula
609 3377 987 3432 smculorum.
1007 3378 1213 3432 Amen.
1242 3380 1386 3434 Cum
1410 3378 1694 3449 precandi
1723 3377 1900 3433 finem
1939 3377 2102 3433 fecis-

2218 2223 2354 2290 χίνῳ
2416 2218 2753 2293 ἀνατριϐῆναι
2835 2221 3003 2273 αὐτῶν
3061 2224 3181 2282 τοὺς
3229 2224 3438 2279 νὼτους·
3491 2215 3705 2292 δριμεῖα
3758 2213 3817 2269 δὲ

2219 2311 2376 2368 ὅντως
2431 2310 2564 2360 πάνυ
2615 2310 2644 2367 ἡ
2702 2308 2935 2382 βάσανος
2983 2309 3138 2368 αὕτη·
3187 2310 3299 2360 ὅθεν
3353 2306 3723 2378 ἀναϐλέψαντες
3771 2309 3820 2358 οἱ

2218 2395 2360 2466 ἅγιοι
2415 2405 2507 2449 τοῦ
2555 2406 2688 2451 Θεοῦ
2744 2400 3001 2474 μάρτυρες
3070 2397 3142 2458 εἰς
3196 2400 3283 2449 τὸν
3364 2397 3580 2469 ούρανόν
3654 2393 3814 2449 εἷπον·

2221 2488 2377 2559 Κύριε
2424 2488 2449 2538 6
2503 2487 2627 2548 Θεός
2664 2489 2828 2560 ἡμῶν,
2883 2489 2906 2539 6
2953 2488 3244 2562 ῥυσάμενος
3286 2489 3406 2546 τοὺς
3453 2491 3590 2560 τρεῖς
3622 2481 3818 2546 παῖδας

2219 2572 2272 2626 ἐκ
2327 2581 2548 2648 καμίνου
2605 2581 2787 2646 πυρὸς,
2837 2582 3091 2641 ’Δνανίαν,
3148 2575 3398 2650 Ἀζαρίαν
3446 2579 3535 2626 καὶ
3573 2573 3812 2641 Μισαὴλ,

2217 2670 2305 2716 xui
2359 2670 2428 2738 μὴ
2482 2665 2640 2730 ἐάσας
2687 2667 2876 2728 αὐτοὺς
2933 2663 3275 2731 ἀδικηθῆναι,
3327 2666 3351 2717 6
3399 2664 3688 2739 ῥυσάμενος
3726 2665 3810 2714 τόν

2218 2756 2406 2814 Δανιὴλ
2440 2755 2493 2808 ἐκ
2552 2761 2805 2828 στόματος
2862 2755 3095 2820 λεόντων,
3136 2756 3160 2805 6
3207 2750 3480 2812 διασώσας
3525 2758 3722 2810 Μωσῆν
3755 2751 3810 2802 ἐκ

2215 2849 2393 2919 χειρὸς
2446 2852 2651 2919 Φαραῶ,
2709 2847 2734 2897 6
2793 2842 3065 2905 διασώσας
3118 2843 3313 2898 Θέκλαν
3375 2841 3430 2894 ἐκ
3481 2844 3662 2913 πυρός,
3721 2845 3812 2892 καὶ

2218 2937 2454 3007 θεάτρου,
2507 2941 2595 2987 xui
2654 2937 2842 3010 θηρῶν,
2899 2938 2924 2987 6
2977 2935 3162 2995 πολλὰς
3215 2939 3304 2986 καὶ
3353 2929 3635 3006 διαφόρους
3675 2930 3812 3003 εύερ-

2213 3029 2394 3096 γεσίας
2436 3027 2789 3097 χαρισάμενος
2837 3027 2961 3096 ἡμῖν
2993 3033 3099 3085 τοῖς
3132 3020 3338 3084 δούλοις
3379 3041 3494 3090 σου,
3546 3022 3571 3072 6
3614 3024 3673 3072 τὸ
3706 3027 3811 3091 φῶς

2213 3118 2440 3175 ποιήσας
2498 3120 2586 3166 καὶ
2638 3117 2721 3166 τὸν
2772 3113 2987 3184 οὐρανόν
3040 3112 3285 3180 ἔκτεῖνας,
3346 3112 3471 3163 ὡσεὶ
3532 3106 3726 3184 δέῤῥιν,
3783 3109 3810 3160 6

2214 3201 2446 3276 ἀριθμῶν
2493 3202 2665 3260 πλήθη
2737 3204 2943 3274 ἄστρων
2995 3207 3083 3254 xui
3134 3207 3294 3254 πᾶσιν
3349 3199 3522 3259 αὐτοῖς
3583 3198 3812 3271 ὀνόματα

2211 3291 2396 3357 καλῶν,
2459 3293 2485 3343 6
2535 3297 2627 3350 τὴν
2677 3291 2918 3350 ἀληθειαν
2977 3289 3319 3362 καταπέμψας
3371 3288 3438 3350 εἰς
3490 3291 3555 3341 τὰ
3612 3292 3812 3361 πέρατα

2211 3389 2305 3442 τῆς
2358 3381 2681 3452 οἰκουμένης,
2738 3379 3024 3432 ἐπάκουσον
3081 3386 3168 3433 καὶ
3224 3381 3390 3451 ἡμῶν,
3451 3386 3551 3429 τῶν
3613 3374 3808 3429 δούλων

451 3472 598 3532 sent,
629 3467 935 3539 praefectus
961 3468 1049 3524 ira
1078 3468 1430 3533 desreviens,
1447 3470 1623 3540 jussit
1649 3485 1750 3525 eos
1775 3484 2099 3540 suspensos

2214 3489 2330 3538 σου,
2388 3467 2638 3542 δεομένων
2693 3489 2776 3522 σοι
2827 3478 2936 3536 νῦν,
2981 3474 3070 3521 xui
3122 3477 3291 3522 σῶσον
3365 3471 3504 3541 ἡμᾶς
3574 3468 3630 3520 ἐκ
3710 3474 3809 3518 τῶν

450 3556 778 3612 dilacerari.
806 3557 975 3623 Quod
1003 3558 1247 3629 quidem
1278 3559 1422 3613 dum
1455 3560 1636 3627 ﬁeret,
1658 3558 1963 3629 sanguinis
1989 3558 2096 3613 rivi

449 3662 516 3701 ex
536 3662 742 3702 eorum
771 3648 1121 3720 corporibus
1145 3647 1509 3702 deﬂuebant.
1527 3651 1727 3718 Neque
1751 3652 1951 3702 tamen
1965 3663 2100 3702 cru-

449 3736 712 3791 ciatuum
763 3737 1082 3793 acerbitate
1137 3737 1696 3792 commovebantur.
1734 3739 1886 3791 Deus
1939 3737 2097 3792 enim

447 3825 842 3882 conﬁrmabat
872 3842 992 3892 eos,
1021 3833 1075 3882 et
1107 3827 1286 3881 robur
1328 3842 1398 3881 ac
1425 3824 1832 3881 fortitudinem
1866 3826 2091 3881 submi-

445 3913 753 3969 nistrabat.
784 3914 1094 3970 Praefectus
1127 3921 1327 3971 autem
1360 3915 1434 3971 ad
1466 3930 1568 3970 eos
1603 3932 1614 3969 :
1650 3916 2098 3970 Persuaserunt-

445 4018 521 4059 ne
549 4003 717 4060 vobis
749 4008 1065 4070 tormenta,
1102 4011 1164 4059 ut
1211 4003 1287 4059 ab
1339 4005 1576 4059 insania
1642 4004 1929 4059 recedatis
1958 4005 1984 4058 ?
2019 4019 2096 4060 an

443 4092 641 4147 adhuc
691 4092 750 4147 in
782 4093 1083 4162 impietate
1133 4098 1325 4148 vestra
1366 4094 1729 4163 permanetis
1760 4091 1788 4146 ‘?
1827 4093 1911 4147 llli
1951 4092 2096 4148 nihil

443 4181 895 4252 responderunt.
924 4181 1013 4236 Ad
1055 4198 1181 4247 vos,
1232 4182 1424 4253 inquit
1473 4199 1713 4237 rursum
1763 4181 2093 4254 praefectus,

444 4271 571 4325 haec
600 4270 834 4342 loquor.
870 4272 937 4326 At
970 4272 1162 4326 sancti
1195 4272 1293 4326 Dei
1317 4279 1610 4344 martyres
1635 4273 2094 4343 suspicientesin

445 4357 682 4425 coelum,
719 4359 798 4415 ita
827 4359 1003 4415 locuti
1032 4366 1167 4414 sunt
1203 4376 1214 4414 :
1244 4361 1396 4415 Deus
1422 4361 1822 4433 omnipotens,
1854 4361 1956 4432 qui
1988 4362 2094 4416 So-

443 4448 766 4504 domorum
801 4449 1009 4504 urbem
1035 4459 1272 4520 propter
1301 4449 1563 4521 ipsorum
1598 4451 1926 4523 nequitiam
1958 4451 2094 4522 igne

445 4537 826 4603 succendisti,
861 4545 915 4593 et
942 4539 1000 4592 in
1033 4539 1411 4594 solitudinem
1445 4540 1735 4608 redegisti,
1767 4539 1882 4596 hoc
1912 4540 2091 4596 etiam

443 4627 765 4698 impiorum
791 4627 1160 4683 domicilium
1176 4645 1335 4683 nunc
1356 4630 1890 4700 pr0pterjustitiam
1926 4635 2091 4685 tuam

443 4721 655 4772 everte.
686 4718 955 4788 Cumque
987 4718 1192 4772 Christi
1225 4719 1463 4787 signum
1499 4719 1792 4774 frontibus
1833 4719 1954 4774 suis
1986 4719 2091 4774 im-

2211 3561 2446 3630 ἀναγκῶν
2485 3562 2627 3631 ἡμῶν
2659 3564 2748 3612 καὶ
2791 3569 2890 3611 τῶν
2940 3558 3176 3629 θλίψεων,
3230 3560 3310 3611 ὅτι
3354 3557 3612 3615 ἐτάκησαν
3661 3557 3806 3628 ἡμῶν

2209 3650 2263 3699 ui
2325 3651 2531 3721 σάρκες,
2585 3652 2837 3711 Δέσποτα,
2898 3653 2988 3700 xui
3037 3651 3093 3699 τό
3152 3655 3354 3719 πνεῦμα
3409 3645 3645 3697 ἐκλείπει·
3711 3650 3806 3695 σοῦ

2210 3734 2286 3801 δὲ,
2350 3740 2524 3812 Κύριε,
2575 3741 2633 3790 τὸ
2688 3738 2821 3799 ἔλεος
2866 3736 3165 3790 ἀνείκαστον
3218 3741 3307 3788 xui
3377 3738 3406 3794 ἠ
3472 3735 3806 3808 μακροθυμία

2207 3828 2421 3899 οἶφατος,
2478 3832 2566 3879 xui
2617 3832 2699 3879 σοὶ
2750 3831 2929 3899 πρέπει
2983 3830 3008 3885 η
3068 3823 3198 3889 δόξα
3265 3825 3331 3886 εἰς
3399 3827 3515 3884 τοὺς
3591 3823 3798 3884 αἰῶνας.

2209 3917 2392 3988 Ἀμήν.
2450 3915 2805 3969 Τελευσάντων
2865 3914 2922 3968 δὲ
2967 3916 3132 3968 αὐτῶν
3179 3921 3271 3974 τὴν
3321 3915 3506 3986 εὐχὴν.
3575 3913 3727 3966 πάλιν
3776 3914 3802 3963 6

2207 4007 2410 4076 ἡγεμὼν
2467 4006 2790 4077 θυμομαχῶν
2854 4003 3081 4057 ἐκέλευσε
3149 4005 3530 4077 κρεμασθέντας
3596 4001 3801 4065 ξέεσθαι

2207 4095 2414 4155 αύτούς.
2465 4098 2718 4166 Ξεομένων
2775 4090 2833 4146 δὲ
2883 4103 2980 4146 τῶν
3025 4098 3292 4169 μακαρίων
3347 4092 3425 4146 ἐπὶ
3481 4092 3632 4158 πολὺ,
3680 4089 3803 4144 ούδέ

2206 4185 2364 4244 οὕτως
2421 4182 2713 4256 ἐφρόντιζον
2765 4192 2865 4234 τῶν
2922 4182 3185 4256 βασάνωνο
3242 4185 3267 4234 6
3336 4179 3394 4235 δὲ
3449 4182 3805 4256 φιλάνθρωπος

2204 4277 2326 4348 γὰρ,
2388 4279 2517 4335 Θεὸς
2570 4272 2630 4332 ἦν
2678 4273 2787 4346 μετ’
2850 4274 3037 4338 αὐτῶν,
3092 4275 3117 4324 6
3173 4272 3671 4345 ἀντιλαμϐανόμενος
3711 4274 3802 4323 καὶ

2203 4369 2448 4437 παρέχων
2499 4364 2671 4423 αὐτοῖς
2720 4369 2811 4421 τὴν
2869 4365 3029 4436 ἰσχύν
3086 4369 3174 4415 xui
3228 4367 3320 4422 τὴν
3372 4359 3632 4434 ἀνδρείαν
3694 4360 3801 4412 ἐπεὶ

2206 4455 2354 4524 (ποία
2424 4457 2525 4526 γὰρ
2594 4456 2652 4504 ἅν
2710 4451 3002 4526 ἀνθρωπινη
3067 4452 3199 4527 σὰρξ
3254 4453 3509 4522 ὑπήνεγκε
3569 4458 3733 4502 ταῦτα
3762 4464 3802 4519 ;)

2202 4541 2336 4612 λέγει
2385 4544 2409 4594 ὁ
2449 4545 2652 4614 ἡγεμὼν
2692 4545 2820 4615 πρὸς
2868 4542 3076 4602 αὐτούς·
3133 4542 3237 4593 Κᾶν
3285 4549 3389 4610 νῦν,
3440 4540 3630 4611 ἄθλιοι,
3665 4541 3802 4592 ἕπει-

2206 4650 2300 4682 σαν
2342 4634 2394 4682 αἱ
2425 4629 2652 4702 βάσανοι
2682 4631 2836 4682 αὗται
2877 4629 3236 4700 ἀπαλλαγῆναι
3278 4637 3369 4692 τῆς
3400 4635 3601 4700 μανίας,
3654 4627 3683 4686 ἢ
3725 4629 3802 4679 ἐτι

2203 4717 2436 4791 ἐμμένετε
2508 4727 2568 4791 τῇ
2650 4715 2935 4790 δυσσεϐείᾳ
2993 4720 3180 4790 ὑμῶν;
3225 4721 3288 4771 Oi
3343 4715 3401 4772 δε
3450 4719 3592 4790 ἅγιοι
3648 4714 3798 4770 οὐδὲν

441 4805 814 4879 pressissent,
835 4806 1219 4862 insufﬂarunt
1249 4807 1537 4863 adversus
1568 4807 1746 4872 idola,
1782 4815 1836 4863 et
1874 4823 1942 4862 ea
1973 4815 2089 4862 sta-

2214 4807 2556 4881 ὶπεκρίναντο.
2631 4807 2789 4860 Πάλιν
2859 4807 2990 4876 λέγει
3053 4809 3077 4858 6
3159 4809 3362 4879 ἡγεμὼν
3417 4812 3542 4881 πρὸς
3591 4808 3794 4867 αύτούς·

441 4895 548 4950 tim
581 4895 956 4951 confractain
992 4898 1286 4967 pulverem
1314 4897 1690 4966 redegerunt.
1719 4900 1878 4952 Tunc
1902 4897 2088 4952 sancti

439 4990 732 5055 martyres
787 4985 865 5041 ad
913 4985 1260 5057 prrefectum
1294 5009 1305 5040 :
1351 4986 1576 5052 Cernis,
1609 4986 1908 5057 inquiunt,
1940 4986 2086 5042 deos

442 5079 574 5129 tuos
605 5072 632 5128 Τ
665 5075 771 5129 Ubi
812 5082 898 5129 est
929 5076 1112 5130 robur
1165 5075 1435 5145 ipsorum
1468 5073 1495 5128 Ῡ
1527 5080 1924 5144 potueruntne
1982 5074 2086 5129 sibi

442 5163 584 5233 ipsis
613 5163 889 5234 cpitulari
920 5163 946 5216 τ
979 5164 1144 5219 Haud
1178 5163 1358 5218 multo
1390 5168 1526 5234 post
1573 5167 1773 5218 autem
1831 5169 1886 5217 et
1936 5165 2084 5218 tem-

441 5251 605 5322 plum
624 5253 1048 5321 corruit.Cujus
1067 5252 1372 5308 eversione
1386 5251 1727 5321 indignatus
1747 5252 2084 5323 praefectus,

436 5341 628 5410 jussit,
666 5348 728 5396 ut
758 5343 936 5397 sancti
963 5348 1249 5413 martyres
1283 5342 1475 5413 capite
1515 5341 1924 5412 plecterentur.
1960 5342 2088 5405 Qua

441 5428 524 5487 illi
551 5431 840 5486 sententia
867 5431 993 5502 laeti,
1025 5430 1454 5488 collaudabant
1479 5433 1662 5485 Deum
1689 5431 2086 5499 etgaudentes

512 5613 532 5648 ³
561 5609 716 5668 Psal.
752 5626 908 5677 cmi,
943 5614 997 5665 '2.
1077 5612 1095 5645 ⁴
1127 5609 1282 5666 Psal.
1313 5625 1504 5676 CXLVI,
1538 5613 1594 5664 4.

2198 4897 2340 4969 ’Υμῖν
2387 4898 2518 4968 λέγω
2555 4902 2644 4949 καὶ
2699 4893 2849 4948 οὐδέν
2891 4917 2980 4968 μοι
3032 4896 3370 4971 ἀποκρίνεσθε
3404 4901 3653 4964 ;Θύσατε
3693 4897 3797 4947 λοι-

2199 4991 2294 5038 πόν
2347 4994 2450 5046 τοῖς
2504 4991 2769 5058 μεγίστοις
2823 4988 2950 5047 θεοῖς
3004 4991 3093 5038 καὶ
3137 4985 3342 5039 ἀπολύω
3395 4988 3530 5058 ὑμᾶς
3581 4988 3799 5039 ἕκαστον

2199 5075 2373 5136 εἰςτά
2420 5071 2536 5126 ἴδια
2586 5076 2692 5146 μετ’
2750 5074 2975 5147 εἰρήνης.
3033 5082 3156 5129 Τότε
3216 5078 3264 5128 oi
3323 5075 3463 5147 ἅγιοι
3523 5078 3798 5149 μάρτυρες,

2201 5163 2574 5234 ἀναϐλέψαντες
2644 5163 2708 5224 εἰς
2773 5167 2857 5216 τόν
2925 5165 3158 5239 οὐρανόν,
3231 5165 3370 5219 εἶπον
3439 5165 3593 5217 οὕτω·
3647 5167 3804 5240 Κύριε

2199 5254 2224 5304 ό
2253 5258 2405 5318 Θεὸς,
2439 5255 2463 5304 6
2512 5257 2605 5310 τὴν
2654 5252 2800 5305 πόλιν
2853 5263 2952 5306 τῶν
2983 5252 3276 5326 Σοδομιτῶν
3323 5251 3415 5306 διὰ
3453 5259 3540 5312 τὴν
3583 5272 3806 5328 παρανο-

2198 5347 2319 5416 μίαν
2347 5341 2513 5394 αύτῶν
2551 5348 2678 5416 πυρὶ
2711 5347 3049 5405 κατακαύσας
3097 5349 3185 5396 καὶ
3235 5343 3526 5416 ἐρημώσας,
3585 5349 3675 5396 καὶ
3718 5364 3808 5396 τα-

2197 5438 2284 5483 νῦν
2317 5427 2540 5504 δεόμεθά
2590 5451 2705 5499 σου,
2745 5433 2965 5486 Βασιλεῦ
3009 5431 3143 5504 ἆγιεο
3199 5441 3377 5487 νεῦσον
3432 5433 3515 5487 ἐπὶ
3553 5441 3673 5505 γῆς,
3719 5430 3804 5486 δί-
