4062 6222
186 300 262 359 ml
1236 274 1411 360 VITA‘
1438 301 1497 357 s.
1540 297 1928 357 TORRENTII
1967 298 2056 355 ET
2094 301 2469 360 SOCIORUM
3434 308 3539 364 402

186 448 307 489 καιος
354 426 426 479 ὧν
476 430 569 479 καὶ
614 431 709 485 τὴν
757 426 1024 493 πολύθεον,
1066 427 1255 499 μᾶλλον
1306 424 1365 481 δὲ
1418 429 1567 480 ἄθεον
1606 428 1764 478 κατά-

1895 425 1956 482 id
1987 425 2188 482 locum
2220 428 2578 500 praeﬁnitum
2605 431 3037 500 pervenerunt:
3070 431 3127 485 et
3152 432 3403 500 genibus
3433 434 3538 491 ﬂe—

186 517 387 591 στρεψον
424 513 712 588 οἰκοδομὴν
752 524 845 568 τοῦ
884 519 1131 589 ἡγεμόνος
1176 522 1265 569 καὶ
1313 521 1432 579 τοὺς
1481 520 1626 577 θεοὺς
1673 516 1766 567 αῦ-

1895 514 1990 580 ιίε,
2010 516 2339 589 oblatisque
2358 517 2705 584 cervicibus,
2732 517 3343 577 confestiminterfecti
3373 529 3533 579 sunt.

1883 609 2275 662 Accesserunt
2300 614 2502 663 autem
2529 607 2637 662 viri
2669 607 2946 678 religiosi,
2978 612 3035 664 et
3064 608 3303 667 sublata
3331 627 3538 670 eorum

1884 709 2138 766 corpora
2167 694 2225 749 in
2250 694 2382 751 loco
2413 711 2584 752 sacro
2624 696 3041 752 condiderunt.

182 788 244 837 ότι
299 788 371 836 σύ
429 792 585 856 μόνος
636 781 1017 857 δέδοξασμένος
1084 786 1365 857 ὑπάρχεις,
1446 786 1513 845 εἰς
1574 788 1695 845 τοὺς
1747 782 1937 844 αἰῶνας
1983 792 2081 836 τῶν
2145 784 2361 840 αἰώνων.
2429 789 2531 838 Καὶ
2587 785 2808 847 εἰπόντες
2863 793 3032 839 ταῦτα
3097 788 3145 839 οἱ
3206 786 3347 859 ἅγιοι
3412 791 3541 865 μάρο

176 893 312 948 τνρις
371 877 503 946 μετὰ
560 882 861 945 στεναγμῶν
918 879 1005 926 xui
1060 871 1322 949 δακρύων,
1378 880 1467 927 xui
1518 879 1833 933 ποιήσαντες
1887 875 1945 924 τὸ
2008 880 2221 945 σημεῖον
2271 882 2364 927 τοῦ
2422 882 2653 948 σταυροῦ
2711 874 2759 926 ἐν
2814 884 2885 946 τῷ
2941 881 3162 949 μετώπῳ
3220 876 3389 929 αὐτῶν
3453 882 3543 930 καὶ

177 964 273 1016 καθ’
336 962 459 1015 ὅλου
506 971 600 1015 τοῦ
662 983 926 1036 σώματος,
984 963 1305 1036 ἐνεφύσησαν
1366 971 1476 1024 τοῖς
1548 962 1865 1035 ἀκαθάρτοις
1916 958 2167 1028 εἰδώλοις,
2218 968 2307 1016 xui
2363 973 2701 1039 παραχρῆμα
2746 964 3032 1036 ἐλίκμησαν
3085 965 3220 1018 αὐτὰ
3271 972 3359 1019 καὶ
3426 966 3544 1038 ἐγέ-

177 1071 305 1104 νοντο
360 1055 487 1105 ὡσεὶ
542 1049 759 1113 σποδοςο
820 1059 945 1105 Τότε
976 1052 1217 1125 λέγουσιν
1263 1056 1311 1105 οἰ
1369 1054 1512 1123 ἅγιοι
1561 1054 1816 1126 μάρτυρες
1864 1058 1936 1121 τῷ
1980 1051 2197 1122 ἡγεμόνι
2244 1092 2255 1103 .

182 616 255 659 τοῦ
290 607 540 659 λέπτυνον
588 612 678 658 xui
724 604 974 678 ἀφάνισον
1016 624 1027 636 ·
1062 612 1150 659 καὶ
1199 609 1334 679 ἡμᾶς
1383 610 1504 668 τοὺς
1551 604 1771 664 δούλους

183 716 259 749 σου
297 696 348 747 ἐν
380 698 538 767 τάχει
569 694 865 767 ἐπίσκεψον,
912 699 978 758 ὡς
1010 695 1201 767 ἁγαθός
1250 701 1337 748 καὶ
1388 696 1765 769 φιλάνθρωπος,

2306 1050 2418 1105 Ἴδε
2463 1056 2529 1106 τὰ
2580 1054 2890 1126 σεϐάσματα
2950 1056 3091 1127 ὑμῶν
3140 1073 3152 1085 ’
3198 1063 3298 1108 πού
3351 1058 3453 1130 γὰρ
3510 1058 3539 1114 ἡ

180 1142 330 1212 ἰσχύς
362 1140 534 1192 αὐτῶν
561 1144 589 1199 ἡ
623 1146 741 1199 κενή
774 1158 789 1207 ;
817 1146 903 1200 Μὴ
932 1140 1276 1201 ἠδυνήθησαν
1309 1142 1502 1202 ἑαυτοῖς
1530 1140 1802 1213 βοηθῆσαι
1838 1155 1851 1201 ;
1882 1141 2005 1192 Μετ’
2053 1141 2110 1192 οῦ
2158 1142 2288 1194 πολύ
2332 1139 2390 1195 δὲ
2416 1148 2503 1196 xui
2535 1145 2559 1194 6
2590 1147 2706 1205 vu6;
2736 1144 3068 1202 συνετελέσθη
3110 1150 3199 1197 καὶ
3243 1144 3540 1219 συνετρίϐη.

179 1232 472 1302 Ὀργισθεὶς
498 1226 584 1281 οὖν
613 1234 746 1282 πάνυ
774 1232 800 1282 6
830 1233 1036 1303 ἡγεμὼν
1066 1231 1148 1283 ἐπί
1175 1250 1227 1283 τε
1257 1240 1318 1305 τῇ
1348 1230 1593 1304 συντριϐῇ
1622 1235 1712 1282 καὶ
1742 1228 1968 1300 ἀπωλείᾳ
1997 1238 2096 1281 τῶν
2130 1231 2251 1283 θεῶν
2285 1231 2464 1297 αὐτοῦ,
2500 1232 2584 1285 ἐπί
2602 1252 2653 1285 τε
2678 1241 2738 1305 τῇ
2764 1238 2962 1286 πτώσει
2993 1241 3083 1286 τοῦ
3109 1241 3253 1303 ναοῦ,
3288 1232 3544 1287 ἐκέλευσεν

178 1319 653 1391 ἁποκεφαλισθῆναι
692 1319 878 1381 αύτούς
909 1330 1262 1395 παραχρῆμα.
1301 1319 1557 1383 Λαϐόντες
1607 1316 1665 1372 δὲ
1694 1322 1787 1377 τὴν
1820 1317 2080 1389 ἀπόφασιν
2112 1322 2161 1372 οἱ
2198 1320 2361 1392 οἷγιοι,
2414 1320 2649 1395 ἀπῄεσαν
2678 1327 2950 1395 χαίροντες
2997 1328 3087 1375 καὶ
3121 1320 3425 1387 δοξάζοντες
3462 1327 3544 1377 τόν

177 1412 306 1474 Θεὸν,
367 1414 463 1461 καὶ
516 1408 742 1472 ἐλθόντες
794 1409 879 1461 ἐπὶ
928 1414 1014 1462 τόν
1070 1414 1352 1483 ὡρισμένον
1406 1415 1584 1476 τόπον,
1638 1408 1894 1467 κλίναντες
1960 1410 2027 1459 τὰ
2083 1413 2276 1479 γόνατα
2324 1417 2415 1463 καὶ
2467 1416 2553 1464 τὸν
2608 1416 2729 1465 Θεὸν
2788 1412 3288 1487 εὐχαριστήσαντες,
3358 1413 3545 1475 εὐθέως

179 1498 682 1569 ἄπεκεφοιλίσθησαν.
734 1504 836 1552 Καὶ
884 1499 1109 1560 ἐλθόντες
1162 1502 1211 1551 οἰ
1268 1503 1578 1575 Χριστιανοὶ
1613 1498 1801 1570 λάθρα,
1855 1504 1985 1569 ῆραν
2037 1500 2115 1569 τὰ,
2148 1498 2370 1570 λείψανα
2410 1509 2506 1553 τῶν
2549 1500 2708 1573 ἁγίων
2753 1508 2842 1555 καὶ
2889 1504 3079 1561 ἔθηκαν
3132 1502 3262 1556 αὐτὰ
3314 1502 3362 1555 ἐν
3404 1508 3548 1575 τόπῳ

182 1596 359 1659 σεμνῷ.

240 1677 311 1733 Ε’.
367 1679 577 1729 Τούτων
630 1674 690 1729 δε
756 1678 916 1739 οὕτως
969 1678 1348 1745 τελειωθέντων,
1408 1678 1560 1731 πάλιν
1617 1696 1779 1752 προσ·
1808 1675 1851 1730 Β

186 1765 342 1828 inin
398 1767 425 1816 6
472 1770 775 1840 παράνομος
829 1768 1056 1839 ἡγεμὼν,
1103 1769 1326 1838 ἄγεσθαι
1366 1767 1451 1819 ἐπὶ
1508 1770 1565 1819 τό
1628 1765 1781 1838 βῆμα

189 1859 294 1916 τοὺς
331 1861 451 1929 περὶ
501 1860 591 1907 τὸν
647 1859 904 1929 μακάριον
968 1861 1229 1930 Τερέντιον
1294 1860 1383 1908 καὶ
1449 1857 1778 1929 Ἀφρικανόν,

197 1944 409 2014 Μάξιμον
460 1963 515 1997 τε
559 1951 651 1996 καὶ
711 1950 966 2016 Πόμπιον,
1024 1950 1113 1997 καὶ
1161 1945 1298 2016 λέγει
1340 1949 1471 2019 πρός
1524 1945 1710 2006 αύτούς
1765 1984 1777 1996 .

202 2038 382 2085 Θύσατε
433 2034 535 2084 κᾶν
584 2035 731 2105 ὑμεῖς
779 2041 885 2095 τοῖς
933 2036 1063 2097 θεοῖς
1111 2053 1123 2065 ·
1172 2039 1214 2087 εἰ
1268 2032 1328 2088 δὲ
1375 2041 1530 2107 μήγε,
1581 2034 1783 2097 μελλετε

190 2130 342 2183 κακῶς
380 2129 474 2175 καὶ
518 2132 718 2197 πικρῶς
766 2122 1077 2186 ἀπολέσθαι,
1122 2129 1211 2176 καὶ
1257 2121 1428 2185 οὐδεὶς
1476 2123 1536 2175 ἂν
1576 2122 1777 2182 δυνηθῆ

180 2212 438 2284 ῥύσασθαι
496 2213 632 2284 ὑμᾶς
670 2211 725 2264 ἐκ
771 2221 872 2264 τῶν
913 2221 1106 2286 χειρῶν
1155 2234 1276 2286 μου.
1333 2217 1399 2267 Οἱ
1449 2215 1590 2286 ἅγιοι
1642 2210 1782 2267 εἷπον

181 2306 298 2372 πρὸς
351 2302 512 2354 αὐτόν
560 2322 573 2334 ο
626 2302 865 2374 Ἡγεμόν,
944 2306 1148 2375 εἴπομέν
1210 2322 1296 2355 σοι
1363 2303 1629 2372 πολλάκις,
1703 2306 1783 2356 ὃτι

181 2397 488 2463 Χριστιανοί
544 2391 694 2464 ἐσμεν
734 2397 823 2444 καὶ
877 2392 945 2452 εἰς
990 2396 1219 2460 Χριστὸν
1265 2395 1454 2466 ἔχομεν
1510 2396 1605 2455 τὰς
1648 2394 1780 2446 ἐπλί⁹

180 2477 267 2541 δας
300 2498 313 2509 ·
346 2477 579 2551 δαίμοσι
622 2477 679 2533 δὲ
714 2484 832 2533 οὔτε
874 2489 1287 2554 προσκυνοῦμεν,
1336 2485 1452 2534 οὔτε
1490 2490 1596 2543 τοῖς
1648 2484 1781 2545 θεοῖς

178 2588 261 2621 σου
312 2570 631 2644 λατρεύομὲν
687 2590 830 2637 ποτε,
882 2574 995 2623 οὔτε
1048 2576 1144 2643 μὴν
1198 2574 1293 2632 τὰς
1359 2570 1629 2644 βασάνους
1685 2592 1780 2625 σου

172 2662 613 2731 προσποιούμεθα
665 2679 678 2693 ο
734 2666 907 2713 τοίνυν
980 2660 1167 2713 ἐπινόει
1232 2664 1358 2733 ἡμῖν
1438 2664 1562 2723 ὅσας
1628 2662 1781 2722 θέλεις

177 2748 445 2819 βασάνους
496 2765 509 2778 ⁸
568 2753 878 2822 πιστεύομεν
925 2752 1024 2825 γὰρ
1074 2758 1146 2820 τῷ
1194 2757 1329 2821 Θεῷ,
1379 2752 1457 2803 ὃτι
1499 2753 1778 2825 ἡττηθὴσῃ

173 2840 251 2910 ὑφ’
286 2841 663 2910 ἡμῶν,καθὼς
705 2845 795 2891 καὶ
843 2841 868 2891 6
916 2845 1087 2913 πατήρ
1143 2859 1259 2905 σου,
1315 2840 1340 2891 6
1377 2836 1638 2905 διάϐολος,
1690 2843 1781 2899 ἡτ-

1652 2933 1785 3003 ἡμᾶς

1104 3016 1358 3082 Ἀκούσας
1416 3016 1475 3072 δὲ
1537 3029 1704 3072 ταῦτα
1759 3021 1857 3082 6C

174 3108 384 3177 ἡγεμών
455 3111 541 3158 xui
615 3107 841 3180 ἐμμανής
914 3113 1181 3181 γενόμενος
1261 3106 1486 3184 σφόδρα,
1558 3108 1787 3163 ἐκελευσε

175 3196 332 3247 πάλιν
381 3195 645 3269 βληθῆναι
692 3197 877 3258 αύτούς
942 3196 990 3250 ἐν
1048 3206 1109 3270 τῇ
1168 3198 1390 3270 φυλακῇ,
1436 3198 1590 3252 εἰπὼν
1646 3219 1788 3274 περι-

172 2930 302 2985 τήθη
378 2929 480 2980 ὑπὸ
554 2936 647 2980 τοῦ
703 2936 960 3000 Χριστοῦ,
1016 2937 1107 2981 τοῦ
1170 2927 1572 3002 ίνδυναμοῦντος

173 3024 317 3087 νικᾷν
371 3036 467 3069 σου
534 3020 628 3079 τας
701 3016 1025 3090 ἐνθυμήσεις.

176 3286 433 3343 ϐληθῆναι
487 3286 658 3347 αὐτοῖς
697 3287 849 3339 κλοιὰ
895 3284 1096 3362 σιδηρᾶ
1146 3293 1263 3363 περὶ
1318 3292 1440 3348 τοὺς
1483 3287 1787 3363 τραχήλους

179 3376 371 3444 αὐτῶν,
421 3381 513 3428 καὶ
553 3373 717 3436 πέδας
760 3382 878 3449 περὶ
920 3381 1043 3439 τούς
1094 3374 1265 3438 πόδας
1316 3377 1503 3443 αῦτῶν,
1549 3382 1639 3429 xui.
1670 3376 1786 3428 ἁλύ-

184 3484 290 3524 σεις
335 3464 419 3517 ἐπὶ
474 3474 575 3516 τῶν
640 3474 835 3538 χειρῶν
887 3487 900 3499 ο
956 3465 1337 3539 παραλαϐόντες
1386 3462 1444 3519 δε
1498 3466 1687 3528 αὐτούς
1739 3467 1787 3518 οἱ

183 3551 391 3624 δήμιοι,
436 3556 605 3607 ἔθεντο
654 3558 703 3606 ἐν
755 3563 819 3627 τῇ
865 3555 1087 3628 ¹ρυλακῇ,
1146 3558 1319 3617 καθώς
1372 3556 1775 3614 ἐκελεύσθησαν,

183 3643 446 3695 Ἐκελευσε
515 3640 572 3695 δε
620 3645 644 3694 6
696 3645 997 3717 παράνομος
1048 3650 1138 3695 καὶ
1200 3643 1467 3716 τριϐόλους
1531 3641 1788 3717 σιδηροῦς

187 3734 587 3797 εᾷποστρωθῆναι
645 3733 826 3793 αὐτοῖς
870 3738 959 3785 καὶ
1028 3735 1437 3809 καταπείρεσθαι
1497 3735 1685 3796 αύτούς
1739 3734 1786 3786 ἐν

190 3821 356 3881 αὐτοῖς
412 3827 503 3873 καὶ
546 3827 617 3893 μὴ
683 3825 1081 3894 συγχωρεῖσθαί
1129 3842 1245 3874 τινα
1299 3832 1399 3875 τῶν
1456 3831 1786 3897 Χριστιανῶν

192 3910 524 3985 εἰσέρχεσθαι
576 3914 703 3983 πρὸς
750 3911 959 3975 αύτούς,
1015 3916 1147 3986 πρὸς
1195 3914 1255 3964 τό
1306 3909 1436 3985 μηδ’
1479 3912 1601 3974 ὅλως
1658 3933 1786 3987 παρ-

189 4004 324 4069 έχειν
385 4000 561 4059 αὐτοῖς
624 4003 833 4074 τροφάς,
892 4003 1093 4053 Τούτων
1160 3998 1247 4053 οὖν
1309 4003 1443 4054 οὕτω
1507 4007 1786 4075 γενομένων

190 4095 272 4140 xui
314 4094 431 4159 περὶ
486 4092 544 4139 τὸ
588 4092 925 4161 μεσονύκτιον
977 4090 1272 4162 εὐχομένων
1317 4092 1503 4156 αὐτῶν,
1552 4092 1787 4165 ἐξαίφνης

192 4187 287 4248 φῶς
326 4180 465 4249 μέγα
513 4178 738 4250 ἔλαμψεν
784 4177 832 4229 ἐν
869 4182 931 4251 τῇ
988 4180 1184 4252 φυλακῇ
1236 4198 1248 4211 ⁶
1283 4180 1501 4253 ἄγγελος
1537 4185 1638 4257 γὰρ
1687 4189 1782 4235 Ku-

192 4273 297 4339 ρίου
344 4271 473 4325 ἔστη
538 4272 673 4320 κατὰ
728 4273 1008 4340 πρόσωπον
1080 4272 1248 4321 αῦτῶν
1316 4276 1404 4322 καὶ
1476 4268 1609 4323 εἶπεν
1659 4275 1787 4344 πρὸς

194 4358 378 4446 animi;
430 4374 443 4385 °
501 4362 730 4430 Τερέντιε
768 4363 857 4410 καὶ
907 4358 1201 4432 Ἀφρικανε,
1250 4360 1453 4432 Μάξιμε
1505 4366 1595 4413 καὶ
1651 4367 1786 4434 Πόμ-
1818 4393 1864 4446 D

193 4465 282 4509 πιε,
344 4442 533 4498 δοῦλοι
613 4454 704 4499 τοῦ
782 4454 917 4499 Θεοῦ
970 4448 1215 4519 ὑψίστου,
1290 4449 1602 4512 ἀναστάντες
1671 4448 1789 4504 δότε

194 4531 341 4597 δόξαν
387 4543 459 4605 τῷ
518 4542 629 4606 Θεῷ
688 4540 778 4587 xui
842 4534 1186 4591 ἀναπαύεσθε.
1252 4534 1377 4590 Εἶτα
1418 4540 1714 4612 προσελθὼν
1763 4542 1788 4592 6

194 4624 400 4695 ἅγγελος
476 4623 650 4693 ἥψατο
718 4633 816 4676 τῶν
900 4625 1083 4677 κλοιῶν
1162 4634 1260 4677 τῶν
1326 4630 1653 4699 ἐπικειμένων
1705 4628 1786 4682 ἐπὶ

194 4718 299 4773 τούς
344 4712 648 4785 τραχήλους
712 4714 879 4765 αὐτῶν
935 4720 1024 4767 καὶ
1077 4717 1262 4778 εὐθέως
1327 4713 1677 4791 διαρραγέντα
1726 4722 1791 4771 τὰ

198 4800 389 4874 είδηρα
419 4802 657 4865 ἐξέπεσον
700 4803 750 4865 ἐξ
792 4803 909 4855 ὅλου
955 4812 1045 4856 τοῦ
1076 4811 1312 4877 σώματος
1342 4807 1506 4859 αὐτῶν
1540 4827 1552 4839 ·
1604 4814 1693 4860 xui
1742 4808 1789 4860 ἓν

197 4899 257 4959 τῷ
301 4900 472 4944 ταῦτα
519 4894 776 4962 γενέσθαι,
824 4889 941 4945 ἰδού
985 4898 1073 4946 καὶ
1113 4896 1349 4967 τράπεζα
1380 4895 1589 4949 ἐνώπιον
1623 4898 1788 4949 αὐτῶν

198 4982 566 5053 ἡτοιμασμένη,
611 4980 813 5053 πλήρης
863 4987 1096 5055 γέμουσα
1138 4988 1323 5045 παντὸς
1377 4984 1578 5056 ἀγαθοῦ
1634 5007 1646 5019 ο

201 5067 294 5122 εἶπε
340 5074 468 5144 πρὸς
519 5071 702 5131 αὐτούς
766 5072 791 5123 ὁ
849 5072 1062 5143 ἄγγελος
1121 5090 1134 5103 ·

1702 4991 1789 5039 καὶ

1196 5073 1549 5127 ’Δναπαύεσθε
1560 5117 1572 5141 ,
1640 5072 1788 5128 ἀδελ⁴

203 5163 293 5225 γοὶ,
350 5157 679 5211 ἀναπαύεσθε
734 5157 790 5210 ἐκ
860 5168 957 5212 τῶν
1018 5161 1214 5212 πολλῶν
1279 5164 1421 5235 ὑμῶν
1483 5168 1654 5216 κόπων
1700 5169 1788 5216 καὶ

206 5246 405 5317 θλίψεων
442 5266 455 5279 ·
503 5249 614 5320 άμα
660 5245 720 5301 δὲ
777 5253 868 5301 καὶ
926 5258 1120 5323 τροφῆς
1173 5251 1497 5323 μεταλάϐετε,
1568 5254 1630 5317 ἧς
1698 5252 1788 5306 ἁπ-

210 5337 403 5389 ἐστιιλεν
454 5339 576 5410 ὑμῖν
616 5339 641 5389 6
674 5341 866 5411 Κύριος
920 5341 1065 5410 ἡμῶν
1111 5340 1315 5403 Ἰησοῦς
1363 5347 1609 5415 Χριστός.
1664 5348 1791 5396 Τότε

211 5426 250 5475 οἱ
290 5426 424 5497 ἅγιοι
471 5428 774 5499 ηύλόγησαν
824 5431 913 5481 τὸν
967 5431 1094 5481 Θεὸν
1151 5433 1240 5482 xui
1286 5430 1560 5503 μετέλαϐον
1590 5440 1790 5505 τρυφῆς

270 5553 289 5586 ⁵
320 5552 341 5608 l
370 5555 493 5611 Cor.
520 5571 556 5624 ι,
592 5558 681 5611 25.

1962 1678 2022 1732 V.
2083 1680 2229 1734 Tum
2278 1679 2517 1736 beatum
2566 1682 2923 1746 Terentium.
2979 1686 3036 1738 et
3071 1682 3442 1751 Africanum,
3493 1685 3549 1739 et

1890 1766 2229 1831 Maximum,
2272 1773 2327 1825 et
2357 1770 2707 1843 Pompeium
2742 1771 2960 1827 adduci
2984 1772 3178 1843 jubet,
3210 1777 3267 1829 et
3295 1772 3437 1828 dicit
3470 1771 3549 1828 ad

1889 1870 1991 1911 eos
2019 1870 2032 1909 :
2066 1856 2187 1911 Diis
2216 1858 2540 1929 immolate,
2578 1859 2795 1932 alioqui
2836 1860 2991 1916 male
3021 1862 3161 1917 estis
3192 1862 3453 1934 perituri.
3481 1860 3549 1915 Et

1889 1960 2068 2001 nemo
2099 1947 2315 2018 poterit
2349 1948 2567 2020 eripere
2605 1965 2713 2005 vos
2745 1964 2776 2004 e
2817 1950 3093 2006 manibus
3119 1951 3354 2007 nostris.
3385 1949 3546 2005 Chri-

1892 2034 2069 2090 stiani
2095 2052 2323 2101 sumus,
2344 2042 2405 2092 ut
2425 2038 2755 2109 saapissime
2765 2038 2895 2111 jam
2922 2038 3199 2107 diximus,
3220 2039 3550 2111 responde-

1892 2129 2028 2178 runt
2060 2130 2371 2197 martyres,
2396 2126 2526 2181 etin
2546 2124 2777 2183 Christo
2804 2143 2941 2199 spes
2972 2128 3201 2200 positas
3216 2132 3271 2184 et
3298 2128 3551 2185 colloca-

1892 2216 1982 2267 tas
2001 2212 2316 2269 habemus.
2338 2218 2650 2272 Daemones
2673 2232 2796 2271 non
2824 2217 3374 2290 adoramus,neque
3404 2217 3550 2274 deos

1891 2305 2026 2357 tuos
2056 2302 2331 2370 colimus,
2354 2308 2411 2359 et
2436 2310 2733 2362 tormenta
2758 2312 2859 2362 tua
2884 2306 3261 2379 negligimus.
3296 2306 3550 2363 Proinde

1890 2406 2045 2463 quos
2077 2392 2185 2456 vis,
2215 2392 2434 2450 adhibe
2452 2396 2768 2452 cruciatus.
2803 2398 2919 2453 Deo
2934 2396 3093 2452 enim
3120 2396 3468 2468 adjuvante,
3494 2401 3550 2452 te

1890 2496 1927 2536 a
1955 2480 2130 2537 nobis
2169 2481 2391 2538 victum
2431 2483 2498 2539 iri
2535 2483 2911 2551 conﬁdimus,
2954 2484 3463 2557 quemadmodum
3495 2489 3552 2542 et

1889 2569 2167 2626 diabolus
2201 2578 2516 2643 superatus
2545 2578 2633 2629 est
2659 2590 2696 2630 a
2727 2574 2969 2639 Christo,
3005 2575 3108 2648 qui
3139 2591 3248 2630 nos
3278 2575 3357 2631 ad
3388 2574 3553 2646 cupi-

1889 2657 2103 2715 ditates
2130 2666 2262 2716 tuas
2286 2661 2615 2718 vincendas
2647 2663 3010 2719 corroborat.
3040 2664 3136 2718 His
3158 2664 3395 2730 auditis,
3422 2663 3553 2734 jus-

1894 2749 1968 2805 sit
1996 2764 2099 2804 eos
2122 2749 2180 2804 in
2213 2750 2550 2806 custodiam
2578 2751 2816 2814 abduci.
2837 2756 2891 2807 et
2917 2752 3142 2807 catenis
3165 2768 3373 2807 eorum
3396 2752 3551 2808 colla

1892 2844 1950 2894 et
1974 2854 2195 2894 manus
2220 2839 2522 2911 pedesque
2552 2839 2945 2913 compedibus
2974 2840 3201 2896 vinciri.
3230 2843 3342 2897 Eos
3373 2840 3552 2912 igitur

1895 2927 2167 2993 ministri,
2195 2934 2254 2982 ut
2265 2927 2414 2999 jussi
2436 2927 2671 2985 fuerant
2694 2971 2707 2995 ,
2738 2928 2799 2984 in
2829 2945 3128 2985 carcerem
3147 2930 3547 3000 conjecerunt.

1894 3015 2208 3088 imperavit
2255 3022 2560 3089 praeterea,
2592 3022 2656 3074 ut
2692 3017 2943 3074 tribulos
2974 3017 3195 3074 ferreos
3235 3017 3296 3073 in
3330 3023 3548 3075 terram

1896 3105 2275 3177 projicerent,
2306 3106 2524 3178 quibus
2550 3106 2989 3177 conﬁgerentur
3021 3123 3032 3163 :
3068 3112 3124 3163 et
3150 3107 3375 3163 nemini
3393 3106 3552 3163 Chri-

1896 3194 2227 3251 stianorum
2253 3195 2327 3250 ad
2358 3210 2457 3251 eos
2483 3196 2764 3252 accedere
2789 3196 3210 3268 permitterent,
3242 3212 3317 3252 ne
3347 3196 3551 3252 cibum

1894 3282 2415 3340 aﬂ‘errent.Verum
2442 3285 2599 3342 circa
2623 3285 2887 3342 mediam
2919 3293 3154 3342 noctem
3176 3285 3277 3341 lux
3302 3284 3465 3342 fulsit
3488 3286 3551 3341 in

1894 3389 2149 3443 carcere,
2178 3379 2234 3429 et
2250 3374 2499 3444 angelus
2522 3375 2622 3431 Dei
2650 3374 2877 3432 stetitin
2910 3379 3233 3448 conspectu
3257 3377 3545 3447 ipsorum,

1895 3467 1950 3518 et
1980 3462 2122 3519 dixit
2172 3464 2250 3519 ad
2285 3480 2387 3520 eos
2430 3481 2443 3520 :
2486 3464 2733 3529 Terenti,
2775 3469 2833 3520 et
2862 3464 3154 3530 Africane,
3198 3470 3253 3519 et
3285 3465 3548 3536 Pompei,

1895 3556 1951 3607 et
1988 3553 2251 3618 Maxime,
2279 3554 2431 3608 servi
2475 3553 2572 3608 Dei
2604 3552 2897 3619 altissimi,
2932 3552 3292 3623 consurgite,
3326 3559 3379 3609 et
3421 3568 3553 3610 cor-

1896 3656 2046 3713 pora
2062 3648 2256 3698 vestra
2278 3648 2497 3699 curate.
2532 3645 2596 3699 Et
2618 3642 2908 3699 accedens
2939 3643 3211 3713 angelus,
3247 3644 3433 3713 tetigit
3456 3659 3551 3700 ca-

1896 3736 2062 3787 tenas
2096 3747 2313 3795 eorum,
2356 3736 2412 3787 et
2439 3731 2800 3788 ceciderunt.
2842 3735 2908 3787 Et
2937 3747 3073 3788 ecce
3104 3747 3315 3788 mensa
3344 3748 3549 3789 coram

1893 3820 2039 3892 ipsis
2090 3820 2241 3876 bene
2293 3821 2599 3877 instructa.
2643 3823 2711 3875 Et
2756 3820 2895 3876 dixit
2940 3821 3015 3877 ad
3072 3821 3204 3877 illos
3265 3820 3546 3890 angelus:

1895 3910 2205 3975 Quiescite,
2239 3915 2295 3966 et
2339 3910 2538 3965 cibum
2592 3909 2801 3981 capite,
2834 3926 3014 3982 quem
3063 3910 3231 3965 vobis
3284 3909 3549 3965 Christus

1896 4000 2070 4055 misit.
2104 4000 2300 4056 Sancti
2353 4004 2576 4064 autem,
2608 3998 2836 4055 Christo
2867 3998 3227 4065 collaudato,
3283 3999 3554 4056 comede-

1895 4096 2053 4146 runt.
2082 4093 2152 4145 At
2196 4090 2497 4156 custodes,
2554 4088 2868 4162 splendore
2919 4096 3255 4161 perspecto,
3301 4089 3553 4161 ingressi

1897 4186 2053 4243 sunt,
2084 4184 2148 4234 ut
2172 4179 2463 4244 viderent,
2508 4178 2656 4250 quid
2679 4177 2821 4233 illud
2849 4184 3005 4234 esset
3034 4194 3045 4233 :
3076 4179 3428 4234 invenerunt
3452 4195 3553 4236 eos

1896 4269 2260 4339 gaudentes:
2288 4273 2342 4323 et
2368 4267 2639 4340 praefecto
2665 4283 2791 4323 rem
2808 4267 3178 4324 nuntiarunt.
3212 4268 3321 4334 Qui
3344 4269 3553 4340 postri-

1895 4357 1991 4413 die
2018 4374 2119 4413 eos
2142 4358 2219 4413 ad
2246 4356 2505 4413 tribunal
2535 4355 2750 4413 adduci
2776 4355 2952 4427 jussit
2979 4373 2993 4423 ;
3022 4360 3079 4412 et
3108 4375 3120 4410 :
3145 4359 3443 4423 Nondum,
3466 4357 3551 4413 in-

1856 4468 1875 4512 ;
1897 4447 2043 4519 quit,
2077 4445 2384 4518 suppliciis
2440 4445 2633 4501 edocti
2664 4446 2822 4512 estis,
2859 4451 2921 4500 ut
2950 4444 3024 4500 ab
3055 4446 3319 4501 amentia
3355 4451 3555 4503 vestra

1898 4535 2233 4604 discedatis,
2262 4541 2317 4590 et
2343 4534 2450 4590 diis
2478 4533 2799 4590 immoletis
2830 4535 2858 4591 7
2880 4535 3198 4606 Respondit
3217 4536 3549 4592 Terentius:

1898 4625 2151 4682 Stultitia
2200 4624 2327 4680 haec
2367 4623 2536 4680 nobis
2588 4623 2696 4680 erit
2725 4631 2781 4680 et
2821 4624 3102 4680 omnibus
3156 4623 3261 4695 qui
3300 4623 3556 4696 diligunt

1900 4719 2107 4773 Deum.
2137 4736 2165 4766 «
2194 4714 2364 4780 Quod
2394 4714 2551 4769 enim
2585 4712 2831 4769 stultum
2862 4719 2949 4769 est
2981 4713 3439 4787 Dei,sapientius
3468 4717 3557 4770 est

1896 4804 2241 4860 hominibus
2267 4824 2279 4861 :
2309 4819 2454 4859 nam
2484 4803 2799 4858 hominum
2826 4802 3139 4875 sapientia,
3166 4803 3330 4875 apud
3367 4806 3554 4860 Deum

1897 4893 2140 4949 stultitia
2165 4900 2250 4949 est
2277 4894 2319 4945 ⁵.
2353 4913 2379 4945 ››
2407 4891 2574 4947 Stulti
2604 4897 2660 4948 et
2688 4898 2954 4947 amentes
2992 4907 3288 4957 essemus,
3322 4891 3395 4960 si,
3427 4891 3556 4947 reli-

1896 4989 1990 5039 oto
2007 4986 2142 5049 Deo,
2163 4984 2491 5050 daemones,
2519 4980 3035 5052 quemadmodum
3064 4986 3126 5036 tu
3153 4980 3316 5045 facis,
3345 4980 3556 5036 adora-

1894 5088 2116 5128 remus.
2150 5072 2375 5137 Quibus
2415 5070 2612 5126 verbis
2652 5070 2966 5142 praefectus
2995 5069 3200 5133 iratus,
3246 5069 3425 5140 jussit
3454 5083 3555 5125 eos

1898 5162 2140 5232 ungulis
2180 5160 2449 5217 lacerari.
2494 5162 2646 5215 Dum
2682 5166 2881 5215 autem
2912 5159 2972 5214 id
3008 5158 3169 5214 ﬁeret
3206 5157 3293 5214 illi
3342 5172 3556 5231 preca-

1895 5253 2117 5309 bantur
2140 5256 2345 5319 Deum,
2370 5251 2634 5307 dicentes
2662 5249 2823 5305 :Jesu
2847 5248 3091 5314 Christe,
3122 5248 3222 5305 Fili
3240 5248 3340 5304 Dei
3361 5248 3554 5305 viven-

1898 5343 1969 5398 tis
1994 5343 2051 5397 in
2095 5344 2329 5405 saecula,
2380 5341 2586 5398 lumen
2640 5339 3128 5404 Christianorum,
3164 5354 3299 5410 spes
3355 5343 3557 5395 nostra

1898 5430 2244 5497 certissima,
2293 5434 2513 5506 praesto
2545 5430 2627 5485 sis
2659 5428 2854 5496 nobis,
2900 5432 2956 5484 et
2993 5428 3078 5485 fer
3119 5428 3409 5486 auxilium
3442 5444 3457 5487 :
3498 5432 3558 5487 et
