4078 6222
518 289 618 344 103
1899 280 2146 337 MENSIS

2254 279 2476 337 PBlLIS
3786 285 3890 343 104

513 429 589 469 ne
619 414 953 470 confundas
985 428 1091 467 nos
1123 411 1364 482 propter
1402 410 1673 463 sanctum
1712 421 1933 461 nomen
1974 412 2140 460 tuum

2284 407 2415 456 ὥστε
2466 410 2553 457 καὶ
2593 407 2715 467 τοὺς
2764 402 3043 478 δεσμώτας
3090 406 3452 479 θεωρήσαντας
3498 409 3556 459 τὸ
3597 415 3720 480 φῶς,
3782 408 3891 460 εἱσ-

515 503 723 559 Christi
750 505 925 573 igitur
954 516 1066 572 ope
1103 497 1414 565 sublevati,
1457 496 1753 551 cruciatus
1791 510 1913 550 non
1956 493 2146 549 sentiet

2278 491 2525 551 πηδῆσαι
2583 497 2683 546 ἔσω
2737 500 2825 547 καὶ
2880 497 3061 566 μαθεῖν
3135 500 3190 548 τὸ
3256 502 3459 568 γεγονὸς
3509 514 3522 527 ’
3569 496 3881 559 εἰσελθόντες

512 593 680 648 banL

515 685 661 733 Θεὸν·
722 682 786 731 Οἱ
844 674 903 730 δὲ
957 674 1165 750 δήμιοι,
1219 676 1347 748 ἅπερ
1404 674 1701 737 ἐθεάσαντο,
1751 670 2054 745 ἀνήγγειλαν
2112 679 2184 742 τῷ
2236 673 2451 743 ἡγεμόνι
2500 689 2512 702 ’
2576 678 2664 725 καὶ
2719 681 2780 745 τῇ
2840 676 3008 748 ἡμέρᾳ
3060 672 3122 747 τῇ
3178 680 3326 750 τρίτῃ
3374 674 3633 729 ἐκέλευσεν
3693 676 3884 737 αύτούς

511 772 610 841 πρὸ
666 776 757 820 τοῦ
812 766 1048 839 βήματος
1115 768 1339 837 ἄγεσθαι
1404 781 1415 794 ·
1474 762 1739 835 ἀχθεντων
1792 759 1850 814 δὲ
1926 761 2094 813 αὑτῶν
2170 759 2253 813 ἐπὶ
2317 765 2373 813 τό
2442 761 2615 834 βῆμα,
2672 760 2780 816 εἷπε
2836 768 2965 836 πρὸς
3020 764 3495 837 αύτοὺςὸὴγεμών
3547 782 3559 795 ⁸
3627 764 3880 818 "Aelim!

508 858 667 917 οὑτως
715 854 1031 909 ἐπαίδευσαν
1081 858 1214 928 ὑμᾶς
1268 856 1321 907 αἱ
1374 852 1618 926 βάσανοι,
1680 850 2044 922 ἀπαλλαγῆναι
2102 851 2166 911 ἧς
2230 852 2377 922 ἔχετε
2432 856 2628 924 μωρίας
2681 858 2770 905 καὶ
2832 853 3128 925 προσελθεῖν
3183 856 3339 906 θῦσαι
3398 860 3503 916 τοῖς
3565 855 3698 915 θεοῖς
3754 872 3770 923 ;
3823 854 3882 905 '0

506 946 651 1017 ἅγιος
697 950 956 1021 Τερέντιος
1008 944 1140 998 εἶπεν
1172 963 1183 973 ·
1214 944 1271 997 Ἠ
1338 948 1508 1016 μωρία
1554 942 1708 1005 αύτη,
1745 939 1784 991 ὧ
1834 942 2045 1013 ἡγεμόν,
2111 942 2245 993 ἔστω
2304 939 2417 1012 ἐμοὶ
2468 947 2555 993 καὶ
2604 950 2708 1002 τοῖς
2768 940 3015 1014 ἀγαπῶσι
3067 949 3153 995 τὸν
3213 948 3340 997 Θεὸν
3374 958 3387 972 '
3424 963 3451 994 «
3490 946 3559 996 Τὸ
3608 946 3709 1016 γάρ
3770 964 3881 1015 μω-

504 1039 592 1107 ρὸν
658 1043 749 1087 τοῦ
807 1041 932 1089 Θεοῦ
983 1040 1268 1109 σοφώτερον
1328 1042 1422 1085 τῶν
1478 1032 1758 1105 ἀνθρώπων
1817 1030 1956 1083 ἐστίν
1992 1049 2004 1061 ·
2041 1032 2069 1088 ἡ
2127 1026 2186 1081 δὲ
2236 1034 2393 1102 σοφία
2444 1040 2542 1082 τῶν
2594 1033 2876 1106 ἀνθρώπων
2924 1037 3096 1107 μωρία
3153 1035 3297 1107 παρά
3350 1040 3421 1103 τῷ
3482 1040 3596 1102 Θεῷ
3653 1031 3815 1087 ἐστιν.
3851 1054 3878 1080 »

506 1127 795 1199 Παράφρων
838 1123 895 1178 δὲ
944 1129 1033 1176 καὶ
1084 1128 1384 1197 μαινόμενος
1435 1125 1623 1195 ἔσομαι
1672 1123 1849 1193 ὅμοιός
1907 1139 2024 1185 σου,
2079 1118 2181 1185 ἐὰν,
2236 1123 2321 1171 τὸν
2371 1124 2497 1173 Θεὸν
2552 1141 2651 1193 μου
2710 1122 3043 1193 καταλείψας,
3110 1119 3336 1195 δαίμοσι
3385 1128 3761 1193 προσκυνήσω.
3819 1121 3879 1177 Ὀ

506 1210 565 1267 δὲ
622 1216 844 1285 ἡγεμὼν,
894 1222 1060 1266 ταῦτα
1115 1214 1339 1273 ἀκούσας
1391 1217 1481 1264 καὶ
1549 1210 1779 1283 χολέσας
1843 1211 2000 1278 πάνυ,
2058 1207 2316 1261 ἐκελευσεν
2391 1208 2771 1283 ἀναρτηθέντας
2849 1212 3034 1273 αύτούς
3104 1211 3188 1264 ἐπὶ
3258 1220 3348 1264 τοῦ
3416 1212 3591 1279 ξύλου,
3651 1211 3877 1275 ξέεσθαι.

506 1306 572 1355 Οἱ
604 1301 661 1355 δὲ
689 1308 938 1378 μακάριοι
978 1304 1204 1375 ξεόμενοι
1235 1303 1319 1355 ἐπὶ
1346 1302 1496 1367 πολύ,
1529 1304 1758 1372 ηὔχοντο
1806 1303 1935 1373 πρός
1970 1301 2157 1372 Κύριον
2187 1297 2416 1370 λέγοντες
2452 1317 2463 1329 ·
2502 1303 2658 1374 Κύριε
2688 1302 2865 1359 Ἰησοῦ
2898 1304 3112 1374 Χριστε,
3144 1304 3229 1354 Υιε
3250 1310 3340 1354 τοῦ
3372 1309 3505 1355 Θεοῦ
3544 1309 3635 1353 τοῦ
3668 1302 3876 1364 ζῶντος,

504 1396 562 1445 τό
591 1402 690 1465 φῶς
719 1402 818 1445 τῶν
845 1401 1197 1466 Χριστιανῶν,
1232 1394 1261 1449 ἠ
1292 1396 1435 1463 πηγὴ
1468 1398 1561 1451 τῆς
1599 1390 1738 1451 ζωῆς
1768 1394 1857 1441 καὶ
1886 1397 1977 1450 τῆς
2009 1386 2317 1453 ἀθανασίας,
2352 1390 2381 1447 ἡ
2423 1394 2598 1450 πίστις
2642 1391 2669 1447 ἠ
2706 1388 2935 1464 ἀρραγὴς
2979 1395 3069 1443 καὶ
3110 1389 3446 1455 ἀκατάλυτος,
3480 1391 3758 1463 ἐπιφάνηθι
3783 1395 3875 1442 καὶ

505 1481 775 1555 βοήθησον
806 1484 951 1555 ἡμῖν,
975 1487 1152 1555 καὶμὴ
1186 1484 1550 1553 καταισχύνῃς
1577 1483 1713 1552 ἡμᾶς
1728 1483 1847 1540 τοὺς
1873 1481 2145 1538 ταπεινοὺς
2176 1473 2269 1530 διά
2299 1482 2356 1529 τὸ
2387 1481 2551 1549 ὄνομά
2575 1498 2668 1532 σου
2712 1484 2765 1531 τὸ
2791 1480 2935 1551 οἷγιον
2968 1479 3068 1532 ἀπὸ
3098 1488 3186 1541 τῆς
3214 1477 3536 1554 προσδοκίας
3569 1482 3732 1553 ἡμῶν.
3765 1486 3876 1531 Τῶν

505 1570 563 1623 δὲ
586 1569 789 1644 δημίων
849 1572 1055 1635 ξεὸντων
1105 1572 1295 1634 αύτούς
1342 1571 1426 1623 ἐπὶ
1471 1570 1601 1622 πολύ
1655 1574 1744 1621 καὶ
1789 1576 1879 1621 τοῦ
1926 1572 2161 1640 Χριστοῦ
2206 1565 2628 1640 ἐπικουφίζοντος
2671 1574 2760 1621 καὶ
2815 1568 3166 1641 ἐνισχύοντος,
3200 1579 3299 1621 τῶν
3334 1568 3577 1643 βασάνων
3606 1565 3719 1622 οὐδ’
3748 1568 3877 1630 ὅλως

2276 586 2375 656 γὰρ
2427 579 2571 656 εὖρον
2612 584 2797 645 αύτούς
2836 585 3259 658 εὐφραινομένους
3308 592 3397 638 καὶ
3445 583 3764 649 δοξάζοντας
3794 590 3885 639 τὸν

504 1661 810 1735 ᾐσθάνοντο.

574 1753 663 1807 VI.
708 1753 911 1824 Itaque
937 1751 1113 1823 jussit
1151 1766 1253 1807 eos
1292 1750 1602 1822 praefectus
1632 1749 1691 1804 in
1719 1763 2016 1804 carcerem
2065 1762 2159 1802 re-
2192 1748 2233 1802 B

501 1840 746 1897 trudi.Et
761 1842 1102 1896 convocatis
1120 1838 1397 1895 omnibus
1411 1838 1667 1894 ferarum
1689 1834 2158 1892 incantatoribus

497 1930 832 2002 imperavit,
867 1934 930 1984 ut
958 1944 1141 1984 saevas
1167 1943 1379 1983 omnes
1408 1926 1563 1983 feras
1596 1932 1653 1982 et
1678 1925 1971 1992 crudeles,
2003 1940 2157 1996 quas

497 2018 799 2084 haberent,
828 2018 1066 2091 aspides
1089 2024 1142 2073 et
1172 2018 1405 2088 viperas
1437 2015 1734 2081 afferrent,
1758 2022 1815 2070 et
1839 2030 1977 2070 cum
2008 2013 2154 2084 ipsis

496 2107 885 2163 includerent.
909 2110 1046 2171 Quae
1079 2106 1325 2178 quidem
1351 2105 1484 2161 ferte
1515 2105 1591 2160 ad
1620 2104 1796 2176 pedes
1818 2119 2025 2158 eorum
2058 2119 2157 2158 ac-

495 2196 792 2261 cedentes,
826 2212 927 2251 eos
959 2195 1103 2250 nihil
1149 2195 1395 2249 omnino
1421 2193 1741 2249 laadebant.
1785 2192 1984 2249 Sancti
2016 2208 2154 2247 vero

498 2286 893 2349 considentes,
950 2282 1302 2354 psallebant,
1363 2288 1419 2337 et
1466 2285 1649 2337 Deum
1703 2280 2149 2337 collaudabant.

498 2374 765 2444 Cumque
790 2372 980 2427 tribus
1010 2372 1225 2426 diebus
1255 2378 1309 2426 et
1337 2371 1523 2427 tribus
1554 2371 1826 2427 noctibus
1853 2386 1990 2426 cum
2020 2385 2143 2425 san-

495 2461 603 2517 ctis
659 2461 901 2517 inclusae
942 2461 1317 2525 mansissent,
1370 2465 1584 2533 quarto
1630 2461 1725 2515 die
1756 2459 1865 2515 sub
1915 2464 2151 2515 noctem

496 2551 659 2606 misit
714 2551 1048 2622 praefectus,
1076 2552 1179 2621 qui
1211 2549 1500 2614 viderent,
1536 2554 1732 2605 utrum
1761 2565 1797 2605 a
1844 2549 1983 2605 feris
2013 2564 2149 2604 con-

496 2640 719 2712 sumpti
749 2644 965 2695 essent.
997 2640 1109 2695 Sed
1140 2638 1243 2711 qui
1278 2638 1441 2694 missi
1490 2640 1745 2704 fuerant,
1797 2642 1873 2694 ad
1905 2638 2152 2693 carceris

493 2732 649 2786 fores
667 2728 1236 2802 appropinquantes,
1272 2727 1596 2783 audiebant
1620 2744 1723 2783 eos
1748 2727 2070 2800 psallentes
2098 2732 2155 2783 et

492 2820 903 2877 collaudantes
929 2822 1133 2875 Deum.
1157 2820 1424 2890 Cumque
1455 2817 1796 2890 diligentius
1827 2817 2039 2873 vellent
2066 2815 2148 2871 in-

492 2910 660 2973 tueri,
692 2909 839 2981 quid
879 2914 1172 2980 ageretur,
1205 2908 1455 2963 carceris
1485 2912 1704 2963 tectum
1751 2908 2152 2963 conscenden-

491 3003 597 3063 tes,
627 3005 859 3052 sanctos
889 2998 1173 3060 viderunt,
1207 2997 1307 3066 qui
1339 2995 1754 3060 considebant,
1788 2998 1845 3051 et
1867 2995 2147 3064 angelum

492 3086 592 3142 Dei
623 3091 876 3140 stantem
904 3091 1039 3141 ante
1067 3083 1279 3155 faciem
1312 3083 1590 3150 ferarum,
1620 3090 1677 3139 et
1702 3100 1776 3139 ne
1802 3084 1880 3139 ad
1910 3100 2011 3139 eos
2039 3100 2150 3155 ap-
2186 3118 2224 3171 ρ

490 3173 983 3246 propinquarent,
1037 3172 1453 3245 prohibentem
1496 3189 1508 3227 :
1543 3176 1598 3227 et
1637 3170 1911 3228 Praefecto
1950 3172 2146 3227 celeri-

490 3267 595 3330 ter,
613 3279 747 3334 quae
769 3261 1055 3326 viderant,
1081 3260 1451 3316 nuntiarunt.
1488 3262 1733 3317 Summo
1762 3261 1939 3332 igitur
1965 3277 2144 3317 mane

489 3352 635 3408 sedit
675 3352 735 3407 in
766 3351 1064 3418 tribunali,
1114 3356 1170 3405 et
1208 3350 1402 3420 jussit,
1448 3354 1509 3405 ut
1548 3351 1945 3406 incantatores
1991 3349 2145 3405 feras

488 3458 629 3498 suas
680 3448 999 3506 sumerent,
1046 3444 1103 3496 et
1132 3441 1318 3496 sancti
1348 3439 1425 3495 ad
1471 3438 1731 3495 tribunal
1775 3439 2145 3496 adduceren-

490 3538 598 3587 tur.
632 3532 1038 3587 lncantatores
1063 3529 1239 3599 igitur
1256 3545 1393 3584 cum
1424 3528 1500 3585 ad
1534 3530 1784 3585 carceris
1818 3528 2037 3585 ostium
2061 3530 2145 3585 in-

487 3620 929 3677 cantationibus
960 3620 1083 3675 suis
1120 3618 1276 3675 feras
1307 3619 1686 3685 advocarent,
1736 3618 1849 3674 illae
1891 3634 2012 3674 non
2043 3635 2145 3675 au-

486 3710 751 3766 diebant.
778 3709 890 3767 Sed
923 3725 1059 3764 cum
1084 3708 1306 3764 ostium
1337 3708 1588 3763 carceris
1618 3713 1891 3779 apertum
1925 3709 2000 3762 ab
2030 3707 2143 3762 illis

486 3806 795 3867 esset,uno
816 3815 1026 3856 omnes
1054 3798 1280 3871 impetu
1322 3798 1711 3869 egredientes,
1746 3812 2142 3870 quoscunque

484 3895 673 3946 nactae
705 3895 844 3945 sunt
867 3889 1159 3956 homines,
1191 3888 1555 3952 occiderunt,
1590 3894 1645 3944 et
1666 3889 1723 3942 in
1758 3887 2141 3943 solitudinem

483 3978 765 4050 profectae
779 3980 1108 4033 sunt.Tunc
1132 3977 1408 4032 custodes
1431 3977 1507 4032 ad
1526 3976 1874 4047 praefectum
1899 3980 2141 4031 sanctos

482 4068 881 4125 adduxerunt.
935 4069 1043 4133 Qui
1088 4083 1224 4122 cum
1280 4083 1383 4121 eos
1424 4066 1588 4121 nulla
1638 4066 1695 4120 in
1752 4072 1916 4135 parte
1964 4065 2142 4121 laasos

480 4159 790 4230 aspiceret,
827 4157 1022 4213 furore
1061 4156 1414 4220 concitatus,
1457 4170 1560 4209 eos
1585 4155 1778 4226 capite
1809 4154 2137 4210 damnavit.

480 4248 676 4304 Sancti
709 4252 909 4303 autem
941 4245 1165 4316 egressi
1198 4251 1333 4300 sunt
1363 4243 1503 4310 laeti,
1544 4250 1951 4317 canentesque
1983 4244 2141 4300 dice-

478 4337 619 4393 bant
652 4356 665 4396 :
704 4358 727 4387 α
774 4336 1055 4392 Liberasti
1111 4350 1241 4400 nos,
1287 4334 1553 4398 Domine,
1606 4334 1683 4390 ab
1734 4333 1830 4398 iis,
1863 4334 1967 4404 qui
2026 4349 2137 4390 nos

479 4424 843 4497 aﬂligebant,
869 4425 1044 4497 etqui
1069 4424 1319 4480 oderant
1347 4440 1480 4491 nos,
1502 4423 1816 4479 confudisti
1848 4425 1889 4477 θ.
1917 4442 1945 4475 ‹‹
1976 4422 2139 4478 Mini-

483 4517 585 4571 stri
616 4531 776 4587 vero,
798 4515 1021 4570 eductis
1046 4513 1283 4583 gladiis,
1315 4512 1581 4569 fecerunt
1604 4513 1917 4584 imperata.
1945 4515 2135 4584 Atque

478 4604 561 4660 ita
584 4606 771 4661 sancti
802 4604 862 4659 in
895 4603 1106 4659 Christi
1138 4602 1531 4668 confessione,
1569 4602 1834 4674 martyrii
1866 4603 2135 4674 palmam

481 4700 852 4765 acceperunt.
874 4696 1092 4749 Eorum
1118 4698 1317 4748 autem
1333 4707 1587 4763 corpora
1599 4697 1753 4746 recte
1772 4706 2137 4764 componen-

479 4788 565 4839 tes
580 4782 687 4838 viri
709 4783 986 4855 religiosi,
1013 4783 1073 4837 in
1094 4782 1239 4845 loco,
1256 4781 1358 4853 qui
1387 4780 1628 4835 duobus
1654 4796 1941 4853 passuum
1960 4780 2136 4836 milli-

479 4871 595 4927 bus
642 4872 720 4927 ab
770 4872 915 4927 urbe
968 4871 1249 4938 distabat,
1320 4869 1700 4942 sepelierunt,
1753 4871 1827 4926 ad
1882 4869 2132 4940 gloriam

485 4960 804 5035 salvatoris
842 4961 1025 5016 nostri
1054 4960 1194 5014 Jesu
1226 4958 1455 5023 Christi,
1504 4959 1605 5030 qui
1635 4959 1793 5026 vivit,
1826 4964 1881 5015 et
1927 4964 2138 5031 regnat

478 5057 541 5113 in
572 5051 790 5107 saecula
820 5050 1198 5107 saeculorum.
1228 5052 1437 5104 Amen.

479 5137 840 5207 ἀδικηθέντας,
900 5139 1130 5213 ἐμμανής
1194 5142 1460 5211 γενόμενος
1516 5134 1743 5212 σφόδρα,
1810 5135 1971 5192 ἔδωκε
2054 5138 2170 5193 κατ’

554 5266 575 5300 ⁶
608 5264 762 5321 Psal.
802 5280 958 5331 mn,
999 5265 1052 5318 8.

554 5388 630 5459 (ll
684 5388 1028 5445 Theodorus
1091 5389 1299 5450 Lector
1371 5390 1569 5449 scribit
1629 5391 1689 5445 in
1751 5390 2132 5448 Collectaneis

481 5459 580 5536 lib.
602 5460 881 5528 ll,horum
909 5465 1254 5536 sanctorum
1284 5471 1618 5536 martyrum
1639 5462 1921 5536 reliquias
1944 5470 2133 5519 trans-

478 5532 630 5591 latas
660 5548 787 5589 esse
826 5534 1395 5609 Constantinopolim
1428 5532 1463 5592 ἑ
1499 5535 1619 5591 Kal.
1653 5532 1921 5591 Octobris
1950 5536 2132 5593 Theo-

2340 1747 2410 1811 ς’.
2451 1752 2577 1801 Τὸτε
2640 1750 2889 1822 θυμωθεὶς
2944 1750 2970 1801 ὸ
3024 1750 3229 1821 ἡγεμὼν
3284 1748 3511 1803 ἐκέλευσε
3540 1750 3873 1820 κατενεχθέν·

2266 1856 2352 1897 τας
2395 1838 2584 1900 αύτούς
2624 1838 2724 1891 ἀπὸ
2752 1847 2843 1891 τοῦ
2901 1838 3075 1905 ξύλου,
3122 1838 3477 1911 ἀναληφθῆναι
3533 1838 3684 1892 πάλιν
3712 1838 3759 1890 ἐν
3800 1846 3873 1909 τῷ

3157 1931 3348 1990 πάντας
3412 1932 3531 1991 τούς
3590 1924 3872 1987 ἕπαοιδοὺς

3568 2020 3668 2071 ὅσα
3721 2014 3869 2089 εἶχον

2268 1923 2614 2000 δεσμωτηρίῳ
2666 1946 2677 1958 ⁸
2729 1934 2818 1981 καὶ
2870 1929 3089 1989 καλέσας

2264 2024 2361 2067 τῶν
2444 2019 2650 2092 θηρίων,
2712 2017 2968 2071 ἐκέλευσεν
3041 2018 3214 2081 αὑτοῖς
3265 2018 3489 2090 ἇνέγκαι,

2268 2106 2425 2180 θηρία
2462 2106 2672 2178 χαλεπά
2720 2112 2808 2159 καὶ
2841 2104 3004 2173 δεινὰ,
3051 2106 3189 2160 τοῦτ’
3236 2110 3377 2161 ἔστιν
3422 2104 3661 2179 ἐχίδνας,
3711 2106 3870 2160 ἀσπί-

2265 2191 2364 2256 δας
2418 2215 2473 2249 τε
2541 2200 2628 2248 καὶ
2708 2199 2985 2271 κεράστας,
3034 2202 3123 2250 καὶ
3198 2197 3701 2256 ωναποκλείσθῆναι
3755 2196 3867 2268 μετ’

2264 2284 2430 2336 αὐτῶν
2478 2286 2526 2337 ἐν
2575 2294 2635 2357 τῇ
2671 2284 2869 2359 φυλακῇ
2912 2289 3042 2359 πρὸς
3070 2289 3127 2338 τό
3160 2284 3495 2360 ἀναιρεθῆναι
3543 2286 3628 2339 ὑπ’
3672 2286 3863 2340 αὑτῶν.

2265 2380 2365 2427 Καὶ
2436 2377 2628 2427 τούτων
2694 2376 2828 2427 οὑτω
2894 2379 3193 2448 γενομένων,
3248 2372 3381 2434 ἦσαν
3447 2378 3514 2428 τά
3566 2380 3724 2449 θηρία
3778 2378 3866 2449 ἒρο

2264 2483 2425 2516 ποντα
2466 2469 2556 2516 καὶ
2611 2467 2741 2539 πρὸς
2799 2467 2917 2525 τοὺς
2969 2461 3139 2527 πόδας
3186 2465 3355 2517 αύτῶν
3408 2467 3818 2539 παρακαθήμενα
3849 2483 3861 2494 ·

2262 2556 2319 2605 τὸ
2372 2552 2587 2605 καθόλου
2635 2553 2728 2605 ούκ
2786 2552 3097 2626 ἐλυμήναντο
3164 2554 3375 2620 αὐτούς,
3436 2552 3544 2605 ἀλλ’
3612 2553 3864 2612 ἐποίησαν

2261 2646 2323 2695 τὰ
2370 2643 2557 2716 ἑρπετὰ
2604 2651 2741 2716 τρεῖς
2794 2646 2990 2719 ἠμέρας
3040 2650 3128 2696 καὶ
3186 2641 3319 2718 τρεῖς
3366 2649 3552 2705 νύκτας
3619 2644 3865 2716 ἐγκεκλει-

2264 2736 2425 2803 σμένα
2478 2751 2571 2804 μετ
2626 2732 2813 2797 αὐτῶν,
2880 2734 3053 2805 ὥσπερ
3122 2733 3233 2793 ζῶα
3285 2735 3475 2806 ἣμερα,
3532 2743 3632 2785 τῶν
3693 2734 3857 2803 ἁγίων

2262 2821 2553 2892 ὑμνούντων
2597 2826 2686 2874 καὶ
2738 2818 3065 2884 δοξαςὸντων
3114 2826 3201 2874 τὸν
3234 2826 3362 2876 Θεὸν
3401 2822 3813 2884 ἀκαταπαύστως
3840 2844 3854 2856 ο

2260 2915 2349 2962 καὶ
2399 2918 2460 2983 τῇ
2504 2913 2672 2985 ἡμέρᾳ
2714 2918 2774 2979 τῇ
2826 2914 3043 2986 τετάρτη
3101 2910 3395 2965 ἀπέστειλεν
3433 2914 3457 2964 ὸ
3499 2914 3703 2985 ἡγεμὼν
3760 2914 3860 2965 ὑπὸ

2259 3002 2439 3067 νύκτα,
2484 3000 2529 3052 εἰ
2572 3001 2675 3075 ἄρα
2708 2999 3048 3058 ἀνηλώθησαν
3098 3004 3147 3054 οί
3193 3002 3335 3073 ἅγιοι
3379 3003 3478 3055 ὑπὸ
3521 3010 3620 3054 τῶν
3668 3003 3860 3077 θηρίων

2258 3097 2355 3139 τῶν
2416 3087 2624 3141 ἰοϐόλων
2674 3107 2686 3119 ·
2747 3094 2835 3141 καὶ
2883 3092 2947 3150 ὡς
2996 3087 3147 3148 ἦλθον
3198 3094 3247 3143 οἱ
3304 3089 3679 3163 ἀπεσταλμένοι
3732 3094 3864 3166 πρὸς

2255 3182 2346 3235 τὴν
2392 3180 2549 3251 θύραν
2598 3178 2984 3249 ἀκροάσασθαι,
3018 3184 3107 3231 καὶ
3152 3183 3385 3238 ἤκουσαν
3430 3180 3596 3232 αὑτῶν
3640 3179 3863 3251 ψαλλόν-

2255 3285 2353 3317 των
2404 3272 2493 3319 καὶ
2536 3268 2825 3339 ὑμνούντων
2873 3270 2959 3319 τὸν
3016 3273 3163 3333 Θεὸν,
3214 3267 3519 3342 βουλόμενοι
3563 3268 3863 3345 ἀκριϐέστε-

2253 3375 2340 3429 ρον
2414 3357 2617 3428 μαθεῖν,
2675 3354 2931 3414 ἀνέϐησαν
2989 3356 3074 3409 ἐπὶ
3128 3362 3185 3410 τὸ
3248 3354 3403 3431 δῶμα
3455 3367 3550 3420 τῆς
3605 3358 3857 3431 φυλακῆς.

2256 3445 2689 3519 Περιϐλεψάμενοι
2743 3451 2830 3499 καὶ
2874 3446 3106 3522 ἀκριϐῶς
3146 3453 3665 3513 κατασκοπήσαντες,
3719 3444 3858 3501 εἶδον

2255 3540 2370 3596 τούς
2421 3535 2599 3607 ἁγίους
2650 3538 2973 3608 καθημένους
3007 3543 3097 3590 καὶ
3144 3538 3359 3609 ἄγγελον
3412 3543 3605 3612 Κυρίου
3654 3538 3860 3591 ἑστῶτα

2256 3628 2387 3677 κατά
2436 3629 2711 3697 πρόσωπον
2768 3634 2868 3677 τῶν
2948 3625 3157 3679 ἰοϐόλων
3224 3627 3423 3680 ἐκείνων
3499 3630 3707 3701 θηρίων,
3765 3634 3857 3681 καὶ

2254 3711 2383 3787 μηδ’
2446 3714 2570 3776 ὅλως
2630 3723 3012 3789 συγχωροῦντα
3064 3715 3156 3768 κάν
3206 3715 3417 3788 ἐγγίσαι
3474 3718 3668 3781 αὑτοῖς.
3724 3724 3855 3771 Τὸτε

2255 3801 2534 3875 δραμόντες
2581 3803 2889 3876 ἀνήγγειλάν
2936 3814 3007 3875 τῷ
3051 3808 3281 3877 ἡγεμόνι,
3327 3809 3427 3859 ὅσα
3468 3804 3605 3861 εἶδον
3646 3807 3855 3870 οἰκείοις

2253 3894 2535 3967 ὀφθαλμοῖς
2603 3912 2615 3924 ·
2678 3900 2765 3947 καὶ
2814 3894 3040 3957 ἀναστὰς
3064 3898 3251 3969 ὄρθρου
3286 3896 3385 3949 ἀπὸ
3417 3907 3512 3959 τῆς
3550 3896 3724 3959 κλίνης
3756 3898 3854 3950 αύ-

2252 3985 2643 4056 τοῦὸηγεμὼν,
2685 3989 2773 4036 καὶ
2807 3986 3081 4047 καθεσθεὶς
3153 3984 3236 4038 ἐπὶ
3294 3994 3384 4039 τοῦ
3442 3985 3675 4059 βήματος
3738 3986 3851 4039 ἰκέ-

2250 4072 2398 4125 λευσε
2454 4080 2558 4133 τοῖς
2615 4069 2878 4134 ἐπαοιδοῖς
2928 4072 3196 4127 ἀναλαϐεῖν
3231 4079 3321 4147 μὲν
3370 4078 3431 4128 τὰ
3471 4078 3645 4150 θηρία,
3678 4076 3851 4148 ἀχθῆ-

2249 4183 2333 4215 ναι
2365 4159 2423 4215 δε
2470 4165 2592 4223 τούς
2639 4162 2817 4233 ἁγίους
2860 4161 2943 4214 ἐπὶ
2994 4167 3052 4216 τό
3106 4162 3258 4237 βῆμα
3292 4182 3303 4195 ⁸
3338 4164 3641 4228 ἀπελθόντες
3695 4162 3753 4218 δί
3804 4167 3853 4217 όὶ

2250 4248 2487 4305 ἐπαοιδοὶ
2511 4256 2599 4303 καὶ
2629 4251 2892 4323 μελλοντες
2936 4251 3160 4323 ἐγγίζειν
3206 4262 3267 4326 τῇ
3325 4256 3457 4327 θύρᾳ
3496 4263 3591 4316 τῆς
3619 4255 3848 4327 εἱρκτῆς,

2248 4341 2469 4415 ἤρξαντο
2528 4339 2782 4393 ἐπικαλεῖν
2842 4344 2905 4393 τά
2974 4343 3130 4415 θηρία
3194 4350 3253 4415 τῇ
3320 4342 3512 4396 ἑαυτῶν
3553 4340 3802 4415 ἔπαοιδίᾳ
3835 4365 3847 4378 ·

2247 4432 2312 4481 τὰ
2342 4426 2400 4483 δὲ
2425 4429 2529 4502 ούχ
2560 4431 2864 4488 ὑπήκουσαν
2908 4430 3102 4486 αὑτῶν.
3156 4436 3281 4484 Τότε
3310 4432 3531 4494 ἐλθόντες
3584 4434 3633 4485 οἱ
3677 4432 3853 4485 ἐπαοι-

2173 4488 2214 4542 D
2248 4515 2333 4571 δοὶ
2381 4524 2469 4571 καὶ
2501 4518 2790 4582 ἀνοίξαντες
2840 4524 2933 4577 τήν
2984 4522 3142 4593 θύραν
3196 4528 3291 4583 τῆς
3341 4520 3594 4593 φυλακῆς,
3638 4520 3850 4585 ἐξῆλθον

2244 4609 2310 4659 τὰ
2387 4610 2543 4681 θηρία
2590 4605 2927 4681 ὁμοθυμαδὸν
2979 4610 3094 4660 κατ’
3167 4609 3355 4676 αύτῶν,
3406 4616 3495 4663 καὶ
3551 4610 3849 4664 ἀπέκτειναν

2243 4706 2577 4771 παραχρῆμα
2643 4702 2761 4759 τούς
2814 4717 2866 4750 τε
2941 4694 3218 4760 ἓπαοιδοὺς
3287 4704 3375 4751 καὶ
3447 4702 3640 4761 πάντας
3696 4702 3852 4761 ὅσους

2246 4786 2389 4861 εὖρον
2443 4784 2738 4861 ἀνθρώπους
2786 4785 2888 4839 ἐκεῖ
2922 4804 2934 4816 ·
2970 4792 3057 4839 καὶ
3103 4787 3236 4839 αὐτὰ
3275 4790 3459 4861 ἔφυγον
3509 4789 3576 4850 εἰς
3619 4788 3848 4864 ίρήμους

2244 4878 2453 4936 τόπους.
2504 4877 2644 4931 Μετὰ
2695 4882 2862 4927 ταῦτα
2910 4871 2969 4927 δε
3022 4880 3426 4949 παραγενόμενοι
3474 4879 3521 4929 οἱ
3580 4873 3848 4950 δεσμοφύ-

2245 4962 2414 5029 λακες,
2474 4960 2711 5015 ἀνελαϐον
2788 4966 2911 5023 τούς
2971 4962 3155 5032 ἁγίους
3218 4968 3306 5015 καὶ
3388 4968 3585 5037 ἤγαγον
3658 4966 3849 5030 αύτούς

2245 5055 2375 5125 πρὸς
2419 5055 2504 5104 τὸν
2554 5054 2800 5123 ἡγεμόνα.
2856 5056 2956 5105 Καὶ
3012 5049 3135 5105 ἰδὼν
3174 5052 3360 5115 αύτούς
3390 5056 3415 5106 ὁ
3447 5056 3652 5127 ἡγεμὼν
3679 5052 3847 5129 μηδὲν

2244 5140 2410 5193 αὑτῶν
2488 5145 2575 5199 τήν
2646 5139 2926 5209 ἀπόφασιν.
2994 5144 3059 5194 Οἱ
3130 5138 3189 5194 δε
3240 5141 3384 5213 οἷγιοι
3441 5142 3651 5207 ἐξῆλθον
3708 5150 3845 5217 χαί-

2238 5392 2405 5448 dosio
2446 5391 2661 5448 Minore
2692 5393 3047 5464 imperante.
3089 5394 3231 5451 Vide
3255 5396 3579 5455 Baronium
3604 5398 3661 5454 in
3687 5396 3843 5452 notis

2240 5465 2319 5520 ad
2345 5464 2821 5536 Martyrologium
2852 5468 3211 5535 Romanum,
3251 5469 3324 5523 10
3348 5468 3535 5541 April.
