4062 6222
162 276 255 333 105
1296 271 1468 331 VITA
1505 272 1565 328 S.
1608 270 1821 328 CARPI
1862 272 1950 327 ET
1990 269 2386 329 SOCIORUM.

159 418 339 473 ροντες,
404 403 497 451 καὶ
571 397 847 468 ψάλλοντες
918 397 1106 468 ἔλεγονθ
1186 397 1431 460 Ἐσωσας
1512 400 1673 470 ἡμᾶς,
1737 401 1910 472 Κύριε,
1980 397 2036 451 ἐκ
2140 407 2239 451 τῶν
2326 397 2598 451 θλιϐόντων
2668 400 2809 469 ἡμᾶς
2856 404 2946 451 καὶ
3036 403 3158 458 τοὺς
3232 410 3518 473 μισοῦντας

159 493 281 561 ἡμᾶς
350 494 719 561 κατῄσχυνας.
804 488 871 538 Οἱ
946 487 1006 539 δὲ
1098 487 1170 549 εἰς
1236 496 1387 540 τοῦτο
1439 489 1736 560 ταχθέντες,
1814 487 2094 559 ἐνεγκόντες
2177 488 2297 560 ξίφη
2382 491 2439 541 τό
2507 490 2842 563 προσταχθὲν
2905 487 3079 548 αὐτοῖς
3130 489 3385 548 ἐποίησαν
3433 498 3524 545 καὶ

156 580 286 641 τέλος
350 582 411 630 τό
470 576 560 630 διὰ
614 577 789 648 ξίφους
840 583 951 636 τοῖς
1006 574 1169 647 ἁγίοις
1222 579 1484 649 μάρτυσιν
1542 577 1815 635 ἐπέθηκαν
1886 583 1972 629 καὶ
2023 578 2183 640 οὕτως
2240 577 2288 629 ἐν
2357 578 2488 651 καλῇ
2563 579 2835 652 προθυμίᾳ
2903 576 3270 635 ἐτελειώθησαν
3341 579 3389 632 ἕν
3458 590 3521 654 τῇ

156 668 405 739 ὁμολογία
436 674 525 719 τοῦ
550 671 744 738 Κυρίου
771 668 918 737 ἡμῶν
941 667 1119 724 Ἰησοῦ
1150 674 1405 739 Χριστοῦ,
1433 672 1558 739 μηνὶ
1591 668 1859 742 Ἀπριλίῳ.
1897 667 2155 730 Λαϐόντες
2182 665 2241 721 δε
2282 671 2346 720 τὰ
2369 673 2519 740 τίμια
2547 674 2765 739 σώματα
2785 675 2883 719 τῶν
2913 667 3074 738 ἁγίων
3104 673 3193 719 καὶ
3223 668 3525 722 καλλινίκων

156 759 432 831 μαρτύρων
461 758 745 828 Τερεντίου,
784 755 1118 826 ’Δφρικανοῦ,
1146 755 1389 826 Μαξίμου
1422 774 1474 807 τε
1503 761 1593 807 καὶ
1624 761 1862 827 Πομπίου
1897 752 2082 829 ἄνδρες
2113 755 2340 817 εὐλαϐεῖς
2370 760 2458 808 καὶ
2490 755 2845 827 φιλόχριστοι,
2887 760 2974 807 καὶ
3002 758 3136 807 πάνυ
3177 761 3413 827 κοσμίως
3438 763 3527 810 καὶ

157 851 446 918 πρεπόντως
496 841 848 904 κηδεῦσαντες
900 844 1053 907 αὐτὰ,
1106 844 1349 896 ἀπέθεντο
1406 843 1456 895 ἐν
1514 852 1575 915 τῇ
1626 852 1716 916 γῇ,
1777 847 1841 905 ὡς
1899 843 1999 895 ἀπὸ
2057 845 2239 915 μιλίων
2297 841 2395 897 δύο
2443 852 2537 905 τῆς
2575 844 2761 904 πόλεως
2812 844 3085 918 Ἀφρικῆς,
3119 844 3187 905 εἰς
3226 840 3385 907 δόξαν
3439 850 3529 897 καὶ

156 939 306 1005 τιμὴν
358 940 453 985 τοῦ
511 938 704 1003 Κυρίου
752 937 844 984 καὶ
897 940 1028 986 Θεοῦ
1076 937 1163 984 καὶ
1202 940 1437 1005 Σωτῆρος
1488 934 1634 1004 ἡμῶν
1662 932 1839 991 Ἰησοῦ
1884 940 2140 1005 Χριστοῦ,
2175 931 2214 1005 ᾧ
2259 936 2288 991 ὴ
2342 929 2475 995 δόξα
2504 936 2680 985 καὶτὸ
2709 935 2894 1005 κράτος
2935 932 3003 994 εἰς
3045 936 3165 995 τοὺς
3206 933 3396 995 αἰῶνας
3428 941 3528 986 τῶν

155 1023 370 1075 αἰώνων.
413 1023 605 1093 ’Δμήν.

3420 277 3525 333 106

571 397 847 468 ψάλλοντες
918 395 1106 468 ἔλεγονο
1186 396 1431 460 Ἐσωσας
1512 400 1673 470 ἡμᾶς,
1737 401 1910 472 Κύριε,
1980 397 2036 451 ἐκ

804 488 871 538 Οἱ
946 483 1006 539 δὲ
1098 486 1170 549 εἰς
1236 496 1387 540 τοῦτο
1439 489 1736 560 ταχθέντες,

1526 1276 2164 1365 ΜΑΡΤΥΡΙΟΝ

960 1469 1096 1517 ΤΩΝ
1135 1465 1341 1517 ΑΓΙΩΝ
1380 1468 1493 1518 KAI
1536 1466 1846 1519 ΕΝΔΟΞΩΝ
1882 1471 2015 1519 ΤΟΥ
2052 1470 2337 1519 ΧΡΙΣΤΟΥ
2374 1470 2727 1520 ΜΔΡΤΥΡΩΝ

954 1636 1602 1755 ΚΑΡΠοΥ
1662 1636 1940 1753 ΚΑΙ
2000 1637 2749 1759 ΠΑΠΥΛΟΥ

1489 1850 1602 1899 ΚΑΙ
1642 1851 1779 1899 ΤΩΝ
1804 1852 1929 1901 ΣΥΝ
1960 1852 2215 1903 ΔΥΤΟΙΣ.

519 2097 989 2158 MARTYRIUM
1058 2096 1517 2159 SANCTORUM
1590 2097 1692 2158 ET
1764 2098 2312 2162 GLORIOSORUM
2381 2100 2682 2163 CHRISTI
2754 2103 3190 2163 MARTYRUM

744 2256 1216 2396 CARPI,
1308 2257 1838 2377 PAPYLI
1930 2259 2110 2377 ET
2194 2256 2970 2382 SOCIORUM.

158 2502 321 2554 (Anno
350 2500 465 2548 150.
484 2498 671 2547 Latine
696 2495 841 2565 apud
863 2496 1074 2565 surium
1099 2496 1168 2565 ad
1193 2497 1336 2546 diem
1364 2498 1423 2546 13
1441 2497 1648 2565 Aprilis,
1666 2497 1824 2565 juxta
1843 2499 2225 2565 perantiquum
2252 2499 2553 2565 Romanum
2583 2500 3045 2565 Martyrologium,
3065 2502 3299 2565 itemque
3326 2501 3474 2551 Bedes
3488 2500 3545 2549 et

775 2559 974 2609 suardi.
999 2586 1060 2596 —
1094 2558 1278 2610 erca
1306 2574 1370 2609 ex
1402 2558 1521 2611 cod.
1558 2558 1681 2624 Regi
1702 2558 1862 2610 Paris:
1883 2575 2027 2611 nunc
2051 2558 2285 2625 primum
2317 2563 2600 2627 prodeunt.
2643 2558 2762 2612 Em'r
2793 2558 2971 2622 PAr'n.)

236 2823 319 2878 A’.
374 2820 696 2891 Μεμνῆσθαι
746 2826 845 2870 τῶν
899 2818 1023 2891 ὑπὲρ
1061 2825 1298 2892 Χριστοῦ
1337 2820 1602 2871 παθόντων
1634 2820 1770 2892 εἴπερ

1958 2820 1997 2873 l.
2040 2817 2368 2874 Meminisse
2399 2833 2630 2885 eorum,
2662 2818 2767 2890 qui
2798 2834 2901 2890 pro
2932 2818 3165 2875 Christo
3192 2823 3333 2874 sunt
3356 2817 3540 2890 passi,

164 2911 285 2963 illo
324 2930 378 2962 τι
431 2908 695 2968 λυσιτελὲς
735 2913 822 2960 καὶ
874 2906 1147 2979 ὠφέλιμον·
1198 2910 1344 2965 ἱκανὴ
1386 2911 1484 2980 γάρ
1524 2914 1613 2960 καὶ
1644 2913 1772 2979 μόνη

164 3003 447 3072 μαρτύρων
494 3004 673 3069 μνήμη
743 3000 870 3070 πρός
924 3004 1058 3050 Θεοῦ
1108 2998 1274 3069 ἔρωτα
1304 2995 1490 3067 ψυχὴν
1522 2993 1777 3069 διεγεῖραι

164 3094 255 3140 καὶ
291 3091 449 3140 οἱονεί
510 3107 560 3137 τι
615 3089 797 3160 πτερόν
856 3085 922 3145 εἰς
982 3084 1163 3158 ἀρετὴν
1217 3086 1458 3157 γενέσθαι
1516 3091 1605 3137 καὶ
1662 3089 1777 3146 τοὺς

170 3180 359 3239 αὐτοὺς
406 3182 521 3236 τοῖς
572 3177 834 3247 μάρτυσιν
882 3174 1069 3236 ἄθλους
1116 3184 1300 3249 νοερῶς
1352 3176 1619 3246 ὑπομένειν
1675 3195 1776 3227 πα-

169 3268 526 3340 ρασκευάσαι,
559 3261 654 3316 διὰ
696 3272 795 3316 τῶν
826 3262 1011 3316 ἐκεῖθεν
1062 3262 1290 3335 ἀμοιϐῶν
1330 3269 1422 3322 τὴν
1468 3262 1777 3320 ἀπόλαυσιν,

170 3362 276 3408 Τῶν
328 3362 456 3424 γοῦν
508 3357 625 3412 τοὺς
682 3355 1031 3427 μαρτυρικοὺς
1084 3355 1302 3414 τούτους
1358 3352 1560 3423 ἀγῶνας
1601 3349 1780 3410 διηνυ-

175 3451 331 3494 κάτων
383 3443 487 3493 εἰσί
525 3447 613 3493 καὶ
644 3444 692 3492 οἱ
728 3440 932 3515 στερροὶ
990 3449 1078 3500 τῆς
1104 3439 1417 3501 Ἐκκλησίας
1466 3441 1606 3493 οὗτοι
1659 3444 1780 3492 στύ-

174 3532 253 3583 λοι
299 3550 352 3584 τε
404 3537 496 3582 καὶ
542 3530 787 3600 θεμελιοι,
834 3534 1043 3603 Κάρπος
1089 3537 1177 3582 καὶ
1221 3530 1485 3598 Πάπυλος,
1518 3532 1567 3582 οῖ
1596 3533 1781 3603 πατρί-

180 3618 268 3680 δός
318 3625 412 3691 μεν
470 3622 717 3690 ὑπῆρχον
768 3626 1092 3691 περιφανοῦς,
1151 3626 1246 3681 τῆς
1294 3626 1642 3693 Περγαμηνῶν
1690 3623 1783 3671 πό-

176 3709 309 3772 λεως,
360 3712 598 3779 πατέρων
659 3704 717 3759 δὲ
768 3704 975 3779 σφόδρα
1028 3707 1305 3781 φιλαρέτων
1356 3713 1617 3779 γενόμενοι
1660 3726 1782 3759 κατ-

180 3798 388 3855 άλληλον
430 3792 790 3848 ἐπεδείκνυντο
836 3800 925 3847 καὶ
953 3801 1045 3854 τὴν
1074 3795 1304 3867 ἀγωγὴν,
1338 3797 1421 3848 οἶά
1470 3816 1604 3856 τινος
1627 3796 1782 3870 ῥίζης

181 3888 406 3956 εὐγενοῦς
466 3886 644 3955 εὐγενῆ
703 3884 1077 3957 βλαστήματα,
1135 3888 1205 3947 ὡς
1252 3882 1409 3944 δῆλον
1440 3888 1495 3937 ἐκ
1534 3894 1624 3937 τοῦ
1657 3905 1781 3959 καρ-

183 3981 274 4027 ποῦ
326 3978 383 4025 τὸ
439 3969 656 4043 δένδρον
717 3975 953 4043 γίνεσθαι
1004 3979 1093 4025 καὶ
1145 3981 1216 4043 τῷ
1265 3974 1451 4047 ῥείθρῳ
1498 3976 1779 4047 μακαρίζε-

188 4066 300 4115 σθαι
344 4067 439 4119 τήν
488 4067 686 4132 πηγήν.
732 4069 884 4133 Σῶμα
934 4065 1022 4133 μεν
1070 4064 1172 4136 γάρ
1212 4066 1383 4133 μόνοις
1436 4060 1638 4113 ἐποίουν
1688 4061 1782 4134 ἀρ-

1886 2911 1975 2964 est
1997 2906 2325 2979 plurimum
2349 2906 2487 2962 utile
2513 2912 2570 2963 et
2593 2907 2987 2964 conducibile.
3018 2907 3245 2963 Sufﬁcit
3270 2907 3423 2962 enim
3451 2905 3542 2961 vel

1887 2996 2015 3052 sola
2044 2996 2357 3061 memoria,
2392 2997 2543 3051 utad
2572 2997 2673 3052 Dei
2699 3012 2969 3053 amorem
2999 2996 3211 3052 excitet
3247 2996 3541 3066 animum,

1887 3090 1944 3141 et
1970 3086 2043 3141 sit
2072 3084 2252 3140 veluti
2280 3085 2561 3157 quaedam
2586 3085 2683 3141 ala
2709 3085 2787 3141 ad
2812 3085 3105 3150 virtutem,
3135 3088 3192 3141 et
3220 3084 3458 3148 efﬁciat,
3481 3088 3545 3139 ut

1886 3174 2100 3231 eadem
2140 3175 2484 3237 certamina,
2527 3191 2663 3248 quea
2702 3190 2951 3245 corpore
2991 3179 3301 3246 martyres,
3347 3178 3544 3230 mente

1888 3263 1984 3319 ille
2012 3264 2302 3319 sustineat
2326 3279 2433 3335 pro
2462 3263 2728 3319 fruendis
2758 3264 2827 3318 iis
2857 3279 2992 3336 qum
3023 3268 3162 3319 sunt
3188 3262 3326 3329 illic,
3349 3279 3544 3319 remu-

1888 3352 2322 3410 nerationibus.
2350 3355 2430 3408 Ex
2446 3352 2518 3407 iis
2539 3368 2698 3422 ergo,
2719 3352 2821 3425 qui
2835 3352 2957 3407 haec
2978 3352 3247 3424 martyrii
3267 3367 3546 3423 peregere

1890 3442 2237 3509 certamina,
2296 3440 2510 3496 validae
2548 3456 2791 3513 quoque
2832 3441 3103 3497 Ecclesiae
3143 3442 3437 3497 columnae
3491 3446 3548 3497 et

1889 3530 2305 3595 fundamenta,
2322 3529 2547 3602 Carpus
2561 3530 2884 3602 etPapylus
2914 3537 3244 3587 noscuntur
3270 3547 3547 3603 :quorum

1890 3628 2138 3692 uterque
2173 3620 2232 3674 in
2278 3619 2440 3674 clara
2491 3618 2739 3690 quidem
2788 3618 3002 3689 patria,
3048 3634 3265 3691 nempe
3313 3620 3547 3675 civitate

1890 3709 2278 3778 Pergamena,
2308 3723 2378 3761 ex
2405 3707 2574 3763 valde
2600 3713 2799 3762 autem
2834 3708 2944 3779 piis
2978 3714 3149 3763 natus
3176 3708 3545 3778 parentibus,

1890 3798 1973 3853 eis
2003 3812 2243 3869 quoque
2282 3796 2729 3852 convenientem
2767 3798 2901 3851 vitae
2938 3796 3196 3851 ostendit
3232 3796 3546 3861 rationem,

1891 3886 2067 3942 veluti
2099 3900 2402 3955 generosae
2432 3884 2748 3954 cujusdam
2789 3884 3004 3940 radicis
3036 3900 3391 3955 generosum
3424 3899 3551 3954 ger-

1890 3991 2027 4031 men
2051 3993 2066 4045 ;
2095 3974 2247 4029 adeo
2279 3980 2342 4029 ut
2370 3990 2442 4028 ex
2474 3972 2666 4029 fructu
2694 3973 2873 4029 arbor
2904 3972 3182 4028 evaderet
3212 3972 3546 4038 manifesta,

1891 4070 1948 4120 et
1971 4079 2044 4119 ex
2084 4060 2307 4118 ﬂuento
2339 4068 2676 4117 censeretur
2712 4060 2848 4117 fons
2882 4062 3114 4117 beatus.
3170 4064 3315 4117 Nam
3367 4060 3550 4117 ambo

183 4155 380 4205 κεῖσθαι
436 4159 548 4210 τοῖς
605 4150 921 4222 ἀναγκαίοις,
969 4158 1071 4203 πᾶν
1120 4154 1176 4203 τό
1225 4152 1453 4203 ποικίλον
1501 4156 1590 4202 καὶ
1642 4156 1781 4223 περί-

1895 4150 2138 4225 quidem
2168 4166 2383 4222 corpus
2416 4149 2713 4205 faciebant
2742 4165 2873 4205 esse
2903 4149 3042 4205 solis
3071 4154 3418 4205 contentum
3448 4164 3556 4205 ne-

185 4261 319 4313 εργον
385 4239 766 4309 ἀπωθούμενοι,
828 4240 962 4292 οὕτω
1043 4236 1103 4293 δε
1158 4245 1248 4292 καὶ
1312 4246 1417 4300 τοῖς
1484 4238 1783 4311 ἀναγκαίοις

186 4330 324 4402 ἐλίγα
372 4337 665 4401 χρώμενοι,
716 4331 785 4390 ὡς
817 4334 1020 4400 σώματι
1066 4331 1156 4400 μὲν
1200 4332 1342 4402 παρά
1378 4328 1509 4380 πολὺ
1556 4337 1654 4380 τὼν
1696 4328 1783 4401 ἀγ-

184 4421 331 4488 γέλων
384 4417 772 4489 ἀπολελεῖφθαι,
828 4426 900 4487 τῷ
959 4414 1019 4470 δὲ
1062 4424 1292 4490 περιόντι
1343 4427 1439 4480 τῆς
1486 4417 1784 4493 ἐγκρατείας

188 4518 366 4580 μικροῦ
427 4512 519 4559 καὶ
597 4506 925 4579 παρα-ψαύειν
980 4515 1072 4559 τοῦ
1141 4506 1441 4579 ἀσωμάτου.
1523 4507 1784 4562 Ἐντεῦθεν

191 4599 248 4658 εἰς
298 4598 438 4667 ὕψος
491 4595 679 4668 ἀρετῆς
745 4596 1069 4667 ἀναχθέντες,
1125 4596 1262 4659 ἄξιοι
1319 4595 1601 4669 ἐκρίθησαν
1659 4593 1787 4649 εἶναι

190 4694 265 4738 καὶ
314 4689 657 4759 προστασίαν
702 4684 828 4736 λαοῦ
884 4686 1251 4743 πιστευθῆναι.
1303 4686 1407 4739 Καὶ
1441 4687 1649 4758 Κάρπος
1698 4689 1787 4756 μὲν

194 4772 587 4849 ἀρχιερωσύνην
646 4772 822 4834 ἐπιϐὰς
901 4776 966 4827 τὰ
1020 4782 1117 4835 τῆς
1180 4773 1442 4835 εὐσεϐείας
1519 4780 1791 4846 μυστήρια

196 4861 459 4936 διήγγελλε
515 4869 622 4923 τοῖς
668 4861 716 4914 ἐν
774 4868 1099 4936 Θυατείροις·
1160 4862 1403 4923 Πάπυλος
1465 4860 1543 4928 δὲ,
1594 4872 1666 4935 τῷ
1695 4873 1788 4926 τῆς

200 4949 459 5014 διακονίας
543 4949 732 5023 βαθμῷ
810 4954 1067 5024 τιμηθεὶς,
1125 4951 1399 5026 ίσόῤῥοπον
1468 4952 1632 5023 ἑαυτῷ
1697 4957 1790 5011 τὴν

203 5038 427 5099 σπουδὴν
458 5039 510 5092 ἕν
541 5047 648 5103 τοῖς
673 5044 812 5100 ἴσοις
850 5040 1067 5093 ἐποιεῖτο
1096 5045 1290 5101 πόνοις.

266 5216 330 5269 13⁸.
363 5217 509 5269 Ἐπεὶ
538 5212 626 5269 οὖν
666 5219 692 5269 ό
732 5222 851 5290 περὶ
908 5217 1077 5270 αὐτῶν
1123 5217 1271 5289 λόγος
1312 5226 1589 5289 πανταχοῦ
1626 5214 1792 5270 διεδί-

214 5298 335 5371 δετο,
390 5307 476 5358 οἶα
527 5303 668 5378 μηδὲ
714 5305 980 5359 λανθάνειν
1025 5309 1176 5380 φύσει
1227 5314 1320 5369 τῆς
1361 5306 1543 5379 ἀρετῆς
1572 5303 1792 5379 δυναμέ-

216 5410 307 5459 ne,
384 5393 493 5447 ἀλλ’
544 5395 737 5454 ἑαυτὴν
805 5394 884 5448 ἀεί
936 5414 1059 5449 ποτε
1115 5398 1497 5470 κηρυττούσης,
1556 5395 1684 5449 πολύ
1741 5415 1792 5448 τι

477 5502 733 5561 Ριτειοι.
770 5503 871 5562 Gn.
902 5504 1053 5559 CXV.

1891 4240 2191 4307 cessariis,
2233 4238 2580 4311 repellentes
2618 4237 2913 4310 quidquid
2953 4243 3076 4295 erat
3116 4238 3347 4294 varium
3373 4243 3430 4294 et
3456 4255 3555 4293 cu-

1892 4330 2119 4385 riosum
2148 4327 2537 4390 :necessariis
2565 4333 2767 4382 autem
2794 4332 2913 4382 tam
2950 4327 3183 4382 modice
3209 4333 3458 4395 utentes,
3491 4331 3555 4383 ut

1894 4433 2143 4490 corpore
2176 4416 2418 4488 quidem
2442 4414 2695 4470 multum
2719 4415 3001 4470 abessent
3030 4415 3107 4471 ab
3136 4416 3387 4486 angelis,
3417 4416 3557 4470 insi-

1895 4508 1997 4579 gni
2023 4514 2224 4563 autem
2253 4505 2628 4571 abstinentia,
2650 4504 2983 4576 incorporei
3004 4505 3444 4577 propemodum
3472 4505 3558 4560 vi-

1895 4597 2194 4653 derentur.
2214 4596 2503 4650 Hinccum
2526 4594 2995 4666 provectiessent
3020 4594 3097 4649 ad
3116 4610 3425 4649 summum
3444 4593 3558 4648 vir-

1897 4686 2059 4753 tutis,
2086 4684 2336 4755 judicati
2354 4687 2492 4739 sunt
2512 4682 2700 4752 digni,
2720 4698 2979 4754 quorum
3003 4683 3140 4737 ﬁdei
3164 4683 3560 4739 committere-

1898 4779 1991 4831 tur
2017 4772 2219 4845 populi
2252 4772 2620 4843 praafectura.
2642 4774 2707 4826 Et
2727 4770 2955 4842 Carpus
2971 4771 3239 4844 quidem,
3264 4789 3401 4828 cum
3432 4787 3560 4843 per-

1897 4862 2159 4918 venisset
2190 4861 2266 4916 ad
2289 4859 2722 4932 pontiﬁcatum,
2750 4859 2989 4931 pietatis
3023 4861 3306 4931 mysteria
3324 4876 3560 4916 annun-

1897 4951 2086 5008 tiabat
2114 4950 2200 5015 iis,
2234 4950 2335 5021 qui
2360 4954 2526 5005 erant
2552 4948 2843 5020 Tbyatiris
2875 4964 2888 5003 :
2922 4948 3182 5020 Papylus
3216 4954 3419 5005 autem
3450 4950 3560 5005 ho-

1900 5044 2148 5096 noratus
2169 5040 2359 5108 gradu
2376 5038 2750 5103 diaconatus,
2775 5053 2884 5092 suo
2907 5038 3139 5092 muneri
3160 5038 3556 5109 respondens,

1900 5127 2224 5185 adhibebat
2263 5126 2530 5182 studium
2561 5125 2620 5181 in
2653 5125 2899 5197 paribus
2939 5125 3273 5181 laboribus.

1972 5217 2034 5271 Il.
2092 5218 2225 5271 Cum
2253 5230 2395 5284 ergo
2425 5230 2632 5270 eorum
2661 5214 2822 5270 fama
2853 5214 3202 5285 pervasisset
3230 5213 3290 5268 in
3344 5230 3557 5271 omnes

1903 5312 2117 5379 partes,
2172 5308 2375 5376 utpote
2402 5303 2565 5376 quod
2596 5318 2668 5359 ea
2699 5303 2772 5358 sit
2796 5308 3011 5358 natura
3040 5302 3291 5367 virtutis,
3331 5308 3392 5358 ut
3440 5321 3562 5360 non

1902 5394 2097 5467 possit
2116 5392 2317 5457 latere,
2344 5392 2446 5448 sed
2470 5391 2735 5464 seipsam
2759 5407 2997 5463 semper
3024 5390 3324 5463 pradicet,
3346 5408 3568 5464 magna

3110 5502 3143 5559 4
