4062 6222
531 278 630 331 407
1910 250 2162 312 MENSIS
2201 248 2511 308 APRILIS.
3785 246 3891 309 408

517 396 833 457 multitudo
847 394 981 450 ideo
995 388 1353 454 conﬂuebat,
1372 390 1428 442 et
1444 400 1648 442 eorum
1666 382 1867 438 fruens
1883 377 2171 440 doctrina,

2292 375 2475 438 πλῆθος
2532 381 2675 452 παρά
2730 386 2881 430 τοῦτο
2938 376 3201 452 συνέρῥεον
3261 381 3349 428 καὶ
3396 382 3493 438 τῆς
3549 375 3670 447 παρ’
3720 376 3895 427 αύτῶν

514 488 768 545 libenter
815 480 1136 539 accedebat
1166 477 1242 533 ad
1273 477 1571 548 pietatem.
1609 472 1722 529 Sed
1760 469 1885 525 ﬁeri
1927 465 2175 523 omnino

2292 466 2623 528 ἀπολαύοντες
2677 464 3051 533 διδασκαλίας,
3111 469 3328 539 ἄσμενοι
3394 471 3769 536 προσεχώρουν
3824 472 3888 537 τῇ

516 522 758 545 uno...“
815 522 1136 539 ωυυυυνυ...
1166 522 1242 533 αυ-
1274 522 1571 548 τ-ν---ν-
1609 522 1721 529 νη
1940 522 1949 523 7
2609 522 2622 528 -
3018 522 3049 533 -.
3186 522 3196 539 .
3434 522 3441 536 .
3560 522 3602 536 η.
3648 522 3656 533 .

516 592 637 634 non
667 576 923 648 poterat,
957 575 1020 625 ut
1050 568 1155 641 qui
1186 566 1293 621 fuit
1323 564 1399 620 ab
1427 562 1592 619 initio
1624 562 1923 616 bonorum
1972 555 2176 611 adver-
2287 556 2541 630 εὐσεϐείᾳ.
2606 557 2737 609 Ἀλλ’
2794 558 2886 608 οὐκ
2941 554 2998 615 ἦν
3033 562 3238 617 πάντως
3294 559 3378 607 τόν
3424 554 3478 616 ἐξ
3523 553 3694 627 ἀρχῆς
3747 522 3873 604 ἀντί

517 646 735 733 sarius,
770 676 908 717 cum
938 658 1069 714 haec
1101 656 1184 712 sic
1229 654 1460 719 ﬁerent,
1491 651 1750 723 quietem
1783 648 2003 718 ageret.
2048 646 2174 699 Non

514 751 969 829 quievititaque,
991 746 1096 801 sed
1118 760 1256 801 cum
1278 742 1600 797 invenisset
1623 736 1892 808 egregios
1924 730 2176 790 admini-

513 822 667 898 stros
695 854 818 895 sum
838 835 1100 896 malitiae,
1116 832 1198 888 eis
1218 829 1617 903 persuadetut
1635 830 1873 882 sanctos
1897 822 2177 878 accusent

512 929 674 1004 apud
702 926 963 988 Decium,
996 920 1162 994 quod
1184 919 1297 975 sint
1336 923 1393 974 et
1424 917 1484 972 in
1516 915 1661 971 deos
1694 911 1862 983 impii
1903 926 2004 966 eos
2035 907 2177 963 abo-

513 1021 834 1080 minantes,
852 1018 911 1069 et
937 1013 1267 1084 sequantur
1288 1022 1511 1063 vanam
1544 1002 2020 1060 Christianorum
2047 994 2179 1068 opi-

513 1110 775 1167 nionem.
804 1104 897 1160 Ille
920 1105 1122 1159 autem
1136 1100 1247 1155 hac
1260 1113 1320 1153 re
1342 1093 1692 1166 gravissime
1720 1090 1989 1153 affectus,
2013 1086 2180 1141 Vale-

513 1199 671 1255 rium
698 1192 1030 1268 quemdam
1084 1200 1473 1250 assessorem,
1509 1198 1647 1239 cum
1677 1195 1799 1253 quo
1830 1194 1924 1234 res
1970 1190 2178 1232 omnes

513 1303 652 1343 suas
682 1277 1327 1347 communicabat(erat
1343 1278 1543 1330 autem
1566 1286 1782 1328 amans
1806 1268 2179 1329 dasmonum,

516 1384 573 1434 et
594 1376 683 1432 vir
703 1370 977 1444 agrestis)
998 1367 1209 1424 emittit
1229 1365 1287 1419 in
1314 1362 1538 1427 Asiam,
1562 1375 1699 1432 quin
1727 1357 1840 1412 sibi
1862 1356 1935 1411 de
1959 1352 2179 1409 sanctis

516 1464 793 1523 nuntiata
822 1463 1072 1523 fuerant,
1107 1456 1159 1512 ei
1189 1452 1562 1523 signiﬁcans,
1594 1452 1652 1504 et
1681 1449 1732 1504 ei
1762 1446 1821 1502 in
1852 1445 1983 1501 illos
2016 1444 2180 1514 pote-

517 1560 731 1611 statem
760 1550 1130 1624 permittens.
1158 1543 1367 1600 Statim
1398 1554 1540 1609 ergo
1570 1535 1834 1593 Valerius
1856 1534 2017 1589 viam
2039 1545 2178 1586 con-

520 1644 640 1700 ﬁcit
664 1617 850 1716 quam
876 1635 1178 1694 celerrime
1210 1652 1221 1691 :
1253 1636 1311 1686 et
1336 1632 1661 1703 postquam
1682 1625 1865 1681 fuitin
1897 1623 2048 1687 loco,
2080 1617 2179 1675 ubi

2292 1649 2395 1704 ριος
2420 1634 2514 1688 τὴν
2544 1625 2667 1681 ὀδόν
2697 1628 2765 1688 εἰς
2807 1631 2948 1698 ταχὺ
2993 1624 3153 1691 ἀνυει,
3204 1629 3292 1676 καὶ
3340 1620 3520 1680 ἐπειδὴ
3572 1622 3619 1674 ἐν
3746 1622 3891 1674 οὗτοι

521 1735 557 1789 ii
601 1711 921 1802 degebant,
973 1725 1066 1781 ille
1109 1721 1357 1794 quidem
1400 1717 1602 1774 statim
1654 1714 1781 1771 deis
1832 1711 2002 1769 vanis
2043 1723 2179 1765 con-

2292 1715 2478 1789 διῆγον
2520 1722 2693 1788 γέγονε
2743 1722 2905 1785 τόπῳ,
2956 1715 2981 1766 ὁ
3030 1717 3118 1786 μεν
3167 1712 3318 1773 εὐθὺς
3354 1719 3465 1772 τοίς
3502 1715 3739 1783 ματαίοις
3794 1712 3892 1771 τὰς

520 1827 688 1877 sueta
716 1818 901 1875 voluit
923 1814 1134 1871 oﬁ‘erre
1166 1807 1489 1874 sacriﬁcia,
1523 1806 1773 1877 ejusque
1799 1802 2009 1873 jussus
2041 1813 2179 1853 mox

2294 1809 2533 1869 συνήθεις
2591 1813 2825 1880 προσῆγε
2879 1807 3083 1864 θυσίας·
3136 1803 3521 1874 προστάγματα
3593 1796 3651 1852 δι
3730 1798 3889 1850 αὑτοῦ

520 1909 779 1982 pervasit
800 1920 1012 1962 omnes
1043 1900 1326 1957 terminos
1348 1894 1607 1966 regionis
1637 1891 2078 1965 Thyatirorum,
2120 1888 2179 1941 ut

2292 1902 2463 1948 πᾶσαν
2495 1898 2622 1953 ὅσην
2652 1897 2701 1947 οἱ
2729 1898 3026 1967 Θυατείρων
3058 1890 3265 1962 ἐπεῖχον
3305 1892 3437 1961 ὅροι,
3468 1891 3602 1941 κατά
3649 1884 3889 1945 σπουδὴν

518 1999 861 2073 quicunque
894 1995 955 2049 in
985 2008 1055 2048 ea
1088 1992 1275 2053 erant,
1300 1985 1446 2041 nihil
1469 1987 1817 2040 cunctantes
1833 1979 2104 2035 venirent
2124 1976 2179 2029 in

2293 1982 2643 2055 διελάμϐανεν,
2703 1985 2835 2035 ὥστε
2882 1985 2997 2041 τούς
3044 1980 3173 2052 αὐτῇ
3224 1981 3437 2039 πάντας,
3485 1980 3604 2029 ἔνθα
3642 1979 3671 2035 ἡ
3731 1980 3891 2028 θυσία

519 2105 657 2144 eum
677 2066 879 2142 loc—um
903 2082 1004 2137 ubi
1035 2080 1200 2135 ﬁeret
1230 2073 1609 2137 sacriﬁcium,
1644 2070 1970 2141 gratiarum
2004 2066 2179 2121 actio-

2295 2078 2508 2146 γίνοιτο,
2538 2070 2705 2146 μηδὲν
2757 2071 3032 2145 μέλλοντας
3081 2067 3310 2137 ἀπαντᾴν
3366 2070 3459 2128 τὰς
3500 2070 3890 2139 χαριστηρίους

519 2118 657 2144 cum
677 2118 879 2142 lUUulu
905 2118 1004 2137 υυι
1036 2118 1200 2135 μυιυ-
1230 2118 1349 2132 υυ-υ.
1366 2118 1609 2137 ...νη-..η
1644 2118 1701 2141 ο-
1716 2118 1857 2126 ..-,..-
1877 2118 1970 2123 ----
2009 2118 2037 2121 ,ι
2052 2118 2069 2121 _
2090 2118 2117 2120 η
2135 2118 2149 2120 _

516 2194 624 2233 nes
646 2176 758 2249 ipsi
789 2186 1031 2246 quoque
1053 2168 1166 2222 diis
1187 2165 1343 2221 illius
1364 2160 1672 2226 reddituri,
1691 2164 1750 2215 ut
1766 2157 1869 2231 qui
1896 2155 2077 2212 nollet
2096 2169 2179 2210 so-

2300 2118 2508 2146 [νη-’ν’
2538 2118 2698 2146 Γνσνσν
2757 2118 3032 2145 Γ--π--ν-τπ
3229 2118 3297 2137 ⁷1⁷
3378 2118 3381 2119 ν
3445 2118 3459 2128 υ
3500 2118 3590 2139 Α..
3725 2118 3751 2139 -ι
3874 2118 3886 2127 -

2294 2163 2455 2235 εὐχὰς
2520 2168 2609 2213 καὶ
2664 2162 2854 2221 αύτούς
2910 2167 3014 2219 τοῖς
3066 2157 3257 2209 ἐκείνου
3318 2158 3450 2217 θεοῖς
3535 2159 3886 2219 συνοίσοντας,

517 2267 644 2322 lum
670 2243 984 2333 aegrotare,
1012 2256 1117 2314 sed
1146 2255 1294 2311 alios
1323 2266 1566 2324 quoque
1600 2248 1770 2304 vellet
1802 2245 1911 2301 frui
1966 2243 2181 2300 eodem

519 2354 752 2412 morbo.
776 2355 891 2407 Hoc
909 2352 1109 2406 autem
1126 2341 1387 2400 ducebat
1403 2355 1532 2395 esse
1547 2336 1851 2393 sufﬁciens
1869 2347 2187 2403 argumen-

518 2451 645 2499 tum
671 2440 974 2497 sententire
1008 2440 1360 2506 martyrum.
1390 2427 1631 2484 Dicebat
1683 2426 1844 2480 enim
1894 2423 2051 2477 intra
2099 2436 2186 2488 se,

518 2532 682 2606 quod
700 2530 749 2585 si
767 2530 929 2601 ipsos
945 2525 1191 2599 quidem
1207 2518 1425 2576 viderit
1446 2516 1850 2573 communiter
1875 2510 2190 2569 covenien—

519 2601 607 2677 tes
634 2636 771 2676 cum
795 2614 1172 2673 multitudine
1190 2609 1268 2667 ad
1291 2605 1785 2668 sacriﬁcandum,
1816 2601 1967 2657 falsa
1996 2614 2188 2671 appa-

518 2710 734 2767 rebunt
753 2706 1018 2770 omnino,
1043 2717 1179 2774 quae
1194 2699 1466 2754 dixerunt
1481 2694 1681 2751 Decio.
1710 2694 1806 2749 Sin
1827 2691 2046 2755 minus,
2061 2702 2185 2743 non

519 2805 609 2856 est
639 2796 758 2854 alia
787 2793 982 2865 major
1001 2787 1407 2863 exspectanda
1453 2782 1753 2859 probatio.

2287 556 2541 630 εὐσεϐείᾳ.
2606 557 2737 609 Ἀλλ’
2794 558 2886 608 οὐκ
2941 554 2998 615 ἦν
3033 562 3238 617 πάντως
3294 559 3378 607 τόν
3424 554 3478 616 ἐξ
3523 553 3694 627 ἀρχῆς
3747 554 3889 604 ἀντιο

2287 652 2512 718 κείμενον
2562 654 2666 707 τοῖς
2716 645 2927 717 ἀγαθοῖς
2975 649 3167 698 τούτων
3222 645 3356 697 οὕτω
3418 648 3693 715 γινομένων
3752 645 3888 699 ἡσυ-

2286 741 2414 807 χίαν
2472 738 2634 807 οἴγειν
2679 737 2861 788 οὔκουν
2900 734 3022 788 οὐδὲ
3062 738 3358 807 ἡσύχαζεν,
3413 732 3543 784 ἀλλὰ
3586 741 3676 792 τῆς
3729 732 3892 783 αὑτοῦ

2287 830 2473 887 κακίας
2531 828 2821 900 ὑπουργοὺς
2873 824 2966 876 ούκ
3039 822 3256 896 ἀγεννεῖς
3311 824 3560 895 εὑρηκὼς,
3619 817 3888 873 ἐνδιαϐάλ-

2286 915 2386 966 λειν
2432 914 2697 967 ἀναπείθει
2759 919 2916 985 Δεκίῳ
2957 917 3073 975 τούς
3133 915 3420 984 μάρτυρας,
3464 912 3545 963 ὃτι
3595 930 3648 962 τε
3687 908 3892 971 ἀσεϐεῖς

2288 1007 2352 1055 τά
2398 1007 2527 1079 πρὸς
2578 1007 2719 1066 θεούς
2763 1004 2885 1065 εἱσι,
2921 1007 3008 1054 καὶ
3039 1004 3114 1054 ὃτι
3144 1005 3234 1059 τὴν
3273 1005 3455 1058 καινὴν
3486 1007 3584 1051 τῶν
3631 1006 3889 1074 Χριστια-

2287 1103 2383 1145 νῶν
2445 1093 2791 1167 πρεσϐεύουσι
2858 1090 3034 1155 δόξαν.
3103 1091 3161 1143 Ὀ
3224 1087 3282 1143 δὲ
3347 1090 3696 1162 χαλεπώτατα
3764 1093 3892 1161 πρὸς

2288 1191 2436 1236 τοῦτο
2486 1181 2760 1248 διατεθεὶς,
2815 1183 3093 1253 Οὐαλέριόν
3141 1200 3255 1233 τινα
3296 1175 3684 1252 συγκάθεδρον,
3716 1180 3891 1239 ὅςκαὶ

2290 1282 2389 1325 τών
2455 1274 2580 1325 ὅλων
2640 1273 2779 1343 αύτῷ
2826 1272 3097 1337 ἐκοινώνει,
3166 1266 3510 1342 φιλοδαίμονα
3564 1272 3653 1320 καὶ
3710 1270 3890 1342 ἄγριον

2290 1359 2475 1434 ἄνδρα,
2538 1366 2667 1433 πρὸς
2716 1366 2808 1418 την
2876 1361 3056 1412 Ἀσίαν
3129 1357 3395 1430 ἐκπέμπει,
3466 1356 3555 1409 οἷτε
3606 1361 3724 1429 περὶ
3788 1365 3890 1407 τῶν

2290 1452 2449 1522 ἀγίων
2499 1450 2638 1521 αύτῷ
2693 1449 2948 1521 ἀνηγγέλη
3007 1452 3269 1519 γνωρίσας
3326 1451 3415 1498 καὶ
3474 1450 3567 1503 τὴν
3620 1447 3730 1497 κατ’
3762 1444 3892 1497 ἐκεί-

2290 1561 2386 1591 νων
2461 1539 2699 1602 ἐξουσίαν
2748 1537 3022 1610 ἐπιτρέψας
3077 1537 3235 1606 αύτῷ.
3306 1534 3506 1587 Αὐτίκα
3558 1530 3644 1585 οὖν
3697 1533 3894 1585 Ούαλέ-

2296 2255 2466 2326 ὥσπερ
2519 2252 2612 2304 οὐκ
2670 2251 2925 2311 ἐθέλοντος
2981 2254 3134 2321 μόνον
3180 2252 3364 2311 νοσεῖν,
3428 2244 3555 2296 ἀλλά
3619 2250 3707 2296 καὶ
3767 2247 3893 2305 τοὺς

2294 2343 2479 2405 ἄλλους
2528 2341 2909 2414 παραπολαύειν
2961 2338 3101 2408 αύτῷ
3148 2344 3240 2388 τοῦ
3277 2339 3591 2406 νοσήματος.
3624 2341 3786 2386 Τοῦτο
3831 2331 3891 2386 δὲ

2295 2435 2398 2506 ἄρα
2448 2438 2722 2505 τεκμήριον
2778 2432 2948 2481 ἱκανόν
3006 2435 3100 2487 τῆς
3165 2434 3262 2476 τῶν
3319 2426 3593 2497 μαρτύρων
3671 2423 3890 2475 ἐποιεῖτο

2294 2528 2524 2594 γνώμης·
2585 2522 2719 2591 ὒεγε
2768 2522 2869 2592 γάρ
2911 2520 2994 2582 ὡς,
3050 2515 3094 2567 εἰ
3146 2518 3235 2586 μὲν
3286 2518 3375 2564 καὶ
3422 2511 3606 2569 αύτούς
3641 2529 3891 2584 συνερχο-

2294 2615 2494 2683 μένους,
2550 2618 2621 2680 τῷ
2652 2610 2836 2667 πλήθει
2874 2611 2963 2658 καὶ
3009 2612 3151 2676 κοινῇ
3200 2606 3291 2665 τὰς
3349 2604 3531 2663 θυσίας
3577 2604 3892 2674 προσφέρον-

2294 2721 2384 2761 τας
2420 2697 2551 2767 ἶδοι,
2600 2696 2771 2771 ψευδῆ
2814 2699 3017 2757 πάντως
3061 2694 3095 2745 οἷ
3135 2695 3263 2767 πρὸς
3314 2694 3400 2743 τὸν
3430 2694 3601 2742 Δέκιον
3644 2696 3887 2741 κατεῖπον

2294 2792 2460 2843 αὐτῶν
2510 2785 2656 2842 εἶναι·
2711 2788 2754 2841 εἰ
2809 2784 2867 2840 δε
2915 2789 3010 2858 μὴ,
3069 2787 3139 2855 μὴ
3198 2786 3374 2834 πίστιν
3406 2778 3573 2853 ἑτέραν
3624 2777 3888 2849 ἀναμένειν

2288 2884 2521 2954 μείζονα.

593 2975 685 3030 III.
718 2972 867 3027 Cum
898 2984 1038 3039 ergo
1058 2981 1269 3023 omnes
1289 2964 1533 3036 quidem
1564 2960 1624 3015 in
1646 2960 1847 3014 locum
1876 2952 2179 3011 convenis-

2363 2969 2432 3023 Γ’.
2521 2970 2663 3021 Ἐπεὶ
2729 2964 2815 3019 οὖν
2893 2966 3075 3024 πάντες
3136 2964 3226 3033 μὲν
3287 2954 3668 3033 συνδραμόντες
3730 2951 3886 3017 ἦσαν,

521 3067 674 3125 sent,
699 3066 763 3116 ut
793 3061 1145 3131 peragerent
1172 3053 1490 3116 sacriﬁcia,
1527 3048 1638 3104 soli
1669 3051 1868 3102 autem
1901 3044 2179 3106 abessent

2292 3061 2425 3111 ὥστε
2462 3062 2551 3119 τὰς
2601 3060 2790 3118 θυσίας
2845 3053 3151 3114 ἐπιτελέσαι,
3214 3053 3341 3121 μόνη
3405 3044 3462 3098 δὲ
3521 3047 3551 3103 ἠ
3611 3047 3887 3117 θαυμαστὴ

521 3101 674 3125 δυ’-ἰν
702 3101 763 3116 ιι·
796 3101 1031 3131 [IVN-0‘"
1048 3101 1145 3111 νε·-
1172 3101 1297 3108 -—--
1313 3101 1490 3116 -—v-—y
1535 3101 1548 3104 -
1567 3101 1613 3104 ν-
2169 3101 2179 3106 -

521 3147 907 3207 admirabiles
922 3146 1044 3201 duo
1074 3150 1363 3213 martyres
1385 3138 1555 3211 (alibi
1586 3137 1746 3192 enim
1770 3134 2032 3197 stabant,
2063 3132 2179 3185 Deo

2292 3101 2425 3111 νηη
2471 3101 2550 3119 ηἼ
2604 3101 2790 3118 vum,
3214 3101 3224 3121 ι
3329 3101 3338 3106 .
3539 3101 3546 3103 .
3710 3101 3719 3117 ,
3877 3101 3882 3102 ,

2292 3159 2389 3200 τῶν
2442 3150 2716 3220 μαρτύρων
2783 3143 3059 3215 ἀπελείφθη
3117 3136 3244 3199 δυὰς
3298 3138 3528 3209 (ἵσταντο
3606 3136 3706 3206 γὰρ
3772 3132 3888 3195 ἔξω,

522 3254 749 3311 preces,
790 3249 1008 3305 nempe
1048 3247 1256 3287 verum
1294 3228 1612 3285 reddentes
1653 3222 2058 3289 sacriﬁcium),
2111 3219 2179 3273 iis

2292 3246 2363 3307 τῷ
2403 3219 2523 3307 Θεῷ
2564 3239 2656 3297 τὰς
2695 3235 2876 3307 εὐχὰς,
2916 3237 3009 3290 τὴν
3054 3229 3217 3287 ἀληθῆ
3273 3229 3457 3279 θυσίαν
3503 3219 3888 3290 ἀποδιδόντες),

522 3328 645 3383 sisti
686 3325 891 3397 jussis,
946 3322 1041 3377 ille
1080 3317 1396 3391 superbius
1437 3331 1508 3371 ac
1546 3313 1757 3369 elatius
1798 3327 1902 3366 eos
1955 3308 2179 3378 rogavit

2292 3329 2758 3400 παραστησάμενος
2835 3322 3023 3383 αύτούς
3081 3322 3325 3391 σχήματι
3397 3312 3735 3387 σοϐαρωτέρῳ
3795 3316 3890 3369 τὴν

523 3367 645 3383 οη..
686 3367 891 3397 μων,
946 3367 1040 3377 .-.ν
1080 3367 1393 3391 "rm---
1441 3367 1503 3371 ﬂ-
2027 3367 2060 3378 υ

523 3430 793 3478 causam,
819 3428 925 3468 cur
949 3409 1064 3482 ipsi
1096 3408 1427 3464 abfuissent
1454 3423 1466 3460 :
1498 3402 1717 3458 deinde
1744 3396 2178 3468 etiamadjecit:

2296 3367 2758 3400 ""‘f“"‘"""‘f"""
2836 3367 3023 3383 """‘0
3086 3367 3250 3391 'A-"t"
3530 3367 3539 3387 ι
3661 3367 3671 3385 ι
3708 3367 3716 3382 ι
3846 3367 3853 3369 ~

2293 3417 2463 3468 αἰτίαν
2514 3417 2691 3490 ἠρώτα
2737 3422 2832 3474 τῆς
2884 3409 3216 3480 ἀπολείψεώςο
3269 3402 3377 3459 εἶτα
3429 3408 3517 3455 καὶ
3572 3402 3886 3474 προσετίθει·

521 3510 593 3561 At
624 3504 831 3560 saltem
862 3506 999 3557 ante
1024 3514 1190 3553 meos
1220 3496 1428 3552 oculos
1453 3492 1699 3565 pulchre
1730 3488 2062 3557 corrigatur
2083 3486 2179 3540 de-

2292 3506 2409 3558 Ὀτι
2456 3508 2550 3557 κοῖν
2602 3513 2727 3576 γοῦν
2785 3502 2862 3555 ἐπ’
2917 3500 3069 3571 ὄψεσι
3120 3504 3232 3558 ταῖς
3287 3495 3434 3567 ἐμαῖς
3491 3495 3548 3544 τό
3620 3491 3892 3561 ὑστέρημα

523 3596 728 3650 lictum
772 3596 833 3646 ut
871 3586 1327 3646 accusatoribus
1368 3581 1597 3639 invidia
1636 3580 1697 3634 in
1737 3582 1918 3649 caput
1972 3590 2179 3647 eorum

1021 3683 1027 3685 μ
1147 3675 1199 3685 ..
1299 3673 1313 3685 .
1392 3674 1401 3682 .
1698 3684 1701 3685 ν
1998 3664 2172 3685 βιηε,

2292 3598 2459 3656 καλῶς
2508 3594 2951 3667 ἀναπληρωθήτω,
3010 3590 3092 3641 ἶνα
3142 3591 3231 3638 καὶ
3280 3591 3385 3643 τοῖς
3435 3585 3749 3656 κατηγόροις
3818 3578 3891 3639 εἰς

524 3686 921 3745 convertatur,
981 3683 1036 3733 et
1063 3675 1237 3732 vobis
1264 3673 1496 3737 clarior,
1528 3684 1714 3742 quam
1746 3666 1931 3739 prius,
1993 3664 2179 3734 gloria

2292 3685 2511 3758 κεφαλὰς
2542 3686 2565 3736 ό
2606 3664 2788 3756 φθόνος
2821 3683 3204 3753 μεταχωρήσῃ,
3238 3678 3329 3725 καὶ
3377 3673 3497 3744 ὑμῖν
3537 3669 3886 3741 λαμπρότερον

524 3773 768 3829 oriatur.
801 3769 887 3825 Ad
915 3769 1045 3824 haec
1072 3764 1280 3831 sancti,
1313 3762 1417 3835 qui
1447 3766 1504 3816 et
1533 3764 1697 3815 metu
1726 3763 1783 3812 et
1816 3754 1983 3812 omni
2012 3753 2179 3809 clari-

2292 3726 2511 3758 “·τ””’ν··ι
2543 3726 2564 3736 π’
2608 3726 2788 3756 τ-τ--τ
2821 3726 3204 3753 r‘""h"r"'2"
3411 3726 3420 3744 ι
3600 3726 3609 3741 ι
3680 3726 3689 3740 .
3797 3726 3806 3741 .

2292 3778 2319 3836 ἣ
2380 3779 2436 3827 τό
2494 3776 2716 3837 πρόσθεν
2770 3791 2827 3823 το
2880 3770 3022 3829 κλέος
3095 3765 3346 3837 ἀναφανῇ.
3430 3762 3562 3834 Πρὸς
3616 3765 3782 3810 ταῦτα
3838 3758 3887 3808 οἱ

524 3867 640 3919 tate
685 3861 956 3915 humana
981 3860 1151 3912 erant
1181 3851 1516 3925 superiores
1552 3866 1564 3904 :
1601 3850 1761 3902 Esset
1812 3845 2094 3907 dedecus,
2142 3856 2179 3897 o

528 3952 538 3963 .
611 3950 627 3963 ι
779 3949 811 3963 .-
988 3950 1033 3963 ξι
1103 3948 1366 3963 ,ρμΑημ
1428 3940 1674 3963 :...........
1744 3934 1999 3963 ,Ῑηι-ιιυιηο
2064 3932 2179 3963 ικα-

2292 3820 2317 3836 -.
2388 3820 2433 3827 η
2499 3820 2708 3849 "ru--7
2779 3820 2821 3823 η
2886 3820 2889 3821 7
2950 3820 2959 3821 7
3009 3820 3022 3829 .
3200 3820 3210 3837 .
3299 3820 3307 3835 .
3476 3820 3485 3834 .

2292 3866 2433 3937 ἅγιοι
2480 3870 2567 3916 καὶ
2620 3861 2776 3934 φόϐου
2828 3865 2917 3911 καὶ
2968 3858 3290 3928 περιφανείας
3342 3853 3519 3910 πάσης
3562 3845 3888 3920 ἀνθρωπίνης

2303 3954 2312 3963 .
2376 3962 2379 3963 ,
2752 3956 2759 3963 .
2931 3948 2941 3963 ι
2964 3948 2977 3963 ι
2999 3946 3071 3963 xxv
3170 3943 3182 3959 9
3204 3962 3221 3963 κ
3285 3944 3295 3955 ι
3334 3960 3362 3963 ._
3442 3935 3590 3963 D-._-\
3604 3942 3654 3963 -.Ἴ
3724 3930 3860 3963 ..Ἰ-Α..

517 3950 729 4024 judex,
755 3949 1056 4014 dixerunt,
1098 3948 1390 4015 apertum,
1428 3940 1702 4010 inquam,
1742 3934 2022 3996 dedecus,
2064 3932 2179 3986 ha-

532 4040 541 4043 -
694 4038 704 4043 -
967 4041 973 4043 Α
1070 4034 1079 4043 .
1257 4030 1269 4043 ι
1322 4034 1332 4043 .
1572 4040 1744 4043 κίκι--
1791 4018 2175 4043 Δε--...ι-..ε,.κ

2292 3954 2531 4027 ἀνώτεροι
2586 3956 2869 4023 γεγονότες·
2931 3946 3071 4000 Ἀλλ’
3131 3943 3388 4013 αἰσχύνη,
3438 3935 3679 4011 βασιλεῦ,
3723 3930 3882 3996 εἶπον,

529 4040 666 4095 bere
694 4038 901 4094 bovem
926 4041 982 4090 et
998 4034 1232 4090 asinum
1252 4030 1338 4101 (ut
1364 4045 1501 4084 cum
1531 4040 1753 4094 magno
1784 4018 2176 4089 dicamlsaia)

2292 4044 2523 4114 αἰσχύνη
2560 4044 2749 4113 σαφὴς,
2784 4037 2911 4111 βοῦν
2952 4038 3089 4106 ἔχειν
3131 4037 3218 4083 καὶ
3259 4034 3387 4093 ὄνον,
3429 4027 3563 4079 κατὰ
3598 4026 3685 4076 τὸν
3725 4026 3885 4095 μέγαν

526 4129 629 4200 qui
667 4142 778 4181 nos
819 4129 1131 4194 arguerent
1165 4118 1367 4187 magni
1407 4115 1673 4171 criminis
1715 4111 1930 4180 ingrati
1969 4108 2174 4173 animi,

562 4216 571 4225 .
670 4215 679 4225 .
708 4214 721 4225 ι
877 4211 949 4225 .n-
1069 4210 1079 4220 ο
1107 4210 1121 4225 ι
1268 4224 1277 4225 ,
1301 4223 1315 4225 _
1337 4208 1662 4225 _‘-__-_--..a
1691 4213 2096 4225 ..λη-Ληηληιιννι
2134 4198 2150 4225 1

2292 4132 2505 4186 Ἠσαίαν
2613 4130 2788 4195 εἰπεῖν,
2875 4123 3099 4199 μεγάλης
3179 4120 3554 4191 ἀγνωμοσύνης
3647 4112 3884 4181 ἔλεγχον,

527 4198 826 4287 siquidem
874 4211 954 4267 illi
983 4210 1224 4281 quidem
1256 4208 1665 4275 cognoverunt
1691 4213 2101 4273 possessorem
2134 4198 2176 4265 ι,

570 4309 575 4311 .
883 4302 893 4311 .
926 4301 934 4309 .
1146 4298 1158 4311 1
1206 4298 1215 4311 ι
1288 4300 1298 4311 ι
1392 4309 1441 4311 γ-
1518 4296 1706 4311 -.-ΑΔ-μ
1768 4287 1922 4311 --.ΑΔ
1948 4286 2179 4311 ..ιη-υ...-

2292 4230 2426 4299 εἴπερ
2490 4221 2654 4275 ἐκεῖνα
2705 4220 2795 4291 μεν
2844 4218 2972 4287 ἔγνω
3013 4216 3099 4264 τὸν
3144 4210 3450 4281 κεκτημένον
3496 4207 3585 4255 καὶ
3613 4204 3884 4275 τρέφοντα,

2494 4308 2506 4311 Α
2794 4309 2804 4311 ‘
2940 4303 2951 4311 ‘
3100 4309 3107 4311 -
3308 4300 3327 4311 -
3487 4298 3495 4307 ε
3587 4290 3629 4311 ’ἢ
3660 4293 3741 4311 .nx
3811 4295 3827 4311 ι
3846 4306 3864 4311 -

526 4309 583 4360 et
611 4319 770 4368 eum,
795 4302 896 4373 qui
923 4301 1085 4372 ipsos
1107 4298 1306 4354 alebat
1332 4312 1344 4350 :
1375 4309 1484 4349 nos
1513 4296 1734 4353 autem,
1763 4287 1925 4361 quod
1946 4286 2179 4342 alamur

566 4392 581 4402 1
621 4392 631 4402 ο
788 4392 797 4400 ο
1115 4388 1125 4397 ·
1152 4387 1166 4402 1
1254 4401 1261 4402 κ
1316 4400 1408 4402 κημ
1453 4383 1637 4402 ,:__-__
1674 4379 1869 4402 _-I:,.|..
1905 4376 2153 4402 ΠΑννιζηΑ

2292 4274 2365 4279 ’”’ή
2379 4274 2420 4299 Τ
2498 4274 2501 4275 ⁷
2705 4274 2715 4291 ι
2874 4274 2888 4287 1
3305 4274 3314 4281 ,
3646 4274 3651 4275 γ

2292 4317 2429 4387 ἡμᾶς
2482 4308 2539 4365 δὲ
2597 4309 2869 4382 φαίνεσθαι
2930 4303 3225 4375 ἀγνοοῦτας,
3284 4300 3386 4367 εἴγε
3447 4298 3531 4346 τόν
3578 4290 3742 4347 ἀληθῆ
3801 4295 3882 4340 Δε-

2724 4397 2736 4402 “
2831 4400 2836 4402 ‘
3085 4390 3096 4402 '
3184 4385 3207 4402 ‘
3294 4388 3303 4401 '
3534 4379 3882 4402 i_-_-b.~_--.‘.

528 4392 766 4463 abipso,
786 4392 1060 4460 ignorare
1075 4387 1430 4450 videremur,
1448 4383 1643 4437 sivero
1674 4379 1873 4435 relicto
1904 4376 2175 4439 Domino,

2293 4409 2489 4460 σπότην
2590 4397 2976 4455 καταλιπόντες,
3069 4385 3433 4461 ψευδωνύμοις
3525 4379 3885 4452 προστιθῶμεν

528 4434 766 4463 “Her-1v:
787 4434 1059 4460 ὀιινινσιν
1087 4434 1632 4450 --ι---ν---ι---πκ
1676 4434 1723 4435 77
2161 4434 2171 4439 .

526 4480 633 4553 qui
658 4479 805 4535 falso
830 4481 1135 4542 vocantur,
1164 4476 1308 4531 deos
1335 4472 1685 4529 coleremus.
1716 4471 1845 4523 Haec
1867 4465 2173 4520 dixerunt:

2293 4434 2489 4460 υιιυιιιν
2592 4434 2976 4455 Ανιινκηιμν-...,,
3077 4434 3432 4461 r---..-_r,-,,
3564 4434 3573 4452 Δ
3794 4434 3802 4448 ι

2293 4497 2442 4553 θεοῖς.
2494 4497 2671 4543 Ταῦτα
2739 4486 2879 4538 εἷπον
2931 4487 3020 4533 καὶ
3073 4479 3182 4550 ἅμα
3244 4478 3373 4536 Θεὸς
3428 4478 3535 4531 τοῖς
3600 4468 3885 4541 εἰρημένοις

527 4574 585 4627 et
609 4573 760 4625 Deus
806 4567 985 4623 simul
1033 4566 1122 4631 iis,
1152 4580 1287 4637 quae
1342 4562 1501 4617 dicta
1537 4567 1692 4625 sunt,
1745 4561 1836 4612 est
1872 4569 2174 4611 assensus.

527 4662 676 4716 Nam
703 4672 963 4726 magnus
982 4656 1211 4711 irruens
1234 4658 1398 4707 terrae
1423 4655 1636 4713 motus,
1663 4645 1949 4702 convertit
1970 4645 2028 4697 in
2053 4642 2177 4712 pul-

525 4763 728 4803 verem
748 4762 836 4813 ea,
861 4760 996 4818 quae
1013 4744 1090 4799 ab
1108 4739 1526 4813 insipientibus
1544 4736 1915 4797 colebantur,
1934 4731 2178 4787 simula-

2291 4580 2655 4654 ἐπεψηφίζετο,
2714 4579 2803 4627 καὶ
2849 4577 3066 4643 σεισμοῦ
3119 4587 3170 4618 τι
3218 4569 3351 4636 μέγα
3397 4567 3589 4633 χρῆμα
3616 4555 3886 4625 ἐπενεχθίν

2290 4672 2361 4735 εἰς
2390 4676 2529 4723 κόνιν
2575 4667 2806 4720 ἐλέπτυνε
2830 4665 2895 4714 τα
2932 4669 3030 4712 τῶν
3073 4656 3299 4731 ἀφρόνων
3333 4652 3660 4721 σεϐάσματα,
3700 4648 3789 4695 καὶ
3819 4640 3888 4694 τά

2289 4765 2379 4836 μὲν
2408 4758 2600 4831 ἄψυχα
2629 4755 2793 4815 οὕτως
2819 4748 2931 4823 εἶχε
2950 4748 3039 4800 καί
3070 4742 3349 4798 διελέλυτο.

528 4852 648 4892 cra.
674 4839 739 4891 Et
758 4831 1295 4907 inanimaquidem
1325 4830 1406 4883 sic
1428 4843 1488 4882 se
1514 4824 1838 4887 habebant,
1870 4827 1928 4877 et
1953 4821 2034 4877 ita
2059 4820 2177 4875 fue-

528 4940 590 4981 re
611 4923 928 4980 dissoluta.

602 5013 689 5067 IV.
724 5012 952 5068 Valerio
983 5014 1183 5066 autem
1216 5006 1391 5061 ﬁrma
1421 5008 1545 5060 erat
1574 5017 1645 5058 ac
1674 4998 1901 5056 stabilis
1933 4995 2176 5062 malitia,

528 5112 585 5163 et
613 5120 747 5179 quae
777 5117 898 5157 non
927 5102 1161 5172 poterat
1187 5092 1474 5152 amoveri.
1506 5095 1653 5148 Nam
1701 5105 1840 5144 cum
1891 5083 2179 5141 admirari

528 5177 1162 5270 oporteretpotentiam
1185 5185 1281 5239 Dei
1300 5179 1684 5243 ineffabilem,
1698 5182 1756 5233 et
1775 5177 2023 5231 deorum
2044 5188 2180 5227 suo-

526 5262 660 5341 rum
688 5294 974 5353 magnam
999 5263 1917 5337 irridereimbecillitatem(quod
1931 5262 2178 5335 quidem

526 5372 761 5430 fecisset
789 5350 878 5426 vir
906 5365 1172 5442 prudens
1202 5366 1258 5419 et
1285 5357 1664 5429 intelligens),
1697 5354 1791 5410 ille
1831 5350 2017 5409 evasit
2046 5365 2171 5406 ma-

2361 4992 2432 5046 Δ’.
2458 4989 2722 5060 Οὐαλερίῳ
2753 4980 2812 5035 δε
2840 4981 3025 5049 πάγιος
3055 4978 3085 5035 ἡ
3119 4977 3279 5027 κακία
3301 4975 3392 5023 καὶ
3423 4967 3746 5041 ἀμετάθετος’
3769 4957 3886 5014 δέον

2287 5086 2389 5155 γὰρ
2422 5054 2704 5149 θαυμάσαι
2729 5077 2818 5130 τὴν
2849 5071 3043 5141 ἄφατον
3082 5070 3173 5117 τοῦ
3227 5067 3360 5115 Θεοῦ
3392 5054 3611 5127 δύναμιν
3662 5057 3749 5104 καὶ
3791 5058 3888 5111 τῆς

2289 5142 2479 5231 πολλῆς
2524 5142 2623 5220 τῶν
2668 5162 2827 5215 αὐτοῦ
2877 5161 3000 5211 θεῶν
3039 5153 3305 5211 ἀσθενείας
3351 5144 3706 5217 καταγελάσαι
3738 5142 3884 5214 (ὅπερ

2290 5263 2349 5313 ἄν
2410 5260 2621 5314 ἐποίησε
2669 5260 2784 5305 νοῦν
2823 5252 2958 5322 ἔχων
3012 5249 3102 5297 καὶ
3152 5244 3336 5294 συνιὼν
3396 5231 3702 5309 ἅνθρωπος)·
3753 5231 3778 5281 ὁ
3827 5225 3889 5281 δὲ

2283 5351 2595 5424 θρασύτερος
2627 5340 2889 5396 ἐδείκνυτο
2919 5335 3107 5411 μᾶλλον
3148 5336 3238 5384 καὶ
3269 5328 3451 5392 αὐτὴν,
3498 5324 3565 5385 ὡς
3615 5326 3748 5393 εἶχε,
3789 5322 3886 5377 τὴν

600 5569 616 5603 ¹
652 5567 764 5623 lsa.
793 5582 831 5632 1,
886 5568 939 5619 3.
