4078 6222
221 254 304 315 109
1310 253 1473 309 Vl'l‘A
1512 251 1571 307 S.
1614 244 1831 306 CARPI

221 386 369 453 μανίαν
416 378 641 451 ἐγύμνου.
695 378 831 430 Ἀλλ’
884 381 991 431 ἐπεὶ
1038 382 1095 431 τὸ
1153 379 1348 452 εὐγενὲς
1395 383 1483 430 καὶ
1538 381 1756 448 κόσμιον
1786 372 1832 426 Α

220 482 295 523 τῶν
348 465 533 542 ἀνδρῶν
606 464 924 540 αἰδούμενος,
981 466 1275 541 βαρυτέρας
1330 473 1449 528 τέως
1508 466 1757 537 ἀπείχετο

218 564 441 630 τιμωρίας
486 557 663 610 κελεύει
736 557 929 619 κλοιοῖς
992 555 1238 633 σιδηροῖς
1294 556 1755 630 περιαυχενισθέν-

219 670 286 710 τις
332 650 538 719 γυμνοὺς
592 646 682 697 δι’δά
738 652 901 718 ,uéam
974 652 1066 705 τὴν
1149 648 1340 719 ἀγορὰν
1393 645 1755 719 περιάγεσθαι’

219 742 369 807 ἤγοντο
411 741 571 787 τοίνυν
624 738 670 788 οἱ
710 735 931 793 ἀθληταὶ
968 741 1157 806 γυμνοὶ
1196 740 1544 808 περιαυχενίῳ
1578 730 1759 805 δεσμῷ

218 825 533 898 βαρυνόμενοι,
592 829 676 876 καὶ
740 831 1020 898 περιῄεσαν
1074 823 1273 896 ἀτίμως
1325 829 1417 882 τῆν
1467 822 1659 897 ἀγορὰν
1712 824 1761 873 οἱ

218 915 379 974 ἀληθῶς
424 919 598 985 τίμιοι,
654 918 1019 987 μυκτηρισμός
1078 918 1166 965 καὶ
1222 913 1378 984 γε’λως
1445 914 1493 964 οἱ
1562 914 1760 984 μυρίων

216 1010 324 1067 ὄντες
349 1007 553 1056 ἐπαίνων
590 1002 743 1065 ἄξιοι.
796 1002 856 1055 Ὀ
902 999 1159 1062 δικαστὴς
1206 999 1293 1054 οὖν
1332 1006 1426 1060 τὴν
1464 1003 1645 1072 ἄτιμον
1676 1018 1761 1052 πε-

214 1097 440 1163 ριαγωγὴν
483 1093 672 1149 ταύτην
704 1091 965 1163 αἰσχύνην
1014 1089 1283 1143 ὑπολαϐὼν
1333 1093 1616 1161 ἐμποιῆσαι
1652 1094 1762 1149 τοὶς

212 1184 349 1253 ἁγίοις
384 1186 463 1232 καὶ
509 1181 641 1231 οὕτω
688 1180 1085 1252 μαλακωτέρους
1130 1179 1321 1241 αύτούς
1358 1180 1761 1252 παρασκεύασαι

212 1276 304 1344 περὶ
343 1275 426 1327 τὴν
472 1272 731 1333 ἔνστασιν,
767 1269 1116 1342 ἁπαλωτέροις
1145 1272 1308 1341 ἔκρινε
1355 1268 1525 1339 λόγοις
1575 1267 1761 1328 αὐτοὺς

210 1361 403 1412 ὑπελθεῖν
455 1364 538 1410 καὶ
587 1360 746 1430 ταύτῃ
806 1357 992 1429 κλέψαι
1040 1366 1133 1419 τῆς
1187 1362 1533 1431 προαιρέσεως
1592 1356 1759 1407 αὑτῶν

210 1454 281 1506 τήν
321 1449 572 1518 εὐγένειαν,
647 1452 756 1498 καί·
815 1446 872 1499 Εἰ
919 1450 1008 1518 μὲν
1056 1447 1224 1521 ἐώρων
1282 1448 1436 1519 ὑμᾶς,
1480 1452 1628 1517 φησὶ,
1685 1450 1756 1516 μὴ

212 1543 488 1611 φρονήματος
567 1538 748 1606 ὑγιοῦς
836 1544 972 1608 σαφῆ
1064 1540 1408 1609 γνωρίσματα
1494 1540 1758 1607 φέροντας,

211 1627 561 1697 ἀπεσχόμηνοῖν
591 1635 690 1687 τῆς
728 1628 857 1699 πρὸς
906 1627 1042 1696 ὑμᾶς
1092 1624 1405 1696 συμϐουλῆς·
1450 1623 1609 1686 ἔξεστι
1658 1627 1759 1697 γὰρ

210 1722 276 1767 mi
301 1713 378 1767 διὰ
422 1714 669 1786 βασάνων
720 1717 855 1786 ὑμᾶς
885 1713 1028 1779 ἑλεῖν,
1073 1714 1114 1765 εἰ
1156 1714 1482 1786 θελήσαιμεν,
1529 1717 1618 1765 καὶ
1666 1718 1759 1771 τὴν
1789 1712 1841 1773 Β

210 1808 413 1877 ἡμετέραν
460 1807 708 1869 οἶκοντας,
763 1810 853 1855 καί
900 1808 971 1875 μῆ
1024 1801 1369 1876 βουλομένους
1408 1799 1759 1873 μεταδιδάξαι

215 1898 460 1965 θρησκείαν·
517 1894 631 1947 ἐπεὶ
681 1889 741 1946 δε
792 1898 881 1945 καὶ
928 1892 1047 1962 ὄψις
1100 1898 1187 1944 καὶ
1235 1894 1263 1950 ἠ
1310 1902 1408 1944 τῶν
1449 1893 1588 1950 ἠθῶν
1618 1892 1759 1943 εύκο-

222 1990 313 2054 σρία
348 1988 434 2041 τὴν
486 1992 583 2044 τῆς
628 1988 843 2054 γνώμης
889 1981 1175 2055 ἕλευθερίαν
1220 1978 1462 2043 δηλοῦσι,
1516 1982 1761 2052 πείθομαι

220 2072 451 2143 σύμϐουλος
490 2072 688 2142 ἀγαθός
736 2072 857 2142 ὑμῖν
902 2080 1248 2131 καταστῆναι·
1292 2066 1415 2123 οὐδὲ
1465 2072 1567 2142 γὰρ
1614 2067 1762 2141 οἶμαι

210 2158 513 2213 διαλανθάνειν
570 2163 735 2231 ὑμᾶς,
786 2162 855 2222 ὡς
900 2162 955 2212 ἐκ
1007 2168 1211 2233 μακροῦ
1256 2168 1346 2211 τοῦ
1388 2164 1584 2233 χρόνου
1636 2160 1763 2230 τάγε

207 2258 272 2310 τῆς
310 2254 417 2322 πρὸς
475 2253 593 2311 τούς
655 2248 940 2309 ἀθανάτους
993 2251 1135 2310 θεοὺς
1188 2248 1448 2321 ἀρξάμενα
1496 2245 1658 2311 δόξης
1709 2266 1763 2300 τε

202 2345 270 2391 καί
294 2349 427 2411 τιμῆς
472 2345 562 2391 καὶ
615 2339 683 2399 εἰς
715 2336 869 2410 δεῦρο
912 2344 1000 2390 καὶ
1048 2341 1121 2391 ἔτι
1170 2343 1327 2409 μένει,
1375 2338 1434 2389 ού
1474 2339 1596 2409 παρ’
1638 2339 1763 2408 ἡμῖν

200 2448 245 2496 γε
285 2436 433 2499 μόνοις
472 2437 585 2490 τοῖς
642 2434 735 2485 τὴν
790 2424 1013 2479 Ἐλλάδα
1062 2426 1307 2498 γλῶσσαν
1351 2424 1570 2491 εἰδόσιν,
1637 2426 1765 2478 ἀλλὰ

200 2524 265 2569 καὶ
313 2526 409 2580 τοῖς
469 2517 765 2590 Βαρϐάροις
833 2517 1029 2578 αὑτοῖς·
1090 2517 1285 2579 ἔξεστιν
1338 2515 1426 2568 οὖν
1475 2513 1547 2568 δι’
1601 2516 1762 2578 αὐτῆς

201 2608 296 2679 όρᾲν
341 2608 502 2667 πόλεις
561 2606 808 2678 εὐνομίαν
856 2605 1107 2677 ἀγούσας,
1167 2605 1421 2678 πολεμίων
1471 2606 1627 2679 ὀφρῦν
1674 2610 1761 2657 πί-

201 2715 396 2748 πτουσαν
449 2702 537 2748 καὶ
593 2696 805 2769 εἰρήνην
869 2695 1185 2767 ἰθυνομένην·
1243 2699 1273 2753 ii
1326 2697 1478 2747 πόθεν
1531 2693 1764 2767 βασιλεῖς

198 2790 268 2835 καί
294 2781 534 2837 δυνάσται
588 2784 768 2837 πολλοὶ
813 2787 900 2855 μὲν
951 2789 1041 2836 καὶ
1076 2789 1342 2858 πρότερον,
1386 2783 1647 2855 Ῥωμαίων
1706 2780 1765 2835 δὲ

200 2881 267 2923 νῦν
304 2874 367 2935 εἰς
393 2883 643 2926 τοσοῦτον
684 2870 846 2935 δόξης
882 2875 1160 2947 προῆλθον,
1189 2877 1253 2933 ὡς
1301 2873 1765 2946 καταστρέψασθαι

200 2965 270 3030 μὲν
313 2965 442 3029 ἔθνη,
520 2962 996 3035 καταστρέψασθαι
1060 2958 1119 3015 δε
1179 2962 1369 3026 πόλεις,
1427 2964 1764 3036 ὑποχειρίους

201 3046 247 3102 δέ
277 3054 587 3109 ποιήσασθαι
630 3058 729 3103 πᾶν
783 3055 841 3103 τό
882 3050 1153 3103 ἀντίπαλον
1184 3067 1197 3117 ;
1234 3050 1292 3103 Εἰ
1330 3055 1501 3103 τοίνυν
1553 3049 1764 3122 ἀμαθῶν
1800 3068 1841 3125 C

199 3138 337 3207 λόγοις
388 3144 512 3211 πρὸς
571 3145 670 3197 τὴν
728 3140 913 3210 α”λογον
957 3143 1146 3197 ταύτην
1204 3145 1290 3192 καὶ
1355 3138 1605 3212 ἀρτιφανῆ
1666 3148 1765 3191 τῶν

200 3234 489 3301 Χριστιανῶν
568 3227 732 3291 δόξαν
802 3230 1095 3299 ὑπήχθητε,
1160 3229 1218 3280 ού
1301 3234 1586 3301 μέμφομαι·
1674 3236 1765 3289 τῆς

1306 3319 1448 3389 ὑμεῖς
1525 3314 1558 3368 δ
1562 3320 1583 3369 ξ
1657 3316 1764 3369 ἀλλ’

199 3403 491 3467 ἀναλαϐόντες
540 3407 761 3468 ἑαυτούς
811 3408 1054 3477 μετάθετε
1103 3410 1231 3478 πρός
1302 3410 1359 3457 τό
1420 3404 1643 3478 βελτιον,
1701 3408 1765 3465 ὡς

198 3318 444 3379 ἁπλότητος
498 3322 610 3392 γὰρ
658 3316 787 3370 εἶναι
854 3323 1002 3369 τοῦτό
1078 3334 1229 3389 φημι’

198 3496 308 3546 iani
357 3516 407 3548 τε
461 3500 569 3549 θεοὶ
622 3498 743 3567 ὑμῖν
798 3495 911 3565 ἵλεῳ
953 3500 1215 3566 γένωνται,
1262 3494 1502 3547 πλειόνων
1548 3513 1603 3546 τε
1642 3493 1763 3547 ἀπο-

198 3582 387 3641 λαύσητε
432 3595 530 3637 τῶν
576 3586 704 3658 παρ’
746 3586 872 3656 ἡμῖν
924 3583 1128 3655 ἀγαθῶν
1172 3589 1262 3636 καὶ
1301 3587 1358 3636 τὸ
1388 3592 1479 3635 τοῦ
1512 3582 1765 3656 βασιλέως

196 3673 301 3724 οὕτω
350 3675 620 3745 φιλοτιμον
663 3678 778 3747 περὶ
831 3675 924 3735 τὰς
969 3673 1200 3733 εὐποιίας
1247 3669 1557 3744 κερδήσητεο
1612 3672 1656 3725 εἰ
1705 3669 1764 3725 δὲ

200 3769 284 3822 τοῖς
324 3769 590 3837 προτέροις
636 3767 798 3836 μέχρι
854 3765 1042 3824 παντὸς
1093 3762 1408 3833 ἐπιμείνητε,
1454 3765 1520 3813 τὰ
1570 3764 1764 3813 τούτων

197 3848 369 3903 ἐναντία
404 3854 523 3925 ὑμῖν
580 3850 926 3925 συμϐήσεται,
983 3850 1109 3902 ἀλλὰ
1136 3857 1225 3903 καὶ
1277 3853 1421 3923 ἡμῶν
1452 3850 1767 3925 αὐστηροτέ-

199 3957 279 4010 ρων
328 3943 464 4013 (ὅπερ
525 3941 854 4012 ἀπεύχομαι)
904 3939 1064 3999 πολλῆ
1124 3938 1325 4011 ἀνάγκη
1382 3941 1581 4000 πάντως
1635 3941 1766 4011 ὑμᾶς

199 4032 493 4101 πειραθῆναι.

253 4119 316 4172 E’.
366 4127 538 4173 Ταῦτα
594 4115 777 4178 ἐπειδὴ
823 4121 873 4171 οἱ
943 4120 1202 4193 μάρτυρες
1255 4119 1505 4181 ῆκουσαν,
1557 4120 1619 4170 τὰ
1677 4117 1767 4189 ὃμ-

196 4224 313 4273 ματα
356 4209 425 4271 εἰς
474 4209 728 4282 οὐρανούς
777 4206 1092 4280 ἀνασχόντες
1137 4212 1226 4260 καὶ
1274 4207 1422 4268 ὅλους
1462 4207 1671 4269 ἑαυτούς
1702 4215 1764 4280 τῇ

196 4312 269 4345 του

359 4306 592 4373 σταυροῦ
678 4294 936 4372 σφραγῖδι
1022 4299 1457 4369 σημειωσάμενοι.
1554 4295 1768 4358 Ἔοικας

198 4383 330 4451 εἶπον,
411 4390 589 4460 ὥσπερ
649 4390 789 4449 τινας
867 4395 965 4438 τῶν
1028 4385 1390 4459 ἀφελεστέρων,
1436 4383 1575 4458 μηδὲ
1633 4384 1846 4484 βρα-Ῑ)

208 4467 245 4484 δ,
374 4475 469 4484 αλ--
563 4477 573 4484 ι
630 4477 659 4484 ν-
826 4475 846 4484 ‘
1049 4480 1057 4484 ‘
1221 4477 1233 4484 ⁸
1301 4482 1308 4484 “
1432 4475 1444 4484 ’
1495 4478 1512 4484 ”

198 4467 320 4541 δέως,
366 4475 469 4528 ἀλλ’
522 4477 738 4537 εὐκόλως
790 4475 925 4529 οὕτω
972 4480 1167 4529 πείσειν
1212 4477 1350 4547 ἡμᾶς
1396 4475 1639 4533 οἰηθῆναι
1676 4494 1769 4546 με-

198 4566 416 4633 ταμαθεῖν
453 4571 548 4624 τῆν
588 4564 873 4618 εὐσέϐειαν
911 4565 1019 4617 ἀλλ’
1067 4565 1161 4617 οὐκ
1206 4561 1458 4639 ἀνδράσιν
1506 4563 1767 4634 ἀγεννέσιν

200 4652 291 4702 ἴσθι
340 4660 655 4727 περιτυχὼν,
718 4655 778 4706 ού
830 4657 907 4726 μὰ
970 4659 1055 4706 τόν
1110 4656 1237 4727 ὑπὲρ
1294 4661 1531 4725 Χριστοῦ
1586 4662 1768 4706 τοῦτον

201 4736 350 4809 ἀγῶνα
393 4749 479 4796 καὶ
526 4750 620 4803 τὴν
670 4746 919 4817 ἡμετέραν
969 4745 1023 4795 ἐκ
1076 4739 1279 4795 παίδων
1318 4748 1433 4817 περὶ
1482 4748 1575 4801 τὴν
1627 4742 1768 4795 εύσέ-

202 4827 319 4881 ϐειαν
366 4830 614 4892 ἀσκησιν’
670 4829 793 4885 οὐδὲ
837 4836 938 4907 γὰρ
992 4836 1035 4886 εἷ
1071 4852 1122 4884 τι
1178 4829 1423 4905 ἀρχαῖον,
1477 4840 1630 4884 τοῦτο
1680 4835 1769 4883 καὶ

202 4928 331 4989 τιμῆς
378 4922 541 4985 ἄξιον·
599 4919 777 4981 ἐπειδὴ
836 4922 1032 4974 παλαιά
1088 4925 1177 4993 μὲν
1222 4923 1428 4981 πάντως
1483 4925 1572 4972 καὶ
1604 4923 1632 4979 ἠ
1681 4940 1768 4971 και

203 5012 291 5058 κία*
337 5010 437 5063 ἀλλ’
492 5012 620 5083 ούχὶ
676 5016 765 5063 καὶ
811 5012 1065 5084 τιμᾶσθαι
1112 5007 1203 5063 δὶἀ
1257 5013 1344 5062 τόν
1387 5016 1577 5082 χρόνον
1626 5008 1766 5071 ἀξία.

205 5095 267 5147 0'5
308 5106 468 5152 τοίνυν
520 5104 561 5154 εἰ
600 5100 804 5176 ἀρχαία
855 5097 939 5152 δεῖ
986 5106 1194 5151 σκοπεῖν
1230 5101 1259 5157 ἠ
1320 5101 1575 5173 θρησκεία
1605 5100 1768 5171 ὑμῶν,

330 5190 451 5241 αὐτὸ
501 5198 671 5256 τοῦτο,
706 5191 748 5243 εἰ
798 5187 913 5242 δέον
965 5189 1126 5247 αὐτὴν
1170 5191 1504 5263 προσίεσθαι,
1548 5192 1607 5248 ἦν
1640 5208 1772 5259 συμ-

209 5270 545 5351 ϐουλεύσαιμεν
598 5282 658 5331 ἄν
710 5282 857 5349 ἡμεῖς
913 5276 1155 5330 ἐκκλίνειν
1210 5279 1377 5335 ὁπόση
1426 5275 1644 5348 δύναμις
1683 5282 1772 5329 καὶ

210 5359 254 5411 ἐκ
290 5374 372 5417 τοῦ
417 5371 577 5439 μέσου
628 5376 813 5434 ποιεῖν,
876 5368 1006 5421 οὑτω
1082 5371 1296 5440 φρικτὴν
1350 5370 1509 5441 πυρός
1570 5371 1772 5437 γέενναν

214 5458 297 5511 τοῖς
341 5452 604 5526 ἀγαπῶσιν
660 5457 824 5516 αὐτὴν
873 5456 1323 5532 θησαυρίζουσαν.
1377 5453 1541 5516 Ὀλως
1595 5451 1673 5522 δὲ,
1731 5455 1775 5507 εί

217 5546 304 5613 χρὴ
348 5546 453 5617 μετ’
503 5545 765 5620 ἀκριϐείας
802 5550 1104 5621 προσέχειν,
1163 5546 1395 5621 εὑρήσεις
1432 5546 1637 5606 πάντως
1683 5548 1773 5597 καὶ

1871 252 1956 305 ΕΤ
2002 255 2384 318 SOCIOBUM.
3414 273 3440 327 1
3455 276 3472 328 i
3485 275 3519 328 0

1868 378 1958 447 gis
1991 385 2358 457 temerarius,
2398 392 2448 442 et
2480 403 2655 444 suam
2687 387 2864 458 plane
2911 390 3167 446 ostendit
3194 392 3515 453 insaniam.

1869 470 1983 525 Sed
2007 488 2145 529 cum
2168 476 2430 533 virorum
2453 477 2823 532 nobilitatem
2851 484 2907 532 et
2934 478 3281 538 modestiam
3306 486 3516 543 reveri-

1872 566 1984 625 tus,
2036 567 2172 618 tunc
2222 582 2257 621 a
2300 567 2571 637 graviore
2611 567 2876 621 cruciatu
2916 567 3314 635 abstinuisset,
3350 574 3521 645 jubet

1870 663 1991 715 eos,
2036 651 2238 708 ferreis
2268 654 2587 711 collaribus
2629 655 2792 711 collis
2829 671 3032 711 eorum
3065 657 3385 731 impositis,
3414 679 3520 734 per

1871 739 2136 795 medium
2166 740 2363 798 forum
2394 744 2590 798 nudos
2620 744 2964 814 circumagi.
3000 745 3153 800 Nudi
3186 746 3383 820 itaque
3414 750 3521 806 du-

1871 826 2160 882 cebantur
2191 829 2442 895 athletae,
2478 830 2610 886 colli
2637 831 2875 887 vinculo
2907 834 3130 901 gravati
3180 850 3193 888 :
3241 841 3297 891 et
3325 836 3522 895 forum

1870 915 2121 972 obibant
2146 934 2281 973 cum
2304 918 2574 990 infamia,
2599 920 2703 993 qui
2720 936 2856 977 vere
2876 927 3043 977 erant
3061 921 3298 979 honesti
3326 943 3339 980 :
3368 925 3524 981 irrisi

1870 1011 1926 1059 et
1944 1005 2198 1063 ludibrio
2229 1007 2435 1075 habiti,
2468 1011 2571 1082 qui
2594 1009 3134 1067 innumerabilibus
3164 1012 3325 1085 digni
3358 1022 3528 1073 erant

1869 1093 2167 1151 laudibus.
2193 1097 2383 1153 Judex
2411 1114 2565 1169 ergo,
2587 1099 2689 1171 qui
2713 1104 2944 1172 turpem
2974 1100 3131 1156 hanc
3161 1107 3217 1158 et
3236 1102 3525 1161 infamem

1871 1184 2302 1239 traductionem
2324 1187 2823 1257 putabatsanctos
2844 1187 3189 1244 aﬂ'ecturam
3209 1190 3520 1258 dedecore,

1871 1278 1925 1326 et
1952 1271 2037 1327 sic
2063 1288 2268 1327 eorum
2298 1275 2694 1331 constantiam
2721 1291 2851 1331 esse
2878 1276 3297 1344 emollituram,
3326 1282 3530 1337 statuit

1874 1360 2150 1416 mollibus
2181 1377 2284 1417 eos
2311 1363 2510 1418 verbis
2536 1365 2866 1435 aggredi,et
2893 1366 2976 1421 sic
3007 1367 3318 1423 cuniculos
3351 1385 3528 1441 agere

1869 1450 1929 1504 in
1958 1465 2319 1518 generosum
2352 1468 2556 1508 eorum
2591 1454 2989 1525 propositum,
3023 1461 3079 1510 et
3112 1472 3124 1510 :
3162 1455 3221 1512 Si
3252 1473 3361 1513 vos
3394 1459 3531 1531 qui-

1870 1537 2029 1607 dem,
2061 1539 2271 1610 inquit,
2300 1540 2560 1596 viderem
2596 1558 2714 1597 non
2757 1542 2905 1597 ferre
2935 1550 3143 1614 aperta
3173 1546 3396 1601 indicia
3428 1563 3531 1618 ge-

1871 1628 2069 1682 nerosi
2088 1629 2347 1699 spiritus,
2368 1645 2756 1703 nequaquam
2778 1631 2946 1686 vobis
2964 1632 3173 1688 darem
3191 1635 3527 1692 consilium.

1876 1715 2026 1771 Licet
2056 1718 2238 1781 enim,
2273 1718 2324 1773 si
2357 1719 2555 1785 velim,
2588 1736 2692 1775 vos
2713 1736 2818 1793 per
2839 1725 3132 1777 tormenta
3162 1739 3529 1795 expugnare,

1870 1805 2203 1878 invitosque
2221 1808 2554 1864 etnolentes
2569 1809 2645 1865 ad
2660 1815 2929 1866 nostram
2945 1818 3286 1868 convertere
3300 1814 3533 1884 religio-

1871 1909 2028 1949 nem.
2057 1895 2169 1951 Sed
2193 1912 2329 1952 cum
2350 1903 2403 1953 et
2426 1896 2641 1968 vultus,
2666 1904 2721 1953 et
2743 1915 2981 1956 morum
2999 1901 3329 1957 moderatio
3350 1903 3531 1972 signi-

1870 1983 2046 2039 ficent
2067 1986 2245 2041 vestri
2268 1987 2451 2041 animi
2473 1987 2822 2053 libertatem,
2848 1990 3023 2044 statui
3044 1989 3210 2062 fungi
3238 1991 3402 2063 apud
3426 2007 3532 2048 vos

1871 2072 2069 2128 ofﬁcio
2099 2073 2241 2130 boni
2267 2075 2603 2132 consiliarii.
2634 2079 2833 2149 Neque
2854 2078 3014 2133 enim
3029 2078 3284 2134 arbitror
3314 2096 3418 2135 vos
3444 2080 3531 2136 la-

1873 2166 2013 2227 tere,
2043 2163 2209 2233 quod
2227 2163 2407 2233 longo
2434 2164 2511 2219 ab
2536 2164 2675 2220 hinc
2698 2170 2962 2237 tempore
2984 2166 3241 2238 incepta,
3266 2184 3401 2240 quae
3419 2168 3533 2224 diis

1871 2250 2310 2306 immortalibus
2349 2253 2677 2319 exhibetur,
2736 2254 2927 2324 gloria
2979 2260 3035 2311 et
3088 2255 3294 2321 honor,
3332 2264 3535 2314 manet

1875 2356 2063 2410 usque
2094 2340 2153 2396 in
2176 2342 2531 2398 hodiernum
2557 2342 2739 2405 diem,
2764 2360 2884 2399 non
2908 2345 3071 2417 apud
3100 2361 3209 2401 nos
3231 2345 3411 2409 solos,
3437 2347 3533 2419 qui

1874 2430 2139 2485 Graecam
2185 2430 2456 2499 linguam
2487 2433 2788 2496 novimus,
2821 2433 2925 2488 sed
2959 2434 3136 2489 etiam
3173 2436 3335 2506 apud
3366 2435 3533 2508 ipsos

1877 2517 2187 2573 Barbaros.
2214 2521 2317 2574 Per
2340 2520 2497 2575 hanc
2524 2536 2665 2590 ergo
2693 2521 3035 2591 religionem
3058 2522 3257 2578 videre
3287 2522 3421 2579 licet
3450 2524 3532 2580 ci-

1874 2606 2081 2661 vitates
2105 2606 2281 2662 bonis
2312 2610 2434 2677 regi
2466 2608 2718 2678 legibus,
2750 2609 3014 2666 hostium
3043 2610 3298 2682 deprimi
3332 2628 3535 2684 super-

1874 2694 2102 2759 cilium,
2144 2711 2477 2768 pacemque
2518 2697 2735 2767 vigere.
2775 2697 3087 2753 Undenam
3128 2704 3328 2755 autem
3364 2716 3535 2770 reges

1875 2788 1931 2837 et
1953 2784 2269 2855 principes,
2291 2784 2457 2839 multi
2480 2783 2727 2856 quidem
2750 2786 2928 2841 etiam
2951 2786 3135 2857 prius,
3153 2802 3313 2842 nunc
3332 2794 3533 2843 autem

1877 2875 2303 2943 Romanorum,
2363 2872 2439 2928 ad
2489 2879 2715 2929 tantam
2770 2874 3023 2944 gloriam
3074 2891 3418 2948 pervenere,
3472 2882 3537 2933 ut

1875 2966 2083 3032 gentes
2123 2961 2364 3034 quidem
2392 2966 2451 3017 et
2480 2962 2745 3018 civitates
2785 2969 3132 3030 everterent,
3174 2966 3234 3020 in
3275 2969 3536 3037 potesta-

1876 3056 1992 3106 tem
2026 3056 2226 3106 autem
2257 3066 2467 3107 omnes
2489 3052 2823 3120 redigerent
2843 3052 3223 3109 adversarios
3245 3053 3274 3108 ?
3307 3054 3362 3110 Si
3392 3069 3535 3127 ergo

1874 3139 2252 3195 indoctorum
2281 3141 2659 3196 sermonibus
2681 3140 2905 3196 inducti
2933 3142 3071 3197 estis
3097 3143 3173 3198 ad
3197 3144 3353 3199 hanc
3380 3161 3414 3200 a
3445 3160 3537 3201 ra-

1874 3228 2035 3284 tione
2062 3228 2341 3294 alienam,
2375 3234 2431 3284 et
2460 3245 2595 3302 quae
2626 3244 2820 3302 nuper
2849 3231 3145 3302 apparuit,
3180 3232 3537 3290 Christiano-

1873 3333 2006 3372 rum
2030 3318 2397 3389 opinionem,
2418 3334 2539 3374 non
2557 3318 2728 3374 valde
2746 3319 3139 3391 reprehendo.
3160 3323 3276 3377 Hoc
3302 3326 3534 3378 tantum

1872 3405 2006 3461 dico
2048 3422 2176 3461 esse
2217 3408 2634 3478 simplicitatis.
2664 3413 2731 3463 At
2777 3424 2879 3463 vos
2922 3424 3079 3464 nunc
3114 3411 3356 3466 tandem
3386 3412 3536 3468 resi-

1873 3495 2189 3568 piscentes,
2222 3500 2277 3551 et
2302 3496 2379 3552 ad
2404 3513 2507 3551 vos
2536 3496 2869 3563 redeuntes,
2900 3500 3312 3555 convertimini
3346 3500 3423 3555 ad
3449 3501 3534 3569 id,

1872 3585 2036 3656 quod
2062 3591 2150 3639 est
2177 3584 2407 3651 melius,
2435 3590 2497 3639 ut
2517 3590 2572 3640 et
2592 3584 2673 3639 dii
2701 3585 2815 3641 sint
2844 3586 3019 3642 vobis
3042 3588 3298 3659 propitii,
3327 3595 3383 3645 et
3409 3590 3537 3662 plu-

1874 3674 2038 3729 ribus
2062 3674 2256 3740 bonis,
2286 3690 2422 3746 quae
2450 3680 2588 3729 sunt
2626 3674 2789 3745 apud
2820 3691 2958 3743 nos,
3002 3676 3306 3744 fruamini,
3345 3685 3401 3733 et
3430 3680 3537 3736 im-

1873 3764 2161 3834 peratoris
2194 3763 2251 3818 in
2281 3762 2712 3818 benefaciendo
2739 3763 3213 3820 muniﬁcentiam
3246 3766 3329 3822 sic
3364 3768 3535 3823 vobis

1874 3850 2214 3907 concilietis.
2242 3851 2341 3908 Sin
2368 3857 2564 3906 autem
2590 3852 2649 3905 in
2678 3851 2972 3923 prioribus
2996 3854 3241 3909 omnino
3272 3856 3535 3926 perstite-

1872 3938 2020 4008 ritis,
2036 3956 2071 3995 a
2085 3944 2167 3994 tot
2180 3938 2351 3994 bonis
2366 3939 2650 3994 excidetis
2673 3957 2686 3995 :
2707 3940 2879 3995 sedet
2894 3956 3001 3995 nos
3014 3957 3256 4013 quoque
3275 3943 3538 4014 asperio—

1874 4044 1967 4085 res
1995 4029 2179 4101 (quod
2204 4029 2386 4099 absit)
2413 4028 2581 4084 vobis
2601 4044 2841 4084 necesse
2855 4031 2962 4085 erit
2982 4030 3233 4086 omnino
3258 4032 3535 4104 experiri.

1948 4121 2007 4171 V.
2037 4120 2167 4173 Haec
2190 4124 2512 4190 postquam
2540 4119 2897 4174 audiverunt
2923 4124 3235 4192 martyres,
3258 4121 3447 4177 oculis
3476 4122 3538 4177 in

1875 4206 2079 4262 caelum
2096 4206 2364 4273 sublatis,
2381 4223 2513 4261 cum
2532 4223 2594 4261 se
2610 4207 2814 4263 Christi
2830 4208 3134 4279 signaculo
3148 4211 3494 4267 muniissent
3522 4227 3537 4267 :

1875 4295 2118 4362 Videris,
2136 4294 2428 4362 dixerunt,
2451 4311 2578 4363 nos,
2595 4300 2883 4367 tanquam
2898 4296 3127 4368 aliquos
3144 4298 3537 4370 simpliciores

1877 4400 1993 4439 non
2020 4385 2208 4451 tarde,
2231 4384 2332 4439 sed
2354 4384 2525 4440 facile
2544 4390 2751 4455 putare
2768 4400 2944 4456 posse
2964 4391 3303 4442 convertere
3320 4388 3395 4443 ad
3419 4388 3537 4444 dis-

1877 4474 2128 4528 cendam
2154 4474 2536 4544 impietatem.
2555 4472 2669 4527 Sed
2691 4473 2845 4528 scias
2871 4480 2921 4528 te
2941 4490 3061 4529 non
3076 4475 3359 4531 incidisse
3374 4477 3433 4531 in
3455 4477 3534 4531 vi-

1876 4577 1975 4617 ros
2002 4560 2198 4633 pusilli
2224 4567 2279 4616 et
2296 4560 2509 4630 abjecti
2533 4560 2754 4615 animi:
2781 4577 2922 4628 non,
2940 4578 3044 4633 per
3064 4563 3199 4626 hoc,
3242 4564 3408 4635 quod
3428 4580 3536 4635 pro

1879 4651 2106 4708 Christo
2128 4650 2444 4721 suscipitur
2471 4655 2795 4715 certamen,
2822 4655 2876 4705 et
2901 4658 3166 4706 nostram
3191 4651 3268 4708 ab
3294 4652 3537 4709 ineunte

1878 4745 2045 4795 aetate
2078 4738 2137 4793 in
2167 4739 2384 4810 pietate
2412 4738 2912 4794 exercitationem.
2944 4742 3069 4795 Non
3109 4740 3267 4795 enim
3296 4748 3540 4813 propter

1879 4829 2165 4900 temporis
2185 4828 2619 4899 antiquitatem,
2638 4827 2859 4883 honore
2873 4828 3120 4896 dignam
3142 4830 3396 4886 dixerim
3413 4847 3542 4886 ves-

1878 4923 2029 4974 tram
2050 4918 2551 4989 religionem.Non
2566 4916 2725 4972 enim
2740 4916 2786 4970 si
2805 4916 2937 4988 quid
2954 4922 3041 4973 est
3055 4918 3357 4990 antiquum
3371 4920 3540 4987 est,id

1880 5009 2054 5063 etiam
2075 5006 2301 5062 honore
2315 5005 2564 5075 dignum
2583 5022 2597 5058 :
2613 5006 3096 5077 quandoquidem
3113 5011 3275 5063 vetus
3294 5008 3539 5079 quidem

1880 5101 1971 5151 est
1987 5094 2234 5151 omnino
2251 5093 2427 5149 etiam
2446 5094 2674 5157 vitium,
2698 5096 2800 5148 sed
2822 5110 2940 5149 non
2960 5095 3131 5151 etiam
3148 5101 3376 5167 propter
3394 5098 3544 5150 tem-

1880 5201 1993 5257 pus
2019 5184 2269 5254 dignum
2299 5189 2384 5237 est
2412 5182 2576 5255 quod
2603 5183 2943 5238 honoretur.
2971 5187 3097 5239 Non
3126 5190 3213 5238 est
3236 5200 3380 5252 ergo
3402 5199 3542 5239 con-

1882 5272 2293 5337 siderandum,
2318 5287 2393 5326 an
2417 5272 2665 5343 antiqua
2690 5272 2763 5325 sit
2790 5276 2988 5327 vestra
3014 5272 3218 5343 religio
3244 5289 3257 5326 :
3288 5272 3393 5327 sed
3425 5273 3540 5329 hoc

1883 5363 2102 5435 ipsum,
2136 5377 2214 5417 an
2236 5377 2372 5417 eam
2395 5364 2665 5433 oporteat
2691 5360 3029 5426 admittere,
3055 5377 3239 5433 quam
3268 5377 3379 5418 nos
3404 5362 3543 5434 qui-

1884 5452 2023 5507 dem
2053 5449 2525 5506 consuluerimus
2560 5448 2880 5515 declinare,
2914 5453 2971 5505 et
3001 5449 3075 5506 de
3108 5449 3307 5506 medio
3340 5450 3542 5507 tollere

1884 5554 1994 5614 pro
2028 5537 2275 5604 viribus,
2318 5553 2453 5612 quas
2484 5543 2606 5593 tam
2639 5536 2988 5595 horribilem
3029 5539 3185 5610 ignis
3215 5540 3541 5612 gehennan
