4062 6222
531 317 620 369 Hl

1909 305 2173 364 MENSIS
2203 310 2506 369 APRILIS.

3791 319 3890 376 112

524 437 795 495 recondit
823 442 879 492 et
905 439 1167 491 reservat
1197 435 1267 491 iis
1287 434 1391 508 qui
1419 436 1614 508 ipsam
1641 436 1992 508 diliguntJu
2014 451 2176 490 sum-

2292 440 2355 488 σύ
2399 442 2520 501 τοὺς
2558 443 2679 516 παρ’
2729 444 2849 513 ύμιν
2894 447 3207 514 τιμωμένους
3245 444 3405 505 θεοὺς
3459 440 3620 497 οὐδὲν
3681 446 3883 519 ἓτερονῆ

527 544 629 584 ma
676 531 896 588 autem,
938 526 982 578 si
1034 522 1176 579 velis
1225 529 1500 580 accurate
1550 524 1874 589 attendere,
1916 524 2180 579 invenies

526 616 775 673 omnino
794 618 855 669 tu
874 628 1113 685 quoque
1129 628 1249 679 eos,
1272 612 1372 683 qui
1393 614 1550 684 apud
1570 628 1673 669 vos
1697 612 1993 677 coluntur,
2014 611 2175 677 deos,

526 703 670 760 nihil
703 701 865 757 aliud
912 716 1038 755 esse
1069 717 1256 773 quam
1286 717 1465 771 opera
1514 718 1806 756 manuum
1861 700 2179 756 hominum

527 791 792 848 inanima
836 795 892 845 et
925 790 1129 853 surda,
1176 805 1312 861 quae
1353 789 1499 845 nihil
1539 791 1809 855 omnino,
1844 806 1964 845 non
1996 788 2179 844 modo

525 880 682 947 aliis,
713 880 819 935 sed
840 894 915 934 ne
938 877 1048 933 sibi
1075 879 1317 951 quidem
1340 879 1504 951 ipsis,
1530 880 1764 951 possint
1788 879 1919 950 opis
1945 877 2176 933 aﬂerre.

527 969 585 1025 Si
625 983 767 1037 ergo
806 968 988 1023 homo
1018 966 1265 1038 quidem
1298 972 1385 1022 est
1414 968 1513 1022 Dei
1552 982 1723 1037 opus,
1770 974 1831 1022 ut
1862 966 1963 1038 qui
1999 966 2077 1021 ab
2109 980 2179 1020 eo

524 1060 601 1113 sit
622 1057 871 1121 efﬁctus,
896 1072 1030 1128 quas
1046 1072 1153 1111 vos
1166 1061 1367 1111 autem
1389 1056 1711 1111 simulacra
1726 1054 2013 1121 adoratis,
2040 1059 2183 1110 sunt

524 1161 708 1218 opera
737 1161 953 1200 manus
982 1145 1265 1200 humanae
1295 1161 1305 1198 ε
1336 1144 1644 1217 quomodo
1675 1145 1829 1216 quis,
1865 1144 1977 1199 nisi
2006 1142 2181 1198 fuerit

525 1236 701 1307 plane
724 1233 887 1289 nullo
914 1248 1089 1288 sensu
1116 1233 1420 1305 praeditus,
1446 1238 1502 1289 et
1529 1233 1705 1304 plane
1730 1233 1841 1288 bos
1864 1238 1918 1288 et
1946 1233 2177 1299 asinus,

524 1324 616 1389 iis,
640 1339 775 1395 quae
789 1323 913 1394 ipse
930 1327 1019 1377 est
1038 1322 1382 1391 fabricatus,
1397 1323 1686 1378 honorem
1706 1321 1973 1377 tribuerit
1994 1321 2021 1376 7
2040 1337 2177 1376 cum

522 1417 820 1485 oporteret
845 1411 946 1467 illa
972 1411 1162 1479 magis
1186 1427 1329 1466 suos
1354 1411 1649 1466 honorare
1672 1410 1938 1481 opiﬁces,
1969 1411 2015 1465 si
2038 1409 2176 1481 quis

521 1502 744 1557 inesset
782 1502 867 1555 eis
910 1516 1121 1555 sensus
1161 1500 1188 1553 ?
1228 1500 1526 1565 Quoniam
1567 1516 1710 1569 ergo
1743 1500 2055 1555 confessus
2088 1514 2174 1562 es,

522 1605 633 1647 nos
660 1605 788 1646 esse
826 1587 1235 1658 intelligentes,
1270 1595 1323 1644 et
1347 1588 1479 1654 scis,
1507 1589 1671 1662 quod
1706 1590 1913 1656 homo,
1949 1589 2054 1660 qui
2088 1592 2178 1644 est

521 1696 684 1737 sanae
703 1680 938 1746 mentis,
960 1694 1272 1750 nunquam
1296 1678 1524 1734 veritati
1546 1678 1626 1745 id,
1642 1679 1805 1751 quod
1825 1684 1912 1734 est
1929 1677 2174 1741 falsum,

2290 532 2415 602 ἔργα
2462 540 2652 603 χειρῶν
2707 530 2986 606 ἀνθρώπων
3034 532 3228 603 ἀψυχα
3280 536 3369 584 καὶ
3416 535 3584 604 κωφὰ,
3639 532 3696 584 ού
3736 539 3889 605 μόνον

2289 618 2456 680 ἄλλοις
2506 617 2602 672 ούδ
2662 622 2851 688 ὁτιοῦν,
2921 620 3047 673 ἀλλὰ
3104 627 3192 675 xui
3247 622 3446 683 ἑαυτοῖς
3506 620 3776 693 βοηθῆσαι
3830 628 3888 675 τὸ

2288 711 2533 780 παράπαν
2588 710 2645 761 ού
2708 708 3041 782 δυναμένους.
3101 711 3158 764 Εἰ
3208 716 3378 763 τοίνυν
3448 710 3714 784 ἅνθρωπος
3797 714 3888 783 μεν

2288 798 2525 869 πλάσμα,
2576 800 2609 850 ἆ
2659 798 2716 852 δε
2772 802 2920 872 ύμεῐς
2976 798 3165 853 εἴδωλα
3225 808 3574 873 προσκυνεῖτε,
3632 799 3888 872 ἀνθρωπί-

2288 907 2380 947 νης
2422 888 2554 940 εἰσὶν
2610 891 2734 963 ἔργα
2781 894 2982 961 χειρὸς,
3036 898 3139 950 πῶς
3192 892 3251 941 οἷν
3283 909 3379 957 τις,
3413 890 3553 962 εἰμὴ
3604 889 3716 941 λίαν
3742 888 3882 941 ἀναί-

2292 978 2483 1038 σθητος
2524 980 2624 1042 εἴη,
2666 984 2751 1029 xui
2789 976 2919 1050 βους
2950 978 3271 1050 αὐτόχρημα
3310 984 3398 1030 καὶ
3428 980 3558 1043 ὃνος,
3604 986 3715 1040 τοῖς
3758 978 3885 1051 παρ’

2289 1066 2447 1117 αύτοῦ
2498 1064 3037 1139 δεδημιουργημένοις
3076 1074 3169 1125 τὴν
3225 1072 3382 1139 τιμὴν
3422 1066 3712 1139 ἀπονείμοι,
3768 1064 3885 1119 δέον

2289 1158 2455 1208 ἐκεῖνα
2511 1156 2700 1228 μᾶλλον
2750 1160 2870 1218 τοὺς
2923 1156 3143 1216 οἰκείους
3195 1162 3348 1228 τιμᾷν
3407 1153 3787 1229 δημιουργούς,
3841 1159 3885 1208 εἰ

2287 1264 2368 1307 τις
2413 1245 2590 1306 αὐτοῖς
2646 1248 2897 1307 αἰσθησις
2930 1263 2943 1311 ;
2978 1242 3191 1303 Ἐπειδὴ
3234 1250 3402 1297 τοίνυν
3458 1250 3700 1307 συνετούς
3746 1246 3886 1315 ἡμᾶς

2288 1334 2625 1406 ὡμολόγησας
2679 1341 2765 1387 καὶ
2796 1332 2946 1396 οἶδας
2978 1338 3046 1397 ὡς
3091 1334 3185 1386 ούκ
3228 1336 3288 1386 ἄν
3334 1354 3456 1387 ποτε
3501 1338 3674 1410 φρενός
3706 1336 3888 1405 ύγιοῦς

2286 1425 2556 1499 ἄνθρωπος
2626 1420 2822 1494 ψεῦδος
2897 1422 3010 1475 ἀντὶ
3087 1432 3177 1483 τῆς
3261 1422 3503 1485 ἀληθείας
3595 1428 3881 1495 προέλοιτο,

2286 1512 2569 1571 ἐπίστησον
2608 1518 2697 1570 τὴν
2748 1510 2981 1565 διάνοιαν
3028 1518 3114 1564 xui
3176 1516 3241 1565 τὰ
3287 1518 3405 1585 περὶ
3450 1521 3542 1565 τοῦ
3589 1517 3740 1574 ὅντως
3789 1509 3888 1570 δη-

2286 1610 2542 1674 μιουργοῦ
2592 1611 2687 1654 τῶν
2736 1602 2861 1654 ὅλων
2910 1610 3042 1655 Θεοῦ
3096 1603 3195 1654 ύπὸ
3236 1601 3437 1659 ἀληθῶν
3481 1602 3694 1674 χειλέων
3728 1597 3887 1655 διδά-

2286 1692 2475 1762 χθητι.

522 1768 867 1840 praetulerit,
901 1766 1139 1823 adverte
1166 1768 1460 1837 animum,
1494 1772 1549 1823 et
1574 1768 1649 1822 de
1677 1784 1765 1833 eo,
1794 1768 1895 1839 qui
1927 1783 2059 1822 vere
2090 1771 2177 1823 est
2212 1796 2253 1849 Β

522 1857 731 1929 Opit‘ex
760 1856 1198 1924 universorum,
1230 1856 1391 1913 disce
1423 1872 1460 1912 a
1484 1856 1757 1912 veridicis
1788 1856 1995 1912 labris.

590 1946 677 2000 Vl.
710 1948 861 2001 Deus
883 1948 1092 2016 suapte
1123 1949 1335 2001 natura
1361 1960 1482 2001 non
1515 1952 1700 2016 potest
1723 1944 2130 2000 circumscribi
2162 1961 2173 1998 :

520 2040 605 2091 est
630 2035 789 2091 enim
808 2034 1123 2105 ejusmodi,
1149 2042 1211 2089 ut
1229 2034 1288 2089 in
1307 2050 1445 2090 eum
1466 2050 1591 2089 non
1609 2035 1787 2090 cadat
1803 2034 2052 2090 omnino
2076 2033 2177 2088 cir-

520 2124 927 2195 cumscriptio,
955 2129 1011 2178 et
1051 2130 1291 2195 superat
1328 2140 1594 2191 omnem,
1634 2140 1769 2195 qum
1810 2123 1870 2179 in
1912 2130 2177 2194 tempore

520 2213 856 2284 suscipitur,
870 2212 1311 2283 cogitationem.
1327 2216 1579 2284 Namque
1594 2217 1925 2284 temporum
1939 2214 2178 2268 Creator

520 2318 641 2359 non
657 2301 966 2373 subjicitur
978 2302 1233 2373 tempori.
1253 2302 1631 2367 Quamobrem
1649 2317 1751 2357 nec
1764 2300 2177 2373 cmpitquidem

520 2408 671 2449 esse.
694 2392 907 2448 Omnia
928 2396 1149 2460 autem,
1170 2395 1291 2447 tam
1308 2406 1443 2463 qum
1466 2391 1577 2446 sub
1600 2397 1907 2462 aspectum
1932 2390 2175 2458 cadunt,

519 2497 705 2553 quam
735 2497 869 2552 quas
894 2483 1091 2535 mente
1119 2480 1546 2552 percipiuntur,
1572 2480 1649 2535 ad
1677 2480 1810 2545 hoc,
1834 2479 2000 2551 quod
2035 2481 2175 2545 sint,

519 2569 818 2641 produxit.
851 2571 1036 2623 Homo
1077 2583 1219 2637 ergo
1249 2585 1387 2623 cum
1417 2574 1574 2624 esset
1602 2585 1638 2624 a
1679 2571 1796 2624 Deo
1829 2567 2078 2633 efﬁctus,
2122 2574 2179 2623 et

520 2658 574 2713 ei
601 2662 753 2713 esset
774 2657 1062 2713 tributum
1082 2665 1141 2713 ut
1164 2656 1460 2713 habitaret
1479 2658 1851 2729 paradisum,
1874 2662 1929 2712 et
1952 2655 2029 2712 ad
2051 2672 2178 2711 ma-

517 2747 664 2818 joris
680 2746 974 2819 profectus
987 2747 1463 2803 exercitationem
1480 2748 1796 2817 accepisset
1810 2746 2173 2810 mandatum,

524 2836 750 2893 invidia
779 2835 1008 2892 diaboli
1040 2835 1287 2892 aﬂ’ectus
1325 2835 1540 2892 morbo
1580 2836 2014 2900 inobedientiae,
2056 2850 2176 2890 non

520 2941 706 2997 posse
733 2926 990 2997 interire,
1026 2927 1387 2997 permutavit
1416 2926 1651 2981 interitu
1682 2940 1693 2978 :
1728 2932 1784 2980 et
1815 2941 1951 2980 cum
1979 2924 2177 2980 carnis

520 3012 798 3068 subiisset
846 3013 1237 3081 voluntatem,
1276 3013 1383 3067 fuit
1428 3012 1731 3083 subjectus
1765 3012 1957 3068 morti.
2002 3015 2173 3067 Caete-

520 3117 656 3156 rum
694 3106 863 3172 pater
888 3100 1127 3156 invidiae
1149 3116 1271 3156 non
1303 3100 1411 3156 fuit
1440 3106 1756 3156 contentus
1789 3100 1899 3156 hoc
1931 3098 2057 3155 solo
2088 3099 2173 3155 la-

520 3204 633 3260 psu
660 3189 809 3259 ejus,
851 3188 943 3243 cui
986 3188 1292 3244 invidebat
1333 3206 1345 3244 :
1390 3188 1493 3244 sed
1527 3188 1706 3244 etiam
1743 3189 1819 3245 ad
1861 3190 1982 3254 Dei,
2024 3189 2176 3261 proh

519 3278 693 3333 dolor
735 3278 746 3333 l
789 3277 1154 3334 oblivionem
1194 3293 1298 3333 eos
1352 3278 1618 3342 deduxit,
1669 3279 1771 3351 qui
1813 3283 2017 3349 postea
2055 3279 2177 3334 nati

521 3373 660 3423 sunt
690 3383 762 3422 ex
792 3367 1004 3423 eodem
1046 3382 1281 3436 genere,
1324 3372 1388 3423 ut
1419 3383 1540 3423 non
1575 3368 1769 3423 solum
1801 3368 2171 3439 corporibus,

522 3455 626 3511 sed
649 3456 826 3513 etiam
848 3456 1067 3512 animis
1089 3472 1251 3512 mors
1275 3456 1703 3513 dominaretur.
1736 3456 1953 3513 Relicto
1976 3457 2177 3528 itaque

522 3560 662 3600 vero
692 3548 830 3610 Deo,
868 3551 925 3601 et
949 3545 1027 3601 ad
1066 3545 1258 3601 lucem
1305 3546 1568 3601 veritatis
1604 3561 1715 3601 sua
1754 3552 1964 3617 sponte
2011 3545 2177 3601 clau-

522 3633 730 3689 dentes
771 3633 997 3698 oculos,
1030 3634 1221 3689 cultus
1259 3634 1718 3691 simulacrorum
1760 3634 1993 3690 subiere
2023 3639 2180 3690 tene-

521 3722 682 3778 bras.
726 3723 1039 3795 Propterea
1077 3738 1219 3792 ergo
1259 3722 1421 3778 idem
1452 3722 1643 3779 nostri
1684 3722 1918 3792 generis
1949 3722 2174 3795 Opifex,

521 3811 626 3883 qui
647 3811 921 3881 benignis
940 3810 1267 3867 visceribus
1290 3828 1399 3867 nos
1424 3812 1707 3885 produxit
1728 3828 1799 3867 ex
1825 3812 2031 3877 nihilo,
2058 3826 2177 3867 non

522 3900 717 3957 ferens
737 3902 938 3958 videre
959 3902 1272 3958 hominem
1294 3902 1551 3974 opprimi
1570 3902 1815 3971 maligni
1840 3901 2176 3973 tyrannide,

521 3997 639 4048 eta
685 3992 937 4048 Paterno
981 3993 1115 4046 sinu
1146 4007 1266 4046 non
1312 3991 1581 4056 excessit,
1613 3996 1671 4045 et
1714 3992 1921 4047 omnia
1965 3990 2175 4055 factus,

523 4083 672 4137 sicut
697 4097 826 4146 nos,
860 4085 1071 4152 praeter
1102 4080 1297 4135 solum
1332 4085 1663 4151 peccatum,
1697 4080 1859 4135 cruci
1894 4079 2176 4149 afﬁgitur,

522 4175 581 4227 et
610 4169 881 4235 moritur,
935 4184 971 4224 a
1002 4169 1181 4239 lapsu
1227 4169 1454 4240 peccati
1498 4185 1609 4225 nos
1659 4173 1857 4225 volens
1904 4170 2177 4225 liberare.

524 4261 670 4316 Cum
702 4273 843 4327 ergo
876 4273 988 4313 sua
1020 4263 1208 4313 morte
1232 4258 1417 4313 nostri
1448 4257 1654 4328 lapsus
1684 4265 1989 4314 auctorem
2018 4257 2181 4327 deje-

521 4349 721 4413 cisset,
750 4348 876 4419 ipse
907 4353 962 4403 et
989 4347 1049 4402 in
1081 4347 1263 4403 caelos
1296 4347 1581 4417 ascendit,
1616 4362 1647 4402 e
1680 4347 1901 4419 quibus
1932 4348 2178 4402 descen-

522 4436 723 4492 derat:
759 4443 815 4491 et
848 4452 956 4493 nos
988 4436 1125 4491 illuc
1151 4442 1342 4501 vocat,
1378 4442 1439 4492 ut
1462 4438 1564 4508 qui
1587 4436 1761 4491 nobis
1785 4436 1863 4491 ad
1892 4452 1952 4491 se
1978 4450 2181 4491 ascen-

524 4540 660 4581 sum
693 4524 1030 4580 ostenderit.
1059 4527 1301 4581 Potesne
1327 4532 1390 4581 tu
1408 4541 1649 4598 quoque
1679 4525 1794 4580 tale
1815 4525 1959 4596 quid
1987 4531 2182 4579 osten-

520 4614 682 4677 dere,
710 4615 874 4686 quod
896 4630 932 4670 a
957 4614 1069 4670 tuis
1100 4614 1213 4669 diis
1238 4614 1464 4670 factum
1490 4616 1583 4681 sit,
1612 4631 1688 4670 an
1712 4619 1764 4670 te
1781 4614 1907 4685 jam
1942 4630 2044 4670 eos
2069 4630 2179 4669 vo-

521 4719 655 4759 care
678 4701 963 4775 paenitet?
984 4704 1434 4759 Possessionum
1459 4710 1656 4759 autem
1687 4708 1738 4759 et
1765 4703 2175 4775 pecuniarum,

522 4797 576 4847 et
605 4792 845 4847 honoris
879 4792 1040 4865 apud
1076 4793 1483 4864 imperatores,
1527 4810 1662 4865 qum
1694 4798 1831 4847 sunt
1862 4798 2072 4863 vestra,
2116 4797 2180 4848 ut

521 4880 731 4946 dicitis,
759 4881 940 4947 bona,
969 4898 1078 4937 nos
1100 4897 1353 4952 parvam
1374 4897 1578 4937 curam
1604 4884 1888 4952 gerimus,
1908 4886 1971 4936 ut
1992 4882 2093 4953 qui
2108 4897 2179 4937 ea

521 4985 642 5025 non
666 4976 955 5042 tanquam
979 4972 1196 5026 stantia
1209 4970 1500 5040 judicare,
1518 4970 1621 5025 sed
1642 4977 1929 5042 tanquam
1944 4970 2176 5039 fugien-

521 5057 618 5123 tia,
648 5065 801 5114 recte
831 5058 1215 5114 didicerimus
1246 5076 1281 5114 a
1313 5060 1624 5131 propheta,
1666 5063 1720 5113 et
1750 5059 2011 5113 maxime
2038 5074 2176 5114 cum

518 5148 579 5202 in
614 5150 797 5203 Deum
828 5147 1026 5219 ipsum
1061 5165 1229 5220 spem
1260 5147 1770 5212 collocaverimus,
1813 5152 1868 5201 et
1904 5146 1981 5201 ab
2019 5147 2176 5202 illius

522 5236 709 5305 gloria
741 5238 841 5293 toti
865 5238 1256 5309 pendeamus,
1283 5243 1525 5310 propter
1554 5252 1735 5308 quem
1757 5236 1939 5291 etiam
1963 5251 2176 5307 magno

519 5340 590 5381 ac
621 5324 754 5380 forti
796 5327 999 5382 animo
1031 5327 1155 5399 pati
1198 5326 1537 5382 statuimus.

593 5413 845 5469 Vll.Hmc
860 5430 985 5469 cum
1004 5414 1289 5470 audiisset
1301 5412 1993 5484 Valerius,etaagritudine
2008 5412 2175 5469 animi

519 5500 629 5557 fuit
653 5501 917 5570 affectus,
953 5507 1009 5558 et
1031 5503 1167 5573 igne
1199 5503 1449 5559 insanias
1479 5502 1780 5557 incensus.
1813 5503 1875 5557 Et
1901 5501 2178 5573 protinus

522 5604 745 5647 exuens
774 5591 975 5647 ﬁctam
1005 5606 1327 5661 personam
1353 5589 1848 5653 mansuetudinis,
1882 5590 2176 5649 internam

2373 1923 2465 2008 g’.
2526 1928 2657 1985 Θεὸς
2724 1923 2783 1975 ού
2844 1928 3035 1995 πέφυκε
3108 1924 3538 1997 περιγράφεσθαιο
3605 1922 3885 1997 ἀπερίγρα-

2285 2034 2412 2075 πτος
2467 2016 2568 2087 γὰρ
2627 2016 2791 2069 πάντη
2841 2017 2929 2064 καὶ
2986 2011 3304 2087 ὑψηλότερος
3366 2020 3617 2087 χρονικῆς
3678 2011 3883 2073 ἁπάσης

2287 2102 2499 2165 ἐννοίας·
2531 2107 2752 2164 ποιητὴς
2799 2104 2900 2173 γὰρ
2944 2106 3168 2174 χρόνων,
3228 2104 3333 2170 ούχ
3382 2102 3482 2152 ὑπὸ
3528 2105 3738 2175 χρόνον
3772 2101 3883 2152 ὅθεν

2286 2190 2409 2246 οὐδὲ
2456 2200 2547 2244 τοῦ
2606 2188 2733 2244 εἶναι
2790 2190 3002 2264 ἤρξατο·
3050 2192 3219 2243 πάντα
3272 2187 3330 2242 δε
3376 2192 3442 2241 τά
3488 2208 3541 2241 τε
3588 2191 3750 2261 ὁρατὰ
3795 2194 3885 2241 καὶ

2285 2287 2533 2355 νοούμενα
2586 2282 2656 2342 είς
2711 2284 2766 2333 τὸ
2826 2277 2954 2333 εἶναι
3010 2279 3166 2340 αύτὸς
3230 2284 3547 2352 παρήγαγεν.
3603 2277 3662 2330 Ὀ
3714 2282 3883 2330 τοίνυν

2287 2372 2549 2445 ἅνθρωπος
2596 2370 2814 2443 πλάσμα
2862 2376 2994 2423 Θεοῦ
3040 2374 3260 2440 γεγονὼς
3312 2371 3397 2420 τὸν
3453 2364 3771 2440 παράδεισον
3830 2386 3884 2419 τε

2286 2462 2441 2513 οἰκεῖν
2498 2460 2776 2533 κληρωθεὶς
2824 2463 2912 2511 καὶ
2952 2458 3119 2510 λαϐὼν
3172 2457 3376 2515 ἐντολὴν
3411 2460 3537 2529 πρὸς
3588 2460 3883 2529 γυμνασίαν

2285 2559 2548 2624 προκοπῆς
2602 2549 2855 2619 μείζονος,
2907 2549 3073 2619 φθόνῳ
3114 2543 3363 2600 διαϐόλου
3401 2551 3671 2621 παρακοήν
3718 2550 3881 2603 νοσή-

2288 2660 2403 2704 σας,
2450 2643 2543 2696 τὴν
2591 2640 2782 2711 φθορὰν
2822 2646 2911 2697 τῆς
2963 2635 3261 2709 ἀφθαρσίας
3294 2635 3546 2698 ἠλλάξατο
3593 2640 3681 2686 καὶ
3735 2635 3879 2692 θελή-

2285 2748 2415 2802 μασι
2476 2732 2669 2803 σαρκὸς
2721 2727 3015 2798 ὑποκύψας,
3070 2728 3169 2778 ὑπὸ
3217 2732 3373 2799 χεῖρα
3400 2729 3575 2795 γέγονε
3624 2731 3694 2793 τῷ
3727 2724 3878 2774 θανά-

2284 2839 2371 2890 τῳ·
2429 2822 2518 2869 καὶ
2571 2819 2596 2868 ὸ
2644 2826 2739 2878 τῆς
2793 2814 3083 2888 βασκανίας
3124 2819 3297 2887 πατὴρ
3352 2809 3474 2865 ούδὶ
3525 2815 3690 2883 τούτῳ
3738 2816 3878 2883 μόνῳ

2283 2916 2373 2960 τοῦ
2432 2908 2765 2979 φθονηθέντος
2824 2906 3050 2978 ἠρκέσθη
3096 2912 3168 2974 τῷ
3220 2908 3487 2975 πτώματι,
3525 2900 3653 2952 ἀλλὰ
3689 2906 3779 2952 καὶ
3810 2900 3885 2961 εἰς

2284 2997 2465 3061 λήθην,
2501 2999 2641 3068 οἶμοι
2668 2994 2678 3048 l
2710 3002 2842 3048 Θεοῦ
2891 2998 3011 3053 τούς
3056 2991 3111 3045 ἐκ
3157 3000 3247 3044 τοῦ
3300 2990 3458 3043 αύτοῦ
3490 2994 3679 3062 φύντας
3704 2994 3885 3061 γένους

2285 3088 2499 3161 ὕστερον
2556 3090 2767 3156 ἤγαγεν,
2828 3086 2892 3143 ὡς
2941 3087 3012 3154 μὴ
3072 3083 3320 3154 σωμάτων
3375 3086 3547 3152 μόνον,
3604 3078 3731 3131 ἀλλά
3793 3084 3887 3132 καὶ

2212 3152 2252 3209 C
2284 3177 2473 3248 ψυχῶν
2556 3175 2721 3226 αὐτῶν
2796 3174 3047 3244 κυριεύειν
3115 3172 3347 3222 θάνατον’
3422 3167 3596 3241 ἀμέλει
3651 3173 3740 3221 καὶ
3797 3172 3887 3220 τόν

2286 3266 2449 3324 ἀληθῆ
2528 3268 2655 3317 Θεὸν
2728 3261 3057 3322 ἀπολιπόντες
3118 3264 3206 3311 καὶ
3259 3261 3383 3332 πρὸς
3436 3262 3492 3310 τὸ
3550 3261 3730 3330 φέγγος
3790 3264 3890 3319 τῆς

2287 3355 2526 3415 ἀληθείας
2592 3353 2756 3405 ἑκοντὶ
2831 3353 3105 3421 μύσαντες,
3166 3352 3251 3401 τὸν
3308 3356 3404 3410 τῆς
3470 3344 3890 3420 είδωλολατρείας

2288 3450 2471 3498 σκότον
2524 3442 2770 3501 ύπῆλθον.
2804 3442 2897 3492 Διά
2941 3447 3103 3491 ταῦτα
3149 3443 3316 3490 τοίνυν
3347 3437 3499 3497 αὐτὸς
3548 3438 3573 3488 ό
3625 3442 3717 3487 τοῦ
3755 3436 3889 3506 ἡμε-

2285 3538 2432 3606 τέρου
2484 3536 2657 3603 γένους
2698 3531 3016 3601 Δημιουργὸς
3060 3529 3084 3579 ό
3136 3526 3511 3601 φιλανθρώποις
3561 3524 3887 3595 σπλάγχνοις

2287 3622 2341 3674 ἐκ
2394 3629 2484 3673 τοῦ
2532 3625 2603 3693 μὴ
2660 3625 2804 3680 ὄντος
2876 3621 3214 3691 παραγαγὼν,
3272 3620 3343 3687 μὴ
3417 3618 3578 3687 φέρων
3642 3614 3742 3665 ύπό
3790 3619 3887 3665 τοῦ

2288 3719 2516 3785 πονηροῦ
2574 3714 2659 3762 τὸν
2716 3710 2984 3781 ἄνθρωπον
3033 3708 3155 3779 όρᾴν
3207 3706 3627 3778 τυραννούμενον,
3677 3711 3775 3754 τῶν
3829 3720 3888 3755 τε

2290 3810 2560 3875 [ἰατρικῶν
2599 3799 2692 3851 ούκ
2741 3797 2921 3860 ἐξέστη
2982 3796 3203 3863 κόλπων,
3254 3800 3343 3847 καὶ
3389 3797 3558 3846 πάντα
3599 3792 3731 3851 πλὴν
3784 3796 3889 3863 μό-

2287 3912 2380 3954 νης
2444 3899 2539 3951 τῆς
2594 3890 2850 3962 ἁμαρτίας
2903 3885 3020 3938 καθ’
3078 3887 3208 3956 ἡμᾶς
3256 3887 3493 3954 γεγονὼς,
3567 3890 3891 3956 σταυροῦται

2288 3987 2378 4035 καὶ
2438 3982 2667 4043 θνήσκει,
2738 3985 2830 4028 τοῦ
2902 3983 2997 4034 τῆς
3053 3973 3307 4047 ἁμαρτίας
3367 3976 3643 4043 πτώματος
3706 3970 3889 4022 ἐθέλων

2290 4074 2424 4143 ἡμᾶς
2481 4067 2879 4120 ἀνασώσασθαι.
2931 4071 3013 4133 Τῷ
3093 4063 3278 4115 ἑαυτοῦ
3347 4068 3622 4133 τοιγαροῦν
3685 4061 3891 4130 θανάτῳ

2288 4165 2374 4213 τὸν
2428 4163 2593 4211 αἴτιον
2646 4162 2736 4208 τοῦ
2804 4156 3054 4227 ἡμετέρου
3130 4157 3407 4223 πτώματος
3471 4148 3890 4212 καταϐεκληκὼς,

2289 4250 2442 4310 αύτός
2491 4267 2545 4300 τε
2597 4246 2665 4308 εἰς
2716 4244 2966 4317 οὐρανούς
3017 4240 3331 4306 ἀνεληλύθει,
3374 4237 3457 4311 ἀφ’
3514 4239 3581 4289 ὧν
3628 4242 3717 4290 καὶ
3766 4257 3895 4289 κατ-

2289 4338 2458 4402 ῆλθεν,
2512 4341 2603 4389 καὶ
2650 4337 2792 4406 ἡμᾶς
2821 4334 2986 4385 ἐκεῖσε
3027 4330 3191 4398 καλεῖ,
3244 4334 3337 4387 τὴν
3392 4331 3521 4401 πρὸς
3550 4327 3704 4379 αὑτὸν
3759 4328 3892 4398 ἡμῖν

2290 4424 2475 4480 ἄνοδον
2523 4421 2821 4486 ὑποδείξας.
2896 4420 3076 4493 Ἔχεις
3146 4439 3195 4471 τι
3278 4423 3366 4470 xui
3447 4418 3597 4477 αὐτὸς
3653 4423 3893 4468 τοιοῦτον

2214 4500 2259 4556 D
2291 4514 2643 4577 ἀντεπιδείξαι
2711 4515 2854 4586 παρὰ
2923 4518 3022 4561 τῶν
3080 4510 3332 4581 ὑμετέρων
3390 4508 3511 4558 θεῶν
3567 4510 3887 4576 γενόμενον;

2289 4613 2317 4667 ἧ
2377 4612 2465 4659 xui
2521 4610 2578 4657 τὸ
2638 4606 2780 4663 θεοὺς
2822 4597 2929 4659 ἤδη
2966 4600 3177 4657 τούτους
3221 4594 3391 4647 καλεῖν
3448 4593 3716 4667 μεταμέλει
3749 4610 3888 4661 σοι;

2287 4698 2565 4768 κτημάτων
2594 4689 2651 4745 δε
2689 4695 2779 4743 καὶ
2810 4688 3099 4761 χρημάτων
3142 4690 3231 4737 καὶ
3283 4693 3374 4744 τῆς
3416 4685 3557 4755 παρὰ
3601 4681 3892 4754 βασιλεῦσι

2286 4794 2439 4859 τιμῆς
2493 4792 2589 4835 τῶν
2660 4782 2935 4853 ὑμετέρων,
2998 4777 3062 4835 ὦς
3114 4792 3257 4846 φατε,
3310 4773 3477 4825 καλῶν
3542 4772 3694 4843 λόγος
3756 4773 3890 4843 ἡμῖν

2288 4879 2475 4948 ὀλίγος,
2523 4872 2628 4943 ούχ
2699 4872 2764 4930 ὡς
2819 4866 3018 4919 ἑστῶτα
3072 4868 3284 4937 κρίνειν,
3348 4861 3453 4913 ἀλλ’
3497 4864 3560 4922 ὡς
3630 4864 3894 4933 φεύγοντα

2286 4946 2449 5025 καλῶς
2514 4964 2614 5014 ὑπὸ
2676 4964 2766 5009 τοῦ
2852 4960 3119 5027 προφήτου
3190 4960 3357 5004 ταῦτα
3428 4946 3889 5023 πεπαιδευμένοις,

2288 5056 2446 5114 ἄλλως
2498 5071 2550 5104 τε
2600 5048 2658 5103 δε
2704 5051 2792 5099 καὶ
2844 5044 2917 5106 εἰς
2966 5047 3093 5098 Θεὸν
3136 5038 3243 5101 ἤδη
3294 5037 3481 5093 ἐλπίδα
3514 5042 3738 5112 θεμένοις
3795 5045 3891 5093 καὶ

2287 5152 2377 5205 τῆς
2434 5141 2621 5194 ἐκεῖθεν
2669 5135 2827 5199 δόξης
2882 5134 3008 5195 ὅλως
3072 5132 3413 5205 ἑξεχομένοις,
3470 5126 3543 5181 δι’
3591 5130 3644 5181 ὃν
3683 5132 3772 5181 καὶ
3828 5132 3895 5180 τὸ

2286 5235 2460 5286 παθεῖν
2486 5229 2728 5301 εὐψύχως
2758 5224 3019 5298 εἱλόμεθα.

2358 5408 2429 5462 Ζ’.
2472 5409 2676 5460 Τούτων
2730 5402 2955 5461 ἀκούσας
3004 5397 3302 5473 Ούαλέριος,
3358 5394 3559 5467 ἀθυμίᾳ
3605 5412 3659 5447 τε
3711 5396 3897 5465 εἰχετο

2287 5506 2375 5555 xui
2429 5503 2559 5573 πυρὶ
2604 5499 2792 5570 μανίας
2840 5491 3093 5565 ἐφλέγετο,
3142 5492 3232 5541 xui
3286 5492 3625 5573 παραχρῆμα
3668 5486 3727 5536 τὸ
3772 5482 3898 5538 ἄπι-

2286 5572 2515 5645 πλαστὸν
2563 5594 2653 5648 τῆς
2705 5587 3017 5659 ἡμερότητος
3066 5572 3393 5653 προσωπεῖον
3445 5572 3739 5639 ἀποϐαλὼν,
3790 5579 3897 5633 τὴν
