4062 6222
188 308 277 362 H3

1326 314 1485 369 VITA
1523 312 1582 369 S.
1625 310 1840 369 CARPI
1881 310 1969 367 ET
2009 314 2397 375 SOCIORUM.

3450 327 3554 386 114

184 431 312 487 ἔνδον
385 433 677 508 ἀγριότητα
745 435 1022 510 ἕξεγύμνου
1078 442 1167 491 καὶ
1240 443 1333 498 τὴν
1409 442 1499 511 μεν
1560 439 1761 511 ὕπαρξιε

1891 440 2124 510 aperuit
2155 441 2466 499 feritatem.
2497 447 2561 501 Et
2589 448 2935 501 sanctorum
2964 446 3210 517 quidem
3243 450 3550 510 facultates

178 533 259 576 τῶν
304 524 473 595 ἀγίῶν
514 526 581 586 εἰς
622 522 920 600 διαρπαγὴν
972 534 1074 589 τοῖς
1122 534 1557 601 κατηγορησασιν
1615 524 1781 591 ἐξεδί-

182 610 282 675 δου,
340 620 568 686 πρᾶγμα
621 618 679 667 τό
734 616 844 667 λίαν
902 617 988 669 ὑπ’
1042 616 1243 670 ἐκείνων
1295 620 1777 692 περιφρονούμενον,

178 709 266 761 τοῖς
293 704 431 753 πάνυ
483 708 620 775 μέγα
648 712 799 756 τοῦτο
826 704 1177 778 λογιζομένοις
1208 721 1222 735 '
1282 706 1468 769 αὐτοὺς
1501 702 1560 758 δὲ
1611 708 1779 758 ἳππων

177 800 306 842 τινῶν
381 790 575 863 ἀγρίων
642 790 987 855 ἀποδεθέντας
1048 794 1268 847 ἐκέλευεν
1326 797 1402 847 ότι
1472 796 1635 867 τάχος
1693 794 1779 846 ἐπὶ

175 882 250 941 τὰς
298 878 529 955 Σάρδεις
586 881 906 938 ἐλαύνεσθαι.
963 887 1067 947 Τάς
1127 888 1217 956 μὲν
1274 881 1361 936 οὖν
1430 885 1619 945 ἵππους
1677 883 1776 936 ἀπὸ

175 975 473 1043 Θυατείρων
511 977 716 1043 τρέχειν
766 972 1067 1046 ἀρξαμένας,
1136 974 1350 1048 ἑσπέρας
1400 971 1508 1032 ἤδη
1549 973 1774 1026 καταλα-

172 1058 378 1123 εούσης,
416 1063 475 1112 αἱ
506 1058 721 1136 Σάρδεις
758 1062 903 1134 μόλις
930 1070 1021 1114 τοῦ
1062 1058 1262 1138 δρόμου
1293 1066 1553 1116 παύουσιν
1599 1081 1611 1093 '
1649 1062 1778 1115 ἀλλά

170 1156 262 1210 τοῖς
306 1150 576 1222 μάρτυσι,
620 1152 716 1202 κοῖν
756 1159 819 1218 τῇ
878 1157 1043 1227 πικρᾴ
1092 1155 1255 1225 ταύτῃ
1310 1157 1538 1225 τιμωρίᾳ
1589 1148 1777 1223 διημε-

167 1241 438 1309 ρςύσασιν,
500 1241 639 1311 ὅμως
692 1236 817 1293 οὐδε
881 1242 911 1299 ἠ
966 1242 1058 1304 νὺξ
1110 1242 1345 1313 οἶμοχθος
1400 1238 1480 1306 ἦν,
1537 1239 1642 1292 ἀλλ’
1704 1241 1773 1302 εἷς

167 1329 354 1399 ὕμνους
412 1331 581 1389 θείους
631 1333 689 1381 τό
741 1330 979 1382 πλεῖστον
1032 1330 1191 1393 αὐτῆς
1248 1334 1404 1402 μέρος
1453 1326 1769 1382 ἐδαπανᾶτο.

164 1417 215 1470 Ei
252 1414 317 1469 δέ
366 1438 473 1469 που
518 1417 703 1493 βραχὺ
742 1424 831 1471 καὶ
874 1420 1035 1471 ὕπνου
1082 1418 1380 1490 μετέλαϐον,
1421 1419 1632 1490 ἄγγελοι
1684 1420 1774 1471 αυ-

162 1515 252 1567 τοῖς
314 1507 656 1579 έφιστάμενοι
736 1513 1093 1571 πεπονηκότας
1150 1528 1203 1561 τε
1264 1507 1612 1581 ἀνελάμϐανον
1683 1514 1772 1561 καὶ

164 1602 263 1666 περὶ
341 1600 437 1659 τὰς
516 1596 806 1669 μελλούσας
862 1600 934 1650 ἔτι
1007 1597 1268 1670 βασάνους
1348 1599 1773 1671 προθυμοτέρους

164 1684 376 1737 ἐποίουν.
441 1692 521 1757 Τῇ
579 1682 637 1738 δέ
677 1687 929 1759 ὑστεραίᾳ
978 1694 1129 1739 τοῦτο
1174 1690 1264 1759 μὲν
1317 1686 1570 1751 ἀλληλοις,
1618 1694 1770 1739 τοῦτο

1890 527 2053 585 dedit
2081 530 2447 603 diripiendas
2490 534 2561 589 iis
2615 534 2717 607 qui
2750 542 3199 604 accusaverant,
3233 555 3377 607 rem,
3410 560 3547 615 quae

1890 618 2061 673 valde
2085 620 2324 691 quidem
2353 623 2430 678 ab
2457 623 2571 678 illis
2601 623 3055 694 despiciebatur,
3086 625 3327 696 plurimi
3348 636 3547 687 autem

1888 704 2071 763 ﬁebat
2093 708 2171 763 ab
2202 710 2271 763 iis
2296 712 2399 782 qui
2429 713 2489 767 id
2524 728 2811 782 magnum
2848 713 3273 770 existimabant
3327 734 3339 771 :
3385 720 3550 790 ipsos

1891 812 2029 852 vero
2059 800 2397 866 agrestibus
2427 801 2794 873 quibusdam
2822 804 2993 874 equis
3039 803 3332 875 alligatos,
3370 807 3549 875 jussit

1888 900 2071 956 quam
2102 887 2365 959 primum
2395 890 2492 958 agi
2521 891 2762 946 Sardas.
2809 894 2999 964 Atque
3048 908 3235 963 equos
3276 895 3545 965 quidem,

1887 988 2021 1029 cum
2042 974 2400 1045 incepissent
2430 994 2663 1033 currere
2688 980 3002 1051 Thyatiris,
3037 981 3395 1040 adventante
3452 999 3545 1039 ve-

1888 1078 2080 1133 spere,
2110 1066 2311 1121 Sardis
2339 1067 2435 1122 vix
2453 1068 2695 1123 tandem
2730 1069 2952 1125 faciunt
2987 1085 3213 1126 acursu
3235 1072 3542 1130 desistere.

1886 1151 2172 1209 Caeterum
2204 1156 2588 1227 martyribus,
2616 1159 2714 1230 qui
2732 1158 2793 1213 in
2815 1158 2925 1214 hoc
2943 1160 3159 1216 acerbo
3175 1161 3441 1218 cruciatu
3462 1168 3542 1218 to-

1888 1244 2009 1295 tum
2048 1241 2205 1297 diem
2232 1249 2658 1314 transegerant,
2692 1262 2800 1302 nec
2826 1263 2945 1302 nox
2973 1253 3171 1304 tamen
3192 1247 3368 1305 bonis
3405 1252 3545 1307 acti-

1884 1328 1996 1384 bus
2018 1346 2210 1387 vacua
2232 1334 2517 1389 remansit
2543 1351 2556 1389 :
2579 1335 2684 1389 sed
2703 1336 2761 1390 in
2785 1335 3001 1391 divinis
3020 1337 3263 1409 hymnis
3286 1340 3543 1410 plurima

1882 1434 2024 1489 pars
2056 1420 2185 1490 ejus
2214 1420 2321 1477 fuit
2340 1428 2717 1494 consumpta.
2748 1424 2805 1482 Si
2828 1426 3074 1495 quando
3102 1431 3303 1482 autem
3323 1444 3538 1499 parum

1883 1507 2079 1562 somni
2112 1515 2411 1581 caperent,
2441 1511 2523 1565 eis
2550 1513 2896 1568 assistentes
2916 1513 3133 1583 angeli,
3158 1515 3433 1573 defessos
3451 1532 3538 1573 re-

1881 1597 2196 1656 creabant:
2216 1602 2273 1653 et
2295 1598 2371 1653 ad
2402 1603 2695 1656 tormenta
2718 1617 2860 1657 mox
2874 1601 3071 1657 futura
3083 1602 3388 1660 faciebant
3408 1606 3535 1662 ani-

1881 1699 1981 1739 mo
2011 1684 2348 1741 alacriores.
2385 1687 2672 1745 Postridie
2702 1696 2902 1745 autem
2929 1691 3147 1762 partim
3178 1692 3421 1763 quidem
3448 1693 3533 1749 in-

167 1771 216 1825 δε
249 1779 339 1826 καὶ
368 1781 485 1836 τοῖς
523 1782 759 1848 παροῦσι
800 1780 892 1833 τὴν
926 1777 1063 1828 θείαν
1106 1774 1301 1833 έκείνην
1348 1776 1662 1827 ἐπιστασίαν
1720 1780 1761 1829 οἱ

1880 1778 1965 1829 ter
1977 1789 2060 1839 se,
2077 1775 2295 1845 partim
2311 1782 2511 1832 autem
2529 1778 2566 1832 ii
2580 1778 2683 1849 qui
2698 1779 2967 1843 aderant,
3004 1780 3330 1837 narrabant
3345 1783 3535 1838 sancti

170 1864 296 1933 ἅγιοι
344 1860 653 1933 διηγοῦντο,
703 1870 794 1917 καὶ
840 1870 962 1917 πότε
1026 1864 1305 1937 Οὐαλέριος
1364 1864 1471 1927 ἣξει
1532 1863 1767 1927 ἐπανεξε-

176 1955 329 2003 τάσων
387 1953 582 2013 αὐτοὺς
645 1958 957 2028 περιέμενον,
1032 1956 1205 2028 ὥσπερ
1278 1957 1411 2015 τινες
1476 1953 1766 2025 ἀξιόμαχοι

179 2051 474 2113 στρατιῶται
520 2041 733 2112 ἀγώνων
778 2041 1145 2115 ἐπιθυμοῦντες
1189 2048 1278 2094 καὶ
1317 2047 1449 2114 πρός
1497 2046 1584 2094 τόν
1635 2045 1766 2114 μετὰ

170 2127 311 2193 δόξης
364 2134 591 2183 Θάνατον
645 2131 889 2203 εὔτολμον
950 2151 995 2183 τι
1057 2137 1146 2184 καῖ
1204 2132 1400 2204 εὐγενὲς
1467 2130 1756 2204 βλέποντες.

164 2221 363 2281 Ἐκεῖνος
422 2217 489 2273 δὲ
544 2224 642 2283 τὰς
688 2218 900 2295 Σάρδεις
952 2220 1275 2287 καταλαϐὼν,
1335 2223 1404 2283 ὡς
1452 2225 1509 2272 τὸ
1558 2229 1665 2285 νῦν,
1719 2221 1762 2273 εὶ

158 2316 233 2361 καὶ
286 2316 357 2382 μη
418 2316 690 2384 πρότερον,
760 2310 1168 2385 εῦπειθεστέροις
1220 2317 1326 2371 τοῖς
1390 2312 1624 2383 μάρτυσι
1672 2315 1761 2361 καὶ

158 2399 480 2474 τὶχειρώτοις
528 2396 638 2457 ἤδη
690 2404 983 2472 γενομένοις
1031 2408 1355 2473 περιτυχεῖν,
1404 2402 1471 2451 τὰ
1526 2402 1617 2471 μεν
1659 2402 1758 2473 γὰρ

154 2496 236 2550 τῆς
281 2494 546 2561 τιμωρίας
601 2490 850 2559 ἐγίνωσκε
897 2494 1067 2561 μόνον,
1124 2492 1189 2541 τὰ
1239 2485 1299 2541 δὲ
1351 2497 1447 2550 τῆς
1501 2490 1758 2563 παρακλὴ-

154 2596 287 2642 σως,
346 2580 510 2630 πόθεν
568 2580 598 2635 ἠ
641 2574 848 2648 γεώδης
904 2577 1063 2636 ἐκείνη
1111 2577 1265 2649 ψυχὴ
1321 2582 1409 2629 καὶ
1458 2577 1570 2640 ξένη
1622 2580 1759 2639 θείας

151 2670 440 2738 ἐπιφανείας
494 2672 583 2718 καὶ
631 2666 996 2738 ἀγαθότητος;
1046 2665 1153 2719 ἐπεὶ
1206 2663 1266 2718 δι
1295 2666 1442 2718 πλέον
1489 2673 1575 2717 νῦν
1628 2669 1756 2738 ἤπερ

152 2757 436 2829 ἔμπροσθεν
494 2758 879 2827 χαριεστάτους
917 2759 1005 2827 μεν
1055 2760 1145 2813 τὴν
1190 2754 1330 2825 ἄψιν,
1386 2753 1653 2815 εὐσταθεῖς
1700 2752 1759 2807 δὲ

151 2848 197 2895 τὸ
252 2852 505 2915 φρόνημα
568 2849 658 2896 καὶ
702 2843 1081 2905 ἀταπεινὼτους
1128 2848 1221 2902 τὴν
1260 2843 1439 2914 ψυχὴν
1487 2842 1753 2906 ἐθεάσατο,

154 2932 410 3003 ἀπογνοὺς
462 2936 522 2984 τό
573 2930 666 2985 διὰ
706 2931 951 3005 βασάνων
994 2933 1137 2996 ἑλεῖν,
1185 2935 1433 2994 θωπείαις
1477 2932 1628 2983 πάλιν
1669 2938 1757 2985 καὶ

153 3018 355 3093 δωρεῶν
425 3023 681 3093 μειζόνων
756 3020 1089 3092 ἕπαγγελίαις
1166 3026 1259 3079 τὴν
1333 3029 1431 3073 τῶν
1513 3026 1755 3091 γενναίων

152 3113 389 3163 ἔνστασιν
446 3113 783 3183 ὑποχαυνοῦν
859 3110 1132 3185 ἐπεχείρει.
1188 3109 1274 3172 Ὡς
1333 3106 1391 3162 δε
1457 3108 1540 3162 ἐπὶ
1605 3109 1753 3162 πλέον
1786 3122 1825 3176 C

155 3200 326 3274 ἐπείρα
392 3206 486 3252 καὶ
558 3201 767 3253 πλείονα
834 3203 910 3252 ἔτι
979 3205 1072 3258 την
1133 3199 1455 3275 στερρότητα
1504 3204 1752 3265 κατενόει,

154 3297 279 3363 πρὸς
320 3294 379 3341 τό
420 3290 689 3362 αὐστηρόν
737 3286 887 3351 αὖθις
930 3288 1119 3363 ἐχώρει
1156 3298 1228 3359 τῷ
1275 3296 1486 3359 συνεχεῖ
1529 3296 1620 3349 τῆς
1668 3308 1751 3359 με.

151 3378 367 3438 τειϐολῆς
401 3386 497 3431 καὶ
530 3387 605 3449 τῷ
644 3379 866 3450 ποικίλῳ
918 3388 1010 3440 τῆς
1042 3378 1248 3451 ὁμιλίας
1294 3380 1523 3451 θηρᾶσαι
1564 3382 1657 3435 τὴν
1706 3376 1753 3429 ἐν

152 3477 356 3543 Χριστῷ
407 3468 681 3527 ἁπλότητα
735 3477 834 3520 τῶν
892 3467 1050 3538 ἁγίων
1103 3469 1128 3519 ό
1182 3466 1384 3527 σκολιός
1440 3472 1755 3539 μηχανώμε-

150 3578 250 3619 νος.

225 3648 296 3703 H’.
325 3649 471 3702 Ἐπεὶ
523 3645 583 3700 δι
628 3652 719 3699 καὶ
757 3648 893 3699 οὕτω
930 3652 1202 3717 νικώμενος
1252 3642 1313 3704 ἦν
1364 3650 1452 3698 καὶ
1500 3642 1623 3698 οὐδε
1671 3667 1753 3716 μι-

152 3742 267 3809 κρὸν
326 3733 713 3799 ῦπενδιδόντας
757 3737 893 3811 ἐώρα
939 3740 1055 3795 τοὺς
1102 3737 1388 3809 μάρτυρας,
1421 3733 1526 3785 ἀλλ’
1578 3737 1750 3808 ὥσπερ

155 3846 229 3887 τις
293 3824 509 3887 ἀλώπηξ
562 3824 716 3896 έφάνη
771 3821 1141 3896 διαμαχομένη
1188 3826 1317 3896 πρός
1359 3822 1583 3888 λέοντας,
1629 3822 1751 3875 ἀπο-

156 3923 249 3987 ρῶν
290 3922 401 3975 τοῖς
446 3913 603 3975 ὅλοις.
664 3914 951 3985 ὑπέρχεται
997 3916 1188 3983 τέχνην
1241 3910 1435 3984 ἑτέραν,
1486 3916 1574 3962 καὶ
1622 3913 1753 3984 Κάρ-

158 4024 239 4055 πον
294 4008 387 4075 μὲν
447 4008 539 4054 καὶ
590 4002 829 4055 Πάπυλον
884 4002 1244 4073 ἀποπέμπεται
1298 4004 1419 4061 τοὺς
1469 4005 1749 4070 γενναίους,

158 4091 384 4164 ἀσραλῶς
432 4093 715 4162 τηρεῖσθαι
788 4091 1056 4151 κελεύσας.
1138 4093 1236 4142 Τόν
1313 4085 1373 4142 δὲ
1450 4090 1751 4160 θαυμαστόν

158 4177 539 4252 Ἀγαθόδωρον,
573 4183 629 4241 ὃς
668 4188 777 4242 τοῖς
821 4183 1049 4253 μάρτυσι
1096 4176 1385 4237 διηκονεῖτο
1425 4184 1514 4230 καὶ
1548 4181 1613 4229 τά
1654 4187 1752 4229 τῶν

157 4272 349 4324 οἰκετῶν
394 4273 615 4343 ἔπραττε
662 4272 886 4343 (μάρτυς
932 4274 1021 4321 καὶ
1070 4269 1222 4328 αὐτὸς
1264 4264 1371 4326 ἤδη
1422 4268 1609 4327 τέλειος
1662 4268 1748 4332 ὢν,

156 4367 232 4413 καὶ
287 4369 365 4430 τῷ
432 4364 554 4432 περὶ
631 4359 815 4418 αὐτοὺς
889 4356 1080 4431 φίλτρῳ
1130 4365 1227 4409 τῶν
1298 4357 1465 4408 αὐτῶν
1540 4355 1750 4418 ἐκείνοις

157 4449 398 4502 ἐκοινώνει
452 4448 758 4519 κολάσεων),
822 4455 1003 4499 τοῦτον
1066 4446 1295 4498 ἐκέλευσε
1350 4448 1569 4497 ταθέντα
1626 4444 1750 4518 βου·
1788 4480 1829 4532 D

156 4546 335 4612 νεὶροις
396 4536 622 4597 ἀνηλεῶς
676 4538 965 4588 τύπτεσθαι
1018 4554 1030 4567 ·
1101 4535 1212 4607 ἅμα
1268 4537 1357 4605 μεν
1406 4534 1583 4585 λυπεῖν
1631 4536 1751 4594 τοὺς

157 4629 327 4697 ἁγίους
374 4624 474 4679 διὰ
520 4634 617 4687 τῆς
667 4629 794 4696 πρὸς
842 4628 929 4676 τόν
984 4625 1270 4695 όμόπιστον
1324 4626 1591 4697 τιμωρίας,
1642 4621 1752 4693 ἅμα

158 4714 205 4769 δε
260 4723 350 4769 καὶ
404 4713 581 4788 φοϐεῖν
631 4712 959 4786 βουλόμενος.
1009 4712 1325 4785 Ἡμιλλῶντο
1379 4709 1465 4763 οὖν
1520 4710 1752 4771 ἀλλήλοις

160 4807 378 4879 ἑκάτεροι
436 4808 464 4857 6
520 4823 575 4856 τε
620 4803 853 4863 κολάζων
910 4800 1175 4864 δικαστής
1212 4806 1299 4852 καὶ
1346 4802 1372 4852 6
1422 4803 1623 4874 μάρτυς
1670 4818 1681 4831 ⁶
1727 4801 1751 4850 6

160 4891 407 4957 δικαστής
574 4895 708 4945 ὥστε
755 4901 825 4962 τῷ
854 4892 1037 4950 πλήθει
1070 4900 1167 4943 τῶν
1210 4890 1419 4961 πληγῶν
1458 4893 1543 4941 τόν
1583 4886 1753 4964 ἄνδρα

161 4980 286 5048 Dav,
320 4985 347 5034 6
389 4984 595 5055 μάρτυς
650 4978 709 5033 δι
746 4976 915 5041 ἠδίως
963 4981 1096 5032 οὕτω
1138 4983 1228 5040 τὰς
1279 4979 1481 5050 πληγὰς
1530 4974 1752 5048 δεχόμε-

158 5090 247 5135 νος,
276 5075 345 5133 ὡς
384 5069 547 5130 δῆλον
593 5068 721 5123 εἶναι
758 5077 912 5123 τοῦτο
948 5066 1024 5121 δι’
1054 5069 1219 5141 εὐχῆς
1268 5070 1524 5129 τίθισθαι,
1568 5072 1623 5119 τό
1666 5065 1752 5119 δι-

160 5163 357 5231 αρκέσαι
418 5165 515 5218 την
592 5164 844 5235 τιμωρίαν
903 5162 988 5210 καὶ
1055 5162 1126 5230 μὴ
1196 5157 1556 5231 ἀπαγορεῦσαι
1631 5160 1749 5217 τοὺς

158 5249 394 5312 κολαστὰς
449 5254 719 5311 παίοντας.
788 5247 877 5309 Ὠς
938 5244 1025 5300 οὖν
1078 5251 1135 5300 τό
1206 5250 1524 5321 μαρτυρικόν
1591 5248 1747 5298 ἐκεῖνό

166 5345 295 5408 ςῶμα
340 5339 500 5392 πολὺν
576 5335 685 5398 ἤδη
753 5345 870 5401 ταῖς
935 5338 1180 5412 μάστιξιν
1230 5336 1467 5389 ίκόπτετο
1533 5340 1745 5408 χρόνον,

162 5426 353 5497 αἵματος
536 5430 711 5503 ὥσπερ
772 5431 830 5481 ἔκ
895 5448 1027 5489 τινος
1081 5435 1260 5499 πηγῆς
1305 5429 1512 5501 κρουνοὶ
1566 5421 1743 5477 ἀνεδί-

166 5510 314 5583 δοντο,
346 5520 627 5593 σπλάγχνα
657 5516 718 5572 δὲ
761 5526 858 5579 τῆς
902 5518 1094 5577 οἰκείας
1133 5515 1409 5587 περιϐολῆς
1440 5514 1742 5585 έγυμνοῦτο,

170 5608 269 5673 ξιῦῐς
320 5620 412 5662 τῶν
469 5611 733 5685 ἁρμονιῶν
797 5605 1109 5675 διεσπῶντο,
1176 5612 1263 5659 καὶ
1334 5607 1361 5663 ὴ
1418 5612 1506 5666 τῆς
1554 5599 1747 5665 ὀδύνης

1877 1862 2145 1918 divinam
2169 1864 2331 1919 illam
2356 1866 2815 1936 apparitionem,
2832 1873 3217 1925 etventurum
3231 1869 3533 1927 Valerium

1877 1951 1955 2007 ad
1976 1968 2183 2008 eorum
2203 1954 2701 2009 examinationem
2742 1957 3184 2027 exspectabant,
3206 1959 3447 2029 perinde
3462 1974 3534 2015 ac

1872 2042 2125 2113 quidam
2151 2043 2376 2099 strenui
2408 2043 2621 2099 milites
2652 2047 2982 2101 certamina
3007 2048 3333 2118 cupientes,
3358 2054 3417 2103 et
3452 2049 3532 2106 ad

1874 2138 2129 2187 mortem
2162 2149 2299 2188 cum
2326 2133 2517 2202 gloria
2547 2134 3017 2206 suscipiendam,
3042 2150 3329 2205 generose
3349 2143 3404 2193 et
3431 2153 3533 2193 au-

1871 2219 2401 2279 dacterintuentes.
2424 2223 2521 2278 Ille
2535 2228 2734 2279 autem
2753 2240 2889 2280 cum
2904 2226 3265 2296 pervenisset
3288 2227 3528 2292 Sardas,

1872 2312 2011 2365 tunc
2050 2309 2449 2379 existimabat,
2482 2318 2541 2369 et
2569 2314 2617 2368 si
2648 2328 2770 2368 non
2793 2314 2975 2383 prius,
2993 2329 3055 2370 se
3083 2313 3530 2372 obedientiores

1870 2403 1926 2453 et
1976 2398 2268 2455 faciliores
2327 2401 2708 2458 inventurum
2754 2407 3067 2470 martyres.
3116 2402 3320 2459 Solum
3369 2404 3529 2460 enim

1869 2487 2092 2543 sciebat
2113 2490 2405 2546 cruciatus
2443 2508 2456 2557 ;
2490 2491 2962 2548 consolationem
3012 2498 3207 2547 autem
3231 2493 3389 2549 unde
3422 2494 3532 2549 sci-

1868 2582 1951 2631 ret
1976 2581 2209 2633 terrena
2240 2579 2336 2635 illa
2367 2582 2581 2645 anima,
2635 2585 2690 2635 et
2728 2580 2925 2635 aliena
2954 2596 2990 2635 a
3039 2581 3243 2637 divina
3291 2582 3530 2653 appari-

1869 2665 2028 2720 tione
2068 2672 2125 2721 et
2158 2667 2420 2723 bonitate
2449 2668 2477 2721 ?
2508 2668 2652 2724 Cum
2685 2684 2788 2723 eos
2813 2674 3011 2723 autem
3046 2668 3283 2724 vidisset
3335 2669 3523 2734 vultu,

1867 2768 2049 2824 quam
2082 2754 2247 2824 prius
2301 2755 2579 2820 laetiores,
2613 2757 2945 2827 spirituque
2976 2758 3437 2822 constantiores,
3471 2763 3527 2813 et

1868 2843 2071 2897 animo
2101 2844 2298 2898 minus
2328 2843 2614 2916 dejectos,
2639 2845 2965 2916 desperans
2998 2860 3061 2899 se
3087 2859 3265 2915 posse
3293 2861 3395 2901 eos
3412 2850 3525 2899 tor-

1870 2931 2083 2986 mentis
2103 2947 2469 3003 expugnare,
2495 2932 2997 2988 assentationibus
3020 2949 3230 2988 rursus
3255 2939 3311 2989 et
3338 2934 3525 3004 majo-

1866 3036 2000 3075 rum
2020 3020 2319 3077 donorum
2343 3022 2845 3093 promissionibus
2863 3022 3320 3093 aggrediebatur
3336 3022 3523 3078 emol-

1865 3110 1970 3165 lire
2001 3110 2266 3166 virorum
2294 3111 2531 3167 fortium
2558 3112 2975 3167 constantiam.
3010 3113 3159 3168 Cum
3185 3118 3385 3167 autem
3403 3128 3525 3169 ma-

1866 3198 1957 3269 gis
1988 3202 2286 3263 tentasset,
2321 3204 2377 3255 et
2429 3199 2628 3255 adhuc
2658 3200 2949 3269 majorem
3005 3198 3526 3255 animadvertisset

1863 3286 2096 3342 roboris
2112 3287 2473 3353 ﬁrmitatem,
2491 3288 2780 3360 processit
2795 3303 3003 3342 rursus
3019 3288 3092 3343 ad
3113 3288 3520 3353 acerbitatem,

1865 3376 2149 3431 continua
2178 3378 2528 3444 mutatione,
2560 3382 2615 3433 et
2646 3376 2812 3432 varia
2838 3376 3248 3441 collocutione,
3274 3376 3522 3432 moliens

1863 3462 2177 3535 improbus
2200 3466 2399 3521 venari
2414 3482 2721 3537 eam,quaa
2745 3466 2805 3520 in
2835 3464 3066 3520 Christo
3107 3464 3361 3520 fundata
3398 3470 3523 3521 erat

1865 3558 2209 3608 sanctorum
2236 3554 2700 3625 simplicitatem.

1937 3642 2075 3696 Vlll.
2109 3642 2251 3696 Cum
2280 3648 2480 3697 autem
2502 3644 2587 3696 sic
2609 3656 2851 3713 quoque
2876 3640 3225 3707 vinceretur,
3251 3646 3307 3697 et
3332 3657 3520 3714 nepa-

1863 3746 1996 3786 rum
2009 3730 2252 3803 quidem
2266 3731 2543 3786 cedentes
2561 3730 2782 3785 videret
2803 3734 3088 3801 martyres
3105 3731 3208 3785 sed
3225 3736 3519 3803 tanquam

1865 3819 2071 3889 vulpes
2102 3819 2383 3890 quaedam
2407 3819 2564 3873 visus
2592 3824 2682 3873 est
2706 3833 2977 3889 pugnare
3027 3824 3234 3873 contra
3291 3818 3519 3884 leones,

1864 3908 2050 3963 animi
2082 3908 2256 3979 plane
2295 3907 2517 3962 dubius
2545 3912 2601 3961 et
2633 3906 2966 3978 perplexus,
3004 3906 3114 3961 alia
3141 3912 3265 3961 arte
3287 3922 3389 3962 eos
3424 3923 3518 3961 su-

1864 4012 2070 4067 perare
2092 3996 2437 4065 aggreditur
2466 4012 2478 4061 ;
2505 4002 2561 4051 et
2588 3996 2840 4066 Carpum
2866 3994 3106 4066 quidem
3148 4000 3206 4051 et
3230 3994 3520 4066 Papylum

1861 4086 2020 4141 viros
2050 4084 2227 4140 fortes
2276 4101 2345 4140 ac
2374 4085 2696 4157 praeclaros
2728 4083 2990 4149 dimittit,
3011 4084 3232 4154 jubens
3262 4099 3364 4139 eos
3396 4088 3522 4139 tuto

1863 4174 2119 4230 servari:
2144 4174 2547 4229 admirabilem
2570 4180 2769 4229 autem
2790 4173 3272 4243 Agathodorum,
3296 4172 3403 4244 qui
3420 4172 3526 4227 mi-

1863 4263 2154 4319 nistrabat
2182 4264 2565 4334 martyribus,
2587 4262 3018 4318 etfamulorum
3037 4277 3283 4317 munere
3313 4262 3523 4332 funge-

1861 4352 2037 4408 batur
2065 4353 2188 4424 (qui
2214 4354 2343 4423 ipse
2369 4368 2609 4423 quoque
2633 4352 2759 4422 jam
2789 4355 2912 4406 erat
2946 4350 3244 4421 perfectus
3272 4356 3516 4423 martyr,

1863 4449 1919 4499 et
1950 4459 2059 4498 suo
2089 4444 2147 4497 in
2174 4458 2277 4498 eos
2305 4458 2508 4499 amore
2538 4447 2663 4498 erat
2693 4442 2890 4497 socius
2918 4441 3272 4497 eorumdem
3293 4440 3520 4513 suppli-

1864 4532 2111 4593 ciorum)
2148 4574 2163 4598 ,
2199 4548 2357 4597 eum,
2393 4532 2667 4602 inquam,
2720 4531 2893 4600 jussit
2947 4536 3282 4594 extensum,
3330 4530 3519 4584 boum

1860 4621 2057 4677 nervis
2079 4622 2226 4677 caedi
2241 4618 2801 4685 immisericorditer,
2823 4618 3000 4674 simul
3024 4619 3270 4691 quidem
3284 4622 3521 4673 sanctos

1862 4710 2132 4766 molestia
2162 4709 2397 4765 afﬁcere
2436 4714 2675 4780 propter
2705 4708 3036 4763 cruciatum
3072 4709 3222 4778 ejus,
3256 4707 3361 4778 qui
3396 4711 3521 4763 erat

1861 4798 2130 4870 ejusdem
2164 4798 2320 4863 ﬁdei,
2363 4804 2418 4852 et
2449 4796 2792 4853 terrefacere
2836 4796 3057 4860 volens,
3096 4796 3339 4868 Utrique
3379 4810 3521 4864 ergo

1863 4888 2010 4943 inter
2040 4904 2100 4942 se
2128 4886 2590 4950 contendebant,
2624 4901 2841 4955 nempe
2881 4889 2939 4940 et
2966 4884 3147 4956 judex
3184 4885 3287 4956 qui
3314 4884 3521 4956 punie-

1860 4975 1985 5039 bat,
2017 4982 2071 5031 et
2102 4983 2342 5047 martyr,
2388 4974 2572 5045 judex
2606 4973 2874 5046 quidem,
2912 4978 2972 5027 ut
3005 4972 3342 5028 multudine
3395 4972 3520 5043 pla-

1862 5080 2070 5134 garum
2094 5080 2233 5119 eum
2258 5068 2625 5135 expugnaret
2648 5080 2661 5127 ;
2682 5069 2906 5134 martyr
2923 5066 3145 5128 autem,
3164 5061 3375 5133 plagas
3395 5066 3513 5115 tam

1861 5154 2105 5209 libenter
2136 5152 2456 5223 accipiens,
2502 5155 2562 5205 ut
2599 5151 2837 5206 evidens
2864 5158 3038 5217 esset,
3072 5166 3209 5205 eum
3240 5149 3355 5204 hoc
3409 5148 3514 5203 ha-

1859 5243 1998 5299 bere
2029 5243 2086 5297 in
2121 5244 2289 5307 votis,
2315 5245 2377 5295 ut
2406 5240 2647 5295 duraret
2678 5238 3049 5310 supplicium,
3081 5243 3138 5293 et
3177 5252 3294 5293 non
3351 5236 3515 5292 defa-

1860 5332 2185 5402 tigarentur
2215 5334 2466 5385 tortores
2480 5328 2772 5384 ferientes.
2800 5327 2948 5381 Cum
2964 5341 3109 5396 ergo
3132 5326 3517 5397 martyricum

1856 5420 2544 5491 lludcorpusjamlongo
2582 5422 2845 5487 tempore
2879 5415 3207 5470 caederetur
3242 5414 3513 5486 ﬂagellis,

1857 5510 2277 5565 emittebantur
2305 5507 2554 5579 quidem
2579 5505 2689 5561 rivi
2730 5504 3065 5573 sanguinis,
3097 5509 3391 5577 tanquam
3444 5520 3518 5561 ex

1857 5599 2120 5674 quodam
2143 5596 2324 5662 fonte,
2349 5611 2457 5652 suo
2476 5598 2679 5653 autem
2701 5594 3111 5689 integpmento
3124 5593 3518 5681 nudabantur
