4062 6222
466 352 570 409 115
1863 346 2123 405 MENSIS

2263 350 2454 411 RILIS
3728 363 3831 419 116

460 480 708 541 viscera,
740 473 1178 531 divellebantur
1243 475 1495 531 musculi
1546 492 1581 532 a
1611 476 2027 548 compagibus,
2065 479 2121 529 et

2263 480 2482 543 1691101;
2538 484 2696 544 πολλή
2761 506 2841 547 τις
2902 485 3130 558 ἀτεχνῶς
3188 490 3277 539 καὶ
3327 482 3541 561 δριμεῖα
3592 490 3677 539 τὸν
3727 508 3841 559 γεν-

462 583 674 623 sensus
705 563 929 620 doloris
979 578 1185 619 revera
1234 580 1489 634 magnus
1540 569 1597 620 et
1638 564 2123 621 acerinvadebat

463 657 655 711 virum
691 654 923 708 fortem.
949 649 1045 706 llle
1073 657 1275 707 autem
1304 653 1551 724 perinde
1582 669 1650 709 ac
1680 653 1727 708 si
1758 652 1987 708 nullam
2020 667 2122 723 pa-

466 741 1056 806 tereturmolestiam,
1090 741 1149 795 in
1179 742 1353 798 malis
1380 743 1460 797 ita
1494 748 1618 798 crat
1650 740 1920 806 aﬂectus,
1953 740 2122 796 silen-

467 832 545 889 tio
586 831 778 886 ferens
806 830 1047 885 crebros
1076 831 1226 885 ictus
1284 830 1678 901 ﬂagellorum,
1736 837 1789 886 et
1835 831 1956 899 pati
1987 845 2124 901 pro-

467 926 593 993 pter
622 920 933 985 Christum,
952 919 1183 975 habens
1212 920 1352 976 satis
1372 936 1660 991 magnum
1684 920 1960 977 dolorum
1974 917 2127 975 sola-

475 1010 647 1066 tium.

2232 577 2371 621 ναῖον
2402 572 2568 645 εἰσῄει
2613 593 2623 603 ·
2658 577 2683 626 ό
2729 571 2806 639 δὲ,
2839 578 3069 649 καθάπερ
3120 583 3218 627 τῶν
3264 574 3559 627 λυπούντων
3610 580 3836 648 πάσχων

2235 656 2407 723 οὐδὲν,
2462 663 2621 725 οὕτως
2674 663 2724 715 ἐν
2763 672 2867 724 τοῖς
2908 661 3096 726 δεινοῖς
3150 660 3388 726 διέκειτο,
3441 667 3624 736 ἡσυχῆ
3678 670 3838 738 φέρων

2235 750 2323 809 τὰς
2363 758 2460 800 τῶν
2504 758 2773 823 μαστίγων
2818 750 3035 825 νιφάδας
3076 757 3163 805 καὶ
3207 757 3264 805 τὸ
3322 750 3413 805 διὰ
3471 756 3697 827 Χριστόν
3746 757 3842 806 πά-

2239 856 2389 909 σχειν
2421 837 2608 912 ἀρκουν
2640 844 2775 912 ἔχων
2816 850 2913 894 τῶν
2947 840 3142 893 ὀδυνῶν
3168 844 3517 916 παραμύθιον.

540 1100 622 1156 IX.
650 1100 798 1155 Cum
829 1102 1029 1154 autem
1056 1098 1181 1169 jam
1209 1098 1478 1155 defessus
1504 1099 1749 1171 quidem
1776 1102 1930 1154 esset
1950 1097 2124 1154 Vale-

473 1187 595 1244 rius
625 1229 638 1252 ,
663 1187 967 1257 defatigati
997 1193 1195 1243 autem
1225 1188 1671 1243 essentlictores
1689 1187 2130 1252 feriendo,eum

473 1293 612 1333 vero
635 1282 931 1333 tormenta
964 1276 1159 1346 magis
1183 1275 1569 1342 laetiﬁcarent,
1604 1277 1863 1332 Christus
1894 1292 2033 1333 eum
2072 1277 2129 1331 in

473 1366 659 1421 caelos
686 1366 955 1429 accersit,
983 1364 1266 1420 athletam
1297 1365 1476 1435 digne
1500 1370 1921 1421 coronaturus.
1955 1365 2008 1419 Is
2031 1380 2133 1421 au-

476 1460 594 1511 tem
625 1459 683 1510 et
713 1454 910 1510 statim
939 1454 1212 1525 spiritum
1238 1454 1297 1509 in
1330 1470 1544 1510 manus
1568 1454 1716 1526 ejus,
1748 1454 1851 1527 qui
1874 1453 2130 1520 vocavit,

2312 1071 2392 1125 Θ’.
2442 1071 2525 1133 Ὠς
2557 1070 2615 1126 δὲ
2645 1073 2913 1146 ἀπειρήκει
2954 1078 3043 1147 μὲν
3075 1077 3099 1128 ό
3141 1074 3418 1149 Οὐαλέριος
3446 1070 3577 1140 ἤδη,
3627 1076 3845 1146 ἔκαμνον

2241 1158 2300 1212 δε
2344 1163 2392 1212 οἱ
2433 1158 2615 1233 δήμιοι
2666 1168 2923 1225 παίοντες,
2957 1167 3042 1217 τὸν
3083 1160 3142 1217 δε
3185 1168 3274 1215 καὶ
3322 1162 3539 1235 ἦγαλλον
3577 1165 3632 1215 αἱ
3675 1162 3845 1236 βάσα-

2239 1269 2318 1301 νοι
2363 1250 2573 1321 μᾶλλον,
2636 1252 3001 1322 μετακαλεῖται
3054 1257 3142 1326 μὲν
3198 1252 3265 1313 εἰς
3316 1253 3564 1326 οὐρανούς
3625 1254 3650 1304 ό
3717 1261 3847 1327 Χρι-

2244 1343 2386 1403 στός,
2431 1339 2582 1401 ἀξίως
2632 1347 2970 1413 στεφανώσων
3014 1346 3099 1394 τὸν
3144 1341 3371 1399 ἀθλητήν
3423 1358 3435 1372 ’
3487 1340 3633 1403 οὗτος
3678 1338 3737 1394 δέ
3789 1344 3849 1393 τό

2241 1430 2441 1500 πνεῦμά
2479 1448 2533 1480 τε
2580 1428 2649 1491 εἰς
2702 1438 2891 1501 χεῖρας
2945 1430 3097 1491 εὐθὺς
3151 1437 3243 1482 τοῦ
3294 1430 3608 1491 καλέσαντος
3647 1435 3736 1481 xui
3790 1433 3851 1481 τό

2246 1526 2398 1589 σῶμα
2439 1522 2613 1590 νεκρὸν
2663 1526 2772 1580 τοῖς
2825 1520 3095 1579 αἰκίζουσι
3141 1521 3429 1594 παρετίθει,
3482 1521 3603 1591 ὅπερ
3653 1520 3853 1591 ἄταφον

2243 1611 2332 1679 μὲν
2385 1606 2777 1681 παρερῥίπτετο,
2844 1605 3048 1661 δεῖπνον
3106 1610 3309 1681 ἕτοιμον
3377 1610 3573 1682 θηρίοις
3626 1613 3715 1661 καὶ
3767 1627 3853 1661 πε·

2244 1704 2427 1757 τεινοῖς
2477 1697 2762 1768 ἐκκείμενον

476 1548 538 1600 et
561 1559 779 1616 corpus
794 1547 1096 1599 mortuum
1128 1542 1841 1613 tradiditﬂagellantibus.
1858 1543 2026 1609 Quod
2047 1543 2134 1597 in—

476 1633 774 1705 sepultum
796 1632 1042 1704 quidem
1068 1631 1176 1688 fuit
1223 1633 1574 1704 projectum,
1604 1639 1667 1686 ut
1687 1632 2069 1688 devoraretur
2098 1648 2135 1687 a

475 1722 614 1777 feris
645 1721 985 1785 etalitibus,
1008 1737 1145 1776 cum
1170 1721 1247 1776 ita
1278 1721 1857 1792 jussissetValerius.
1882 1720 2135 1793 Vespere
2244 1720 2427 1802 ῖξιγεζις
2477 1720 2777 1802 simam",
2817 1720 2829 1730 '
2875 1720 3487 1802 W79"?meme
3540 1720 3712 1802 υυαλξ

477 1816 677 1867 autem
705 1783 1058 1883 quidamlex
1086 1810 1156 1865 iis
1185 1783 1296 1881 qui
1312 1810 1429 1865 illic
1466 1826 1649 1882 prope
1677 1783 2055 1875 habitabant,
2078 1808 2133 1865 id

2264 1784 2432 1855 Οψίας
2491 1783 2549 1838 δὲ
2596 1790 2885 1858 γενομένης,
2944 1791 3076 1849 τινες
3126 1796 3224 1840 τῶν
3280 1786 3382 1839 ἐκεῖ
3433 1789 3853 1859 προσοικούντων

2323 1876 2333 1889 .
2643 1882 2661 1891 -
2772 1879 2794 1891 ι.
3236 1882 3253 1891 -
3506 1875 3524 1892 ε
3583 1880 3591 1892 .
3708 1877 3729 1892 η

477 1875 920 1956 absconduntin
933 1898 1187 1970 quadam
1202 1875 1532 1971 propinqua
1544 1875 2134 1971 spelunca,ducentes

2263 1876 2535 1945 ιρύπτονσι
2575 1882 2723 1927 τοῦτο
2770 1879 2819 1927 ἔν
2867 1896 2966 1927 τινι
3022 1882 3335 1947 γειτονοῡντι
3396 1875 3657 1946 σπηλαίῳ,
3706 1877 3857 1947 ἔργον

2304 1964 2321 1980 η
2403 1966 2425 1980 η
2484 1969 2491 1978 .
2692 1964 2702 1980 .
2808 1972 2828 1980 -
3066 1973 3080 1980 -
3276 1966 3293 1979 .
3450 1969 3460 1980 .
3526 1967 3598 1980 η.
3756 1965 3776 1980 η

475 1989 592 2046 hoc
623 2003 757 2044 esse
789 2004 941 2060 opus
971 1987 1215 2057 benigni
1243 1996 1299 2044 et
1330 1988 1635 2044 clementis
1667 1988 1874 2055 animi,
1907 1993 2011 2043 aut
2055 1988 2136 2043 sic

2263 1964 2605 2037 νιλανθρὼπου
2674 1964 2862 2036 ψυχῆς
2929 1973 3211 2030 ποιοῦντες,
3271 1966 3300 2023 ἱ)
3378 1969 3468 2016 καὶ
3524 1967 3664 2026 θείας
3720 1965 3857 2017 ούτω

477 2079 659 2135 etiam
679 2077 879 2132 divina
899 2077 1280 2145 dispensante
1304 2077 1694 2133 Providentia.
1718 2076 2010 2143 Quidnam
2039 2092 2135 2131 auv

2263 2058 2489 2128 τρονοίας
2536 2054 2922 2126 οἰκονομούσης.
2968 2058 3037 2107 Τὸ
3080 2051 3139 2107 δε
3184 2057 3314 2127 μετὰ
3356 2062 3523 2107 ταῦτα
3560 2058 3610 2105 τί
3645 2070 3657 2118 ;
3709 2054 3858 2105 Otiu-

482 2172 593 2224 tem
626 2172 715 2222 est
746 2171 956 2237 postea
982 2171 1368 2221 consecutum
1396 2166 1424 2222 ?
1450 2165 1717 2221 Valerius
1744 2181 1988 2237 praeses,
2035 2165 2139 2237 qui

2263 2148 2412 2215 téptoc
2456 2144 2481 2194 ό
2520 2146 2742 2215 ἦγεμὼν,
2794 2146 2823 2201 ἡ
2881 2142 3196 2215 παλίμϐολος
3245 2152 3316 2214 τῷ
3373 2148 3479 2195 ὅντε
3530 2148 3620 2195 xui
3670 2139 3861 2216 δολερὰ

478 2261 604 2312 erat
622 2270 829 2311 revera
846 2260 1085 2309 versuta
1102 2260 1157 2310 et
1171 2254 1551 2311 fraudulenta
1568 2255 1798 2327 vulpes,
1814 2255 2139 2311 lenioribus

480 2345 675 2401 verbis
702 2349 943 2399 sanctos
973 2344 1331 2413 aggreditur,
1372 2344 1588 2400 timens
1632 2344 1800 2411 forte,
1855 2360 1929 2399 ne
1978 2345 2141 2416 ipsos

478 2431 917 2505 quoque,sicutj
927 2448 1027 2488 am
1040 2432 1219 2488 etiam
1233 2432 1706 2503 Agathodorum,
1721 2433 2032 2489 amitteret.
2055 2432 2139 2488 Di-

479 2522 655 2578 cebat
680 2522 839 2577 enim
877 2537 889 2576 :
918 2520 1017 2577 Ille
1043 2521 1293 2593 quidem
1323 2522 1548 2577 invenit
1594 2527 1847 2578 mortem
1894 2522 2142 2591 dignam

480 2610 583 2667 tali
611 2609 956 2679 arrogantia
987 2614 1043 2665 et
1067 2611 1350 2674 amentia,
1384 2626 1521 2665 cum
1568 2626 1690 2666 non
1730 2610 2047 2683 paruisset,
2082 2614 2145 2665 ut

481 2698 834 2753 sacriﬁcaret
854 2697 965 2752 diis
987 2697 1455 2754 immortalibus.
1478 2697 1595 2753 Vos
1623 2704 1824 2754 autem
1854 2714 1990 2753 cum
2016 2697 2143 2753 sitis

480 2788 793 2858 sapientes,
823 2801 928 2841 cur
956 2801 1078 2841 non
1109 2786 1374 2858 aspicitis
1406 2786 1479 2842 ad
1511 2788 1588 2851 id,
1621 2788 1786 2859 quod
1833 2792 1922 2842 est
1974 2786 2143 2842 vobis

479 2875 872 2941 conducibile,
906 2874 1010 2931 sed
1034 2874 1205 2930 vultis
1232 2892 1359 2931 esse
1388 2876 1614 2932 similes
1636 2876 1864 2932 homini
1894 2891 2027 2932 vere
2062 2876 2148 2931 in-

483 2965 657 3033 felici,
688 2964 792 3037 qui
826 2979 933 3033 pro
965 2964 1086 3019 vita
1116 2969 1172 3019 et
1192 2964 1413 3034 gaudio
1436 2965 1609 3020 stulte
1639 2965 1961 3021 violentam
1994 2980 2147 3020 mor-

2263 2970 2358 3010 τως
2411 2949 2585 3022 βίαιον
2640 2953 2853 3005 θάνατον
2903 2951 3117 3022 ἑλομένῳ
3176 2967 3189 3017 ;
3260 2955 3358 3003 Καὶ
3411 2958 3579 3001 ταῦτα
3623 2951 3712 3020 μὲν
3777 2943 3871 3000 οὖν

485 3058 602 3110 tem
635 3052 860 3122 elegit?
892 3055 955 3107 Et
975 3052 1101 3107 haec
1132 3053 1373 3124 quidem
1397 3052 1682 3108 Valerius.
1742 3052 1891 3108 Cum
1947 3058 2146 3109 autem

2263 3039 2557 3114 Οὐαλέριος.
2614 3040 2754 3092 Ἐπεὶ
2792 3047 2876 3093 xui
2931 3044 3049 3101 τούς
3093 3039 3271 3111 ἀγίους
3327 3042 3483 3098 ἤκουε
3541 3037 3731 3094 πολλὴν
3777 3040 3875 3109 μεν

487 3140 813 3199 audivisset
839 3147 1079 3196 sanctos
1108 3156 1245 3196 eum
1289 3157 1524 3213 magna;
1552 3157 1831 3197 accusare
1897 3142 2147 3197 stultitim

2263 3128 2418 3179 αύτού
2479 3135 2958 3200 καταγινώσκοντας
3033 3131 3230 3191 ἄνοιαν,
3291 3130 3435 3179 ἕνεκα
3509 3134 3606 3187 τῆς
3681 3124 3876 3196 ἀλόγου

2271 3237 2307 3239 _.
2375 3216 2443 3239 P_,
2470 3218 2529 3239 *ιε
2612 3222 2735 3239 inin
2760 3238 2799 3239 ,,
2878 3238 2885 3239 ,
2914 3222 2926 3235 ι
2982 3223 3023 3239 γε
3110 3214 3159 3239 νὶι.
3212 3223 3320 3239 _:__
3374 3215 3486 3239 )v._\,
3518 3218 3603 3239 --.ἢ
3624 3235 3637 3239 _
3684 3214 3875 3239 --:\\---

490 3234 731 3303 propter
758 3229 872 3284 hoc
903 3228 1183 3285 aratione
1216 3229 1479 3285 alienum
1512 3229 1853 3295 consilium,
1873 3247 1934 3285 se
1950 3237 2147 3286 autem

2263 3216 2562 3289 συμϐουλῆς
2608 3222 2820 3281 ταύτης,
2871 3222 3062 3281 αύτούς
3100 3214 3160 3270 δε
3206 3223 3321 3269 τότε
3371 3215 3638 3278 ζηλωτοὺς
3678 3214 3875 3286 μᾶλλον

490 3302 629 3376 tunc
646 3316 1106 3388 conspiciendas
1121 3317 1297 3390 plane
1319 3318 1518 3374 felices
1532 3335 1603 3375 ac
1626 3319 1829 3375 beatos
1855 3318 2147 3384 arbitrari.

2263 3312 2349 3359 xui
2417 3312 2706 3380 μακαρίους
2764 3306 3103 3380 ὀφθήσεσθαι,
3155 3308 3239 3359 ὅτε
3292 3310 3379 3358 τόν
3434 3302 3692 3358 δοκοῦντα
3744 3302 3875 3378 παρ’

490 3406 738 3481 quando
764 3405 1106 3473 violentam,
1126 3423 1261 3479 quas
1280 3406 1440 3478 apud
1459 3424 1598 3464 eum
1620 3408 1874 3474 videtur,
1898 3409 2147 3479 Agatho-

2263 3396 2402 3465 αύτῷ
2463 3395 2636 3469 βίαιον
2704 3398 2917 3448 θάνατον
2967 3404 3057 3448 τού
3110 3391 3486 3469 Ἀγαθοδωρου
3553 3397 3871 3465 μνήσονται,

491 3496 622 3554 dori
666 3500 917 3551 mortem
944 3495 1153 3551 imitati
1185 3495 1436 3552 fuerint:
1464 3495 1667 3553 relicta
1714 3513 1920 3553 rursus
1956 3513 2153 3553 emen-

493 3586 598 3643 tita
627 3584 961 3650 clementia,
987 3585 1062 3639 ad
1094 3585 1147 3640 ei
1179 3590 1529 3641 consuetam
1548 3592 1604 3641 et
1628 3592 1860 3655 gratam
1879 3603 2152 3643 reversus

494 3679 582 3729 est
613 3673 899 3729 feritatem
929 3688 940 3729 :
977 3678 1034 3729 et
1063 3688 1135 3728 ea
1164 3671 1322 3739 facit,
1357 3689 1485 3745 qua:
1518 3675 1712 3746 ipsam
1740 3675 1969 3731 decent.
2006 3677 2154 3730 Lon-

495 3778 567 3834 ge
589 3762 750 3818 enim
774 3762 1164 3834 profecturus,
1199 3777 1235 3817 a
1255 3762 1489 3818 civitate
1516 3764 1927 3820 Sardanorum
1944 3764 2155 3834 Perga-

496 3867 667 3908 mum
700 3867 887 3923 usque
912 3850 1081 3922 jubet
1107 3851 1306 3922 ipsum
1330 3852 1499 3922 sequi
1556 3860 1791 3908 sanctos
1860 3868 1873 3905 :
1910 3860 1966 3907 et
1993 3856 2151 3923 cogit

495 3956 595 3997 eos
619 3940 747 4012 pari
772 3955 955 4014 passu
985 3939 1243 4011 pedibus
1274 3955 1510 3995 currere
1536 3956 1676 3996 cum
1708 3942 1876 4013 equis
1912 3940 2154 4013 pernici-

493 4029 630 4097 bus,
663 4033 721 4085 ut
747 4028 951 4085 labore
990 4042 1203 4083 cursus
1226 4026 1553 4096 defatigati,
1587 4029 1734 4100 quid
1751 4029 1933 4093 aliud,
1966 4046 2154 4101 quam

494 4116 657 4173 inviti
685 4121 1054 4172 mutarentur
1075 4120 1129 4169 et
1150 4116 1652 4187 persuaderentur
1697 4117 1947 4173 adorare
1978 4118 2158 4173 simu-

494 4205 657 4263 lacra
681 4206 709 4262 7
734 4205 930 4261 Sancti
954 4210 1175 4267 autem,
1194 4204 1359 4276 quod
1386 4220 1505 4259 non
1531 4210 1683 4261 esset
1705 4206 1900 4277 major
1926 4222 2153 4276 cursus,

498 4310 631 4350 eam
653 4309 779 4349 rem
805 4292 1231 4349 existimabant
1252 4292 1564 4349 detrahere
1594 4295 1669 4350 de
1718 4294 2042 4366 voluptate.
2067 4295 2159 4352 Sic

497 4381 791 4455 quidquid
822 4386 1065 4453 propter
1093 4380 1390 4437 Christum
1422 4382 1808 4452 inferebatur,
1854 4398 1969 4439 non
2034 4400 2157 4440 mo-

496 4469 748 4536 lestiam,
780 4470 884 4526 sed
912 4485 1199 4540 magnam
1233 4472 1430 4542 potius
1459 4471 1749 4527 afferebat
1780 4472 2066 4536 laetitiam,
2098 4475 2160 4526 ut

499 4558 665 4631 quod
679 4559 925 4614 esseteis
948 4573 1172 4628 magna
1185 4558 1616 4617 demonstratio
1635 4560 1757 4615 suis
1779 4561 1839 4615 in
1855 4560 2157 4617 Christum

503 4647 801 4704 desiderii.

573 4735 644 4791 X.
668 4734 816 4792 Cum
846 4750 989 4806 ergo
1020 4734 1080 4791 in
1110 4736 1256 4792 tanti
1292 4752 1501 4792 cursus
1528 4736 1732 4795 labore
1755 4738 1915 4795 diem
1975 4743 2162 4795 trans-

505 4824 785 4895 egissent,
816 4840 972 4897 aque
1005 4823 1078 4879 ad
1121 4824 1385 4881 dolorem
1446 4825 1756 4882 vulnerum
1811 4843 2053 4884 suorum
2082 4830 2167 4896 (ut

508 4928 645 4969 cum
658 4913 857 4969 divino
885 4912 1069 4969 David
1090 4912 1287 4969 dicam
1304 4917 1353 4985 ³)
1379 4914 1493 4970 hoc
1514 4931 1754 4988 quoque
1779 4920 1935 4972 esset
1960 4917 2043 4971 eis
2063 4916 2166 4971 ad-

507 5002 719 5069 ditum,
753 5002 1053 5075 simulque
1073 5009 1391 5059 consecuta
1411 5004 1620 5061 fuisset
1638 5005 1930 5070 custodia,
1961 5010 2016 5061 et
2045 5021 2166 5062 nox

504 5092 631 5165 jam
644 5090 1040 5157 adventasset,
1064 5090 1336 5161 angelica
1354 5092 1637 5165 quaedam
1674 5096 1731 5148 et
1756 5092 1957 5150 divina
1984 5096 2165 5149 virtus

2817 1717 2829 1730 ·
2875 1698 3009 1750 ούτω
3054 1701 3347 1770 προσταγὲν
3388 1698 3487 1749 ύπό
3540 1697 3851 1770 Οὐαλερίου.

2248 2237 2400 2289 πάλιν
2462 2236 2694 2303 ἀλώπηξ,
2746 2222 3067 2310 ’ἠπιωτέροις
3140 2242 3260 2299 τούς
3341 2236 3526 2309 ἁγίους
3591 2239 3861 2311 ύπέρχετα

2248 2326 2441 2397 λόγοις,
2485 2325 2727 2398 φοϐηθεὶς
2755 2330 2899 2391 ἴσως,
2953 2332 3022 2398 μη
3056 2331 3145 2378 καὶ
3177 2326 3387 2396 αὐτούς,
3437 2328 3611 2400 ὥσπερ
3658 2322 3725 2384 δὴ
3768 2332 3860 2379 xui

2252 2413 2636 2489 Ἀγαθόδωρον,
2688 2413 2795 2474 ἤδη
2830 2416 3119 2487 ζημιωθείη
3153 2431 3168 2447 ⁸
3211 2415 3348 2487 ἔλεγε
3374 2416 3476 2489 γάρ
3514 2432 3526 2444 '
3558 2414 3644 2477 Ὠς
3677 2414 3864 2475 ἐκεῖνος

2251 2508 2339 2578 μὲν
2388 2504 2530 2567 οῐξιον
2580 2504 2819 2565 ἀπονοίας
2868 2508 3114 2567 τοιαύτης
3168 2507 3383 2558 θάνατον
3449 2505 3581 2579 εὗρε,
3628 2509 3699 2576 μὴ
3748 2524 3863 2557 πει-

2256 2596 2392 2651 σθεὶς
2435 2595 2591 2646 θῦσαι
2638 2602 2746 2655 τοῖς
2796 2593 3074 2656 ἀθανάτοις
3123 2596 3257 2656 θεοῖς
3286 2612 3298 2624 ·
3357 2594 3505 2646 αὐτοὶ
3551 2590 3609 2645 δὲ
3660 2598 3869 2645 συνετοὶ

2254 2688 2406 2745 ὄντες,
2469 2688 2605 2745 τίνος
2654 2683 2713 2734 ἆν
2778 2686 2941 2757 χάριν
3000 2684 3058 2735 ού
3112 2687 3242 2756 πρὸς
3294 2686 3352 2736 τὸ
3412 2687 3666 2756 συμφέρον
3738 2683 3867 2753 ύμῖν

2256 2771 2594 2842 ἀποϐλέψητε,
2668 2771 2775 2824 ἀλλ’
2842 2772 3215 2845 ἐξομοιωθῆναι
3304 2771 3552 2830 θελήσητε
3608 2770 3868 2844 ἀνθρώπῳ

2257 2858 2437 2922 δεινῶς
2470 2858 2837 2935 κακοδαίμονι,
2895 2861 3005 2914 ἀντὶ
3054 2870 3144 2915 τοῦ
3178 2862 3273 2934 ζῇν
3322 2866 3412 2913 xui.
3458 2865 3666 2933 χαίρειν
3710 2858 3874 2917 ἀνοη-

2262 3484 2525 3537 ἀπολιπὼν
2570 3485 2720 3536 πάλιν
2763 3490 2855 3543 τὴν
2910 3484 3227 3557 ἄψευσμένην
3278 3483 3687 3556 φιλανθρωπίαν,
3742 3483 3879 3554 πρὸς

2261 3580 2353 3633 τὴν
2385 3575 2519 3643 αύτῷ
2571 3575 2770 3633 συνήθη
2815 3579 2903 3625 xui
2957 3573 3105 3644 φίλην
3147 3573 3397 3631 ἐπανῆλθε
3443 3567 3728 3644 θηριωδίαν
3781 3573 3879 3621 καὶ

2261 3667 2328 3716 τὰ
2375 3667 2711 3734 προσήκοντα
2753 3670 2919 3714 ταῦτα
2971 3670 3110 3714 ποιεῖ
3152 3679 3163 3691 ·
3228 3663 3431 3735 μακρὰν
3491 3664 3592 3731 γὰρ
3649 3655 3880 3711 ὁδοιπο-

2263 3759 2377 3826 ρίαν
2434 3752 2739 3804 στείλασθαι
2789 3751 2979 3823 μέλλων
3041 3749 3141 3802 ἀπὸ
3195 3758 3289 3812 τῆς
3337 3744 3635 3823 Σαρδιανῶν
3683 3747 3876 3807 πόλεως

2264 3845 2392 3915 πρὸς
2448 3845 2541 3898 τὴν
2602 3844 2893 3913 Πέργαμον,
2963 3838 3259 3891 ἀκολουθεῖν
3326 3838 3467 3909 αύτῷ
3520 3836 3711 3889 κελεύει
3780 3840 3877 3887 καὶ

2266 3934 2385 3992 τούς
2430 3932 2614 4001 ἁγίους
2660 3936 2749 3981 καὶ
2803 3937 2874 3998 τῷ
2914 3931 3067 4000 τάχει
3112 3937 3211 3979 τῶν
3264 3928 3431 3979 ἶππων
3460 3930 3763 3998 συντρέχειν
3819 3922 3879 3975 ἐκ

2269 4016 2423 4079 ποδὸς
2473 4018 2775 4089 ἀναγκάζει,
2809 4019 2891 4070 ἵνα
2936 4022 3061 4090 πρὸς
3111 4021 3196 4069 τὸν
3228 4016 3281 4068 ἐκ
3329 4022 3422 4068 τοῦ
3468 4012 3667 4087 δρόμου
3719 4018 3881 4066 κόπον

2270 4107 2714 4182 ἀπαγορεύσαντες
2766 4108 2840 4179 (τί
2887 4126 2947 4177 γε
2990 4106 3110 4158 ἄλλο
3146 4106 3184 4177 ς)
3235 4107 3265 4165 ἣ
3324 4109 3413 4157 καὶ
3462 4106 3666 4164 ἄκοντες
3722 4121 3884 4174 μετα-

2270 4197 2508 4249 ϐάλοιντο
2559 4202 2647 4249 καὶ
2678 4198 2954 4263 πεισθεῖεν,
3004 4192 3195 4247 εἴδωλα
3240 4201 3565 4266 προσκυνεῖν.
3620 4194 3684 4243 Οἱ
3730 4190 3881 4262 ἅγιοι

2272 4284 2349 4352 δὲ,
2384 4291 2463 4339 ὅτι
2494 4291 2564 4358 μὴ
2598 4291 2687 4338 xui
2721 4285 2906 4337 πλείων
2937 4285 2962 4337 ό
2995 4281 3192 4359 δρόμος
3247 4280 3329 4348 ἧν,
3363 4279 3559 4343 ἡδονῆς
3608 4280 3789 4352 ύφεσιν
3819 4282 3885 4331 τὸ

2270 4383 2490 4449 πρᾶγμα
2537 4378 2758 4447 ἡγοῦντο
2792 4391 2805 4404 ⁸
2848 4375 2981 4427 ούτω
3014 4380 3111 4425 πᾶν
3162 4377 3218 4424 τό
3269 4369 3361 4425 διὰ
3415 4374 3646 4445 Χριστὸν
3696 4368 3890 4439 ἐπαγό-

2274 4485 2419 4538 μενον
2496 4465 2554 4517 ou’
2611 4465 2796 4529 λύπην,
2853 4462 2977 4515 ἀλλά
3033 4461 3223 4519 πολλὴν
3281 4460 3471 4532 μᾶλλον
3527 4459 3738 4511 ἐνεποίει
3787 4462 3886 4515 τὸν

2275 4555 2613 4627 εὐφροσύνην,
2681 4555 2911 4623 καθάπερ
2980 4547 3250 4613 ἀπόδειξις
3303 4549 3478 4609 αὐτοῖς
3536 4555 3627 4600 τοῦ
3691 4546 3887 4599 πολλοῦ

2275 4646 2437 4697 πόθου
2469 4652 2560 4695 τοῦ
2590 4646 2719 4717 πρὸς
2749 4646 2833 4693 τὸν
2856 4641 3061 4698 Ἰησοῦν
3086 4642 3380 4710 γενομένου.

2349 4733 2405 4787 Ι’.
2455 4740 2539 4803 Τῷ
2586 4740 2710 4803 γοῦν
2747 4737 2837 4783 τοῦ
2880 4731 3131 4781 τοσούτου
3188 4724 3389 4799 δρόμου
3438 4727 3656 4798 καμάτῳ
3700 4720 3891 4795 διημε-

2275 4825 2546 4897 ρεύσαντες
2593 4820 2676 4873 ἐπὶ
2727 4828 2797 4890 τῷ
2856 4818 3001 4888 ἄλγει
3056 4836 3109 4869 τε
3169 4824 3267 4867 τῶν
3318 4815 3628 4887 τραυμάτων
3693 4812 3885 4877 αὐτῶν,

2276 4915 2411 4964 κατά
2439 4914 2527 4962 τὸν
2568 4912 2698 4961 θεῖον
2730 4911 2885 4980 φάναι
2925 4902 3111 4971 Δαυὶδ,
3143 4910 3232 4957 xui
3277 4908 3462 4956 τούτου
3512 4903 3891 4975 προστεθέντος

2278 5002 2472 5064 αὐτοῖς,
2530 4996 2639 5051 εἶτα
2693 5002 2780 5048 xui
2830 4996 3058 5068 φυλακῆς
3113 5001 3282 5046 ταῦτα
3340 4988 3743 5063 διαδεξαμένης,
3794 5010 3890 5041 νυ-

2277 5094 2399 5152 κτὸς
2455 5088 2807 5159 ἐπιγενομένης
2874 5082 3003 5148 ἤδη,
3078 5082 3325 5155 ἀγγελικὴ
3377 5100 3453 5142 τις
3506 5086 3596 5132 xui
3653 5081 3893 5152 θειοτέρα

506 5180 593 5237 eis
623 5195 941 5253 apparens,
969 5179 1197 5235 curavit
1224 5196 1431 5236 eorum
1456 5181 1723 5247 vulnera,
1758 5186 1815 5238 et
1846 5182 1925 5237 ad
1982 5188 2161 5238 certa-

511 5269 677 5325 mina
695 5268 1074 5343 suscipienda
1099 5268 1183 5324 eis
1212 5270 1503 5341 majorem
1533 5269 1746 5325 indidit
1801 5270 1986 5325 animi
2042 5271 2166 5327 ala-

511 5358 796 5415 critatem.
827 5360 972 5415 Cum
998 5372 1139 5429 ergo
1171 5374 1349 5416 mane
1371 5359 1720 5415 surrexisset
1746 5358 2030 5425 Valerius,
2069 5360 2168 5431 ju-

513 5444 698 5503 bebat
734 5460 838 5503 eos
866 5445 1118 5517 ingredi,
1154 5446 1232 5503 ab
1261 5446 1530 5506 laborem
1580 5446 1963 5505 solummodo
1993 5451 2049 5505 et
2068 5447 2168 5505 he~

592 5639 615 5674 ²
645 5637 800 5697 Psal.
833 5654 1031 5706 uvm,
1069 5639 1197 5707 27..

2280 5177 2502 5251 δύναμις
2546 5176 2805 5228 ἐπιστᾶσα
2852 5173 3159 5249 ἑθεράπευσέ
3216 5190 3269 5224 τε
3322 5171 3500 5232 αὐτοῖς
3551 5171 3640 5229 τὰς
3679 5167 3893 5238 πληγὰς

2278 5274 2366 5320 καὶ
2407 5272 2620 5339 μείζονα
2661 5268 2789 5339 πρὸς
2825 5268 2943 5324 τούς
2990 5262 3195 5334 ἀγῶνας
3230 5264 3322 5319 τὴν
3375 5260 3671 5331 προθυμίαν
3714 5254 3892 5315 ἒνέθηο

2277 5375 2380 5410 κεν.
2426 5355 2704 5427 Οὐαλέριος
2743 5358 2933 5419 τοίνυν,
2988 5352 3138 5405 ἕωθεν
3188 5348 3439 5416 ἀναστὰς,
3486 5342 3728 5420 βαδίζειν
3794 5344 3893 5396 αύ-

2279 5450 2399 5508 τούς
2449 5444 2641 5497 ἕκέλευε
2682 5446 2812 5517 πρὸς
2869 5445 2960 5494 τὸν
3005 5446 3157 5493 πόνον
3198 5438 3372 5500 ἁπλῶς
3425 5442 3515 5489 xui
3561 5439 3655 5495 την
3708 5432 3893 5487 ταλαι-
