4062 6222
231 299 319 357 117
1367 305 1529 363 VITA
1567 305 1625 361 S.
1669 298 1883 361 CARPI
1922 301 2010 357 ET
2050 302 2435 365 SOCIORUM.
3487 316 3590 372 “8

226 429 413 497 πωρίαν
474 435 571 490 τῆς
634 430 762 501 χθὲς
823 430 1017 503 ἡμέρας
1093 429 1405 485 ἀποσκοπῶν
1457 436 1546 485 καὶ
1598 431 1826 503 οἰόμενος

1982 445 2149 487 eruas
2172 431 2288 489 diei
2305 435 2606 506 aspiciens
2621 434 3022 499 aﬂlictionem,
3043 438 3101 489 et
3111 434 3465 495 existimans
3478 454 3586 496 eos

221 514 360 583 μόλις
390 514 454 566 ἀν
484 524 573 570 καὶ
614 516 1039 589 βασταζομένους
1094 524 1186 578 τὴν
1215 518 1338 573 ὀδόν
1397 520 1586 574 ἀνύσαι
1621 536 1633 550 ’
1665 524 1736 581 ὡς
1762 517 1819 573 δὲ

1979 518 2032 573 ix
2064 521 2300 577 tandem
2336 529 2596 594 portatos
2626 529 2733 581 iter
2754 539 2931 596 posse
2959 522 3269 579 conﬁcere.
3304 529 3449 583 Cum
3482 545 3583 584 au-

220 602 376 663 ούτως
441 608 665 675 ἔχοντας
726 605 1036 681 ἒρῥωμένους
1111 608 1263 679 ἐώρα,
1302 615 1389 662 καὶ
1465 612 1529 662 τὰ
1630 613 1823 662 τούτων

1981 624 2051 663 ιω
2076 609 2466 669 vidissetillos
2497 614 2648 670 adeo
2674 613 2937 670 valentes
2966 618 3018 668 et
3046 613 3343 682 robustos,
3378 620 3433 671 et
3460 617 3585 672 vul-

218 697 467 764 πρόσωπα
510 695 760 747 θάλλοντα
807 696 994 768 μᾶλλον
1046 706 1143 749 τῶν
1193 698 1427 773 λουτροῖς
1479 704 1568 751 καὶ
1618 698 1822 751 ἀνέσεσι

1978 712 2028 750 lS
2059 714 2263 756 eorum
2291 718 2409 757 non
2433 704 2632 758 minus
2650 704 2880 759 laetoset
2901 702 3146 767 alacres,
3169 718 3353 773 quam
3375 719 3582 760 eorum

216 786 295 833 καὶ
336 790 701 859 σκιατραγφίᾳ
752 781 998 846 διηνεκῶς
1023 793 1424 859 προσκειμένων,
1469 793 1714 860 γοητείαν
1764 790 1820 839 τό

1983 786 2036 841 ui
2068 792 2303 845 utuntur
2337 791 2573 847 assidue
2602 792 2881 858 lavacris,
2914 795 2968 846 et
3008 792 3185 846 vitam
3226 796 3413 861 agunt
3453 808 3587 847 um-

215 877 424 942 πράγμα
456 872 629 925 ἐκάλει
665 876 691 926 ό
753 870 1015 947 δαιμόνων
1043 875 1242 937 ἀληθῶς
1296 877 1538 950 ἔμπλεως,
1596 882 1684 929 καὶ
1729 874 1819 929 διὰ

1984 877 2224 943 ratilem,
2252 896 2383 935 eam
2405 896 2529 937 rem
2554 882 2803 937 vocabat
2824 880 3156 952 praestigias
3178 880 3277 951 qui
3305 897 3441 936 vere
3462 888 3588 937 erat.

214 968 354 1012 τοῦτο
421 968 520 1014 καὶ
588 966 889 1038 προσετίθει
974 974 1079 1026 τοῖς
1149 965 1432 1032 ἐπιπόνοις,
1533 970 1818 1039 θεραπεύων

1982 964 2144 1021 lenus
2166 967 2536 1025 daemonibus
2558 976 2644 1025 :et
2664 971 2798 1026 ideo
2830 970 3179 1042 ampliorem
3203 970 3287 1025 eis
3317 970 3586 1041 adjunxit

210 1049 364 1119 ἑαυτῷ
396 1055 491 1103 τόν
544 1054 705 1124 θυμόν
757 1058 848 1106 καὶ
907 1051 1114 1127 σιδήρῳ
1176 1060 1234 1107 τό
1303 1056 1430 1128 μέλη
1492 1059 1814 1129 πανταχόθεν

1980 1054 2193 1111 olorem
2227 1074 2240 1123 ;
2268 1074 2407 1114 nam
2430 1075 2640 1115 eorum
2660 1060 2949 1115 membris
2976 1059 3127 1115 ferro
3140 1059 3302 1115 omni
3326 1074 3395 1115 ex
3418 1067 3584 1131 parte

206 1136 593 1212 βαρυνομένους
644 1142 836 1195 ἔκελευε
884 1142 1037 1195 πάλιν
1088 1141 1312 1199 ὁδεύειν.
1381 1146 1521 1199 Ἐπεὶ
1571 1143 1629 1198 δι
1678 1143 1810 1200 οὗτόὲ

1978 1146 2215 1211 ravatis,
2252 1148 2424 1217 jussit
2464 1165 2565 1204 eos
2605 1165 2813 1204 rursus
2854 1149 3013 1203 viam
3053 1149 3217 1203 inire.
3262 1152 3582 1221 Postquam

206 1246 253 1280 τε
279 1228 519 1282 κάκεῖνοι
563 1229 611 1282 ἐν
662 1239 735 1302 τῷ
800 1234 1069 1305 ὡρισμένῳ
1131 1239 1381 1305 γεγόνασι
1437 1239 1596 1306 τόπῳ,
1657 1236 1810 1294 θύσας

1980 1239 2129 1288 utem
2159 1238 2216 1290 et
2243 1234 2389 1306 ipse,
2419 1241 2475 1292 et
2502 1237 2584 1292 illi
2618 1237 2677 1292 in
2709 1237 2843 1293 loco
2874 1236 3038 1292 fuere
3064 1240 3412 1308 praestituto,
3446 1254 3584 1293 cum

208 1312 456 1388 δαίμοσιν
501 1320 799 1394 Οὐαλέριος,
832 1320 915 1374 ἐπὶ
963 1318 1281 1375 δικαστικοῦ
1333 1322 1574 1395 βήματος
1617 1343 1812 1395 προκα-

1981 1324 2301 1379 [θωοηὶὺιιε
2324 1326 2712 1382 sacriﬁcasset
2730 1326 3024 1390 Valerius,
3050 1326 3111 1380 in
3133 1326 3412 1382 tribunali
3438 1343 3585 1399 prm-

208 1406 453 1466 θίζεικαὶ
485 1412 576 1460 τόν
630 1412 887 1485 μακάριον
940 1414 1413 1484 παραστησάμενος
1472 1415 1677 1486 Κάρπον
1728 1416 1812 1463 καὶ

1982 1409 2081 1466 det
2103 1412 2394 1482 judiciali.
2431 1417 2494 1469 Et
2522 1431 2659 1470 cum
2680 1414 2922 1470 beatum
2952 1417 3211 1487 Carpum
3240 1415 3361 1471 sisti
3384 1431 3586 1472 curas-

206 1500 479 1568 πρόσωπον
536 1500 758 1572 περιθεὶς
851 1500 1014 1571 ἑαυτῷ
1064 1508 1255 1553 πιστοῦ
1312 1520 1451 1563 τινος
1508 1502 1656 1573 φίλου
1722 1521 1810 1551 και

1979 1504 2032 1562 ιι,
2064 1506 2120 1555 et
2148 1500 2340 1557 ﬁdelis
2384 1503 2651 1574 alicujus
2692 1504 2864 1560 amici
2907 1519 3232 1576 personam
3275 1504 3583 1571 induisset,

208 1585 389 1657 θερμὴν
452 1589 673 1658 ἔχοντος
740 1593 834 1647 τὴν
899 1594 1016 1662 περὶ
1073 1589 1232 1641 αύτοῦ
1293 1594 1561 1664 μέριμναν·
1616 1590 1812 1661 Ἐχρῆν

2008 1589 2110 1660 qui
2135 1589 2209 1645 de
2239 1592 2369 1662 ipso
2406 1596 2534 1648 erat
2556 1592 2886 1648 admodum
2914 1592 3196 1648 sollicitus
3229 1610 3242 1648 :
3269 1593 3587 1664 Oportebat

208 1678 306 1743 μὲν,
362 1676 532 1739 εἶπεν,
594 1674 906 1751 αἰδούμενόν
956 1698 1013 1732 σε
1062 1684 1155 1737 τὴν
1211 1679 1400 1738 πολλὴν
1458 1682 1603 1752 ἡμῶν
1656 1678 1812 1731 ἐπιεί-

1973 1677 2186 1745 uidem,
2229 1680 2396 1746 dixit,
2439 1688 2492 1737 te
2536 1686 2803 1737 nostram
2844 1687 3215 1737 reverentem
3256 1681 3577 1750 lenitatem,

209 1782 351 1827 κείαν,
416 1766 722 1837 αὐτόματον
777 1769 1013 1842 ὁρμῆσαι
1071 1771 1202 1843 πρὸς
1252 1772 1309 1820 τὸ
1360 1769 1513 1820 καλὸν
1568 1772 1656 1819 καὶ
1709 1775 1813 1828 τοῖς

1980 1782 2023 1822 .a
2049 1774 2256 1839 sponte
2288 1772 2484 1825 venire
2510 1771 2587 1826 ad
2616 1771 2700 1835 id,
2727 1772 2886 1843 quod
2918 1777 3003 1826 est
3034 1772 3268 1826 bonum
3309 1775 3365 1826 et
3402 1771 3584 1826 hone-

220 1859 463 1922 μεγίστοις
522 1856 686 1907 θῦσαι
758 1858 910 1919 θεοῖς’
969 1865 1056 1908 νῦν
1112 1854 1171 1909 δὲ
1227 1862 1316 1909 καὶ
1360 1857 1814 1931 παρακαλούμενος

1977 1872 2096 1920 um,
2124 1861 2182 1912 et
2229 1858 2342 1912 diis
2392 1858 2725 1915 sacriﬁcare
2789 1859 3089 1914 maximis.
3133 1862 3300 1914 Nunc
3357 1864 3581 1927 autem,

226 1946 329 2011 πρὸς
358 1950 505 1994 τοῦτο
538 1950 631 1996 καὶ
694 1945 1130 2020 εὐεργετούμενος,
1194 1949 1258 2007 ὡς
1311 1948 1431 2019 όρῶ,
1501 1944 1624 1999 οὐδὲ
1678 1944 1811 2019 βρα-

1978 1960 2058 1999 im
2088 1950 2143 2002 et
2173 1946 2251 2002 ad
2273 1947 2333 2002 id
2359 1950 2743 2004 suasionibus
2763 1948 3049 2014 inciteris,
3084 1952 3141 2003 et
3172 1947 3465 2004 beneﬁcio
3497 1948 3582 2004 af-

213 2036 345 2100 χεῐςέν
372 2053 489 2085 τινα
547 2037 712 2108 χάριν
752 2035 929 2096 αὐτοῖς
980 2035 1267 2108 ἀπονέμεις,
1324 2034 1449 2088 ἀλλά
1491 2044 1582 2087 τοῦ
1622 2035 1811 2087 οἰκείου

1982 2032 2159 2099 :iaris,
2197 2042 2258 2091 ut
2290 2037 2487 2102 video,
2514 2053 2587 2093 ne
2619 2038 2899 2094 minimas
2928 2038 3164 2110 quidem
3193 2038 3276 2093 eis
3295 2037 3423 2106 agis
3454 2052 3586 2106 gra-

212 2128 551 2195 συμῗέροντος
614 2124 819 2195 ἀμελεῖς
856 2142 868 2154 ·
932 2122 1050 2177 ἰδοὺ
1077 2127 1179 2199 γὰρ
1230 2125 1373 2177 όῦτοί
1436 2144 1493 2177 σε
1522 2132 1614 2177 τοῦ
1639 2130 1815 2196 γήρως

1978 2138 2078 2178 as:
2114 2124 2213 2179 sed
2247 2126 2496 2196 negligis
2546 2126 2626 2193 id,
2656 2127 2821 2199 quod
2877 2132 2965 2181 est
3019 2125 3124 2181 tibi
3182 2125 3582 2182 conducibile.

200 2209 561 2282 οἰκτείραντες,
620 2212 988 2287 ἀταλαίπωρον
1043 2234 1130 2267 σοι
1186 2211 1437 2273 διέθηκαν
1464 2219 1558 2272 τὴν
1582 2219 1804 2288 πορείαν

1968 2226 2075 2267 .cce
2099 2214 2258 2268 enim
2280 2213 2338 2269 hi
2362 2218 2477 2270 tum
2505 2216 2847 2271 miserentes
2869 2215 3205 2280 senectutis,
3230 2213 3572 2279 eﬁecerunt,

203 2301 339 2361 αὐτὸς
370 2299 431 2354 νΓε
495 2303 593 2353 ούκ
654 2299 757 2355 οἷδ’
818 2304 899 2355 ὅτι
954 2305 1129 2355 παθὼν
1180 2302 1430 2376 ἀγνώμων
1478 2322 1530 2357 τε
1565 2308 1682 2378 περὶ
1708 2306 1807 2355 τοὺ‹

1977 2306 1992 2357 ι
2022 2302 2129 2357 iter
2155 2319 2468 2375 perageres
2487 2304 2720 2376 absque
2739 2302 3072 2360 afﬂictione.
3090 2303 3221 2375 Ipse
3239 2307 3462 2368 autem,
3479 2318 3581 2358 ne-

200 2390 468 2463 εύεργέτας
504 2390 697 2465 ἐλέγχῃ
730 2396 820 2443 καὶ
876 2394 1012 2463 ἡμᾶς
1064 2393 1111 2444 ἐν
1187 2389 1377 2465 μηδενὶ
1410 2394 1666 2465 τιθέμενος
1693 2394 1794 2466 πρὸ

1979 2389 2056 2444 :io
2071 2390 2399 2461 quomodo,
2430 2396 2486 2447 et
2511 2392 2781 2462 ingratus
2810 2408 2942 2447 esse
2963 2390 3332 2447 convinceris
3358 2394 3415 2445 in
3446 2381 3583 2447 tuOs

199 2485 278 2535 τήν
309 2480 524 2533 ἐκείνων
591 2480 861 2553 ὀλιγωρεῖς
921 2482 1195 2553 θεραπείαν
1271 2499 1283 2510 ·
1338 2480 1554 2539 θέλησον
1582 2488 1706 2551 γοῦν
1731 2479 1803 2532 κά

1979 2478 2362 2546 enefactores,
2396 2484 2453 2535 et
2482 2496 2593 2535 nos
2626 2479 2788 2536 nihili
2820 2480 3061 2548 faciens,
3095 2480 3334 2535 illorum
3358 2478 3582 2535 cultum

204 2571 310 2641 ἄρτι
338 2577 676 2621 κατανεῦσαι
719 2575 807 2621 καὶ
863 2568 1282 2641 συμϐουλεύοντί
1325 2590 1415 2642 μοι
1471 2573 1537 2622 τά
1582 2569 1808 2622 λυσιτελὶ

1980 2567 2207 2639 espicis.
2246 2569 2399 2623 Velis
2430 2585 2572 2639 ergo
2610 2586 2772 2625 nunc
2794 2570 3001 2625 saltem
3026 2586 3311 2635 annuere,
3343 2574 3399 2625 et
3439 2568 3583 2624 mihi

198 2661 499 2723 πεισθῆναι,
576 2661 641 2719 ὡς
681 2658 769 2730 ἐμὲ
814 2660 843 2717 ἡ
906 2663 971 2717 σὴ
1041 2657 1282 2712 δυσωπεῖ
1342 2659 1498 2712 πολιὰ
1552 2663 1642 2711 καὶ
1688 2658 1802 2710 λύπη

1975 2656 2173 2711 redere
2200 2657 2533 2712 consulenti
2559 2674 2648 2722 ea,
2675 2674 2810 2729 quas
2836 2664 2971 2713 sunt
2992 2658 3175 2713 utilia.
3206 2657 3391 2714 Tuam
3420 2656 3579 2712 enim

201 2742 342 2818 δεινῇ
409 2753 713 2819 συνέχομαι
798 2751 889 2799 καὶ
958 2750 1131 2822 ὥσπερ
1209 2748 1302 2800 ούκ
1368 2748 1659 2821 ἀλλοτρίαν,
1721 2746 1805 2798 ἀλλ

1984 2760 2208 2800 avereor
2232 2746 2509 2801 canitiem
2541 2751 2596 2801 et
2627 2760 2846 2815 magno
2876 2746 3079 2802 dolore
3108 2746 3355 2810 afﬁcior,
3384 2751 3441 2800 et
3461 2750 3588 2800 tan-

197 2841 439 2905 εμαυτοῦ
511 2855 787 2910 συμφοραν
854 2839 913 2918 τρὸ
976 2838 1065 2888 σόν
1132 2835 1495 2911 ἀνακλαίομαι.
1560 2836 1713 2890 Ἀλλά
1780 2854 1801 2886 τ

1972 2849 2121 2904 ςυᾶιῐι
2154 2849 2273 2889 non
2300 2834 2577 2902 alienam,
2609 2835 2712 2891 sed
2741 2850 2961 2899 meam,
3004 2838 3168 2891 tuam
3208 2833 3396 2889 deﬂeo
3427 2832 3576 2888 cala-

197 2928 341 2976 πείθω
375 2942 389 2991 ;
425 2921 581 2985 οἶδας
618 2929 741 2998 γὰρ,
771 2927 853 2977 ὅτι
909 2923 1022 2976 λίαν
1085 2925 1250 2987 οὕτως
1298 2928 1686 3000 ὑπερορώμενος
1735 2927 1801 2976 ούτ

1979 2922 2223 2977 litatem.
2261 2923 2372 2979 Sed
2412 2924 2561 2995 quid
2601 2939 2778 2993 agam
2809 2923 2837 2979 ‘i
2868 2923 2991 2981 Scis
3023 2922 3206 2989 enim,
3249 2923 3404 2994 quod
3445 2935 3583 2977 cum

196 3016 459 3086 (δέξομαι,
490 3015 533 3067 εἰ
554 3020 645 3066 καὶ
672 3019 744 3085 μὴ
771 3011 842 3067 δι’
895 3014 1138 3085 ἐμαυτόν,
1183 3015 1311 3067 ἀλλά
1368 3036 1425 3088 γε
1492 3012 1585 3067 διὰ
1629 3018 1722 3073 τήν
1755 3013 1797 3066 εἰ

1978 3011 2090 3066 deo
2116 3010 2433 3083 despiciar,
2450 3028 2571 3069 non
2590 3013 2797 3079 feram,
2814 3014 2861 3068 si
2879 3029 2999 3068 non
3018 3018 3256 3085 propter
3269 3027 3353 3067 me
3366 3011 3582 3083 ipsum,

197 3110 305 3164 τούς
342 3107 495 3166 θεοὺς
523 3102 696 3177 ύϐριν.

1866 3138 1906 3194 C
1936 3105 1995 3157 at
2028 3105 2269 3171 propter
2305 3101 2555 3157 deorum
2597 3102 3040 3158 contumeliam.

265 3193 378 3246 IA'.
414 3196 558 3266 Πρός
579 3200 752 3244 ταῦτα
798 3196 822 3245 ό
855 3192 989 3258 θεῖος
1045 3197 1253 3269 Κάρπος
1320 3209 1332 3222 ⁸
1392 3192 1690 3264 Συμϐουλὴν
1719 3190 1819 3243 ἀπὸ

2008 3192 2091 3244 XI.
2125 3189 2213 3245 Ad
2251 3189 2381 3245 haac
2418 3190 2653 3245 divinus
2682 3190 2908 3263 Carpus
2943 3208 2954 3244 :
2988 3190 3334 3254 Consilium,
3368 3186 3579 3260 inquit,

202 3286 396 3353 φωτὸς,
428 3285 549 3353 ἔφη,
605 3286 733 3353 πρὸς
783 3289 970 3347 σκότος
1040 3290 1131 3337 καὶ
1189 3285 1288 3335 ἀπὸ
1339 3283 1475 3343 ζωῆς
1515 3286 1642 3356 πρὸς
1675 3283 1802 3333 θάνα

1982 3279 2098 3333 uod
2121 3294 2156 3333 a
2182 3278 2309 3334 luce
2331 3280 2405 3333 ad
2431 3280 2728 3341 tenebras,
2747 3286 2802 3333 et
2823 3295 2859 3335 a
2878 3279 2993 3333 vita
3013 3278 3177 3334 ducit
3198 3278 3276 3335 ad
3305 3284 3580 3349 mortem,

199 3391 279 3423 τον
324 3372 572 3441 ἄγουσαν
606 3370 701 3422 οὐκ
753 3374 815 3423 οἶν
847 3392 924 3436 τις
976 3374 1233 3445 λογισμοῦ
1281 3375 1457 3446 κύριος
1504 3369 1800 3443 συμϐουλὴν

1980 3383 2129 3435 emo,
2153 3367 2256 3438 qui
2273 3367 2447 3425 fuerit
2468 3384 2716 3439 compos
2736 3368 2971 3430 mentis,
2996 3366 3333 3435 consilium,
3357 3368 3458 3422 sed
3479 3368 3584 3424 idi-

202 3459 298 3511 αλλ⁹
332 3460 462 3511 αύτὸ
492 3468 667 3525 τοῦτο,
729 3463 851 3532 ὅπερ
906 3461 1068 3530 ἐστὶν,
1103 3461 1376 3519 ἐπιϐουλὴν
1446 3460 1695 3531 ὀνομάσοι
1738 3479 1749 3491 ·
1781 3479 1801 3510 ε

1976 3473 2124 3524 sum,
2155 3457 2319 3528 quod
2346 3461 2451 3521 est,
2482 3457 2824 3523 nominarit,
2845 3455 3113 3510 insidias.
3136 3455 3301 3521 Quod
3320 3455 3366 3511 si
3384 3472 3580 3515 meam

202 3544 253 3600 δε
302 3554 393 3599 καὶ
427 3551 455 3606 ἡ
493 3547 588 3620 ἐμή
627 3567 683 3601 σε
752 3546 989 3603 δυσωπεῖ
1019 3551 1196 3615 πολιά,
1224 3556 1276 3603 τί
1330 3554 1387 3603 τό
1414 3547 1719 3623 ἐμποδίζον,
1747 3553 1806 3620 μὶ

1975 3547 2205 3600 averetis
2231 3545 2527 3609 canitiem,
2544 3545 2689 3617 quid
2716 3544 2987 3616 impedit,
3010 3544 3332 3614 quominus
3358 3550 3420 3601 tu
3437 3547 3579 3603 mihi

200 3646 288 3690 καὶ
361 3643 417 3690 σε
488 3640 769 3696 πεισθῆναι
836 3640 1025 3710 μᾶλλον
1088 3639 1201 3712 ἐμοὶ
1250 3648 1517 3714 πατρικῶς
1586 3637 1804 3709 συμϐου-

1977 3635 2125 3703 iagis
2157 3635 2363 3689 credas
2396 3638 2637 3705 paterne
2669 3634 2997 3689 consulenti
3027 3632 3055 3687 ?
3090 3634 3257 3698 Quod
3292 3641 3491 3691 autem
3525 3642 3581 3691 tu

205 3727 446 3793 λεύοντι;
503 3726 626 3779 Ὀτι
680 3725 739 3780 δε
792 3732 849 3781 σε
892 3734 955 3782 τὰ
998 3728 1095 3801 ἐμὰ
1152 3731 1313 3791 λυπεῖ,
1364 3728 1463 3800 ἐγὼ
1535 3732 1591 3781 σε
1629 3728 1809 3799 μᾶλλσΙ

1976 3742 1997 3780 ς
2028 3741 2122 3779 me
2152 3724 2416 3780 dolorem
2450 3723 2692 3795 accipis,
2724 3739 2834 3794 ego
2853 3724 3041 3796 magis
3072 3724 3160 3779 tui
3188 3724 3477 3780 misereor
3499 3726 3580 3781 in-

200 3816 435 3887 οἰκτείρω
492 3825 589 3877 τῆς
648 3816 919 3883 ἀπωλείας,
964 3824 1053 3870 καὶ
1102 3815 1256 3879 δῆλός
1309 3819 1415 3891 εἰμι
1443 3821 1494 3885 (ἡ
1540 3818 1657 3890 φίλη
1686 3820 1804 3869 ἴστο

1972 3812 2150 3878 eritus,
2194 3819 2249 3867 et
2287 3816 2489 3883 aperte
2531 3816 2695 3866 tuam
2736 3810 2869 3882 (hoc
2908 3810 3057 3866 sciat
3096 3812 3289 3866 amica
3341 3812 3576 3883 veritas)

205 3904 427 3977 ἀλέθεια)
483 3908 879 3980 συναχθόμενός
946 3927 1040 3960 σου
1094 3916 1155 3980 τῇ
1238 3913 1499 3981 συμφορᾷ,
1565 3909 1809 3967 τοιούτοις

1970 3917 2081 3973 egre
2098 3900 2220 3956 fero
2239 3900 2657 3964 calamitatem,
2672 3915 2774 3970 qui
2793 3899 2938 3954 tales
2957 3898 3101 3953 deos
3120 3898 3300 3962 colas,
3325 3903 3381 3953 et
3408 3914 3574 3970 spem

202 4000 571 4066 προσκειμένου
629 3997 763 4057 θεοῖς
812 4001 903 4048 καὶ
952 3994 1151 4067 ψεῦδος
1197 4002 1290 4055 τὴν
1330 3994 1519 4049 ἐλπίδα
1586 3999 1806 4067 θεμένου1

1975 3990 2196 4044 osueris
2231 3988 2637 4054 mendacium,
2673 3994 2735 4043 ut
2764 3988 2961 4043 dicam
2995 4003 3132 4041 cum
3177 3985 3383 4042 divina
3426 3988 3579 4043 Scri-

202 4086 371 4142 τὸτῆς
431 4085 571 4144 θείας
620 4086 775 4155 φάναι
834 4090 1039 4157 Γραφῆς
1081 4102 1094 4115 °
1130 4088 1238 4156 οἶγε
1288 4094 1397 4146 πῶς
1439 4086 1499 4136 οἷν
1559 4104 1679 4137 ποτε
1736 4081 1806 4136 δι-

1972 4082 2151 4134 tura’.
2169 4079 2278 4144 Qui
2294 4077 2539 4149 quidem
2553 4075 3071 4148 quemadmodum
3087 4074 3431 4145 possuntdii
3445 4076 3576 4146 jure

204 4177 355 4232 καίως
413 4175 706 4244 νομισθεῖεν
768 4175 891 4239 θεοὶ,
956 4174 1082 4235 ὕλης
1128 4173 1345 4245 ἀψύχου
1399 4177 1535 4236 ὄντες
1589 4178 1677 4225 καὶ
1723 4178 1808 4231 τὴν

1967 4167 2204 4239 aputari,
2238 4182 2376 4222 cum
2410 4166 2526 4220 sint
2556 4181 2626 4221 ex
2656 4164 2927 4220 inanima
2958 4164 3230 4233 materia,
3263 4168 3319 4220 et
3348 4166 3424 4220 ad
3445 4165 3571 4232 hoc,

205 4262 263 4322 εἰς
292 4266 348 4313 τό
384 4259 515 4314 εἶναι
570 4270 891 4335 παραγωγὴν
950 4264 1002 4327 ἐξ
1054 4263 1375 4338 ἀνθρωπίνης
1427 4266 1608 4337 χειρὸς
1667 4267 1809 4333 ἕχον-

1970 4256 2087 4311 uod
2110 4260 2269 4321 sunt,
2291 4255 2726 4325 productionem
2739 4254 3000 4310 habeant
3017 4269 3087 4308 ex
3105 4269 3271 4309 manu
3284 4252 3573 4310 humana?

203 4369 273 4409 τες
309 4368 322 4417 ;
355 4351 645 4422 Οὐαλέριος
700 4347 786 4402 οὖν
850 4352 1011 4414 οὕτως
1068 4354 1167 4404 ύπὸ
1223 4355 1435 4425 Κάρπου
1484 4356 1599 4412 τούς
1652 4352 1807 4404 αὐτοῦ

1968 4346 2181 4400 alerius
2218 4360 2358 4413 ergo
2392 4360 2509 4399 non
2553 4344 2747 4399 ferens
2788 4344 2934 4398 deos
2966 4360 3109 4398 suos
3150 4358 3187 4399 a
3226 4343 3439 4415 Carpo,
3467 4344 3572 4400 etsi

204 4441 360 4500 θεοὺς,
418 4441 517 4491 κοῖν
574 4442 602 4491 ό
652 4440 807 4510 λόγος
880 4440 1072 4502 ἀληθὴς
1144 4438 1223 4505 ἦν,
1282 4441 1652 4513 ὑϐριζομένους
1717 4443 1808 4495 οὐκ

1968 4451 2128 4489 erum
2161 4434 2401 4498 diceret,
2427 4449 2496 4488 ea
2526 4432 2772 4488 affectos
2803 4432 3184 4496 contumelia,
3207 4432 3366 4488 bona
3387 4434 3572 4490 verba

205 4527 433 4599 ἐνεγκὼν,
490 4526 698 4599 ἀγαθῶν
742 4528 905 4598 λόγων
960 4532 1189 4603 πονηρὰν
1248 4526 1515 4582 ἀντίδοσιν
1565 4534 1803 4582 sumsit-0'

1963 4523 2077 4577 iale
2108 4527 2201 4578 est
2230 4524 2669 4578 remuneratus.
2712 4520 3032 4577 Odioenim
3066 4521 3273 4576 habuit
3304 4521 3362 4575 in
3386 4523 3567 4592 portis

206 4615 420 4687 ἐμίσησε
469 4620 573 4688 γὰρ
632 4616 680 4667 ἓν
728 4615 911 4677 πύλαις
970 4616 1247 4689 ἐλέγχοντα
1297 4621 1451 4680 (κατά
1534 4623 1620 4671 τόν
1678 4622 1806 4671 θεῖον

1963 4611 2470 4683 ξρτεὶιοηᾱθοιεω,
2505 4614 2603 4666 cut
2633 4609 2873 4665 divinus
2899 4609 3042 4664 dicit
3072 4610 3301 4681 Amos‘)
3349 4616 3403 4665 et
3434 4626 3567 4666 san-

207 4703 414 4773 Ἀμῶς)
464 4711 555 4757 καὶ
608 4704 756 4777 λόγον
802 4708 944 4758 ὅσιον
999 4704 1329 4773 ἐϐδελύξατο,
1388 4708 1579 4761 ἐκέλευέ
1623 4728 1675 4760 τε
1729 4709 1781 4761 εύ

1964 4717 2062 4755 um
2122 4716 2462 4756 sermonem
2524 4702 2612 4755 est
2669 4696 3072 4754 abominatus.
3130 4698 3462 4770 Statimque
3495 4714 3566 4754 ex

212 4795 345 4860 θέως,
394 4797 541 4847 καὶὸ
601 4797 761 4867 θυμός
822 4796 1039 4871 ἄμετρος
1096 4796 1176 4861 ἦν,
1246 4803 1335 4849 καὶ
1402 4794 1605 4869 δημίων
1634 4806 1806 4870 χεῖρες

1957 4807 2082 4845 lSStl
2111 4790 2239 4860 ejus
2267 4789 2537 4845 lictorum
2573 4804 2787 4844 manus
2818 4787 3104 4843 tenebant
3146 4793 3421 4843 sanctum
3457 4804 3470 4843 :
3504 4793 3561 4845 et

214 4878 344 4953 εἶχον
372 4888 459 4935 τον
499 4884 648 4954 οἶγιον
683 4900 694 4912 ·
719 4881 912 4959 ῥάϐδοι
964 4904 1016 4937 τε
1044 4885 1197 4937 αύτόν
1240 4883 1555 4947 ἀκανθώδεις
1584 4886 1804 4948 ἀνηλεῶς

1963 4895 2091 4951 .rgaa
2113 4880 2331 4951 spineaa
2355 4895 2491 4933 eum
2515 4876 2823 4933 caedebant
2839 4877 3212 4931 immaniter:
3238 4892 3567 4950 carnesque

216 4974 402 5039 ᾖκιζον,
439 4976 531 5024 καὶ
570 4973 624 5023 αἱ
688 4974 878 5043 σάρκες
930 4974 1222 5047 ξαινόμενοιι
1273 4984 1508 5047 συνεχῶς
1557 4976 1630 5037 εἰς
1680 4974 1805 5049 ἀέρα

1958 4968 2147 5021 ssidue
2177 4968 2447 5023 lacerata)
2477 4982 2545 5021 ac
2602 4966 2935 5036 discerptae,
2970 4964 3471 5036 dispergebantur
3502 4966 3562 5021 in

216 5055 625 5121 διεσκεδάζοντο·
685 5066 774 5111 καὶ
806 5066 957 5133 κόρον
1007 5060 1054 5113 ἓν
1107 5066 1310 5125 τούτοῖς
1364 5064 1457 5115 οὐκ
1505 5062 1801 5136 ἐλάμϐανεό

1959 5071 2131 5111 erem.
2165 5056 2281 5109 Nec
2300 5055 2392 5109 his
2424 5053 2852 5110 satiabaturira
2887 5068 2898 5108 :
2926 5052 3029 5107 sed
3054 5052 3152 5107 alii
3179 5051 3563 5107 rursuslicto-

221 5149 380 5219 Θυμὸς,
436 5147 563 5200 ἀλλά
608 5153 697 5201 καὶ
748 5149 904 5200 πάλιν
954 5150 1115 5221 ἕτεροι
1186 5161 1283 5203 τῶν
1330 5148 1553 5224 δημίων,
1613 5155 1661 5204 οἱ
1713 5156 1801 5223 μὲν

1959 5161 2024 5212 es,
2060 5145 2272 5215 partim
2297 5142 2540 5214 quidem
2562 5141 2970 5197 admovebant
2993 5141 3304 5212 lampades
3334 5140 3463 5210 ejus
3482 5139 3563 5197 la-

222 5235 479 5308 λαμποὶδας
508 5238 664 5290 evitat)
720 5246 833 5299 ταῖς
886 5238 1129 5313 πλευραῖς
1170 5240 1415 5306 ἀνῆπτον,
1467 5245 1514 5294 οἱ
1569 5239 1626 5294 δὲ
1675 5242 1801 5305 ἅλας

1959 5233 2153 5299 aribus,
2186 5232 2396 5304 partim
2426 5234 2624 5287 autem
2656 5232 2983 5285 inhumane
3014 5229 3413 5300 aspergebant
3442 5228 3563 5286 sale

226 5334 311 5386 τοῖς
358 5328 598 5399 μώλωψιν
674 5326 1031 5399 ἀπανθρώπως
1107 5329 1379 5382 ἐπέταττον
1483 5346 1499 5364 ⁸
1578 5330 1799 5384 ἐντεῦθεν

1972 5340 2036 5378 us
2068 5322 2310 5378 vibices.
2342 5320 2489 5375 Hinc
2503 5320 2602 5374 rivi
2631 5320 2875 5391 quidem
2896 5318 3206 5388 sanguinis
3234 5333 3336 5389 per
3366 5317 3563 5376 solum

231 5416 433 5484 αἱμάτων
490 5420 578 5489 μὶν
627 5418 821 5492 ῥύακες
878 5419 1012 5467 κατά
1088 5425 1179 5469 τοῦ
1246 5416 1472 5491 ἐδάφους
1545 5419 1795 5495 ἐφέροντο,

1967 5413 2279 5471 rebantur:
2304 5411 2488 5467 Fibraa
2506 5415 2729 5475 autem,
2758 5425 2894 5482 quae
2918 5408 3377 5474 divellebantur,
3410 5425 3569 5466 mar-

293 5588 310 5621 ²
335 5587 657 5656 lsa.xxvu1,
694 5593 781 5645 t5.
862 5588 883 5621 ⁸
912 5592 1094 5644 Amos
1136 5604 1190 5657 ν,
1236 5589 1320 5643 10.
