4078 6222
461 232 565 288 “9

1844 215 2101 274 MENSIS
2140 212 2438 271 APRILIS.

3742 218 3855 275 120

461 356 575 431 tyri
588 370 832 427 gravem
849 350 1118 408 dolorem
1145 345 1497 403 aﬁ‘erebant.
1528 344 1625 400 His
1645 344 1950 400 defessum
1976 340 2109 397 fuis-

2231 337 2324 401 ἶνες
2380 337 2439 393 δὲ
2470 339 2837 414 διασπώμεναι
2913 338 3240 414 δριμυτάτην
3316 351 3390 414 τῷ
3459 346 3691 418 μάρτυρι
3748 350 3849 404 τὴν

460 452 566 512 set,
598 446 779 501 etiam
817 442 865 495 si
895 438 1042 511 quid
1098 434 1436 493 inanimum
1490 434 1572 490 ita
1609 432 1815 488 fuisset
1853 447 2115 488 cassum:

459 532 725 590 doluistis
755 533 960 584 autem
990 542 1095 581 vos
1126 538 1368 596 quoque
1385 520 1637 577 omnino
1668 521 1763 576 vel
1789 521 1985 577 solum
2016 536 2119 576 au-

457 622 701 677 dientes.
728 616 843 673 Sed
859 619 1085 685 martyr
1098 629 1222 685 quo
1240 612 1432 681 magis
1450 610 1787 679 augebatur
1800 609 2118 666 multitudo

458 707 904 778 suppliciorum,
937 719 1009 759 eo
1033 702 1225 770 magis
1247 700 1512 770 eratipse
1537 704 1751 770 captus
1777 698 2114 765 Deiamore,

456 800 515 851 et
542 800 824 864 tanquam
855 809 923 848 ex
962 807 1022 846 re
1059 789 1258 861 aliqua
1296 787 1665 843 suavissima
1699 802 1762 842 se
1811 787 2116 858 voluptate

456 881 733 952 explebat
753 897 825 936 ex
849 878 1162 936 doloribus
1191 896 1204 934 :
1236 877 1431 932 donec
1458 876 1590 947 ejus
1613 876 1825 932 virtute
1841 875 2114 931 defessus

458 969 744 1035 Valerius,
779 984 920 1024 eum
951 965 1278 1023 transmisit
1306 965 1362 1020 in
1396 979 1719 1021 carcerem.

2230 432 2482 487 αἴσθησιν
2527 430 2785 484 ἐνεποίουν
2819 449 2829 460 ·
2863 434 3043 505 ἔκαμεν
3102 431 3162 485 ἂν
3210 435 3258 485 ἓν
3308 436 3539 501 τούτοις,
3602 436 3645 485 εἰ
3674 453 3726 485 τι
3755 440 3853 487 καὶ

2227 528 2328 572 τῶν
2361 520 2586 592 ἀψύχων
2619 517 2680 579 ἦν
2729 520 3055 593 αἰκιζόμενον
3092 539 3100 549 ·
3151 521 3417 593 ἡλγήσατε
3476 518 3536 575 δὲ
3582 528 3673 575 καὶ
3703 524 3856 595 ὑμεῖς

2226 612 2433 669 πάντως
2457 614 2547 661 καὶ
2599 612 2725 683 πρὸς
2782 615 2943 678 μόνην
3000 613 3089 667 τὴν
3135 608 3315 669 ἀκοήν.
3369 609 3505 663 Ἀλλ’
3556 613 3582 664 6
3638 616 3849 684 μάρτυς

2224 700 2331 769 ὅσῳ
2368 701 2426 751 τὸ
2483 698 2682 761 πλῆθος
2736 707 2836 750 τῶν
2906 699 3164 752 κολάσεων
3227 698 3527 766 ἐπετείνετο,
3605 704 3849 773 τοσούτῳ

2223 792 2313 840 καὶ
2374 787 2529 849 αὐτὸς
2578 786 2771 860 μᾶλλον
2827 795 2898 859 τῷ
2953 791 3078 863 πρὸς
3145 792 3276 843 Θεὸν
3356 789 3605 848 ἡλίσκετο
3666 793 3850 864 ἔρωτι,

2222 880 2311 927 καὶ
2375 877 2548 949 ὥσπερ
2614 880 2750 937 τινὸς
2810 874 3043 935 ἡδίστου
3104 879 3401 950 κατετρύφα
3454 886 3555 930 τῶν
3617 874 3850 945 ὀδυνῶν,

2220 964 2309 1023 ἕως
2358 968 2483 1038 πρὸς
2534 968 2592 1017 τὸ
2649 973 2740 1018 τοῦ
2791 962 2980 1039 ἀνδρὸς
3018 973 3248 1037 γενναῖον
3302 965 3591 1039 ἀποκαμὼν
3640 966 3854 1020 Οὐαλέ-

2110 1082 2124 1094 -
2217 1071 2350 1128 ριος,
2390 1061 2571 1106 τοῦτον
2597 1058 2687 1126 μὲν
2713 1054 3022 1127 παρέπεμψε
3050 1063 3113 1114 τῆ
3148 1058 3351 1128 εἱρκτῇ.

530 1146 639 1200 XII.
683 1148 830 1202 Cum
843 1149 1042 1202 autem
1056 1143 1326 1198 divinum
1365 1142 1486 1197 sisti
1512 1146 1780 1199 curasset
1799 1142 2107 1215 Papylum,

455 1234 701 1306 perinde
715 1250 785 1290 ac
799 1234 849 1290 si
871 1249 1032 1289 nunc
1049 1248 1186 1288 eum
1206 1231 1468 1303 primum
1484 1232 1832 1303 aspexisset,
1857 1232 2104 1301 rogavit,

454 1322 704 1395 quinam
736 1326 934 1378 essent
964 1325 1259 1393 parentes,
1282 1335 1565 1391 quamam
1609 1320 1823 1391 patria,
1856 1326 1911 1377 et
1945 1337 2109 1393 quaa-

453 1425 596 1466 nam
625 1416 780 1467 esset
810 1409 1055 1482 martyri
1091 1408 1355 1464 scientia.
1389 1410 1637 1464 Sanctus
1667 1414 1868 1465 autem
1897 1421 1914 1471 :
1950 1411 2102 1475 Jam,

452 1498 664 1569 inquit,
696 1498 922 1555 discere
943 1497 1209 1570 potuisti,
1232 1512 1328 1552 me
1353 1512 1481 1551 esse
1505 1502 1712 1553 uatum
1735 1514 1807 1553 ex
1826 1498 2104 1568 ingenuis

452 1586 848 1659 parentibus;
888 1602 1021 1642 sum
1060 1584 1219 1640 enim
1260 1590 1436 1639 natus
1474 1585 1766 1657 Thyatiris
1801 1602 1814 1641 :
1858 1601 2102 1642 exerceo

2290 1141 2514 1195 ΙΒ’.Τὸν
2578 1140 2638 1195 δὲ
2695 1146 2830 1197 θεῖον
2905 1143 3375 1217 παραστηϐάμενος
3439 1143 3854 1211 Πάπυλον,ὦσ-

2214 1249 2309 1303 περ
2340 1239 2428 1282 νῦν
2484 1240 2688 1304 πρῶτον
2747 1232 2903 1285 αὐτὸν
2955 1235 3292 1305 θευσάμενος,
3345 1234 3545 1308 ἠρώτα,
3602 1238 3737 1296 τίνες
3790 1236 3855 1286 οἱ

2213 1321 2435 1390 γενέται,
2467 1323 2542 1380 τίς
2580 1322 2609 1378 ἡ
2662 1326 2852 1393 πατρὶς
2912 1326 3002 1373 καὶ
3048 1326 3131 1383 τίς
3185 1323 3290 1397 οἷρα
3347 1324 3376 1381 ἡ
3433 1320 3702 1394 ἐπιστήμη
3765 1330 3853 1393 τῷ

2212 1409 2469 1481 μάρτυρι,
2503 1407 2562 1460 Ὀ
2599 1405 2659 1461 δὲ
2698 1409 2841 1480 ἅγιος
2876 1430 2888 1441 ·
2932 1412 3254 1482 Μεμάθηκας
3308 1407 3441 1476 ἤδη,
3508 1416 3690 1482 φησὶν,
3756 1412 3852 1463 ὅτι

2212 1494 2487 1569 ἐλευθέρων
2512 1501 2746 1571 πατέρων
2777 1497 2874 1569 ἐγὼ
2904 1506 3025 1559 παῖς
3058 1515 3071 1528 ·
3132 1498 3187 1551 ἐκ
3245 1504 3543 1573 Θυατείρων
3604 1495 3665 1551 δε
3728 1501 3849 1573 ὦρ-

2210 1602 2404 1655 μημαι,
2439 1589 2644 1657 μέτεῖμι
2675 1583 2736 1638 δὲ
2783 1587 3056 1661 ἰατριχὴν,
3110 1588 3217 1658 οὐχ
3260 1589 3429 1645 ὁπόση
3468 1592 3663 1659 γένοιτο
3688 1588 3750 1639 ἄν
3780 1588 3853 1640 ἐκ

452 1678 655 1731 autem
678 1676 1054 1740 medicinam,
1080 1688 1199 1728 non
1216 1688 1353 1744 quae
1380 1672 1553 1729 fuerit
1574 1690 1643 1729 ex
1670 1673 1868 1730 herbis
1889 1690 1921 1729 e
1944 1681 2101 1731 terra

2222 1670 2445 1724 Βοτανῶν
2497 1682 2596 1725 τῶν
2653 1674 2708 1726 ἐκ
2737 1685 2840 1746 γῆς
2891 1679 3174 1748 φυομένων,
3223 1676 3328 1728 ἀλλ’
3381 1678 3481 1735 ὅση
3510 1678 3573 1729 ἄν
3604 1697 3705 1730 τινι
3737 1676 3853 1729 ἀπὸ

450 1762 861 1829 nascentibus,
894 1763 995 1818 sed
1022 1777 1156 1833 quia
1177 1760 1352 1815 alicui
1380 1777 1416 1816 a
1447 1763 1564 1817 Deo
1585 1762 1725 1818 data
1747 1762 1940 1819 fuerit.
1972 1766 2099 1819 Non

451 1850 612 1907 enim
639 1867 827 1923 usque
858 1851 934 1908 ad
963 1863 1211 1921 corpora
1235 1848 1777 1906 circumscribimus
1794 1850 1919 1922 ejus
1950 1851 2101 1907 utili-

450 1944 630 1997 tatem
660 1955 673 1994 :
695 1940 801 1997 sed
818 1943 997 1998 etiam
1016 1936 1259 1994 morbos
1280 1937 1501 1994 animae
1527 1939 1899 2007 corrigimus.
1929 1940 2099 1995 Tunc

444 2027 668 2101 judex:
702 2031 830 2086 Non
855 2031 1004 2094 haec,
1023 2024 1231 2097 inquit,
1251 2023 1378 2079 ﬁeri
1407 2026 1705 2097 potuerint
1726 2026 1853 2082 sine
1874 2028 2101 2084 exerci-

450 2118 674 2176 tatione
699 2133 929 2185 eorum,
952 2131 1083 2190 quae
1105 2112 1324 2183 scripta
1346 2119 1485 2169 sunt
1504 2130 1540 2170 a
1562 2115 1784 2172 Galeno
1805 2120 1862 2170 et
1879 2116 2101 2188 Hippo-

451 2213 632 2275 crate,
646 2209 749 2279 qui
766 2207 1123 2280 acceperunt
1139 2216 1173 2256 a
1190 2200 1303 2255 diis
1322 2218 1626 2259 summam
1645 2203 1801 2257 illius
1814 2204 2097 2263 scientiae.

450 2295 712 2370 Papylus
733 2305 932 2356 autem
958 2313 969 2354 :
995 2290 1257 2350 Galenus
1274 2289 1542 2360 quidem,
1565 2291 1777 2365 inquit,
1799 2296 1854 2347 et
1879 2293 2102 2367 Hippo-

450 2392 660 2458 crates,
680 2394 737 2445 et
754 2390 856 2463 qui
879 2389 1117 2445 illorum
1138 2382 1326 2434 artem
1358 2386 1650 2446 exercent,
1675 2386 1812 2436 tunc
1835 2380 2101 2453 aliquem

450 2474 1071 2554 curaverint,quando
1085 2468 1337 2542 gratiam
1363 2485 1487 2526 sum
1518 2469 1900 2541 benignitatis
1930 2488 2102 2529 meus

451 2583 693 2643 quoque
748 2572 1013 2628 Christus
1052 2557 1391 2635 praebuerit.
1439 2560 1537 2615 Sin
1577 2560 1798 2623 minus,
1832 2561 1983 2629 perit
2020 2563 2106 2619 eis

454 2656 907 2731 studium,nihil
930 2649 1237 2717 commodi
1260 2663 1634 2722 consequens
1662 2666 1734 2707 ex
1760 2663 1870 2703 sua
1893 2648 1953 2704 in
1981 2658 2106 2709 arte

453 2748 893 2809 exercitatione.
918 2752 1083 2818 Quos
1110 2744 1312 2798 autem
1333 2737 1477 2795 deos
1504 2741 1804 2803 nominas,
1831 2753 1970 2794 cum
1998 2756 2107 2798 nec

451 2836 566 2896 sibi
596 2840 841 2910 quidem
872 2837 1104 2915 possint
1135 2828 1360 2901 aliquid
1391 2830 1696 2899 prodesse,
1728 2828 2038 2901 quomodo
2069 2831 2107 2886 ii

451 2942 658 2985 curam
688 2930 976 2998 gesserint
1005 2924 1263 2981 aliorum
1294 2918 1582 2975 sanitatis.
1617 2917 1776 2988 Quod
1834 2916 1882 2970 si
1922 2917 2106 2975 etiam

451 3014 594 3071 velis
625 3031 748 3073 rem
779 3018 973 3090 ipsam
1005 3026 1137 3068 vere
1167 3006 1508 3078 intelligere,
1542 3024 1701 3075 eum,
1735 3004 1838 3078 qui
1866 3012 2109 3077 propter

453 3108 509 3160 te
522 3102 704 3170 sedet,
733 3104 918 3162 altero
944 3109 1005 3161 ut
1023 3100 1186 3157 vides
1206 3095 1378 3154 oculo
1398 3096 1635 3165 orbum,
1668 3094 1890 3153 faciant
1911 3093 2106 3152 visum

450 3206 805 3264 recuperare
837 3212 850 3251 :
885 3200 939 3249 et
976 3194 1186 3266 postea
1218 3185 1364 3243 nihil
1401 3184 1621 3245 dicam.
1665 3182 1862 3242 Fuerit
1904 3187 2107 3241 autem

453 3279 778 3355 quispiam,
795 3275 1298 3352 aitValerius,qui
1338 3291 1478 3332 eum
1510 3270 1964 3348 possitsanare?
1981 3273 2108 3331 Non

451 3372 569 3429 hoc
599 3372 814 3439 solum,
846 3373 1045 3446 inquit
1071 3373 1337 3433 sanctus,
1373 3365 1476 3421 sed
1505 3382 1717 3423 omnes
1749 3364 1926 3421 etiam
1960 3362 2109 3420 alios

455 3460 702 3518 morbos
726 3467 785 3520 et
812 3461 1157 3519 affectiones
1200 3455 1565 3515 insanabiles
1597 3455 1765 3513 facile
1796 3453 2106 3521 curaverit,

455 3549 558 3624 qui
591 3551 885 3610 Christum
912 3552 1077 3609 omni
1110 3549 1319 3607 morbo
1358 3545 1696 3604 medentem
1727 3543 2105 3600 invocaverit.

453 3638 606 3698 Dixit
650 3647 849 3699 autem
904 3641 1165 3699 Valerius
1196 3660 1216 3698 :
1242 3636 1558 3693 Videamus
1592 3636 1653 3692 in
1680 3632 1999 3709 praesentia
2024 3633 2103 3699 id,

456 3729 621 3804 quod
641 3732 790 3788 dicis
816 3748 828 3787 :
852 3734 979 3789 Non
1001 3747 1133 3803 ego,
1151 3727 1344 3802 inquit
1362 3724 1642 3798 Papylus,
1662 3723 1980 3795 aggrediar
1997 3723 2110 3794 pri-

458 3835 615 3878 mus.
656 3822 873 3879 Vereor
907 3822 1089 3888 enim,
1131 3836 1205 3877 ne
1234 3833 1373 3874 cum
1406 3814 1528 3887 ipse
1558 3814 1763 3871 omnia
1792 3812 2109 3879 adulteres,

458 3911 810 3968 miraculum
839 3911 1106 3968 ascribas
1134 3905 1535 3967 daemonibus.
1572 3904 1685 3960 Sed
1718 3902 1801 3959 tui
1849 3902 2110 3974 primum

458 3994 735 4054 invocent
762 4012 945 4070 quem
977 3996 1157 4053 velint
1187 4000 1430 4050 tuorum
1454 3990 1729 4055 deorum,
1753 3992 1812 4044 et
1832 3992 1971 4043 tunc
2001 4002 2113 4057 ego

457 4100 701 4159 quoque
734 4084 1053 4144 ostendam
1082 4080 1293 4143 Christi
1322 4078 1441 4136 mei
1458 4078 1757 4134 virtutem.

533 4352 681 4410 XIII.
716 4356 877 4410 Tunc
901 4368 1035 4410 cum
1060 4349 1367 4426 quosdam
1389 4346 1642 4403 deorum
1668 4343 1924 4401 cultores
1953 4347 2113 4398 etsa-

464 4441 691 4500 criﬁcos
719 4442 1067 4500 adduxisset
1105 4438 1396 4501 Valerius,
1432 4434 1610 4507 jussit
1648 4449 1793 4490 suos
1837 4431 2117 4489 invocare

464 4531 629 4599 deos,
658 4531 909 4597 nullam,
928 4548 1060 4603 quas
1077 4530 1157 4587 ad
1179 4530 1292 4586 hoc
1314 4526 1513 4591 faciat,
1538 4527 1873 4580 omittentes
1902 4527 2115 4585 artem,

464 4637 573 4678 nec
593 4622 969 4690 industriam,
996 4637 1105 4678 nec
1125 4618 1448 4676 rationem.
1475 4613 1562 4673 Illi
1586 4618 1805 4679 autem,
1826 4611 1978 4667 alius
2000 4609 2117 4665 alio

465 4712 828 4779 accedentes,
848 4712 943 4768 hic
958 4710 1208 4784 quidem
1227 4704 1584 4779 Apollinem,
1599 4703 1693 4759 ille
1707 4710 1908 4760 autem
1924 4702 2119 4757 [Ἐβου-

463 4798 713 4872 lapium,
745 4800 895 4857 alius
921 4799 1141 4856 deinde
1165 4796 1352 4854 alium
1374 4792 1695 4850 invocabat
1716 4808 1787 4847 ex
1812 4790 1927 4846 diis
1953 4786 2117 4845 adul-

466 4890 689 4958 terinis,
718 4891 1075 4963 impotentes
1106 4888 1168 4944 in
1216 4902 1299 4951 re,
1327 4899 1463 4957 quae
1519 4882 1646 4940 ﬂeri
1694 4896 1813 4936 non
1862 4882 2113 4952 poterat,

464 4981 632 5054 quod
665 4980 743 5037 ad
771 4979 1047 5037 homines
1080 4977 1308 5043 attinet,
1340 4975 1705 5029 invocantes.
1741 4972 1996 5040 Eratque
2028 4983 2118 5022 res

466 5070 634 5128 valde
663 5069 932 5140 ridicula,
957 5074 1014 5124 et
1038 5066 1218 5140 plena
1242 5064 1557 5120 dedecore.
1589 5059 1735 5126 Quid
1764 5057 1924 5113 enim
1948 5057 2021 5112 de
2039 5056 2120 5111 vi-

463 5160 760 5225 ventibus,
818 5173 1079 5228 magnus
1138 5153 1334 5226 inquit
1384 5149 1613 5215 Isaias“,
1664 5146 2123 5203 sciscitabuntur

465 5252 736 5304 mortuos
761 5248 789 5305 ‘I
817 5250 999 5304 Totus
1029 5258 1172 5315 ergo
1204 5242 1331 5298 dies
1362 5235 1735 5312 prmteriit,et
1764 5232 1846 5289 illi
1876 5232 2120 5305 quidem

467 5334 784 5407 rogabant,
816 5334 1260 5409 supplicabant,
1302 5324 1738 5393 sacriﬁcabant,
1774 5321 1953 5379 rebus
2013 5320 2123 5377 illis

542 5549 564 5585 ⁵
606 5551 721 5605 lsa.
760 5562 878 5615 vni,
910 5546 999 5602 19.

2210 1765 2339 1813 Θεοῦ
2364 1758 2545 1821 δοθείη
2612 1784 2623 1795 ·
2657 1770 2747 1815 καὶ
2803 1768 2903 1838 γὰρ
2963 1765 3021 1817 ού
3072 1770 3239 1838 μέχρι
3278 1774 3378 1819 τῶν
3408 1770 3665 1837 σωμάτων
3696 1784 3854 1840 περι.-

2209 1850 2451 1921 ορίζομεν
2482 1857 2576 1909 την
2608 1852 2871 1924 ὠφέλειαν,
2902 1852 3031 1905 ἀλλά
3076 1860 3168 1906 καὶ
3214 1864 3314 1907 τῶν
3364 1856 3612 1927 ψυχικῶν

2211 1940 2494 2009 στημάτων
2546 1944 2839 2014 ποιούμεθα
2893 1947 2987 2001 τὴν
3049 1939 3360 2017 διόρθωσιν.
3424 1942 3555 1998 Εἶτα
3606 1946 3632 1996 6
3685 1942 3852 1997 δικα-

2212 2032 2339 2086 στής
2381 2044 2393 2056 °
2428 2028 2540 2079 Οὐκ
2584 2031 2705 2081 ἄνευ
2769 2029 3042 2092 ἀσκήσεως
3107 2041 3208 2084 τῶν
3241 2033 3495 2099 Γαληνοῦ,
3560 2036 3675 2107 ipa,
3743 2039 3847 2087 καὶ

2205 2109 2582 2187 Ἱπποκράτους
2618 2124 2774 2171 ταυτὶ
2820 2125 3044 2191 γένοιτο,
3109 2122 3158 2173 οἳ
3212 2142 3360 2196 παρα
3411 2131 3512 2174 τῶν
3564 2125 3687 2176 θεῶν
3746 2131 3848 2186 τῆς

2210 2202 2511 2276 ἐπιστήμης
2556 2210 2615 2258 τὸ
2664 2209 2939 2280 κεφάλαιον
2993 2209 3194 2266 ἔλαϐον.
3256 2217 3355 2265 Καὶ
3411 2213 3436 2264 6
3500 2212 3746 2276 Πάπυλος
3817 2227 3835 2241 ⁶

2210 2291 2435 2354 Γαληνὸς
2495 2298 2585 2367 μεν
2645 2302 2735 2348 καὶ
2794 2297 3165 2373 Ἱπποκράτης,
3237 2306 3328 2354 καὶ
3385 2304 3434 2354 οἱ
3480 2306 3576 2361 τὴν
3635 2304 3846 2356 ἐκείνων

2211 2386 2472 2452 μετιόντες
2501 2388 2716 2455 τέχνην,
2766 2392 2884 2439 τότε
2942 2389 3005 2439 ἄν
3052 2409 3170 2441 τινα
3224 2392 3621 2461 θεραπεύσειαν,
3683 2394 3852 2450 ἡνίκα

2212 2477 2306 2530 τῆς
2356 2469 2541 2523 ἑαυτοῦ
2587 2473 2980 2548 φιλανθρωπίας
3022 2482 3115 2536 τὴν
3152 2481 3317 2551 χάριν
3357 2485 3449 2533 καὶ
3512 2482 3538 2533 6
3579 2479 3701 2553 ἐμὸς
3740 2501 3851 2533 πα-

2213 2560 2412 2633 ράσχοι
2446 2567 2677 2634 Χριστός
2732 2585 2744 2596 ο
2779 2564 2823 2616 εἰ
2850 2561 2899 2617 δ’
2945 2563 3056 2635 οὖν,
3086 2570 3294 2639 οἴχεται
3342 2570 3520 2631 αὐτοῖς
3550 2572 3580 2628 ἠ
3626 2567 3844 2629 σπουδὴ

2215 2644 2381 2720 μηδὲν
2412 2657 2507 2710 τῆς
2535 2656 2654 2725 περὶ
2694 2656 2786 2710 τὴν
2842 2658 3037 2725 τέχνην
3097 2654 3378 2719 ἀσκήσεως
3436 2657 3787 2712 ἀπολαύσασα
3824 2677 3839 2689 ⁸

2217 2735 2300 2796 οὓς
2350 2733 2408 2789 δέ
2440 2758 2499 2808 γε
2557 2739 2831 2812 ὀνομάζεις
2876 2744 3044 2810 θεοὺς,
3095 2742 3221 2799 οῦδὲ
3276 2746 3496 2811 ἑαυτούς
3550 2747 3742 2808 ὀνῆσαί
3788 2768 3850 2801 τι

2218 2821 2514 2897 δυνάμενοι,
2566 2837 2676 2891 πῶς
2729 2828 2788 2879 ἂν
2866 2840 2961 2893 τῆς
3052 2833 3235 2907 ἐτέρων
3303 2837 3451 2889 οὗτοι
3514 2842 3849 2911 φροντίσωσι

2220 2915 2488 2983 θεραπείας
2522 2934 2534 2980 ;
2571 2916 2629 2969 Εἰ
2668 2914 2727 2970 δὲ
2775 2924 2865 2971 καὶ
2904 2923 3089 2991 μαθεῖν
3151 2926 3288 2997 ἔργῳ
3340 2929 3400 2978 τὸ
3453 2932 3680 3001 πρᾶγμα
3730 2929 3849 2980 ἐθέ-

2216 3001 2335 3069 λεῖς,
2383 3006 2468 3054 τὸν
2547 3008 2691 3077 παρὰ
2746 3013 2831 3059 σοὶ
2916 3013 3210 3083 καθήμενον
3289 3021 3685 3088 πεπηρωμένον,
3770 3018 3848 3079 ὡς

2217 3091 2360 3163 ὁρᾷς,
2416 3095 2538 3144 ὄντα
2589 3098 2674 3145 τόν
2744 3095 2913 3165 ἕτερον
2989 3108 3089 3151 τῶν
3170 3101 3471 3174 ὀφθαλμῶν,
3549 3103 3849 3176 ἀναϐλέψαι

2215 3182 2608 3245 ποιησάτωσαν,
2656 3180 2816 3255 κάμοὶ
2864 3184 3015 3257 λόγος
3080 3192 3138 3241 τὸ
3214 3194 3348 3262 μετὰ
3410 3200 3580 3245 ταῦτα
3637 3190 3841 3257 οὐδείς.

2218 3271 2310 3326 Εἶη
2363 3266 2413 3322 δ’
2471 3272 2531 3321 ἄν
2574 3290 2669 3335 τις,
2735 3269 2868 3325 εἶπεν
2925 3275 3228 3350 Οὐαλέριος,
3288 3282 3315 3332 6
3376 3288 3564 3334 τοῦτον
3608 3284 3842 3355 ύγιῶσαι

2218 3355 2534 3431 δυνάμενος
2570 3391 2633 3400 -—
2674 3361 2750 3413 Ού
2804 3370 2984 3415 τοῦτον
3022 3372 3199 3436 μόνον,
3257 3370 3283 3419 6
3328 3370 3481 3440 ἅγιος
3536 3374 3653 3444 ἔφη,
3712 3370 3847 3424 ἀλλὰ

2216 3446 2311 3499 κᾶν
2340 3452 2489 3510 νόσος
2538 3448 2665 3508 οἰλλη
2721 3469 2802 3512 τις
2853 3452 2907 3524 ᾗ,
2958 3453 3053 3505 κᾶν
3107 3458 3273 3520 πάθος
3321 3455 3447 3512 οὐδὲ
3489 3462 3613 3534 παρ’
3667 3459 3846 3533 ὀλίγον

2221 3537 2449 3609 ἰάσιμον,
2521 3535 2720 3613 ῥᾳδίως
2789 3539 2994 3594 ἅπαντα
3052 3546 3435 3617 θεραπεύσειεν,
3506 3548 3563 3612 ὃς
3638 3549 3697 3601 ἃν
3751 3553 3845 3603 τὸν

2221 3628 2432 3699 ἰώμενον
2460 3634 2634 3680 πᾶσαν
2684 3633 2835 3681 νόσον
2866 3636 2955 3683 καὶ
3014 3638 3192 3686 πᾶσαν
3244 3636 3509 3707 μαλακίαν
3541 3637 3846 3692 ἐπικαλοίτο

2222 3721 2470 3789 Χριστόν.
2504 3720 2602 3769 Καὶ
2640 3720 2725 3769 τὸν
2766 3718 3045 3793 Οὐαλέριον
3105 3725 3262 3795 φάναι
3324 3745 3336 3758 ’
3392 3723 3619 3799 Ἱδωμεν
3683 3747 3734 3780 εν
3764 3736 3843 3799 τῷ

2220 3810 2436 3880 παρόντι
2503 3804 2748 3878 ὃλέγεις.
2781 3839 2850 3849 -
2898 3808 3008 3861 Οὐκ
3067 3809 3188 3883 ἐγὼ,
3259 3819 3419 3886 φησὶν
3479 3817 3504 3867 6
3570 3816 3839 3883 Πάπυλος,

2221 3896 2522 3969 ἕγχειρὴσω
2570 3904 2768 3967 πρῶτος
2843 3912 2856 3925 ’
2934 3895 3154 3953 δέδοικα
3204 3905 3329 3976 γὰρ,
3385 3909 3457 3976 μὴ
3507 3909 3565 3958 τὸ
3615 3913 3842 3981 πρᾶγμα

2220 3986 2469 4047 νοθεύσας
2493 3984 2649 4047 αὐτος
2698 3994 2807 4048 τοῖς
2856 3983 3077 4060 δαίμοσι
3124 3993 3191 4042 τὰ
3242 4000 3332 4045 τοῦ
3391 3995 3661 4067 θαύματος
3709 3997 3842 4050 ὑπο-

2222 4073 2486 4148 γράψῃς·
2523 4072 2628 4125 ἀλλ’
2661 4076 2708 4127 οἱ
2769 4080 2851 4129 σοὶ
2911 4082 3180 4150 πρότερον,
3242 4079 3302 4139 ἢν
3363 4080 3681 4154 βούλωνται,
3733 4093 3839 4137 τῶν

2226 4166 2349 4216 θεῶν
2385 4164 2525 4237 ὑμῶν
2573 4162 2844 4221 ἐπίκλησιν
2909 4170 3311 4235 ποιησάτωσαν,
3366 4176 3453 4224 καὶ
3515 4176 3633 4226 τότε
3680 4172 3840 4226 πάλιν

2225 4252 2381 4314 αὐτὸς
2407 4257 2497 4311 τὴν
2522 4260 2609 4305 τοῦ
2637 4251 2763 4325 ἐμοῦ
2786 4262 3021 4321 Χριστοῦ
3046 4253 3269 4331 δύναμιν
3302 4257 3575 4325 ἕπιδείξω.

2298 4342 2400 4398 ΙΓ’.
2439 4346 2566 4394 Τότε
2599 4343 2911 4417 θεραπευτάς
2960 4365 3104 4407 τινας
3152 4352 3243 4400 καὶ
3293 4350 3450 4411 θύτας
3507 4354 3839 4425 παραγαγὼν

2227 4434 2253 4485 6
2302 4431 2596 4504 Οὐαλέριος,
2671 4437 2790 4495 τοὺς
2891 4432 3085 4486 ἑαυτῶν
3170 4434 3391 4491 ἐκέλευεν
3473 4439 3841 4493 ἐπικαλεῖσθαι

2231 4524 2393 4585 θεοὺς,
2424 4518 2561 4593 μηδὲ
2614 4525 2826 4593 τέχνης,
2883 4519 3021 4595 μηδὲ
3052 4523 3295 4588 ἐπινοίας,
3329 4524 3461 4600 μηδ’
3508 4528 3668 4591 ἄλλης
3699 4532 3843 4591 τινὸς

2228 4608 2455 4684 μεθόδου
2486 4613 2609 4683 πρὸς
2652 4618 2803 4663 τοῦτο
2865 4614 3134 4683 μεθιέντας
3185 4613 3378 4687 μηδέν.
3448 4620 3514 4671 Οἱ
3568 4614 3629 4670 δὲ
3686 4617 3841 4682 ἄλλος

2230 4700 2434 4772 ἀλλαχῆ
2470 4704 2763 4773 παριόντες,
2792 4703 2817 4753 6
2848 4704 2937 4773 μὲν
2969 4701 3285 4771 Ἀπόλλωνα,
3318 4708 3343 4758 6
3402 4703 3461 4759 δὲ
3492 4707 3839 4774 Ἀσκληπιόν,

2230 4792 2255 4843 6
2283 4787 2341 4843 δε
2372 4790 2521 4852 ἄλλος
2561 4789 2711 4841 ἄλλον
2749 4799 2847 4842 τῶν
2912 4788 3175 4850 κιϐδηλων
3230 4794 3399 4848 ἐκάλει
3446 4798 3591 4860 θεῶν,
3646 4793 3843 4850 ἀδυνά-

2230 4900 2350 4942 τους
2392 4882 2529 4932 κατὰ
2580 4875 2841 4931 ἀδυνάτου
2898 4883 3227 4954 πράγματος,
3286 4886 3386 4937 ὅσα
3424 4904 3483 4957 γε
3513 4885 3585 4947 εἰς
3636 4885 3843 4961 ἀνθρώ-

2230 4989 2359 5031 πους
2388 4969 2507 5027 ἧκεν
2537 4968 2927 5040 ἐπικαλούμενοι
2991 4990 3003 5002 ·
3063 4978 3153 5025 καὶ
3206 4969 3267 5031 ἦν
3324 4977 3380 5026 τὸ
3416 4982 3609 5047 χρῆμα
3639 4972 3839 5049 κομιδῇ

2229 5057 2407 5135 γέλως.
2474 5056 2706 5127 αἰσχύνη
2766 5065 2953 5128 σαφῆς.
2998 5065 3061 5112 Τί
3120 5063 3221 5135 γὰρ
3280 5068 3397 5135 περὶ
3450 5071 3550 5115 τῶν
3610 5067 3836 5129 ζώντων,

2229 5130 2451 5206 Ἠσαίας
2502 5150 2655 5217 φησὶν
2700 5147 2724 5197 6
2782 5152 2963 5219 μέγας,
3015 5147 3373 5212 ἐκζητὴσουσι
3424 5155 3540 5212 τοὺς
3579 5154 3838 5225 νεκρούς;

2231 5234 2431 5308 Ἡμέρα
2492 5243 2618 5306 γοῦν
2676 5233 2884 5295 διῆλθεν
2941 5237 3054 5304 ὅλη,
3100 5243 3189 5291 καὶ
3237 5242 3286 5291 οἱ
3335 5243 3425 5312 μὲν
3482 5236 3705 5305 ἐδέοντο,
3743 5242 3845 5294 ἱκέ-

2234 5343 2400 5392 τευον,
2472 5323 2768 5393 ἕθυσίαζον,
2835 5333 3009 5380 πᾶσαν
3062 5334 3175 5401 περὶ
3223 5331 3289 5382 τὰ
3347 5331 3549 5403 μάταια
3604 5329 3842 5384 ὶποιοῦτο
