4062 6222
230 289 306 345 121
1318 281 1484 340 VITA
1527 280 1587 339 S.
1628 279 1848 339 CARPI
1885 279 1974 335 ET
2012 276 2410 338 SOCIORUM.

3449 273 3555 332 122

232 420 300 473 τὴν
343 408 788 487 προσεδρείανοτὰ
836 406 896 462 δὲ
940 410 1089 481 κωφὰ
1130 412 1277 481 κωφὰ
1327 405 1409 473 ἦν,
1454 413 1544 461 καὶ
1601 414 1674 479 τῷ
1722 407 1761 460 ἐι

1888 405 2063 461 vanis
2115 408 2402 477 perpetuo
2454 403 2819 461 assidebant.
2863 402 3056 460 Surda
3090 404 3288 458 autem
3318 418 3331 468 ;
3364 402 3551 461 surda

226 510 381 578 μέρους
417 500 749 571 τυφλώττοντι
797 495 1018 571 οὐδεμία
1067 496 1288 570 βοήθεια
1328 500 1471 572 παρὰ
1513 506 1613 550 τῶν
1658 497 1779 557 ὅλως

226 596 576 665 πεπηρωμένων.
617 592 678 643 Τί
726 585 813 640 οὖν
865 590 890 638 ό
938 594 1029 639 τοῦ
1080 594 1312 662 Χριστοῦ
1355 586 1780 661 μάρτυς;²ομοῦ

227 687 299 733 σὺν
338 688 436 739 τοῖς
483 682 679 750 ὄμμασι
728 685 819 738 τῆς
872 680 1060 747 σαρκὸς
1109 680 1197 727 καὶ
1234 679 1301 727 τὰ
1344 685 1436 738 τῆς
1485 674 1672 747 ψυχῆς
1715 675 1781 734 εἰς

222 769 434 841 οὐρανούς
467 769 612 838 ἱρας,
649 770 737 817 τὸν
786 765 970 818 ἑαυτοῦ
1018 768 1149 837 πρὸς
1192 763 1325 816 ἔλεον
1374 762 1541 816 ἐκάλει
1588 768 1783 816 Δεσπό-

218 878 306 915 την.
355 854 475 909 Εἶτα
520 860 607 920 τίς
660 858 729 907 T6
788 861 879 906 τοῦ
956 861 1185 928 σταυροῦ
1245 861 1460 925 σημεῖον
1518 852 1782 905 ἐπιϐάλλει

220 954 305 1006 ταῖς
346 944 535 1015 ὄψεσιν,
584 944 803 996 ἅπτεται
850 950 911 1015 τῇ
961 947 1127 1017 χειρὶ,
1175 947 1263 994 καὶ
1310 949 1372 1014 τῇ
1422 941 1524 1014 ἁφῇ
1578 945 1635 993 τὸ
1684 950 1782 1014 φῶς

217 1035 468 1098 ἠκολούθει,
532 1039 620 1085 καὶ
686 1034 711 1083 ὁ
765 1031 994 1092 σϐεσθεὶς
1062 1030 1318 1104 ὀφθαλμὸς
1375 1032 1499 1106 ῥᾷον
1562 1030 1591 1089 ἦ
1652 1034 1783 1103 πρὸς

213 1124 343 1174 ’ἔστι-δον
392 1121 762 1193 συγκαλυφθεὶς
828 1120 1136 1192 ἀνεῴγνυτο,
1188 1125 1277 1172 καὶ
1332 1124 1391 1172 τὸ
1452 1116 1519 1177 δὴ
1581 1123 1779 1192 μεῖζον,

216 1217 286 1263 καὶ
327 1213 352 1269 ἡ
402 1209 586 1281 ψυχῆς
632 1210 802 1262 ἐλύετο
849 1215 1109 1282 πήρωσις,
1142 1214 1230 1261 καὶ
1274 1210 1529 1261 πιστεύων
1576 1205 1656 1275 ἦν,
1689 1209 1777 1259 καὶ

210 1307 255 1351 το
302 1309 392 1371 φῶς
435 1303 489 1349 τὸ
540 1297 782 1356 ἀληθινόν
836 1298 989 1372 ἑώρα,
1037 1297 1061 1350 ὃ
1110 1301 1322 1371 φωτίζει
1370 1300 1539 1350 πάντα
1584 1299 1781 1371 ἄνθρω.

209 1411 284 1443 πον
312 1389 574 1463 ἐρχόμενον
607 1390 679 1450 εἰς
711 1394 796 1441 τὸν
835 1394 1051 1462 κόσμον,
1085 1394 1176 1441 καὶ
1225 1390 1336 1461 ἅμα
1373 1390 1502 1442 πολύ
1550 1410 1602 1441 τι
1649 1389 1779 1448 πλῆ-

211 1481 277 1539 θος
326 1477 595 1551 ἀνθρώπων
648 1487 720 1549 τῷ
776 1480 1004 1550 θαύματι
1060 1483 1189 1553 πρὸς
1241 1484 1335 1537 τὴν
1382 1487 1478 1539 τῆς
1534 1476 1775 1541 ἀληθείας

210 1566 444 1639 ἐπίγνωσιν
515 1566 943 1640 ἔχειραγωγείτο.
1025 1572 1152 1620 Τίνα
1230 1566 1291 1619 ἂν
1367 1567 1423 1619 ού
1499 1566 1772 1638 μετέϐαλον

208 1664 356 1719 ταῦτα,
386 1660 468 1706 καὶ
511 1661 594 1716 τίς
647 1656 673 1707 ὁ
725 1660 819 1713 τὴν
853 1656 1012 1727 ἰσχύν
1054 1658 1189 1727 ἔχων
1233 1658 1428 1713 ταύτην
1478 1656 1769 1718 ἑκζητῆσαι

1890 498 2058 549 erant
2091 510 2101 547 :
2136 498 2192 550 et
2221 494 2292 559 ei,
2319 494 2421 566 qui
2446 510 2515 549 ex
2543 500 2709 566 parte
2744 491 3094 549 crecuticbat
3139 491 3371 547 nullum
3421 497 3548 549 erat

1890 582 2179 639 auxilium
2211 582 2288 638 ab
2319 582 2391 637 iis
2427 584 2527 654 qui
2556 587 2722 638 erant
2751 582 2891 637 caeci
2930 581 3186 653 penitus.
3222 579 3374 644 Quid
3404 597 3546 651 ergo

1892 672 2100 728 Christi
2130 687 2336 727 servus
2364 674 2391 727 ‘I
2448 672 2635 727 Simul
2667 688 2803 727 cum
2862 671 3056 727 carnis
3096 669 3284 727 oculis
3330 672 3547 731 animae

1888 777 2133 834 quoque
2153 761 2359 817 oculos
2377 762 2454 816 ad
2479 762 2693 817 coelum
2713 761 2945 826 tollens,
2971 761 3047 817 ad
3072 763 3546 820 misericordiam

1891 866 2067 905 suum
2098 850 2419 906 invocabat
2455 852 2795 906 Dominum.
2840 850 3059 905 Deinde
3090 853 3235 923 quid
3264 852 3293 909 ‘f
3345 853 3547 910 Crucis

1891 939 2133 1009 signum
2181 938 2443 995 immittit
2478 939 2684 1010 oculis,
2738 955 2922 995 manu
2972 942 3176 1013 tangit,
3221 948 3278 999 et
3323 948 3547 1000 tactum

1889 1027 1992 1084 lux
2022 1034 2113 1085 est
2138 1032 2479 1094 consecuta,
2513 1033 2569 1084 et
2598 1028 2919 1084 exstinctus
2949 1031 3158 1085 oculus
3197 1030 3428 1089 facilius
3456 1035 3549 1089 est

1892 1121 2158 1189 apertus,
2192 1134 2375 1190 quam
2408 1118 2455 1172 si
2487 1133 2701 1173 somno
2733 1117 2944 1174 fuisset
2983 1124 3224 1191 opertus
3256 1128 3349 1176 :et
3380 1120 3546 1194 quod

1890 1207 2088 1279 majus
2113 1211 2215 1271 est,
2242 1207 2291 1278 ej
2306 1207 2502 1278 us,qui
2528 1206 2818 1262 beneﬁcio
2840 1205 3088 1263 affectus
3106 1208 3540 1272 fuerat,animae

1889 1310 2131 1367 quoque
2152 1294 2354 1351 ablata
2371 1302 2457 1350 est
2469 1296 2974 1367 caecitas,eratque
2988 1299 3320 1364 credens,et
3334 1314 3542 1354 veram

1887 1383 2081 1440 lucem
2108 1383 2468 1451 intuebatur,
2488 1400 2623 1456 quas
2651 1384 2945 1441 illuminat
2968 1402 3211 1443 omnem
3235 1388 3542 1444 hominem

1886 1473 2218 1529 venientem
2242 1473 2301 1528 in
2324 1473 2483 1529 hunc
2506 1473 2799 1528 mundum
2818 1490 2829 1527 :
2848 1480 2903 1530 et
2924 1474 3100 1530 simul
3120 1476 3299 1532 etiam
3321 1492 3543 1547 magna

1882 1562 2199 1617 hominum
2226 1561 2541 1617 multitudo
2572 1562 2832 1618 deducta
2864 1569 2951 1619 est
2974 1564 3261 1621 miraculo
3281 1566 3356 1621 ad
3376 1567 3545 1635 agni-

1882 1651 2101 1707 tionem
2136 1651 2418 1707 veritatis.
2453 1653 2638 1716 Quem
2669 1668 2790 1708 non
2832 1654 2960 1709 haec
2991 1658 3343 1721 mutassent,
3377 1660 3433 1710 et
3461 1654 3540 1710 ef-

210 1751 278 1796 καὶ
339 1746 507 1814 μαθεῖν
591 1748 1020 1817 παρεσκεύασενς
1075 1744 1209 1796 Ἀλλ’
1270 1744 1313 1796 εἰ
1392 1749 1480 1795 καὶ
1547 1746 1761 1807 πάντας,

1881 1741 2155 1797 fecissent
2212 1756 2479 1812 quaerere
2532 1746 2587 1795 et
2632 1741 2878 1809 discere,
2911 1743 3193 1815 quisnam
3227 1744 3275 1798 is
3309 1744 3400 1810 sit,
3436 1744 3538 1817 qui

215 1833 440 1907 Οὐαλέριον
503 1842 637 1904 γοῦν
696 1830 963 1904 οὐδαμῶς,
1020 1832 1147 1885 ἀλλὰ
1222 1839 1310 1886 καὶ
1374 1833 1502 1885 πολὺ
1577 1833 1765 1905 μᾶλλον

222 1922 499 1997 ἀπηνέστερον
566 1923 759 1975 ἑαυτοῦ
826 1928 1164 1988 πεποιήκασι,
1225 1924 1456 1993 καθάπερ
1516 1919 1767 1993 ἐνηδόμε-

220 2031 281 2062 νον
315 2020 361 2083 τῇ
412 2010 649 2083 ἀπωλείᾳ
694 2019 791 2073 τῆς
850 2012 1041 2072 πλάνης
1097 2016 1186 2063 καὶ
1239 2008 1481 2082 οὐδαμῶς
1538 2009 1758 2062 ἐκκαλυ-

213 2102 356 2170 φθῆναι
396 2108 485 2158 τὴν
525 2100 778 2159 ἀλήθειαν
824 2100 1131 2172 ἀνεχόμενον
1156 2119 1167 2130 ·
1203 2103 1313 2153 ὅθεν
1359 2106 1448 2153 καὶ
1495 2103 1581 2152 τόν
1624 2102 1765 2172 μάρ-

206 2208 305 2261 τυρα
351 2193 529 2250 ταύτης
595 2188 680 2242 ἐπὶ
733 2189 885 2252 ξύλου
938 2194 1275 2265 μετεωρίσας,
1330 2189 1591 2252 αἰκίζεται
1641 2186 1763 2257 δρι-

200 2284 413 2347 μυτάτως,
467 2282 724 2340 τοιαύτας
780 2278 923 2349 αύτῷ
988 2281 1076 2339 τὰς
1133 2278 1350 2349 ἀμοιϐὰς
1397 2287 1502 2339 τῆς-
1553 2278 1624 2339 εἰς
1677 2281 1763 2329 τὸν

202 2364 511 2443 mmmam
544 2368 853 2441 εὐεργεσίας
885 2364 1190 2429 ἀποδιδούς.

248 2554 331 2608 ΙΔ’·
366 2556 623 2618 Ἐξαίνετο
661 2559 751 2626 μεν
800 2551 889 2607 οῦν
941 2558 999 2607 τό
1045 2555 1197 2607 καλὸν
1250 2557 1407 2608 ἐκεῖνο
1450 2564 1602 2627 σῶμα
1648 2561 1763 2615 ταῖς

193 2644 391 2713 μάστιξι.
444 2643 692 2696 Πάπυλον
747 2640 806 2696 δὲ
865 2643 922 2695 ού
970 2652 1119 2696 τοῦτο
1172 2642 1362 2710 ἐλύπει,
1407 2644 1513 2696 ἀλλ’
1560 2646 1640 2696 ὅτι
1687 2648 1758 2715 μὴ

192 2732 511 2806 χαλεπώτεραι
617 2733 809 2805 μᾷλλον
916 2732 1165 2804 ἐπήγοντο
1255 2732 1501 2805 βάσανοι,
1586 2730 1760 2795 δεινῶς

192 2821 449 2891 ἧοχαλλεν·
496 2824 679 2894 ὥσπερ
732 2830 860 2892 γοῦν
912 2821 999 2873 ἀπ’
1050 2822 1280 2883 ἐναντίας
1335 2828 1425 2875 καὶ
1482 2821 1761 2895 Οὐαλέριος

192 2912 441 2980 ἡττωμένοις
489 2914 630 2983 όρῶν
675 2911 827 2962 πάλιν
865 2914 955 2971 τὰς
998 2911 1158 2964 αὐτοῦ
1193 2910 1455 2983 βασάνους
1495 2915 1626 2985 πρὸς
1665 2916 1759 2970 τήν

617 2733 809 2805 μᾷλλον

189 3006 260 3049 τοῦ
297 3004 552 3074 μάρτυρος
609 2999 892 3071 εὐψυχίαν,
925 3002 1085 3061 πάθος
1134 2996 1271 3053 ἴδιον
1320 2997 1432 3073 εἶχε
1473 3008 1622 3052 τοῦτο
1670 3005 1759 3053 καὶ

190 3098 347 3161 πικρῶς
389 3093 559 3163 ἔφερε·
620 3097 896 3163 τοιγαροῦν
952 3092 1245 3162 προσετίθει
1300 3095 1388 3142 καὶ
1444 3089 1619 3153 ἄλλας,
1670 3096 1757 3142 καί

190 3184 266 3249 τύρ
299 3186 397 3238 ταῖς
426 3186 595 3230 αὐτοῦ
645 3178 890 3249 πλευραῖς
941 3180 1231 3231 ύπανάπτει
1274 3184 1363 3231 καὶ
1408 3178 1573 3239 λίθοις
1625 3177 1759 3251 βάλ-

190 3262 331 3317 λεσθαι
370 3267 561 3319 κελεύει
597 3284 612 3295 ο
665 3266 793 3318 ἀλλὰ
846 3272 935 3319 καὶ
982 3271 1105 3340 πρὸς
1162 3272 1221 3320 τό
1272 3275 1375 3342 πῦρ
1430 3270 1455 3320 ό
1499 3270 1755 3340 μακάριος

189 3350 304 3406 ούόιν
332 3358 507 3408 ἔπαθεν
552 3354 778 3426 ἀγεννὲς,
824 3361 913 3408 καὶ
959 3359 1008 3408 oi
1049 3356 1185 3409 λίθοι
1231 3358 1463 3429 καθάπερ
1505 3354 1756 3428 αἰδούμε-

190 3462 245 3493 se:
267 3447 315 3495 :6
346 3441 431 3496 διὰ
475 3450 712 3520 Χριστὸν
754 3445 914 3505 οὕτως
944 3446 1268 3518 αἰκιζόμενον
1314 3454 1484 3519 σῶμα,
1520 3444 1754 3517 ἀλλαχοῦ

293 3533 642 3597 ἠκοντίζοντο,
695 3534 811 3585 κατ’
869 3534 1027 3586 αὐτοῦ
1081 3531 1140 3587 δὲ
1194 3531 1444 3606 οὐδαμῶς
1498 3533 1750 3609 ἐφέροντο.

190 3620 295 3671 Ἐπεὶ
344 3620 427 3673 οὖν
482 3624 849 3695 ἀπηγόρευσεν
921 3623 1199 3698 Οὐαλέριος
1256 3620 1365 3683 ἤδη
1441 3629 1529 3676 καὶ
1604 3622 1754 3677 ούδέν

188 3704 312 3778 εἶχεν,
364 3712 388 3763 ὁ
444 3715 711 3784 ἓπαγάγοι
769 3721 877 3774 τοῖς
925 3713 1094 3784 ἁγίοις
1142 3713 1214 3774 εἰς
1257 3718 1531 3786 τιμωρίαν,
1577 3719 1754 3786 καιρόν

188 3793 329 3851 ἐδίδου
372 3810 477 3864 τοῖς
526 3801 777 3874 μώλωψι,
824 3802 1150 3875 λογιζόμενος
1190 3806 1333 3872 ἴσως,
1374 3806 1437 3864 ὡς
1484 3807 1529 3855 εἶ
1564 3823 1623 3875 γε
1666 3809 1755 3855 καὶ

186 3892 333 3959 μικρὸν
411 3892 572 3950 οῦτως
650 3892 866 3942 ἀνεθείεν
938 3892 985 3942 οἱ
1068 3893 1348 3965 μάρτυρες,
1415 3888 1754 3966 δριμυτέραις

186 3975 333 4036 αύτούς
368 3981 414 4031 οἰ
454 3979 711 4050 μώλωπες
763 3978 1131 4053 περιϐαλοῦσιν
1184 3977 1394 4043 ὀδύναις
1443 3978 1550 4039 ἤδη
1602 3982 1753 4054 φλεγ-

185 4069 395 4131 μὲναντες
439 4075 531 4120 καὶ
581 4069 720 4121 οὕτω
763 4074 1108 4145 χαυνοτέρους
1155 4074 1280 4142 πρὸς
1327 4073 1421 4133 τὰς
1467 4071 1753 4143 μελλούσας

184 4152 400 4219 ἐξετάσεις
451 4158 790 4231 παρέξονται.
842 4158 975 4211 ’Δλλ’
1028 4159 1171 4211 οὗτοι
1223 4162 1309 4212 τὸν
1365 4160 1538 4234 ἰατρόν
1596 4162 1752 4232 ἐγγὺς

184 4241 373 4311 ἔχοντες.
413 4244 485 4298 δι’
536 4248 595 4299 ὃν
645 4252 735 4299 καὶ
783 4250 876 4308 τὰς
926 4247 1130 4319 πληγὰς
1176 4244 1342 4310 ἡδέως
1388 4246 1658 4321 ἐδέχοντο,
1692 4250 1749 4302 ού

181 4338 259 4379 τῶν
296 4328 481 4386 ὀδυνῶν
531 4340 717 4407 μόνον,
768 4334 897 4387 ἀλλὰ
943 4341 1034 4389 καὶ
1080 4346 1180 4389 τῶν
1224 4340 1536 4413 τραυμάτων
1567 4338 1753 4400 αύταῖς

184 4417 325 4481 vim;
362 4422 769 4489 ἀπηλλάττοντο,
803 4421 1139 4497 μηδειὶχνος
1184 4445 1233 4478 τι
1277 4430 1468 4479 τούτων
1517 4426 1595 4499 ἐφ’
1636 4428 1751 4480 ίαυ-

182 4514 260 4557 τῶν
311 4518 677 4587 περιφέροντες,
738 4516 872 4566 ὥστε
946 4513 1184 4567 ἐλάνθανε
1261 4515 1497 4573 πλήττων
1571 4517 1750 4571 ἑαυτὸν

186 4596 442 4669 Οὐαλέριος,
497 4602 558 4654 ού
617 4606 735 4662 τοὺς
786 4605 1076 4674 μάρτυρας,
1123 4605 1230 4674 ὅσῳ
1278 4607 1376 4677 γὰρ
1421 4604 1751 4678 ἐκουφίζοντο

184 4688 261 4732 τῶν
300 4690 457 4737 πόνων
504 4686 719 4752 ἐκεῖθεν,
751 4692 987 4760 τοσούτῳ
1014 4694 1107 4746 τήν
1155 4688 1383 4757 καρδίαν
1433 4691 1585 4752 αὐτὸς
1616 4691 1751 4763 ἐμα-

187 4772 375 4835 στίζετο,
404 4780 493 4827 καὶ
522 4778 690 4846 θυμὸς
718 4776 873 4828 αύτόν
903 4777 996 4829 ἶσα
1019 4783 1109 4830 καὶ
1136 4783 1259 4853 πυρὶ
1292 4785 1606 4852 κατεπίπρα.

238 4860 315 4914 IE.
352 4868 533 4937 Βραχύ
565 4868 623 4915 τὸ
672 4866 865 4936 μεταξύ
913 4872 1003 4919 καὶ
1051 4868 1204 4919 πάλιν
1247 4870 1272 4920 ὁ
1320 4872 1410 4941 μὲν
1442 4869 1515 4941 ἐφ’
1546 4869 1750 4940 ὑψηλοῦ

186 4952 470 5013 προκάθηται
511 4951 773 5024 βήματος,
811 4959 1014 5026 φονικὸν
1054 4976 1106 5009 τε
1149 4962 1238 5010 καὶ
1281 4962 1493 5030 μανικόν
1527 4956 1747 5030 βλέπων,

189 5040 255 5086 ut
293 5034 377 5090 διὰ
417 5049 506 5092 τοῦ
562 5050 661 5103 τῆς
707 5042 894 5113 ψυχῆς
937 5050 1251 5120 κατόπτρου,
1302 5055 1402 5098 τῶν
1455 5046 1745 5119 ὀφθαλμῶν,

191 5127 260 5179 τὴν
301 5126 434 5180 ἔνδον
498 5132 798 5204 ὑποφαίνων
863 5139 1096 5207 πικρίαν,
1147 5140 1230 5187 καὶ
1304 5132 1428 5188 οὐδε
1500 5141 1752 5209 προσιτός

194 5218 270 5271 ταῖς
316 5217 534 5271 πλείοσιν
592 5225 659 5271 ῶν
692 5239 705 5251 ·
763 5226 1098 5295 περιίσταται
1157 5221 1215 5277 δέ
1267 5224 1423 5276 αὐτόν
1475 5232 1574 5277 πᾶν
1632 5228 1750 5278 ὅσον

196 5298 456 5373 ᾖπηρετικόν
516 5306 634 5380 εἶχε
685 5319 781 5372 τῆς
831 5316 1080 5386 σφετέρας
1126 5312 1462 5376 ἀλαζονείας·
1520 5315 1750 5386 εἰσάγον-

199 5403 261 5477 τξι
305 5389 355 5445 δε
409 5399 455 5449 οἱ
504 5395 793 5468 γεννάδαν
844 5400 1035 5472 μᾶλλον
1095 5399 1153 5454 δε
1201 5403 1397 5456 εἰσίασι
1450 5406 1746 5477 πρόθυμον

202 5473 298 5540 εἶπες
343 5482 398 5535 ἂν
444 5486 634 5549 αὐτοὺς
681 5488 754 5551 εἰς
805 5492 1054 5561 εὐωχίαν,
1098 5491 1193 5543 οὐκ
1237 5492 1309 5553 εἰς
1362 5490 1535 5563 ἀγῶνα
1584 5494 1750 5547 καλεῖ-

206 5566 333 5618 σθαι·
368 5580 452 5627 καὶ
502 5578 529 5628 ό
725 5579 1074 5645 καταπλήξειν
1126 5580 1315 5645 αὐτούς
1362 5587 1451 5637 καὶ
1500 5586 1598 5660 1:96
1650 5593 1749 5639 τῶν

1878 1833 2044 1885 tanta
2074 1833 2160 1884 est
2189 1828 2400 1885 virtute
2433 1830 2708 1900 praeditus
2733 1831 2762 1886 ’ἲ
2794 1832 2907 1887 Sed
2929 1837 2985 1887 et
3012 1833 3059 1887 si
3078 1848 3288 1888 omnes
3313 1849 3543 1905 nequa-

1876 1934 2062 1991 quam
2080 1918 2324 1989 quidem
2345 1923 2496 1972 certe
2520 1918 2830 1983 Valerium,
2858 1921 2981 1976 imo
2999 1936 3137 1977 eum
3164 1922 3343 1977 etiam
3368 1938 3429 1977 se
3451 1922 3536 1993 ip-

1877 2022 1985 2078 pso
2014 2005 2279 2061 fecerunt
2304 2006 2478 2075 longe
2500 2008 2831 2073 suaviorem,
2861 2008 3108 2081 perinde
3127 2026 3196 2065 ac
3216 2012 3261 2065 si
3284 2010 3539 2067 delecta-

1872 2100 2033 2151 retur
2062 2111 2279 2159 errore,
2312 2100 2367 2149 et
2395 2111 2782 2169 nequaquam
2830 2099 3142 2155 sustineret
3187 2100 3403 2172 aperiri
3436 2115 3539 2155 ve-

1872 2183 2130 2241 ritatem.
2156 2183 2319 2239 Unde
2340 2182 2519 2240 etiam
2548 2201 2685 2241 cum
2708 2186 2839 2257 ejus
2862 2192 3184 2259 martyrem
3218 2187 3537 2244 sublimem

1876 2290 2059 2345 supra
2086 2273 2317 2344 lignum
2348 2275 2701 2342 sustulisset,
2725 2276 3002 2333 verberat
3023 2277 3427 2343 acerbissime,
3454 2282 3536 2334 ta-

1873 2362 1959 2420 les
2001 2365 2051 2420 ei
2082 2366 2340 2422 reddens
2369 2366 2878 2423 remunerationes
2910 2382 3017 2438 pro
3054 2366 3370 2433 beneﬁcio,
3413 2382 3536 2440 quo

1874 2452 2004 2523 ejus
2029 2453 2315 2512 affecerat
2353 2472 2740 2512 assessorem.

1940 2545 2076 2601 XIV.
2112 2547 2178 2599 Et
2206 2544 2454 2615 ﬂagellis
2514 2545 2759 2617 quidem
2818 2545 3160 2601 credebatur
3209 2545 3526 2618 pulchrum

1870 2631 2013 2688 illud
2027 2650 2264 2705 corpus:
2284 2634 2571 2706 Papylum
2585 2639 2784 2690 autem
2808 2649 2927 2689 non
2941 2634 3055 2690 hoc
3075 2635 3228 2690 male
3241 2635 3526 2704 habebat,

1873 2721 1979 2776 sed
1995 2723 2157 2793 quod
2177 2739 2297 2778 non
2320 2724 2594 2789 graviora
2614 2722 3020 2792 inﬂigerentur
3040 2728 3347 2788 tormenta,
3372 2739 3527 2794 aegre

1871 2810 2128 2866 ferebat:
2158 2812 2466 2882 quomodo
2487 2818 2696 2866 contra
2710 2810 2990 2875 Valerius,
3015 2811 3170 2866 victa
3189 2812 3394 2866 videns
3416 2829 3524 2869 sua

1870 2903 2165 2955 tormenta
2196 2916 2230 2955 a
2245 2900 2522 2972 martyris
2541 2900 2726 2956 animi
2751 2900 3182 2969 magnitudine,
3198 2900 3440 2957 dolebat
3468 2906 3528 2958 et

1869 2989 2081 3045 acerbe
2135 2990 2441 3046 tolerabat.
2499 2990 2727 3060 Adjecit
2776 2989 2975 3062 itaque
3028 2991 3205 3046 etiam
3262 2990 3431 3057 alia;
3471 2997 3528 3046 et

1869 3078 2071 3149 ignem
2102 3080 2372 3135 accendit
2402 3080 2531 3150 ejus
2563 3079 2865 3145 lateribus,
2900 3087 2953 3134 et
2976 3080 3147 3150 jubet
3166 3095 3305 3136 eum
3324 3080 3526 3153 appeti

1866 3167 2188 3239 lapidibus.
2226 3168 2339 3224 Sed
2369 3184 2479 3223 nec
2505 3170 2791 3224 adversus
2823 3168 3022 3237 ignem
3064 3185 3125 3225 se
3157 3171 3337 3238 gessit
3366 3185 3524 3224 mar-

1867 3261 1961 3329 tyr
1990 3256 2205 3325 ignave
2236 3274 2252 3310 :
2285 3262 2340 3312 et
2369 3256 2601 3329 lapides
2624 3257 2800 3312 veluti
2827 3258 3057 3313 reveriti
3094 3273 3333 3329 corpus,
3357 3258 3524 3330 quod

1867 3344 1953 3400 sic
1983 3362 2090 3417 pro
2120 3345 2348 3401 Christo
2382 3346 2787 3418 torquebatur,
2817 3347 2935 3402 alio
2949 3348 3191 3420 quidem
3221 3347 3524 3417 jacieban-

1866 3440 1979 3501 tur,
2014 3451 2400 3508 nequaquam
2432 3440 2632 3491 autem
2661 3436 2721 3490 in
2753 3436 2951 3507 ipsum
2981 3436 3343 3492 ferebantur.
3375 3439 3522 3493 Cum

1866 3540 2007 3594 ergo
2033 3525 2159 3595 jam
2191 3525 2462 3580 defessus
2492 3529 2650 3581 esset
2677 3525 3087 3592 Valerius,nec
3103 3527 3230 3597 jam
3253 3527 3521 3593 haberet,

1864 3615 2031 3686 quod
2060 3614 2279 3669 sanctis
2306 3613 2542 3669 inferret
2573 3614 2652 3669 ad
2675 3615 3057 3686 supplicium,
3076 3616 3259 3672 dabat
3282 3621 3522 3688 tempus

1863 3703 2176 3768 vibicibus,
2200 3708 2485 3775 reputans
2508 3704 2781 3770 fortasse,
2798 3703 2964 3776 quod
2988 3706 3035 3760 si
3055 3722 3266 3777 parum
3288 3706 3523 3761 dimissi

1866 3792 1947 3847 sic
1988 3791 2205 3847 fuerint
2246 3797 2557 3864 martyres,
2600 3791 2956 3848 inﬂammati
2983 3793 3109 3863 jam
3152 3793 3375 3849 vibices
3414 3810 3518 3849 eos

1865 3880 2243 3951 gravioribus
2295 3880 2598 3936 efﬁcerent
2640 3880 2970 3947 doloribus,
3004 3888 3059 3936 et
3085 3883 3166 3937 sic
3205 3882 3521 3938 redderent

1864 3968 2166 4025 molliores
2224 3969 2299 4025 ad
2347 3968 2607 4025 futuram
2661 3970 3077 4041 quaestionem.
3122 3970 3233 4026 Sed
3281 3971 3320 4025 ii
3378 3986 3519 4028 cum

1862 4074 2048 4131 prope
2076 4058 2365 4114 haberent
2398 4058 2708 4127 Medicum,
2733 4063 2975 4131 propter
3000 4075 3180 4132 quem
3211 4059 3423 4131 plagas
3453 4060 3517 4115 li-

1861 4147 2071 4203 benter
2120 4146 2517 4218 accipiebant,
2555 4163 2676 4203 non
2710 4148 2907 4203 solum
2940 4164 2976 4203 a
3021 4147 3353 4213 doloribus,
3411 4148 3517 4204 sed

1863 4236 2039 4293 etiam
2070 4252 2107 4292 a
2128 4235 2468 4292 vulneribus
2498 4236 2727 4293 liberati
2758 4244 2895 4293 sunt
2919 4236 3101 4293 simul
3133 4254 3267 4294 cum
3292 4238 3519 4295 cicatri-

1863 4324 2052 4391 cibus,
2082 4341 2155 4381 ne
2185 4325 2371 4381 ullum
2401 4325 2724 4397 quidemin
2753 4342 2815 4381 se
2835 4342 3045 4383 eorum
3067 4327 3321 4383 ferentes
3345 4328 3518 4383 vesti-

1863 4415 2048 4484 gium.
2083 4413 2551 4484 Quareseipsum
2594 4413 2947 4486 imprudens
2964 4415 3209 4472 feriebat
3227 4415 3512 4483 Valerius,

1862 4518 1985 4558 non
2024 4510 2333 4574 martyres.
2368 4504 2495 4568 Quo
2526 4502 2685 4558 enim
2725 4503 2803 4558 illi
2831 4506 3024 4574 magis
3056 4504 3403 4560 levabantur
3430 4505 3516 4561 la-

1860 4592 2125 4658 boribus,
2159 4608 2229 4647 eo
2258 4592 2452 4662 magis
2485 4608 2586 4648 cor
2617 4593 2745 4663 ejus
2775 4594 3386 4666 caedebaturziraque,
3420 4608 3516 4666 pe-

1860 4681 2031 4737 rinde
2080 4696 2150 4737 ac
2188 4681 2361 4752 ignis,
2423 4697 2560 4736 eum
2592 4681 2978 4738 accendebat.

1932 4871 2037 4925 XV.
2073 4871 2252 4924 Breve
2283 4874 2519 4940 tempus
2555 4869 2906 4934 intercessit,
2939 4873 2996 4926 et
3022 4885 3231 4925 rursus
3262 4870 3358 4927 ille
3387 4872 3515 4944 qui-

1861 4959 1999 5015 dem
2032 4957 2313 5031 praasidet
2335 4958 2395 5013 in
2418 4958 2650 5015 excelso
2681 4959 2983 5028 tribunali,
3012 4964 3181 5016 torvo
3203 4966 3257 5016 et
3288 4961 3513 5017 caedem

1863 5048 2127 5120 spirante
2156 5060 2399 5119 aspectu
2425 5047 2681 5113 intuens,
2711 5054 2766 5105 et
2795 5064 2900 5119 per
2927 5049 3143 5103 animas
3174 5049 3512 5120 speculum,

1860 5137 2085 5203 oculos,
2118 5137 2416 5193 internam
2455 5138 2776 5193 ostendens
2833 5138 3232 5205 acerbitatem,
3289 5143 3344 5193 et
3404 5153 3513 5195 nec

1860 5226 2133 5299 pluribus
2146 5227 2389 5299 quidem
2407 5228 2496 5282 sui
2511 5228 2787 5299 praebens
2801 5226 3061 5283 adeundi
3081 5229 3337 5299 copiam:
3357 5226 3511 5283 illum

1860 5321 2062 5371 autem
2097 5321 2328 5372 tantum
2359 5316 2787 5385 cirumsistunt,
2824 5316 3170 5387 quicunque
3201 5320 3371 5373 erant
3399 5318 3515 5374 mi-

1858 5403 2029 5460 nistri
2079 5404 2208 5476 ejus
2235 5407 2609 5477 arrogantiae.
2654 5405 3117 5462 lntroducuntur
3146 5410 3349 5462 autem
3400 5407 3512 5464 viri

1857 5493 2149 5566 praclari,
2174 5493 2266 5550 vel
2289 5494 2487 5567 potius
2507 5494 2922 5567 ingrediuntur
2942 5499 3224 5569 prompto
3245 5500 3302 5553 et
3326 5496 3511 5555 alacri

1858 5583 2081 5642 animo.
2117 5585 2348 5642 Diceres
2377 5600 2481 5643 eos
2512 5586 2711 5642 vocari
2742 5587 2822 5645 ad
2846 5585 3210 5656 convivium,
3243 5601 3367 5644 non
3407 5602 3511 5644 au-
