4078 6222
470 319 573 376 123

1862 316 2116 373 MENSIS
2156 316 2457 378 APRILIS.

3738 327 3838 382 124

470 450 587 503 tem
621 444 697 501 ad
716 446 1036 500 certamen.
1062 445 1125 499 Et
1142 442 1234 499 ille
1250 443 1494 516 quidem
1514 443 1847 510 videbatur,
1869 440 1965 498 vel
1990 445 2127 496 ante

2256 443 2457 497 ιπειλῶν
2501 444 2670 501 ἐδόκει
2706 453 2834 522 μόνῃ
2884 458 2944 522 τῇ
2982 452 3088 523 θέᾳ,
3122 454 3208 502 καὶ
3267 450 3441 522 ἠρώτα
3487 459 3579 511 τῆς
3624 456 3831 522 γνώμης

471 536 687 601 minas,
723 550 823 589 eos
855 548 984 588 esse
1020 534 1324 588 territurus
1354 533 1486 605 ipso
1505 533 1633 589 solo
1662 538 1940 604 aspectu:
1963 536 2017 586 et
2044 532 2127 585 in-

471 623 829 693 terrogabat,
852 622 1155 677 sententias
1175 629 1505 694 martyrum
1524 623 1744 678 faciens
1769 620 2118 692 periculum:

471 718 527 768 et
561 712 782 766 visione
810 710 1300 782 apprehendebat
1315 727 1522 766 eorum
1546 712 1956 767 mutationem.
1980 712 2126 765 Tan-

472 806 597 857 tum
628 815 767 854 vero
799 800 1025 867 aberat,
1065 804 1125 854 ut
1154 799 1232 855 illi
1265 801 1341 855 ita
1376 806 1573 856 essent
1598 800 1813 865 aﬂ‘ecti,
1846 804 1907 854 ut
1946 799 2124 854 etiam

472 890 523 945 ei
554 888 985 959 exprobrarent
1014 890 1349 945 tarditatem
1383 890 1443 944 in
1472 890 1715 945 ferenda
1736 889 2045 952 sententia,
2071 891 2127 942 et

471 977 636 1049 quod
675 993 796 1032 non
838 977 951 1033 cito
993 984 1380 1047 morerentur,
1424 978 1597 1035 valde
1637 994 1792 1047 aegre
1846 978 2065 1033 ferrent
2107 992 2119 1030 :

472 1068 602 1133 Cur,
633 1066 919 1131 dicentes,
940 1072 995 1123 et
1016 1068 1135 1135 tibi,
1158 1074 1213 1122 et
1234 1066 1471 1122 famulis
1491 1068 1732 1122 exhibes
1765 1066 2122 1130 molestiam,

470 1171 581 1211 nos
619 1156 863 1227 quidem
892 1172 1048 1228 saepe
1067 1156 1394 1221 adducens,
1420 1162 1737 1227 postremae
1755 1160 1955 1211 autem
1974 1170 2125 1209 sem-

470 1260 575 1317 per
613 1260 864 1316 parcens
905 1245 1229 1310 sententiae,
1296 1262 1546 1317 sperans
1589 1244 1836 1300 fortasse
1876 1242 2020 1307 fore,
2064 1247 2127 1298 ut

470 1351 582 1390 nos
621 1335 923 1406 pmniteat,
958 1340 1013 1391 et
1051 1335 1435 1407 persuadeas,
1470 1339 1529 1391 ut
1560 1352 1593 1390 a
1622 1334 1849 1391 Christo
1879 1332 2122 1388 deiicia-

472 1440 609 1479 mus
664 1428 718 1479 et
760 1424 1050 1479 veritate?
1093 1424 1263 1489 Quod
1316 1424 1560 1496 quidem
1614 1428 1755 1480 tunc
1799 1422 2120 1494 aspexeris,

473 1528 610 1567 cum
664 1512 881 1567 videris
912 1529 1021 1567 nos
1061 1529 1229 1585 aeque
1260 1530 1330 1569 ac
1359 1513 1503 1568 deos
1540 1518 1691 1579 tuos,
1724 1511 1888 1568 nullo
1946 1526 2124 1566 sensu

471 1601 752 1674 praeditos
782 1608 838 1657 et
868 1602 1101 1657 surdos.
1137 1605 1268 1657 Haec
1324 1619 1460 1657 cum
1495 1604 1757 1673 primum
1810 1601 2121 1665 dixissent,

474 1691 731 1745 murices
761 1691 1005 1761 quidem
1057 1691 1230 1745 ferrei
1286 1690 1869 1762 dispergebanturin
1924 1695 2070 1744 terra
2112 1705 2124 1743 :

2238 535 2646 611 ἀποπειρώμενος
2709 549 2806 591 τῶν
2864 540 3022 611 ἁγίων
3088 546 3175 593 καὶ
3254 539 3540 613 μεταϐολὴν
3623 540 3838 611 ἐφαντά-

2238 628 2352 683 ςετο
2376 640 2390 654 ⁸
2424 630 2471 678 οἱ
2504 624 2562 679 δε
2600 638 2845 680 τοσοῦτον
2890 629 3125 700 ἀπέσχον
3154 637 3245 681 τοῦ
3294 650 3343 681 τι
3369 638 3597 681 τοιουτον
3628 632 3831 693 παθεῖν,

2234 720 2367 766 ὥστε
2424 720 2509 767 καὶ
2565 715 2833 778 ὠνείδιζον
2891 719 3030 789 αὐτῷ
3097 723 3189 777 τήν
3251 724 3367 791 περὶ
3426 723 3517 777 τὴν
3574 719 3837 790 ἀπόφασιν

2237 800 2572 876 βραδυτῆτα,
2604 813 2694 859 καὶ
2725 808 2806 859 ὅτι
2858 812 2928 879 μή
2978 812 3183 880 ταχέως
3227 807 3550 865 ἀπέθνησκον
3600 806 3837 869 ἐπιεικῶς

2234 890 2629 968 έδυσχέραινον.
2689 901 2752 948 Τί
2817 900 3121 968 πράγματα,
3176 897 3419 968 λέγοντες,
3497 900 3586 948 καὶ
3659 905 3835 966 σαυτῷ

2234 987 2320 1034 καὶ
2378 991 2483 1045 τοῖς
2550 986 2827 1059 ὑπηρέταις
2880 991 3148 1061 παρέχεις,
3205 984 3501 1057 ἀγωγίμους
3553 989 3641 1057 μὲν
3695 987 3837 1057 ἡμᾶς

2233 1072 2480 1133 πολλάκις
2508 1083 2687 1145 ποιῶν,
2720 1084 2812 1137 τῆς
2860 1071 2919 1128 δε
2957 1075 3251 1135 τελευταίας
3289 1074 3466 1147 ψήφου
3514 1070 3833 1146 φειδόμενος,

2234 1159 2453 1224 ἐλπίζων
2502 1164 2646 1234 τάχα
2693 1162 2995 1235 μεταϐαλεῖν
3045 1165 3183 1236 ἡμᾶς
3235 1167 3323 1215 καὶ
3364 1170 3544 1215 πεῖσαι
3601 1162 3833 1220 ἀποστῆ-

2233 1271 2315 1302 ναι
2390 1259 2619 1325 Χριστοῦ
2689 1258 2778 1306 καὶ
2829 1261 2925 1315 τῆς
2997 1251 3274 1319 ἀληθείας;
3324 1251 3486 1327 Ὀπερ

2235 1341 2450 1405 ἐθεάσω,
2483 1342 2565 1393 ὅτε
2609 1342 2800 1412 ὁμοίως
2830 1349 2939 1404 τοῖς
2979 1350 3087 1402 σοῖς
3133 1344 3266 1403 θεοῖς
3315 1340 3665 1401 ἀναισθήτους
3702 1342 3838 1412 ἡμᾶς

3572 1256 3686 1303 τότε
3777 1250 3838 1301 ἆν

2235 1428 2466 1501 ἑώρακας
2512 1436 2601 1482 καὶ
2648 1434 2864 1503 κωφούς.
2915 1438 3093 1483 Ταῦτα
3140 1432 3234 1483 οὐκ
3290 1432 3520 1502 ἔφθασαν
3574 1430 3644 1490 εἰς
3702 1429 3840 1489 τέλος

2235 1518 2411 1584 εἰπεῖν,
2468 1524 2557 1571 καὶ
2609 1516 2827 1593 σιδηροῖ
2870 1523 2958 1590 μὲν
3006 1522 3141 1572 κατά
3186 1528 3284 1591 γῆς
3330 1520 3627 1593 ἐσπείροντο
3671 1516 3842 1593 τρίϐο-

2234 1607 2313 1660 λοι
2342 1628 2354 1640 ο
2388 1609 2719 1669 ἠκοντίζοντο
2772 1606 2831 1662 δὲ
2878 1609 2992 1661 κατ’
3049 1609 3216 1661 αὐτῶν
3261 1610 3309 1660 οἱ
3364 1616 3589 1679 γενναῖοι
3652 1612 3842 1679 γυμνοὶ

2235 1702 2324 1749 καὶ
2371 1697 2545 1750 ὕπτιοι
2594 1697 2762 1751 ἐπάνω
2808 1701 3002 1751 τούτων
3052 1695 3274 1770 ἀφειδῶς
3327 1696 3570 1761 εῖλκοντο,
3620 1703 3843 1771 πρᾶγμα

475 1779 744 1851 praeclari
767 1784 967 1834 autem
1000 1780 1107 1834 viri
1134 1781 1192 1833 in
1221 1796 1323 1835 eos
1356 1780 1501 1833 nudi
1529 1779 1924 1850 jaciebantur,
1960 1784 2125 1832 etsu-

2256 1792 2543 1856 πικρότατον
2602 1788 2671 1849 εἰς
2724 1792 2976 1860 τιμωρίαν
3041 1792 3129 1839 καὶ
3186 1792 3337 1859 μόνον
3415 1786 3483 1848 εἰς
3544 1785 3844 1857 ὀφθαλμοὺς

474 1867 599 1939 pini
630 1884 809 1940 super
838 1884 939 1923 eos
971 1868 1356 1925 trahebantur
1384 1869 1696 1924 crudeliter
1728 1884 1741 1921 :
1776 1884 1870 1923 res
1898 1867 1972 1921 ad
1998 1882 2128 1921 cru-

475 1958 695 2013 ciatum
726 1958 1133 2027 acerbissima,
1162 1975 1299 2014 cum
1326 1958 1416 2013 vel
1442 1959 1636 2014 solum
1663 1958 1974 2029 subjicitur
1994 1972 2129 2012 ocu-

476 2048 565 2102 lis.
594 2047 707 2103 Sed
736 2064 843 2102 nec
869 2049 929 2102 in
960 2048 1074 2103 hoc
1104 2049 1349 2120 quidem
1408 2048 1551 2103 deos
1582 2065 1722 2102 suos
1755 2046 2010 2117 neglexit
2051 2045 2135 2101 fa-

475 2136 700 2191 mulos:
724 2136 828 2190 sed
860 2137 1061 2191 statim
1094 2138 1349 2207 (oportet
1377 2138 1534 2191 enim
1570 2153 1775 2191 rursus
1797 2136 2025 2208 aliquid
2052 2134 2137 2189 di-

477 2240 607 2279 cere
634 2241 705 2279 ex
736 2224 936 2279 divina
970 2225 1291 2296 Scriptura)
1329 2226 1593 2281 ascendit
1633 2225 1930 2296 inspirans
1962 2226 2022 2280 in
2052 2224 2136 2279 fa-

478 2313 629 2368 ciem
660 2328 889 2377 eorum,
923 2317 979 2368 et
1008 2329 1110 2368 eos
1140 2312 1399 2369 liberans
1417 2329 1489 2368 ex
1507 2312 1843 2370 afﬂictione.
1878 2314 2135 2385 Etproti-

476 2418 594 2458 nus
649 2409 1019 2457 evanuerunt
1070 2402 1349 2467 murices,
1383 2409 1441 2459 et
1483 2404 1814 2459 conservati
1846 2410 1982 2458 sunt
2024 2403 2137 2475 ipsi

477 2491 647 2547 illaisi
678 2507 712 2546 a
744 2490 936 2546 malis.
968 2493 1087 2546 Hoc
1115 2494 1293 2563 plane
1319 2492 1585 2563 judicem
1603 2492 1963 2548 accenditad
1983 2492 2138 2547 furo-

478 2597 605 2637 rem
641 2597 651 2633 :
677 2586 733 2636 et
762 2580 1068 2636 novacula;
1093 2582 1241 2637 adeo
1263 2582 1577 2638 crudeliter
1609 2583 2137 2655 martyrumlatera

478 2669 811 2734 laniabant,
833 2675 893 2725 ut
925 2675 1240 2742 utrumque
1265 2687 1373 2742 par
1400 2688 1609 2727 rursus
1631 2673 2009 2741 egrederetur
2038 2688 2142 2727 na-

483 2759 698 2816 turales
722 2758 959 2823 limites,
979 2775 1196 2832 nempe
1217 2760 1517 2818 etlictores
1537 2762 1594 2817 in
1621 2761 1925 2833 puniendo
1949 2761 2144 2817 immi-

482 2848 868 2914 sericorditer,
904 2856 960 2906 et
991 2851 1181 2905 sancti
1212 2850 1273 2905 in
1296 2850 1427 2906 forti
1446 2852 1649 2907 animo
1679 2850 1999 2907 tolerandis
2022 2867 2143 2908 mo-

483 2939 682 2994 lestiis.

555 3028 696 3081 XVI.
730 3031 866 3083 Post
896 3029 1025 3083 haec
1079 3044 1284 3082 rursus
1315 3034 1640 3098 congregat
1687 3029 1908 3084 bestias
1936 3028 2148 3083 crude-

2237 1877 2514 1950 ἐρχόμενον
2548 1894 2559 1905 ·
2624 1876 2728 1928 ἀλλ’
2785 1873 2899 1928 οὐδ’
2966 1876 3013 1928 ἐν
3067 1880 3230 1948 τούτῳ
3287 1878 3417 1937 Θεὸς
3484 1884 3582 1926 τῶν
3640 1874 3841 1927 οἰκείων

2238 1967 2413 2040 ήμελει
2474 1969 2814 2040 θεραπευτῶν,
2871 1965 2978 2016 ἀλλ’
3031 1965 3214 2027 εὐθέως
3264 1961 3373 2037 (δεῖ
3416 1968 3515 2039 γὰρ
3549 1968 3637 2015 καὶ
3693 1959 3843 2023 αὖθις

2240 2060 2296 2108 τό
2354 2064 2446 2117 τῆς
2503 2058 2636 2116 θείας
2686 2056 2839 2127 φάναι
2896 2057 3124 2126 Γραφῆς)
3184 2052 3335 2111 ἀνέϐη
3396 2055 3421 2105 ὁ
3476 2052 3713 2125 ἐμφυσῶν
3775 2052 3843 2113 εἰς

2240 2150 2517 2217 πρόσωπον
2584 2144 2749 2195 αὐτῶν
2811 2149 2898 2196 καὶ
2964 2142 3321 2217 ἐξαιρούμενος
3387 2141 3575 2203 αὐτοὺς
3629 2140 3683 2192 έκ
3736 2140 3843 2193 θλί-

2242 2234 2414 2305 ψεως·
2449 2238 2538 2285 καὶ
2585 2241 2919 2306 παραχρῆμα
2960 2235 3008 2284 οἱ
3054 2230 3286 2307 τρίϐολοι
3335 2231 3536 2303 ἀφανεῖς
3586 2226 3719 2289 ἦσαν
3753 2234 3846 2282 καὶ

2246 2324 2393 2376 αὐτοὶ
2474 2331 2643 2376 κακῶν
2718 2324 2934 2383 ἀπαθεῖς
3015 2320 3408 2393 ἐφυλάχθησαν.
3467 2327 3630 2373 Τοῦτο
3714 2323 3847 2391 πρὸς

2250 2414 2453 2466 πλείονα
2504 2417 2689 2485 μανίαν
2737 2410 2921 2474 ἐξῆπτε
2971 2414 3054 2462 τόν
3114 2406 3395 2478 δικαστήν,
3450 2414 3538 2461 καὶ
3591 2409 3849 2483 ξυστῆρες

2246 2503 2398 2556 πάλιν
2442 2506 2530 2563 τὰς
2573 2501 2794 2575 πλευρὰς
2833 2500 3040 2562 ὑπέξεον
3075 2508 3173 2551 τῶν
3205 2499 3385 2570 ἁγίων,
3420 2498 3583 2559 οὕτως
3629 2497 3847 2572 ἀγρίως,

2248 2596 2311 2654 ὡς
2344 2592 2663 2666 ἀμφοτέρους
2692 2587 2837 2650 αὖθις
2868 2588 2962 2652 ἔξω
3006 2598 3102 2641 τῶν
3148 2596 3378 2659 φυσικῶν
3409 2590 3539 2660 ὅρων
3583 2588 3842 2658 γενέσθαι,

2247 2686 2336 2733 καὶ
2366 2684 2484 2741 τοὺς
2515 2676 2739 2749 δημίους
2771 2680 2818 2729 ἓν
2846 2685 2919 2746 τῷ
2967 2675 3202 2737 κολάζειν
3248 2674 3571 2748 ἀσυμπαθῶς
3609 2678 3698 2727 καὶ
3727 2678 3851 2736 τοὺς

2250 2771 2431 2843 ἁγίους
2463 2769 2510 2822 ἐν
2535 2778 2604 2840 τῷ
2635 2772 2798 2843 φέρειν
2829 2765 3076 2838 εὐψύχως
3106 2768 3169 2818 τά
3193 2765 3419 2836 λυπηρά.

2327 3017 2424 3082 Ις·’.
2494 3020 2637 3070 Μετὰ
2689 3024 2853 3069 ταῦτα
2906 3014 3056 3066 πάλιν
3106 3018 3169 3067 τὰ
3220 3022 3320 3067 τῶν
3372 3015 3563 3086 θηρίων
3612 3012 3860 3084 ὠμότατα

484 3114 763 3179 lissimas,
798 3121 854 3170 et
889 3117 1107 3171 sanctis
1142 3117 1435 3172 theatrum
1471 3118 1791 3183 constituit,
1819 3124 1874 3171 et
1900 3116 2025 3188 ipse
2056 3133 2142 3171 se-

2259 3106 2611 3181 συναθροίζει,
2666 3108 2874 3178 θέατρόν
2932 3122 2986 3155 τε
3036 3108 3318 3162 συνίστησι
3373 3110 3483 3163 τοῖς
3527 3101 3713 3173 ἁγίοις,
3768 3105 3862 3153 καὶ

485 3204 585 3259 det
623 3209 939 3275 spectator.
976 3208 1202 3261 Etcum
1234 3207 1292 3260 in
1328 3206 1593 3261 medium
1621 3206 1965 3261 adduxisset
1992 3221 2147 3262 mar-

486 3296 668 3364 tyres,
702 3293 762 3347 in
794 3309 895 3348 eos
926 3294 1187 3349 immittit
1221 3310 1425 3349 ursam
1458 3311 1470 3349 :
1501 3300 1556 3350 et
1583 3311 1720 3349 cum
1750 3298 2037 3366 putasset,
2068 3294 2146 3348 si-

486 3382 611 3436 mul
629 3387 807 3454 atque
828 3382 1076 3439 fuissent
1102 3383 1509 3450 immissi,fore
1535 3388 1597 3438 ut
1621 3384 1884 3439 virorum
1908 3382 2151 3455 praecla-

484 3486 691 3526 rorum
748 3487 1001 3542 corpora
1032 3472 1411 3543 discerperet,
1448 3472 1589 3527 vidit
1619 3472 1817 3543 potius
1872 3478 2149 3526 naturam

488 3559 842 3616 animalium
857 3561 1117 3618 rationes
1131 3561 1458 3617 carentium
1471 3604 1485 3627 ,
1503 3561 1578 3616 ad
1588 3560 2153 3616 mirabiliterdocen-

490 3652 607 3703 tem
630 3648 1081 3719 intelligentiam
1103 3666 1207 3705 eos
1237 3651 1339 3722 qui
1373 3656 1510 3705 sunt
1536 3649 1853 3721 participes
1884 3648 2149 3705 rationis.

491 3740 639 3794 Ursa
669 3739 849 3805 enim,
882 3739 1062 3795 veluti
1095 3740 1342 3797 reverita
1364 3741 1667 3811 speciosos
1705 3755 1913 3794 eorum
1944 3738 2150 3811 pedes,

489 3834 544 3884 et
577 3844 786 3901 pacem
820 3846 956 3884 vere
988 3832 1436 3895 annuntiantes,
1469 3844 1587 3884 non
1624 3828 1816 3884 solum
1858 3827 2004 3883 nihil
2043 3843 2154 3884 no-

490 3918 678 3985 xium,
716 3934 824 3975 nec
855 3926 1087 3988 agreste
1123 3918 1279 3985 fecit,
1309 3935 1417 3974 nec
1452 3924 1513 3973 ut
1554 3917 1740 3973 semel
1771 3917 1989 3982 dicam,
2033 3916 2153 3972 bel-

491 4007 723 4063 luinum
762 4027 773 4061 :
808 4009 911 4063 sed
939 4008 1014 4063 ad
1047 4023 1256 4063 eorum
1286 4006 1468 4078 pedes
1500 4006 1771 4079 procidit,
1790 4006 2051 4062 etamice
2069 4010 2154 4061 est

493 4097 791 4169 amplexa.
828 4098 941 4151 Nec
992 4096 1105 4152 hoc
1150 4096 1395 4167 quidem
1455 4094 1689 4150 suffecit
1730 4095 2032 4166 insipienti
2076 4095 2151 4149 ad

494 4185 759 4241 dandam
784 4186 834 4240 ei
868 4185 1336 4255 intelligentiam.
1367 4185 1474 4240 Sed
1502 4188 1595 4239 leo
1617 4200 1860 4255 quoque
1884 4184 2155 4255 protinus

496 4274 869 4331 immittitur:
905 4273 1007 4346 qui
1040 4274 1166 4346 ipse
1206 4272 1472 4329 similiter
1502 4279 1679 4345 atque
1722 4288 1883 4341 ursa,
1936 4271 2155 4327 divinis

498 4363 820 4421 obediebat
877 4363 1142 4430 nutibus,
1172 4363 1239 4418 iis
1265 4363 1365 4435 qui
1407 4379 1514 4434 pro
1546 4362 1853 4417 communi
1900 4360 2156 4415 Domino

498 4454 702 4523 gravia
719 4451 1266 4522 patiebantur,nihil
1292 4452 1539 4507 omnino
1558 4450 1764 4506 volens
1786 4449 1927 4505 mali
1943 4450 2153 4508 facere.

498 4542 759 4599 Valerius
788 4549 1010 4606 autem,
1041 4548 1329 4613 tanquam
1364 4541 1491 4613 ipse
1520 4541 1784 4610 seipsum
1813 4554 2038 4594 conans
2062 4556 2157 4593 su-

497 4647 706 4705 perare
725 4632 782 4686 in
808 4631 1044 4697 scelere,
1066 4631 1125 4686 in
1150 4630 1348 4685 lacum
1372 4629 1697 4701 quemdam
1738 4644 1892 4684 nova
1921 4628 2082 4684 calce
2104 4627 2160 4683 et

498 4738 704 4779 recens
742 4720 1049 4788 exstincta,
1073 4719 1185 4786 vel,
1214 4724 1273 4775 ut
1302 4719 1515 4775 melius
1540 4718 1760 4783 dicam,
1794 4733 2047 4773 accensa
2072 4733 2159 4773 re-

500 4810 737 4875 fertum,
764 4810 935 4880 jubet
967 4814 1206 4864 sanctos
1236 4808 1496 4875 immitti,
1529 4812 1586 4862 et
1623 4808 1683 4862 in
1714 4823 1784 4862 eo
1806 4807 2016 4877 degere
2042 4812 2157 4862 tres

500 4904 656 4956 totos
681 4899 827 4969 dies,
862 4899 960 4954 tali
1002 4898 1184 4954 modo
1216 4896 1466 4952 invictos
1499 4896 1749 4952 moliens
1781 4895 2010 4952 vincere
2043 4896 2158 4950 im-

501 4991 659 5065 pius.
697 4988 809 5044 Sed
839 4987 1060 5043 frustra
1080 4986 1398 5043 laborabat
1417 4986 1707 5041 adversus
1735 5001 1936 5040 verum
1974 4988 2156 5040 Deum

502 5080 881 5152 depugnans.
914 5079 1063 5132 Nam
1099 5075 1304 5131 divina
1333 5073 1614 5147 quaedam
1646 5075 1858 5145 gratia,
1885 5080 1941 5131 et
1972 5074 2157 5129 virtus

506 5168 716 5226 Christi
743 5166 947 5223 aderat
971 5164 1354 5237 martyribus,
1376 5164 1479 5237 qui
1502 5170 1741 5237 propter
1762 5164 1962 5236 ipsum
1989 5168 2159 5219 erant

505 5258 566 5314 in
619 5258 777 5323 lacu,
806 5255 1096 5311 hebetans
1139 5253 1385 5326 quidem
1430 5252 1607 5309 calcis
1657 5254 2088 5326 operationem,
2123 5268 2159 5308 a

505 5347 667 5404 malo
697 5350 897 5403 autem
929 5343 1144 5401 illaasos
1176 5359 1421 5401 servans
1460 5341 1729 5399 athletas.

578 5523 740 5583 XVII.
767 5520 1031 5580 Valerius
1048 5526 1249 5580 autem
1270 5537 1391 5595 quo
1409 5522 1704 5592 maiorem
1733 5518 1987 5589 gratiam
2006 5518 2163 5575 vide-

511 5615 615 5673 bat
646 5628 933 5687 apparere
964 5612 1023 5669 in
1059 5613 1301 5679 sanctis,
1329 5626 1401 5669 eo
1430 5610 1625 5682 magis
1646 5608 1960 5667 iracundia
1984 5607 2165 5667 ferve-

2260 3198 2441 3256 θεατὴς
2486 3194 2639 3255 αὐτὸς
2688 3195 2915 3250 κάθηται
2943 3212 2955 3224 ’
3000 3192 3068 3253 εἰς
3113 3195 3269 3264 μέσον
3319 3210 3373 3243 τε
3428 3194 3545 3250 τοὺς
3591 3192 3865 3263 μάρτυρας

2261 3284 2491 3356 ἀγαγὼν,
2546 3285 2736 3357 ἄρκτον
2790 3282 2968 3343 αὐτοῖς
3019 3280 3272 3353 ἐπαφίησι
3324 3300 3413 3333 και
3469 3284 3686 3350 νομίσας
3729 3280 3863 3351 ὁμοῦ

2261 3394 2313 3427 τε
2380 3374 2627 3447 ἀφεθῆναι
2700 3378 2789 3424 καὶ
2837 3378 2952 3433 ,τοῖς
3014 3367 3285 3441 γεννάδαις
3360 3366 3725 3441 διασπαράξαι
3799 3371 3865 3420 τὰ

2264 3469 2501 3535 σώματα,
2537 3470 2635 3514 τῶν
2688 3460 2886 3532 ἀλόγων
2934 3460 3122 3531 μᾶλλον
3176 3460 3309 3533 ἐώρα
3345 3463 3438 3518 τήν
3489 3461 3644 3530 φύσιν
3691 3477 3864 3529 παρα-

3410 3550 3440 3606 ή
3501 3551 3599 3621 γὰρ
3652 3548 3861 3621 ἄρκτος,

2264 3644 2435 3715 ὥσπερ
2494 3638 2775 3712 αἰδουμένη
2848 3642 2967 3700 τοὺς
3043 3640 3267 3710 ὡραίους
3319 3637 3486 3689 αὐτῶν
3543 3635 3712 3697 πόδας
3770 3640 3861 3687 καὶ

2264 3549 2427 3615 δόξως
2476 3555 2591 3611 τοὺς
2648 3550 2884 3621 λογικοὺς
2940 3552 3312 3611 συνετίζουσαν
3345 3565 3356 3577 ·

2264 3731 2467 3804 εἰρήνην
2520 3729 2724 3789 ἀληθῶς
2780 3727 3285 3799 εὐαγγελιζομένους,
3337 3730 3395 3777 οὐ
3454 3730 3604 3798 μόνον
3653 3723 3863 3776 ἐπιϐλα-

2263 3820 2341 3881 ϐες
2389 3816 2538 3872 οὐδὲν
2591 3824 2679 3870 καὶ
2726 3819 2908 3891 ἄγριον
2959 3821 3049 3868 καὶ
3093 3819 3150 3869 τό
3213 3816 3323 3868 ὅλον
3390 3818 3545 3888 φάναι
3604 3810 3862 3888 θηριῶδες

2264 3912 2564 3986 εἰργάσατο,
2638 3908 2766 3960 ἀλλά
2829 3913 2918 3959 καὶ
2992 3910 3338 3979 προσέπιπτεν
3416 3905 3596 3966 αὐτοῖς
3671 3903 3862 3975 μᾶλλον

2262 4006 2350 4053 καὶ
2399 4000 2605 4072 φιλικῶς
2643 3998 2910 4057 ἠσπάζετο
2942 4016 2954 4028 ’
2990 3993 3113 4048 οὐδε
3165 4005 3317 4047 τουτο
3356 3999 3546 4068 ἤρκεσε
3584 4002 3655 4064 τῷ
3704 3992 3863 4045 ἀσυν-

2263 4096 2357 4162 έτῳ
2400 4098 2515 4141 νοὺν
2569 4087 2824 4160 ἐμϐαλεῖν,
2876 4084 3001 4137 ἀλλὰ
3052 4090 3139 4137 καὶ
3189 4084 3310 4137 λέων
3360 4084 3507 4144 εὐθὺς
3559 4082 3863 4155 έπαφίεται’

2264 4185 2353 4232 καὶ
2399 4179 2551 4238 αὐτὸς
2581 4178 2765 4249 ὁμοίως
2817 4183 2878 4248 τῇ
2929 4176 3105 4249 ἄρκτῳ
3148 4181 3260 4235 τοῖς
3304 4174 3454 4233 θείοις
3483 4175 3705 4244 νεύμασι
3749 4191 3869 4224 πει-

2270 4272 2481 4342 θαρχῶν
2538 4264 2597 4325 ἦν
2650 4271 2739 4317 καὶ
2785 4272 2894 4322 τοῖς
2946 4265 3073 4337 ὑπερ
3127 4270 3218 4314 τοῦ
3266 4269 3440 4313 κοινοῦ
3495 4265 3757 4313 Δεσπότου
3804 4262 3875 4312 τὰ

2268 4358 2476 4431 χαλεπά
2505 4358 2813 4427 πάσχοντας
2859 4353 2965 4425 οὐχ
3004 4355 3137 4412 ὅπως
3176 4348 3375 4425 δρᾶσαί
3406 4371 3457 4402 τι
3486 4353 3710 4423 πονηρόν
3743 4348 3877 4421 βου-

2269 4448 2494 4519 λόμενος.
2582 4444 2856 4517 Οὐαλέριος
2930 4447 3118 4505 τοίνυν,
3203 4442 3377 4513 ὥσπερ
3458 4441 3611 4501 αὐτὸς
3693 4439 3875 4491 ἑαυτὸν

2272 4536 2571 4611 ὑπερϐαλεῖν
2644 4534 2690 4586 ἐν
2771 4537 2930 4605 κακίᾳ
2998 4536 3328 4604 πειρώμενος,
3398 4531 3446 4580 ἔν
3522 4548 3625 4581 τινι
3696 4527 3875 4597 λάκκῴ

2271 4629 2477 4679 τιτάνου
2534 4624 2931 4695 πεπληρωμένῳ,
2983 4620 3036 4672 ὃν
3091 4620 3309 4679 σύνηθες
3355 4617 3610 4670 ἄσϐεστον
3688 4615 3876 4687 ὄνομά.

2273 4720 2394 4781 ζειν,
2434 4721 2613 4789 νεαροῦ
2652 4718 2737 4764 καὶ
2788 4713 2908 4785 ἄρτι
2953 4708 3275 4774 σϐεσθέντος,
3308 4707 3338 4765 ἢ
3390 4705 3579 4777 μᾶλλον
3627 4703 3875 4775 ἀναφθέν-

2267 4827 2353 4867 τος
2406 4805 2580 4871 εἰπεῖν,
2640 4802 2958 4871 εἰσαχθῆναι
3017 4801 3139 4857 τοὺς
3196 4796 3382 4866 ἁγίους
3432 4796 3749 4867 προστάττει
3801 4812 3873 4845 κα

2268 4896 2382 4955 ὅλας
2410 4901 2547 4969 τρεῖς
2595 4892 2641 4943 ἐν
2676 4891 2816 4959 αὐτῷ
2868 4885 3067 4958 διάγειν
3118 4888 3331 4957 ἡμέρας,
3388 4890 3562 4955 τρόπῳ
3608 4888 3708 4935 τινὶ
3760 4902 3867 4934 τοι·

2268 4987 2401 5055 ούτῳ
2448 4990 2663 5040 νικῆσαι
2719 4981 2834 5038 τοὺς
2883 4974 3171 5034 ἀηττήτους
3219 4975 3243 5024 ὁ
3301 4969 3567 5033 δυσσεϐὴς
3617 4976 3873 5043 μηχανώ-

2268 5089 2445 5146 μενος·
2532 5068 2639 5121 ἀλλ’
2705 5070 2887 5138 ἔκαμνε
2958 5066 3127 5137 μάτην
3202 5062 3618 5146 ἀντιμαχόμενος
3692 5058 3875 5117 ἁληθεί

2270 5145 2381 5232 Θεῷ
2408 5178 2419 5189 '
2453 5162 2564 5212 θεία
2591 5159 2691 5231 γάρ
2741 5176 2814 5216 τις
2858 5157 3019 5226 χάρις
3065 5157 3153 5205 καὶ
3194 5149 3417 5223 δύναμις
3450 5158 3553 5209 τοῖς
3593 5145 3666 5201 δι’
3711 5148 3875 5199 αὑτοῦ

2268 5255 2527 5325 μάρτυσιν
2570 5246 2617 5299 ἐν
2675 5254 2744 5317 τῷ
2795 5245 2969 5314 λάκκῷ
3027 5249 3218 5315 παρῆν,
3250 5238 3587 5313 ἀμϐλύνουσα
3637 5242 3725 5325 μεν
3779 5240 3875 5295 τὴν

2270 5324 2521 5413 ἐνέργειαν
2551 5344 2642 5389 τοῦ
2685 5336 2911 5399 τιτάνου,
2944 5338 3107 5385 κακοῦ
3139 5326 3198 5383 δε
3238 5328 3454 5391 ἀπαθεῖς
3485 5330 3607 5388 τοὺς
3645 5324 3878 5387 ἀθλητὰς

2274 5434 2608 5500 συντηροῦσα
2623 5470 2636 5483 .

2345 5515 2444 5572 IZ'.
2486 5513 2761 5588 Οὐαλέριος
2810 5509 2869 5565 δε
2915 5511 3021 5581 ὅσῳ
3074 5507 3283 5562 πλείονα
3324 5509 3419 5564 τήν
3470 5505 3631 5577 χάριν
3680 5502 3729 5555 έν
3766 5509 3876 5566 τοῖς

2276 5608 2439 5679 ἁγίοις
2510 5601 2910 5676 διαφαινομένην
2983 5599 3135 5672 έὼρα,
3186 5597 3420 5666 τοσούτῷ
3477 5592 3664 5666 μᾶλλον
3722 5591 3877 5653 αὐτὸς
