4062 6222
219 343 301 401 125
1342 326 1506 383 VITA
1546 323 1607 379 s.
1649 316 1866 377 CARPI
1905 312 1994 371 ET
2026 298 2415 370 SOCIORU‘M.

954 458 979 508 ό
1029 458 1222 528 ἄφρων,
1301 458 1389 505 καὶ
1442 456 1574 504 Θεοῦ
1632 450 1765 519 γενέ-

1904 444 1981 497 iat
2022 440 2149 511 ipse
2186 433 2542 509 juveniliter,
2585 426 2952 487 contendens
3003 423 3215 479 stultus
3268 422 3357 478 vel
3409 421 3528 477 Deo

1878 546 2005 586 esse
2048 510 2281 584 ifortior.
2314 522 2576 595 Crepidis
2607 521 2808 590 itaque
2840 514 3061 578 ferreis,
3095 511 3288 581 longis
3330 510 3531 566 ﬁbulis

1880 618 2147 684 conﬁxis,
2170 616 2340 687 jubet
2370 609 2615 669 calceari
2646 607 2827 680 pedes
2850 608 3202 674 martyrum,
3238 607 3291 654 et
3310 599 3535 655 calcea-

1883 714 1971 766 tos
2003 708 2134 763 illos
2165 707 2248 761 sic
2278 719 2534 768 currere,
2574 704 2635 755 ut
2679 697 2888 753 saltem
2919 693 3256 748 viderentur
3287 688 3425 743 victi
3474 688 3534 743 in

1880 799 1995 854 hoc
2016 795 2360 853 certamine.
2380 792 2492 849 Sed
2514 804 2720 846 rursus
2734 780 3532 856 quoquelaboravittemere.

1885 888 2013 953 Quo
2040 885 2197 941 enim
2214 881 2406 951 magis
2420 894 2579 934 nova
2601 872 2997 944 excogitabat,
3019 885 3089 925 eo
3108 866 3304 937 magis
3334 865 3539 920 divina

1885 976 2071 1032 virtus
2083 964 2749 1029 adumbrabatsanctos,
2779 967 2834 1018 et
2854 961 2922 1016 iis
2964 956 3537 1032 quaeinferebantur,

1888 1063 2176 1122 reddebat
2204 1059 2560 1132 superiores,
2592 1060 2648 1111 et
2679 1052 2965 1109 adversus
2998 1062 3211 1119 aspera
3244 1050 3298 1100 et
3333 1042 3539 1114 gravia

1889 1153 2185 1211 efﬁciebat
2214 1148 2599 1205 robustiores.
2636 1143 2733 1198 Ille
2766 1146 2965 1197 autem
2992 1137 3189 1194 adhuc
3222 1150 3323 1189 eos
3353 1136 3542 1188 tenta-

1892 1244 1994 1299 bat
2041 1259 2077 1298 a
2118 1257 2229 1295 sua
2271 1237 2581 1295 traducere
2635 1230 2945 1293 sententia,
2978 1225 3199 1299 quibus
3230 1223 3312 1278 sic
3342 1223 3544 1291 aperte

1892 1332 2095 1388 divina
2124 1343 2300 1399 opem
2333 1324 2558 1381 ferebat
2596 1321 2785 1391 gratia
2819 1334 2830 1372 :
2875 1322 2930 1372 et
2959 1314 3197 1370 volebat
3236 1328 3337 1367 eos
3367 1308 3545 1365 sacri-

1893 1422 2071 1477 ﬁcare
2091 1418 2271 1473 rebus
2284 1410 2706 1471 abominandis
2726 1425 2738 1463 :
2775 1407 2927 1463 adeo
2950 1408 3161 1459 emotae
3183 1401 3395 1456 mentis
3422 1401 3549 1454 erat

1894 1510 2134 1581 impius.
2187 1509 2335 1562 Cum
2388 1517 2530 1571 ergo
2568 1499 2820 1554 nesciret
2856 1494 3001 1567 quid
3041 1495 3259 1561 ageret,
3318 1487 3547 1559 pudore

1890 1576 2019 1670 jam
2049 1596 2315 1659 affectus,
2345 1597 2401 1648 et
2435 1592 2636 1662 aperte
2677 1590 3017 1657 superatus,
3053 1578 3323 1637 accendit
3354 1576 3550 1632 forna-

212 467 482 521 ἔνεανιεύετο
535 462 881 532 ἰσχυρότερος,

213 561 315 609 σθαι
358 554 656 627 φιλονεικωνθ
710 543 975 622 κρηπῖδας
1005 542 1091 597 οὖν
1140 541 1367 615 σιδηρᾶς
1398 547 1637 614 περόναις
1668 556 1770 608 μα-

210 653 333 717 κραῖς
411 639 822 710 διαπεπαρμένας
926 642 1031 694 τοῖς
1142 638 1483 707 μαρτυρικοίς
1570 627 1770 684 ἐκείνοις

209 742 338 786 ποσὶν
387 726 705 785 ὑπυδεθῆναι
755 727 1071 799 προστάττει
1122 728 1211 773 καὶ
1265 717 1605 776 ὑποδεθέντας
1660 718 1767 785 τρέ-

205 843 302 895 χειν
360 823 477 880 τοὺς
538 819 824 891 μάρτυρας,
903 816 983 864 ἶνα
1030 813 1124 863 κάν
1175 818 1300 882 γοῦν
1366 817 1462 868 τῆς
1535 804 1773 877 βασάνου

206 913 374 970 ταύτης
450 908 753 965 ἡττηθέντες
835 902 1049 974 ὀφθεῖεν·
1126 900 1232 951 ἀλλ’
1308 898 1418 955 εἰκῆ
1508 899 1597 946 καὶ
1676 893 1774 944 πά-

205 1000 267 1050 λιν
341 996 516 1049 ἐπόνει·
593 996 697 1064 ὅσῳ
767 994 868 1063 γὰρ
940 996 1213 1062 καινότερα
1276 990 1483 1049 ἐπενόει,
1539 983 1776 1052 τοσούτῳ

204 1093 276 1139 καὶ
349 1088 573 1156 θειοτέρα
653 1078 878 1153 δύναμις
951 1079 1339 1136 ἐπισκιάζουσα
1416 1077 1535 1134 τοὺς
1602 1071 1778 1142 ἁγίους

205 1182 441 1251 κρείττους
515 1192 567 1224 τε
625 1180 725 1222 τῶν
792 1168 1116 1240 ἐπαγομένων
1186 1166 1350 1218 ἐποίει
1431 1167 1520 1215 καὶ
1604 1162 1775 1235 ῥωμα·

538 1261 727 1333 μᾶλλον
803 1262 934 1331 πρὸς
1010 1260 1073 1309 τὰ
1154 1253 1301 1308 δεινὰ
1373 1249 1777 1327 παρεσκεύαζεν.

1308 898 1418 955 εἰκῆ

203 1267 448 1337 λεωτέρους

202 1356 250 1408 Ὀ
293 1351 345 1406 δὲ
383 1358 469 1405 καὶ
512 1355 589 1403 ἔτι
639 1348 875 1421 ἐπειρᾶτο
928 1351 1274 1419 μεταπείσειν,
1327 1343 1490 1403 οὓτως
1541 1343 1640 1392 ὑπὸ
1688 1346 1782 1399 τῆς

206 1446 323 1503 θείας
374 1444 601 1514 χάριτος
657 1434 921 1496 ἐπιδήλως
988 1434 1392 1507 βοηθουμένους·
1450 1434 1536 1482 καὶ
1610 1431 1782 1481 θύσειν

208 1533 333 1593 ἠξίου
392 1537 495 1589 τοῖς
579 1524 902 1600 βδελυκτοῐς·
954 1528 1184 1581 τοσαύτη
1238 1518 1600 1597 φρενοϐλάϐεια
1658 1536 1783 1568 κατ-

208 1628 299 1692 εἶχε
350 1623 430 1671 τόν
478 1616 665 1674 ἀσεϐῆ,
723 1620 808 1672 Μὴ
884 1617 1019 1685 ἰχων
1067 1610 1175 1675 οὖν,
1222 1614 1299 1663 ὅτι
1342 1615 1430 1662 καὶ
1491 1612 1781 1681 χρήσαιτο,

206 1711 621 1781 κατησχυμμένος
667 1701 774 1764 ἤδη
827 1708 915 1755 καὶ
954 1710 1176 1776 φανερῶς
1228 1701 1539 1771 ἡττώμενος,
1573 1697 1788 1768 κάμινον

213 1798 285 1870 ὕλη
326 1797 472 1866 πολλῇ
526 1798 847 1867 τρεφομένην
898 1791 1111 1843 ἀνάπτει
1167 1794 1255 1841 καὶ
1298 1792 1432 1839 κατά
1486 1790 1649 1857 μέσης
1697 1785 1785 1835 αὖ·

216 1897 291 1946 τῆς
350 1884 595 1956 ἐμϐάλλει
649 1887 770 1942 τοὺς
841 1884 1127 1953 μάρτυρας·
1191 1880 1219 1936 ἡ
1289 1875 1347 1929 δὲ
1405 1875 1672 1928 ἐσϐέννυτο
1738 1892 1789 1924 τε

224 1976 361 2035 εὐθέως
408 1978 499 2025 καὶ
556 1975 679 2031 τοὺς
738 1970 918 2040 ἁγίους
957 1967 1235 2038 ἀνέψυχεν·
1271 1968 1353 2018 ὅτε
1391 1970 1481 2016 καὶ
1523 1967 1553 2021 ἡ
1600 1982 1787 2035 σεμνο-

218 2066 315 2120 τάτη
353 2064 685 2132 Ἀγαθονίκη
744 2061 1007 2133 μάρτυρος
1056 2061 1213 2117 ὅντως
1264 2052 1458 2125 ἀδελφὴ
1512 2050 1666 2116 οὖσα,
1700 2060 1789 2103 τοῦ

210 2154 336 2211 θείου,
385 2155 541 2223 φημὶ,
611 2147 881 2208 Παπύλου,
920 2152 1012 2205 τὴν
1044 2145 1209 2218 φλόγα
1248 2164 1300 2197 τε
1345 2147 1438 2195 σὺν
1482 2142 1655 2202 αὐτοῖς
1688 2144 1790 2193 εἱσ-

203 2244 303 2299 ξιθε
328 2246 411 2292 καὶ
461 2248 576 2291 τῶν
622 2237 851 2308 ἀγώνων,
908 2236 1080 2307 ὥσπερ
1129 2230 1196 2292 δὴ
1254 2237 1343 2285 καὶ
1388 2241 1487 2284 τῶν
1530 2232 1789 2302 στεφάνων

201 2334 410 2390 κοινωνός
462 2333 675 2400 γέγονε,
756 2327 914 2378 Πάλιν
953 2320 1040 2377 οὖν
1097 2326 1127 2381 ἡ
1180 2324 1381 2396 φρουρὰ
1424 2320 1610 2380 αὐτοὺς
1654 2316 1788 2390 εἶχε,

199 2424 271 2469 καὶ
292 2418 436 2469 πάλιν
484 2417 645 2469 οὗτοι
674 2424 772 2467 τῶν
811 2418 936 2486 πρὸς
967 2416 1096 2467 Θεὸν
1146 2413 1315 2484 ὕμνων
1354 2415 1443 2461 καὶ
1486 2417 1577 2469 τῆς
1627 2408 1791 2479 εὐχῆς

200 2509 381 2576 εἴχοντο
391 2546 404 2557 .

257 2594 353 2648 ΙΗ’.
389 2596 529 2647 Ἐπεὶ
598 2589 655 2644 δι
698 2593 887 2661 ηπύρει
934 2597 1042 2650 τοῖς
1090 2589 1221 2649 ὅλοις
1250 2589 1276 2640 ὁ
1325 2584 1603 2651 δικαστὴς,
1650 2584 1791 2647 μόλις

194 2694 290 2736 τότε
317 2688 372 2735 τό
405 2680 500 2736 διὰ
553 2682 740 2753 ξίφους
788 2680 955 2731 αὐτῶν
1012 2683 1309 2751 κατακρίνει
1368 2676 1524 2737 τέλος.
1571 2674 1792 2746 Ἦγοντο

198 2767 271 2822 οὖν
317 2774 363 2823 οἱ
409 2774 682 2845 μάρτυρες
735 2770 815 2821 ἐπὶ
870 2773 956 2821 τόν
999 2777 1095 2828 τῆς
1140 2767 1444 2826 τελειώσεως
1474 2771 1649 2829 τόπον,
1682 2784 1790 2836 χα-

195 2868 275 2932 ρᾶς
321 2860 542 2931 ἔμπλεῳ,
610 2856 733 2911 οὐδὲ
784 2866 880 2919 τῆς
954 2862 1186 2928 γενναίας
1254 2856 1601 2928 Ἀγαθονίκης
1664 2852 1791 2905 ἁπο-

195 2948 442 3021 λειφθῆναι
522 2951 730 3001 τούτων
797 2948 1167 3017 ὑπομιινάσης·
1230 2943 1339 2997 εἶτα
1412 2951 1595 3017 χεῖρας
1646 2946 1792 3003 οσίας

195 3038 380 3099 ἆοαντες
424 3042 568 3112 πρός
624 3041 774 3104 Θεὸν,
825 3035 929 3108 οὐχ
979 3036 1169 3088 ἑαυτῶν
1218 3036 1579 3109 ὑπερηύχοντο
1618 3036 1790 3105 μόνον,

3430 294 3528 352 126

1897 1704 2049 1753 cem,
2077 1702 2213 1758 quae
2246 1681 2432 1738 multa
2461 1678 2733 1735 alebatur
2766 1673 3015 1729 materia
3044 1688 3056 1725 :
3088 1674 3145 1724 et
3174 1668 3233 1723 in
3284 1665 3549 1721 medium

1827 1776 1867 1829 Β
1899 1778 2029 1849 ejus
2063 1754 2248 1845 injicit
2288 1776 2602 1841 martyres.
2646 1765 2748 1821 Illa
2787 1767 2984 1817 autem
3017 1759 3284 1831 protinus
3316 1754 3426 1810 fuit
3454 1768 3549 1807 ex-

1900 1845 2132 1928 stincta,
2168 1868 2224 1918 et
2254 1857 2640 1927 refrigerabat
2672 1857 2929 1908 sanctos.
2964 1851 3088 1913 Quo
3134 1845 3378 1917 quidem
3410 1847 3555 1896 tem-

1898 1970 2043 2029 pore
2091 1948 2505 2008 honestissima
2541 1957 2784 2016 quoque
2813 1937 3204 2011 Agathonica,
3244 1949 3378 2004 quae
3430 1932 3556 1985 erat

1901 2059 2035 2099 vere
2096 2055 2264 2097 soror
2302 2035 2600 2108 martyris,
2651 2029 2857 2092 divini,
2907 2028 3177 2097 inquam,
3230 2019 3454 2092 Papyli,
3500 2020 3557 2072 et

1898 2134 2211 2190 ﬂammam
2263 2144 2401 2184 cum
2435 2126 2519 2180 eis
2548 2120 2805 2182 intravit,
2844 2124 2900 2172 et
2932 2112 3352 2175 certaminum,
3408 2108 3559 2163 sicut

1899 2223 2076 2278 etiam
2127 2232 2507 2280 coronarum,
2535 2213 2643 2267 fuit
2688 2208 3002 2282 particeps.
3033 2206 3256 2257 Rursus
3282 2213 3423 2268 ergo
3471 2212 3560 2252 re-

1900 2313 2136 2368 dierunt
2160 2310 2221 2364 in
2252 2304 2586 2363 custodiam
2622 2314 2634 2353 :
2665 2305 2722 2355 et
2752 2312 2956 2353 rursus
2987 2291 3288 2349 vacabant
3315 2284 3560 2360 hymnis

1903 2404 1978 2461 ad
2009 2405 2193 2457 Deum
2219 2402 2275 2454 et
2297 2393 2596 2468 precibus.

1974 2594 2157 2653 XVIII.
2202 2591 2346 2647 Cum
2374 2593 2573 2645 autem
2590 2581 2812 2640 dubius
2836 2582 2991 2635 esset
3015 2574 3199 2631 animi
3217 2571 3425 2645 judex,
3450 2583 3559 2623 nec

1902 2685 2087 2741 ullum
2132 2679 2419 2736 inveniret
2448 2675 2690 2738 exitum,
2727 2669 2824 2725 vix
2858 2666 3102 2722 tandem
3132 2679 3235 2717 eos
3280 2658 3561 2715 condem-

1902 2779 2025 2841 nat,
2050 2778 2113 2827 ut
2137 2770 2315 2825 vitam
2332 2766 2569 2821 ﬁnirent
2590 2758 2810 2830 gladio.
2838 2754 3220 2809 Ducebantur
3242 2762 3383 2816 ergo
3406 2760 3562 2800 mar-

1902 2872 2063 2936 tyres
2084 2856 2307 2931 gaudio
2333 2853 2491 2926 pleni
2512 2850 2588 2907 ad
2617 2850 2816 2905 locum
2845 2835 3403 2900 consummationis,
3422 2848 3563 2889 cum

1902 2922 2009 3009 riec
2038 2922 2603 3023 praeclara-quidem
2642 2933 3012 3007 Agathonica
3037 2929 3113 2985 ab
3135 2928 3217 2983 eis
3238 2922 3563 2981 abscedere

1904 3038 2304 3100 sustinuisset.
2337 3014 2554 3090 Deinde
2586 3043 2723 3084 cum
2752 3028 2989 3079 sanctas
3022 3033 3237 3073 manus
3270 3014 3347 3070 ad
3378 3016 3563 3068 Deum

196 3125 304 3179 ἀλλὰ
350 3134 440 3179 καὶ¹
493 3130 627 3186 τοὺς
688 3126 856 3178 αὐτῶν
941 3127 1184 3195 φονευτὰς
1238 3125 1500 3197 ῥυσθῆναί
1577 3141 1630 3174 τε
1703 3129 1790 3181 τῆς

1904 3129 2294 3191 sustulissent,
2327 3139 2448 3179 non
2488 3135 2597 3193 pro
2628 3133 2692 3171 se
2734 3113 2928 3169 solum
2970 3123 3175 3182 preces
3213 3101 3565 3165 fundebant,

193 3218 365 3279 πλάνης
450 3221 548 3269 καὶ
627 3213 927 3286 μεταϐαλεῖν
992 3217 1121 3289 πρὸς
1189 3211 1470 3265 εὐσέϐειαν
1526 3212 1796 3271 τοιαύταις

194 3305 412 3376 ἀμοιϐαῖς
462 3303 755 3376 ἠμείϐοντο
795 3306 914 3364 τοὺς
945 3304 1170 3375 ἐχθροὺς
1223 3303 1271 3353 οὶ
1315 3308 1409 3352 τοῦ
1451 3298 1650 3371 ἀγαθοῦ
1700 3319 1797 3371 μα-

194 3396 348 3459 ﬁni-ai,
406 3400 501 3446 καὶ
586 3394 767 3464 οῑφεσιν
828 3399 919 3443 τοῦ
972 3391 1305 3463 τολμήματος
1360 3388 1633 3460 εὐξαμένου
1692 3395 1800 3449 τοῖς

197 3492 459 3552 ξονιυταῐς,
520 3482 701 3544 ἄλλως
744 3500 799 3533 τε
860 3478 917 3533 δι
957 3485 1047 3532 καὶ
1096 3480 1244 3532 αὐτοὶ
1299 3478 1526 3551 μεγάλην
1597 3476 1801 3538 ἐκείνοις

196 3568 397 3641 ᾔδεισαν
424 3574 631 3645 χάριν,
686 3569 795 3623 ἀνθ’
833 3571 899 3621 ὧν
949 3567 1024 3623 δι’
1055 3569 1221 3621 αὐτῶν
1248 3564 1531 3639 ἐξεδήμουν
1560 3570 1690 3638 πρὸς
1717 3568 1802 3618 τόν

198 3664 518 3733 ποθούμενον.
570 3659 941 3730 Ἐπευξάμενοι
993 3656 1052 3711 δὲ
1104 3662 1165 3710 τὰ
1218 3656 1459 3715 λυσιτελῆ
1510 3661 1664 3720 πᾶσι,
1717 3657 1805 3715 τὰς

198 3749 399 3820 κεφαλὰς
455 3749 875 3820 ἀπετμήθησαν,
934 3743 1379 3819 τρισκαιδεκάτην
1427 3746 1643 3815 ἄγοντος
1692 3748 1806 3796 τότε

197 3848 275 3890 τοῦ
320 3839 665 3913 Ὀκτωϐρίου
728 3842 909 3910 μηνός.
956 3840 1035 3889 Τὰ
1074 3844 1200 3908 γοὺν
1260 3839 1410 3907 τίμια
1464 3837 1657 3886 τούτων
1708 3833 1801 3885 λεί·

198 3927 321 3997 ᾧανα
378 3929 553 3991 οὕτως
612 3926 806 3998 ἀτίμως
850 3931 939 3978 καὶ
979 3924 1177 3997 ἀμελῶς
1224 3929 1433 3996 κείμενα
1481 3931 1807 3995 Χριστιανῶν

199 4016 482 4088 ἀνελόμεναι
534 4024 737 4088 χεῖρες,
797 4018 927 4087 μετὰ
977 4010 1266 4086 λαμπάδων
1322 4014 1452 4084 ὁμοῦ
1499 4016 1589 4064 καὶ
1640 4012 1807 4083 ὕμνων

198 4104 436 4181 λαμπρῶς
498 4107 552 4157 ἓν
596 4104 831 4175 ἐπιφανεί
888 4106 1158 4156 κατέθεντο
1211 4106 1372 4174 τόπῳ,
1427 4101 1645 4154 πλοῦτον
1684 4108 1808 4171 Χρι-

810 4197 1072 4264 πνεύμασι
1125 4199 1375 4261 πονηροῖς
1442 4190 1657 4264 φοϐερὰν
1715 4191 1811 4261 μά-

202 4300 360 4354 στιγα,
412 4290 511 4335 καὶ
567 4290 792 4335 νοσοῦσι
831 4288 963 4334 πᾶσι
1014 4279 1206 4353 δρόσον
1255 4286 1344 4333 καὶ
1386 4276 1609 4351 ἀψευδὲς
1656 4283 1807 4350 ἴαμα,

198 4372 260 4433 εἰς
306 4370 469 4435 δόξαν
532 4379 675 4425 Θεοῦ
752 4375 958 4442 Πατρός
1028 4376 1117 4423 καὶ
1180 4374 1370 4442 Κυρίου
1422 4371 1567 4441 ἡμῶν
1636 4369 1811 4425 Ἰησοῦ

201 4204 416 4258 στιανοῐς
500 4194 724 4255 ἄσυλον,

1904 3221 2010 3277 sed
2040 3220 2215 3275 etiam
2247 3212 2521 3276 orabant,
2556 3213 2617 3264 ut
2643 3205 2733 3262 sui
2760 3202 3054 3259 occisores
3084 3196 3162 3252 ab
3201 3207 3398 3249 errore
3429 3188 3571 3244 libe-

1904 3314 2197 3372 rarentur,
2250 3309 2306 3359 et
2342 3300 2829 3358 converterentur
2867 3290 2943 3346 ad
2984 3289 3285 3361 pietatem.
3331 3281 3422 3337 Sic
3441 3294 3569 3349 gra-

1913 3402 2051 3457 tiam
2086 3396 2210 3451 suis
2242 3390 2579 3449 referebant
2607 3383 2882 3446 inimicis,
2917 3380 3066 3450 ejus,
3095 3374 3201 3447 qui
3231 3372 3429 3428 bonus
3459 3369 3571 3433 est,

1910 3484 2207 3557 discipuli,
2241 3477 2608 3537 occisoribus
2640 3473 2763 3527 suis
2795 3471 3107 3542 precantes
3140 3461 3379 3517 veniam
3420 3456 3571 3527 ejus,

1911 3575 2077 3650 quod
2117 3575 2285 3630 erant
2325 3562 2673 3629 admissuri,
2708 3556 2988 3615 facinoris
3031 3570 3043 3609 :
3086 3551 3309 3624 quibus
3351 3542 3573 3617 alioqui

1914 3632 2024 3739 ijpsi
2054 3677 2338 3732 magnam
2367 3654 2672 3712 habebant
2695 3648 2971 3719 gratiam,
3005 3639 3164 3715 quod
3196 3654 3301 3711 per
3327 3652 3429 3691 eos
3460 3632 3576 3688 mi-

1916 3720 2258 3829 grrarentvad
2288 3762 2449 3810 eum,
2481 3758 2662 3815 quem
2693 3733 3139 3792 desiderabant.
3173 3730 3318 3784 Cum
3352 3720 3578 3796 precati

1916 3813 2160 3917 quoque
2190 3842 2388 3894 essent
2415 3813 2636 3903 eaquae
2658 3831 2825 3883 erant
2853 3822 3138 3879 omnibus
3164 3816 3345 3880 utilia,
3372 3813 3457 3869 eis
3484 3825 3572 3865 ca-

1918 3902 2041 4007 pita
2062 3902 2307 3986 inerunt
2333 3902 2643 3993 amputata
2684 3914 2851 3971 tertio
2878 3910 3113 3966 decimo
3144 3904 3367 3961 mensis
3407 3902 3583 3956 Octo-

1917 3988 2060 4080 bris.
2096 4017 2387 4074 Pretiosas
2412 4016 2610 4068 autem
2629 4020 2838 4062 eorum
2869 3997 3170 4071 reliquias,
3195 4008 3330 4065 quae
3350 3988 3579 4059 abjecte

1920 4118 1976 4168 et
2037 4102 2427 4176 contemptim
2484 4095 2788 4169 jacebant,
2832 4087 3303 4146 Christianorum
3364 4091 3583 4133 manus

1921 4165 2058 4258 cum
2079 4165 2647 4255 sustulissent,vcum
2665 4177 3050 4253 lampadibus
3069 4170 3242 4229 simul
3262 4174 3316 4224 et
3339 4165 3585 4258 hymnis

1922 4293 1981 4347 in
2020 4290 2152 4345 loco
2192 4282 2413 4352 insigni
2454 4279 2735 4351 praeclare
2773 4252 3200 4341 deposuerunt,
3237 4274 3381 4330 opes
3422 4252 3586 4312 Chri-

1923 4344 2129 4436 stianis
2169 4344 2563 4432 inviolabiles,
2601 4358 2882 4431 malignis
2920 4353 3227 4427 spiritibus
3279 4344 3584 4415 ﬂagellum

200 4466 444 4531 Χριστοῦ,
584 4464 766 4531 πρέπει
810 4466 933 4530 τιμὴ
986 4465 1075 4512 καὶ
1118 4462 1305 4533 κράτος
1344 4461 1437 4510 σὺν
1465 4466 1536 4528 τῷ
1576 4461 1790 4528 παναγίε

1924 4466 2200 4532 terribile,
2216 4469 2272 4519 et
2300 4474 2497 4517 rorem
2519 4452 2804 4511 omnibus
2828 4441 3259 4516 aegrotantibus
3284 4442 3341 4492 et
3361 4439 3585 4490 certam

197 4552 275 4598 καὶ
340 4548 598 4619 ζωοποιῷ
670 4550 950 4619 Πνεύματι,
998 4555 1085 4599 νῦν
1134 4552 1223 4600 καὶ
1269 4546 1368 4611 ἀεὶ,
1429 4550 1519 4598 καὶ
1576 4545 1648 4608 εἰς
1695 4548 1814 4606 τοὺς

201 4636 372 4697 αἰῶνας
402 4646 509 4690 τῶν
546 4637 769 4693 αἰώνων.
805 4637 993 4708 Ἀμήν.

2256 4568 2267 4606 ;
2304 4549 2382 4605 ad
2410 4546 2663 4617 gloriam
2694 4539 2791 4595 Dei
2830 4534 3008 4592 Patris
3035 4536 3089 4587 et
3123 4524 3355 4585 Domini
3381 4520 3587 4585 nostri,

1921 4612 2061 4704 ἷὲέυ
2100 4640 2307 4699 Christi
2336 4657 2349 4695 :
2392 4612 2572 4708 quem
2605 4631 2775 4686 decet
2804 4626 2996 4682 honor
3028 4627 3083 4677 et
3124 4612 3406 4689 potentia,
3450 4624 3588 4665 cum

1926 4733 2300 4793 sanctissimo
2331 4732 2387 4784 et
2417 4722 2652 4781 viviﬁco
2686 4717 2928 4790 Spiritu,
2961 4725 3124 4768 nunc
3154 4711 3210 4762 et
3240 4716 3499 4775 semper,
3535 4702 3593 4754 et

1926 4828 1990 4883 in
2021 4821 2239 4880 saecula
2267 4816 2645 4876 stimulorum.
2669 4812 2877 4866 Amen.
