4078 6222
445 282 548 337 12³1
1827 279 2083 336 MENSIS

2229 280 2428 337 RILIS.

3705 287 3811 343 128

1785 565 2469 688 ΑΘΛΗΣΙΣ

1015 787 1231 873 ΤΟΥ
1303 787 1669 876 ΑΓΙΟΥ
1745 792 1937 873 ΚΑΙ
2017 782 2560 877 ΕΝΔΟΞΟΥ
2636 793 3252 884 ΜΑΡΤΥΡΟΣ

1411 959 2870 1140 ΕΛΕΥΘΕΡΙοΥ

1738 1393 2524 1518 CERTAMEN

1193 1668 1566 1756 SANCTI
1659 1667 1786 1753 ET
1870 1666 2399 1754 GLORIOSI
2487 1670 3067 1761 MARTYRIS

1042 1892 2225 2039 ELEUTHEBII
2337 1896 3218 2044 EPISCOPI

445 2168 653 2230 (Latine
685 2168 829 2230 apud
851 2167 1063 2216 Surium
1085 2168 1152 2217 ad
1177 2167 1318 2216 diem
1335 2167 1391 2214 18
1407 2166 1619 2230 Aprilis,
1645 2166 1819 2216 Graece
1847 2167 1991 2231 apud
2015 2167 2252 2217 Bolland.
2280 2173 2407 2219 tom.
2440 2170 2481 2219 Il
2497 2171 2710 2235 Aprilis,
2740 2188 2791 2236 p.
2823 2175 2934 2232 976,
2958 2188 3020 2224 ex
3040 2176 3156 2226 cod.
3191 2177 3311 2226 1190
3331 2176 3569 2228 biblioth.
3594 2179 3820 2241 Vatic.).

518 2456 554 2508 Ι.
598 2454 743 2509 Cum
757 2453 936 2508 [Elius
963 2453 1257 2509 Adrianus
1276 2453 1558 2508 Romanis
1583 2452 1828 2524 quidem
1853 2452 2107 2519 impera-

2293 2455 2368 2510 A'.
2424 2457 2600 2510 Αἰλίου
2655 2457 2936 2534 Ἀδριανοῦ
2983 2463 3244 2536 Ῥωμαίων
3293 2469 3384 2537 μὲν
3425 2465 3821 2538 βασιλεύοντος.

446 2548 552 2613 ret,
582 2543 962 2598 daemonibus
983 2547 1179 2598 autem
1212 2548 1266 2597 et
1288 2541 1622 2597 simulacris
1653 2541 1962 2611 diligenter
1993 2557 2108 2596 ser-

447 2631 591 2688 viret
619 2648 632 2686 :
663 2631 1032 2687 admirabilis
1063 2647 1304 2703 quoque
1328 2630 1692 2685 Eleutherius
1715 2629 1814 2685 illo
1843 2636 2108 2702 tempore

447 2722 720 2791 cognitus
743 2726 849 2788 est,
882 2721 1057 2776 veluti
1090 2720 1371 2793 quaedam
1398 2719 1566 2775 stella
1592 2720 1750 2774 diem
1784 2719 2109 2778 illustrans.

450 2811 552 2867 Cui
594 2811 782 2881 patria
812 2810 1058 2882 quidem
1100 2810 1207 2864 fuit
1247 2809 1472 2880 inclyta
1510 2813 1566 2863 et
1607 2825 1828 2878 magna
1869 2811 2056 2864 Roma
2095 2826 2106 2863 :

448 2906 726 2972 parentes
751 2907 949 2956 autem
977 2916 1190 2969 genere
1213 2899 1459 2970 quidem
1484 2898 1863 2964 nobilissimi,
1892 2899 2113 2953 divitiis

451 3005 591 3044 vero
650 2988 1111 3059 opulentissimi,
1154 2987 1346 3058 gloria
1386 2989 1564 3042 etiam
1607 2986 1945 3041 clarissimi.
2007 2990 2114 3042 Ter

451 3077 762 3132 consulem
789 3078 946 3131 enim
980 3077 1163 3130 fuisse
1193 3076 1322 3146 ejus
1357 3081 1608 3146 patrem,
1645 3077 1771 3146 ejus
1801 3075 2003 3130 scribit
2032 3076 2113 3129 hi-

455 3165 654 3221 storia.
689 3166 799 3220 Sed
833 3180 970 3218 cum
1007 3168 1202 3219 essent
1228 3164 1380 3219 adeo
1420 3165 1704 3234 insignes,
1737 3179 1844 3218 nec
1867 3164 1948 3218 eis
1986 3163 2115 3234 qui-

451 3253 590 3308 dem
621 3253 824 3308 deerat
877 3253 1153 3308 nobilitas
1185 3269 1256 3307 ex
1304 3253 1517 3324 pietate
1549 3259 1677 3307 orta
1708 3257 1763 3306 et
1809 3251 2112 3320 religione.

453 3342 592 3412 Ejus
619 3341 776 3396 enim
801 3348 986 3397 mater
1004 3342 1311 3406 Evanthia,
1335 3358 1472 3395 cum
1495 3341 1676 3395 divini
1700 3340 1861 3395 Pauli
1879 3345 2115 3409 aposto-

451 3431 583 3487 licis
605 3431 1116 3486 admonitionibus
1133 3429 1314 3485 ﬁdem
1341 3434 1615 3485 accurate
1633 3429 1957 3491 didicisset,
1975 3444 2113 3483 cum

457 3519 656 3575 studio
676 3519 929 3575 virtutis.
962 3520 1056 3575 Dei
1074 3535 1316 3591 quoque
1331 3519 1491 3574 cultu
1505 3526 1628 3574 erat
1643 3517 2114 3588 valdelocuples,

457 3609 536 3664 Ea
567 3625 705 3664 cum
722 3609 881 3663 hunc
913 3613 1189 3664 sanctum
1209 3607 1540 3680 peperisset
1560 3622 1832 3677 puerum,
1853 3606 2116 3660 Eleuthe-

455 3699 610 3754 rium
649 3698 893 3770 quidem
933 3698 1165 3753 vocavit
1204 3714 1275 3752 ex
1317 3697 1446 3768 ipso
1488 3703 1617 3752 ortu
1664 3712 1674 3749 :
1720 3696 1872 3751 adeo
1913 3701 2112 3749 autem

2224 2541 2446 2606 δαίμοσι
2495 2545 2553 2600 δὲ
2605 2553 2693 2600 καὶ
2737 2547 2971 2614 εἰδώλοις
3019 2553 3265 2625 ἐπιμελῶς
3328 2551 3674 2620 δουλεύοντος,
3730 2563 3827 2609 καὶ

2223 2635 2248 2684 ὁ
2305 2637 2606 2708 θαυμαστὸς
2659 2639 2971 2713 Ἐλευθέριος
3021 2644 3133 2693 κατ’
3176 2646 3334 2695 ἐκεῖνο
3375 2653 3581 2716 καιροῦ,
3611 2647 3695 2697 οἶά
3742 2665 3826 2706 τις

2224 2724 2589 2797 ἡμερολαμπὴς
2661 2727 2823 2803 ἀστὴρ
2901 2728 3222 2804 ἐγνωρίζετο·
3377 2739 3563 2807 πατρὶς
3621 2737 3710 2805 μὲν
3783 2737 3817 2792 ἠ

2222 2814 2417 2884 μεγάλη
2474 2820 2559 2866 καὶ
2610 2823 2894 2891 περιφανὴς
2958 2817 3208 2891 ἐτύγχανε
3263 2821 3455 2892 Ῥώμη,
3513 2828 3720 2895 πατέρες
3761 2820 3824 2876 δε

2221 2908 2373 2972 γένει,
2421 2903 2624 2977 πλούτῳ
2676 2926 2729 2958 τε
2771 2913 2859 2959 καὶ
2900 2905 3028 2981 δόξῃ
3085 2915 3514 2985 περιφανέστατοι
3560 2918 3648 2964 καὶ
3686 2913 3824 2985 λαμ-

2222 2997 2488 3064 πρότατοι’
2552 2999 2871 3066 τρισύπατον
2935 3000 3035 3070 γὰρ
3088 3000 3246 3051 αὐτοῦ
3303 3005 3389 3052 τὸν
3441 3007 3639 3076 πατέρα
3685 3006 3827 3073 γενέ-

2227 3081 2350 3130 σθαι
2409 3087 2582 3151 φασίν.
2640 3083 2793 3135 Ἀλλὰ
2847 3091 2936 3137 καὶ
2981 3086 3115 3139 οὓτω
3190 3095 3521 3162 περιφανείας
3593 3094 3824 3162 ἔχοντες,

2224 3164 2348 3219 οὐδὲ
2391 3178 2484 3231 τῆς
2550 3172 2664 3223 κατ’
2732 3173 2992 3226 εὐσέϐειαν
3061 3175 3390 3230 ἀπελείποντο
3447 3180 3715 3250 εὐγενείας
3787 3182 3822 3238 ἠ

2224 3261 2396 3329 μήτηρ
2456 3261 2556 3331 γὰρ
2609 3261 2748 3332 αὐτῷ
2801 3264 3049 3326 Εὐανθία,
3110 3273 3224 3328 ταῖς
3276 3276 3367 3320 τοῦ
3425 3271 3561 3321 θείου
3617 3272 3824 3322 Παύλου

2228 3343 2596 3408 ἀποστολικαῐς
2668 3357 3006 3423 παραινέσεσι
3089 3359 3182 3412 τὴν
3246 3361 3426 3409 πίστιν
3499 3356 3824 3428 ἐκμαθοῦσα,

2227 3433 2415 3493 πολλὴν
2465 3439 2676 3510 ὑπῆρχε
2726 3445 2818 3492 σῦν
2863 3451 2922 3513 τῇ
2987 3442 3138 3515 ἀρετῇ
3181 3444 3483 3498 πλουτοῦσα
3526 3452 3615 3498 καὶ
3658 3449 3828 3500 θεοσέ-

2229 3521 2387 3576 ϐειαν.
2460 3527 2599 3584 Αὕτη
2654 3533 2740 3581 τὸν
2792 3533 2921 3602 ἱερὸν
2978 3541 3157 3585 τοῦτον
3230 3533 3559 3588 ἀποτεκοῦσα
3631 3533 3826 3601 παῖδα,

2229 3617 2538 3690 Ἐλευθέριον
2596 3621 2683 3690 μὲν
2738 3621 3019 3691 ὠνόμασεν,
3079 3621 3375 3694 ἐλευθερίως
3428 3621 3486 3676 δὲ
3545 3624 3678 3677 οὓτω
3737 3631 3829 3678 καὶ

2228 3707 2394 3768 καλῶς
2453 3707 2810 3782 ἀναθρέψασα,
2865 3713 2997 3762 ὥστε
3044 3720 3105 3782 τῇ
3160 3712 3342 3770 κλήσει
3397 3723 3682 3786 συμφωνεῖν
3735 3721 3827 3768 καὶ

452 3787 770 3843 liberaliter
800 3793 855 3843 et
884 3787 1130 3842 honeste
1161 3803 1298 3842 eum
1338 3786 1634 3845 educavit,
1665 3790 1727 3840 ut
1758 3785 1984 3839 nomini
2025 3799 2116 3840 res

2229 3800 2293 3848 τὰ
2347 3799 2655 3869 πράγματα.
2713 3803 2979 3870 Τραφέντα
3051 3809 3172 3871 γοῦν
3230 3807 3318 3853 καὶ
3374 3799 3700 3874 ἀνδρωθέντα
3755 3814 3829 3873 τῷ

453 3893 694 3950 quoque
726 3878 1128 3933 convenirent.
1171 3877 1261 3932 Sic
1301 3891 1441 3944 ergo
1482 3875 1826 3938 educatum,
1868 3889 2005 3928 cum
2038 3873 2113 3928 ad

454 3967 682 4021 virilem
717 3972 947 4022 aetatem
984 3966 1366 4036 pervenisset,
1409 3964 1527 4018 Deo
1570 3967 1623 4018 et
1664 3963 2115 4033 archiepiscopo

456 4056 728 4120 Aniceto(
745 4061 788 4124 ι)
811 4055 912 4109 dat
930 4071 1088 4118 eum,
1113 4054 1342 4108 donum
1365 4054 1495 4123 ipso
1519 4052 1791 4120 dignum.
1809 4052 1939 4122 Ipse
1954 4051 2113 4105 enim

457 4147 598 4197 tunc
629 4146 910 4198 Romanae
930 4148 1178 4214 praeerat
1205 4141 1493 4196 Ecclesiaa.
1520 4141 1629 4206 Qui
1652 4140 1861 4194 videns
1880 4155 2115 4193 morum

457 4234 580 4306 ejus
612 4232 1086 4287 moderationem
1114 4235 1169 4286 et
1204 4231 1352 4285 alias
1385 4230 1655 4296 virtutes,
1698 4245 1836 4284 eum
1870 4227 2118 4300 quidem

455 4321 719 4395 primum
741 4321 1088 4387 diaconum,
1110 4321 1326 4375 deinde
1349 4318 1789 4391 presbyterum,
1815 4322 2118 4388 postremo

458 4411 812 4483 episcopum
841 4410 1077 4466 ordinat
1099 4409 1329 4481 Illyrici.

533 4500 597 4554 Ιῐ.
631 4499 846 4571 Sicque
876 4499 1139 4565 lucerna,
1172 4503 1232 4553 ut
1261 4496 1600 4569 evangelice
1622 4496 1819 4550 dicam
1855 4497 1895 4559 ³,
1930 4495 2122 4566 posita

459 4605 637 4661 super
649 4587 1088 4652 candelabrum,
1108 4593 1161 4642 et
1179 4587 1339 4641 verbi
1357 4585 1752 4658 vitaequeluce
1767 4585 2122 4640 illuminante

461 4678 786 4734 multorum
821 4677 1210 4747 cogitationes
1231 4694 1243 4728 :
1261 4675 1542 4731 etfalsam
1557 4674 1802 4747 quidem
1827 4673 2122 4729 mendacii

460 4768 791 4824 doctrinam
812 4766 1212 4838 proculcante,
1229 4765 1514 4820 doctrinae
1533 4779 1806 4818 sermone
1824 4763 2121 4823 afﬂuente.

463 4857 538 4914 ad
596 4856 778 4911 solius
847 4862 1048 4912 autem
1102 4856 1199 4911 Dei
1259 4853 1664 4923 cognitionem
1720 4853 1936 4908 multos
1986 4868 2125 4907 cono

461 4951 727 5001 vertente
757 4950 812 5000 et
854 4945 1185 5001 deducente
1234 4944 1310 4999 ad
1356 4944 1655 5014 pietatem,
1714 4957 1834 4997 non
1899 4947 2130 5013 poterat

467 5035 766 5105 malignus
787 5035 916 5091 haec
943 5034 1088 5089 ferre
1114 5033 1417 5089 moderate
1440 5055 1451 5086 :
1482 5031 1586 5087 sed
1614 5031 1775 5086 rabie
1799 5031 2044 5103 quidem
2067 5031 2125 5085 in

2228 3885 2466 3960 ἀρχιερεῖ
2508 3895 2601 3947 τῆς
2638 3887 2900 3959 Ῥωμαίων
2952 3888 3258 3950 Ἐκκλὴσιας
3327 3892 3582 3964 Ἀνικὴτῳ
3659 3892 3830 3965 [Ἀναο

2228 3975 2418 4046 κλήτῳ]
2455 3973 2622 4049 δῶρον
2653 3976 2794 4039 ἆξιον
2827 3975 3072 4047 δίδωσιν,
3127 3983 3178 4041 ὃς
3228 3984 3286 4032 τὸ
3342 3990 3433 4032 τοῦ
3465 3985 3625 4043 ἤθους
3667 3982 3830 4034 αὐτοῦ

2228 4069 2444 4136 κόσμιον
2497 4071 2584 4117 καὶ
2642 4071 2734 4124 τὴν
2782 4067 2941 4125 ἄλλην
2999 4069 3127 4140 ὁρῶν
3187 4069 3391 4141 ἀρετὴν,
3445 4068 3686 4123 διάκονον
3736 4075 3828 4143 μεν

2227 4162 2442 4226 πρῶτον,
2487 4155 2596 4206 εἶτα
2643 4155 3010 4229 πρεσϐύτερον,
3065 4163 3153 4210 καὶ
3204 4159 3491 4212 τελευταῖον
3544 4161 3830 4213 ἐπίσκοπον

2229 4251 2517 4317 χειροτονεῖ
2551 4254 2642 4297 τοῦ
2667 4245 2976 4319 Ἰλλυρικοῦ.

2304 4479 2379 4535 Β’.
2438 4486 2538 4533 Καὶ
2591 4481 2720 4532 οὕτω
2754 4478 2820 4539 δὴ
2863 4489 2952 4532 τοῦ
3000 4481 3221 4553 λύχνου,
3253 4481 3595 4553 εὐαγγελικῶς
3651 4481 3832 4549 εἰπεῖν,

2234 4573 2316 4622 ἐπὶ
2359 4575 2450 4627 τὴν
2509 4570 2727 4642 λυχνίαν
2781 4572 3028 4635 τεθέντος,
3077 4576 3164 4622 καὶ
3221 4571 3390 4642 πολλῷ
3443 4581 3514 4642 τῷ
3565 4579 3656 4622 τοῦ
3711 4569 3836 4642 βίον

2234 4664 2322 4711 καὶ
2375 4668 2446 4730 τῷ
2495 4668 2585 4711 τοῦ
2633 4659 2786 4730 λόγου
2862 4665 2990 4731 φωτὶ
3046 4662 3135 4720 τὰς
3187 4669 3286 4712 τῶν
3344 4660 3542 4713 πολλῶν
3597 4658 3836 4722 διανοίας

2235 4751 2756 4822 περιαστράπτοντος,
2818 4753 2906 4799 καὶ
2962 4745 3379 4820 καθοδηγοῦντος
3461 4754 3593 4823 πρὸς
3665 4751 3834 4801 θεοσέ-

2237 4841 2396 4903 ϐειαν,
2461 4839 2552 4890 οὐκ
2593 4834 2652 4896 ἦν
2701 4845 2864 4889 ταῦτα
2921 4838 3093 4909 πράως
3156 4842 3240 4888 τὸν
3310 4843 3532 4910 πονηρὸν
3592 4838 3836 4908 ἐνεγκεῖν,

2240 4932 2365 4984 ἀλλὰ
2407 4933 2519 4981 κατ’
2561 4927 2719 4978 αὐτοῦ
2775 4930 2863 4976 καὶ
2911 4933 3004 4986 τῆς
3047 4926 3306 4988 εὐσεϐείας
3358 4924 3523 4980 δεινὸν
3563 4930 3694 4979 ἔπνει
3749 4931 3841 4977 καὶ

2240 5026 2476 5096 μανικὸν,
2529 5022 2638 5072 ὅθεν
2697 5019 2785 5066 καὶ
2849 5018 2932 5066 τὸν
2981 5011 3254 5088 Ἀδριανὸν
3304 5013 3506 5078 ὑποδὺς
3551 5016 3683 5084 ὅλον,
3739 5022 3840 5087 πρὸ

464 5126 669 5196 ipsum
694 5125 1057 5196 agitabatur,
1086 5130 1141 5178 et
1159 5122 1415 5192 graviter
1432 5120 1696 5194 spirabat
1720 5127 1926 5175 contra
1947 5121 2106 5192 pieta

2241 5123 2339 5165 τῶν
2387 5112 2548 5163 ἄλλων
2597 5110 2856 5167 ἁπάντων,
2914 5109 2999 5156 τὸν
3057 5105 3364 5180 Ἐλευθέριον
3419 5105 3542 5157 fuit.
3598 5105 3841 5176 ἀγωνίζε-

2475 5205 2482 5216 ι
2578 5200 2587 5214 ι
2845 5203 2854 5215 ρ
3070 5205 3088 5213 ~
3181 5194 3357 5216 ,‘,-p-
3454 5191 3614 5216 _,,'.8
3720 5193 3805 5216 1i-

465 5218 607 5270 tem.
640 5217 850 5270 Totum
874 5229 1013 5268 vero
1033 5212 1273 5267 subiens
1292 5211 1636 5274 Adrianum,
1668 5225 1803 5264 cum
1826 5208 1924 5264 illo
1939 5225 2134 5264 arma-

464 5309 557 5358 tur
591 5308 800 5359 contra
830 5304 1135 5359 veritatem
1173 5323 1184 5355 :
1218 5306 1274 5356 et
1303 5306 1439 5356 ante
1468 5299 1616 5355 alios
1647 5314 1860 5354 omnes
1891 5303 2136 5355 conten'

538 5483 555 5518 ¹
600 5479 802 5538 Matth.
845 5495 903 5536 v.

2242 5224 2348 5268 ται,
2405 5205 2518 5260 τούς
2571 5200 2977 5271 έπισημοτέρους
3026 5205 3124 5248 τῶν
3173 5194 3392 5248 εὐσεϐῶν
3446 5191 3684 5247 σπεύδων
3713 5193 3840 5246 ἁπο-

2246 5294 2482 5366 θερίζειν,
2541 5292 2711 5364 ὥσπερ
2763 5285 2828 5347 δή
2867 5307 3004 5347 τινας
3043 5293 3140 5338 τῶν
3189 5284 3472 5356 ἀσταχύων
3499 5288 3838 5357 προέχοντας,

541 5609 620 5680 (1)
662 5607 814 5677 Lege
843 5605 1146 5670 Anacleto,
1181 5617 1319 5659 eum
1342 5600 1622 5658 Anicetus
1653 5599 1875 5657 sederit.
1902 5604 2043 5674 post
2065 5601 2414 5666 Adrianum,
2448 5597 2561 5654 sub
2588 5611 2711 5670 quo
2749 5608 2968 5667 passus
2999 5594 3089 5646 est
3130 5587 3520 5646 Eleutherius.
