4078 6222
235 284 319 339 129

1466 276 1634 332 VITA
1674 276 1734 332 S.
1779 272 2233 331 ELEUTHERII.

3430 276 3535 330 130

234 407 366 465 Εὐθὺς
412 401 493 455 οὗν
538 401 688 464 Φίληξ
736 420 811 462 τις
850 408 947 454 τῶν
992 408 1321 475 στρατιωτῶν
1367 404 1645 474 πέμπεται,
1685 405 1771 455 τὸν

1909 401 1964 456 lit
1991 400 2066 456 de
2109 398 2309 455 medio
2344 398 2548 455 tollere
2578 397 3000 463 Eleutherium,
3041 414 3112 454 ex
3138 398 3251 470 piis
3290 400 3541 457 studens

234 496 501 567 ’Βευθέριον
548 500 613 561 τῷ
663 489 926 563 βασιλικῷ
976 489 1179 564 βήματι
1226 500 1561 567 παραστῆναι
1627 511 1774 544 κεκε-

232 586 479 654 λευσμένος.
518 580 573 632 Ὀ
622 577 678 633 δὲ
727 585 818 637 τὴν
876 579 1155 638 ἐκκλησίαν
1206 579 1531 647 καταλαϐὼν,
1592 579 1775 639 πλήθει

231 692 273 725 τε
330 669 814 745 περικυκλωσάμενος
894 678 1245 741 στρατιωτῶν,
1305 675 1395 721 καὶ
1468 673 1554 721 τόν
1629 669 1777 741 ἅγιον

233 758 346 813 ἔνδον
399 758 674 821 ἀπολαϐὼν,
723 760 835 811 εἶτα
880 764 969 811 καὶ
1019 758 1276 825 εἰσελθὼν,
1328 762 1415 811 καὶ
1472 757 1635 832 ἀγρίῳ
1689 762 1779 830 μὲν

232 855 408 922 ὄμματι,
458 847 743 921 ἆγριωτέρῳ
794 843 854 899 δε
892 852 1182 921 φρονήματι
1229 855 1334 907 τοίς
1382 849 1545 922 ὁρῶσι
1586 851 1775 919 φανείς

230 935 355 999 ὡςδέ
397 934 525 989 εἶδον
555 936 705 988 αὐτὸν
748 940 806 988 τό
844 944 938 996 τῆς
981 932 1333 995 διδασκαλίας
1376 932 1597 994 ἣδιστον
1644 942 1782 1007 νᾶμα

229 1031 499 1101 προχέοντα,
530 1030 617 1077 καὶ
667 1029 760 1077 σὺν
794 1025 1050 1097 εὐκοσμίᾳ
1087 1025 1245 1097 πολλῇ
1296 1031 1400 1085 τοῖς
1432 1032 1649 1076 συνοῦσι
1687 1029 1781 1083 τὴν

230 1115 450 1169 εὐσέϐειαν
501 1114 933 1185 καταγγέλλοντα,
981 1119 1076 1172 τὴν
1127 1122 1219 1166 τοῦ
1274 1121 1507 1186 Χριστοῦ
1561 1109 1781 1185 δύναμιν

230 1206 469 1277 θαυμάζων
514 1201 592 1262 ἦν.
648 1209 745 1256 Καὶ
803 1202 1100 1275 μεταϐαλὼν
1150 1203 1338 1255 αὐτίκα
1391 1211 1485 1265 τῆς
1541 1200 1784 1273 ἀγριότη-

228 1315 312 1359 τος,
340 1292 579 1365 πρόϐατον
635 1292 744 1345 ἀντὶ
774 1292 953 1357 λύκου,
985 1298 1074 1344 καὶ
1105 1294 1347 1364 μαθητὴς
1392 1292 1503 1344 ἀντὶ
1555 1288 1780 1344 διώκτου

226 1388 533 1453 γίνεται·καί
586 1383 817 1455 ὑπερορᾷ
863 1385 951 1453 μὲν
1001 1381 1162 1433 αύτοῦ
1221 1379 1499 1452 βασιλέως,
1550 1386 1784 1451 προσπί-

228 1491 319 1523 πτει
353 1469 405 1523 δὲ
444 1479 543 1531 τοῖς
574 1474 699 1522 ποσί
732 1478 825 1522 τοῦ
866 1470 1039 1541 ἁγίου,
1073 1475 1162 1521 καὶ
1191 1472 1248 1521 τὸ
1294 1468 1394 1521 ἀπό
1424 1464 1580 1520 τοῦδε
1626 1478 1784 1528 συνῆν

230 1561 341 1630 αύτῷ
374 1566 474 1621 τοῖς
514 1559 707 1612 ἐκείνου
754 1560 924 1630 λόγοις
977 1564 1103 1632 πρὸς
1151 1564 1244 1618 τήν
1296 1558 1556 1612 εὐσέϐειαν
1601 1578 1782 1632 στηρι-

232 1651 419 1720 ζόμενος.
476 1648 612 1702 ’Δλλ⁹
668 1649 803 1701 οὕτω
854 1652 944 1721 μὲν
992 1650 1018 1701 6
1070 1648 1231 1710 Φίληξ
1283 1647 1462 1715 ἐποίει,
1513 1653 1602 1699 καὶ
1658 1652 1788 1721 πρός

1884 490 2181 545 demetere
2198 503 2326 554 eos,
2345 487 2448 561 qui
2461 493 2627 543 erant
2640 486 3017 556 insigniores,
3038 490 3325 558 tanquam
3340 491 3538 562 spicas

1885 578 2187 651 quasdam
2208 578 2435 633 castoris
2458 577 2898 649 praestantiores
2929 592 2940 629 :
2966 580 3021 630 et
3047 576 3245 631 statim
3267 593 3404 633 cum
3432 585 3545 634 ter-

1886 668 2040 724 ribili
2061 667 2355 737 legatione
2375 667 2620 721 mittitur
2644 664 2794 721 Felix
2816 664 3083 735 quidam,
3108 681 3260 720 unus
3288 682 3360 721 ex
3387 666 3548 723 duci-

1887 757 2001 812 bus
2031 755 2340 821 exercitus,
2361 755 2569 827 jussus
2606 760 2666 810 ut
2700 769 2802 824 per
2832 756 2949 808 vim
2984 754 3244 809 adducat
3283 754 3549 811 Eleuthe-

1888 847 2065 912 rium,
2097 850 2152 899 et
2168 861 2307 900 eum
2326 845 2647 899 sistatante
2661 842 3409 914 tribunalimperatorium.
3439 845 3547 909 Qui

1889 950 2018 991 cum
2031 934 2108 988 ad
2126 932 2336 990 Christi
2350 932 2657 988 mandram
2682 931 3551 1004 pervenisset,ecclesiam,eam

1889 1024 2253 1080 extrinsecus
2306 1021 2685 1077 circumsidet
2732 1020 3108 1075 multitudine
3160 1021 3413 1077 militum
3448 1040 3461 1077 :
3496 1027 3555 1079 et

1890 1129 2029 1169 cum
2050 1112 2204 1167 intus
2232 1111 2638 1182 intercepisset
2657 1109 3075 1175 Eleutherium,
3103 1116 3390 1183 tanquam
3410 1127 3553 1183 pre-

1892 1201 2024 1257 dam
2044 1201 2297 1272 aliquam
2315 1199 2588 1254 studebat
2606 1198 2825 1253 habere
2840 1213 3067 1267 agnum
3081 1198 3311 1254 Christi.
3333 1200 3553 1255 Deinde

1893 1290 2183 1361 templum
2209 1289 2533 1357 ingressus,
2560 1292 2618 1343 et
2641 1286 2985 1343 truculentis
3006 1287 3254 1359 quidem
3285 1287 3472 1343 oculis
3499 1293 3556 1344 et

1893 1377 2309 1435 truculentiore
2331 1378 2507 1432 etiam
2522 1375 3048 1448 spiritu,tanquam
3068 1376 3200 1448 ipso
3219 1378 3387 1434 vultu
3402 1377 3452 1448 ej
3464 1394 3554 1443 us,

1893 1468 1998 1531 qui
2025 1466 2286 1529 miserat,
2319 1465 2666 1535 signiﬁcans
2693 1464 3002 1533 saevitiam,
3026 1481 3086 1519 se
3116 1466 3436 1521 ostendens
3464 1466 3556 1536 iis,

1895 1557 1995 1629 qui
2021 1555 2305 1612 videbant
2333 1578 2345 1609 :
2374 1561 2699 1627 postquam
2725 1554 2872 1610 vidit
2904 1556 3303 1611 Eleutherium
3329 1557 3561 1612 suavis-

1897 1646 2122 1700 simum
2152 1644 2429 1699 doctrinae
2463 1642 2756 1699 ﬂuentum
2785 1642 3266 1715 profundentem.
3302 1650 3357 1700 et
3388 1660 3563 1702 orna-

230 1742 296 1789 τόν
339 1738 704 1790 ἀποστείλαντα
776 1733 1021 1809 οὐδαμῶς
1096 1736 1427 1809 ἀναστρέφειν
1486 1737 1703 1807 ἠγάπα·
1762 1736 1788 1786 6

1909 1734 2123 1790 tissime
2180 1734 2463 1804 pietatem
2515 1732 2975 1788 annuntiantem
3018 1733 3111 1798 iis,
3144 1734 3250 1804 qui
3301 1750 3441 1789 cum
3490 1750 3562 1791 eo

234 1830 336 1888 θεῖος
382 1824 435 1880 δι
484 1826 807 1900 Ἐλευθέριος
850 1825 1326 1901 παρρησιάσασθαι
1385 1831 1476 1883 τήν
1527 1823 1789 1877 εὐσέϐειαν

237 1918 625 1989 προθυμούμενος,
683 1920 890 1989 πορείας
959 1915 1111 1975 εύθύς
1165 1919 1356 1987 εἴχετο,
1407 1919 1495 1966 καὶ
1567 1918 1652 1965 τόν
1706 1918 1793 1965 Φί-

242 2005 336 2054 in:
373 2010 708 2076 συνεπόμενον
757 2008 912 2076 έχων.
944 2003 1033 2066 Ὠς
1082 2000 1141 2056 δε
1183 2007 1319 2056 κατὰ
1347 2009 1435 2061 τήν
1478 1999 1601 2055 ὁδὸν
1634 1999 1792 2055 ὕδατι

238 2099 507 2166 περιέτυχον,
565 2094 718 2153 οἱλλος
771 2094 913 2154 οὗτος
963 2090 1246 2155 Κανδάκης
1293 2095 1318 2144 6
1368 2092 1529 2154 Φίληξ
1572 2097 1791 2162 γίνεται,

232 2188 297 2233 καὶ
334 2186 461 2252 παρά
490 2183 755 2236 Φιλίππου
786 2190 877 2234 τοῦ
927 2184 1064 2234 θείου
1097 2181 1418 2255 Ἐλευθερίου
1452 2179 1789 2254 βαπτίζεται,

228 2275 299 2328 τὴν
326 2269 743 2344 εἰδωλολατρείαν
772 2290 826 2323 τε
858 2270 1219 2323 ἁποϐάλλεται.

1900 1822 2307 1887 versabantur,
2324 1822 2419 1877 ille
2439 1821 2780 1876 mirandum
2802 1822 2861 1876 in
2886 1821 3133 1877 modum
3152 1822 3565 1879 admirabatur

1901 1912 2108 1968 Christi
2138 1913 2409 1967 virtutem
2442 1917 2546 1977 :_et
2576 1910 2775 1966 statim
2826 1914 3056 1966 mutata
3104 1910 3333 1967 saevitia
3378 1911 3565 1982 (visus

1901 2005 1989 2057 est
2016 2001 2174 2055 enim
2203 2000 2425 2055 habere
2456 2000 2728 2055 animum
2760 2003 2969 2069 aptum
3001 1998 3079 2055 ad
3109 1999 3563 2071 suscipiendum

1902 2088 2135 2145 semina
2151 2089 2426 2161 pietatis),
2446 2088 2510 2143 ﬁt
2529 2088 2656 2144 ovis
2673 2102 2782 2159 pro
2805 2087 2965 2158 lupo,
2982 2092 3037 2143 et
3060 2102 3168 2159 pro
3190 2094 3566 2160 persecutore

1902 2178 2229 2250 discipulus
2263 2196 2274 2232 :
2307 2184 2363 2233 et
2392 2180 2658 2249 priorum
2689 2176 2871 2232 veluti
2909 2176 3145 2246 oblitus,
3188 2193 3305 2233 non
3330 2177 3482 2234 latro
3512 2184 3568 2235 et

1902 2272 2268 2340 persecutor,
2302 2267 2406 2323 sed
2429 2266 2657 2331 Christi,
2688 2282 2870 2339 quem
2903 2266 3397 2338 persequebatur,
3422 2268 3569 2323 ami-

225 2377 308 2416 cus
335 2367 383 2415 et
408 2361 743 2433 discipulus
777 2379 789 2419 :
832 2365 890 2416 et
912 2360 1169 2432 despicit
1197 2359 1440 2431 quidem
1470 2358 1672 2431 ipsum
1702 2359 2124 2429 imperatorem
2159 2372 2171 2411 :
2204 2356 2471 2428 procedit
2498 2361 2698 2412 autem
2732 2356 2805 2411 ad
2837 2356 3019 2427 pedes
3050 2356 3259 2422 sancti,
3288 2360 3345 2412 et
3390 2357 3467 2412 ab
3498 2371 3570 2413 eo

224 2454 449 2521 tempore
495 2450 718 2505 lubens
749 2450 1098 2505 versabatur
1129 2464 1261 2504 cum
1302 2449 1612 2517 magistro,
1643 2447 1800 2502 illius
1828 2447 2021 2502 verbis
2048 2446 2439 2511 illuminatus,
2468 2452 2525 2501 et
2552 2446 2613 2501 in
2643 2446 2859 2516 pietate
2888 2444 3300 2501 conﬁrmatus.
3333 2445 3450 2501 Sed
3482 2446 3565 2502 sic

223 2537 429 2610 quidem
454 2538 597 2594 fecit
624 2538 798 2606 Felix,
822 2542 876 2594 et
900 2553 1279 2609 nequaquam
1303 2537 1529 2592 curavit
1555 2536 1763 2593 reverti
1790 2534 1869 2592 ad
1893 2550 2053 2599 eum,
2078 2536 2180 2605 qui
2210 2536 2468 2590 miserat.
2501 2537 2627 2590 Non
2655 2539 2782 2589 erat
2806 2539 3027 2598 autem,
3059 2534 3113 2589 id
3131 2534 3298 2606 quod
3324 2534 3570 2591 videba-

226 2632 302 2682 tur
330 2627 677 2683 Eleutherio.
712 2626 1052 2683 Festinabat
1076 2627 1238 2682 enim
1264 2627 1340 2682 ad
1373 2624 1805 2682 confessionem
1834 2640 1849 2680 :
1874 2630 2118 2695 eratque
2145 2630 2427 2695 prompto
2449 2628 2504 2679 et
2527 2623 2709 2678 alacri
2741 2625 2943 2677 animo
2972 2623 3049 2677 ad
3077 2626 3355 2694 pietatem
3380 2623 3569 2679 libere

236 2714 597 2773 eﬂ'erendam.
631 2716 743 2772 lter
769 2722 919 2772 certe
976 2715 1243 2789 protinus
1285 2721 1371 2771 est
1400 2716 1729 2786 ingressus,
1771 2712 1997 2769 habens
2022 2714 2198 2767 etiam
2230 2728 2291 2766 se
2324 2716 2665 2782 sequentem
2698 2710 2947 2766 Felicem
2978 2710 3191 2765 ducem
3248 2712 3564 2776 exercitus,

230 2802 353 2860 Cum
398 2810 603 2861 autem
662 2805 812 2861 inter
842 2804 1106 2860 eundum
1157 2804 1216 2859 in
1247 2820 1468 2876 aquam
1497 2804 1860 2867 inctdissent,
1893 2801 1958 2857 ﬁt
1981 2801 2079 2856 hic
2112 2801 2265 2857 Felix
2296 2800 2447 2856 alius
2501 2801 2806 2857 Candaces
2835 2815 2848 2854 :
2882 2804 2938 2854 et
2981 2816 3015 2854 a
3050 2799 3252 2855 divino
3289 2799 3563 2871 Philippo

224 2892 524 2964 baptizatur
589 2898 632 2961 ',
711 2909 930 2965 nempe
976 2894 1332 2963 Eleutherio,
1391 2901 1448 2949 et
1499 2892 1851 2949 idololatrias
1930 2890 2201 2960 caligine,
2253 2894 2544 2961 tanquam
2604 2889 2839 2960 putrido
2923 2886 3123 2959 aliquo
3188 2888 3563 2952 indumento,

223 2984 442 3038 exuitur.

280 3071 342 3124 Γ.
372 3072 508 3125 Ἐπεὶ
576 3067 634 3125 δε
672 3076 761 3123 καὶ
790 3076 881 3130 τὴν
910 3071 1109 3144 Ῥώμην
1160 3070 1458 3137 κατελαϐον,
1503 3069 1663 3133 ψίληξ
1709 3073 1797 3141 μὲν
1838 3068 1879 3125 C

224 3168 313 3222 τοῖς
362 3161 407 3214 έν
476 3162 655 3234 Ῥώμῃ
730 3168 939 3222 πιστοῖς
1005 3164 1072 3213 τὰ
1127 3162 1262 3213 κατὰ
1334 3164 1420 3213 τόν
1488 3160 1799 3232 Ἐλευθέριον

228 3246 517 3320 arma)“,
577 3250 894 3325 Ἐλευθέριον
950 3246 1008 3303 δί
1079 3251 1104 3301 6
1169 3247 1415 3322 βασιλεὺς
1480 3258 1552 3320 τῷ
1617 3249 1801 3300 ἑαυτοῦ

226 3343 488 3409 παρίστησι
532 3338 745 3413 βήματι
778 3357 791 3369 ⁸
827 3340 879 3390 ὃν
931 3343 1019 3391 καὶ
1070 3335 1196 3391 ἰδὼν
1251 3343 1359 3391 νέον
1412 3357 1465 3390 τε
1520 3343 1609 3389 καὶ
1661 3357 1801 3412 περι-

226 3426 379 3491 καλλῆ,
435 3435 525 3482 καὶ
578 3436 656 3499 τῷ
726 3436 813 3490 τῆς
869 3427 1057 3503 ἀρετῆς
1096 3434 1278 3500 κόσμῳ
1321 3427 1508 3499 ψυχήν
1560 3427 1669 3498 ἅμα
1712 3432 1801 3478 καὶ

228 3514 488 3590 ὀφθαλμούς
559 3517 898 3590 ἀγλαίζοντα,
958 3517 1068 3571 Ἵνα
1128 3522 1197 3581 τί,
1264 3523 1441 3589 φησὶν,
1500 3516 1797 3588 Ἐλευθέριε,

226 3610 299 3660 τὴν
338 3613 574 3680 πατρῴαν
628 3608 909 3679 θρησκείαν
943 3604 1223 3667 ἀπολιπὼν,
1258 3609 1433 3657 καινόν
1485 3624 1600 3657 τινα
1641 3623 1803 3679 πρεσ-

228 3691 361 3755 ϐεύεις
412 3701 557 3758 Θεὸν,
622 3700 713 3747 καὶ
768 3703 945 3747 τοῦτον
1008 3693 1430 3768 έσταυρωμένον;
1486 3694 1801 3767 Ἐλευθέριος

230 3780 276 3835 δε
320 3789 436 3856 πρὸς
492 3788 662 3845 οὖτως
718 3784 1064 3838 ἀσυνετοῦντα
1114 3781 1253 3857 μηδὲ
1301 3783 1672 3857 ἀποκρίνεσθαι
1728 3785 1803 3835 θέ-

227 3871 325 3937 λων,
350 3874 503 3935 ἄλλως
528 3894 585 3927 τε
628 3870 687 3927 δι
716 3880 805 3926 καὶ
836 3874 968 3926 αὐτὰ
999 3870 1067 3932 δὴ
1116 3877 1181 3926 τὰ
1210 3882 1302 3926 τοῦ
1352 3881 1586 3947 Χριστοῦ
1617 3876 1664 3925 ἓν
1696 3880 1803 3933 τοίς

230 3960 335 4035 ὑπὲρ
398 3970 639 4037 Χριστοῦ
714 3965 1049 4035 μιμούμενος,
1117 3972 1324 4014 σιωπῶν
1384 3962 1609 4019 ἑστήκει.
1670 3961 1804 4015 Ἀλλ’

231 4046 467 4125 ἁπόκρινε,
511 4058 607 4103 καὶ
662 4047 812 4112 αὖθις
864 4053 889 4103 6
949 4050 1196 4123 βασιλεὺς
1244 4054 1359 4123 ἔφη,
1408 4056 1525 4123 περὶ
1555 4051 1622 4102 ὧν
1672 4052 1804 4125 ἠρω-

229 4140 386 4199 τήθης.
427 4137 555 4193 Εἶτα
610 4145 698 4191 καὶ
746 4147 839 4202 τῆς
887 4145 1095 4213 πικρίας
1143 4136 1344 4206 ἐνδούς,
1396 4142 1649 4197 Πείσθητί
1694 4160 1805 4211 μοι,

228 4225 363 4297 ἕλε-γε,
429 4236 514 4282 καὶ
572 4236 678 4289 τοίς
749 4229 1026 4291 ἀηττήτοις
1082 4231 1239 4281 θῦσον
1302 4231 1469 4290 θεοῖς·
1523 4230 1565 4281 εὶ
1618 4226 1669 4281 δ’
1725 4229 1805 4293 ού,

230 4317 440 4384 χαλεπὰς
488 4318 660 4381 ἐπάξω
716 4338 799 4371 σοι
842 4323 1119 4392 τιμωρίας,
1166 4319 1447 4388 πειθομένῳ
1488 4314 1546 4370 δὲ
1594 4322 1681 4377 τὰς
1725 4337 1810 4390 με·

230 4408 393 4472 ’κίστας
444 4406 651 4477 παρέξω
696 4408 869 4477 τιμάς.
931 4411 1032 4459 Καὶ
1088 4407 1113 4457 6
1187 4404 1498 4479 Ἐλευθέριος
1555 4406 1811 4480 εύπσρῥη-

234 4509 436 4555 σιαστως
468 4514 482 4527 ’

235 4580 369 4647 θεοῖς,
421 4585 449 4641 ἡ
509 4584 635 4636 ἄλλο
695 4583 989 4655 ἀνεχομένῳ
1045 4585 1415 4656 συνθήσομαι;
1476 4590 1587 4644 lla);
1637 4582 1695 4635 δε
1752 4583 1810 4635 ού

233 4670 399 4738 μᾶλλον
447 4672 741 4731 ἀποστῆναι
781 4676 974 4725 τούτων
1016 4678 1105 4725 καὶ
1152 4673 1273 4744 ὑμῖν
1316 4671 1809 4743 συμϐουλεύσαιμις

235 4755 555 4825 ἀπειθοῦντας
614 4758 671 4814 δε
745 4759 997 4833 δακρύσω
1062 4770 1156 4822 τῆς
1214 4759 1473 4827 ἀπονοίας,
1531 4762 1612 4813 ὅτι
1678 4761 1813 4832 λόγῳ

235 4851 343 4920 πρὸς
398 4858 531 4903 Θεοῦ
585 4851 900 4922 τιμηθέντες,
956 4848 1115 4912 ξύλων
1167 4853 1257 4901 καί
1313 4849 1468 4901 λίθων
1525 4848 1815 4923 ἁτιμότεροι

237 4938 593 5003 καθεστήκατε,
638 4941 783 5001 θεούς
829 4946 996 4991 ταῦτα
1041 4940 1339 5010 ἡγούμενοι,
1386 4944 1475 4989 καὶ
1514 4942 1600 4990 τὸν
1648 4939 1811 4997 ἁληθῆ

240 5029 349 5076 Θεὸν
410 5027 636 5103 ἀφρόνως
688 5026 1145 5101 ἀποστρεφόμενοι,
1202 5027 1252 5088 ὃς
1306 5030 1371 5079 τὰ
1414 5030 1583 5080 πάντα
1620 5028 1817 5102 ῥήματι

242 5123 613 5175 συνεστήσατο·
668 5124 755 5170 καὶ
803 5120 940 5189 ἡμᾶς
996 5113 1077 5185 δε,
1131 5126 1228 5169 τῶν
1288 5119 1448 5169 αὐτοῦ
1516 5119 1817 5188 κτισμάτων

242 5206 290 5253 τὸ
327 5206 593 5260 κάλλιστόν
622 5226 677 5260 τε
717 5213 807 5259 καὶ
854 5212 1186 5279 τιμιώτατον,
1221 5207 1263 5259 εἰ
1305 5212 1393 5259 καὶ
1432 5208 1604 5279 ὥσπερ
1646 5205 1692 5257 έν
1736 5226 1819 5257 νυ-

245 5302 512 5369 κτομαχίᾳ,
567 5302 625 5350 τό
672 5296 811 5369 φίλον
864 5315 918 5349 τε
974 5301 1062 5349 καὶ
1103 5295 1344 5367 πολέμιον
1397 5295 1697 5368 ἀγνοοῦμεν,
1730 5300 1819 5347 καὶ

247 5387 359 5452 πρὸς
411 5389 499 5457 μὶν
575 5390 661 5439 τόν
731 5386 976 5459 ἡμέτερον
1043 5389 1305 5444 Δεσπότην
1381 5384 1817 5457 έκπολεμούμεθα,

310 5550 330 5583 ²
357 5557 469 5607 act.
499 5569 619 5609 vm.
699 5555 718 5588 ⁹
752 5552 889 5608 Luc.
930 5566 1046 5609 xxx.

2016 3068 2109 3123 111.
2126 3068 2447 3141 Postquam
2462 3082 2601 3122 vero
2619 3067 2824 3122 itinere
2838 3066 3110 3122 confecto
3124 3064 3379 3122 Romam
3395 3080 3570 3122 vene-

1907 3164 2065 3227 runt,
2091 3174 2127 3213 a
2157 3156 2431 3212 ﬁdelibus
2454 3156 2720 3227 quidem,
2745 3156 2849 3227 qui
2880 3162 3051 3211 erant
3078 3158 3300 3220 Romae,
3325 3155 3567 3225 agnitus

1909 3246 2210 3318 sigillatim
2242 3246 2317 3301 de
2339 3244 2671 3301 Eleutherio
2693 3244 2902 3300 omnia
2931 3247 3265 3300 annuntiat.
3300 3244 3573 3301 Eleuthe-

1908 3337 2067 3393 rium
2098 3341 2298 3392 autem
2325 3336 2534 3406 jussus
2559 3333 2938 3405 imperatoris
2970 3334 3310 3405 imperabat
3341 3334 3460 3389 sisti
3494 3332 3571 3390 ad

1910 3426 2064 3481 illius
2094 3424 2375 3480 tribunal.
2408 3423 2507 3479 Ille
2529 3439 2670 3478 vero
2701 3427 2828 3478 tam
2859 3438 3082 3493 magno
3106 3428 3163 3478 et
3191 3422 3426 3479 excelso
3449 3422 3574 3479 ani-

1913 3530 2011 3569 mo
2042 3512 2391 3585 ingreditur,
2434 3527 2503 3566 ac
2536 3510 2585 3565 si
2619 3526 2740 3566 non
2772 3510 2850 3566 ad
2883 3512 3232 3576 certamina,
3267 3510 3369 3565 sed
3395 3510 3473 3567 ad
3493 3510 3575 3566 fe-

1911 3608 2068 3659 stum
2100 3606 2515 3658 accerseretur.
2552 3602 2741 3665 Quem
2782 3615 2917 3654 cum
2947 3600 3283 3671 aspexisset
3310 3601 3575 3671 impera-

1912 3698 2021 3755 tor,
2055 3696 2117 3745 ut
2139 3690 2283 3745 vidit
2312 3706 2451 3744 eum
2496 3705 2624 3743 esse
2665 3694 2720 3743 et
2744 3688 3021 3759 juvenem
3060 3693 3118 3743 et
3156 3688 3489 3744 formosum
3521 3694 3578 3745 et

1908 3780 2141 3835 virtutis
2179 3783 2532 3834 ornamento
2574 3781 2630 3831 et
2660 3777 2862 3833 animo
2902 3781 2958 3831 et
2994 3776 3183 3832 oculis
3222 3777 3509 3832 decorum
3552 3794 3568 3835 :

1914 3870 2047 3933 Cur,
2095 3868 2309 3939 inquit,
2338 3882 2374 3922 ο
2422 3865 2735 3932 Eleutheri,
2779 3864 2968 3935 patria
3019 3866 3224 3921 relicta
3262 3865 3572 3933 religione,

1914 3959 2164 4013 deorum
2206 3955 2421 4011 cultum
2454 3953 2622 4010 nihili
2679 3953 2922 4017 faciens,
2967 3968 3192 4009 novum
3249 3954 3574 4025 quemdam

1918 4051 2100 4103 Deum
2133 4046 2275 4101 colis
2302 4061 2313 4099 :
2350 4045 2517 4116 isque
2547 4060 2686 4099 cum
2718 4058 2839 4099 non
2862 4042 3058 4098 solum
3092 4042 3169 4097 sit
3192 4047 3394 4114 aperte
3424 4059 3577 4100 mor-

1915 4142 2075 4201 tuus,
2110 4135 2215 4190 sed
2247 4135 2425 4191 etiam
2458 4138 2711 4189 mortem
2756 4132 2999 4188 subierit
3041 4132 3454 4203 turpissimam
3484 4131 3513 4187 ‘l
3543 4152 3573 4186 η

1919 4226 2284 4282 Eleutherius
2297 4228 2496 4279 autem
2527 4222 2599 4286 ei,
2620 4223 2722 4294 qui
2742 4238 2805 4277 se
2834 4226 2955 4277 tam
2979 4221 3153 4277 stulte
3172 4221 3435 4292 gerebat,
3468 4236 3578 4277 nec

1919 4313 2408 4386 respondendum
2434 4312 2681 4384 quidem
2712 4326 2841 4366 esse
2872 4310 3218 4375 arbitratus,
3259 4314 3317 4365 et
3349 4310 3577 4383 alioqui

1920 4405 2120 4476 ipsum
2161 4402 2450 4457 Christum
2484 4401 2541 4455 in
2575 4400 2668 4464 iis,
2708 4416 2844 4471 quis
2875 4414 2984 4469 pro
3024 4399 3256 4456 Christo
3287 4415 3578 4471 passurus

536 4501 639 4548 Καὶ
710 4503 815 4555 πῶς
894 4494 973 4565 ἂν,
1038 4498 1151 4567 ἔφη,
1212 4497 1467 4557 τοιούτοις
1545 4495 1798 4567 λατρεῦσαι

1922 4496 2067 4558 erat,
2096 4492 2334 4547 imitans
2364 4489 2559 4545 stabat
2583 4495 2808 4544 tacens.
2834 4510 2861 4538 ‹‹
2882 4487 2998 4543 Sed
3026 4489 3345 4559 responde,
3372 4504 3580 4543 rursus

1923 4582 2067 4637 dixit
2087 4582 2410 4651 imperator
2436 4594 2450 4633 :
2487 4578 2595 4644 Qui
2618 4577 2701 4642 ﬁt,
2728 4577 2895 4649 quod
2926 4582 2981 4633 te
3013 4583 3135 4633 tam
3150 4576 3359 4633 stolide
3385 4592 3583 4647 geras,

1924 4672 2058 4728 etin
2080 4670 2241 4725 hunc
2258 4668 2723 4725 Christianorum
2750 4666 2977 4722 cultum
3008 4667 3291 4721 insanum
3320 4672 3373 4722 te
3389 4666 3587 4721 immi-

1926 4759 2070 4815 seris
2090 4758 2119 4813 ‘I
2146 4780 2169 4809 υ
2205 4756 2424 4813 Deinde
2454 4755 2831 4827 aliquantum
2862 4755 3168 4810 remittens
3194 4754 3267 4810 de
3300 4754 3586 4810 acerbita-

1926 4854 2012 4905 te:
2049 4869 2076 4897 «
2105 4850 2264 4911 Pare,
2297 4846 2503 4917 inquit,
2536 4844 2681 4900 mihi
2710 4849 2767 4899 et
2797 4844 2909 4898 diis
2938 4843 3171 4899 invictis
3205 4844 3495 4899 sacriﬁca.
3523 4842 3585 4899 Si

1926 4936 2085 4992 enim
2124 4951 2444 5008 persuasus
2474 4934 2854 4997 convertaris,
2886 4931 3146 4988 honores
3173 4932 3274 4987 tibi
3301 4932 3585 5004 praebebo

1926 5026 2226 5082 maximos
2254 5040 2267 5079 :
2293 5022 2385 5078 sin
2411 5028 2613 5077 autem
2647 5037 2761 5077 non
2792 5037 3024 5093 pareas,
3057 5022 3413 5092 gravissima
3443 5019 3585 5076 infe-

1925 5132 2055 5172 ram
2110 5113 2426 5186 supplicia.
2487 5111 2853 5167 Eleutherius
2908 5126 3045 5166 vero
3106 5111 3357 5165 Domino
3415 5110 3587 5164 invo-

1927 5210 2076 5267 cato,
2134 5204 2233 5275 qui
2288 5201 2489 5259 dixit:
2558 5200 2740 5257 Nolite
2796 5215 2923 5255 esse
2980 5198 3231 5262 solliciti,
3278 5198 3589 5269 quomodo

1931 5298 2034 5349 aut
2054 5293 2201 5364 quid
2230 5289 2658 5362 respondeatis.
2691 5289 2937 5344 Dabitur
2973 5287 3131 5343 enim
3164 5286 3361 5351 vobis,
3394 5287 3591 5360 inquit

1930 5381 2046 5450 ille,
2080 5379 2391 5455 sapientia,
2424 5378 2521 5435 cui
2558 5378 2757 5436 nullus
2786 5376 3004 5451 poterit
3032 5376 3305 5435 resistere
3337 5378 3359 5413 ³
3393 5396 3406 5438 :
3440 5378 3593 5444 Quo-
