4078 6222
486 257 576 312 131
1878 248 2140 319 MENSIS
2156 247 2464 308 APRILIS.
3751 256 3853 312 I32

476 386 683 454 modo,
709 384 919 457 inquit,
961 385 1165 454 potero
1194 380 1477 437 sustinere
1508 380 1723 437 talibus
1753 380 1869 437 diis
1898 381 2110 436 servire

2245 386 2360 441 τοὺς
2409 377 2468 433 δὲ
2519 379 2721 442 ἀληθῶς
2768 378 3045 451 πολεμίους
3092 386 3207 444 τοὺς
3252 380 3502 456 δαίμονας
3548 392 3726 457 τιμαῖς
3771 389 3826 439 θε

475 481 580 532 aut
606 474 703 531 alii
734 471 1047 528 sustinenti
1073 471 1364 525 assentiar
1384 468 1412 523 ‘2
1445 470 1756 535 Quomodo
1783 475 1982 525 autem
2011 485 2110 525 nor

2242 472 2526 541 ραπεύομεν
2571 473 2656 521 καὶ
2704 470 2931 528 θυσίαις.
2967 468 3167 541 Ἔγωγε
3220 469 3308 524 οὖν
3352 482 3443 526 τοῦ
3492 473 3616 543 ἐμοῦ
3656 482 3849 528 Δεσπό·

476 564 668 635 magis
692 561 859 616 vobis
885 558 1288 615 consuluerim
1315 560 1392 613 ab
1414 558 1498 613 eis
1519 557 1805 613 deﬁcere:
1841 564 1897 613 et
1928 559 1974 612 si
2007 573 2130 613 non

474 652 749 725 pareatis,
775 652 1029 703 vestram
1056 647 1310 702 deﬂeam
1338 646 1685 711 amentiam,
1714 647 1880 720 quod
1902 646 2110 703 rationi

2239 657 2552 721 περιφρονῶν
2583 652 2673 698 καὶ
2714 650 2885 718 τιμὰς,
2918 652 3007 699 καὶ
3050 651 3108 699 τό
3140 647 3413 703 ἀποθανεῖν
3454 654 3580 724 ὑπὲρ
3618 660 3851 727 Χριστοῦ

470 758 507 797 a
539 741 656 794 Deo
684 738 978 801 honorari,
1021 735 1213 792 effecti
1238 736 1376 791 estis
1411 737 1644 792 viliores
1674 736 1850 807 lignis
1890 742 1947 791 et
1988 735 2110 807 lapi

2238 741 2435 808 τρυφὴν
2465 740 2554 787 καὶ
2586 734 2894 807 ἁγαλλίασιν
2925 740 3082 798 ὅντως
3110 739 3410 810 ἡγούμενος.

468 829 665 892 dibus,
700 828 852 883 adeo
880 831 943 882 ut
967 827 1094 881 haec
1124 824 1266 881 deos
1297 841 1425 880 esse
1457 826 1670 897 putetis
1696 842 1713 880 :
1754 830 1811 880 et
1841 841 1959 880 non
1983 824 2180 880 solum
2208 840 2357 888 esse,
2390 825 2495 880 sed
2528 826 2709 880 etiam
2732 824 2885 879 bene
2911 840 3037 880 esse
3060 826 3400 883 existimetis
3429 844 3442 883 :
3486 830 3669 902 idque
3699 847 3848 888 vero

474 921 588 974 Deo
618 917 841 982 relicto,
869 916 972 987 qui
1001 914 1223 969 ratione
1276 914 1575 970 constituit
1620 915 1963 969 universum
1994 914 2023 967 ?
2072 912 2299 968 Caelum
2341 914 2500 968 enim
2530 916 2590 967 et
2618 920 2769 968 terra
2801 918 2941 968 sunt
2977 930 3132 984 opus
3164 932 3377 972 manus
3406 917 3585 973 illius.
3619 919 3847 975 Sumus

472 1022 608 1061 vero
634 1021 745 1061 nos
771 1021 840 1060 ex
856 1004 947 1073 iis,
969 1020 1106 1076 quae
1132 1005 1371 1066 creavit,
1394 1019 1548 1074 opus
1572 1003 2048 1075 pulcherrimum
2065 1006 2121 1058 et
2144 1001 2648 1073 pretiosissimum
2674 1018 2688 1057 :
2710 1002 2946 1057 etiamsi
2974 1006 3262 1075 tanquam
3289 1005 3351 1060 in
3379 1021 3587 1077 pugna
3611 1013 3859 1063 noctur-

466 1111 547 1151 na
583 1096 939 1165 ignoramus
966 1092 1019 1147 id
1060 1092 1223 1165 quod
1255 1097 1343 1148 est
1369 1093 1633 1148 amicum
1672 1098 1729 1147 et
1757 1091 1966 1147 hostile
1998 1109 2010 1146 :
2054 1095 2111 1147 et
2150 1090 2439 1146 adversus
2480 1095 2751 1146 nostrum
2789 1090 3039 1163 quidem
3072 1091 3395 1149 Dominum
3426 1094 3649 1150 bellum
3693 1096 3852 1165 geri-

470 1202 603 1242 mus
627 1201 757 1240 :eos
780 1190 1000 1249 autem,
1016 1183 1268 1254 quisunt
1287 1196 1419 1236 vere
1438 1181 1618 1237 nostri
1633 1180 1858 1236 inimici
1879 1187 1937 1236 et
1958 1181 2161 1235 hostes
2174 1184 2230 1234 et
2247 1179 2576 1242 daemones,
2596 1180 2868 1251 inquam,
2890 1184 3146 1246 nostros,
3161 1198 3196 1237 ο
3215 1181 3541 1249 insaniam,
3560 1189 3852 1255 putamus

464 1289 595 1329 esse
621 1272 924 1335 dominos,
958 1277 1014 1326 et
1033 1287 1134 1325 eos
1162 1270 1491 1326 honoribus
1523 1270 1857 1325 extollimus
1877 1276 1933 1324 et
1965 1268 2290 1325 sacriﬁciis.
2324 1271 2445 1339 Ego
2485 1268 2665 1339 igitur
2704 1270 2959 1325 Domino
2988 1285 3120 1325 meo
3154 1270 3456 1338 adhaareo,
3497 1279 3554 1328 et
3603 1288 3851 1346 semper

464 1362 805 1424 adhmrebo,
825 1367 881 1416 et
902 1361 1128 1415 Christo
1154 1374 1286 1415 meo
1310 1359 1587 1425 serviam,
1616 1358 1982 1428 ignominias
2010 1364 2238 1414 vestras
2266 1362 2322 1413 et
2344 1358 2627 1424 honores,
2657 1360 2715 1412 et
2734 1357 2843 1412 has
2865 1358 3119 1428 pueriles
3154 1359 3352 1416 larvas
3381 1360 3845 1432 suppliciorum,

462 1450 781 1506 infantium
806 1466 934 1505 esse
963 1449 1168 1519 plagas
1188 1455 1493 1519 reputans.
1523 1448 1657 1503 Mihi
1690 1448 1869 1512 enim,
1898 1452 1958 1503 ut
1988 1462 2154 1502 meus
2188 1446 2337 1502 dixit
2358 1446 2567 1502 doctor
2590 1446 2827 1512 Paulus,
2849 1452 3007 1503 totus
3034 1449 3289 1504 mundus
3319 1454 3410 1506 est
3428 1450 3852 1518 cruciﬁxus,et

466 1555 577 1609 ego
610 1539 837 1594 mundo
859 1539 880 1572 ⁴
907 1554 918 1591 :
949 1543 1005 1592 et
1036 1538 1183 1592 mori
1210 1553 1317 1607 pro
1340 1537 1590 1598 Christo.
1620 1536 1849 1592 deliciae
1882 1536 2028 1591 mihi
2054 1540 2193 1591 sunt
2215 1540 2269 1592 et
2301 1535 2642 1592 exsultatio.
2675 1556 2703 1587 υ

538 1630 626 1683 1V.
660 1632 748 1683 lra
778 1627 990 1699 plenus
1018 1642 1122 1697 per
1150 1627 1277 1681 haec
1305 1626 1504 1681 evadit
1531 1626 1879 1697 imperator,
1912 1633 1963 1681 et
1994 1641 2110 1695 grai

2308 1623 2377 1679 Δ’.
2432 1632 2616 1695 Θυμοῦ
2669 1624 2872 1698 πλήρης
2920 1625 2945 1675 6
2987 1623 3233 1696 βασιλεὺς
3281 1626 3329 1677 ἐν
3374 1630 3573 1688 τούτοις
3619 1633 3843 1699 γίνεται.

465 1717 867 1789 batumjubet
897 1716 1093 1772 afferri
1134 1731 1390 1780 aaneum,
1425 1721 1481 1770 et
1506 1714 1557 1770 ei
1592 1716 1846 1770 multum
1878 1714 2110 1787 quidem

2234 1718 2323 1765 καὶ
2380 1712 2636 1787 κράϐατον
2682 1712 2957 1785 ἐνεχθῆναι
3009 1714 3198 1767 κελεύει
3247 1715 3500 1787 χαλκοῦν,
3564 1717 3625 1768 οὗ
3668 1721 3846 1771 κάτω-

468 1808 621 1877 ignis
651 1807 945 1863 substerni
972 1828 983 1859 :
1020 1822 1204 1878 supra
1236 1820 1374 1861 eum
1396 1809 1595 1860 autem
1626 1804 1856 1860 nudum
1887 1803 2125 1860 extendi

469 1896 772 1962 athletam,
795 1901 851 1951 et
872 1896 955 1951 sic
978 1900 1263 1967 perpetuo
1280 1894 1634 1963 deﬂagrare,
1662 1894 1853 1949 donec
1876 1893 2125 1949 omnino

467 1985 767 2041 interierit.
802 1988 1121 2056 Postquam
1166 1988 1368 2040 autem
1421 1983 1551 2038 haec
1590 1983 1705 2039 cito
1766 1982 1922 2038 facta
1965 1986 2121 2047 sunt,

469 2081 697 2146 martyr
722 2074 946 2128 insiluit
986 2076 1042 2127 in
1084 2073 1423 2141 grabatum,
1453 2077 1509 2126 et
1556 2075 1714 2127 totus
1748 2072 1807 2127 in
1850 2076 1970 2127 toto
2016 2070 2126 2126 fuit

465 2168 765 2219 extensus.
800 2162 1012 2217 Civitas
1044 2178 1184 2217 vero
1215 2177 1371 2231 aegre
1396 2160 1591 2216 ferens
1620 2161 1681 2215 id
1706 2161 1867 2233 quod
1896 2161 2123 2216 factum

464 2252 657 2307 fuerat
684 2251 918 2323 (omnes
951 2251 1109 2306 enim
1138 2250 1257 2307 fere
1282 2254 1687 2305 convenerant
1717 2250 1795 2306 ad
1820 2255 2125 2321 spectacu-

492 2346 618 2413 um)
651 2340 1092 2413 exproprabant
1121 2340 1463 2413 imperatori
1492 2339 1905 2395 crudelitatem
1937 2356 1950 2395 :
1986 2338 2119 2411 Cur,

462 2431 746 2494 dicentes,
765 2430 853 2484 vir
873 2430 1026 2486 adeo
1050 2429 1268 2494 clarus,
1292 2444 1628 2500 genereque
1656 2429 2022 2500 etsapientia
2038 2429 2123 2485 in-

464 2520 671 2588 signis,
689 2518 843 2574 male
861 2520 1027 2590 perit,
1050 2524 1337 2590 tanquam
1354 2516 1592 2573 infamis
1605 2517 1906 2589 quispiam
1918 2518 1945 2571 ‘I
1964 2520 2120 2572 Deus

462 2612 666 2664 autem
704 2606 974 2662 dolorem
1031 2606 1329 2663 allevabat
1353 2622 1384 2662 e
1418 2605 1651 2677 superis
1687 2628 1700 2661 :
1742 2609 1800 2661 et
1829 2611 2123 2679 tanquam

461 2696 728 2769 quodam
750 2711 881 2751 rore
902 2695 1300 2768 refrigeratus,
1320 2700 1374 2751 et
1397 2695 1457 2749 in
1477 2694 1639 2751 molli
1661 2694 1846 2751 herba
1866 2694 2118 2760 cubans,

460 2790 690 2857 martyr
700 2784 992 2840 sentiebat
1005 2783 1371 2855 voluptatem
1383 2786 1731 2855 .lmperator
1741 2788 1941 2840 autem
1956 2787 2117 2855 post-

457 2890 647 2946 quam
676 2874 858 2931 animi
908 2874 1134 2929 rabiem
1170 2878 1466 2929 tormento
1508 2873 1636 2943 jam
1669 2874 1813 2929 satis
1850 2872 2113 2937 lenierat,

460 2963 811 3018 existimans
839 2964 1123 3032 eumjam
1150 2978 1280 3016 esse
1301 2962 1807 3031 mortuum,jubet
1833 2961 1994 3016 illinc
2012 2960 2110 3016 tol-

2231 2960 2411 3029 θυμος,
2469 2959 2676 3029 Υψώσω
2709 2978 2783 3022 σε,
2833 2960 3018 3020 όΘεός
3055 2978 3177 3029 μου,
3224 2959 3526 3021 όΒασιλεύς
3568 2980 3687 3031 μου,
3720 2962 3835 3033 μεθ’

454 3049 496 3105 li
536 3050 694 3105 illius
741 3065 980 3120 corpus.
1038 3051 1363 3121 Postquam
1389 3049 1600 3105 electo
1650 3049 1836 3104 ferreo
1867 3049 2110 3104 surrexit

2227 3044 2418 3107 ἡδονῆς
2458 3046 2663 3116 ἔψαλλε,
2699 3052 2786 3098 καὶ
2829 3047 3014 3099 αἰνέσω
3043 3051 3100 3099 τὸ
3143 3046 3302 3118 ὄνομά
3341 3067 3435 3099 σου
3482 3045 3575 3101 διὰ
3614 3056 3832 3112 παντὸς.

2241 577 2332 609 του
2381 558 2458 610 ἀεὶ
2508 561 2822 631 περιέχομαί
2862 577 2913 609 τε
2957 564 3042 610 καὶ
3090 561 3411 633 περιέξομαι,
3455 562 3660 635 ἀτιμίας
3704 567 3850 636 ὑμῶν

2237 1805 2315 1854 θεν
2373 1806 2462 1872 μὲν
2505 1810 2606 1875 πῦρ
2658 1803 3061 1874 ὑποστρωθῆναι
3097 1802 3244 1865 πολὺ,
3292 1805 3483 1857 ἄνωθεν
3535 1802 3593 1857 δὲ
3632 1827 3846 1878 γυμνω-

2236 1893 2385 1943 θέντα
2432 1887 2748 1949 διαταθῆναι
2799 1890 2884 1942 τὸν
2934 1888 3182 1956 ἀθλητὴν,
3234 1892 3327 1952 ἕως
3373 1894 3434 1943 άν
3474 1899 3563 1946 καὶ
3606 1894 3671 1955 εἰς
3700 1896 3846 1957 τέλος

2236 1976 2519 2052 διαφθαρῇ.
2565 1979 2656 2041 Ὡς
2709 1976 2767 2031 δὲ
2818 1988 2982 2031 ταῦτα
3037 1982 3221 2032 θᾶττον
3261 1980 3474 2052 ἐγίνετο,
3519 1985 3668 2035 καὶὸ
3699 1985 3841 2055 μάρ-

2234 2087 2324 2130 τυς
2377 2068 2500 2128 ὅλως
2552 2068 2649 2139 ὅλῳ
2700 2078 2772 2138 τῷ
2823 2066 3066 2142 κραϐάτῳ
3115 2068 3403 2141 ἑφὴπλωτο,
3451 2074 3499 2123 οἱ
3543 2076 3675 2123 κατά
3719 2076 3844 2124 θέαν

2235 2155 2609 2230 ἀθροισθέντες,
2686 2155 2889 2230 βαρέως
2959 2156 3244 2227 ἐνεγκόντες
3322 2162 3379 2210 τό
3449 2165 3676 2231 γεγονός,
3763 2161 3844 2224 εἰς

2234 2246 2477 2317 ὠμότητα
2530 2242 2826 2319 ἐλοιδόρουν
2869 2250 2956 2298 τὸν
3007 2245 3251 2317 βασιλέα,
3300 2246 3410 2301 Ἰνα
3462 2253 3533 2313 τί,
3587 2249 3834 2321 λέγοντες,

2234 2334 2360 2410 ἀνὴρ
2415 2335 2549 2387 οὓτω
2604 2340 2735 2407 γένει
2773 2355 2824 2387 τε
2856 2341 2945 2386 καὶ
3000 2340 3157 2407 σοφίᾳ
3214 2336 3566 2411 περίϐλεπτος,
3618 2339 3702 2390 οἶά
3752 2359 3842 2401 τις

2232 2432 2331 2476 τῶν
2412 2422 2607 2495 ἀτίμων
2676 2433 2844 2485 κακῶς
2911 2422 3242 2493 ἀπόλλυται;
3286 2429 3413 2487 Θεὸς
3495 2422 3554 2478 δὲ
3642 2429 3841 2480 ἄνωθεν

2232 2511 2532 2585 ἐπεκούφιζε
2577 2516 2663 2573 τὰς
2711 2509 2922 2576 ὀδύνας,
2973 2518 3062 2565 καὶ
3111 2515 3283 2587 ὥσπερ
3330 2520 3433 2566 τινὶ
3472 2515 3677 2588 μαλακῇ
3730 2525 3842 2590 πόᾳ

2230 2608 2318 2654 καὶ
2363 2599 2625 2677 δροσώδει
2679 2607 3063 2673 κατακείμενος,
3118 2602 3277 2662 οὕτως
3339 2605 3364 2654 6
3424 2606 3619 2677 μάρτυς
3676 2606 3836 2658 εὐπα-

2234 2692 2332 2742 θών
2364 2692 2445 2749 ἧν.
2477 2690 2570 2743 ’ον
2619 2692 2644 2742 ό
2691 2694 2932 2763 τύραννος
2983 2692 3221 2742 τεθνάναι
3271 2690 3562 2756 ὑπολαϐὼν,
3609 2692 3837 2768 ἀρθῆναι

2229 2783 2315 2832 ’όν
2355 2780 2546 2833 ἐκείνου
2597 2784 2771 2855 νεκρὸν
2818 2781 3057 2834 ἐκέλευεν.
3097 2778 3182 2839 Ὠς
3214 2776 3274 2832 δὲ
3313 2788 3403 2841 τῆς
3445 2779 3672 2855 σιδηρᾶς
3708 2783 3831 2834 κλί-

2228 2889 2315 2930 νης
2366 2869 2554 2930 ἐκείνης
2617 2868 2845 2929 ἀναστὰς
2898 2870 2923 2920 6
2974 2871 3195 2941 μάρτυς,
3255 2868 3462 2931 ἀπαθὴς
3513 2867 3573 2929 ἦν
3620 2878 3707 2924 καὶ
3747 2876 3836 2925 εὖ·

458 3143 704 3209 martyr,
720 3153 840 3192 non
872 3137 1065 3193 solum
1098 3138 1339 3202 illaasus,
1373 3138 1477 3193 sed
1502 3137 1678 3192 etiam
1707 3136 1880 3192 laetus
1911 3142 1967 3192 et
1995 3137 2114 3193 ala-

456 3238 553 3281 cer
584 3248 596 3281 :
635 3225 922 3281 Extollam
957 3232 1009 3282 te
1042 3227 1197 3282 Deus
1254 3242 1443 3293 meus,
1481 3228 1600 3281 Rex
1630 3242 1818 3291 meus,
1861 3224 2115 3281 canebat

454 3331 592 3371 cum
634 3315 875 3385 gaudio,
908 3320 963 3371 et
993 3315 1256 3372 laudabo
1303 3330 1526 3372 nomen
1584 3320 1751 3370 tuum
1802 3318 2110 3386 perpetuo.

451 3404 741 3460 Laudabo
782 3406 989 3471 Deum,
1022 3404 1126 3477 qui
1175 3404 1434 3460 laetiﬁcat
1460 3404 1833 3475 juventutem
1893 3419 2109 3459 meam.

2226 3136 2367 3188 Ἐπεὶ
2427 3133 2485 3188 δὲ
2554 3140 2640 3187 τὸν
2700 3141 2827 3188 Θεὸν
2901 3136 3036 3187 οὕτω
3114 3133 3348 3199 δοξάζων
3426 3136 3838 3212 θαῤῥαλεὼτερος

2225 3224 2337 3287 ἑξῆς
2381 3234 2451 3295 τῷ
2504 3227 2732 3296 τυράννῳ
2790 3230 3043 3299 παρέττη,
3102 3225 3290 3296 Βλέψον
3321 3225 3389 3286 εἰς
3432 3225 3538 3298 ἐμὲ,
3583 3226 3833 3299 βασιλεῦ,

2222 3316 2337 3385 ἔφη,
2401 3315 2454 3365 ὃν
2515 3317 2579 3365 σὺ
2637 3317 2803 3387 πυρὸς
2867 3316 3010 3385 ἔργον
3068 3316 3308 3383 γενέσθαι
3373 3319 3659 3387 νενόμικας,
3733 3321 3835 3369 καὶ

2224 3406 2367 3463 σύνες
2397 3406 2486 3475 μὲν
2536 3407 2620 3455 τόν
2653 3404 2739 3455 ὑπ’
2793 3403 2917 3475 ἐμοῦ
2943 3408 3340 3476 κηρυττόμενον,
3376 3403 3620 3476 ἐπίγνωθι
3648 3401 3706 3457 δε
3734 3411 3833 3457 καὶ

452 3493 743 3559 Quoniam
767 3494 1073 3566 generatio
1104 3498 1159 3549 et
1177 3495 1479 3561 generatio
1499 3492 1770 3549 laudabit
1791 3500 2110 3564 operatua,

2224 3500 2319 3543 τῶν
2354 3501 2455 3544 σῶν
2485 3494 2607 3543 θεῶν
2635 3496 2728 3549 τὴν
2761 3491 3048 3545 ἀσθένειαν.

449 3586 504 3639 et
545 3584 867 3653 potentiam
914 3590 1073 3639 tuam
1114 3583 1580 3647 annuntiabunt,
1620 3588 1677 3638 et
1718 3582 2000 3638 miracula
2050 3587 2152 3636 tua
2191 3581 2522 3637 narrabunt
2562 3582 2604 3634 ⁵.
2630 3581 2951 3653 Postquam
2982 3596 3121 3636 vero
3189 3584 3307 3637 Deo
3347 3582 3431 3637 sic
3469 3581 3831 3651 gloriﬁcato.

447 3670 739 3728 audacius
791 3671 1076 3744 deinceps
1116 3672 1302 3728 astitit
1367 3679 1505 3727 ante
1540 3678 1861 3743 tyrannum
1904 3669 2159 3742 :Aspice
2214 3669 2292 3726 ad
2350 3685 2463 3735 me,
2530 3670 2631 3735 ait,
2671 3686 2707 3724 o
2746 3670 3091 3741 imperator,
3141 3686 3325 3742 quem
3367 3675 3428 3725 tu
3482 3670 3837 3727 existimasti

444 3760 528 3817 ab
552 3760 689 3831 igne
715 3760 1114 3826 exedendum,
1138 3767 1196 3816 et
1230 3760 1491 3831 intellige
1521 3777 1681 3824 eum,
1704 3761 1806 3832 qui
1835 3776 1871 3817 a
1902 3776 1995 3815 me
2034 3757 2419 3831 praedicatur.
2456 3762 2727 3828 Agnosce
2766 3764 2968 3815 autem
2996 3765 3237 3815 tuorum
3290 3774 3535 3831 quoque
3573 3758 3833 3816 deorum

452 3850 949 3906 imbecillitatem.

520 3940 585 3994 V.
630 3940 791 3996 Hanc
828 3939 1145 3996 audaciam
1177 3944 1232 3993 et
1269 3939 1504 3995 dicendi
1544 3938 1897 4005 libertatem,
1940 3955 2110 3996 suam

2296 3937 2364 3992 [ζ’.
2409 3937 2468 3992 Ὀ
2517 3934 2575 3991 δὲ
2631 3940 2896 4011 τύραννος,
2938 3941 3158 4008 νομίσας
3205 3936 3516 4010 ὑϐρίζεσθαι
3572 3945 3633 4009 τῇ
3694 3937 3831 4012 παῤ-

449 4044 577 4085 esse
594 4029 1017 4085 contumeliam
1046 4028 1367 4100 imperator
1385 4028 1722 4093 arbitratus,
1738 4034 1794 4083 et
1810 4044 1871 4083 se
1892 4028 2109 4083 victum

2222 4027 2385 4100 ῥησίᾳ
2430 4035 2522 4079 τοῦ
2573 4028 2855 4099 μάρτυρος,
2902 4031 2991 4078 καὶ
3025 4028 3320 4085 ἡττηθῆναι
3363 4024 3524 4089 δόξας
3567 4036 3638 4097 τῷ
3682 4046 3827 4101 περι-

448 4132 577 4172 esse
598 4117 900 4187 opinatus,
934 4117 1098 4189 quod
1130 4120 1625 4181 contemneretur,
1655 4117 2011 4188 supplicium
2037 4132 2107 4172 eo

2222 4124 2456 4190 φρονητῷ
2513 4125 2606 4176 τῆς
2656 4115 2935 4180 κολάσεως,
2988 4115 3201 4186 μείζονα
3237 4119 3432 4177 ταύτης
3460 4122 3549 4169 καὶ
3594 4113 3828 4190 σφοδρο-

446 4206 745 4274 excogitat
776 4206 969 4276 majus
1012 4210 1068 4261 et
1096 4204 1546 4262 vehementius.
1576 4208 1794 4260 Rursus
1847 4221 1988 4275 ergo
2045 4206 2104 4260 in

448 4293 647 4349 medio
673 4295 1021 4365 prepouitur
1059 4293 1366 4359 craticula,
1408 4294 1546 4364 igne
1594 4294 1841 4367 quidem
1890 4293 2101 4349 subtus

448 4397 734 4438 accenso:
765 4381 897 4438 oleo
921 4388 1120 4438 autem
1144 4383 1401 4454 desuper
1432 4388 1769 4454 aspersa,et
1788 4382 2103 4438 ﬂammam

448 4472 705 4541 graviter
735 4472 1086 4527 accendens.
1118 4472 1231 4529 Sed
1255 4488 1328 4527 ne
1351 4477 1491 4529 tunc
1516 4472 1761 4544 quidem
1784 4472 1973 4542 gratia
1998 4488 2103 4527 ne-

450 4559 631 4631 glexit
666 4566 987 4634 martyrem
1019 4562 1151 4617 :sed
1174 4562 1548 4633 simulatque
1570 4561 1675 4616 fuit
1703 4563 1833 4633 ipse
1860 4560 2101 4633 imposi-

447 4656 545 4707 tus
573 4650 891 4715 craticula,
925 4652 1077 4722 ignis
1105 4653 1302 4707 statim
1321 4652 1428 4707 fuit
1447 4651 1792 4719 exstinctus,
1820 4656 1875 4706 et
1895 4652 2100 4706 carbo-

445 4755 550 4795 nes
597 4746 1013 4796 emarcuerunt
1046 4740 1364 4797 :craticula
1411 4756 1571 4809 vero,
1628 4746 1917 4812 tanquam
1975 4756 2095 4796 non

446 4828 664 4894 oleum,
691 4830 794 4885 sed
826 4846 985 4901 aqua
1008 4829 1197 4901 potius
1222 4830 1480 4903 desuper
1508 4829 1690 4884 fuisse
1718 4828 1935 4895 infusa,
1968 4830 2099 4901 ipsa

445 4932 680 4989 quoque
710 4922 837 4974 erat
865 4918 1092 4987 frigida,
1129 4923 1404 4974 sanctum
1437 4934 1795 4973 conservans
1821 4917 2095 4975 illaesum.

446 5006 601 5072 Quid
617 5008 799 5065 vero?
816 5024 954 5063 cum
973 5007 1135 5062 hisne
1156 5007 1261 5063 fuit
1285 5007 2057 5079 exstinctairaimperatoris
2075 5012 2098 5058 ?

446 5098 837 5169 Nequaquam
872 5117 884 5151 :
914 5095 1019 5151 sed
1059 5096 1223 5150 rabie
1263 5095 1444 5151 semel
1476 5095 1752 5167 percitus,
1787 5102 1843 5151 et
1875 5095 1951 5151 ad
1981 5095 2099 5152 alia

441 5185 689 5256 quidem
739 5186 921 5240 nihilo
956 5184 1167 5239 melius
1209 5183 1477 5250 affectus,
1522 5200 1709 5256 quam
1742 5200 1974 5239 caicus;
2018 5184 2097 5239 ad

444 5273 559 5330 hoc
588 5280 790 5331 autem
805 5274 1000 5330 solum
1027 5274 1277 5339 intuens,
1296 5278 1360 5329 ut
1385 5273 1498 5329 diis
1524 5275 1648 5331 suis
1667 5274 2098 5343 gratificaretur

443 5362 507 5418 in
524 5368 734 5420 sancto
752 5364 1079 5436 puniendo,
1098 5363 1203 5436 qui
1215 5362 1450 5436 quidem
1466 5362 1864 5420 suntomnino
1881 5361 2096 5419 daamo-

517 5508 541 5545 ⁴
570 5507 754 5566 Galat.
796 5526 873 5566 vr.
952 5510 973 5545 ⁸
1008 5509 1156 5568 Psal.
1197 5525 1377 5567 cxuv.

2216 4210 2362 4278 τέραν
2424 4204 2629 4258 ἐπινοεῖ.
2686 4204 2927 4276 Ἐσχάρα
2990 4212 3113 4275 γοῦν
3173 4203 3221 4255 ἐν
3273 4209 3417 4277 μέσῳ
3494 4207 3824 4277 προτίθεται,

2217 4298 2342 4365 πυρὶ
2407 4296 2496 4365 μὲν
2574 4295 2800 4345 κάτωθεν
2888 4290 3252 4364 διακαιομένη,
3321 4292 3470 4364 ἐλαίῳ
3521 4290 3580 4345 δὲ
3629 4292 3827 4347 ἀνωθεν

2216 4379 2624 4456 διαϐρεχομένη,
2696 4387 2786 4434 καὶ
2870 4387 2963 4439 τῆν
3035 4382 3196 4453 φλόγα
3267 4379 3443 4443 δεινῶς
3496 4383 3823 4451 ἐξάπτουσα,

2216 4472 2352 4530 Πλὴν
2406 4469 2529 4524 οὐδὲ
2585 4476 2695 4524 τότε
2759 4480 2851 4523 τοῦ
2903 4472 3167 4546 μάρτυρος
3219 4473 3247 4530 ἡ
3290 4473 3453 4543 χάρις
3507 4472 3703 4543 ἠμέλει·
3757 4475 3827 4534 ὡς

2210 4563 2310 4633 γὰρ
2361 4560 2622 4614 ἐπετίθετο
2664 4568 2725 4633 τῇ
2759 4558 2987 4634 ἐσχάρᾳ,
3036 4564 3094 4613 τὸ
3134 4566 3237 4635 πῦρ
3290 4559 3476 4621 εὐθέως
3528 4560 3823 4631 ἐσϐέννυτο,

2209 4655 2298 4702 καὶ
2345 4652 2394 4703 οἱ
2437 4652 2683 4724 ἄνθρακες
2739 4648 3091 4721 ὶμαραίνοντοσ
3140 4651 3169 4707 ἡ
3218 4647 3429 4724 ἐσχάρα
3469 4646 3547 4716 δὲ,
3591 4653 3659 4713 ὡς
3723 4651 3821 4704 οῦκ

2210 4739 2379 4792 ἐλαίου
2430 4739 2619 4811 μᾶλλον
2670 4738 2774 4789 ἀλλ’
2827 4735 3020 4800 ὕδατος
3068 4737 3437 4810 ἐπιχεομένου,
3492 4737 3685 4811 ψυχρὰ
3726 4746 3823 4793 καὶ

2210 4828 2338 4887 αὕτη
2400 4825 2480 4893 ἦν,
2531 4836 2702 4881 κακῶν
2755 4826 2928 4885 ἀπαθῆ
2994 4823 3325 4902 διατηροῦσα
3385 4829 3472 4879 τὸν
3523 4827 3694 4898 ἅγιον,
3754 4836 3823 4883 Τί

2210 4914 2269 4969 δέ
2302 4916 2653 4984 ;συνέσϐεστο
2684 4918 2879 4976 τούτοις
2921 4915 3021 4990 εἶρα
3072 4921 3161 4968 καὶ
3210 4917 3234 4967 ό
3279 4924 3371 4968 τοῦ
3422 4914 3678 4988 βασιλέως
3727 4919 3821 4970 θυ-

2208 5006 2657 5079 μός;οὐμενοῦνο
2758 5001 2911 5065 αὖθις
3000 5008 3098 5077 γὰρ
3198 5004 3476 5077 ἐνεχθῆναι
3591 5011 3819 5077 τήγανον

2207 5097 2537 5169 προστάττει,
2594 5098 2751 5166 κηρόν
2821 5113 2874 5147 τε
2940 5100 3024 5145 καὶ
3102 5098 3319 5159 πίσσαν,
3406 5099 3496 5146 καὶ
3552 5100 3707 5169 στέαρ
3767 5094 3818 5148 ἓν

2208 5184 2348 5254 αὐτῷ
2402 5182 2739 5255 ἐμϐληθῆναι,
2787 5188 2914 5256 πυρὶ
2958 5179 3016 5236 δὲ
3064 5183 3231 5254 πολλῷ
3281 5181 3529 5241 ἔκκαῆναι
3588 5186 3817 5238 κάτωθεν

2206 5279 2296 5325 καὶ
2347 5274 2504 5333 οὕτως
2553 5271 2601 5324 ἐν
2653 5272 2793 5343 αὐτῷ
2841 5273 2992 5326 πάλιν
3056 5269 3371 5330 διαταθῆναι
3413 5276 3499 5324 τόν
3544 5275 3814 5348 μάρτυρα.

2206 5369 2279 5424 Ως
2323 5358 2410 5415 οὖν
2465 5364 2609 5437 ἔργον
2651 5366 2828 5435 γέγονε
2880 5365 2937 5415 τὸ
2984 5360 3396 5435 κεκελευσμένον,
3452 5365 3540 5414 καὶ
3607 5365 3665 5414 τό
3719 5370 3808 5423 τῆ-
