4078 6222
240 253 319 307 133
783 210 786 213 ’
1494 250 1655 305 VITA
1698 251 1758 307 s.
1801 247 2230 306 ELEUTHERII
3446 252 3544 305 134

234 373 477 445 γωονόλον
507 370 825 444 ἀνθρακῶδες
890 370 972 439 ἦν,
1030 374 1210 427 ἵστατο
1270 371 1453 427 δὲκαὶ
1508 378 1532 426 ό
1582 378 1778 448 μάρτυς

1906 391 1992 430 ies
2021 374 2358 439 homicidas,
2392 390 2588 429 rursus
2610 374 2778 444 jubet
2804 373 2999 429 afferri
3028 374 3413 444 sartaginem,
3452 392 3543 433 ce-

236 468 307 521 τὴν
346 468 578 537 τιμωρίαν
630 459 1015 533 ὑποδεξόμενος,
1080 465 1105 514 ό
1162 466 1401 537 τύραννος
1440 465 1603 516 πολλὰ
1649 486 1779 540 παρ-

1906 480 2137 536 'amque
2170 467 2225 518 et
2251 463 2460 533 picem,
2505 469 2561 517 et
2592 462 2832 533 adipem
2873 463 2929 516 in
2962 478 3094 516 eam
3132 462 3311 533 injici,
3356 465 3543 521 multo

1889 555 2174 623 veroigne
2198 553 2414 610 subtus
2432 551 2699 616 accendi,
2721 556 2775 606 et
2793 550 2874 605 sic
2894 551 2948 604 in
2981 566 3050 605 ea
3076 567 3281 605 rursus
3305 553 3538 609 extendi

1892 647 2236 715 martyrem.
2264 642 2583 713 Postquam
2602 655 2711 709 ego
2748 639 2969 694 factum
3000 640 3126 705 fuit,
3159 639 3321 711 quod
3354 640 3545 698 fuerat

1888 733 2275 802 imperatum,
2308 736 2362 786 et
2407 735 2645 801 sartago
2694 732 2819 784 tota
2873 734 2998 783 erat
3044 728 3310 783 candens
3343 745 3359 781 :
3388 731 3546 785 stetit

1892 826 2091 877 autem
2134 824 2360 891 martyr
2400 834 2643 890 quoque
2685 816 2991 873 subiturus
3028 815 3426 888 supplicium:
3466 821 3545 873 Ne

1892 908 2153 974 differas,
2184 908 2376 980 inquit
2405 908 2744 979 imperator,
2785 923 2821 961 ο
2866 904 3179 972 Eleutheri,
3210 910 3330 962 stas
3383 907 3544 962 enim

1892 997 2127 1054 medius
2166 997 2317 1052 inter
2356 999 2611 1051 mortem
2640 1000 2696 1049 et
2728 994 2929 1058 vitam,
2972 1009 3115 1049 cura
3152 993 3213 1048 id
3245 993 3411 1065 quod
3440 994 3548 1050 tibi

1896 1087 2159 1142 futurum
2172 1091 2258 1141 est
2279 1083 2672 1140 conducibile.
2694 1087 2841 1139 Nam
2858 1098 2970 1152 ego
2987 1083 3233 1153 quidem
3260 1098 3546 1153 magnam

1897 1177 1976 1230 tui
2010 1191 2220 1231 curam
2251 1190 2481 1245 gerens,
2512 1190 2585 1229 ne
2619 1174 2766 1228 male
2794 1188 3027 1244 pereas,
3054 1174 3111 1226 in
3144 1176 3195 1227 te
3250 1189 3382 1228 sum
3408 1172 3548 1229 affe-

226 1270 344 1327 ctus,
376 1264 726 1333 tanquamin
753 1278 1108 1333 germanum
1134 1267 1322 1322 tilium
1352 1284 1364 1321 :
1393 1281 1503 1322 nec
1524 1267 1739 1323 vellem
1771 1281 1876 1338 per
1900 1265 2065 1330 deos,
2094 1265 2289 1319 virum
2323 1270 2444 1319 tam
2475 1263 2658 1319 nobili
2688 1262 2820 1318 loco
2847 1266 3076 1326 natum,
3102 1268 3157 1316 et
3182 1262 3285 1333 qui
3308 1266 3395 1318 est
3421 1263 3548 1334 ipse

225 1351 348 1406 adeo
375 1350 582 1420 bonus,
616 1357 739 1408 tam
770 1353 1047 1419 disertus,
1081 1362 1135 1409 et
1167 1362 1287 1411 tam
1319 1355 1555 1428 pulchra
1583 1357 1794 1427 specie,
1829 1354 2093 1425 seipsum
2126 1353 2561 1408 inconsiderate
2593 1352 2831 1422 injicere
2871 1351 2930 1405 in
2965 1350 3297 1422 periculum
3329 1371 3341 1410 :
3374 1351 3549 1423 idque

225 1447 429 1511 propter
443 1440 583 1495 nihil
606 1440 767 1496 aliud
786 1457 971 1513 quam
986 1448 1227 1514 propter
1246 1444 1641 1514 pervicaciam
1662 1459 1878 1499 vanam
1895 1449 1949 1498 et
1967 1442 2256 1497 inutilem.
2274 1445 2594 1513 Postquam
2610 1446 2811 1496 autem
2827 1442 2982 1494 stetit
3011 1446 3236 1510 martyr
3262 1442 3547 1495 adversus

226 1528 327 1582 haec
349 1543 621 1595 generose
648 1530 981 1597 decertans,
1015 1535 1152 1604 apte
1185 1533 1416 1603 probris
1439 1549 1828 1589 remunerans
1859 1532 2200 1595 blanditias,
2237 1536 2293 1585 et
2321 1529 2489 1584 illum
2522 1530 2733 1601 lupum
2764 1528 3077 1600 appellans
3117 1530 3455 1598 Arabicum,
3486 1534 3547 1584 ut

229 1616 303 1687 qui
329 1617 520 1672 ovibus
550 1618 762 1675 Christi
793 1621 1120 1685 insidietur,
1158 1623 1397 1678 tandem
1429 1623 1557 1679 haec
1585 1638 1831 1696 quoque
1861 1621 2076 1691 adjecit
2110 1636 2122 1675 :
2152 1620 2410 1692 Quiquid
2441 1618 2669 1685 feceris,
2704 1634 2825 1674 non
2867 1618 3007 1674 mihi
3042 1618 3456 1690 persuadebis,
3485 1624 3549 1673 ut

236 557 407 612 αινέσας
429 551 580 621 αὐτῷ,
630 552 886 611 ποικίλαις
933 572 986 604 τε
1045 552 1311 615 κολακίαις
1359 554 1607 617 ὑπελθὼν,
1669 553 1779 605 ἐπεὶ

236 639 499 693 ἀπειθοῦντα
535 640 679 711 ἐώρα,
739 646 829 692 καὶ
881 643 969 701 τὰς
1005 641 1250 703 κολακίας
1299 642 1569 714 εὐστόχως
1625 641 1779 716 ὕϐρε-

238 748 300 781 σιν
347 727 653 800 ἀμειϐόμενον
706 728 900 800 (λύκον
950 732 1051 804 γὰρ
1090 730 1365 802 ’Δραϐικόν
1422 740 1601 783 τοῦτον
1668 730 1779 782 ἐκά-

232 818 307 885 λει,
334 818 411 870 ἅτε
440 826 542 877 τοῖς
592 825 683 869 τοῦ
740 825 975 892 Χριστοῦ
1016 819 1296 893 προϐάτοις
1344 819 1780 891 ἐπιϐουλεύοντα),

231 915 288 975 τῷ
312 909 499 977 τηγάνῳ
541 906 692 958 αὐτόν
749 907 939 960 κελεύει
1007 905 1341 967 διαταθῆναι.
1391 910 1556 970 Εὐθὺς
1604 907 1689 961 οὖν
1720 912 1784 961 τὰ

230 995 334 1047 αὐτὰ
370 1002 465 1054 τοῖς
529 1000 790 1068 προτέροις
857 994 1211 1063 ἐπηκολούθει,
1270 1004 1359 1051 καὶ
1414 998 1785 1070 μεταϐάλλεται

228 1089 297 1155 μὲν
322 1085 381 1143 εἰς
410 1080 592 1155 δρόσον
642 1087 699 1136 τὸ
748 1093 874 1158 πῦρ,
916 1090 1051 1150 αὔρα
1105 1083 1164 1140 δέ
1217 1108 1295 1148 τις
1316 1084 1514 1147 ἡδίστη
1562 1090 1646 1140 τὸν
1675 1106 1781 1159 γεν-

226 1180 338 1225 ναῖον
364 1172 513 1243 ὄινῄρυ
517 1194 557 1243 χ
563 1193 629 1225 εν.

230 1706 291 1760 ab
314 1706 405 1760 hac
429 1707 523 1778 pia
553 1713 615 1763 et
643 1707 819 1764 beata
847 1708 1132 1765 desistam
1167 1712 1520 1768 constantia.

299 1803 360 1825 ρι

237 1895 593 1963 μεθισταμένων,
658 1894 861 1969 ἀπορῶν
919 1895 1161 1960 ἐκάθητο,
1232 1896 1425 1970 βαθεια
1484 1899 1619 1971 λύπῃ
1699 1902 1791 1956 τὴν

240 1982 410 2049 γλῶτταν
437 1980 792 2054 πεπεδημένος
826 2004 836 2012 ·
883 1984 933 2036 ὃν
992 1982 1117 2037 ἰδὼν
1175 1987 1333 2047 οὕτως
1373 1990 1565 2058 ἔχοντα
1621 1990 1645 2039 ὁ
1692 2009 1790 2046 τη-

239 2078 400 2121 uxr)?“
449 2081 538 2133 τῆς
608 2073 795 2132 πόλεως
849 2076 1100 2146 ἔπαρχος,
1162 2080 1399 2149 Κορέμων
1439 2077 1578 2147 αύτῷ
1610 2081 1789 2150 ὄνομα,

234 2155 359 2220 δεινὸς
392 2156 445 2211 δε
482 2161 641 2222 οὗτος
694 2160 961 2233 βασάνους
1017 2162 1235 2238 ἐξευρεῖν
1289 2171 1606 2237 καινοτέρας,
1667 2167 1792 2218 ἀλλὰ

228 2254 293 2297 καὶ
338 2253 393 2299 τὰ
426 2254 560 2301 κατα
624 2254 710 2301 τὸν
768 2252 1131 2323 στρατηλάτην
1200 2254 1401 2312 Φίληκα
1451 2258 1649 2326 μαθὼν,
1704 2263 1793 2309 καὶ

228 2332 311 2393 ἔθη
340 2342 417 2408 μὲν
446 2344 729 2410 σπέρματα
781 2348 875 2402 τῆς
921 2350 1020 2393 τῶν
1074 2348 1400 2415 Χριστιανῶν
1447 2350 1673 2406 πίστεως
1724 2345 1794 2407 εἰς

228 2423 413 2499 καρδίαν
448 2425 744 2500 δεξάμενος,
781 2432 858 2481 ἔτι
917 2427 976 2483 δὲ
1026 2440 1124 2483 τῶν
1171 2432 1476 2490 Ἑλληνικῶν
1526 2432 1790 2505 ἐχόμενος,

226 2520 295 2565 καί
341 2526 405 2585 τῷ
461 2515 680 2587 βασιλεῖ
730 2520 1080 2592 χαριζόμενος
1146 2536 1157 2547 ·
1198 2521 1347 2583 οὗτος
1404 2519 1469 2579 δὴ
1537 2528 1650 2575 τότε
1710 2528 1793 2575 τόν

225 2602 463 2677 ’Δδριοωόν
516 2602 877 2680 διαποροῦντα
926 2611 1075 2683 ὀρῶν,
1116 2610 1413 2681 προσελθων
1456 2633 1467 2644 ο
1532 2612 1663 2683 Ἐγω
1716 2632 1793 2678 σε,

225 2702 348 2763 φησι,
410 2693 657 2766 βασιλεῦ,
721 2694 998 2760 ἀπαλλάξω
1059 2704 1398 2772 πραγμάτων,
1454 2706 1543 2753 καὶ
1593 2708 1796 2755 τουτονὶ

220 2785 287 2832 τόν
309 2787 403 2834 νέον
429 2780 639 2846 διδάξω
682 2790 768 2836 τὸν
815 2785 1122 2839 ἀπειθοῦντά
1156 2808 1239 2840 σοι
1282 2793 1353 2859 μὴ
1382 2793 1636 2852 τοιούτοις
1684 2790 1794 2842 ἐπι-

220 2879 405 2941 χειρεῖν,
458 2871 595 2924 ἀλλὰ
644 2879 733 2925 καὶ
786 2873 1025 2937 κλίϐανος
1076 2882 1165 2948 μὲν
1225 2877 1487 2948 ὰεχθήτω
1538 2879 1790 2950 χαλκοῦς,

220 2957 445 3012 ὀϐελίσκοι
476 2958 535 3013 δὲ
578 2962 708 3024 ὀξεῖς
754 2962 828 3035 ἐφ’
881 2963 1097 3036 ἑκάτερα
1147 2975 1246 3017 τῶν
1299 2975 1465 3039 μερῶν
1502 2970 1662 3021 αὑτοῦ
1706 2972 1791 3040 ἑμ-

218 3053 525 3117 παγήτωσαν,
598 3056 686 3102 καὶ
771 3052 886 3122 ὄψει
943 3056 1062 3105 ὅσον
1134 3054 1276 3106 οὒπω
1338 3060 1423 3107 τόν
1485 3058 1795 3129 Ἐλευθέριον

299 1803 380 1876 ζ’.
413 1800 691 1877 Ἀδριανὸς
749 1802 807 1858 δὲ
860 1827 1064 1858 πάντων
1118 1812 1257 1878 αύτῷ
1312 1814 1441 1881 πρὸς
1496 1811 1791 1861 τούναντίον

1972 1810 2057 1863 VI.
2086 1808 2183 1863 Hic
2210 1806 2505 1862 Adrianus
2528 1806 2730 1861 animo
2753 1806 3073 1871 sauciatus,
3096 1806 3286 1861 verbis
3308 1805 3544 1870 relictis,

1902 1898 1978 1954 ad
2012 1898 2166 1953 facta
2197 1912 2257 1951 se
2284 1895 2550 1961 contulit,
2579 1900 2635 1950 et
2661 1895 2831 1965 jubet
2859 1911 2995 1950 eum
3030 1895 3263 1950 extendi
3315 1896 3374 1949 in
3429 1910 3549 1950 sar-

1900 1986 2123 2055 tagine.
2154 1985 2326 2051 Quod
2351 2000 2488 2039 cum
2517 1983 2738 2039 factum
2756 1987 2932 2048 esset,
2952 1982 3182 2051 eadem,
3204 1999 3340 2055 quae
3357 1982 3546 2055 prius,

1900 2092 2107 2132 rursus
2136 2081 2272 2129 sunt
2297 2078 2617 2129 consecuta
2646 2089 2658 2127 :
2693 2077 2750 2127 et
2788 2072 2939 2142 ignis
2988 2072 3232 2143 quidem
3286 2078 3553 2128 mutatur

1903 2165 1965 2221 in
1996 2180 2192 2220 rorem
2227 2182 2239 2221 :
2268 2178 2416 2218 aura
2445 2178 2587 2217 vero
2617 2162 2899 2233 quaedam
2951 2160 3307 2216 suavissima
3339 2160 3551 2216 fortem

1903 2270 1972 2311 ac
1992 2269 2347 2325 generosum
2381 2250 2575 2306 virum
2604 2251 2988 2323 refrigeravit.
3024 2250 3322 2305 Adrianus
3352 2256 3553 2306 autem

1903 2343 2191 2406 nesciens,
2220 2341 2363 2411 quid
2392 2346 2612 2411 ageret,
2655 2356 2793 2395 cum
2833 2340 2882 2394 ei
2924 2344 3295 2395 mutarentur
3352 2340 3557 2394 omnia

1906 2435 1964 2488 in
1997 2430 2382 2495 contrarium,
2420 2429 2668 2485 sedebat
2708 2430 2887 2485 animi
2925 2429 3167 2494 dubius,
3201 2429 3417 2484 bovem
3456 2429 3559 2485 ha-

1906 2523 2054 2578 bens
2105 2521 2165 2575 in
2221 2519 2442 2589 lingua,
2498 2524 2559 2574 ut
2616 2518 2851 2584 dicitur,
2913 2524 2969 2573 et
2998 2519 3267 2588 linguam
3324 2518 3559 2573 vinctus

1906 2610 2206 2684 profundo
2237 2609 2459 2664 dolore.
2490 2609 2677 2672 Quem
2709 2623 2847 2662 cum
2880 2607 3119 2661 vidisset
3151 2607 3233 2661 sic
3278 2606 3559 2662 affectum

1905 2702 1973 2763 is,
1989 2700 2091 2771 qui
2113 2703 2255 2753 tunc
2271 2702 2396 2752 erat
2417 2696 2723 2766 prmfectus
2745 2695 2932 2762 urbis,
2954 2696 3192 2750 nomine
3221 2695 3555 2765 Corebo(2),

1904 2791 1979 2844 ad
2013 2803 2168 2842 nova
2196 2784 2557 2840 invenienda
2584 2787 2879 2839 tormenta
2912 2782 3001 2836 vir
3038 2783 3329 2852 egregius,
3362 2788 3419 2837 et
3480 2782 3559 2837 ad

1905 2875 2248 2933 faciendum
2301 2872 2545 2944 aliquid,
2594 2872 2756 2944 quod
2802 2872 3086 2927 adversus
3139 2872 3558 2926 necessitatem

1908 2972 2060 3021 esset
2088 2979 2222 3020 acre
2252 2968 2308 3018 et
2324 2962 2534 3017 efﬁcax
2555 2961 2705 3033 (erat
2751 2964 2949 3016 autem
2982 2960 3561 3029 Christianidogma—

1907 3055 1978 3109 tis
2002 3070 2119 3109 non
2141 3052 2388 3109 omnino
2411 3051 2676 3122 ignarus,
2697 3051 2803 3104 sed
2823 3056 2877 3105 et
2902 3065 3037 3121 quae
3067 3049 3235 3105 Felici
3270 3049 3561 3104 exercitus

219 3136 242 3191 ἦ
280 3140 564 3209 πειθόμενον
592 3139 620 3197 ἡ
665 3147 839 3201 κακῶς
901 3139 1261 3213 ἀπολλύμενον.
1296 3146 1473 3199 Ταῦτα
1531 3141 1587 3197 δὲ
1639 3146 1795 3217 λέγων

1907 3144 2045 3199 duci
2070 3141 2424 3203 acciderant,
2444 3140 2636 3195 verbis
2658 3144 2993 3210 acceperat,
3011 3145 3067 3193 et
3088 3138 3562 3194 Christianorum

222 3222 427 3278 ἐλάνθανε
483 3231 570 3278 τὸν
634 3226 813 3279 λέοντα
868 3228 1035 3301 φοϐεῖν
1101 3231 1334 3303 καλάμου
1402 3233 1626 3305 πληγαῖς
1691 3236 1795 3287 οἰό-

224 3331 363 3379 μενος.
409 3322 589 3386 Ὅμως
632 3320 825 3389 ἤρεσκε
891 3327 1055 3371 ταῦτα
1136 3329 1209 3389 τῷ
1268 3319 1495 3392 βασιλεῖ,
1559 3328 1649 3375 καί
1715 3328 1800 3376 τὸν

226 3408 577 3475 μηχανήματος
641 3403 849 3477 σπουδῇ
912 3408 1251 3473 τελεσθέντος,
1302 3411 1433 3482 ἄρας
1471 3416 1588 3472 τοὺς
1619 3433 1799 3484 φαινο-

226 3495 372 3558 μένους
421 3494 531 3564 οἶμα
585 3500 680 3546 καὶ
732 3499 850 3557 τοὺς
930 3495 1133 3569 ἀφανεῖς
1192 3499 1506 3570 ὀφθαλμούς,
1567 3508 1654 3554 καὶ
1712 3510 1801 3554 τοῦ

224 3588 321 3631 νοῦν
360 3582 467 3634 ὅλον
522 3583 598 3643 εἰς
667 3584 917 3656 όύρανούς
962 3585 1244 3659 ἀπερείσας
1284 3609 1296 3620 ·
1332 3590 1649 3665 Εὐχαριστῶ
1695 3612 1801 3659 σοι,

227 3669 302 3739 ἔφη
333 3687 345 3736 ;
376 3674 529 3743 Κύριε
560 3672 741 3729 Ἰησοῦ
782 3677 973 3746 Χριστὲ
1027 3682 1117 3728 καὶ
1170 3680 1284 3740 Θεὲ,
1318 3680 1396 3729 ὅτι
1452 3683 1697 3732 τοιούτων
1744 3702 1807 3752 με

226 3763 297 3809 καὶ
354 3764 615 3813 τοσούτων
676 3760 882 3831 ἀγαθῶν
930 3764 1182 3829 ἠξίωσας,
1242 3768 1322 3818 ὅτι
1376 3773 1518 3841 χειρὶ
1581 3776 1808 3841 κραταιᾲ

229 3864 305 3897 σου
334 3845 549 3921 δύναμιν
606 3852 949 3925 περιέζωσας,
1005 3855 1085 3905 ὅτι
1131 3856 1256 3927 ὑπὲρ
1309 3864 1404 3908 σοῦ
1447 3867 1666 3910 τοιαῦτα
1712 3863 1807 3912 πά-

230 3952 357 4005 σχειν
382 3936 687 4001 εύδόκησας
721 3955 733 3966 ”
768 3945 857 3992 καὶ
898 3949 986 3993 νῦν
1041 3941 1317 4014 ἐπίϐλεψον
1362 3944 1415 4007 ἐξ
1450 3947 1690 4021 ούρανοῦ,
1723 3953 1806 4001 καὶ

227 4018 294 4075 ῖοέ
319 4027 395 4077 οἷα
423 4032 789 4080 τεκταίνουσιν
842 4032 891 4081 οἱ
924 4037 1202 4102 μισοῦντές
1257 4053 1314 4085 σε
1365 4035 1479 4087 κατ’
1537 4035 1681 4107 ἐμοῦ,
1722 4044 1809 4091 καὶ

224 4110 363 4180 ῥῦσαι
390 4113 493 4167 ἀπὸ
522 4115 711 4188 βέλους
758 4118 924 4171 αὐτῶν
980 4125 1073 4179 τὴν
1114 4120 1299 4192 ψυχήν
1340 4144 1461 4194 μου,
1516 4127 1597 4176 ἰνα
1646 4123 1808 4179 ἴδωσι

224 4201 403 4264 πάντες,
443 4207 522 4255 ότι
574 4206 706 4263 πλὴν
739 4216 833 4258 σοῦ
863 4208 957 4260 οὐκ
1013 4211 1127 4261 ἔστι
1176 4217 1306 4273 Θεός
1388 4210 1510 4266 Εἶτα
1562 4220 1647 4265 καὶ
1682 4217 1807 4290 ὑπὲρ

225 4298 307 4338 τῶν
355 4292 694 4353 κολαζόντων.
763 4298 935 4371 ὧσπερ
1006 4298 1155 4359 ἄλλος
1230 4320 1309 4360 τις
1374 4308 1617 4373 Στέφανος
1682 4306 1807 4378 ὑπὲρ

226 4384 311 4426 τῶν
335 4378 669 4444 nomadum»,
716 4385 1011 4455 εὐχόμενος,
1064 4386 1230 4458 Ἀψαι
1279 4398 1367 4451 τῆς
1426 4391 1611 4455 αὐτῶν,
1653 4393 1805 4462 ἔλεγε,

225 4463 441 4535 καρδίας,
514 4472 749 4525 πολυέλεε
797 4480 1047 4540 Δέσποτα,
1105 4483 1194 4529 καὶ
1245 4483 1371 4553 πρὸς
1423 4484 1480 4531 τὸ
1536 4484 1625 4533 σὸν
1678 4484 1808 4534 καθ-

227 4549 472 4623 οδήγησον
544 4560 761 4632 θέλημα,
814 4565 895 4615 ἱνα
934 4571 1096 4635 γνῶσί
1144 4585 1201 4618 σε
1254 4572 1341 4619 τὸν
1371 4574 1523 4640 μόνον
1569 4570 1807 4627 ἀληθινὸν

228 4647 356 4707 Θεὸν,
405 4654 494 4699 καὶ
548 4657 643 4710 τῆς
695 4650 924 4725 ὀλεθρίου
983 4662 1081 4706 τῶν
1138 4652 1363 4708 εἰδώλων
1413 4666 1685 4711 ἀποστῶσι
1715 4648 1809 4712 λαί-

226 4736 392 4803 τρείας,
424 4738 505 4788 ὅτι
535 4738 811 4809 εὐλογητὸς
838 4740 883 4793 εἶ
916 4742 986 4803 εἰς
1011 4748 1132 4805 τοὺς
1160 4745 1370 4807 αἰῶνας.
1406 4747 1590 4818 Ἀμήν.

1907 3232 2045 3288 ﬁdei
2078 3231 2255 3287 veluti
2302 3230 2586 3301 quaedam
2640 3228 2869 3284 semina
2936 3234 2995 3283 et
3043 3228 3206 3282 initia
3269 3227 3329 3282 in
3384 3227 3564 3283 corde

1909 3326 2217 3393 acceperat
2248 3336 2259 3374 :
2306 3318 2506 3374 adhuc
2537 3333 2676 3374 vero
2716 3318 3053 3373 sectabatur
3089 3333 3181 3373 res
3230 3316 3557 3387 gentilium,

1908 3410 2150 3484 plurimi
2172 3409 2393 3464 faciens
2421 3408 2612 3463 colere
2639 3412 2698 3462 et
2734 3407 3054 3462 observare
3092 3405 3560 3476 imperatorem),

1910 3501 2037 3572 ipse
2067 3504 2267 3556 autem
2294 3504 2436 3552 tunc
2467 3496 2674 3552 videns
2704 3496 3033 3551 Adrianum
3076 3495 3468 3560 dubitantem,
3511 3497 3567 3550 et

1911 3588 2277 3644 nescientem
2309 3586 2619 3658 quomodo
2651 3600 2715 3639 se
2755 3585 2816 3639 in
2869 3590 3143 3640 sanctum
3191 3589 3439 3656 gereret,
3472 3600 3568 3640 ac-

1913 3679 2132 3735 cedens
2165 3696 2178 3733 :
2208 3679 2323 3745 Ego
2378 3680 2451 3743 te,
2488 3674 2699 3745 inquit,
2746 3690 2782 3729 o
2836 3674 3177 3745 imperator,
3219 3673 3490 3729 liberabo
3530 3688 3567 3729 a

1914 3766 2182 3839 negotiis,
2206 3771 2263 3820 et
2286 3765 2442 3819 hunc
2460 3763 2875 3834 juvenem,qui
2896 3767 3188 3833 repugnat
3211 3762 3329 3817 tuis
3360 3763 3563 3831 jussis,

1915 3856 2146 3912 docebo
2180 3869 2493 3925 nunquam
2516 3851 2627 3907 tale
2652 3851 2796 3922 quid
2829 3850 3089 3921 aggredi.
3123 3850 3239 3905 Sed
3296 3850 3567 3905 clibanus

1914 3945 2161 4017 quidem
2215 3942 2503 3998 inferatur
2554 3956 2757 3996 aaneus
2793 3939 2987 3996 :acuti
3047 3944 3247 3994 autem
3322 3938 3567 3994 obelisci

1916 4034 2239 4103 inﬁgantur
2251 4033 2304 4086 in
2324 4035 2568 4102 utraque
2581 4029 2631 4100 ej
2643 4046 2710 4084 us
2723 4032 2977 4100 parte,et
2991 4044 3122 4083 mox
3140 4028 3289 4083 scies
3306 4027 3570 4083 Eleuthe-

1918 4125 2063 4180 rium
2076 4131 2173 4179 aut
2190 4121 2465 4194 paruisse
2478 4126 2581 4176 aut
2595 4119 2739 4176 male
2754 4120 3019 4191 periisse.
3043 4121 3173 4174 Haec
3189 4134 3321 4173 vero
3340 4118 3563 4184 dicens,

1918 4229 2039 4270 non
2057 4210 2575 4268 animadvertebat
2593 4225 2655 4265 se
2672 4209 2906 4265 leonem
2926 4215 3135 4280 putare
3154 4223 3331 4279 posse
3350 4212 3567 4263 terrere

1917 4302 2037 4358 ictu
2068 4300 2402 4358 arundinis.
2434 4303 2564 4355 Haec
2594 4304 2793 4354 tamen
2824 4298 3176 4369 placuerunt
3200 4297 3564 4367 imperatori,

1918 4395 1976 4447 et
2004 4392 2120 4446 cito
2150 4390 2417 4445 confecta
2446 4388 2747 4454 machina,
2775 4393 3000 4457 martyr
3024 4387 3084 4441 in
3112 4386 3331 4442 caelum
3361 4385 3569 4442 tollens

1918 4482 2122 4535 oculos
2155 4485 2276 4535 tam
2305 4479 2407 4549 qui
2441 4482 2762 4532 cernuntur
2781 4492 2965 4547 quam
2992 4476 3094 4547 qui
3126 4475 3237 4530 sub
3256 4481 3567 4546 aspectum

1918 4585 2040 4625 non
2067 4569 2305 4631 cadunt,
2338 4571 2393 4621 et
2423 4570 2607 4622 totam
2641 4569 2902 4620 mentem
2934 4565 2994 4619 in
3026 4563 3245 4620 caelum
3271 4563 3567 4633 deﬁgens,

1919 4664 1975 4713 et
2002 4674 2124 4729 pra:
2155 4656 2375 4727 gaudio
2404 4661 2555 4710 totus
2593 4655 2766 4726 quasi
2787 4671 2822 4710 a
2855 4657 2971 4709 Deo
2992 4651 3266 4709 afﬂatus:
3300 4655 3427 4722 Ago
3458 4652 3567 4708 tibi

1920 4747 2164 4817 gratias,
2196 4745 2408 4819 inquit,
2443 4745 2689 4800 Domine
2712 4746 2848 4799 Jesu
2880 4744 3103 4800 Christe
3131 4748 3185 4797 et
3216 4745 3370 4798 Deus
3407 4742 3570 4814 quod

230 4834 311 4875 me
345 4823 559 4881 talibus
594 4832 649 4884 et
677 4830 849 4885 tantis
880 4831 1049 4887 bonis
1081 4834 1162 4888 sis
1193 4834 1472 4905 dignatus
1499 4854 1510 4891 :
1541 4837 1705 4909 quod
1735 4853 1831 4893 me
1858 4852 2044 4893 manu
2075 4840 2173 4891 tua
2197 4836 2419 4907 potenti
2478 4836 2689 4888 virtute
2742 4833 3088 4896 accinxeris,
3131 4831 3296 4904 quod
3323 4847 3431 4903 pro
3463 4835 3566 4887 tuo

228 4911 449 4999 nomine
479 4915 624 4971 talia
655 4916 756 4973 tibi
785 4919 911 4989 pati
940 4919 1137 4977 visum
1164 4923 1254 4977 sit.
1314 4927 1377 4981 Et
1435 4942 1594 4981 nunc
1633 4928 1830 4999 aspice
1884 4927 1957 4981 de
2009 4924 2179 4989 ccelo,
2213 4930 2269 4979 et
2322 4923 2456 4978 vide
2502 4922 2703 4995 qualia
2759 4926 2965 4977 contra
3016 4938 3109 4976 me
3168 4920 3561 4985 fabricantur,

228 4997 315 5066 Qui
343 5005 395 5055 te
424 5003 679 5061 oderunt
711 5028 723 5063 :
758 5012 815 5062 et
846 5008 1033 5066 libera
1058 5012 1324 5068 animam
1351 5030 1547 5071 meam
1581 5032 1615 5070 a
1634 4997 1831 5086 jaculo
1859 5031 2088 5079 eorum,
2117 5018 2169 5069 et
2194 5030 2227 5070 a
2256 5013 2393 5068 viris
2425 5012 2833 5082 sanguinum‘,
2875 5011 2978 5083 qui
3027 5010 3216 5066 bonus
3272 5025 3353 5079 es,
3392 5023 3568 5064 serva

230 5098 353 5144 me:
392 5098 454 5147 ut
488 5094 676 5151 sciant
728 5113 959 5164 omnes,
986 5103 1042 5154 te
1088 5116 1220 5157 esse
1276 5102 1470 5158 solum
1532 5107 1715 5160 Deum
1774 5110 1830 5160 et
1881 5104 2207 5176 gloriosum
2265 5103 2323 5157 in
2394 5106 2514 5156 toto
2563 5101 2707 5156 orbe
2773 5106 3084 5156 terrarum.
3117 5098 3335 5153 Deinde
3387 5097 3567 5153 etiam

230 5187 322 5242 pro
363 5179 429 5234 iis
494 5182 660 5253 ipsis,
727 5187 832 5258 qui
892 5187 1060 5244 illum
1104 5191 1469 5257 cruciabant,
1540 5195 1688 5249 sicut
1746 5193 2113 5266 Stephanus“l
2172 5207 2281 5263 pro
2330 5191 2422 5255 iis,
2473 5190 2579 5262 qui
2632 5206 2768 5245 eum
2819 5188 3121 5259 lapidibus
3184 5186 3566 5257 appetebant,

232 5274 385 5409 Drin;
411 5272 645 5415 Tange
679 5290 782 5330 cor
806 5291 1036 5343 eorum,
1067 5279 1325 5348 dicebat,
1354 5298 1390 5337 o
1418 5282 1683 5352 Domine,
1718 5283 1822 5356 qui
1844 5298 1906 5339 es
1949 5282 2145 5338 multa;
2177 5279 2616 5345 misericordiae,
2648 5283 2707 5335 et
2746 5283 2915 5334 tuum
2967 5280 3244 5332 sanctum
3311 5275 3398 5330 eis
3455 5291 3567 5331 no-

384 5375 408 5411 s
475 5403 486 5414 .
522 5376 576 5415 ν.
654 5365 675 5399 ⁷
713 5367 819 5415 Act
850 5381 945 5415 vn-

384 5365 486 5415 sal.
522 5376 576 5416 v.
654 5365 675 5399 ⁷
713 5367 819 5421 Act
850 5381 946 5422 vn.

300 5504 369 5579 ('2)
399 5507 674 5570 Correum
704 5514 864 5572 hunc
892 5523 1065 5576 vocat
1105 5521 1261 5578 Beda
1289 5522 1348 5579 in
1381 5523 1795 5597 Martyrologio
1825 5523 1903 5583 ad
1934 5522 2092 5579 hunc
2124 5521 2303 5578 diem.
