4062 6222
509 306 612 365 135
1887 294 2145 353 MENSIS
2186 293 2492 353 APBlLIS.
3765 293 3865 348 136

504 450 645 490 men
697 433 791 489 fac
842 431 912 487 sit
967 429 1295 499 cognitum,
1329 431 1387 483 et
1440 426 1634 482 deduc
1691 423 1767 480 ad
1822 428 1989 479 tuam
2024 420 2392 477 voluntatem
2429 441 2441 480 :
2485 424 2551 476 ut
2580 422 2943 490 cognoscant
2971 421 3026 473 te
3064 415 3259 473 solum
3293 429 3504 471 verum
3563 414 3771 479 Deum,
3810 420 3866 472 et

503 524 792 581 desistant
819 537 855 577 a
883 519 1216 592 pernicioso
1247 516 1411 572 cultu
1442 514 1903 570 simulacrorum
1934 528 1945 565 :
1979 510 2271 583 quoniam
2299 510 2649 566 benedictus
2682 524 2743 564 es
2782 508 2843 563 in
2883 505 3116 563 saecula.
3158 508 3365 561 Amen.

575 640 687 697 Vll.
722 640 866 694 Cum
894 635 1120 691 Corebo
1168 634 1249 689 sic
1289 634 1559 688 orantem
1611 628 1955 686 attendisset
2008 641 2155 681 mar-

2334 624 2409 677 Ζ’.
2455 625 2629 685 Οὕτως
2678 624 2934 696 εὐξαμένῳ
2977 630 3048 693 τῷ
3104 624 3332 697 μάρτυρι
3388 628 3643 694 προσχὼν
3694 621 3719 671 6
3766 626 3864 673 K0-

504 737 716 804 tyrem,
746 726 918 782 veluti
951 738 1229 792 accenso,
1264 721 1369 792 qui
1398 725 1523 775 erat
1569 720 1621 773 ei
1677 718 1998 789 repositus,
2031 732 2108 772 cat

2264 718 2449 787 ρέμων,
2499 719 2587 766 καὶ
2640 718 2727 766 τόν
2774 716 3204 787 προαποκείμενον
3258 709 3396 779 αὐτῷ
3433 717 3529 770 τῆς
3580 708 3863 772 θεοσεϐείας

497 796 656 879 bone
682 796 937 889 pietatis,
964 818 1205 886 repente
1242 814 1508 866 mutatur
1540 808 1717 877 longe
1755 806 2101 879 pulcherrim

2264 804 2498 875 ἄνθρακα
2597 805 2769 876 ὧσπερ
2846 800 3292 872 ἀναζωπυρηθεὶς,
3370 800 3511 870 ἄφνω
3585 796 3862 869 μεταϐολὴν

500 909 833 966 mutatione
866 921 878 957 :
915 908 973 960 et
1011 885 1300 975 tanquam
1352 915 1471 955 non
1520 897 1570 952 is
1615 900 1787 960 esset,
1816 894 1919 967 qui
1969 895 2104 966 paul

2261 891 2632 964 μεταϐάλλεται
2670 896 2764 949 τὴν
2802 890 3101 949 καλλίστην,
3152 892 3238 940 καὶ
3287 896 3358 957 τῷ
3404 885 3615 959 βασιλεῖ
3650 886 3865 959 προσελ-

500 1003 636 1056 ante
662 992 1037 1066 excogitabat
1096 989 1389 1061 supplicia
1451 986 1739 1043 adversus
1795 987 2104 1055 martyren

2266 983 2382 1047 θὼν,
2412 986 2593 1045 Ποίου,
2626 986 2806 1053 φησὶν,
2850 976 3173 1050 ἀδικήματος
3198 978 3357 1050 χάριν
3415 977 3440 1027 ό
3480 978 3665 1048 πικρός
3714 975 3866 1037 οὗτος

500 1088 795 1146 accedens
827 1084 903 1140 ad
944 1084 1369 1154 imperatorem
1400 1096 1413 1133 :
1445 1080 1550 1132 Pro
1595 1090 1739 1147 quo,
1773 1074 1983 1146 inquit,
2027 1089 2104 1127 ωε

2263 1068 2559 1143 Ἐλευθερίῳ
2610 1067 3034 1140 καταψηφίζεται
3102 1068 3357 1132 θάνατοςς
3442 1068 3540 1117 Καὶ
3599 1065 3623 1114 6
3711 1061 3865 1134 βασι-

497 1178 713 1244 leﬁcio,
745 1178 850 1231 aut
898 1152 1186 1246 pro—quo
1233 1168 1480 1224 crimine
1523 1166 1612 1220 his
1660 1163 1847 1236 poenis
1898 1160 2101 1217 afﬁcitt

2264 1157 2393 1223 λεὺς,
2426 1165 2499 1228 τῷ
2538 1153 2823 1231 παραδόξῳ
2879 1164 2973 1208 τοῦ
3029 1155 3363 1223 ἀκούσματος
3420 1152 3710 1222 ἐκπλαγεὶς,
3742 1170 3868 1226 γορ-

499 1238 861 1323 Eleutherius
954 1267 1056 1318 aut
1084 1238 1192 1332 pro
1222 1274 1344 1331 qua
1372 1270 1554 1312 causa
1578 1258 1768 1309 morte
1787 1258 1909 1307 tam
1933 1249 2103 1307 acerb

2258 1251 2349 1318 νόν
2398 1266 2447 1298 τι
2510 1251 2599 1298 καὶ
2649 1244 2908 1319 βλοσυρόν
2954 1247 3084 1317 πρὸς
3141 1246 3226 1294 τόν
3295 1244 3559 1314 Κορέμονα
3602 1238 3803 1312 βλέψας
3848 1259 3860 1272 ·

499 1358 819 1415 damnatur
836 1355 864 1409 ‘I
884 1331 1208 1423 Imperator
1228 1361 1369 1402 vero
1390 1344 1502 1399 hac
1518 1343 1826 1413 inopinata
1846 1338 2103 1397 audition

2262 1340 2325 1389 Σὺ
2355 1335 2512 1395 αὐτὸς
2573 1331 2634 1398 εἶ,
2687 1338 2801 1407 ἔφη,
2867 1333 2919 1386 ὃν
2962 1332 3060 1404 ἐγὼ
3108 1336 3350 1401 γινώσκω
3407 1332 3716 1404 Κορέμονα;
3773 1333 3866 1381 καὶ

496 1446 673 1504 valde
696 1445 1058 1505 commotus,
1090 1444 1254 1494 torve
1283 1435 1520 1490 intuens
1555 1429 1920 1488 Corebonem
1951 1443 1964 1483 :
1993 1428 2100 1482 Nu]

2262 1430 2307 1477 τί
2353 1427 2539 1487 πάθοις
2567 1444 2585 1496 ς,
2638 1429 2782 1482 Μήτι
2837 1442 2894 1475 σε
2976 1425 3184 1495 χρυσός
3227 1419 3352 1472 εἷλεν
3404 1420 3503 1471 ὑπὸ
3560 1426 3650 1478 τῆς
3702 1417 3866 1470 αὐτοῦ

499 1540 562 1593 tu
583 1552 666 1600 es,
694 1531 905 1603 inquit,
931 1530 999 1593 is,
1024 1543 1206 1600 quem
1223 1540 1334 1596 ego
1361 1521 1522 1585 novi,
1550 1518 1776 1575 Corebo
1795 1518 1824 1574 ?
1850 1516 2103 1583 Quidnai

2262 1510 2533 1586 δεδομένος
2570 1517 2768 1585 μητρός
2805 1528 2818 1578 ;
2850 1516 2940 1563 καὶ
2968 1517 3111 1563 πόσα
3164 1510 3224 1560 ἄν
3276 1527 3357 1561 σοι
3408 1511 3497 1559 καὶ
3552 1508 3696 1579 παρὰ
3743 1505 3866 1557 πολ-

502 1594 701 1682 autem
732 1594 839 1676 tibi
864 1594 1238 1680 accidit,iaut
1266 1594 1558 1685 quidnam
1597 1608 1701 1664 tibi
1731 1607 1955 1663 factum
1988 1603 2096 1660 fuit

2266 1606 2355 1654 λῶν
2408 1603 2589 1677 ἑτέρων
2635 1598 2909 1673 διδόμενα,
2977 1608 3075 1651 τῶν
3162 1598 3294 1670 ἐμῶν
3362 1594 3566 1671 δωρεῶν
3637 1594 3870 1658 ἀντάξια

499 1710 803 1783 Numquid
825 1714 879 1767 te
909 1706 1064 1779 cepit
1093 1683 1310 1760 aurum
1338 1701 1416 1755 ab
1434 1699 1585 1754 illius
1607 1701 1797 1753 matre
1814 1700 2103 1766 acceptun

2264 1697 2474 1763 γένοιτο,
2498 1692 2551 1743 ὃν
2606 1690 2705 1762 ἐγὼ
2756 1695 2845 1742 καὶ
2891 1688 3117 1759 πλούτῳ,
3176 1691 3263 1739 καὶ
3316 1683 3469 1758 δόξῃ,
3518 1690 3608 1737 καὶ
3636 1692 3698 1757 τῇ
3730 1688 3868 1757 πρὸς

495 1807 554 1860 et
582 1772 708 1859 tam
736 1772 1256 1871 repente-mutavit
1283 1790 1311 1846 ?
1341 1792 1532 1856 Quam
1576 1785 1764 1842 multa
1791 1800 1928 1840 vero
1967 1784 2099 1840 etial

2263 1780 2343 1854 ἐμὲ
2390 1781 2645 1833 οἰκειωσει
2697 1778 2927 1840 ζηλωτὸν
2985 1776 3033 1830 ἐν
3078 1777 3247 1849 Ῥώμη
3334 1779 3680 1839 κατέστησα;
3752 1772 3867 1825 ἀλλ’

497 1890 762 1949 amultis
804 1862 954 1943 -aliis
1007 1884 1112 1940 tibi
1167 1883 1329 1946 data,
1357 1876 1660 1951 potuerint
1706 1873 1955 1930 conferri
2008 1889 2101 1928 CUI

2262 1869 2302 1923 εἰ
2350 1875 2441 1922 καὶ
2490 1869 2730 1922 πλειόνων
2783 1867 2920 1941 ἐρᾷς,
2972 1869 3021 1918 οἱ
3073 1864 3186 1938 ἐμοὶ
3240 1865 3420 1924 πάντες
3495 1862 3718 1915 ἀνεῖνταί
3778 1880 3866 1914 σοι

496 1981 646 2039 meis
684 1977 878 2042 donis,
912 1990 1092 2046 quem
1125 1987 1236 2041 ego
1285 1972 1343 2025 et
1389 1968 1600 2039 opibus
1630 1970 1688 2020 et
1742 1962 1933 2035 gloria
1989 1978 2100 2018 mea

2262 1961 2551 2032 θησαυροί·
2617 1961 2812 2011 τούτων
2856 1956 3166 2029 ἀμφοτέραις
3222 1952 3411 2018 ἄντλει,
3462 1956 3551 2004 καὶ
3602 1956 3670 2023 μὴ
3726 1951 3866 2003 οὕτω

498 2068 897 2128 familiaritate
926 2068 981 2119 et
1013 2059 1433 2131 conjunctione
1484 2056 1726 2111 beatum
1780 2056 1978 2108 Romae
2018 2067 2102 2106 rec

2261 2046 2606 2123 καταπροδῷς
2654 2050 2889 2109 σεαυτὸν,
2947 2046 3151 2117 κλέμμα
3209 2046 3458 2115 ’γυναικὸς
3539 2046 3629 2093 καὶ
3683 2040 3865 2110 ὀλίγον

496 2126 615 2214 didi
642 2157 671 2211 ?
692 2156 861 2221 Quod
883 2153 931 2207 si
958 2126 1144 2224 plura'
1164 2147 1493 2209 desideras,
1518 2143 1649 2198 licet
1673 2142 1775 2198 tibi
1802 2141 2014 2197 nostris
2032 2141 2100 2195 fr:

2258 2146 2466 2211 χρυσοῦ
2517 2142 2778 2209 γενόμενος
2833 2137 3000 2188 ὤνιον.
3056 2133 3113 2186 Ὀ
3191 2129 3248 2184 δε
3328 2135 3588 2204 Κορέμων,
3633 2126 3739 2188 ἤδη
3794 2138 3862 2201 τῇ

498 2246 726 2304 affatim
761 2258 774 2294 :
812 2240 917 2298 tlbi
942 2221 1079 2295 sunt
1109 2236 1290 2308 aperti
1318 2249 1529 2289 omnes
1565 2231 1679 2286 mei
1728 2229 1993 2285 thesauri
2028 2244 2040 2283 :
2073 2243 2102 2283 e

2262 2235 2348 2278 τοῦ
2374 2229 2636 2301 μάρτυρος
2660 2227 2791 2298 εῦχῇ
2852 2230 2945 2283 τὴν
2998 2223 3177 2295 ψυχὴν
3229 2222 3521 2293 φωτισθείς,
3561 2222 3616 2272 τό
3663 2221 3866 2291 θαυμα-

493 2335 589 2393 his
616 2332 792 2390 hauri
820 2329 1116 2385 ambabus
1151 2307 1462 2387 manibus,
1496 2335 1692 2392 neque
1756 2320 2012 2389 teipsum
2067 2316 2097 2371 il

2261 2320 2381 2368 στὸν
2438 2320 2527 2367 καὶ
2576 2315 2886 2387 ἁξιῦμνητον
2936 2311 3202 2375 ἐξεϐόησεν
3257 2329 3271 2342 ο
3351 2308 3541 2373 Ἐστω,
3602 2307 3781 2379 λέγων,
3828 2309 3861 2365 ἡ

494 2423 740 2498 prodas,
774 2437 810 2475 a
840 2419 1062 2474 femina
1114 2415 1269 2471 furto
1328 2409 1621 2473 sublatus,
1651 2412 1707 2463 et
1761 2421 1959 2478 pauco
1999 2421 2098 2460 aut

2260 2411 2381 2476 τιμὴ
2419 2424 2512 2457 σου
2545 2410 2639 2457 σὺν
2695 2409 2779 2456 σοὶ
2832 2403 2899 2463 εἰς
2948 2401 3221 2464 ἀπώλειαν,
3280 2402 3347 2451 τα
3392 2395 3450 2451 δὲ
3479 2400 3735 2470 χρήματά
3763 2416 3864 2449 σου

498 2488 759 2585 emptus.
788 2507 1014 2564 Corebo
1047 2510 1247 2560 autem
1286 2502 1417 2571 jam
1474 2504 1627 2554 totus
1680 2496 1938 2567 repletus
1983 2494 2102 2550 bon

2261 2495 2539 2566 ὑπόκαυμα
2601 2502 2671 2563 τῷ
2718 2495 3039 2566 περιμένοντί
3080 2510 3137 2542 σε
3167 2493 3289 2563 πυρὶ
3338 2492 3537 2558 γένοιτο
3586 2506 3599 2517 ·
3653 2490 3705 2537 τί
3756 2488 3865 2560 ’γὰρ

498 2577 732 2675 spiritu,
760 2602 815 2654 et
843 2592 1119 2666 martyris
1149 2589 1426 2663 precibus
1453 2591 1713 2643 mentem
1758 2584 1985 2639 habens
2014 2581 2102 2637 illc

2260 2579 2327 2641 δὴ
2390 2589 2480 2635 καὶ
2536 2583 2661 2635 ἑκὼν
2717 2581 3047 2653 τυφλώττεις,
3093 2583 3180 2630 καὶ
3233 2585 3399 2630 ταῦτα
3453 2581 3605 2648 πείρᾳ
3657 2577 3860 2647 μαθὼν,

498 2664 815 2751 minatam,
847 2664 1201 2741 exclamavit
1230 2678 1375 2734 illud
1404 2674 1757 2733 admirabile
1812 2678 1867 2727 et
1895 2671 2102 2741 dignun

2261 2672 2338 2724 ὅτι
2389 2681 2489 2723 τῶν
2544 2675 2633 2744 μεν
2689 2679 2792 2723 σῶν
2846 2672 2968 2722 θεῶν
3020 2664 3191 2728 οὐδεὶς
3236 2670 3322 2719 τόν
3371 2664 3686 2738 ἐμϐληθέντα
3728 2669 3865 2736 πυρὶ

501 2779 668 2853 quod
726 2774 1059 2834 celebretur
1092 2788 1105 2826 :
1136 2768 1391 2825 Pretium
1449 2772 1640 2829 tuum,
1673 2763 1903 2827 dicens,
1950 2766 2105 2816 tecur

2261 2770 2434 2814 σῶσαι
2491 2758 2731 2825 δύναται,
2775 2760 2829 2812 ὃν
2888 2756 2947 2811 δὲ
2990 2760 3015 2811 6
3082 2756 3389 2830 Ἐλευθέριος
3432 2755 3583 2816 οὗτος
3652 2751 3860 2805 σέϐεται

2638 2849 2647 2853 -
2784 2846 2803 2853 -
3132 2851 3139 2853 _
3238 2847 3246 2853 .
3413 2832 3477 2853 ,οἱ
3659 2840 3676 2853 \
3711 2843 3719 2853 Ι

497 2832 594 2926 ξεί
620 2869 682 2924 in
711 2864 1131 2938 perditionem.
1162 2861 1295 2915 Tua-3
1325 2870 1465 2911 vero
1506 2852 1773 2926 pecuniae
1806 2850 1926 2906 sint
1956 2849 2101 2904 fonte

2259 2855 2346 2901 καὶ
2377 2854 2540 2925 πυρός
2588 2849 2744 2902 αὐτὸν
2773 2846 3010 2901 δείκνυσι
3060 2851 3149 2897 καὶ
3174 2847 3352 2905 πάσης
3398 2832 3551 2904 ἄλλης
3598 2840 3863 2902 κολάσεως

497 2959 674 3029 ignis,
692 2956 795 3028 qui
820 2960 876 3009 te
904 2954 1127 3008 manet.
1160 2946 1313 3013 Quid
1335 2944 1493 3000 enim
1522 2948 1626 2998 tua
1647 2944 1858 3013 sponte
1884 2939 2101 2994 caecuti:

1027 2954 1127 3006 let.
1160 2946 1313 3013 Quid
1335 2944 1493 3000 enim
1522 2948 1626 2998 tua
1647 2944 1858 3013 sponte
1884 2939 2145 3003 caecutis,
2260 2938 2631 3012 ἰσχυρότερονς

497 3053 552 3104 et
578 3020 806 3102 conaris
846 3056 1083 3097 movere
1114 3053 1204 3103 ea,
1232 3052 1368 3107 quae
1389 3038 1526 3089 sunt
1555 3030 1885 3087 immobilia
1907 3031 1935 3085 ?
1962 3029 2163 3100 idque,
2197 3042 2333 3081 cum
2361 3027 2641 3083 didiceris
2680 3025 3061 3098 experientia,
3094 3022 3260 3097 quod
3287 3021 3481 3078 nullus
3506 3020 3750 3094 quidem
3777 3034 3862 3076 ex

496 3136 612 3190 tuis
631 3134 743 3188 diis
769 3134 965 3204 potest
991 3127 1178 3184 ullum
1210 3142 1281 3181 ex
1307 3124 1397 3189 iis,
1428 3123 1533 3195 qui
1562 3121 1805 3186 adsunt,
1831 3120 1892 3173 in
1919 3118 2119 3187 ignem
2150 3115 2435 3204 injectum
2467 3131 2727 3172 servare.
2756 3117 2809 3171 Is
2834 3121 3056 3185 autem,
3087 3129 3268 3185 quem
3294 3111 3431 3168 colit
3456 3108 3854 3177 Eleutherius,

496 3222 689 3280 reddit
715 3203 853 3276 eum
884 3223 942 3274 et
970 3219 1105 3286 igne
1136 3212 1525 3287 potentiorem
1551 3215 1608 3265 et
1636 3209 1845 3280 quovis
1876 3206 1993 3262 alio
2025 3203 2340 3276 supplicio.

567 3337 706 3393 Vill.
741 3336 836 3391 His
867 3333 949 3389 sic
982 3332 1098 3387 dici
1130 3345 1250 3385 non
1282 3331 1495 3399 potest,
1522 3335 1752 3397 quanta
1780 3324 1868 3379 ira
1888 3326 1946 3377 et
1969 3319 2144 3376 dictis

2326 3320 2404 3378 H'.
2473 3324 2687 3383 Τούτοις
2744 3320 2838 3372 οῦκ
2888 3322 3029 3372 ἔστιν
3088 3319 3244 3372 εἰπεῖν
3298 3318 3425 3377 ὅσης
3452 3314 3611 3389 ὀργῆς
3638 3318 3728 3366 καὶ
3759 3333 3865 3384 μα-

496 3426 735 3483 insania
746 3419 1191 3496 repletusfuerit
1205 3422 1522 3489 tyrannus.
1549 3413 1747 3470 Solent
1768 3411 1923 3467 enim
1938 3425 2100 3465 rever

2259 3415 2364 3472 νίας
2394 3409 2625 3468 ἐπλήσθη
2678 3411 2703 3461 6
2758 3412 3003 3483 τύραννος
3035 3426 3045 3437 ’
3100 3408 3317 3460 εἰώθασι
3369 3408 3470 3479 ’γὰρ
3522 3405 3576 3455 αἱ
3629 3404 3863 3477 ἰσχυραὶ

493 3517 707 3573 validas
732 3494 1004 3569 amicitia;
1038 3506 1271 3564 validas
1324 3519 1567 3577 quoque
1624 3500 1888 3557 similiter
1937 3514 2097 3571 paret

2258 3500 2416 3571 φιλίαι
2449 3502 2674 3574 ἰσχυρὰς
2721 3501 2906 3570 ὁμοίως
2950 3499 3142 3569 ἔχθρας
3196 3495 3474 3566 ἀπογηνᾴν
3524 3511 3536 3523 ⁸
3597 3494 3707 3545 ὅθεν
3766 3496 3862 3544 καὶ

490 3603 851 3661 inimicitias.
884 3598 1046 3655 Unde
1080 3596 1260 3652 etiam
1306 3593 1477 3664 jubet
1526 3590 1871 3663 prafectum
1930 3586 2094 3643 eode:

2256 3590 2393 3660 αὐτῷ
2458 3591 2624 3659 τούτῳ
2681 3587 2873 3640 κελεύει
2924 3595 2996 3658 τῷ
3062 3584 3285 3656 κλιϐάνῳ
3338 3584 3703 3655 τιμωρηθῆναι
3765 3583 3860 3633 τὸν

492 3693 693 3767 puniri
722 3691 980 3752 clibano,
1005 3702 1120 3759 quo
1146 3684 1274 3757 ipse
1303 3680 1704 3745 consuluerat,
1734 3685 1795 3734 ut
1835 3677 2096 3750 punirett

2257 3680 2504 3749 ἔπαρχον,
2578 3678 2712 3751 ᾧπερ
2790 3676 2945 3736 αὐτὸς
3000 3674 3321 3733 κολασθῆναι
3404 3675 3489 3724 τὸν
3538 3670 3861 3740 Ἐλευθέριον

493 3753 874 3839 ίέιθιιῐὴθτὶυε.
908 3753 1057 3834 Cum
1088 3753 1226 3846 ergo
1277 3774 1406 3843 jam
1468 3769 1976 3843 appropinquaret
2031 3771 2097 3821 to:

2255 3766 2629 3819 συνεϐούλευεν.
2660 3765 2748 3827 Ὠς
2791 3761 2849 3817 δὲ
2903 3772 2962 3836 τῇ
3025 3762 3241 3835 βασάνῳ
3271 3765 3658 3836 προσηγγισεν,
3694 3753 3859 3820 Εὖξαι

494 3876 715 3937 mento,
771 3872 888 3926 Ora
934 3883 1043 3940 pro
1100 3881 1216 3929 me,
1249 3860 1532 3919 clamavit
1590 3857 1815 3914 Corebo
1873 3861 2098 3927 martyr

2252 3857 2379 3928 ὑπερ
2407 3854 2551 3928 ἐμοῦ,
2584 3856 2609 3907 6
2665 3857 2903 3929 Κορέμων
2950 3861 3023 3923 τῷ
3054 3855 3280 3927 μάρτυρι
3327 3848 3598 3916 ἐπεϐόησε,
3648 3853 3735 3899 καὶ
3784 3853 3852 3918 τῇ

492 3969 550 4019 et.
579 3979 674 4018 me
702 3976 874 4017 arma
903 3938 996 4013 his
1024 3954 1229 4019 armis,
1272 3966 1490 4022 nempe
1543 3948 1752 4005 Christi
1808 3944 2096 4018 signacuh

2253 3953 2341 3998 τοῦ
2398 3952 2628 4018 Χριστοῦ
2680 3962 2742 4015 με
2784 3938 3041 4017 σφραγῖδι
3097 3940 3435 4003 καθόπλισον,
3601 3941 3689 3988 καὶ
3762 3938 3857 3986 τόν

491 4053 713 4124 quibus
743 4050 957 4105 ducem
981 4044 1272 4101 exercitus
1300 4021 1543 4095 munisti
1575 4037 1845 4093 Felicem.
1883 4036 1974 4091 Sic
1999 4050 2095 4105 erg

2252 4033 2609 4105 στρατηλάτην
2672 4034 3059 4105 περιετύχησας
3127 4029 3343 4087 Φίληκα.
3422 4027 3601 4088 Οὕτως
3677 4021 3762 4077 οὖν
3823 4024 3856 4075 ὁ

494 4111 715 4196 éorebo
756 4142 1025 4193 armatus
1055 4149 1091 4188 a
1145 4135 1425 4200 martyre,
1457 4130 1515 4182 et
1564 4126 1835 4197 protinus
1888 4124 2098 4193 injectu

2258 4126 2491 4193 Κορέμων
2542 4122 2642 4173 ὑπὸ
2690 4128 2781 4172 τοῦ
2830 4122 3088 4194 μάρτυρος
3131 4118 3412 4180 όπλισθεὶς,
3480 4120 3569 4167 καὶ
3629 4133 3695 4184 τῳ
3762 4111 3862 4185 ὀρ-

493 4229 557 4284 in
587 4228 912 4294 clibanum,
944 4223 1072 4294 ipse
1093 4198 1336 4293 quoque
1364 4216 1582 4272 mansit
1608 4214 1875 4268 similiter
1899 4212 1977 4268 ab
2002 4213 2097 4280 ign

2258 4213 2384 4281 γάνῳ
2412 4208 2645 4282 βληθεὶς,
2699 4209 2955 4270 ἀνάλωτος
2998 4213 3126 4282 πυρὶ
3155 4212 3245 4259 καὶ
3295 4206 3450 4265 αὐτὸς
3501 4200 3584 4262 ἧν.
3627 4198 3862 4275 Ἀδρια-

492 4333 615 4373 non
645 4318 1038 4386 expugnatus.
1080 4309 1377 4364 Adrianus
1424 4308 1626 4360 autem
1679 4303 1772 4358 his
1830 4303 2096 4357 tormenti

2252 4302 2331 4360 νός
2382 4295 2441 4351 δε
2470 4301 2536 4351 τὰ
2585 4308 2683 4351 τῶν
2733 4296 2977 4371 βασάνων
3044 4296 3359 4370 ἀπειρηκὼς,
3411 4294 3543 4365 ξίφει
3571 4296 3664 4351 τὴν
3696 4309 3856 4361 κεφα-

492 4381 787 4469 defessus,
809 4381 958 4457 eum
982 4399 1362 4461 condemnat,
1398 4398 1463 4449 ut
1491 4394 1543 4448 ei
1563 4396 1739 4464 caput
1778 4395 2096 4462 amputetw

2255 4391 2338 4444 λὴν
2407 4387 2566 4439 αὐτοῦ
2632 4388 2952 4459 ἐκτμηθῆναι
3025 4387 3233 4439 κελεύει.
3296 4388 3395 4436 Καὶ
3460 4385 3699 4456 Κορέμων
3760 4381 3859 4450 μὲν

495 4497 563 4549 Et
589 4491 880 4549 Coreboni
924 4488 1169 4562 quidem
1223 4485 1306 4540 sic
1360 4481 1621 4538 succedit
1650 4480 1783 4535 ﬁnis
1814 4478 2079 4551 martyrii

2254 4477 2393 4537 οὗτος
2440 4480 2487 4528 ἓν
2532 4474 2732 4551 βραχεῖ
2778 4479 2864 4528 τὸν
2913 4474 3117 4536 πολλοῖς
3188 4472 3240 4535 ἐξ
3293 4472 3477 4531 αἰῶνος
3538 4471 3858 4540 ποθούμενον

494 4588 550 4639 et
579 4581 683 4655 qui
714 4598 750 4637 a
780 4559 982 4635 multis
1030 4593 1066 4633 a
1124 4572 1340 4630 saeculo
1392 4570 1785 4634 desideratur,
1814 4568 1910 4623 hic
1975 4567 2098 4622 brei

2256 4568 2452 4638 ἥρπασε
2502 4567 2784 4637 θησαυρόν.
2841 4566 2917 4617 Τὰ
2982 4559 3041 4615 δε
3101 4564 3227 4633 μετὰ
3283 4568 3451 4613 ταῦτα
3515 4563 3674 4621 τίνα;
3751 4561 3860 4609 Καὶ

492 4644 760 4744 tempore
800 4669 1146 4724 thesaurum
1186 4659 1451 4733 arripuit.
1495 4661 1785 4724 Quaenam
1824 4672 1964 4712 vero
2005 4672 2096 4711 sur

2259 4650 2560 4727 Ἐλευθέριος
2616 4661 2688 4723 τῷ
2715 4652 2938 4723 κλιϐάνῳ
2995 4650 3317 4722 ἐμϐάλλεται,
3376 4653 3466 4701 καὶ
3530 4654 3639 4708 τοῖς
3692 4644 3863 4697 ὀϐελί-

494 4736 826 4816 Eleutherio
893 4760 1105 4828 postea
1156 4748 1532 4808 consecuta?
1563 4748 1831 4803 Primum
1889 4746 2098 4818 quidet

2257 4763 2397 4804 σκοις
2444 4747 2578 4795 τετὸ
2634 4738 2803 4794 δοκεῖν
2858 4744 3204 4812 περιπείρεται
3264 4759 3275 4772 ’
3338 4736 3445 4789 ἀλλ’
3486 4736 3631 4796 εὐθὺς
3688 4736 3713 4786 6
3762 4736 3861 4805 μὲν

492 4848 623 4920 ipse
637 4847 698 4902 in
714 4822 1019 4901 clibanum
1036 4839 1398 4897 immittitur:
1416 4836 1632 4891 deinde
1648 4835 1829 4890 etiam
1839 4832 2096 4889 obeliscis

2258 4832 2481 4893 κλίϐανος
2539 4830 2828 4895 σϐέννυται,
2854 4833 3159 4904 στρέφονται
3226 4825 3284 4881 δε
3327 4833 3417 4880 καὶ
3458 4828 3638 4879 αἰτῶν
3688 4822 3862 4875 ὀϐελί-

492 4914 557 4994 ιὶι
583 4934 916 4997 videbatur,
950 4928 1331 4997 transﬁgitur.
1365 4924 1719 4981 Etclibanus
1737 4922 1982 4994 quidem
2015 4936 2096 4975 run

2252 4941 2387 4973 σκων
2439 4920 2621 4993 ἀκμαί,
2710 4928 2941 4991 τιμῶσαι
2996 4920 3169 4990 ὥσπερ
3238 4918 3436 4992 σάρκας
3508 4914 3856 4987 μαρτυρικὰς,

492 5043 614 5090 sus,
638 5024 791 5080 sicut
834 5020 998 5094 prius
1027 5014 1456 5086 exstinguitur:
1487 5018 1910 5069 convertuntur
1935 5017 2096 5065 auter

2256 5016 2334 5062 καὶ
2398 5010 2584 5081 ψυχῆς
2667 5007 2926 5080 τύφλωσιν
2990 5005 3305 5078 ἐλέγχουσαι
3368 5012 3457 5057 τοῦ
3520 5003 3860 5067 κολάζοντος,

491 5113 763 5187 protinus
784 5091 1062 5181 cuspides
1086 5105 1509 5167 obeliscorum,
1533 5098 1987 5174 quodammodo
2017 5114 2095 5154 cal

2256 5099 2375 5151 Ξιλλὰ
2430 5104 2518 5150 καὶ
2596 5097 2813 5157 πολλοὺς
2881 5103 2981 5148 τῶν
3037 5100 3381 5168 παρεστώτων
3429 5094 3501 5155 εἰς
3554 5091 3860 5163 ἐπίγνωσιν,

492 5180 630 5259 nem
647 5180 1013 5258 honorantes
1036 5193 1333 5265 martyris,
1348 5198 1405 5249 et
1422 5192 1569 5261 ejus,
1584 5190 1689 5261 qui
1716 5190 1904 5259 punit,
1920 5188 2096 5242 anima

2260 5196 2382 5243 Θεοῦ
2406 5196 2497 5240 τοῦ
2552 5194 2719 5239 ταῦτα
2764 5188 3279 5259 θαυματουργοῦντος
3336 5183 3600 5245 ἕλκουσαι,
3658 5180 3707 5233 οἳ
3764 5185 3864 5233 καὶ

491 5297 807 5361 arguentes
828 5286 1156 5344 caecitatem
1187 5300 1198 5338 :
1224 5281 1553 5356 quinetiam
1580 5276 1797 5333 multos
1820 5276 2000 5341 exiis,
2032 5291 2095 5347 (Il

2261 5282 2418 5347 νΙέ-γας
2449 5277 2474 5328 6
2515 5279 2643 5337 Θεὸς
2674 5283 2772 5326 τῶν
2814 5282 3163 5346 Χριστιανῶν,
3213 5270 3388 5342 ἐϐόων,
3437 5272 3462 5323 6
3530 5267 3602 5324 δι’
3630 5268 3865 5322 Ἐλευθε-

494 5378 797 5445 astabant,
831 5375 1189 5433 attrahentes
1211 5372 1289 5428 ad
1315 5370 1413 5427 Dei
1439 5367 1862 5438 cognitionem,
1886 5364 1989 5437 qui
2012 5365 2098 5419 hae

1337 5370 1413 5426 )ei
1439 5367 1862 5438 cognitionem,
1886 5364 1989 5437 qui
2012 5365 2137 5419 haec
2246 5370 2361 5439 ρίου
2395 5367 2518 5437 ἡμῖν
2546 5368 2941 5437 κηρυττόμενος.

491 5467 747 5526 faciebat
778 5462 1060 5520 miracula
1092 5479 1104 5518 :
1134 5460 1231 5536 qui
1283 5460 1483 5523 etiam,
1524 5458 1769 5526 Magnus
1820 5461 1909 5511 est
1950 5453 2106 5511 Deus
2166 5453 2660 5521 Christianorum,
2693 5451 3056 5519 clamabant,
3100 5450 3206 5523 qui
3263 5449 3433 5507 nobis
3493 5446 3866 5521 praedicatur

498 5572 605 5631 per
641 5552 1062 5613 Eleutherium.
