4084 6216
552 192 649 245 139
1952 172 2203 230 ΜΕΝὲἰὲ
2245 173 2524 228 APRILIS
3821 177 3917 230 140

545 315 804 370 bantur:
841 319 894 366 et
942 326 1154 380 parum
1209 310 1416 373 abfuit,
1470 309 1616 379 quin
1662 323 1764 362 eos
1798 303 2178 372 discerperen

2316 319 2498 360 ναντας
2545 306 2631 352 τόν
2685 303 2992 372 ζητούμενον
3045 305 3182 372 ἔχειν
3237 301 3496 372 ἑπόμενον.
3547 301 3727 362 Οὖτως
3772 302 3916 353 εἰπὼν

545 402 826 458 cornibus
877 404 930 453 et
977 397 1286 462 dentibus,
1344 399 1458 453 nisi
1511 401 1741 467 martyr
1795 393 1906 448 illis
1957 389 2185 463 quideu

2317 393 2593 464 προθύμως
2647 390 2916 448 ἠκολούθει
2972 409 2982 419 ·
3040 390 3202 442 πολλά
3257 387 3314 442 δὲ
3374 395 3508 442 κατά
3566 395 3658 448 τὴν
3717 397 3918 461 πορείαν

545 496 834 560 tanquam
855 486 1020 540 freno
1042 484 1250 556 aliquo
1283 502 1404 542 non
1433 483 1807 557 aspectabili,
1836 480 2052 551 injecta
2074 493 2207 533 ora-

545 579 721 643 tione,
758 573 1028 644 jussisset
1066 589 1170 628 eas
1223 575 1437 629 reverti
1485 574 1647 629 unde
1701 575 2005 627 venerant.
2057 568 2205 622 Cum

545 664 826 718 militibus
856 677 989 716 vero
1021 669 1250 718 metum
1290 663 1582 727 solvisset,
1635 667 1691 716 et
1718 660 1823 732 qui
1853 675 1991 714 cum
2022 659 2205 714 armis

545 752 775 806 fuerant
801 750 883 805 eis
914 752 1244 806 adventum
1275 751 1698 823 exprobrasset
1737 755 1953 820 (neque
1989 748 2150 803 enim
2185 752 2262 808 ad
2294 747 2659 820 parricidam
2699 746 2962 819 aliquem
3013 747 3243 802 venisse
3273 751 3378 803 aut
3406 746 3723 814 latronem,
3765 763 3920 819 quos

546 838 880 909 oportebat,
913 853 1050 892 cum
1084 845 1235 894 nutu
1276 839 1473 895 solum
1521 838 1976 908 signiﬁcassent,
2009 845 2359 908 sequentem
2410 836 2633 892 habere
2666 851 2827 900 eum,
2860 836 2964 909 qui
3019 835 3097 892 ab
3124 837 3206 891 eis
3251 837 3579 908 quaeritur),
3631 838 3746 893 hoc
3787 853 3922 894 cum

546 925 807 989 dixisset,
861 925 994 981 laeto
1033 931 1091 981 et
1131 927 1313 982 alacri
1354 928 1557 983 animo
1608 926 1990 997 sequebatur,
2037 927 2294 983 multum
2345 926 2648 981 disserens
2696 925 2755 980 in
2797 925 3044 981 itinere:
3077 929 3135 980 et
3183 925 3232 980 si
3276 925 3422 981 nihil
3474 925 3661 992 aliud,
3717 927 3924 983 dicens

545 1020 817 1086 oportere
846 1029 947 1068 eos
978 1015 1232 1071 revereri
1286 1016 1546 1071 ferarum
1585 1013 2052 1083 intelligentiam,
2087 1020 2143 1070 et
2171 1031 2243 1071 ex
2273 1016 2357 1072 eis
2410 1029 2626 1085 capere
2656 1019 2884 1070 certum
2929 1014 3275 1086 exemplum
3325 1014 3404 1071 ad
3430 1031 3591 1085 eum,
3622 1016 3726 1089 qui
3755 1016 3924 1088 ipsos

547 1103 787 1169 creavit,
840 1105 1317 1174 agnoscendum.
1370 1104 1589 1159 Deinde
1628 1105 1850 1175 optime
1898 1120 2035 1158 cum
2079 1104 2164 1159 eis
2211 1103 2495 1160 disseruit
2537 1103 2612 1158 de
2660 1118 2846 1172 regno
2894 1102 3182 1159 caelorum
3227 1109 3284 1159 et
3327 1103 3604 1173 gehenna
3655 1122 3668 1160 :
3729 1110 3785 1161 et
3841 1105 3926 1160 sic

548 1205 655 1262 per
684 1196 867 1246 totam
897 1191 1052 1247 viam
1083 1192 1514 1264 benignissime
1541 1194 1875 1248 admonens
1900 1197 1956 1248 et
1985 1193 2227 1257 docens,
2284 1197 2513 1249 tantam
2542 1192 2668 1248 vim
2713 1192 2945 1258 habuit,
2979 1198 3042 1249 ut
3071 1193 3273 1249 multis
3299 1210 3371 1249 ex
3395 1194 3480 1249 eis
3513 1195 3922 1265 persuaderet,

548 1277 942 1350 efﬁceretque,
975 1284 1036 1334 ut
1065 1279 1168 1334 lux
1200 1281 1455 1336 veritatis
1483 1280 1702 1336 luceret
1731 1281 1789 1336 in
1816 1280 2051 1337 illorum
2083 1281 2326 1337 animis.

2316 482 2517 539 τούτοις
2575 476 2958 550 διαλεγόμενος,
3017 478 3245 540 ἐπιεικῶς
3291 499 3343 532 τε
3397 488 3658 552 παραινῶν
3706 485 3794 531 καὶ
3845 477 3920 532 διε

2319 566 2553 634 ὃάσκων,
2618 568 2820 629 πολλοῖς
2872 569 3040 620 αὐτῶν
3100 573 3158 620 τὸ
3220 577 3316 631 τῆς
3373 567 3618 631 ἀληθείας
3664 568 3918 641 ἐπέλαμψε

2319 668 2440 730 νὼς.

598 1400 682 1452 Xl.
713 1395 1033 1466 Postquam
1055 1409 1193 1449 vero
1221 1398 1469 1450 Romam
1492 1401 1908 1466 pervenerunt,
1938 1397 2193 1468 impera-
2225 1399 2265 1452 Β
2377 1397 2476 1451 IA'.
2535 1397 2618 1458 Ὠς
2685 1394 2743 1448 δὲ
2801 1402 2895 1455 τὴν

539 1493 634 1543 tor
665 1484 858 1540 statim
897 1482 1226 1538 maximam
1265 1489 1550 1538 convocat
1579 1484 1951 1548 concionem,
1987 1485 2185 1540 volens

2306 1488 2515 1560 θέατρον
2551 1491 2798 1557 μέγιστον
2849 1493 3093 1556 πνιστᾲ,
3146 1489 3420 1560 μάρτυρας
3468 1489 3744 1550 πλείστους
3775 1493 3924 1561 ἔχειν

535 1575 759 1635 habere
803 1573 1095 1644 plurimos
1138 1577 1312 1627 testes
1371 1572 1636 1627 interitus
1693 1573 1996 1645 martyris.
2044 1577 2185 1630 Cum

2305 1571 2617 1645 βουλόμενος
2673 1585 2764 1635 τῆς
2817 1583 2908 1627 τοῦ
2962 1595 3226 1647 μάρτυρος
3281 1576 3560 1638 ἀπωλείας.
3611 1579 3924 1632 Τούναντίον

533 1670 738 1724 autem
771 1662 1008 1717 fuerunt
1036 1663 1240 1716 omnia
1263 1666 1491 1732 parata,
1521 1666 1576 1716 et
1602 1661 1883 1733 frequens
1918 1664 2192 1720 convenit

2972 1397 3172 1469 Ῥώμην
3230 1397 3525 1464 κατέλαϐεν,
3587 1401 3611 1450 ὁ
3672 1398 3926 1467 βασιλεὺς

2303 1658 2361 1714 δὲ
2408 1663 2598 1735 μᾶλλον
2649 1662 2906 1716 ἐπέϐαινεν
2957 1665 2985 1722 ἦ
3047 1662 3219 1717 ἐδόκει
3258 1674 3330 1736 τῷ
3392 1665 3604 1738 βασιλεῖ
3659 1687 3670 1697 ³
3721 1670 3769 1719 οἱ
3813 1672 3923 1744 γὰρ

531 1749 818 1830 populus,
869 1766 1037 1805 secus
1083 1749 1297 1815 evenit,
1335 1764 1516 1821 quam
1565 1751 1815 1822 putabat
1845 1753 2187 1823 imperator.

528 1841 646 1911 Qui
671 1839 828 1894 enim
843 1840 1092 1894 aderant
1107 1854 1248 1902 ,non
1269 1839 1544 1909 martyris
1558 1839 1889 1904 occisionis,
1916 1841 2017 1895 sed
2035 1842 2179 1897 Chri-

529 1932 627 1994 sti,
660 1944 791 1998 quze
821 1927 880 1981 in
913 1928 1043 1998 ipso
1075 1931 1218 1992 erat,
1252 1926 1477 1980 virtutis
1506 1926 1744 1981 fuerunt
1769 1929 1964 1999 potius
1991 1934 2187 1993 testes,

2299 1757 2549 1826 παρόντες
2623 1753 2680 1804 οὐ
2755 1761 2850 1814 τῆς
2916 1761 3006 1804 τοῦ
3083 1755 3349 1828 μάρτυρος
3402 1755 3732 1828 ἀναιρέσεως,
3791 1756 3925 1808 ἀλλά

2299 1850 2393 1902 τῆς
2441 1840 2517 1892 ἐπ’
2567 1841 2703 1912 αὐτῷ
2745 1838 3009 1914 δυνάμεως
3064 1851 3154 1894 τοῦ
3201 1851 3435 1916 Χριστοῦ
3485 1844 3674 1913 μᾶλλον
3717 1848 3920 1920 μάρτυο

2297 1949 2377 2002 ρες
2436 1927 2571 1987 ἦσαν
2637 1939 2857 2002 φανερῶς
2920 1929 3345 2003 ἀπαράγρονπτοι.
3420 1937 3613 1985 Λέαινα
3669 1938 3758 2006 μὲν
3812 1938 3921 2010 γὰρ

528 2016 701 2077 omni
732 2017 1078 2086 exceptione
1107 2014 1380 2083 majores.
1411 2016 1558 2068 Nam
1589 2014 1772 2070 lemna
1801 2016 2044 2088 quidem
2087 2018 2190 2072 ad-

532 2103 790 2166 modum
819 2119 976 2157 smva
1009 2103 1063 2156 in
1097 2118 1234 2156 eum
1268 2101 1600 2156 immittitur
1634 2120 1646 2158 :
1690 2121 1824 2176 quae
1863 2104 2051 2160 instar
2093 2106 2189 2161 teli

533 2207 765 2261 magno
793 2193 1017 2264 impetu
1043 2190 1208 2246 irruit
1233 2194 1285 2243 et
1311 2189 1387 2243 ad
1407 2197 1678 2247 sanctum
1711 2195 1953 2259 accedit,
1980 2209 2100 2249 non
2130 2199 2193 2251 ut

534 2280 940 2344 Eleutherium
963 2279 1336 2350 discerperet,
1362 2285 1462 2334 aut
1483 2281 1571 2336 vel
1594 2284 1807 2351 exiguo
1830 2299 2035 2338 morsu
2051 2298 2190 2339 eum

535 2369 867 2433 offenderet
899 2389 910 2428 :
942 2368 1046 2424 sed
1077 2368 1270 2440 potius
1315 2371 1376 2421 ut
1407 2366 1562 2423 illius
1595 2371 1778 2442 pedes
1815 2387 1938 2442 pra:
1971 2386 2192 2440 magna

536 2457 996 2532 amplecteretur
1015 2455 1442 2513 benevolentia.
1472 2459 1642 2523 Quod
1665 2459 1909 2533 quidem
1937 2459 2072 2514 fecit
2093 2477 2190 2516 ac-

537 2563 805 2611 currens.
851 2545 1154 2602 lnclinavit
1194 2545 1352 2600 enim
1397 2547 1684 2603 cervicem
1713 2549 1841 2619 ejus
1883 2548 2182 2619 pedibus:

535 2643 746 2709 lingua
767 2654 901 2693 vero
913 2633 1222 2692 lambebat
1241 2634 1367 2704 ejus
1383 2634 1641 2706 plantas.
1661 2637 1979 2693 Videbatur
1991 2643 2192 2693 autem

2299 2017 2439 2085 αὐτῷ
2521 2015 2792 2087 ἐπαφίεται
2871 2019 3006 2069 πάνυ
3073 2018 3251 2091 ἀγρία,
3326 2022 3444 2080 ἣτις
3519 2017 3758 2094 σφοδρῶς
3827 2026 3922 2093 μεν

2299 2108 2468 2156 ἔπεισι
2511 2115 2580 2175 τῷ
2610 2105 2790 2176 Ἀγίῳ,
2842 2106 2900 2157 οὐ
2951 2111 3053 2178 μὴν
3112 2109 3244 2159 ὥστε
3291 2107 3622 2180 λαφύξασθαι
3667 2111 3696 2168 ἡ
3759 2110 3922 2182 ὀλίγῳ

2302 2189 2539 2263 δήγματι
2577 2193 2835 2258 λυπῆσαι,
2894 2194 2999 2246 ἀλλ’
3032 2197 3166 2247 ὥστε
3215 2200 3329 2256 τοὺς
3382 2196 3574 2249 ἐκείνου
3614 2195 3786 2260 πόδας
3842 2200 3922 2252 εὖ·

2299 2290 2481 2342 νοίκώς
2530 2283 2949 2355 περιπτύξασθαι
3011 2302 3022 2313 ·
3084 2285 3245 2337 ἔκλινε
3297 2289 3387 2356 μὲν
3443 2290 3544 2361 γὰρ
3606 2287 3781 2348 αὐτοῖς
3831 2294 3923 2340 τόν

2301 2369 2520 2440 αὐχένα,
2555 2371 2756 2433 ὑπένιξε
2811 2368 2870 2424 δε
2911 2379 2974 2444 τῇ
3016 2373 3220 2446 γλώττῃ
3279 2377 3344 2426 τὰ
3383 2378 3534 2445 ἰχνη,
3593 2381 3680 2428 καὶ
3739 2381 3920 2450 ὥσπερ

2300 2461 2499 2529 ἤχθετο
2525 2461 2604 2511 ὅτι
2643 2466 2715 2532 μὴ
2749 2466 2838 2512 καὶ
2869 2465 3032 2533 φωνὴν
3065 2461 3386 2534 ἀνθρωπείαν
3435 2461 3547 2536 εἶχε
3589 2469 3923 2539 συμφθεγγο-

2300 2553 2454 2619 μένην
2519 2550 2646 2620 ὑπερ
2703 2548 2966 2612 εὐσεϐείας
3017 2559 3088 2621 τῷ
3165 2554 3414 2626 μάρτυρι.
3475 2554 3551 2605 Οὐ
3620 2551 3679 2607 δὲ
3752 2565 3924 2610 ταῦτα

2300 2639 2542 2689 πείθουσι
2572 2641 2658 2689 τὸν
2697 2642 2828 2690 κατά
2876 2644 2960 2690 τὸν
3003 2645 3187 2716 Φαραὼ
3235 2639 3655 2715 σκληροκάρδιον
3689 2643 3920 2715 βασιλέα

535 2743 694 2799 aegre
727 2725 893 2793 ferre,
931 2725 1092 2798 quod
1118 2739 1236 2779 non
1266 2722 1439 2778 etiam
1462 2740 1668 2781 vocem
1698 2726 1943 2782 haberet
1981 2726 2185 2782 huma-

2301 2729 2613 2798 μεταμαθεῖν
2688 2732 2780 2785 τὴν
2838 2728 3121 2792 εὐσέϐειαν,
3190 2729 3298 2782 ἀλλ’
3375 2733 3550 2804 ὥσπερ
3623 2732 3914 2796 ἀσθένειαν,

537 2834 702 2887 nam,
729 2833 862 2889 quae
891 2831 997 2888 pro
1019 2814 1232 2887 pietate
1252 2812 1590 2884 loqueretur
1615 2831 1750 2870 cum
1774 2823 2050 2884 martyre.
2079 2815 2189 2871 Sed

537 2923 648 2966 nec
665 2903 791 2960 haec
805 2901 1543 2977 persuadentimperatori,
1565 2905 1666 2975 qui
1679 2910 1805 2960 erat
1825 2905 1858 2959 d
1871 2919 1972 2959 uro
1989 2904 2185 2970 corde,

538 2999 691 3054 sicut
730 2999 784 3051 et
820 2995 913 3050 ille
955 2995 1202 3059 Pharao,
1244 2999 1307 3047 ut
1336 2990 1610 3062 pietatem
1653 3009 1724 3048 ex
1762 2993 1848 3048 eis
1886 2993 2141 3048 disceret
2172 3011 2186 3061 ;

537 3085 644 3144 sed
677 3089 738 3140 ut
767 3085 869 3156 qui
897 3084 1150 3140 bestiam
1182 3083 1532 3138 damnasset
1557 3080 1995 3148 imbecillitatis,
2025 3083 2189 3153 quod

537 3195 609 3236 ea
641 3181 792 3232 esset
821 3175 1062 3241 femina,
1093 3173 1261 3245 jubet
1287 3173 1460 3226 etiam
1493 3187 1718 3226 marem
1754 3171 1929 3226 simul
1957 3171 2189 3228 immitti

536 3269 596 3325 in
611 3272 953 3337 martyrem.
976 3264 1072 3320 Ille
1089 3279 1228 3318 vero
1247 3261 1777 3317 velutcontendens
1794 3277 1930 3316 cum
1946 3259 2186 3330 femina,

538 3363 594 3414 et
619 3372 738 3413 non
768 3353 967 3410 minus
999 3352 1327 3408 benevolus
1349 3349 1554 3405 volens
1580 3348 1758 3406 videri
1791 3351 1848 3405 in
1880 3349 2186 3421 athletam,

536 3446 696 3504 illam
726 3444 971 3518 quidem
993 3441 1219 3514 repellit
1250 3458 1262 3496 :
1289 3441 1414 3512 ipse
1438 3444 1636 3495 autem
1664 3454 1980 3495 accurrens
2004 3440 2187 3510 pedes

537 3535 932 3607 amplectitur,
957 3533 1238 3593 adhaeret,
1267 3528 1488 3592 lambit,
1525 3528 1699 3593 exilit,
1729 3534 1917 3597 gestu,
1943 3535 2184 3600 aspectu

537 3631 593 3682 et
611 3629 773 3680 motu
791 3638 962 3676 suam
988 3619 1304 3676 annuntiat
1319 3616 1815 3673 benevolentiam.
1835 3621 1911 3672 Ex
1936 3617 2006 3672 iis
2025 3633 2181 3682 vero,

535 3715 635 3789 qui
668 3712 914 3768 aderant
953 3716 1009 3765 et
1049 3711 1175 3765 haec
1215 3708 1512 3773 videbant,
1545 3708 1646 3780 qui
1687 3709 1902 3762 animus
1939 3707 2183 3778 quidem

533 3803 721 3862 oculis
763 3807 1063 3870 utcunque
1104 3799 1504 3862 intuebantur,
1540 3797 1807 3865 protinus
1838 3796 2186 3852 clamabant

534 3907 824 3963 magnum
866 3903 992 3944 esse
1043 3891 1249 3954 Deum,
1303 3885 1409 3958 qui
1451 3885 1659 3940 colitur
1711 3889 1788 3941 ab
1829 3884 2181 3940 Eleutherio.

533 3985 796 4048 Quorum
818 3983 1017 4034 autem
1044 3977 1256 4032 mentis
1281 3975 1442 4030 visus
1460 3975 1829 4040 caecutiebat,
1847 3974 1882 4028 ii
1908 3981 2181 4029 sanctum

2299 2817 2378 2866 ὅτι
2429 2815 2578 2882 θῆλυ,
2629 2820 2911 2887 καταγνοὺς
2979 2827 3072 2869 τοῦ
3161 2821 3366 2892 θηρίου,
3439 2827 3528 2872 καὶ
3587 2821 3775 2896 οῖρρενα
3847 2832 3920 2894 τῷ

2297 2905 2525 2976 μάρτυρι
2576 2906 2921 2974 συναφεθῆναι
2972 2905 3166 2959 κελεύει
3225 2925 3237 2937 ·
3297 2907 3532 2970 κάκεῖνος
3589 2914 3740 2963 οἱονεὶ
3784 2918 3922 2985 πρὸς

2299 2997 2390 3049 τὴν
2461 2993 2658 3050 θήλειαν
2730 2993 3100 3067 ἁμιλλώμενος,
3171 2996 3458 3050 ἀπωθεῖται
3529 3004 3620 3073 μὲν
3693 3005 3916 3068 ταύτην,

2299 3082 2447 3140 οὗτος
2493 3077 2550 3132 δὲ
2590 3090 2661 3151 τῷ
2720 3085 2950 3157 μάρτυρι
3002 3083 3361 3158 προσδραμὼν
3400 3090 3761 3157 περιπλέκεται
3809 3101 3921 3153 τοῖς

2302 3175 2446 3234 ποσὶ,
2501 3174 2821 3242 περιφύεται,
2877 3178 3064 3237 σαίνει,
3122 3183 3334 3249 σκιρτᾷ,
3394 3185 3650 3250 σχήμασί
3705 3201 3759 3234 τε
3827 3188 3919 3234 καὶ

2299 3264 2538 3331 νεύμασι,
2573 3266 2661 3311 καὶ
2715 3265 2990 3332 κινήμασι,
3033 3267 3126 3321 τὴν
3182 3269 3380 3318 εὔνοιαν
3423 3267 3754 3340 ἀπαγγέλλει.
3800 3277 3920 3324 Τῶν

2302 3346 2358 3401 δὲ
2389 3356 2553 3400 ταυτα
2607 3347 2918 3420 βλεπόντων,
2953 3353 3001 3402 οἱ
3039 3355 3127 3423 μὲν
3177 3363 3352 3415 ποσῶς
3397 3357 3615 3428 ὁρῶντες
3668 3367 3777 3420 τοῖς
3818 3369 3921 3422 τῆς

2297 3438 2479 3509 ψυχῆς
2561 3437 2862 3510 ὀφθαλμοῖς,
2942 3439 3094 3502 εὐθὺς
3170 3441 3329 3494 ἐϐόων
3399 3449 3562 3516 μέγαν
3629 3443 3757 3500 εἶναι
3825 3453 3918 3500 τὸν

2298 3527 2612 3596 Ἐλευθερίου
2664 3531 2810 3592 Θεὸν,
2863 3529 2910 3579 οἱ
2951 3525 3010 3580 δε
3055 3530 3435 3602 τυφλώττοντες
3501 3531 3592 3587 διὰ
3645 3541 3738 3594 τὴν
3793 3536 3917 3591 ἀσέ-

2295 3617 2452 3678 ϐειαν,
2506 3614 2692 3668 πλάνον
2755 3622 2844 3668 καὶ
2898 3622 3168 3689 φαρμακὸν
3220 3624 3306 3672 τὸν
3367 3621 3545 3694 Ἀγιον
3601 3627 3914 3680 ἀπεκάλουν.

2294 3705 2427 3758 Ἀλλ’
2469 3701 2793 3776 ἐμφραγῆναι
2833 3707 3036 3767 πάντως
3084 3704 3189 3758 ἔδει
3221 3712 3286 3760 τὰ
3330 3711 3485 3781 χείλη
3537 3714 3598 3764 τὰ
3631 3710 3801 3778 δόλια,
3848 3719 3917 3776 ὡς

2292 3797 2317 3845 ὁ
2377 3797 2507 3855 θεῖος
2548 3797 2638 3865 ἔφη
2697 3790 2882 3856 Δαυὶδ,
2944 3797 3009 3846 τὰ
3065 3795 3316 3850 λαλοῦντα
3363 3803 3499 3852 κατὰ
3551 3810 3642 3854 τοῦ
3694 3799 3915 3856 δικαίου

2294 3883 2526 3955 ἀνομίαν,
2607 3883 2654 3934 ἐν
2719 3884 3069 3955 ὑπερηφανείᾳ
3141 3892 3231 3938 καὶ
3303 3885 3662 3959 ἐξουδενώσει,
3731 3895 3912 3964 ὥσπερ

2293 3975 2395 4047 ἄρα
2425 3978 2512 4024 καὶ
2553 3970 2925 4044 ἐνεφράγησαν,
2960 3978 3048 4024 καὶ
3093 3978 3185 4032 τὴν
3232 3974 3468 4048 ἐσχάτην
3513 3985 3718 4039 σιωπὴν
3760 3981 3914 4034 ἐσιώ-

531 4069 832 4126 vocabant
881 4066 1128 4138 planum
1189 4069 1246 4120 et
1298 4063 1656 4123 maleficum,
1711 4063 1814 4135 qui
1865 4063 1992 4117 haec
2043 4062 2182 4118 solis

2297 4082 2468 4120 πησαν
2521 4081 2532 4093 ·
2572 4062 2764 4132 μεταξὺ
2803 4065 2904 4136 γὰρ
2954 4073 3054 4114 τῶν
3109 4063 3274 4135 λόγων
3321 4066 3556 4140 ἀοράτως
3610 4070 3909 4142 πληγέντες,

532 4157 844 4233 praestigiis
878 4155 1025 4210 falso
1082 4154 1334 4211 faciebat
1365 4167 1677 4224 apparere.
1710 4151 1824 4206 Sed
1879 4150 2003 4206 ﬁeri
2061 4167 2182 4206 non

2297 4154 2511 4205 θάνατον
2539 4151 2685 4210 εὐθὺς
2713 4150 2857 4223 εὖρον
2890 4154 2954 4203 τὰ
2985 4159 3077 4214 τῆς
3113 4151 3454 4226 βλασφημίας
3487 4157 3752 4231 ἐπίχειρα.

533 4251 784 4321 poterat,
820 4249 878 4300 ut
911 4244 969 4300 in
999 4245 1088 4300 his
1120 4244 1322 4299 divina
1347 4240 1678 4314 quiesceret
1702 4239 1932 4311 justitia
1958 4258 1976 4306 ;
2032 4241 2135 4295 sed
2164 4241 2478 4312 oportebat
2523 4240 2771 4296 omnino
2802 4240 3028 4296 obstrui
3070 4241 3240 4298 labra
3267 4244 3497 4311 dolosa,
3559 4253 3622 4302 ut
3667 4249 3917 4305 divinus

533 4337 674 4394 dicit
720 4335 929 4401 David,
966 4351 1100 4406 quae
1128 4333 1414 4389 adversus
1454 4331 1685 4401 justum
1739 4329 2141 4402 loquebantur
2170 4331 2563 4404 iniquitatem,
2620 4332 2679 4384 in
2735 4329 3019 4400 superbia
3068 4331 3287 4387 scilicet
3334 4339 3391 4389 et
3420 4336 3912 4409 contemptione:

534 4428 682 4482 sicut
733 4425 912 4482 etiam
941 4423 1244 4479 obstructa
1295 4426 1452 4483 sunt,
1485 4425 1539 4474 et
1570 4419 1777 4474 ultimo
1817 4418 2030 4474 siluere
2064 4419 2316 4477 silentio.
2351 4422 2496 4476 Nam
2544 4420 2693 4473 inter
2747 4417 3118 4489 loquendum
3151 4420 3268 4477 ictu
3322 4425 3612 4495 percussi,
3647 4427 3750 4498 qui
3781 4441 3914 4482 non

530 4516 783 4574 cadebat
808 4514 919 4570 sub
959 4518 1288 4584 aspectum,
1330 4511 1598 4582 protinus
1629 4509 1928 4580 accipiunt
1962 4515 2213 4564 mortem
2241 4509 2489 4582 praemia
2518 4507 2935 4579 blasphemiae.

598 4633 706 4688 XII.
756 4630 1000 4702 Iniquus
1041 4632 1242 4684 autem
1286 4627 1608 4697 imperator
1646 4624 1701 4679 in
1738 4640 2039 4680 summam
2079 4624 2180 4680 ad-

2367 4624 2464 4678 IB'.
2494 4623 2552 4675 Ὀ
2597 4628 2766 4694 μέντοι
2815 4625 3112 4695 παράνομος
3166 4624 3418 4698 βασιλεὺς
3457 4636 3560 4689 τοῖς
3590 4629 3726 4691 ὅλοις
3771 4629 3918 4684 ἀπο-

527 4721 742 4778 ductus
763 4719 1217 4782 dubitationem,
1244 4721 1566 4788 postquam
1591 4713 1737 4768 vidit
1758 4714 1961 4768 omnia
1976 4713 2179 4770 cedere

527 4810 804 4883 martyris
835 4808 1016 4866 menti
1057 4812 1112 4863 et
1144 4806 1360 4877 gratiae,
1403 4821 1540 4859 eum
1574 4808 1764 4859 morte
1794 4803 2176 4868 condemnat,

520 4917 651 4974 quae
678 4899 876 4971 gladio
894 4899 963 4952 sit
983 4897 1033 4951 ei
1067 4893 1394 4950 afferenda.
1424 4897 1572 4948 Nam
1597 4891 1882 4965 quoniam
1912 4892 2178 4964 martyrii

520 5007 728 5047 cursus
758 5005 878 5045 non
929 4991 1158 5059 poterat
1202 4983 1365 5039 aliter
1412 4983 1595 5038 finem
1639 4983 1923 5052 accipere,
1977 4987 2031 5036 et
2082 4981 2176 5037 hic

517 5082 644 5153 ipse
665 5080 883 5136 athleta
900 5077 1097 5132 venire
1122 5073 1196 5129 ad
1218 5073 1537 5135 Christum,
1564 5087 1744 5143 quem
1769 5070 2174 5138 desiderabat,

516 5171 716 5242 ipsum
731 5169 998 5241 quidem,
1019 5164 1122 5237 qui
1139 5163 1473 5233 sunthujus
1486 5163 1566 5216 rei
1584 5160 1858 5226 ministri,
1875 5159 2171 5230 gladioino

517 5260 680 5315 terim
691 5265 812 5313 unt.
825 5255 1042 5313 Deinde
1060 5258 1313 5309 matrem
1327 5266 1570 5324 quoque
1586 5266 1721 5322 quae
1737 5257 1858 5305 erat
1875 5251 2003 5320 ejus
2021 5250 2173 5306 collo

513 5347 892 5415 circumfusa,
914 5349 966 5399 et
987 5344 1037 5398 ei
1060 5340 1250 5409 magis
1269 5340 1446 5396 corde
1467 5356 1645 5411 quam
1671 5354 1772 5392 ore
1790 5338 2167 5394 adhaerebat:

515 5434 657 5492 nihil
696 5440 896 5491 autem
939 5430 1224 5487 muliebre
1272 5435 1373 5485 aut
1413 5434 1748 5484 maternum
1790 5426 2169 5498 loquebatur,

2292 4717 2483 4787 ρηθεὶς,
2533 4715 2641 4765 ἐπεὶ
2689 4718 2776 4764 καὶ
2828 4715 2998 4764 πάντα
3037 4713 3170 4788 ἑώρα
3211 4725 3306 4777 τῆς
3360 4726 3449 4770 τοῦ
3506 4717 3732 4778 ἀθλητοῦ
3771 4728 3915 4791 γνώ-

2292 4824 2395 4874 μης
2445 4805 2733 4873 ἡττωμινα,
2802 4803 3017 4853 θάνατον
3073 4803 3231 4856 αὑτοῦ
3299 4812 3597 4879 κατακρίνει
3655 4814 3742 4861 τὸν
3805 4807 3912 4863 διὰ

2291 4897 2579 4965 μαχαίρας.
2636 4891 2796 4943 Αὐτὸν
2842 4895 2930 4961 μεν
2972 4888 3058 4943 οὖν
3111 4893 3261 4955 εὐθὺς
3310 4898 3358 4947 οἱ
3407 4901 3534 4970 πρὸς
3579 4907 3729 4950 τοῦτο
3774 4896 3906 4952 δια-

2291 4990 2554 5042 κονοῦντες
2606 4981 2876 5053 ἀναιροῦσι
2922 4989 2992 5051 τῷ
3036 4982 3189 5055 ξίφει.
3242 4983 3459 5036 Ἔπειτα
3515 4992 3603 5039 καὶ
3655 4993 3747 5046 τὴν
3796 5011 3917 5060 μη-

2292 5078 2412 5144 τέρα
2442 5070 2844 5144 περιπλακεῖσαν
2893 5070 3052 5122 αὐτοῦ
3105 5081 3176 5142 τῷ
3226 5075 3502 5148 τραχήλῳ,
3558 5082 3646 5128 καὶ
3677 5075 3910 5151 καρδίᾳ,

2288 5160 2476 5231 μαλλον
2513 5160 2539 5217 ἦ
2578 5165 2800 5230 στόματι
2856 5165 3362 5232 περιπτυσσομένην,
3403 5172 3696 5234 γυναικεῖον
3747 5163 3914 5220 οὐδὲν

2290 5249 2317 5307 ἡ
2352 5252 2605 5320 μητρικὸν
2638 5246 3094 5319 ἐπιφθεγγομένην,
3134 5249 3191 5300 οὗ
3247 5246 3297 5301 δ’
3348 5250 3553 5314 ἀνάξιόν
3611 5273 3660 5304 τι
3692 5252 3914 5308 τοιόνδε

2285 5333 2492 5403 παιδος,
2544 5337 2671 5389 ἀλλὰ
2718 5341 2805 5388 καὶ
2835 5344 2940 5398 τοῖς
2991 5336 3187 5408 ἀγῶσιν
3227 5339 3386 5391 αὑτοῦ
3431 5340 3621 5412 μᾶλλον
3675 5341 3914 5418 φαιδρυ-

2284 5431 2516 5500 νομένην,
2579 5426 2800 5487 ἀνηλεῶς
2852 5428 2901 5478 οἱ
2946 5423 3220 5488 δυσσεϐεῖς
3271 5426 3524 5502 ἐχομένην
3569 5440 3660 5484 τοῦ
3709 5429 3915 5495 παιδὸς
