4062 6222
186 309 279 363 με
1559 304 1722 360 VITA
1764 305 1818 358 s.
1862 302 2180 358 GEORGII.
3454 313 3552 365 12.2

181 434 616 503 ἐπισφάττουσιν·
665 437 715 484 τί
754 431 813 486 δὲ
863 440 952 486 xui
993 434 1114 486 οἰλλο
1157 431 1215 491 ἧν
1245 434 1570 507 οἰκειότερον,
1605 435 1632 488 ἤ
1685 429 1784 481 αὐ-

1909 444 2092 500 neque
2134 428 2227 484 tali
2264 428 2385 486 ﬁlio
2422 429 2761 500 indignum,
2805 430 2908 485 sed
2950 431 3076 500 ejus
3117 435 3548 490 certaminibus

179 527 303 583 τοὺς
343 519 548 596 δρᾶσαι
592 527 847 594 πονηρους
885 527 1050 590 ὄντας,
1100 525 1130 581 ἡ
1174 523 1365 580 ἐκείνην
1393 524 1594 587 παθεῖν,
1641 520 1788 592 φιλὸ-

1909 517 2210 574 laetabatur
2249 523 2304 573 et
2342 519 2708 588 gloriabatur
2749 536 2761 573 :
2805 519 3343 578 immisericorditer
3383 524 3549 596 impii

179 615 293 664 θεον
342 613 696 684 ὑπάρχουσαν
753 619 842 664 xui
902 609 1207 684 φιλόπαιδα,
1261 617 1291 670 ἥ
1335 613 1469 664 οὕτω
1511 612 1788 668 θνήσκοντι

1909 605 2019 661 ﬁlio
2060 622 2171 662 suo
2209 607 2614 664 adhasrentem
2652 607 3031 663 interﬁciunt.
3075 608 3372 673 Quidnam
3413 628 3550 668 vero

177 710 252 770 τῷ
319 703 418 770 υἱῷ
473 703 863 766 συναποθανεῖν,
925 707 1014 753 καὶ
1076 706 1147 774 μὴ
1201 700 1571 773 ἀπολειφθῆναι
1627 706 1788 773 γερῶν

1909 700 2023 752 erat
2079 696 2547 762 convenientius,
2604 695 2812 753 illosne
2879 696 3087 752 fecisse
3153 713 3292 753 cum
3359 706 3555 757 essent

179 794 322 852 υἱοῦ,
387 790 559 850 καλῶς
615 795 818 861 μητέρα
872 787 1382 862 παιδαγωγήσασαν,
1452 789 1579 840 ἀλλὰ
1642 795 1785 859 κοινῇ

1909 783 2063 848 mali,
2097 800 2173 839 an
2204 784 2367 840 illam
2400 801 2529 841 esse
2552 801 2816 857 passam,
2844 802 2982 841 cum
3005 787 3347 858 essetpiain
3368 790 3553 845 Deum

180 881 399 938 τούτους
447 886 517 949 τῷ
556 886 709 948 κοινῷ
770 885 998 952 Δεσπὸτῃ
1053 879 1452 951 ἐμφανισθῆναι,
1521 883 1610 929 xui
1665 885 1791 948 παρ’

1909 878 1956 929 ει
1986 889 2197 929 amans
2227 873 2328 928 ﬁlii
2356 873 2478 930 ‘ian
2500 891 2638 930 cum
2658 875 2740 930 sic
2770 875 3058 931 moriente
3083 875 3205 932 ﬁlio
3235 892 3372 932 esse
3401 893 3556 934 mor-

1902 966 2086 1028 tuam,
2128 967 2183 1016 et
2213 978 2334 1017 non
2360 962 2573 1019 abesse
2613 979 2648 1018 a
2676 965 2934 1035 praemiis
2974 963 3077 1020 ﬁlii
3109 969 3387 1034 matrem,
3419 981 3554 1037 qua;

1900 1065 2038 1105 eum
2053 1049 2296 1120 pulchre
2319 1050 2559 1122 erudiit;
2597 1052 2702 1107 sed
2719 1065 2821 1108 eos
2855 1053 3253 1109 communiter
3273 1053 3396 1110 sisti
3419 1058 3556 1111 ante

1901 1153 2266 1194 communem
2284 1138 2618 1206 Dominum,
2634 1145 2690 1196 et
2701 1142 2863 1213 apud
2878 1157 3014 1196 eum
3030 1157 3292 1209 manere,
3311 1147 3371 1198 ut
3385 1158 3557 1200 sacra

1900 1227 2039 1284 dicit
2072 1228 2394 1298 Scriptura,
2417 1235 2667 1285 matrem
2694 1235 2936 1302 propter
2949 1230 3142 1286 ﬁlium
3162 1230 3510 1288 laetantem?
3526 1232 3555 1287 7

1972 1315 2109 1370 XIII.
2153 1316 2263 1381 Qui
2285 1322 2484 1372 autem
2516 1323 2683 1373 erant
2715 1319 2793 1390 pii
2819 1335 2891 1374 ex
2923 1319 3173 1390 Illyrico,
3207 1320 3557 1393 quicunque

1898 1405 2144 1477 quidem
2176 1411 2314 1460 tunc
2345 1406 2614 1475 aderant,
2648 1423 2785 1462 cum
2813 1407 3124 1479 diligenter
3154 1425 3360 1465 eorum
3393 1417 3557 1466 extu-

1902 1493 2106 1548 lissent
2153 1494 2457 1565 reliquias,
2491 1496 2561 1550 iis
2615 1497 2718 1568 qui
2749 1504 2916 1552 erant
2948 1500 3148 1554 Romaa
3190 1498 3416 1571 ﬁdeles,
3451 1502 3555 1572 qui

1901 1596 2004 1637 eas
2035 1581 2346 1651 diligenter
2371 1583 2774 1654 inquirebant,
2802 1585 3047 1641 ubinam
3075 1592 3295 1654 essent,
3332 1588 3557 1659 signiﬁ-

1902 1674 2038 1726 cant
2064 1676 2120 1726 et
2147 1673 2595 1728 communicant
2625 1678 2715 1728 :et
2746 1674 2831 1729 sic
2853 1690 2990 1730 cum
3023 1675 3204 1731 ambo
3235 1691 3337 1732 eas
3361 1678 3562 1733 unxis-

183 1755 451 1826 ?i).ot3c'm;,
497 1762 837 1828 Χριστιανοῖς
868 1754 1086 1806 πλοῦτον
1129 1755 1342 1819 ἄσυλον,
1384 1762 1493 1815 τοῖς
1532 1752 1579 1805 ἐν
1619 1761 1792 1816 νόσοις

1909 1764 2032 1815 sent
2048 1765 2103 1815 et
2122 1761 2542 1825 condivissent,
2568 1767 2623 1817 et
2643 1769 2701 1817 ut
2717 1779 2827 1834 par
2843 1769 2930 1820 est
2950 1765 3364 1833 honorassent,
3391 1767 3559 1839 ipsas

185 1862 237 1895 τι
259 1849 350 1894 xui
397 1850 653 1914 πονηροῖς
697 1845 954 1912 πνεύμασι
1005 1845 1192 1914 χρῆμά
1249 1861 1302 1893 τι
1349 1841 1668 1908 ἀλεξίκακον,
1723 1844 1792 1906 εἰς

1909 1849 1999 1920 pie
2024 1849 2316 1920 sepeliant
2343 1870 2354 1908 :
2374 1850 2720 1907 Christianis
2740 1853 2994 1917 divitias,
3012 1870 3146 1925 qua:
3162 1871 3280 1910 non
3305 1860 3559 1928 possunt

1905 1937 2069 2009 eripi,
2103 1938 2327 1994 morbis
2359 1943 2415 1995 et
2439 1940 2610 1995 malis
2628 1941 2934 2012 spiritibus
2958 1942 3383 2014 propulsandis
3411 1961 3560 2016 pras-

1906 2042 2042 2082 sens
2100 2027 2489 2084 remedium:
2535 2030 2611 2084 ad
2678 2030 2930 2099 gloriam
2989 2033 3172 2088 Patris
3227 2038 3283 2089 et
3351 2033 3474 2089 Filii
3511 2037 3567 2090 et

1907 2115 2154 2186 Spiritus
2176 2118 2384 2182 sancti,
2414 2133 2574 2173 nunc
2603 2121 2659 2174 et
2691 2133 2928 2192 semper
2957 2123 3013 2176 et
3038 2120 3100 2176 in
3129 2121 3352 2178 smcula
3381 2139 3564 2178 saecu-

1906 2201 2126 2260 lorum.
2169 2210 2378 2262 Amen.

178 968 327 1036 α-ἇτῷ
358 971 546 1038 μένειν,
579 971 709 1020 κατὰ
737 972 797 1020 τὸ
844 971 975 1040 ἱερὸν
1008 968 1198 1040 λόγιον,
1249 973 1450 1042 μητέρα
1502 966 1584 1019 ἐπὶ
1635 970 1790 1035 τέκνῳ

175 1057 589 1129 εὐφραινομένων
619 1072 632 1123 ;

246 1308 354 1361 ll".
414 1310 483 1361 Οἱ
521 1305 582 1360 δὲ
632 1315 876 1382 παρόντες
928 1311 982 1360 ἐκ
1051 1315 1139 1359 τοῦ
1189 1306 1475 1380 Ἰλλυρικοῦ
1538 1306 1785 1372 εὐσεϐεῖς,

175 1394 395 1468 πουδῇ
456 1401 524 1449 τὰ
572 1398 737 1450 αὐτῶν
777 1397 1065 1469 ἀνελόμενοι
1093 1395 1331 1466 λείψανα,
1370 1404 1474 1457 τοῖς
1531 1397 1580 1448 ἓν
1617 1396 1784 1468 Ῥώμῃ

171 1494 388 1546 πιστοῖς
451 1492 566 1558 περὶ
638 1491 830 1539 τούτων
892 1487 1249 1558 φροντίζουσι,
1337 1486 1656 1559 γνωρίζουσί
1737 1505 1790 1536 τε

173 1577 312 1627 αὐτὸ
371 1580 463 1627 καὶ
521 1579 668 1627 κοινὰ
731 1579 975 1638 τίθενται,
1044 1582 1134 1626 καὶ
1185 1575 1347 1636 οὕτως
1411 1576 1563 1647 ἄμφω
1626 1584 1792 1628 ταυτα

176 1685 279 1738 μυρ
288 1669 517 1730 ίσαντες,

604 1670 692 1717 xui
761 1669 826 1717 τὰ
875 1664 1047 1716 εἰκότα
1119 1670 1454 1734 τιμήσαντες,
1532 1666 1792 1716 θάπτουσι

195 1929 346 1994 δοξαν
389 1938 620 2004 Πατρός,
672 1939 760 1984 xui
801 1935 947 1997 Υἰοῡ,
986 1937 1070 1984 xui
1129 1931 1282 2002 ἁγίου
1333 1935 1646 2004 Πνεύματος,
1699 1943 1794 1996 τῆς

198 2028 311 2092 μιᾶς
350 2022 508 2082 ἁπλῆς
562 2028 654 2073 καὶ
706 2020 957 2073 ἀκτίστου
1015 2023 1278 2087 θεότητος,
1325 2021 1354 2091 ᾖ
1409 2026 1590 2094 πρέπει
1641 2019 1792 2089 δοξα,

190 2115 387 2182 κρέτος,
441 2115 595 2182 τιμὴ,
644 2114 735 2162 καὶ
773 2113 1152 2183 προσκύνησις,
1194 2117 1282 2162 νῦν
1321 2114 1410 2162 xui
1468 2108 1548 2161 ἀεὶ
1599 2115 1688 2162 καὶ
1727 2111 1796 2171 εἰς

183 2202 296 2258 τούς
323 2199 523 2261 αἰῶνας
543 2206 648 2250 τῶν
679 2197 894 2253 αἰώνων.
932 2199 1116 2268 ’Δμήν.

245 2326 265 2359 ν
294 2324 452 2379 Psal.
488 2339 625 2391 cxu,
663 2325 718 2378 9.

1565 2837 2204 2928 ΜΑΡΤΥΡΙΟΝ

859 3013 992 3062 ΤΟΥ
1024 3013 1222 3062 ΔΙἸΟΥ
1253 3009 1553 3061 ΕΝΔΟΞΟΥ
1581 3012 2204 3061 ΜΕΓΑΛΟΜΑΡΤΥΡΟΣ
2237 3011 2348 3060 ΚΑΙ
2380 3011 2898 3062 ΤΡΟΠΑΙΟΦΟΡΟΥ

1418 3156 1606 3269 ΓΕ
1623 3154 2158 3270 ΩΡΓΙΟΥ
2187 3142 2297 3214 (¹)·
2322 3248 2342 3269 .

461 3561 1250 3657 MABTYRIUM
1334 3556 1802 3652 SANCTI
1883 3561 2048 3649 ET
2133 3557 2539 3651 MAG-Nl
2621 3557 3294 3653 MARTYBIS

1481 3782 2285 3927 GEORGII

188 4055 415 4120 (Aprilis
441 4055 528 4104 die
547 4055 626 4110 23,
643 4066 786 4104 anno
799 4054 982 4102 303.—
999 4053 1132 4103 Acta
1155 4049 1474 4101 Sanctorum
1487 4050 1724 4100 Bolland.
1753 4050 1976 4163 adabanc
1993 4050 2134 4175 di)em
2163 4050 2339 4100 Graace
2355 4063 2365 4098 :
2384 4050 2878 4112 interpretationem
2915 4049 3158 4100 Latinam
3183 4049 3555 4101 adornandam

1708 4127 1804 4162 cur
1842 4127 2035 4162 Vimus.

1708 4127 2035 4162 ουτονιωιιε.

263 4383 344 4437 Δ’.
383 4383 537 4454 ’Δρτι
583 4389 670 4432 τοῦ
717 4388 809 4443 τῆς
863 4375 1236 4451 εἰδωλομανίας
1277 4383 1451 4450 νέφους
1497 4383 1588 4437 τὴν
1628 4379 1795 4431 οἰκου-

1982 4381 2019 4434 I.
2062 4380 2186 4445 Quo
2218 4385 2481 4451 tempore
2520 4379 2853 4436 idololatria
2883 4379 3136 4450 caligine
3195 4397 3303 4438 sua
3350 4381 3562 4440 orbem

193 4481 348 4544 μένην
384 4468 740 4536 διαλαϐοντος,
780 4475 870 4521 xui
909 4476 1098 4541 μικροῦ
1128 4471 1332 4519 πάντων
1382 4467 1478 4538 ὅλῳ
1510 4465 1637 4519 ποδὶ
1685 4489 1801 4538 χω-

195 4567 420 4633 ροΰντων
452 4565 581 4634 πρὸς
607 4563 698 4617 τὴν
745 4556 981 4610 ἀσέϐειαν
1010 4557 1376 4615 Διοκλητιανοῦ
1421 4561 1533 4609 τότε
1563 4561 1651 4608 καὶ
1690 4564 1797 4609 Mu-

197 4651 436 4721 ξιμιανου
465 4653 558 4707 τὴν
591 4648 855 4721 βασίλειον
888 4646 1158 4699 ὶθυνὸντων
1190 4645 1387 4719 ἀρχὴν,
1415 4647 1464 4698 οῖ
1503 4654 1600 4698 τῶν
1631 4644 1684 4696 ἐκ
1711 4654 1799 4699 τοῦ

200 4744 391 4800 παντὸς
441 4739 623 4798 αἰῶνος
675 4741 741 4788 τὰ
792 4736 1035 4794 Ἑλλήνων
1100 4731 1578 4808 διαπρεσϐευόντων
1638 4731 1777 4787 δεισι

207 4826 605 4901 δαιμονέστατοί
651 4847 705 4879 τε
754 4823 888 4885 ἦσαν
927 4830 1017 4876 xui
1047 4821 1482 4897 δραστικώτατοι.
1533 4825 1694 4876 Οὗτοι
1719 4823 1801 4876 ἐπὶ

210 4924 336 4988 μέγα
379 4922 471 4975 τὴν
525 4915 701 4969 ἁθείαν
756 4914 983 4977 αὐξῆσαι
1031 4917 1165 4985 μέγα
1222 4920 1294 4983 τῷ
1344 4916 1446 4964 ὅντι
1498 4918 1586 4964 καὶ
1641 4932 1799 4964 σπου-

213 5003 481 5058 δαιότατον
529 5002 658 5056 εἶναι
696 5006 972 5075 τιθέμενοι,
1027 5005 1221 5061 πάντας
1270 5005 1390 5062 τοὺς
1421 5000 1467 5052 ἐν
1512 5001 1640 5053 τέλει
1673 5021 1804 5071 συγ-

215 5096 538 5167 ιαὶεσεὲμενοι
582 5099 672 5146 xui
727 5100 874 5164 κοινῇ
942 5088 1356 5162 διασκεψάμενοι
1411 5095 1527 5164 περὶ
1594 5093 1801 5154 τούτου,

221 5182 313 5235 ἐπεὶ
351 5184 614 5245 κάκείνους
662 5182 834 5254 ἑώρων
876 5184 971 5238 τὴν
1019 5183 1137 5236 ἴσην
1190 5179 1368 5239 αὐτοῖς
1398 5175 1668 5239 ὁδεύοντας
1717 5198 1805 5230 xui

293 5468 794 5541 (‘I'ilietaphrastae‘
829 5462 1420 5541 adjudicatéllatius
1458 5462 1515 5517 in
1544 5463 1807 5541 Qiatriba

237 5535 299 5591 de
324 5535 651 5597 Simeonum
682 5536 924 5608 scriptis
938 5551 1078 5607 pag.
1114 5535 1215 5608 125
1233 5536 1293 5590 in
1311 5550 1520 5608 earum
1544 5536 1806 5608 Vitarum

242 5610 480 5682 catalogo
515 5628 645 5685 quin
677 5606 1365 5684 proprio’Metaphrastaa
1392 5606 1544 5678 stylo
1574 5607 1806 5678 signan-

1909 4472 2198 4524 terrarum
2228 4471 2594 4536 obscuraret,
2621 4473 2676 4523 et
2717 4474 2943 4525 tantum
2985 4484 3104 4524 non
3137 4484 3348 4525 omnes
3380 4472 3560 4528 citato

1909 4556 2101 4627 gradu
2132 4557 2447 4628 impietatis
2475 4556 2632 4613 viam
2663 4558 3134 4627 ingrederentur,
3167 4559 3562 4616 Diocletianus

1909 4652 1963 4701 et
1979 4645 2369 4701 Maximianus
2394 4661 2593 4701 rerum
2607 4662 2845 4703 summa
2858 4647 3253 4719 potiebantur,
3285 4647 3392 4703 viri
3411 4647 3563 4705 inter

1909 4733 2182 4790 omnium
2222 4741 2463 4790 aetatum
2504 4752 2777 4807 paganos
2816 4742 2871 4792 et
2911 4736 3468 4809 superstitiosissimi
3508 4743 3565 4795 et

1909 4822 2319 4878 audacissimi.
2346 4823 2752 4894 Quiimpietati
2773 4822 3157 4896 undiquaque
3175 4825 3469 4894 augendae
3492 4841 3563 4882 ac

1910 4910 2280 4984 proferendus
2297 4927 2538 4967 omnem
2553 4929 2799 4984 operam
2812 4913 3034 4978 dando,
3058 4915 3442 4984 magistratus
3462 4929 3568 4970 un-

1912 5000 2092 5071 dique
2120 5001 2394 5055 collectos
2430 5017 2608 5071 super
2656 5017 2726 5056 ea
2757 5017 2815 5056 re
2860 5002 3302 5070 examinarunt,
3359 5006 3414 5057 et
3464 5002 3566 5057 ubi

1912 5105 2015 5143 eos
2049 5089 2225 5161 plane
2250 5090 2581 5145 consentire
2625 5090 2929 5156 vidissent,
2960 5093 3114 5147 dicta
3153 5097 3207 5146 et
3239 5091 3366 5145 visa
3394 5090 3566 5146 factis

1914 5193 2228 5250 exaequare
2261 5184 2607 5236 statuerunt.
2646 5179 2845 5250 Itaque
2876 5180 3080 5235 edictis
3115 5195 3219 5251 per
3251 5183 3441 5235 totum
3464 5177 3573 5235 im-

1921 5471 2049 5536 tur:
2083 5479 2270 5536 quare
2297 5461 2904 5536 gratumphilhelleni
2927 5461 3127 5536 lectori
3152 5463 3420 5520 futurum
3451 5481 3578 5522 cre-

1917 5535 2061 5607 didi,
2093 5535 2139 5590 si
2173 5535 2324 5591 hanc
2353 5536 2481 5592 talis
2505 5535 2610 5590 viri
2635 5535 3074 5606 paraphrasim,
3109 5552 3247 5607 qua:
3267 5536 3576 5607 publicam

1917 5606 2206 5662 hactenus
2236 5607 2428 5662 lucem
2459 5623 2574 5660 non
2609 5607 2771 5673 vidit,
2803 5606 2894 5660 hic
2927 5606 3289 5663 exhiberem}
