4062 6222
503 303 597 359 143
1891 293 2155 350 MENSIS
2195 296 2501 352 APRILIS.
3762 293 3852 347 144

497 427 726 501 perium
753 426 950 480 missis
976 423 1120 478 deos
1140 421 1385 492 patrios,
1410 421 1468 476 id
1491 421 1746 477 estidola
1765 437 1946 476 manu
1967 421 2142 485 facta,

2288 419 2675 493 ρθοποδοῦντας
2729 425 2852 493 πρὸς
2907 426 3000 477 τὴν
3055 417 3314 487 ασέϐειαν,
3372 421 3502 491 ἔργῳ
3567 416 3856 489 βεϐαιῶσαι

498 515 800 574 sacriﬁciis
851 512 962 567 coli
1014 513 1318 580 jusserunt
1369 510 1603 581 (stultos
1659 526 1848 580 reges,
1908 509 2010 582 qui
2069 510 2147 564 ab

500 607 626 662 istis
684 602 794 658 sibi
857 601 1195 671 imperium,
1256 599 1535 655 omnibus
1598 616 1734 656 vero
1799 599 2148 655 mortalibus

499 694 750 749 salutem
778 688 1062 761 impertiri
1094 687 1492 757 credebantl),
1526 689 2021 744 omnibusautem
2047 688 2148 759 qui

502 799 562 837 se
602 779 964 837 Christianos
995 777 1409 850 proﬁterentur
1439 778 1752 832 dirissimis
1792 778 1983 849 pmnis
2015 777 2151 833 sub-

495 871 618 942 jici,
651 883 858 924 necem
881 867 938 921 in
965 866 1198 938 pietatis
1218 867 1534 937 praemium
1557 867 1970 938 proponendo.

2257 515 2322 562 τὰ
2358 508 2584 573 δόξαντα
2615 507 2853 568 σπουδὴν
2884 510 3168 560 ἐποιοῦντο·
3209 513 3298 559 καὶ
3335 504 3429 559 διὰ
3465 516 3630 558 ταῦτα
3675 510 3848 577 γράμ-

2259 620 2396 670 ματα
2460 606 2548 651 καὶ
2615 602 2913 672 προθέματα
2971 597 3136 667 πολλῲ
3195 605 3266 666 τῷ
3320 599 3476 668 τάχει
3541 593 3634 648 διὰ
3688 599 3859 655 πάσης

2260 688 2435 758 ἐφοίτα
2490 698 2576 747 τῆς
2625 689 2948 760 οἰκουμένης,
2999 691 3119 748 τούς
3168 689 3256 758 μὲν
3297 687 3664 757 νομιζομένους
3693 687 3852 745 θεοὺς,

2260 782 2324 830 τὰ
2368 780 2717 852 χειροποίητά
2763 797 2895 847 φημι
2936 777 3094 838 ξόανα
3123 779 3212 826 καὶ
3245 771 3606 846 βδελύγματα,
3658 776 3860 833 θυσίαις

2263 867 2492 926 ἁπάσαις
2535 873 2689 938 τιμᾲν
2747 872 2857 933 (καὶ
2903 868 3004 938 γὰρ
3054 861 3222 916 ἐδόκει
3262 871 3370 924 τοῖς
3419 863 3652 924 ἀνοήτοις
3706 861 3863 934 βασι-

498 959 646 1010 λεῦσι
702 959 789 1030 μὲν
841 953 912 1008 δι’
967 955 1132 1006 αὐτῶν
1189 958 1246 1006 τὸ
1300 958 1507 1027 κράτος,
1557 955 1847 1030 ἀνθρώποις
1895 952 1952 1008 δὲ
2012 963 2170 1008 πᾶσιν
2229 961 2322 1013 τὴν
2381 961 2642 1027 σωτηρίαν
2697 953 3094 1028 βραϐεύεσθαι),
3149 955 3344 1013 πάντας
3394 951 3452 1005 δὲ
3518 957 3634 1013 τοὺς
3685 951 3862 1024 ὁμολοο

501 1066 720 1118 γουντας
789 1042 916 1098 εἶναι
992 1048 1360 1116 Χριστιανούς,

1441 1048 1567 1115 μετὰ
1640 1050 1732 1102 τὴν
1792 1045 1861 1106 εἰς
1923 1050 1980 1096 τό
2068 1044 2220 1117 βῆμα
2295 1047 2649 1116 παράστασιν,
2721 1043 2992 1114 ἀπώμοτον
3051 1046 3145 1100 τὴν
3205 1041 3482 1114 ὁμολογίαν
3541 1045 3733 1098 ταύτην
3805 1040 3864 1092 ού

502 1139 862 1208 ποιουμένους,
923 1141 1145 1205 συχναῖς
1193 1132 1572 1186 ύποϐάλλεσθαι
1640 1137 1938 1206 τιμωρίαις,
2007 1131 2116 1186 εἶτα
2188 1138 2277 1185 καὶ
2339 1135 2558 1185 θανάτου
2629 1133 2802 1205 ψῆφον
2886 1141 2977 1192 τῆς
3051 1130 3315 1193 εὐσεϐείας
3395 1131 3704 1206 πορίζεσθαι
3771 1134 3866 1187 τὴν

503 1222 798 1280 ἀντίδοσιν.

573 1408 638 1461 Il.
679 1407 841 1460 Tunc
879 1399 1250 1459 admirabilis
1284 1399 1454 1455 miles
1491 1400 1701 1455 Christi
1742 1400 2024 1469 Georgius
2055 1415 2160 1456 seu

503 1499 733 1550 astrum
753 1492 1118 1564 pellucidum
1142 1505 1247 1561 per
1268 1489 1586 1560 impietatis
1611 1490 1884 1545 tenebras
1900 1488 2155 1544 lucebat.

503 1587 684 1639 Natus
712 1582 771 1637 in
803 1580 1184 1652 Cappadocia
1209 1578 1382 1634 claris
1422 1578 1789 1649 parentibus,
1831 1578 2010 1650 inque
2051 1577 2155 1634 Pa-

504 1673 733 1728 laestina
787 1670 1095 1734 educatus,
1139 1668 1439 1737 majorum
1507 1668 1786 1737 pietatem
1825 1666 2158 1738 amplexus,

506 1760 778 1818 candidis
808 1759 1097 1818 moribus.
1133 1763 1301 1814 aetate
1322 1757 1578 1827 juvenis,
1606 1756 1924 1828 prudentia
1954 1772 2157 1820 senex,

506 1850 683 1906 corde
716 1849 988 1919 simplex,
1021 1849 1109 1903 ira
1137 1850 1345 1903 contra
1377 1845 1595 1917 impios
1659 1846 1924 1902 ardebat.
1983 1845 2163 1914 Igitur

2343 1399 2416 1453 Β¹⁹
2462 1403 2588 1451 Τότε
2651 1394 2718 1454 δὴ
2774 1401 2859 1448 καὶ
2909 1398 2934 1448 ὁ
2991 1397 3293 1467 θαυμαστὸς
3339 1413 3661 1467 στρατιωτης
3706 1401 3869 1468 μέγας

2270 1493 2536 1562 Γεὼργιος,
2597 1491 2653 1538 τὸ
2702 1495 2790 1538 τοῦ
2841 1493 3074 1560 Χριστοῦ
3104 1493 3175 1555 τῷ
3215 1489 3318 1535 ὄντι
3353 1490 3632 1555 γεώργιον,
3674 1483 3872 1557 ἀστέρα

2267 1579 2383 1627 τινὰ
2432 1585 2531 1627 τῶν
2573 1572 2836 1646 διαφανῶν
2903 1575 3185 1636 είκονίζων,
3243 1573 3292 1624 ἐν
3356 1576 3530 1624 σκότει
3601 1580 3692 1633 τῆς
3745 1571 3874 1625 ἀσε-

2270 1664 2410 1726 ϐείας
2461 1662 2745 1721 ἐδείκνυτο.
2798 1666 2976 1734 Τούτῳ
3016 1667 3200 1735 πατρὶς
3251 1665 3340 1733 μεν
3388 1662 3417 1718 ἡ
3479 1657 3872 1729 Καππαδοκῶν,

2269 1757 2478 1825 πατέρες
2522 1750 2580 1805 δὲ
2633 1761 2730 1804 τῶν
2779 1751 3053 1824 ἐπιφανῶν,
3105 1754 3290 1824 τροφός
3337 1751 3366 1807 ἡ
3429 1749 3772 1816 Παλαιστίνη,
3816 1754 3874 1802 τό

2273 1841 2426 1904 σέϐας
2467 1842 2518 1894 ἐκ
2565 1847 2826 1914 προγόνων
2879 1841 3039 1893 αὐτοῦ
3089 1837 3457 1899 εὐσεϐέστατος
3502 1835 3562 1896 ἦν
3610 1843 3693 1890 καὶ
3753 1841 3878 1892 ἀσε-

507 1939 662 1996 circa
687 1954 812 1994 rem
846 1936 1160 1992 militarem
1192 1935 1425 2006 egregie
1451 1935 1719 1990 eruditus
1750 1934 1870 1990 dux
1903 1934 2162 1990 cohortis

2288 1951 2418 2002 (νος,
2478 1936 2570 1989 τὴν
2623 1935 2713 2002 μεν
2765 1930 2969 1988 ἡλικίαν
3013 1929 3225 1993 νεάζων,
3261 1932 3349 1985 τὴν
3385 1923 3444 1980 δε
3493 1931 3740 2001 φρόνησιν
3781 1948 3879 1980 πο-

509 2029 862 2084 lnvictorum
893 2026 1228 2098 praeﬁcitur,
1262 2029 1317 2079 et
1372 2039 1508 2079 cum
1565 2024 1889 2096 imperator
1939 2023 2162 2079 bellum

509 2122 713 2174 contra
740 2116 944 2171 Persas
984 2119 1227 2184 gereret,
1282 2112 1571 2182 Georgius
1621 2113 1875 2184 tempori
1923 2112 2160 2177 cedens,

507 2221 694 2261 manu
724 2203 890 2260 fortis
931 2202 1092 2259 brevi
1118 2200 1275 2257 bello
1300 2201 1594 2257 inclaruit.

2271 2020 2399 2084 λιὸς,
2437 2021 2588 2081 εὐθὺς
2635 2023 2727 2078 τὴν
2762 2015 3006 2094 καρδίαν,
3057 2016 3216 2078 ζήλου
3244 2021 3403 2068 πνέων
3436 2019 3572 2069 κατὰ
3609 2025 3704 2078 τῆς
3749 2015 3882 2070 ἀσε-

2274 2109 2426 2170 ϐείας.
2480 2109 2660 2170 Καλῶς
2724 2108 2811 2160 οὖν
2890 2106 3187 2167 ἐκπονηθεὶς
3258 2107 3323 2157 τὰ
3387 2104 3623 2177 πολέμια,
3707 2111 3880 2178 κόμης

2275 2208 2366 2251 τοῦ
2413 2203 2644 2272 νουμέρῳ
2697 2198 2774 2268 (2)
2823 2205 2920 2249 τῶν
2971 2200 3282 2268 Ἀνικιώρων
3339 2193 3570 2257 έπιφανεί
3599 2199 3878 2269 προχειρί-

510 2294 679 2354 ζεται·
749 2293 904 2350 ἡνίκα
960 2288 1028 2348 δὴ
1078 2295 1170 2342 καὶ
1225 2294 1311 2342 τόν
1371 2289 1596 2362 βασιλέα
1645 2286 1801 2363 [ἔδει]
1851 2293 1937 2342 τὸν
2017 2291 2152 2342 κατὰ
2210 2295 2418 2360 Περσῶν
2481 2287 2559 2358 (3)
2618 2285 2850 2338 ὑπελθεῖν
2905 2285 3144 2357 πόλεμον,
3206 2283 3360 2335 αὐτὸν
3417 2282 3604 2337 ἐκεῖνον
3665 2285 3692 2335 ό
3760 2303 3880 2334 και·

508 2388 598 2456 ρὸς
651 2381 949 2457 παρεκάλει,
1009 2379 1083 2452 ἐφ’
1235 2384 1323 2432 καὶ
1378 2379 1566 2442 ἄθλους
1624 2383 1736 2432 οὔτε
1791 2383 2011 2454 μικροὺς
2094 2379 2426 2450 ἀγωνίζεται,
2477 2381 2566 2428 καὶ
2634 2377 2942 2446 θαυμαστὴν
2995 2377 3131 2446 ἔχων
3199 2371 3245 2424 ἐν
3302 2371 3540 2444 πολέμοις
3605 2371 3882 2444 εὐτολμίαν

507 2471 837 2543 γνωρίζεται.

580 2648 677 2705 III.
710 2648 855 2703 Cum
903 2649 1105 2703 autem
1144 2645 1388 2716 majoris
1419 2645 1722 2715 dignitatis
1762 2645 2168 2717 adipiscenda

511 2737 768 2810 cupidus
797 2740 971 2801 esset,
1005 2750 1075 2791 ea
1099 2750 1284 2806 quam
1316 2733 1633 2791 aﬂectabat
1683 2735 1995 2806 majorem,
2049 2735 2168 2790 Deo

513 2827 593 2884 ita
623 2826 874 2891 volente,
906 2828 1120 2880 nactus
1152 2827 1257 2879 est.
1289 2824 1543 2896 Recepto
1584 2824 1744 2880 enim
1783 2823 2165 2896 patrimonio,

514 2914 592 2972 ad
604 2914 993 2986 imperatores
1008 2927 1298 2976 reversus,
1316 2911 1508 2968 Saulis
1532 2917 1751 2968 sortem
1770 2911 1973 2983 aliquo
1988 2911 2169 2967 modo

515 3008 790 3074 expertus
837 3005 942 3056 est.
983 3000 1081 3055 Hic
1121 3000 1276 3054 enim
1323 3000 1528 3056 asinos
1559 3000 1865 3071 requirens
1916 3015 2166 3069 regnum

515 3091 760 3156 invenit,
781 3093 979 3144 noster
999 3092 1196 3144 autem
1224 3089 1546 3144 mundanae
1568 3088 1778 3144 avidus
1791 3088 1991 3159 gloriae
2004 3091 2167 3159 regni

517 3178 772 3235 caelestis
793 3191 1042 3247 compos
1073 3181 1159 3231 est
1188 3175 1400 3231 factus.
1434 3176 1538 3232 Ubi
1571 3177 1748 3242 enim,
1796 3177 1855 3232 in
1888 3179 2018 3250 ipso
2051 3183 2170 3234 sta-

517 3267 621 3324 tim
646 3265 928 3330 adventu,
958 3265 1141 3319 Deum
1172 3268 1602 3337 contemptum,
1636 3266 1943 3322 daemones
1971 3270 2171 3322 autem

515 3357 843 3413 honoratos
871 3353 1133 3418 vidisset,
1159 3352 1480 3424 impietatis
1511 3354 1724 3410 ardore
1749 3357 2031 3412 incensus
2061 3358 2175 3412 Da-

515 3444 668 3501 vidis
699 3442 1039 3514 exemplum
1071 3447 1308 3498 secutus
1337 3449 1425 3498 est
1466 3443 1569 3514 qui
1599 3443 1739 3499 dicit
1770 3460 1831 3500 se
1858 3444 2170 3502 increduli-

517 3539 634 3592 tate
668 3534 765 3588 Dei
793 3531 1272 3588 adversariorum
1301 3531 1517 3587 misere
1543 3534 1760 3588 vexari.
1798 3533 1911 3590 Sed
1941 3533 2170 3589 Domini

517 3620 988 3694 promissionum
1009 3634 1242 3675 memor
1252 3619 1356 3691 qui
1383 3635 1448 3674 se
1462 3635 1564 3676 eos
1589 3636 1792 3677 coram
1810 3621 1979 3677 Patre
1993 3637 2176 3692 agno-

519 3712 808 3767 sciturum
835 3725 962 3764 esse
993 3707 1155 3776 dicit,
1195 3709 1297 3779 qui
1333 3724 1396 3763 se
1423 3725 1626 3765 coram
1657 3709 2003 3766 hominibus
2032 3726 2170 3767 con-

519 3799 657 3855 fessi
685 3797 900 3853 fuerint
933 3815 946 3852 :
981 3796 1095 3852 hac
1123 3797 1525 3868 promissione
1552 3798 1788 3855 Domini
1807 3803 2064 3872 arrepta,
2093 3805 2178 3856 tu-

520 3892 648 3945 tum
681 3903 742 3942 se
771 3886 1019 3942 reddere
1049 3885 1254 3942 voluit.

2349 2642 2419 2698 I".
2479 2644 2620 2696 Ἐπεὶ
2688 2639 2746 2695 δε
2793 2647 2883 2695 καὶ
2934 2643 3169 2713 μείζονος
3225 2636 3285 2698 ἧν
3333 2648 3489 2712 τιμῆς
3550 2637 3880 2713 ὀρεγόμενος,

2277 2734 2416 2807 εὗρεν
2446 2734 2550 2806 οὐχ
2599 2735 2657 2795 ἧς
2711 2734 2947 2806 ὠρέγετο,
2983 2731 3088 2783 ἀλλ’
3130 2732 3189 2791 ἧς
3218 2731 3457 2803 ὑπῆρχεν
3487 2729 3670 2790 ἐκεῖνος
3709 2729 3880 2793 ἄξιος,

2276 2833 2365 2884 τῆς
2422 2826 2556 2883 θείας
2612 2824 2747 2876 ούτω
2818 2826 3057 2895 προνοίας
3121 2820 3622 2892 οἰκονομησαμένης.
3691 2816 3888 2870 Λαϐὼν

2277 2916 2377 2987 γὰρ
2433 2915 2498 2963 τὰ
2543 2911 2598 2964 ἐκ
2645 2916 2876 2986 πατέρων
2909 2910 3046 2963 αύτῶ
3084 2909 3415 2982 περιελθόντα
3466 2911 3742 2980 χρήματα,
3789 2911 3891 2958 καὶ

2278 3005 2407 3073 πρὸς
2445 3005 2564 3060 τοὺς
2606 3005 2719 3053 τότε
2771 2998 3142 3072 βασιλεύοντας
3200 2996 3525 3069 ἀφικόμενος,
3579 2997 3778 3067 πάσχει
3831 3014 3893 3046 τι

2281 3098 2351 3142 τῶ
2411 3089 2573 3141 Σαούλ
2620 3089 3005 3162 παραπλήσιον.
3054 3087 3112 3139 Ὀ
3142 3090 3232 3159 μὲν
3279 3088 3380 3160 γὰρ
3436 3089 3576 3146 ὄνους
3611 3083 3893 3145 ἀναζητῶν

2283 3177 2555 3249 βασιλείαν
2609 3177 2882 3247 ἐκτήσατο,
2929 3179 2955 3228 ὁ
3010 3173 3070 3228 δὲ
3121 3182 3379 3246 κοσμικῆς
3419 3170 3575 3237 δόξης
3619 3175 3893 3245 ἑπιθυμῶν

2283 3267 2507 3340 οὐρανῶν
2558 3270 2714 3338 ἔτυχε
2764 3265 3060 3339 βασιλείας.
3119 3269 3218 3318 Καὶ
3262 3266 3399 3324 ὅπως
3451 3263 3606 3335 ἐγγύς
3644 3264 3673 3320 ἠ
3715 3260 3891 3321 δήλω.

2289 3374 2386 3415 σις.
2448 3353 2760 3408 Καταλαϐῶν
2808 3356 2932 3428 γὰρ,
2989 3355 3159 3427 ὥσπερ
3211 3355 3435 3425 εἴρηται,
3487 3358 3577 3404 καὶ
3628 3347 3753 3403 ἰδὼν
3796 3354 3895 3403 τὸν

2285 3448 2414 3498 Θεὸν
2467 3443 2823 3516 ὑϐριζόμενον,
2886 3440 3140 3515 δαίμονας
3197 3438 3257 3493 δι
3335 3445 3676 3513 τιμωμένους,
3742 3438 3894 3510 ζήλῳ

2289 3532 2572 3593 θεοσεϐείας
2627 3530 2932 3594 διακαυθεὶς
2980 3536 3073 3591 τὴν
3113 3531 3322 3602 ψυχὴν,
3368 3529 3439 3592 είς
3470 3537 3586 3582 νοῦν
3619 3547 3672 3580 τε
3701 3529 3766 3578 τὰ
3794 3534 3896 3578 τοῦ

2288 3619 2454 3675 Δαϐιδ
2495 3621 2822 3694 βαλλόμενος,
2865 3623 2948 3674 ὅτε
2991 3624 3079 3691 μὲν
3131 3627 3194 3691 τῇ
3246 3621 3335 3690 θέᾳ
3363 3627 3462 3670 τῶν
3509 3617 3896 3670 ἁσυνετούντων

2213 3748 2252 3802 C
2288 3711 2598 3769 ἐκτηκεσθαι
2645 3710 2896 3781 λέγοντος,
2937 3710 3020 3761 ὃτι
3062 3710 3127 3760 τὰ
3173 3709 3328 3780 ὃμοια
3355 3710 3608 3779 πάσχειν,
3656 3702 3750 3758 διὰ
3793 3711 3898 3764 τὴν

2287 3805 2404 3872 περὶ
2448 3803 2566 3860 τοὺς
2606 3801 2772 3860 θείους
2807 3798 2993 3868 λόγους
3041 3807 3139 3849 τῶν
3183 3798 3559 3870 ἐχθραινόντων
3589 3795 3897 3869 ὀλιγωρίαν,

2290 3892 2462 3942 ἔπειτα
2499 3895 2587 3941 καὶ
2635 3898 2734 3941 τῶν
2773 3885 3097 3941 δεσποτικῶν
3150 3887 3393 3961 ῥημάτων
3435 3887 3506 3947 εἰς
3551 3888 3729 3960 καιρόν
3767 3880 3902 3936 δια-

525 3975 962 4050 μνημονεύσας,ἀ’
986 3976 1223 4047 καθαρῶς
1250 3974 1638 4046 ἐπαγγέλλεται,
1685 3984 1793 4037 τοῖς
1833 3979 2121 4048 ἔμπροσθεν
2171 3985 2270 4029 τῶν
2317 3977 2597 4050 ἀνθρώπων
2627 3977 2970 4050 ὁμολογοῦσιν
3015 3976 3192 4044 αὐτὸν,
3242 3971 3573 4028 ἀντιδιδόναι
3605 3973 3902 4046 φιλοτίμως

527 4071 620 4124 τὴν
651 4066 940 4137 ἔμπροσθεν
970 4072 1060 4114 τοῦ
1104 4068 1351 4125 Τεκόντος
1396 4064 1691 4135 ὁμολογίαν·
1728 4068 1975 4118 ἔσπευσεν
2008 4068 2077 4128 ὡς
2115 4069 2283 4138 τάχος
2322 4067 2559 4141 ἁρπάσαι
2585 4071 2678 4125 τὴν
2709 4065 3036 4138 ἐπαγγελίαν,
3065 4069 3154 4118 καὶ
3183 4067 3339 4138 χρέὸς
3371 4063 3538 4134 ἐαυτῷ
3579 4059 3902 4115 δεσποτικὸν

531 4154 1130 4226 προσμνηστεύσασθαι.

602 4327 691 4384 IV.
732 4327 878 4382 Cum
909 4329 1107 4382 autem
1156 4341 1263 4397 per
1308 4329 1546 4398 portam
1599 4333 1920 4398 angustam
1965 4328 2184 4388 intrare

536 4415 724 4480 vellet,
759 4415 818 4469 in
849 4413 1047 4470 divitis
1077 4415 1458 4470 obstaculum
1483 4415 1710 4480 videns,
1740 4417 1959 4489 quibus
1985 4423 2184 4476 tamen

532 4506 612 4561 ad
635 4504 828 4560 bonas
861 4519 954 4559 res
988 4503 1384 4560 auxiliaribus
1416 4504 1498 4560 uti
1531 4504 1786 4577 volebat,
1822 4509 2185 4579 pauperibus

532 4609 633 4650 eas
691 4591 1004 4647 distribuit.
1068 4593 1244 4648 Porro
1302 4607 1546 4662 gravem
1615 4601 2004 4662 armaturam,
2063 4615 2186 4670 qua

533 4681 748 4739 Paulus
774 4680 834 4736 in
859 4680 1066 4752 spiritu
1090 4680 1295 4736 ﬁdeles
1318 4687 1531 4747 armat,
1561 4683 1688 4753 Ipse
1706 4684 1917 4752 induit,
1942 4685 2186 4743 lumbos

532 4773 593 4827 in
624 4771 866 4827 veritate
897 4770 1098 4839 cingit,
1125 4769 1368 4841 justitirn
1399 4770 1582 4827 lorica
1612 4789 1673 4827 se
1703 4775 1889 4840 vestit,
1952 4776 2186 4844 galeam

2367 4332 2434 4390 Δ’.
2488 4332 2626 4390 Πλὴν
2686 4331 2814 4384 ἀλλὰ
2869 4336 2957 4384 καὶ
2995 4336 3082 4389 τὴν
3134 4335 3316 4389 στενὴν
3364 4327 3747 4382 εἰσελεύσεσθαι
3799 4329 3912 4377 πύ-

2295 4422 2386 4480 λην
2434 4422 2770 4497 προελομένῳ,
2826 4423 2907 4473 ἶνα
2965 4417 3132 4493 μηδὲν
3181 4422 3206 4471 ὁ
3253 4428 3353 4471 τῶν
3405 4419 3696 4491 χρημάτων
3743 4418 3912 4486 ὄγκος

2297 4512 2436 4581 αὐτῷ
2485 4508 2834 4584 ἐμποδίσειεν,
2893 4509 3020 4562 ἀλλὰ
3076 4514 3166 4561 καὶ
3209 4508 3397 4581 μᾶλλον
3455 4511 3522 4568 ὡς
3565 4503 3747 4578 βοηθῷ
3820 4513 3910 4575 τῷ

2296 4600 2500 4670 πλούτῳ
2531 4605 2660 4674 πρὸς
2706 4604 2771 4652 τὰ
2804 4600 2936 4652 καλὰ
2959 4604 3250 4672 χρήσαιτο,
3283 4601 3511 4656 πενήτων
3543 4595 3696 4647 αύτόν
3735 4600 3911 4667 χερσὶ

2299 4687 2547 4760 διανέμει.
2601 4689 2678 4759 (4)
2729 4692 2859 4761 Πρὸς
2913 4685 2970 4740 δὲ
3001 4693 3088 4739 καὶ
3119 4691 3214 4745 τὴν
3244 4686 3550 4750 πανοπλίαν,
3584 4687 3645 4742 ἣν
3694 4683 3915 4745 Παῦλος

2298 4777 2345 4829 ἐν
2397 4781 2648 4850 πνεύματι
2705 4782 2820 4837 τοὺς
2885 4780 3108 4837 πιστούς
3173 4775 3374 4836 ὁπλίζει
3445 4772 3914 4848 περιϐαλλόμενος,

534 4859 738 4917 salutis
768 4858 942 4931 capiti
968 4859 1245 4931 imponit,
1279 4860 1462 4931 pedes
1494 4861 1572 4917 ad
1611 4863 1997 4934 Evangelium
2027 4867 2170 4937 paci:

2299 4874 2388 4920 καὶ
2419 4873 2512 4925 τὴν
2551 4871 2640 4939 μὲν
2685 4866 2846 4938 ὀσφῦν
2899 4866 2946 4918 έν
3000 4866 3216 4937 ἀληθείᾳ
3265 4865 3706 4940 περιζωσάμενος,
3751 4857 3920 4913 ἔνδυ-

533 4947 1018 5007 annuntiandum
1043 4948 1188 5020 tegit
1220 4967 1232 5017 ;
1261 4949 1476 5006 deinde
1500 4951 1638 5007 ﬁdei
1668 4952 1968 5024 clypeum,
1997 4959 2054 5011 et
2077 4957 2188 5028 spio

607 5125 684 5198 ('2)
714 5127 958 5199 Νούμερα
983 5123 1288 5199 pluraliter
1312 5127 1596 5199 cohortes,
1643 5143 1826 5199 quam
1873 5144 2080 5184 vocem
2124 5129 2184 5186 in

535 5196 665 5265 ipso
692 5196 843 5253 Julio
873 5196 1097 5252 Caesare
1124 5196 1444 5252 restituisse
1475 5196 1760 5265 gloriatur
1803 5201 2079 5255 Meursius
2124 5202 2186 5255 in

590 5267 1070 5334 raaco-Barbaris,
1096 5275 1248 5323 certe
1267 5284 1302 5324 a
1335 5267 1546 5323 Latinis
1565 5269 1642 5324 ad
1675 5271 1905 5325 Graecos
1931 5272 2181 5340 transiit,

535 5339 1057 5412 distinguebantur
1086 5345 1285 5394 autem
1316 5341 1566 5396 Numeri
1593 5341 1719 5412 suis
1741 5339 2188 5412 singulicogno-

538 5411 776 5478 mentis,
807 5411 984 5481 quale
1013 5412 1103 5465 hic
1125 5417 1214 5466 est
1235 5425 1570 5480 cognomen
1601 5411 1947 5469 Aniciorum
1963 5411 2066 5468 seu
2089 5415 2184 5469 In-

538 5483 826 5534 victorum
856 5502 868 5532 :
899 5497 1202 5545 verumne,
1239 5497 1316 5538 an
1343 5488 1592 5539 ornatus
1623 5499 1806 5539 causa
1834 5485 1928 5540 hic
1952 5502 2182 5543 assum-

541 5557 727 5623 ptum,
769 5565 888 5606 non
930 5552 1214 5621 dijudico.

2303 4960 2515 5028 σάμενος
2563 4951 2622 5008 δὲ
2673 4961 2762 5008 καὶ
2809 4959 2894 5007 τὸν
2944 4963 3041 5017 τῆς
3089 4952 3430 5014 δικαιοσύνης
3473 4955 3703 5025 θώρακα,
3755 4969 3922 5024 περι-

2366 5131 2442 5202 (3)
2467 5136 2637 5186 Anno
2656 5131 2754 5187 301
2784 5131 3001 5187 missus
3025 5136 3234 5188 contra
3251 5130 3469 5202 Persas
3496 5128 3606 5184 fuit
3630 5127 3923 5202 Galerius

2297 5199 2710 5275 Maximianus,
2751 5219 2822 5258 eo
2849 5219 3150 5269 successu,
3191 5218 3375 5275 quem
3401 5201 3478 5259 ad
3505 5215 3735 5257 annum
3768 5199 3924 5256 Dio-

2295 5273 2530 5329 cletiani
2556 5277 2618 5329 t7
2651 5275 3041 5332 Theonhanes
3060 5273 3359 5330 describit.

2367 5345 2444 5416 (4)
2469 5417 2476 5420 _
2503 5348 2790 5417 Expungo
2815 5340 2952 5402 haec
2999 5361 3195 5420 pauca
3232 5347 3426 5403 ταύτην
3457 5362 3510 5420 τε
3540 5345 3598 5420 τρ
3634 5343 3766 5394 θεῖον
3823 5340 3924 5420 εξ-

2296 5414 2644 5545 κειοσεξμενος,
2675 5414 2818 5490 quia
2848 5433 2970 5475 non
3002 5414 3183 5475 'video
3211 5415 3522 5489 quomodo
3562 5414 3680 5470 huc
3721 5414 3927 5484 perti-

2299 5503 2452 5544 nean
2484 5530 2499 5545 .

2299 5503 2499 5546 neant.
