4084 6216
260 286 346 338 145
1595 284 1760 340 VITA

1915 285 2215 344 3EORGII.
3491 298 3587 353 146

253 412 428 479 θέμενος
476 429 530 463 τε
608 416 690 464 καί
762 418 855 471 τὴν
901 414 1295 487 περικεφαλαίαν
1376 420 1468 466 τοῦ
1525 416 1798 484 σωτηρίου,

1921 413 2066 468 ritus
2095 430 2300 471 ensem
2334 415 2605 485 accingit,
2635 416 2735 488 qui
2768 419 2859 471 est
2909 417 3007 471 Dei
3058 418 3335 486 Verbum,
3391 426 3448 477 et
3499 422 3582 479 sic

248 504 320 549 καί
356 502 470 560 τοὺς
498 497 663 561 πόδας
697 500 744 552 ἐν
775 501 1054 576 ἑτοιμασίᾳ
1109 510 1199 556 τοῦ
1242 502 1554 574 Εὖαγγελίου
1602 511 1693 561 τῆς
1745 501 1812 553 εἰ-

247 591 387 657 ρήνης
427 585 837 662 ὑποδησάμενος,
900 594 1075 645 ἔπειτα
1142 598 1232 645 καὶ
1288 595 1376 645 τὸν
1424 599 1520 653 τῆς
1590 596 1811 652 πίστεως

1924 502 2002 558 ab
2042 504 2325 560 omnibus
2363 504 2638 577 partibus
2682 508 2844 561 tutus
2875 506 2953 562 ad
2992 506 3310 577 impietatis
3347 510 3577 567 bellum

1930 591 2333 662 progreditur.

248 678 420 747 θυρεόν,
450 683 537 729 καὶ
557 684 646 736 τὴν
670 688 761 732 τοῦ
794 684 1082 754 Πνεύματος
1112 681 1377 735 ἀναλαϐὼν
1407 684 1700 753 μάχαιραν,
1732 681 1763 739 ἦ
1797 679 1910 732 ἐστι
1941 680 2087 754 ῥῆμα
2117 688 2272 747 Θεοῦ,
2300 688 2390 736 καὶ
2421 685 2491 745 ὡς
2518 702 2625 735 οιον
2650 702 2702 735 τε
2729 680 2789 740 ἦν
2817 682 3061 755 ἀσφαλῶς
3097 684 3319 737 καθόλου
3342 705 3594 761 περιφρα·

246 765 446 838 ξάμενος,
474 771 606 839 πρὸς
633 772 719 821 τόν
746 773 885 824 κατὰ
914 779 1004 833 τῆς
1034 770 1273 834 ἀσεϐείας
1312 769 1503 844 ἐχώρει
1536 768 1777 840 πόλεμον.

302 968 367 1024 Ε’.
400 972 568 1043 Εὑρὼν
609 968 667 1025 δε
704 976 842 1040 τούς,
892 972 967 1027 ἐπ’
1012 974 1226 1046 ὀνόματι
1272 981 1363 1027 τοῦ
1397 972 1691 1047 βασιλεύειν
1720 976 1809 1024 καὶ

239 1059 419 1130 ἄρχειν,
476 1060 659 1122 αὐτούς
709 1064 899 1134 μᾶλλον
946 1065 1046 1116 ύπό
1095 1072 1188 1127 τῆς
1238 1062 1469 1123 ἀσεϐείας
1508 1066 1808 1133 κραταιοτε-

238 1166 311 1217 ρον
352 1146 690 1221 ἀρχομένους,
754 1151 925 1210 πλήθη
982 1172 1035 1205 τε
1088 1151 1517 1225 βασανιστηρίων
1561 1151 1618 1203 ού
1676 1152 1811 1202 κατά

238 1247 320 1288 τῶν
358 1243 767 1312 πονηρευομένων
815 1242 1009 1315 (ὥσπερ
1059 1238 1120 1300 ἦν
1172 1242 1338 1314 θέμις)
1398 1246 1487 1293 καὶ
1569 1237 1809 1293 ἀδικούν-

237 1344 334 1391 των,
382 1324 502 1378 ἀλλά
552 1331 691 1380 κατὰ
745 1337 843 1381 τῶν
907 1330 1248 1384 εὐσεϐούντων
1340 1329 1529 1403 μᾶλλον
1608 1334 1807 1403 προκεί-

236 1434 357 1482 μενα,
387 1416 572 1478 αὐτούς
601 1436 657 1470 τε
702 1414 1131 1493 δημηγοροῦντας
1175 1416 1325 1472 οὐδὲν
1368 1417 1613 1482 θεοσεϐες,
1657 1413 1808 1470 οὐδὲν

236 1500 429 1568 δίκαιον,
480 1503 590 1557 ἀλλ’
621 1507 724 1559 ὅσα
752 1511 881 1580 πρὸς
932 1507 1169 1561 ἀσέϐειαν
1211 1508 1403 1581 ἀλείφει
1432 1513 1521 1559 καὶ
1571 1512 1664 1565 τὴν
1708 1514 1807 1558 τῶν

1990 973 2055 1028 V.
2089 974 2195 1029 Ubi
2228 990 2333 1031 eos
2363 974 2468 1048 qui
2495 974 2739 1031 nomine
2770 979 2827 1032 et
2846 976 3042 1047 specie
3056 977 3250 1034 solum
3266 988 3591 1051 regnarent

1919 1062 1996 1119 ab
2024 1063 2324 1134 impietate
2349 1080 2686 1135 possessos,
2737 1069 2793 1121 et
2839 1069 3273 1125 tormentorum
3338 1085 3583 1143 poenam

1918 1168 2037 1207 non
2056 1152 2337 1218 scelestis,
2362 1153 2419 1209 id
2440 1154 2604 1226 quod
2630 1154 2718 1210 fas
2758 1160 2900 1221 erat,
2938 1156 3039 1211 sed
3085 1156 3201 1229 piis
3227 1164 3283 1214 et
3301 1159 3581 1217 ﬁdelibus

1917 1238 2203 1296 inﬂictam
2225 1241 2749 1299 animadvertisset
2780 1260 2793 1299 :
2827 1243 3218 1316 imperatores
3247 1247 3407 1303 enim
3463 1264 3576 1321 pro

1919 1344 2029 1384 sua
2062 1329 2364 1400 impietate
2412 1330 2560 1385 nihil
2582 1331 2739 1402 juste
2771 1332 3090 1401 faciebant,
3125 1334 3249 1391 imo
3304 1352 3579 1408 quaecun-

1916 1432 2033 1488 que
2065 1417 2144 1473 ad
2169 1418 2537 1491 impietatem
2568 1424 2624 1474 et
2664 1419 3004 1477 daemonum
3058 1423 3283 1480 cultum
3332 1426 3579 1483 incitant

1918 1505 2201 1562 fovebant
2217 1506 2339 1579 (qui
2362 1523 2507 1563 sane
2529 1507 2675 1564 nihil
2692 1509 2857 1565 aliud
2880 1510 2989 1566 nisi
3012 1511 3299 1568 falsorum
3324 1514 3577 1571 deorum

236 1589 463 1665 δαιμόνων
504 1594 750 1669 λατρείαν
804 1597 882 1666 (τί
933 1599 1035 1670 γὰρ
1099 1598 1266 1671 ἕτερον
1311 1599 1339 1655 ἠ
1394 1605 1491 1647 τῶν
1536 1591 1798 1666 ψευδωνύι

1916 1594 2209 1667 adoratio)
2235 1601 2289 1651 et
2319 1596 2389 1651 iis
2414 1597 2519 1669 qui
2550 1597 2846 1654 Christum
2866 1602 3108 1656 nomine
3131 1601 3325 1658 solum
3345 1602 3577 1674 proﬁte-

232 1703 319 1753 μων
363 1684 476 1735 θεῶν
511 1686 879 1759 προσκύνησις
906 1685 962 1758 ;)
992 1685 1049 1738 ού
1091 1691 1195 1758 μὴν
1232 1686 1359 1738 ἀλλά
1402 1691 1492 1737 καὶ
1518 1703 1805 1758 προσαπει-

232 1772 424 1838 λοῡντας,
473 1773 517 1826 εἰ
572 1778 731 1845 μόνον
780 1773 1051 1847 ὀνομάσειέ
1098 1795 1171 1836 τις
1226 1779 1311 1827 τόν
1376 1778 1622 1848 Χριστόν,
1710 1772 1804 1836 ἔξω

237 1864 385 1921 παντὸς
451 1862 641 1928 ἓλέους,
725 1870 831 1924 τοῖς
900 1868 1272 1935 προκειμένοις,
1350 1866 1803 1936 κατακηρυττόμε-

241 1968 302 2000 νοτ
348 1950 435 2021 (5),
517 1951 876 2015 ἕξαποθανεῖν·
935 1953 1091 2016 ζήλου
1140 1953 1384 2015 πλησθεὶς
1444 1957 1536 2011 τὴν
1590 1950 1797 2023 ψυχὴν,

1919 1682 2138 1738 bantur
2162 1689 2411 1739 mortem
2457 1684 2937 1743 crudelissimam
2975 1688 3383 1746 intentabant:
3407 1690 3578 1747 Geor-

1916 1770 2051 1842 gius
2078 1776 2284 1827 sancto
2314 1771 2527 1828 ardore
2547 1772 2824 1829 incensus
2850 1782 2905 1829 et
2924 1775 3068 1831 istas
3101 1777 3290 1833 minas
3320 1778 3579 1835 ﬂoccifa-

1916 1859 2079 1916 ciens
2108 1861 2204 1916 via
2236 1876 2337 1931 per
2354 1862 2795 1919 multitudinem
2831 1864 2942 1919 sibi
2974 1864 3269 1937 patefacta
3303 1867 3579 1924 Christia-

1916 1965 2061 2005 num
2080 1965 2208 2005 sese
2242 1965 2313 2005 ac
2346 1949 2555 2006 Christi
2580 1967 2819 2008 servum
2849 1952 3152 2024 professus
3178 1959 3285 2011 est.

239 2042 303 2089 καὶ
340 2042 518 2113 τρυφὰς
567 2040 764 2113 μᾶλλον
821 2041 880 2094 ού
940 2042 1143 2114 πληγὰς
1214 2042 1345 2095 εἶναι
1392 2044 1457 2095 τὰ
1514 2039 1856 2110 ἀπειλούμενα
1904 2035 1999 2091 διὰ
2046 2041 2277 2113 Χριστὸν
2321 2038 2678 2112 λογισάμενος,
2739 2042 2982 2114 εὔτολμόν
3035 2062 3089 2095 τε
3150 2048 3240 2095 καὶ
3292 2042 3573 2107 λεοντῶδες

236 2122 400 2190 δεικνύς
443 2131 684 2203 ὅρμημα,
731 2127 992 2203 διακόψας
1037 2136 1097 2184 τό
1151 2132 1364 2197 πλῆθος,
1414 2135 1504 2183 καὶ
1555 2128 1820 2204 παρελθὼν
1864 2127 1937 2190 εἰς
1992 2133 2171 2201 μέσον,
2228 2133 2546 2204 Χριστιανὸν
2599 2129 2777 2182 ἑαυτὸν
2832 2129 3137 2207 ἀνεκήρυξε-δ
3191 2138 3281 2185 καὶ
3336 2142 3572 2209 Χριστοῦ

232 2212 383 2269 δοῦλον
406 2220 699 2294 ὑπάρχειν.

296 2418 379 2500 ς’.
403 2425 505 2478 Τὴν
526 2422 833 2497 παρρησίαν
863 2423 1077 2486 ταύτην,
1119 2426 1210 2474 καὶ
1240 2422 1297 2473 τὸ
1331 2420 1544 2493 θάρσος,
1585 2422 1674 2470 καὶ
1710 2421 1803 2476 τὴν

226 2505 383 2577 τόλμαν
434 2518 523 2561 τοῦ
561 2514 834 2585 μάρτυρος
878 2509 985 2581 οὐχ
1025 2510 1198 2572 ἁπλῶς
1252 2505 1359 2562 εἶδε
1388 2512 1446 2560 τὸ
1474 2516 1572 2559 τῶν
1603 2505 1801 2559 ἀσεϐῶν

225 2594 404 2659 πὺῖθος,
453 2596 582 2651 ἀλλά
633 2605 723 2652 καὶ
770 2598 1003 2673 ἰσχυρῶς
1056 2598 1482 2669 κατεπλάγησαν.
1521 2596 1581 2648 Ὀ
1629 2600 1803 2669 μέντοι

223 2682 439 2755 γεννάδας
486 2688 902 2764 θαρραλεώτερον
953 2691 1028 2741 ἔτι
1081 2687 1290 2761 μᾶλλον,
1356 2689 1483 2740 Θεὸν
1538 2689 1627 2757 μεν
1680 2684 1802 2742 ἀλη-

226 2773 338 2824 θινόν
392 2779 473 2827 τόν
528 2780 765 2852 Χριστὸν
827 2776 1098 2849 ὡμολόγει,
1160 2778 1227 2829 τά
1291 2772 1350 2829 δέ
1431 2794 1488 2847 γε
1540 2779 1804 2847 τιμώμενα

1981 2414 2074 2471 VI.
2102 2417 2235 2471 Haec
2256 2414 2494 2471 dicendi
2510 2415 2779 2485 libertas,
2798 2416 2928 2474 hinc
2953 2416 3212 2474 audacia
3248 2416 3574 2477 multitudi-

1913 2519 2050 2560 nem
2074 2504 2395 2576 impiorum
2421 2504 2816 2577 stupefactam
2833 2506 3050 2562 mirum
3072 2506 3134 2562 in
3154 2508 3394 2564 modum
3414 2525 3573 2565 com-

1913 2608 2144 2648 movere
2177 2608 2190 2659 ;
2220 2593 2381 2665 quod
2433 2594 2707 2649 animum
2763 2592 3014 2665 Georgio
3057 2594 3307 2661 addidit,
3369 2597 3451 2653 ita
3506 2604 3575 2653 ut

1911 2680 2206 2738 Christum
2237 2685 2421 2737 Deum
2446 2697 2650 2737 verum
2676 2682 2879 2754 palam
2907 2682 3281 2755 proﬁteretur
3333 2691 3390 2739 et
3440 2686 3575 2757 ipsa

1911 2771 2161 2826 deorum
2217 2769 2505 2827 falsorum
2538 2772 2785 2826 nomina
2814 2777 3173 2841 conspueret
3209 2772 3391 2844 inque
3426 2773 3574 2828 ludi-

224 2863 324 2932 παρ’
383 2865 548 2917 αὐτῶν
618 2863 810 2920 εἴδωλα
863 2872 953 2919 καὶ
1005 2870 1126 2928 τούς
1176 2865 1402 2938 ὀνόματα
1446 2870 1598 2936 μόνον
1659 2865 1798 2925 θεοὺς

1915 2860 2109 2915 brium
2141 2863 2408 2915 verteret.
2449 2859 2710 2931 Tyranni
2768 2858 2900 2931 ipsi,
2961 2859 3054 2915 his
3123 2841 3361 2925 auditis,
3409 2862 3573 2917 varia

226 2944 407 3005 διέπτυί
453 2974 506 3007 τε
552 2961 645 3007 καὶ
691 2955 1031 3029 ἑμυκτήριζε,
1093 2960 1183 3007 καὶ
1215 2962 1322 3017 τοῖς
1371 2953 1572 3014 πολλοῖς
1614 2953 1798 3005 ὑπόθε-

227 3055 291 3089 σιν
317 3039 521 3096 ἐποιεῖτο
552 3040 791 3116 σφοδροῦ
839 3045 1080 3116 γέλωτος.
1130 3044 1265 3103 Πλὴν
1296 3042 1423 3095 ἀλλὰ
1470 3050 1575 3102 τοῖς
1617 3044 1801 3114 τυράν-

224 3146 309 3189 νοις
356 3139 519 3184 ταῦτα
577 3132 836 3185 ἀκούουσι
874 3130 1184 3192 παντοδαπὴ
1237 3133 1298 3191 ἦν
1342 3134 1371 3190 ἡ
1419 3136 1622 3203 γνώμηο
1676 3132 1800 3183 ποτε

223 3221 293 3286 μὲν
340 3222 436 3293 γάρ
486 3226 571 3275 τὸν
626 3219 797 3295 ἄνδρα
828 3231 923 3284 τῆς
970 3222 1272 3298 παρρησίας
1319 3221 1635 3293 ἐθαύμαζον,
1676 3223 1799 3272 ποτε

226 3302 272 3357 δι
311 3308 563 3377 ἠπεῦιουν,
620 3314 744 3363 ποτε
794 3307 853 3364 δε
899 3316 989 3363 καὶ
1033 3314 1273 3372 θωπείαις
1326 3312 1604 3383 ύπῄεισαν,
1666 3312 1799 3362 ὥστε

223 3399 334 3447 κατά
377 3416 459 3451 τον
505 3401 642 3452 θεῖον
678 3396 845 3452 Δαυῖδ
890 3404 1010 3462 τοὺς
1050 3399 1251 3454 ἐκείνων
1288 3399 1489 3471 λόγους,
1527 3407 1678 3450 τοῦτο
1708 3402 1799 3470 μὲν

225 3480 397 3552 βολίσιν
426 3487 669 3554 ἐοικέναι,
718 3496 868 3542 τοῦτο
914 3485 972 3542 δε
1020 3491 1145 3563 ὑπερ
1198 3489 1366 3541 ἔλαιον
1418 3488 1643 3548 ἁπαλούς
1692 3484 1797 3539 δεί-

222 3576 428 3628 κνυσθαυ
480 3582 577 3636 τήν
631 3596 686 3630 τε
740 3580 839 3651 γὰρ
883 3583 1098 3636 νεότητα
1149 3582 1238 3630 καὶ
1289 3582 1346 3630 τό
1401 3577 1581 3638 κάλλος
1630 3575 1798 3639 ἐλέους

224 3668 380 3726 παντὸς
426 3665 571 3729 ἀξιον
627 3671 717 3719 καὶ
783 3663 987 3740 φειδοῦς
1030 3670 1252 3741 ἔκριναν,
1293 3671 1388 3726 τήν
1437 3667 1575 3728 ζωὴν
1620 3685 1798 3738 προτι-

223 3756 408 3826 μοτέραν
490 3763 673 3828 σαφῶς
767 3756 1063 3823 ύπετίθουν,
1157 3758 1311 3828 τιμὰς
1394 3755 1793 3827 ύπηγγέλλοντο,

225 3838 411 3894 πλούτου
466 3850 558 3897 καὶ
603 3851 799 3917 τρυφῆς
851 3846 1262 3917 ὑπεμίμνησκον.
1323 3843 1406 3905 Ὦς
1465 3840 1524 3896 δὲ
1574 3847 1699 3917 πρὸς
1732 3847 1798 3896 τὰ

223 3928 524 4006 φιλάνθρωπα
574 3940 745 3985 ταῦτα
789 3938 879 3986 καὶ
931 3933 1143 4006 μαλακὰ
1205 3929 1371 4005 μηδὲν
1418 3931 1795 4005 ἐπικλινόμενον

224 4015 380 4089 ἐώρων,
430 4020 833 4093 μεταϐάλλοντες
878 4021 1146 4095 βασάνους
1184 4020 1450 4088 ἠπείλουν,
1497 4023 1671 4095 ὥσπερ
1702 4025 1795 4079 τὴν

223 4104 319 4175 ὄψιν
361 4109 591 4183 φοϐερὰς,
622 4113 755 4186 πρὸς
798 4106 857 4164 δι
889 4116 979 4164 καὶ
1006 4114 1101 4169 τὴν
1150 4109 1199 4163 ἐν
1242 4117 1412 4184 πικρῶ
1464 4111 1665 4182 θανάτῳ
1702 4118 1796 4163 τοῦ

224 4190 323 4264 βίον
346 4203 732 4274 καταστροφήν.

279 4374 342 4427 Ζ’.
375 4374 509 4429 Ἐπεὶ
553 4373 613 4430 δι
658 4380 789 4451 πρὸς
817 4378 988 4429 πάντα
1033 4376 1200 4449 ἕωρων
1250 4376 1445 4449 εὐπαγῆ
1497 4382 1587 4430 καὶ
1634 4377 1791 4431 ἀκλό-

222 4480 362 4528 νητον,
404 4469 716 4538 μιμούμενον
764 4486 817 4519 τε
860 4472 953 4524 την
997 4467 1164 4518 οἰκίαν
1210 4466 1438 4538 ἀτέχνως
1482 4475 1573 4519 τοῦ
1624 4473 1792 4541 φρονί-

224 4567 322 4619 μου,
359 4555 386 4611 ἦ
435 4554 525 4606 οὐκ
575 4553 781 4626 ἀνέμοις
817 4556 1104 4619 σαλεύεται,
1155 4556 1214 4608 ού
1257 4564 1509 4626 ποταμοῖς
1554 4561 1791 4629 παρασύ-

224 4656 360 4706 ρεται,
388 4642 443 4694 ού
475 4642 705 4716 βροχαίς
746 4645 1143 4710 κατακλύζεται,
1187 4650 1455 4697 καὶτοῦτο
1506 4641 1570 4703 δὴ
1604 4649 1659 4697 τὸ
1700 4653 1789 4697 τού

224 4724 351 4796 λόγου
397 4729 571 4783 λέοντα
627 4732 785 4806 ξυρᾲν
833 4732 1042 4803 ὶῳκουν,
1099 4737 1127 4791 ἦ
1182 4738 1308 4807 πρὸς
1337 4733 1555 4785 κολωνὸν
1597 4738 1787 4809 κηρύτο

227 4818 378 4868 τεσθαι
469 4822 518 4871 οἱ
570 4817 629 4872 δε
682 4825 772 4872 καὶ
822 4829 1003 4894 πεῖραν
1058 4820 1338 4893 ἐπήγαγον,
1397 4827 1487 4873 καί
1561 4824 1789 4896 θράττειν

227 4901 373 4970 ᾤοντο,
420 4913 502 4960 καὶ
551 4907 1003 4981 μορμολύττεσθαι
1050 4913 1136 4962 τόν
1178 4910 1458 4975 ἀπτόητον,
1510 4910 1641 4982 ξύλῳ
1690 4917 1789 4964 τοί-

228 5010 297 5041 νυν
360 4995 710 5068 αἰωρηθέντος,
798 5006 959 5069 κοντῷ
1031 5004 1125 5057 τὴν
1201 5004 1435 5074 γαστέρα
1494 4996 1789 5074 διακρούειν

229 5075 432 5137 trimo».
482 5091 578 5139 Καὶ
615 5089 665 5138 οἱ
725 5089 813 5157 μὲν
872 5090 1022 5159 ἔργου
1096 5090 1337 5147 ἣπτοντοο
1393 5090 1418 5140 ὁ
1470 5085 1548 5157 δὲ,
1614 5091 1787 5163 ὥσπερ

232 5162 626 5247 ἔθευῖιραινόμενος
690 5182 801 5235 ταῖς
848 5175 1093 5247 πληγαῖς,
1153 5176 1289 5249 ἀφεὶς
1344 5181 1466 5240 τοὺς
1520 5182 1785 5245 παίοντας,

232 5262 333 5325 πρὸς
368 5265 481 5314 Θεὸν
531 5264 721 5335 μᾶλλον
763 5263 916 5317 ἐκίνει
966 5270 1086 5328 τούς
1133 5266 1335 5338 λόγους,
1377 5273 1463 5319 καὶ
1516 5264 1676 5330 δῆλος
1727 5265 1786 5327 ἦν

234 5342 452 5419 δμολονιῶν
505 5352 643 5424 αὐτῷ
689 5355 914 5429 χάριτας
976 5363 1067 5417 τῆς
1134 5356 1412 5419 κολάσεως.
1471 5356 1787 5430 Εύχαριστῶ

1911 2948 2265 3013 sentiebant,
2299 2963 2459 3003 nunc
2491 2946 2599 3003 viri
2624 2948 2811 3004 sancti
2829 2964 3165 3005 sermonem
3183 2949 3437 3005 liberum
3462 2950 3569 3006 ad-

1914 3038 2217 3101 mirantes,
2241 3052 2402 3093 nunc
2427 3036 2603 3092 minis
2660 3036 2941 3093 eumdem
2983 3037 3364 3110 insequentes
3395 3055 3409 3105 ;
3452 3038 3572 3094 imo

1913 3143 2102 3200 usque
2134 3126 2211 3183 ad
2239 3126 2560 3183 blanditias
2586 3125 3047 3192 descenderunt,
3078 3127 3160 3183 ita
3188 3132 3268 3191 ut,
3329 3127 3379 3183 si
3430 3143 3570 3184 cum

1910 3215 2134 3272 Davide
2152 3215 2321 3288 loqui
2352 3215 2507 3284 licet,
2541 3231 2750 3272 eorum
2780 3216 2964 3272 verba
2993 3232 3131 3272 cum
3154 3216 3389 3288 jaculis,
3439 3222 3564 3272 tum

1908 3309 2043 3361 oleo
2057 3305 2468 3377 comparanda
2484 3305 2841 3361 viderentur.
2858 3305 2975 3360 Viri
3007 3306 3165 3361 enim
3184 3306 3567 3377 juventutem

1910 3397 1964 3448 et
1980 3392 2466 3464 pulchritudinem
2481 3393 2979 3449 commiseratione
2993 3394 3202 3464 dignas
3215 3394 3560 3450 censebant:

1907 3497 2091 3555 quare
2122 3482 2426 3538 meliorem
2456 3483 2507 3538 ei
2532 3482 2659 3538 vita;
2682 3482 3104 3549 conditionem,
3148 3498 3287 3538 cum
3326 3482 3568 3539 honori-

1909 3571 2018 3626 bus
2047 3587 2116 3627 ac
2141 3570 2358 3627 divitiis
2388 3586 2773 3644 proposuere.
2805 3572 2953 3627 Cum
2979 3577 3180 3628 autem
3212 3571 3407 3628 virum
3434 3587 3568 3628 san-

1908 3665 2065 3716 ctum
2097 3676 2208 3716 nec
2259 3659 2437 3715 minis
2485 3674 2593 3715 nec
2649 3659 2942 3716 blanditiis
2988 3659 3214 3716 moveri
3271 3659 3563 3726 viderent,

1908 3749 2204 3806 cruciatus
2225 3750 2620 3805 instrumenta
2649 3764 2784 3805 cum
2817 3748 3023 3805 mortis
3070 3749 3556 3806 terriculamento

1908 3842 2331 3895 monstrarunt.

1973 4374 2085 4430 VII.
2120 4373 2209 4429 Ad
2242 4373 2364 4429 haec
2384 4372 2589 4429 omnia
2618 4371 2902 4442 Georgius
2931 4375 3218 4428 constans
3249 4375 3429 4443 atque
3449 4370 3559 4427 im-

1906 4468 2103 4520 motus
2132 4462 2238 4517 viri
2266 4460 2572 4534 prudentis
2602 4459 2850 4515 domum
2879 4458 3140 4515 imitatur
3169 4474 3309 4531 quae
3360 4459 3555 4515 ventis

1902 4568 2020 4608 non
2036 4551 2445 4615 labefactatur,
2468 4548 2810 4605 ﬂuminibus
2827 4564 2948 4605 non
2966 4548 3255 4613 obruitur,
3278 4546 3556 4603 imbribus

1900 4658 2019 4698 non
2045 4640 2423 4710 demergitur,
2452 4643 2508 4695 et
2538 4638 2963 4710 imperatorum
2992 4653 3177 4694 voces
3210 4637 3286 4694 ad
3317 4637 3554 4692 leonem

1900 4731 2258 4787 indomitum
2289 4733 2390 4785 aut
2424 4732 2679 4783 montem
2712 4728 2961 4782 surdum
2986 4727 3141 4782 datae
3172 4725 3550 4782 videbantur.

1902 4820 2082 4891 Igitur
2111 4834 2291 4891 quem
2323 4817 2523 4885 minis,
2550 4816 2876 4879 tormentis,
2910 4815 3075 4870 omni
3092 4814 3429 4871 formidinis
3458 4829 3530 4884 ge

1900 4926 2039 4967 nere
2062 4908 2334 4977 subigere
2350 4921 2470 4961 non
2493 4903 2789 4971 valebant,
2806 4905 2934 4975 ejus
2953 4909 3259 4976 postremo
3286 4903 3553 4959 cruciﬁxi

1899 5015 2119 5070 corpus
2147 4995 2455 5052 hastilibus
2502 4993 2725 5065 perfodi
2746 4994 3071 5063 jusserunt.
3132 4996 3195 5048 Et
3239 4990 3548 5049 carniﬁces

1900 5089 2145 5163 quidem
2175 5086 2319 5141 dum
2344 5085 2518 5157 jussa
2546 5087 2971 5155 exsequuntur,
2991 5087 3217 5154 martyr
3242 5081 3377 5137 laeto
3401 5080 3551 5136 inter

1900 5177 2195 5235 cruciatus
2220 5175 2444 5239 animo,
2468 5170 2824 5243 contemptis
2838 5170 3183 5234 tortoribus,
3205 5173 3390 5225 Deum
3408 5168 3550 5226 allo-

1897 5281 2088 5339 quens
2111 5263 2327 5334 gratias
2350 5277 2457 5334 pro
2480 5259 2772 5333 supplicio
2795 5258 3023 5315 retulit:
3050 5260 3256 5315 Grates
3276 5256 3380 5312 tibi
3408 5272 3543 5328 ago,

1900 5355 2149 5413 Domine
2178 5369 2244 5409 ac
2273 5353 2447 5417 Deus,
2479 5350 2704 5411 dicens,
2746 5348 2904 5422 quod
2932 5346 3237 5405 beneﬁciis
3292 5362 3387 5403 me
3426 5347 3544 5404 tuis

294 5575 357 5648 (5)
382 5580 737 5658 Ecgraphum
765 5590 1043 5645 nostrum
1072 5592 1575 5663 κατακρυπτόμενον,
1606 5587 1766 5661 quod

1915 5603 2043 5645 sum
2075 5586 2299 5643 nullum
2329 5583 2617 5642 faciebat.
2658 5603 2667 5613 ο
