  <div class='ocr_page' id='page_1' title='image "/cluster/home/n/w/nwhite01/storage/ocr_20150623/115/hvd.32044073502262/080.png"; bbox 0 0 4062 6222; ppageno 0'>
   <div class='ocr_carea' id='block_1_1' title="bbox 215 313 311 366">
    <p class='ocr_par' dir='ltr' id='par_1_1' title="bbox 215 313 311 366">
     <span class='ocr_line' id='line_1_1' title="bbox 215 313 311 366; baseline 0.021 -2"><span class='ocrx_word' id='word_1_1' title='bbox 215 313 311 366; x_wconf 72' lang='lat' dir='ltr'>HQ</span> 
     </span>
    </p>
   </div>
   <div class='ocr_carea' id='block_1_2' title="bbox 1595 304 2198 364">
    <p class='ocr_par' dir='ltr' id='par_1_2' title="bbox 1595 304 2198 364">
     <span class='ocr_line' id='line_1_2' title="bbox 1595 304 2198 364; baseline -0.003 -1"><span class='ocrx_word' id='word_1_2' title='bbox 1595 307 1751 364; x_wconf 80' lang='lat' dir='ltr'><strong>VITA</strong></span> <span class='ocrx_word' id='word_1_3' title='bbox 1795 304 1853 359; x_wconf 91' lang='lat' dir='ltr'>S.</span> <span class='ocrx_word' id='word_1_4' title='bbox 1894 305 2198 362; x_wconf 80' lang='lat' dir='ltr'>GEORGII.</span> 
     </span>
    </p>
   </div>
   <div class='ocr_carea' id='block_1_3' title="bbox 3480 323 3581 378">
    <p class='ocr_par' dir='ltr' id='par_1_3' title="bbox 3480 323 3581 378">
     <span class='ocr_line' id='line_1_3' title="bbox 3480 323 3581 378; baseline -0.02 0"><span class='ocrx_word' id='word_1_5' title='bbox 3480 323 3581 378; x_wconf 68' lang='grc'>150</span> 
     </span>
    </p>
   </div>
   <div class='ocr_carea' id='block_1_4' title="bbox 204 431 1809 515">
    <p class='ocr_par' dir='ltr' id='par_1_4' title="bbox 204 431 1807 508">
     <span class='ocr_line' id='line_1_4' title="bbox 204 431 1807 508; baseline -0.002 -21"><span class='ocrx_word' id='word_1_6' title='bbox 204 440 331 508; x_wconf 83' lang='grc' dir='ltr'>πρὸς</span> <span class='ocrx_word' id='word_1_7' title='bbox 360 440 528 507; x_wconf 78' lang='grc' dir='ltr'>ὄνομα</span> <span class='ocrx_word' id='word_1_8' title='bbox 555 436 787 489; x_wconf 75' lang='grc' dir='ltr'>καλοῦσα</span> <span class='ocrx_word' id='word_1_9' title='bbox 843 438 930 489; x_wconf 84' lang='grc' dir='ltr'>τὸν</span> <span class='ocrx_word' id='word_1_10' title='bbox 980 435 1209 495; x_wconf 78' lang='grc' dir='ltr'>ἀθλητήν</span> <span class='ocrx_word' id='word_1_11' title='bbox 1240 456 1252 469; x_wconf 77' lang='grc' dir='ltr'>ο</span> <span class='ocrx_word' id='word_1_12' title='bbox 1296 438 1470 489; x_wconf 75' lang='grc' dir='ltr'>ἔπειτα</span> <span class='ocrx_word' id='word_1_13' title='bbox 1511 438 1602 486; x_wconf 84' lang='grc' dir='ltr'>καὶ</span> <span class='ocrx_word' id='word_1_14' title='bbox 1654 431 1807 503; x_wconf 81' lang='grc' dir='ltr'>ἀγγε-</span> 
     </span>
    </p>
   </div>
   <div class='ocr_carea' id='block_1_5' title="bbox 1910 431 3577 515">
    <p class='ocr_par' dir='ltr' id='par_1_5' title="bbox 1917 431 3577 515">
     <span class='ocr_line' id='line_1_5' title="bbox 1917 431 3577 515; baseline 0.013 -30"><span class='ocrx_word' id='word_1_15' title='bbox 1917 431 2123 489; x_wconf 90' lang='lat' dir='ltr'>animo</span> <span class='ocrx_word' id='word_1_16' title='bbox 2145 435 2426 507; x_wconf 76' lang='lat' dir='ltr'>appellat.</span> <span class='ocrx_word' id='word_1_17' title='bbox 2480 442 2546 497; x_wconf 88' lang='lat' dir='ltr'>Et</span> <span class='ocrx_word' id='word_1_18' title='bbox 2580 458 2694 498; x_wconf 91' lang='lat' dir='ltr'>noc</span> <span class='ocrx_word' id='word_1_19' title='bbox 2734 443 2966 515; x_wconf 85' lang='lat' dir='ltr'>quidem</span> <span class='ocrx_word' id='word_1_20' title='bbox 2997 443 3129 501; x_wconf 90' lang='lat' dir='ltr'>loco</span> <span class='ocrx_word' id='word_1_21' title='bbox 3178 446 3298 502; x_wconf 89' lang='lat' dir='ltr'>divi</span> <span class='ocrx_word' id='word_1_22' title='bbox 3331 448 3577 505; x_wconf 88' lang='lat' dir='ltr'>Davidis</span> 
     </span>
    </p>
   </div>
   <div class='ocr_carea' id='block_1_6' title="bbox 202 521 1807 599">
    <p class='ocr_par' dir='ltr' id='par_1_6' title="bbox 202 521 1807 599">
     <span class='ocr_line' id='line_1_6' title="bbox 202 521 1807 599; baseline -0.004 -22"><span class='ocrx_word' id='word_1_23' title='bbox 202 526 287 585; x_wconf 79' lang='grc' dir='ltr'>λος</span> <span class='ocrx_word' id='word_1_24' title='bbox 340 533 478 578; x_wconf 86' lang='grc' dir='ltr'>Θεοῦ</span> <span class='ocrx_word' id='word_1_25' title='bbox 533 528 827 599; x_wconf 82' lang='grc' dir='ltr'>παραστὰς,</span> <span class='ocrx_word' id='word_1_26' title='bbox 881 524 991 577; x_wconf 88' lang='grc' dir='ltr'>λύει</span> <span class='ocrx_word' id='word_1_27' title='bbox 1069 529 1158 598; x_wconf 71' lang='grc' dir='ltr'>μεν</span> <span class='ocrx_word' id='word_1_28' title='bbox 1206 533 1302 577; x_wconf 82' lang='grc' dir='ltr'>τῶν</span> <span class='ocrx_word' id='word_1_29' title='bbox 1347 522 1554 595; x_wconf 81' lang='grc' dir='ltr'>δεσμῶν</span> <span class='ocrx_word' id='word_1_30' title='bbox 1608 521 1807 574; x_wconf 74' lang='grc' dir='ltr'>ἐκείνων</span> 
     </span>
    </p>
   </div>
   <div class='ocr_carea' id='block_1_7' title="bbox 200 606 1808 688">
    <p class='ocr_par' dir='ltr' id='par_1_7' title="bbox 200 606 1808 688">
     <span class='ocr_line' id='line_1_7' title="bbox 200 606 1808 688; baseline -0.001 -23"><span class='ocrx_word' id='word_1_31' title='bbox 200 615 340 686; x_wconf 79' lang='grc' dir='ltr'>μάλα</span> <span class='ocrx_word' id='word_1_32' title='bbox 367 613 587 688; x_wconf 77' lang='grc' dir='ltr'>ῥαδίως,</span> <span class='ocrx_word' id='word_1_33' title='bbox 632 616 897 686; x_wconf 73' lang='grc' dir='ltr'>θεραπεύει</span> <span class='ocrx_word' id='word_1_34' title='bbox 944 611 1003 667; x_wconf 75' lang='grc' dir='ltr'>δε</span> <span class='ocrx_word' id='word_1_35' title='bbox 1057 617 1151 676; x_wconf 78' lang='grc' dir='ltr'>τὰς</span> <span class='ocrx_word' id='word_1_36' title='bbox 1206 614 1408 684; x_wconf 79' lang='grc' dir='ltr'>πληγὰς</span> <span class='ocrx_word' id='word_1_37' title='bbox 1466 614 1639 683; x_wconf 82' lang='grc' dir='ltr'>ὥσπερ</span> <span class='ocrx_word' id='word_1_38' title='bbox 1686 606 1808 663; x_wconf 69' lang='grc' dir='ltr'>ούδὶ</span> 
     </span>
    </p>
   </div>
   <div class='ocr_carea' id='block_1_8' title="bbox 1917 519 3580 603">
    <p class='ocr_par' dir='ltr' id='par_1_8' title="bbox 1917 519 3580 603">
     <span class='ocr_line' id='line_1_8' title="bbox 1917 519 3580 603; baseline 0.012 -29"><span class='ocrx_word' id='word_1_39' title='bbox 1917 519 2143 578; x_wconf 91' lang='lat' dir='ltr'>dictum</span> <span class='ocrx_word' id='word_1_40' title='bbox 2173 524 2453 598; x_wconf 90' lang='lat' dir='ltr'>impletur</span> <span class='ocrx_word' id='word_1_41' title='bbox 2486 546 2497 584; x_wconf 89' lang='lat'><strong>:</strong></span> <span class='ocrx_word' id='word_1_42' title='bbox 2535 553 2563 580; x_wconf 87' lang='lat'><strong>«</strong></span> <span class='ocrx_word' id='word_1_43' title='bbox 2612 531 2894 588; x_wconf 88' lang='lat' dir='ltr'>Immittet</span> <span class='ocrx_word' id='word_1_44' title='bbox 2924 532 3173 603; x_wconf 80' lang='lat' dir='ltr'>angelus</span> <span class='ocrx_word' id='word_1_45' title='bbox 3229 538 3459 593; x_wconf 86' lang='lat' dir='ltr'>Domini</span> <span class='ocrx_word' id='word_1_46' title='bbox 3517 538 3580 595; x_wconf 93' lang='lat' dir='ltr'>in</span> 
     </span>
    </p>
   </div>
   <div class='ocr_carea' id='block_1_9' title="bbox 1918 609 3257 693">
    <p class='ocr_par' dir='ltr' id='par_1_9' title="bbox 1918 609 3257 693">
     <span class='ocr_line' id='line_1_9' title="bbox 1918 609 3257 693; baseline 0.009 -29"><span class='ocrx_word' id='word_1_47' title='bbox 1918 609 2169 668; x_wconf 84' lang='lat' dir='ltr'>circuitu</span> <span class='ocrx_word' id='word_1_48' title='bbox 2199 614 2534 674; x_wconf 85' lang='lat' dir='ltr'>timentium</span> <span class='ocrx_word' id='word_1_49' title='bbox 2559 635 2719 689; x_wconf 90' lang='lat' dir='ltr'>eum,</span> <span class='ocrx_word' id='word_1_50' title='bbox 2753 626 2809 677; x_wconf 95' lang='lat' dir='ltr'>et</span> <span class='ocrx_word' id='word_1_51' title='bbox 2838 621 3047 693; x_wconf 79' lang='lat' dir='ltr'>eripiet</span> <span class='ocrx_word' id='word_1_52' title='bbox 3067 638 3190 678; x_wconf 91' lang='lat' dir='ltr'>eos.</span> <span class='ocrx_word' id='word_1_53' title='bbox 3228 643 3257 671; x_wconf 84' lang='lat'><strong>»</strong></span> 
     </span>
    </p>
   </div>
   <div class='ocr_carea' id='block_1_10' title="bbox 200 696 3580 783">
    <p class='ocr_par' dir='ltr' id='par_1_10' title="bbox 200 696 3580 783">
     <span class='ocr_line' id='line_1_10' title="bbox 200 696 3580 783; baseline 0.003 -27"><span class='ocrx_word' id='word_1_54' title='bbox 200 708 480 775; x_wconf 77' lang='grc' dir='ltr'>γενομένας</span> <span class='ocrx_word' id='word_1_55' title='bbox 538 708 801 777; x_wconf 87' lang='grc' dir='ltr'>πρότερον,</span> <span class='ocrx_word' id='word_1_56' title='bbox 876 703 933 754; x_wconf 85' lang='grc' dir='ltr'>ού</span> <span class='ocrx_word' id='word_1_57' title='bbox 995 708 1098 774; x_wconf 73' lang='grc' dir='ltr'>μὴν</span> <span class='ocrx_word' id='word_1_58' title='bbox 1146 702 1279 755; x_wconf 79' lang='grc' dir='ltr'>ἀλλὰ</span> <span class='ocrx_word' id='word_1_59' title='bbox 1332 708 1421 753; x_wconf 87' lang='grc' dir='ltr'>καὶ</span> <span class='ocrx_word' id='word_1_60' title='bbox 1480 704 1549 762; x_wconf 81' lang='grc' dir='ltr'>ὡς</span> <span class='ocrx_word' id='word_1_61' title='bbox 1599 700 1738 771; x_wconf 78' lang='grc' dir='ltr'>φίλον</span> <span class='ocrx_word' id='word_1_62' title='bbox 1792 696 1900 758; x_wconf 75' lang='grc' dir='ltr'>ἤδη</span> <span class='ocrx_word' id='word_1_63' title='bbox 1966 705 2055 751; x_wconf 86' lang='grc' dir='ltr'>καὶ</span> <span class='ocrx_word' id='word_1_64' title='bbox 2102 705 2422 773; x_wconf 81' lang='grc' dir='ltr'>συμπολίτην</span> <span class='ocrx_word' id='word_1_65' title='bbox 2477 712 2853 783; x_wconf 72' lang='grc' dir='ltr'>προσαγορεύει</span> <span class='ocrx_word' id='word_1_66' title='bbox 2913 714 2977 763; x_wconf 81' lang='grc' dir='ltr'>τὰ</span> <span class='ocrx_word' id='word_1_67' title='bbox 3043 711 3382 782; x_wconf 79' lang='grc' dir='ltr'>φιλικώτατα.</span> <span class='ocrx_word' id='word_1_68' title='bbox 3440 715 3580 773; x_wconf 86' lang='grc' dir='ltr'>Πλη-</span> 
     </span>
    </p>
   </div>
   <div class='ocr_carea' id='block_1_11' title="bbox 202 785 3582 874">
    <p class='ocr_par' dir='ltr' id='par_1_11' title="bbox 202 785 3582 874">
     <span class='ocr_line' id='line_1_11' title="bbox 202 785 3582 874; baseline 0 -30"><span class='ocrx_word' id='word_1_69' title='bbox 202 800 385 865; x_wconf 83' lang='grc' dir='ltr'>ροῦται</span> <span class='ocrx_word' id='word_1_70' title='bbox 443 795 545 865; x_wconf 72' lang='grc' dir='ltr'>γὰρ</span> <span class='ocrx_word' id='word_1_71' title='bbox 589 791 854 846; x_wconf 75' lang='grc' dir='ltr'>κάνταῦθα</span> <span class='ocrx_word' id='word_1_72' title='bbox 908 796 966 844; x_wconf 89' lang='grc' dir='ltr'>τό</span> <span class='ocrx_word' id='word_1_73' title='bbox 1024 794 1123 845; x_wconf 80' lang='grc' dir='ltr'>ὑπὸ</span> <span class='ocrx_word' id='word_1_74' title='bbox 1184 800 1277 844; x_wconf 90' lang='grc' dir='ltr'>τοῦ</span> <span class='ocrx_word' id='word_1_75' title='bbox 1331 792 1467 843; x_wconf 85' lang='grc' dir='ltr'>θείου</span> <span class='ocrx_word' id='word_1_76' title='bbox 1535 785 1703 842; x_wconf 79' lang='grc' dir='ltr'>Δαυεδ</span> <span class='ocrx_word' id='word_1_77' title='bbox 1762 795 2223 862; x_wconf 81' lang='grc' dir='ltr'>προηγορευμένον,</span> <span class='ocrx_word' id='word_1_78' title='bbox 2295 796 2375 847; x_wconf 83' lang='grc' dir='ltr'>ὅτι</span> <span class='ocrx_word' id='word_1_79' title='bbox 2446 816 2473 847; x_wconf 80' lang='grc' dir='ltr'>(ι</span> <span class='ocrx_word' id='word_1_80' title='bbox 2542 798 2869 872; x_wconf 78' lang='grc' dir='ltr'>Παρεμϐαλεῖ</span> <span class='ocrx_word' id='word_1_81' title='bbox 2934 800 3147 871; x_wconf 78' lang='grc' dir='ltr'>ἄγγελος</span> <span class='ocrx_word' id='word_1_82' title='bbox 3220 806 3413 874; x_wconf 75' lang='grc' dir='ltr'>Κυρίου</span> <span class='ocrx_word' id='word_1_83' title='bbox 3494 808 3582 855; x_wconf 75' lang='grc' dir='ltr'>κύ-</span> 
     </span>
    </p>
   </div>
   <div class='ocr_carea' id='block_1_12' title="bbox 200 879 1579 956">
    <p class='ocr_par' dir='ltr' id='par_1_12' title="bbox 200 879 1579 956">
     <span class='ocr_line' id='line_1_12' title="bbox 200 879 1579 956; baseline 0 -24"><span class='ocrx_word' id='word_1_84' title='bbox 200 882 303 953; x_wconf 80' lang='grc' dir='ltr'>κλῳ</span> <span class='ocrx_word' id='word_1_85' title='bbox 324 890 428 933; x_wconf 81' lang='grc' dir='ltr'>τῶν</span> <span class='ocrx_word' id='word_1_86' title='bbox 459 880 783 953; x_wconf 68' lang='grc' dir='ltr'>φοϐουμένων</span> <span class='ocrx_word' id='word_1_87' title='bbox 814 881 989 949; x_wconf 76' lang='grc' dir='ltr'>αὐτὸν,</span> <span class='ocrx_word' id='word_1_88' title='bbox 1016 886 1105 934; x_wconf 81' lang='grc' dir='ltr'>καὶ</span> <span class='ocrx_word' id='word_1_89' title='bbox 1129 881 1346 956; x_wconf 84' lang='grc' dir='ltr'>ῥύσεται</span> <span class='ocrx_word' id='word_1_90' title='bbox 1371 879 1579 940; x_wconf 82' lang='grc' dir='ltr'>αύτούς.</span> 
     </span>
    </p>
   </div>
   <div class='ocr_carea' id='block_1_13' title="bbox 272 965 1809 1046">
    <p class='ocr_par' dir='ltr' id='par_1_13' title="bbox 272 967 1808 1042">
     <span class='ocr_line' id='line_1_13' title="bbox 272 967 1808 1042; baseline -0.005 -18"><span class='ocrx_word' id='word_1_91' title='bbox 272 970 376 1025; x_wconf 77' lang='grc' dir='ltr'>ΙΑ’.</span> <span class='ocrx_word' id='word_1_92' title='bbox 416 967 543 1025; x_wconf 79' lang='grc' dir='ltr'>Εἶτα</span> <span class='ocrx_word' id='word_1_93' title='bbox 600 975 685 1023; x_wconf 87' lang='grc' dir='ltr'>τὸν</span> <span class='ocrx_word' id='word_1_94' title='bbox 727 968 905 1042; x_wconf 78' lang='grc' dir='ltr'>’Δγιον</span> <span class='ocrx_word' id='word_1_95' title='bbox 954 969 1233 1029; x_wconf 82' lang='grc' dir='ltr'>ἒνησθῆναί</span> <span class='ocrx_word' id='word_1_96' title='bbox 1284 988 1337 1021; x_wconf 87' lang='grc' dir='ltr'>τε</span> <span class='ocrx_word' id='word_1_97' title='bbox 1366 976 1471 1030; x_wconf 90' lang='grc' dir='ltr'>τοῖς</span> <span class='ocrx_word' id='word_1_98' title='bbox 1522 969 1808 1039; x_wconf 71' lang='grc' dir='ltr'>γινομένοις</span> 
     </span>
    </p>
   </div>
   <div class='ocr_carea' id='block_1_14' title="bbox 1910 965 3579 1046">
    <p class='ocr_par' dir='ltr' id='par_1_14' title="bbox 1990 968 3579 1046">
     <span class='ocr_line' id='line_1_14' title="bbox 1990 968 3579 1046; baseline 0.009 -23"><span class='ocrx_word' id='word_1_99' title='bbox 1990 968 2076 1023; x_wconf 87' lang='lat' dir='ltr'>XI.</span> <span class='ocrx_word' id='word_1_100' title='bbox 2113 968 2403 1041; x_wconf 82' lang='lat' dir='ltr'>Georgius</span> <span class='ocrx_word' id='word_1_101' title='bbox 2434 975 2703 1046; x_wconf 64' lang='lat' dir='ltr'>posthaec</span> <span class='ocrx_word' id='word_1_102' title='bbox 2733 977 2975 1046; x_wconf 87' lang='lat' dir='ltr'>gaviuss</span> <span class='ocrx_word' id='word_1_103' title='bbox 3006 977 3081 1033; x_wconf 92' lang='lat' dir='ltr'>de</span> <span class='ocrx_word' id='word_1_104' title='bbox 3118 977 3212 1034; x_wconf 88' lang='lat' dir='ltr'>his</span> <span class='ocrx_word' id='word_1_105' title='bbox 3293 980 3579 1037; x_wconf 88' lang='lat' dir='ltr'>omnibus</span> 
     </span>
    </p>
   </div>
   <div class='ocr_carea' id='block_1_15' title="bbox 198 1057 1811 1132">
    <p class='ocr_par' dir='ltr' id='par_1_15' title="bbox 198 1057 1811 1132">
     <span class='ocr_line' id='line_1_15' title="bbox 198 1057 1811 1132; baseline -0.004 -20"><span class='ocrx_word' id='word_1_106' title='bbox 198 1066 286 1112; x_wconf 72' lang='grc' dir='ltr'><strong>καὶ</strong></span> <span class='ocrx_word' id='word_1_107' title='bbox 314 1058 546 1123; x_wconf 78' lang='grc' dir='ltr'>δοξάσαι</span> <span class='ocrx_word' id='word_1_108' title='bbox 575 1063 662 1111; x_wconf 85' lang='grc' dir='ltr'>τὸν</span> <span class='ocrx_word' id='word_1_109' title='bbox 686 1063 893 1132; x_wconf 73' lang='grc' dir='ltr'>Κύριον,</span> <span class='ocrx_word' id='word_1_110' title='bbox 945 1059 1166 1130; x_wconf 72' lang='grc' dir='ltr'>’Υψώσω</span> <span class='ocrx_word' id='word_1_111' title='bbox 1211 1078 1285 1127; x_wconf 81' lang='grc' dir='ltr'>σε,</span> <span class='ocrx_word' id='word_1_112' title='bbox 1341 1057 1574 1127; x_wconf 82' lang='grc' dir='ltr'>λέγοντα,</span> <span class='ocrx_word' id='word_1_113' title='bbox 1625 1057 1651 1107; x_wconf 97' lang='lat'>6</span> <span class='ocrx_word' id='word_1_114' title='bbox 1682 1059 1811 1116; x_wconf 88' lang='grc' dir='ltr'>Θεός</span> 
     </span>
    </p>
   </div>
   <div class='ocr_carea' id='block_1_16' title="bbox 199 1147 1807 1222">
    <p class='ocr_par' dir='ltr' id='par_1_16' title="bbox 199 1147 1807 1222">
     <span class='ocr_line' id='line_1_16' title="bbox 199 1147 1807 1222; baseline -0.004 -21"><span class='ocrx_word' id='word_1_115' title='bbox 199 1171 321 1222; x_wconf 78' lang='grc' dir='ltr'>μου,</span> <span class='ocrx_word' id='word_1_116' title='bbox 372 1152 399 1201; x_wconf 90' lang='lat'>6</span> <span class='ocrx_word' id='word_1_117' title='bbox 464 1149 709 1211; x_wconf 88' lang='grc' dir='ltr'>Βασιλεύς</span> <span class='ocrx_word' id='word_1_118' title='bbox 737 1169 860 1221; x_wconf 90' lang='grc' dir='ltr'>μου,</span> <span class='ocrx_word' id='word_1_119' title='bbox 917 1155 1006 1201; x_wconf 86' lang='grc' dir='ltr'>καὶ</span> <span class='ocrx_word' id='word_1_120' title='bbox 1059 1149 1323 1219; x_wconf 73' lang='grc' dir='ltr'>εὐλογήσω</span> <span class='ocrx_word' id='word_1_121' title='bbox 1382 1151 1439 1198; x_wconf 85' lang='grc' dir='ltr'>τό</span> <span class='ocrx_word' id='word_1_122' title='bbox 1494 1147 1653 1216; x_wconf 82' lang='grc' dir='ltr'>ὄνομά</span> <span class='ocrx_word' id='word_1_123' title='bbox 1714 1164 1807 1196; x_wconf 91' lang='grc' dir='ltr'>σου</span> 
     </span>
    </p>
   </div>
   <div class='ocr_carea' id='block_1_17' title="bbox 200 1232 1808 1309">
    <p class='ocr_par' dir='ltr' id='par_1_17' title="bbox 200 1232 1808 1309">
     <span class='ocr_line' id='line_1_17' title="bbox 200 1232 1808 1309; baseline -0.005 -17"><span class='ocrx_word' id='word_1_124' title='bbox 200 1240 269 1300; x_wconf 82' lang='grc' dir='ltr'>εἰς</span> <span class='ocrx_word' id='word_1_125' title='bbox 294 1243 382 1291; x_wconf 83' lang='grc' dir='ltr'>τὸν</span> <span class='ocrx_word' id='word_1_126' title='bbox 407 1240 607 1291; x_wconf 77' lang='grc' dir='ltr'>αἰῶνα·</span> <span class='ocrx_word' id='word_1_127' title='bbox 642 1238 829 1291; x_wconf 80' lang='grc' dir='ltr'>αἰνέσω</span> <span class='ocrx_word' id='word_1_128' title='bbox 870 1242 956 1291; x_wconf 88' lang='grc' dir='ltr'>τόν</span> <span class='ocrx_word' id='word_1_129' title='bbox 997 1242 1124 1291; x_wconf 86' lang='grc' dir='ltr'>Θεόν</span> <span class='ocrx_word' id='word_1_130' title='bbox 1190 1257 1289 1309; x_wconf 90' lang='grc' dir='ltr'>μου</span> <span class='ocrx_word' id='word_1_131' title='bbox 1341 1232 1435 1289; x_wconf 82' lang='grc' dir='ltr'>διὰ</span> <span class='ocrx_word' id='word_1_132' title='bbox 1477 1238 1687 1297; x_wconf 81' lang='grc' dir='ltr'>παντὸς,</span> <span class='ocrx_word' id='word_1_133' title='bbox 1722 1238 1808 1285; x_wconf 86' lang='grc' dir='ltr'>τὸν</span> 
     </span>
    </p>
   </div>
   <div class='ocr_carea' id='block_1_18' title="bbox 196 1320 1811 1402">
    <p class='ocr_par' dir='ltr' id='par_1_18' title="bbox 196 1320 1811 1402">
     <span class='ocr_line' id='line_1_18' title="bbox 196 1320 1811 1402; baseline -0.006 -19"><span class='ocrx_word' id='word_1_134' title='bbox 196 1333 328 1383; x_wconf 75' lang='grc' dir='ltr'>Θεὸν</span> <span class='ocrx_word' id='word_1_135' title='bbox 367 1332 460 1381; x_wconf 82' lang='grc' dir='ltr'>τὸν</span> <span class='ocrx_word' id='word_1_136' title='bbox 517 1328 855 1402; x_wconf 70' lang='grc' dir='ltr'>εὐφραίνοντα</span> <span class='ocrx_word' id='word_1_137' title='bbox 904 1332 998 1386; x_wconf 78' lang='grc' dir='ltr'>τήν</span> <span class='ocrx_word' id='word_1_138' title='bbox 1049 1328 1263 1385; x_wconf 86' lang='grc' dir='ltr'>νεότητά</span> <span class='ocrx_word' id='word_1_139' title='bbox 1320 1344 1443 1397; x_wconf 90' lang='grc' dir='ltr'>μου.</span> <span class='ocrx_word' id='word_1_140' title='bbox 1493 1320 1616 1377; x_wconf 84' lang='grc' dir='ltr'>Εἶτα</span> <span class='ocrx_word' id='word_1_141' title='bbox 1667 1342 1811 1395; x_wconf 73' lang='grc' dir='ltr'>φανε-</span> 
     </span>
    </p>
   </div>
   <div class='ocr_carea' id='block_1_19' title="bbox 196 1410 1805 1491">
    <p class='ocr_par' dir='ltr' id='par_1_19' title="bbox 196 1410 1805 1491">
     <span class='ocr_line' id='line_1_19' title="bbox 196 1410 1805 1491; baseline -0.004 -22"><span class='ocrx_word' id='word_1_142' title='bbox 196 1424 285 1491; x_wconf 81' lang='grc' dir='ltr'>ρὸν</span> <span class='ocrx_word' id='word_1_143' title='bbox 305 1419 492 1471; x_wconf 70' lang='grc' dir='ltr'>ἑαυτὸν</span> <span class='ocrx_word' id='word_1_144' title='bbox 516 1425 590 1487; x_wconf 83' lang='grc' dir='ltr'>τῷ</span> <span class='ocrx_word' id='word_1_145' title='bbox 638 1415 848 1489; x_wconf 83' lang='grc' dir='ltr'>βασιλεῖ</span> <span class='ocrx_word' id='word_1_146' title='bbox 892 1422 982 1469; x_wconf 79' lang='grc' dir='ltr'>καὶ</span> <span class='ocrx_word' id='word_1_147' title='bbox 1009 1423 1118 1476; x_wconf 88' lang='grc' dir='ltr'>τοῖς</span> <span class='ocrx_word' id='word_1_148' title='bbox 1146 1416 1317 1477; x_wconf 80' lang='grc' dir='ltr'>ἄλλοις</span> <span class='ocrx_word' id='word_1_149' title='bbox 1349 1422 1508 1466; x_wconf 93' lang='grc' dir='ltr'>ποιῶν</span> <span class='ocrx_word' id='word_1_150' title='bbox 1536 1414 1561 1465; x_wconf 90' lang='lat'>6</span> <span class='ocrx_word' id='word_1_151' title='bbox 1603 1410 1805 1483; x_wconf 83' lang='grc' dir='ltr'>Ἀγιος,</span> 
     </span>
    </p>
   </div>
   <div class='ocr_carea' id='block_1_20' title="bbox 195 1500 1809 1577">
    <p class='ocr_par' dir='ltr' id='par_1_20' title="bbox 195 1500 1809 1577">
     <span class='ocr_line' id='line_1_20' title="bbox 195 1500 1809 1577; baseline -0.004 -18"><span class='ocrx_word' id='word_1_152' title='bbox 195 1512 351 1577; x_wconf 60' lang='lat' dir='ltr'>piso;</span> <span class='ocrx_word' id='word_1_153' title='bbox 410 1507 585 1559; x_wconf 74' lang='grc' dir='ltr'>αὐτῶν</span> <span class='ocrx_word' id='word_1_154' title='bbox 654 1510 874 1577; x_wconf 88' lang='grc' dir='ltr'>γίνεται,</span> <span class='ocrx_word' id='word_1_155' title='bbox 958 1508 1141 1566; x_wconf 84' lang='grc' dir='ltr'>θυσίας</span> <span class='ocrx_word' id='word_1_156' title='bbox 1188 1511 1295 1566; x_wconf 90' lang='grc' dir='ltr'>τοῖς</span> <span class='ocrx_word' id='word_1_157' title='bbox 1382 1502 1569 1564; x_wconf 73' lang='grc' dir='ltr'>ἐπίσης</span> <span class='ocrx_word' id='word_1_158' title='bbox 1636 1500 1809 1561; x_wconf 78' lang='grc' dir='ltr'>αὐτοῖς</span> 
     </span>
    </p>
   </div>
   <div class='ocr_carea' id='block_1_21' title="bbox 192 1590 1806 1668">
    <p class='ocr_par' dir='ltr' id='par_1_21' title="bbox 192 1590 1806 1668">
     <span class='ocr_line' id='line_1_21' title="bbox 192 1590 1806 1668; baseline -0.002 -21"><span class='ocrx_word' id='word_1_159' title='bbox 192 1595 543 1657; x_wconf 75' lang='grc' dir='ltr'>ἀναισθήτοις</span> <span class='ocrx_word' id='word_1_160' title='bbox 608 1600 973 1668; x_wconf 72' lang='grc' dir='ltr'>προσαγόντων</span> <span class='ocrx_word' id='word_1_161' title='bbox 1046 1596 1196 1659; x_wconf 84' lang='grc' dir='ltr'>θεοῖς,</span> <span class='ocrx_word' id='word_1_162' title='bbox 1282 1600 1419 1665; x_wconf 77' lang='grc' dir='ltr'>φωνῇ</span> <span class='ocrx_word' id='word_1_163' title='bbox 1489 1610 1541 1643; x_wconf 89' lang='grc' dir='ltr'>τε</span> <span class='ocrx_word' id='word_1_164' title='bbox 1577 1590 1806 1664; x_wconf 87' lang='grc' dir='ltr'>λαμπρο-</span> 
     </span>
    </p>
   </div>
   <div class='ocr_carea' id='block_1_22' title="bbox 193 1679 1807 1759">
    <p class='ocr_par' dir='ltr' id='par_1_22' title="bbox 193 1679 1807 1759">
     <span class='ocr_line' id='line_1_22' title="bbox 193 1679 1807 1759; baseline -0.004 -22"><span class='ocrx_word' id='word_1_165' title='bbox 193 1691 337 1759; x_wconf 76' lang='grc' dir='ltr'>τέρα,</span> <span class='ocrx_word' id='word_1_166' title='bbox 394 1685 697 1755; x_wconf 81' lang='grc' dir='ltr'>Ἐπέγνωθι,</span> <span class='ocrx_word' id='word_1_167' title='bbox 786 1683 1026 1757; x_wconf 83' lang='grc' dir='ltr'>βασιλεῦ,</span> <span class='ocrx_word' id='word_1_168' title='bbox 1117 1687 1231 1756; x_wconf 72' lang='grc' dir='ltr'>ἔφη,</span> <span class='ocrx_word' id='word_1_169' title='bbox 1309 1687 1384 1743; x_wconf 90' lang='grc' dir='ltr'>τίς</span> <span class='ocrx_word' id='word_1_170' title='bbox 1431 1684 1520 1752; x_wconf 74' lang='grc' dir='ltr'>μεν</span> <span class='ocrx_word' id='word_1_171' title='bbox 1587 1679 1702 1750; x_wconf 84' lang='grc' dir='ltr'>έγὼ,</span> <span class='ocrx_word' id='word_1_172' title='bbox 1754 1679 1807 1731; x_wconf 89' lang='grc' dir='ltr'>ὃν</span> 
     </span>
    </p>
   </div>
   <div class='ocr_carea' id='block_1_23' title="bbox 193 1767 1807 1845">
    <p class='ocr_par' dir='ltr' id='par_1_23' title="bbox 193 1767 1807 1845">
     <span class='ocr_line' id='line_1_23' title="bbox 193 1767 1807 1845; baseline -0.005 -19"><span class='ocrx_word' id='word_1_173' title='bbox 193 1777 342 1845; x_wconf 60' lang='lat' dir='ltr'>6511i;</span> <span class='ocrx_word' id='word_1_174' title='bbox 389 1774 469 1834; x_wconf 78' lang='grc' dir='ltr'>εἰς</span> <span class='ocrx_word' id='word_1_175' title='bbox 536 1772 791 1827; x_wconf 78' lang='grc' dir='ltr'>ἀπώλειαν</span> <span class='ocrx_word' id='word_1_176' title='bbox 856 1769 1202 1839; x_wconf 82' lang='grc' dir='ltr'>έκδεδώκατε,</span> <span class='ocrx_word' id='word_1_177' title='bbox 1251 1776 1327 1833; x_wconf 89' lang='grc' dir='ltr'>τίς</span> <span class='ocrx_word' id='word_1_178' title='bbox 1397 1767 1456 1824; x_wconf 80' lang='grc' dir='ltr'>δε</span> <span class='ocrx_word' id='word_1_179' title='bbox 1503 1768 1710 1832; x_wconf 81' lang='grc' dir='ltr'>ἐκεῖνος,</span> <span class='ocrx_word' id='word_1_180' title='bbox 1781 1768 1807 1819; x_wconf 98' lang='lat'>6</span> 
     </span>
    </p>
   </div>
   <div class='ocr_carea' id='block_1_24' title="bbox 198 1856 1807 1936">
    <p class='ocr_par' dir='ltr' id='par_1_24' title="bbox 198 1856 1807 1936">
     <span class='ocr_line' id='line_1_24' title="bbox 198 1856 1807 1936; baseline -0.004 -21"><span class='ocrx_word' id='word_1_181' title='bbox 198 1873 294 1924; x_wconf 68' lang='grc' dir='ltr'>τῆς</span> <span class='ocrx_word' id='word_1_182' title='bbox 326 1868 525 1936; x_wconf 81' lang='grc' dir='ltr'>πικρᾶς</span> <span class='ocrx_word' id='word_1_183' title='bbox 585 1864 725 1933; x_wconf 75' lang='grc' dir='ltr'>ὑμῶν</span> <span class='ocrx_word' id='word_1_184' title='bbox 770 1861 1063 1925; x_wconf 72' lang='grc' dir='ltr'>ἀπαλλάξας</span> <span class='ocrx_word' id='word_1_185' title='bbox 1105 1881 1169 1933; x_wconf 89' lang='grc' dir='ltr'>με</span> <span class='ocrx_word' id='word_1_186' title='bbox 1217 1864 1466 1934; x_wconf 76' lang='grc' dir='ltr'>τιμωρίας</span> <span class='ocrx_word' id='word_1_187' title='bbox 1514 1896 1525 1909; x_wconf 94' lang='grc'><strong><em>.</em></strong></span> <span class='ocrx_word' id='word_1_188' title='bbox 1560 1856 1807 1927; x_wconf 82' lang='grc' dir='ltr'>έπίγνωτε</span> 
     </span>
    </p>
   </div>
   <div class='ocr_carea' id='block_1_25' title="bbox 203 1947 1807 2020">
    <p class='ocr_par' dir='ltr' id='par_1_25' title="bbox 203 1947 1807 2020">
     <span class='ocr_line' id='line_1_25' title="bbox 203 1947 1807 2020; baseline -0.006 -15"><span class='ocrx_word' id='word_1_189' title='bbox 203 1960 397 2020; x_wconf 77' lang='grc' dir='ltr'>τοῦτον,</span> <span class='ocrx_word' id='word_1_190' title='bbox 422 1958 519 2005; x_wconf 78' lang='grc' dir='ltr'>καὶ</span> <span class='ocrx_word' id='word_1_191' title='bbox 550 1956 681 2005; x_wconf 88' lang='grc' dir='ltr'>Θεὸν</span> <span class='ocrx_word' id='word_1_192' title='bbox 740 1951 980 2010; x_wconf 75' lang='grc' dir='ltr'>ἀληθινὸν</span> <span class='ocrx_word' id='word_1_193' title='bbox 1032 1947 1162 2003; x_wconf 83' lang='grc' dir='ltr'>εἶναι</span> <span class='ocrx_word' id='word_1_194' title='bbox 1212 1952 1551 2013; x_wconf 83' lang='grc' dir='ltr'>πιστεύσατε,</span> <span class='ocrx_word' id='word_1_195' title='bbox 1598 1947 1807 1998; x_wconf 83' lang='grc' dir='ltr'>παυσά-</span> 
     </span>
    </p>
   </div>
   <div class='ocr_carea' id='block_1_26' title="bbox 204 2033 1807 2114">
    <p class='ocr_par' dir='ltr' id='par_1_26' title="bbox 204 2033 1807 2114">
     <span class='ocr_line' id='line_1_26' title="bbox 204 2033 1807 2114; baseline -0.006 -21"><span class='ocrx_word' id='word_1_196' title='bbox 204 2061 339 2114; x_wconf 78' lang='grc' dir='ltr'>μενοι</span> <span class='ocrx_word' id='word_1_197' title='bbox 368 2047 654 2114; x_wconf 75' lang='grc' dir='ltr'>προσέχειν</span> <span class='ocrx_word' id='word_1_198' title='bbox 696 2043 850 2108; x_wconf 83' lang='grc' dir='ltr'>θεοῖς,</span> <span class='ocrx_word' id='word_1_199' title='bbox 912 2042 1091 2101; x_wconf 81' lang='grc' dir='ltr'>οἵτινες</span> <span class='ocrx_word' id='word_1_200' title='bbox 1145 2040 1203 2092; x_wconf 78' lang='grc' dir='ltr'>ού</span> <span class='ocrx_word' id='word_1_201' title='bbox 1235 2045 1387 2112; x_wconf 86' lang='grc' dir='ltr'>μόνον</span> <span class='ocrx_word' id='word_1_202' title='bbox 1437 2037 1645 2108; x_wconf 72' lang='grc' dir='ltr'>ἑτέροις,</span> <span class='ocrx_word' id='word_1_203' title='bbox 1679 2033 1807 2085; x_wconf 78' lang='grc' dir='ltr'>ἀλλά</span> 
     </span>
    </p>
   </div>
   <div class='ocr_carea' id='block_1_27' title="bbox 196 2121 1807 2203">
    <p class='ocr_par' dir='ltr' id='par_1_27' title="bbox 196 2121 1807 2203">
     <span class='ocr_line' id='line_1_27' title="bbox 196 2121 1807 2203; baseline -0.005 -22"><span class='ocrx_word' id='word_1_204' title='bbox 196 2136 283 2182; x_wconf 73' lang='grc' dir='ltr'>καὶ</span> <span class='ocrx_word' id='word_1_205' title='bbox 328 2131 534 2192; x_wconf 74' lang='grc' dir='ltr'>ἑαυτοῖς</span> <span class='ocrx_word' id='word_1_206' title='bbox 566 2128 821 2183; x_wconf 75' lang='grc' dir='ltr'>ἀδύνατοι</span> <span class='ocrx_word' id='word_1_207' title='bbox 851 2128 1082 2203; x_wconf 77' lang='grc' dir='ltr'>βοηθεῖν,</span> <span class='ocrx_word' id='word_1_208' title='bbox 1117 2128 1351 2181; x_wconf 78' lang='grc' dir='ltr'>Ἤκουσε</span> <span class='ocrx_word' id='word_1_209' title='bbox 1387 2134 1553 2179; x_wconf 82' lang='grc' dir='ltr'>ταῦτα</span> <span class='ocrx_word' id='word_1_210' title='bbox 1583 2125 1609 2175; x_wconf 90' lang='lat'>6</span> <span class='ocrx_word' id='word_1_211' title='bbox 1642 2121 1807 2195; x_wconf 86' lang='grc' dir='ltr'>βασι-</span> 
     </span>
    </p>
   </div>
   <div class='ocr_carea' id='block_1_28' title="bbox 191 2216 1805 2293">
    <p class='ocr_par' dir='ltr' id='par_1_28' title="bbox 191 2216 1805 2293">
     <span class='ocr_line' id='line_1_28' title="bbox 191 2216 1805 2293; baseline -0.006 -22"><span class='ocrx_word' id='word_1_212' title='bbox 191 2220 328 2282; x_wconf 76' lang='grc' dir='ltr'>λεὺς,</span> <span class='ocrx_word' id='word_1_213' title='bbox 385 2226 482 2272; x_wconf 84' lang='grc' dir='ltr'>καὶ</span> <span class='ocrx_word' id='word_1_214' title='bbox 522 2225 618 2278; x_wconf 72' lang='grc' dir='ltr'>τὴν</span> <span class='ocrx_word' id='word_1_215' title='bbox 666 2219 785 2291; x_wconf 75' lang='grc' dir='ltr'>ὄψιν</span> <span class='ocrx_word' id='word_1_216' title='bbox 830 2218 1139 2293; x_wconf 76' lang='grc' dir='ltr'>προσϐαλὼν</span> <span class='ocrx_word' id='word_1_217' title='bbox 1187 2227 1260 2288; x_wconf 82' lang='grc' dir='ltr'>τῷ</span> <span class='ocrx_word' id='word_1_218' title='bbox 1316 2218 1565 2290; x_wconf 78' lang='grc' dir='ltr'>μάρτυρι,</span> <span class='ocrx_word' id='word_1_219' title='bbox 1614 2216 1696 2273; x_wconf 90' lang='grc' dir='ltr'>τίς</span> <span class='ocrx_word' id='word_1_220' title='bbox 1750 2230 1805 2263; x_wconf 92' lang='grc' dir='ltr'>τε</span> 
     </span>
    </p>
   </div>
   <div class='ocr_carea' id='block_1_29' title="bbox 191 2302 1802 2381">
    <p class='ocr_par' dir='ltr' id='par_1_29' title="bbox 191 2302 1802 2381">
     <span class='ocr_line' id='line_1_29' title="bbox 191 2302 1802 2381; baseline -0.007 -18"><span class='ocrx_word' id='word_1_221' title='bbox 191 2314 267 2367; x_wconf 78' lang='grc' dir='ltr'>εἰη</span> <span class='ocrx_word' id='word_1_222' title='bbox 326 2306 722 2370; x_wconf 63' lang='grc' dir='ltr'>διεπυνθάνετο,</span> <span class='ocrx_word' id='word_1_223' title='bbox 798 2314 888 2361; x_wconf 80' lang='grc' dir='ltr'>καὶ</span> <span class='ocrx_word' id='word_1_224' title='bbox 961 2314 1077 2381; x_wconf 83' lang='grc' dir='ltr'>περὶ</span> <span class='ocrx_word' id='word_1_225' title='bbox 1151 2310 1246 2365; x_wconf 81' lang='grc' dir='ltr'>τὴν</span> <span class='ocrx_word' id='word_1_226' title='bbox 1314 2308 1430 2358; x_wconf 87' lang='grc' dir='ltr'>θέαν</span> <span class='ocrx_word' id='word_1_227' title='bbox 1489 2302 1802 2375; x_wconf 76' lang='grc' dir='ltr'>ἀμφαγνοεῖν</span> 
     </span>
    </p>
   </div>
   <div class='ocr_carea' id='block_1_30' title="bbox 190 2402 406 2467">
    <p class='ocr_par' dir='ltr' id='par_1_30' title="bbox 190 2402 406 2467">
     <span class='ocr_line' id='line_1_30' title="bbox 190 2402 406 2467; baseline -0.005 -16"><span class='ocrx_word' id='word_1_228' title='bbox 190 2402 341 2467; x_wconf 65' lang='grc' dir='ltr'>ἐῴκει</span> <span class='ocrx_word' id='word_1_229' title='bbox 391 2417 406 2428; x_wconf 71' lang='grc' dir='ltr'>ο</span> 
     </span>
    </p>
   </div>
   <div class='ocr_carea' id='block_1_31' title="bbox 190 2484 869 2558">
    <p class='ocr_par' dir='ltr' id='par_1_31' title="bbox 190 2484 869 2558">
     <span class='ocr_line' id='line_1_31' title="bbox 190 2484 869 2558; baseline 0 -19"><span class='ocrx_word' id='word_1_230' title='bbox 190 2485 223 2539; x_wconf 83' lang='grc' dir='ltr'>δ</span> <span class='ocrx_word' id='word_1_231' title='bbox 228 2491 368 2558; x_wconf 75' lang='grc' dir='ltr'>εσμὰ</span> <span class='ocrx_word' id='word_1_232' title='bbox 445 2484 727 2558; x_wconf 73' lang='grc' dir='ltr'>διακόψας,</span> <span class='ocrx_word' id='word_1_233' title='bbox 780 2494 869 2539; x_wconf 81' lang='grc' dir='ltr'>καὶ</span> 
     </span>
    </p>
   </div>
   <div class='ocr_carea' id='block_1_32' title="bbox 192 2575 1464 2648">
    <p class='ocr_par' dir='ltr' id='par_1_32' title="bbox 192 2575 1464 2648">
     <span class='ocr_line' id='line_1_32' title="bbox 192 2575 1464 2648; baseline -0.002 -21"><span class='ocrx_word' id='word_1_234' title='bbox 192 2596 349 2647; x_wconf 78' lang='grc' dir='ltr'>ιχνος</span> <span class='ocrx_word' id='word_1_235' title='bbox 376 2596 430 2629; x_wconf 86' lang='grc' dir='ltr'>τι</span> <span class='ocrx_word' id='word_1_236' title='bbox 457 2576 714 2637; x_wconf 74' lang='grc' dir='ltr'>κολάσεως</span> <span class='ocrx_word' id='word_1_237' title='bbox 733 2575 1090 2648; x_wconf 77' lang='grc' dir='ltr'>ἐπισημαινειν</span> <span class='ocrx_word' id='word_1_238' title='bbox 1121 2583 1194 2646; x_wconf 85' lang='grc' dir='ltr'>τῷ</span> <span class='ocrx_word' id='word_1_239' title='bbox 1218 2579 1421 2646; x_wconf 89' lang='grc' dir='ltr'>σώματι</span> <span class='ocrx_word' id='word_1_240' title='bbox 1451 2590 1464 2639; x_wconf 88' lang='grc'>;</span> 
     </span>
    </p>
   </div>
   <div class='ocr_carea' id='block_1_33' title="bbox 1921 1056 3577 1136">
    <p class='ocr_par' dir='ltr' id='par_1_33' title="bbox 1921 1056 3577 1136">
     <span class='ocr_line' id='line_1_33' title="bbox 1921 1056 3577 1136; baseline 0.01 -27"><span class='ocrx_word' id='word_1_241' title='bbox 1921 1056 2237 1113; x_wconf 93' lang='lat' dir='ltr'>Dominum</span> <span class='ocrx_word' id='word_1_242' title='bbox 2267 1060 2611 1129; x_wconf 86' lang='lat' dir='ltr'>gloriﬁcavit</span> <span class='ocrx_word' id='word_1_243' title='bbox 2644 1082 2656 1120; x_wconf 89' lang='lat'><strong>:</strong></span> <span class='ocrx_word' id='word_1_244' title='bbox 2694 1066 2980 1122; x_wconf 85' lang='lat' dir='ltr'>Exaltabo</span> <span class='ocrx_word' id='word_1_245' title='bbox 3014 1070 3086 1136; x_wconf 91' lang='lat' dir='ltr'>te,</span> <span class='ocrx_word' id='word_1_246' title='bbox 3123 1069 3295 1132; x_wconf 84' lang='lat' dir='ltr'>Deus,</span> <span class='ocrx_word' id='word_1_247' title='bbox 3352 1068 3577 1135; x_wconf 90' lang='lat' dir='ltr'>dicens,</span> 
     </span>
    </p>
   </div>
   <div class='ocr_carea' id='block_1_34' title="bbox 1921 1145 3576 1216">
    <p class='ocr_par' dir='ltr' id='par_1_34' title="bbox 1921 1145 3576 1216">
     <span class='ocr_line' id='line_1_34' title="bbox 1921 1145 3576 1216; baseline 0.01 -17"><span class='ocrx_word' id='word_1_248' title='bbox 1921 1145 2001 1200; x_wconf 93' lang='lat' dir='ltr'>mi</span> <span class='ocrx_word' id='word_1_249' title='bbox 2025 1161 2147 1212; x_wconf 84' lang='lat' dir='ltr'>rex,</span> <span class='ocrx_word' id='word_1_250' title='bbox 2181 1154 2238 1203; x_wconf 90' lang='lat' dir='ltr'>et</span> <span class='ocrx_word' id='word_1_251' title='bbox 2267 1148 2532 1208; x_wconf 85' lang='lat' dir='ltr'>laudabo</span> <span class='ocrx_word' id='word_1_252' title='bbox 2562 1169 2783 1210; x_wconf 87' lang='lat' dir='ltr'><strong>nomen</strong></span> <span class='ocrx_word' id='word_1_253' title='bbox 2815 1160 2982 1210; x_wconf 91' lang='lat' dir='ltr'>tuum</span> <span class='ocrx_word' id='word_1_254' title='bbox 3012 1155 3073 1211; x_wconf 96' lang='lat' dir='ltr'>in</span> <span class='ocrx_word' id='word_1_255' title='bbox 3105 1160 3412 1214; x_wconf 66' lang='lat' dir='ltr'>aeternum.</span> <span class='ocrx_word' id='word_1_256' title='bbox 3445 1157 3576 1216; x_wconf 90' lang='lat' dir='ltr'>Glo-</span> 
     </span>
    </p>
   </div>
   <div class='ocr_carea' id='block_1_35' title="bbox 1917 1234 3580 1317">
    <p class='ocr_par' dir='ltr' id='par_1_35' title="bbox 1917 1234 3580 1317">
     <span class='ocr_line' id='line_1_35' title="bbox 1917 1234 3580 1317; baseline 0.011 -29"><span class='ocrx_word' id='word_1_257' title='bbox 1917 1234 2167 1291; x_wconf 88' lang='lat' dir='ltr'>riﬁcabo</span> <span class='ocrx_word' id='word_1_258' title='bbox 2198 1237 2382 1293; x_wconf 91' lang='lat' dir='ltr'>Deum</span> <span class='ocrx_word' id='word_1_259' title='bbox 2420 1256 2620 1298; x_wconf 92' lang='lat' dir='ltr'>meum</span> <span class='ocrx_word' id='word_1_260' title='bbox 2652 1259 2906 1315; x_wconf 87' lang='lat' dir='ltr'>semper,</span> <span class='ocrx_word' id='word_1_261' title='bbox 2925 1244 3111 1300; x_wconf 90' lang='lat' dir='ltr'>Deum</span> <span class='ocrx_word' id='word_1_262' title='bbox 3129 1246 3233 1317; x_wconf 88' lang='lat' dir='ltr'>qui</span> <span class='ocrx_word' id='word_1_263' title='bbox 3256 1246 3580 1306; x_wconf 71' lang='lat' dir='ltr'>lmtiﬁcavit</span> 
     </span>
    </p>
   </div>
   <div class='ocr_carea' id='block_1_36' title="bbox 1913 1324 3578 1407">
    <p class='ocr_par' dir='ltr' id='par_1_36' title="bbox 1913 1324 3578 1407">
     <span class='ocr_line' id='line_1_36' title="bbox 1913 1324 3578 1407; baseline 0.011 -30"><span class='ocrx_word' id='word_1_264' title='bbox 1913 1324 2287 1394; x_wconf 91' lang='lat' dir='ltr'>juventutem</span> <span class='ocrx_word' id='word_1_265' title='bbox 2319 1343 2538 1385; x_wconf 84' lang='lat' dir='ltr'><strong>meam.</strong></span> <span class='ocrx_word' id='word_1_266' title='bbox 2573 1332 2717 1387; x_wconf 90' lang='lat' dir='ltr'>Dein</span> <span class='ocrx_word' id='word_1_267' title='bbox 2749 1339 2993 1390; x_wconf 88' lang='lat' dir='ltr'>sanctus</span> <span class='ocrx_word' id='word_1_268' title='bbox 3024 1350 3231 1390; x_wconf 92' lang='lat' dir='ltr'>coram</span> <span class='ocrx_word' id='word_1_269' title='bbox 3282 1351 3420 1407; x_wconf 88' lang='lat' dir='ltr'>rege</span> <span class='ocrx_word' id='word_1_270' title='bbox 3470 1352 3578 1394; x_wconf 66' lang='lat' dir='ltr'>cm-</span> 
     </span>
    </p>
   </div>
   <div class='ocr_carea' id='block_1_37' title="bbox 1916 1412 3577 1494">
    <p class='ocr_par' dir='ltr' id='par_1_37' title="bbox 1916 1412 3577 1494">
     <span class='ocr_line' id='line_1_37' title="bbox 1916 1412 3577 1494; baseline 0.01 -28"><span class='ocrx_word' id='word_1_271' title='bbox 1916 1412 2174 1485; x_wconf 89' lang='lat' dir='ltr'>terisque</span> <span class='ocrx_word' id='word_1_272' title='bbox 2227 1430 2288 1470; x_wconf 88' lang='lat' dir='ltr'>se</span> <span class='ocrx_word' id='word_1_273' title='bbox 2345 1419 2710 1476; x_wconf 91' lang='lat' dir='ltr'>constituens</span> <span class='ocrx_word' id='word_1_274' title='bbox 2754 1422 2858 1494; x_wconf 88' lang='lat' dir='ltr'>qui</span> <span class='ocrx_word' id='word_1_275' title='bbox 2911 1422 3023 1477; x_wconf 90' lang='lat' dir='ltr'>diis</span> <span class='ocrx_word' id='word_1_276' title='bbox 3071 1423 3354 1479; x_wconf 90' lang='lat' dir='ltr'>inanibus</span> <span class='ocrx_word' id='word_1_277' title='bbox 3404 1440 3577 1484; x_wconf 89' lang='lat' dir='ltr'>sacra</span> 
     </span>
    </p>
   </div>
   <div class='ocr_carea' id='block_1_38' title="bbox 1917 1500 3573 1587">
    <p class='ocr_par' dir='ltr' id='par_1_38' title="bbox 1917 1500 3573 1587">
     <span class='ocr_line' id='line_1_38' title="bbox 1917 1500 3573 1587; baseline 0.009 -31"><span class='ocrx_word' id='word_1_278' title='bbox 1917 1500 2232 1567; x_wconf 80' lang='lat' dir='ltr'>faciebant,</span> <span class='ocrx_word' id='word_1_279' title='bbox 2263 1504 2423 1563; x_wconf 88' lang='lat' dir='ltr'>clara</span> <span class='ocrx_word' id='word_1_280' title='bbox 2434 1523 2578 1564; x_wconf 82' lang='lat' dir='ltr'>voce</span> <span class='ocrx_word' id='word_1_281' title='bbox 2602 1510 3033 1577; x_wconf 88' lang='lat' dir='ltr'>:Considerate,</span> <span class='ocrx_word' id='word_1_282' title='bbox 3056 1512 3269 1585; x_wconf 88' lang='lat' dir='ltr'>inquit,</span> <span class='ocrx_word' id='word_1_283' title='bbox 3288 1514 3422 1587; x_wconf 88' lang='lat' dir='ltr'>quis</span> <span class='ocrx_word' id='word_1_284' title='bbox 3440 1528 3573 1584; x_wconf 90' lang='lat' dir='ltr'>ego,</span> 
     </span>
    </p>
   </div>
   <div class='ocr_carea' id='block_1_39' title="bbox 1915 1592 3576 1673">
    <p class='ocr_par' dir='ltr' id='par_1_39' title="bbox 1915 1592 3576 1673">
     <span class='ocr_line' id='line_1_39' title="bbox 1915 1592 3576 1673; baseline 0.011 -31"><span class='ocrx_word' id='word_1_285' title='bbox 1915 1603 2099 1661; x_wconf 90' lang='lat' dir='ltr'>quem</span> <span class='ocrx_word' id='word_1_286' title='bbox 2125 1592 2403 1662; x_wconf 85' lang='lat' dir='ltr'>perniciei</span> <span class='ocrx_word' id='word_1_287' title='bbox 2430 1594 2773 1664; x_wconf 87' lang='lat' dir='ltr'>devovistis,</span> <span class='ocrx_word' id='word_1_288' title='bbox 2807 1603 2864 1654; x_wconf 92' lang='lat' dir='ltr'>et</span> <span class='ocrx_word' id='word_1_289' title='bbox 2891 1600 3028 1671; x_wconf 90' lang='lat' dir='ltr'>quis</span> <span class='ocrx_word' id='word_1_290' title='bbox 3055 1597 3148 1655; x_wconf 91' lang='lat' dir='ltr'>ille</span> <span class='ocrx_word' id='word_1_291' title='bbox 3174 1599 3275 1673; x_wconf 90' lang='lat' dir='ltr'>qui</span> <span class='ocrx_word' id='word_1_292' title='bbox 3306 1600 3453 1657; x_wconf 90' lang='lat' dir='ltr'>diris</span> <span class='ocrx_word' id='word_1_293' title='bbox 3481 1618 3576 1660; x_wconf 90' lang='lat' dir='ltr'>me</span> 
     </span>
    </p>
   </div>
   <div class='ocr_carea' id='block_1_40' title="bbox 1918 1679 3575 1759">
    <p class='ocr_par' dir='ltr' id='par_1_40' title="bbox 1918 1679 3575 1759">
     <span class='ocr_line' id='line_1_40' title="bbox 1918 1679 3575 1759; baseline 0.009 -27"><span class='ocrx_word' id='word_1_294' title='bbox 1918 1679 2121 1734; x_wconf 85' lang='lat' dir='ltr'>vestris</span> <span class='ocrx_word' id='word_1_295' title='bbox 2151 1681 2513 1739; x_wconf 90' lang='lat' dir='ltr'>cruciatibus</span> <span class='ocrx_word' id='word_1_296' title='bbox 2529 1686 2763 1757; x_wconf 90' lang='lat' dir='ltr'>eripuit.</span> <span class='ocrx_word' id='word_1_297' title='bbox 2792 1689 2955 1743; x_wconf 81' lang='lat' dir='ltr'>Hunc</span> <span class='ocrx_word' id='word_1_298' title='bbox 2977 1689 3319 1759; x_wconf 82' lang='lat' dir='ltr'>cognoscite</span> <span class='ocrx_word' id='word_1_299' title='bbox 3342 1706 3575 1747; x_wconf 87' lang='lat' dir='ltr'>verum-</span> 
     </span>
    </p>
   </div>
   <div class='ocr_carea' id='block_1_41' title="bbox 1915 1767 3575 1848">
    <p class='ocr_par' dir='ltr' id='par_1_41' title="bbox 1915 1767 3575 1848">
     <span class='ocr_line' id='line_1_41' title="bbox 1915 1767 3575 1848; baseline 0.008 -27"><span class='ocrx_word' id='word_1_300' title='bbox 1915 1781 2033 1838; x_wconf 89' lang='lat' dir='ltr'>que</span> <span class='ocrx_word' id='word_1_301' title='bbox 2046 1767 2233 1824; x_wconf 91' lang='lat' dir='ltr'>Deum</span> <span class='ocrx_word' id='word_1_302' title='bbox 2247 1786 2378 1826; x_wconf 90' lang='lat' dir='ltr'>esse</span> <span class='ocrx_word' id='word_1_303' title='bbox 2390 1773 2630 1838; x_wconf 86' lang='lat' dir='ltr'>credite,</span> <span class='ocrx_word' id='word_1_304' title='bbox 2644 1774 2755 1829; x_wconf 89' lang='lat' dir='ltr'>diis</span> <span class='ocrx_word' id='word_1_305' title='bbox 2769 1776 2979 1831; x_wconf 86' lang='lat' dir='ltr'>vestris</span> <span class='ocrx_word' id='word_1_306' title='bbox 2988 1777 3117 1848; x_wconf 91' lang='lat' dir='ltr'>jam</span> <span class='ocrx_word' id='word_1_307' title='bbox 3130 1792 3252 1832; x_wconf 94' lang='lat' dir='ltr'>non</span> <span class='ocrx_word' id='word_1_308' title='bbox 3267 1777 3575 1836; x_wconf 83' lang='lat' dir='ltr'>studentes</span> 
     </span>
    </p>
   </div>
   <div class='ocr_carea' id='block_1_42' title="bbox 1915 1855 3573 1937">
    <p class='ocr_par' dir='ltr' id='par_1_42' title="bbox 1915 1855 3573 1937">
     <span class='ocr_line' id='line_1_42' title="bbox 1915 1855 3573 1937; baseline 0.008 -28"><span class='ocrx_word' id='word_1_309' title='bbox 1915 1855 2019 1927; x_wconf 87' lang='lat' dir='ltr'>qui</span> <span class='ocrx_word' id='word_1_310' title='bbox 2050 1871 2124 1911; x_wconf 92' lang='lat' dir='ltr'>ne</span> <span class='ocrx_word' id='word_1_311' title='bbox 2156 1857 2269 1913; x_wconf 88' lang='lat' dir='ltr'>sibi</span> <span class='ocrx_word' id='word_1_312' title='bbox 2298 1859 2465 1931; x_wconf 88' lang='lat' dir='ltr'>ipsis,</span> <span class='ocrx_word' id='word_1_313' title='bbox 2499 1862 2723 1918; x_wconf 92' lang='lat' dir='ltr'>nedum</span> <span class='ocrx_word' id='word_1_314' title='bbox 2756 1863 2885 1919; x_wconf 90' lang='lat' dir='ltr'>aliis</span> <span class='ocrx_word' id='word_1_315' title='bbox 2905 1864 3125 1920; x_wconf 82' lang='lat' dir='ltr'>auxilio</span> <span class='ocrx_word' id='word_1_316' title='bbox 3155 1874 3573 1937; x_wconf 88' lang='lat' dir='ltr'>essepossunt.</span> 
     </span>
    </p>
   </div>
   <div class='ocr_carea' id='block_1_43' title="bbox 1918 1943 3577 2025">
    <p class='ocr_par' dir='ltr' id='par_1_43' title="bbox 1918 1943 3577 2025">
     <span class='ocr_line' id='line_1_43' title="bbox 1918 1943 3577 2025; baseline 0.009 -28"><span class='ocrx_word' id='word_1_317' title='bbox 1918 1943 2015 1999; x_wconf 84' lang='lat' dir='ltr'>His</span> <span class='ocrx_word' id='word_1_318' title='bbox 2040 1946 2275 2014; x_wconf 89' lang='lat' dir='ltr'>auditis,</span> <span class='ocrx_word' id='word_1_319' title='bbox 2300 1947 2629 2021; x_wconf 86' lang='lat' dir='ltr'>imperator</span> <span class='ocrx_word' id='word_1_320' title='bbox 2648 1952 2835 2007; x_wconf 90' lang='lat' dir='ltr'>oculis</span> <span class='ocrx_word' id='word_1_321' title='bbox 2854 1952 2913 2008; x_wconf 93' lang='lat' dir='ltr'>in</span> <span class='ocrx_word' id='word_1_322' title='bbox 2932 1958 3255 2025; x_wconf 87' lang='lat' dir='ltr'>martyrem</span> <span class='ocrx_word' id='word_1_323' title='bbox 3276 1956 3577 2013; x_wconf 81' lang='lat' dir='ltr'>conversis</span> 
     </span>
    </p>
   </div>
   <div class='ocr_carea' id='block_1_44' title="bbox 1913 2033 3568 2115">
    <p class='ocr_par' dir='ltr' id='par_1_44' title="bbox 1913 2033 3568 2115">
     <span class='ocr_line' id='line_1_44' title="bbox 1913 2033 3568 2115; baseline 0.009 -29"><span class='ocrx_word' id='word_1_324' title='bbox 1913 2033 2048 2104; x_wconf 90' lang='lat' dir='ltr'>quis</span> <span class='ocrx_word' id='word_1_325' title='bbox 2074 2038 2473 2107; x_wconf 85' lang='lat' dir='ltr'>essetrogavit</span> <span class='ocrx_word' id='word_1_326' title='bbox 2502 2055 2515 2105; x_wconf 92' lang='lat'><strong>;</strong></span> <span class='ocrx_word' id='word_1_327' title='bbox 2544 2040 2671 2110; x_wconf 87' lang='lat' dir='ltr'>jam</span> <span class='ocrx_word' id='word_1_328' title='bbox 2690 2041 2848 2096; x_wconf 88' lang='lat' dir='ltr'>enim</span> <span class='ocrx_word' id='word_1_329' title='bbox 2871 2041 3058 2097; x_wconf 90' lang='lat' dir='ltr'>oculis</span> <span class='ocrx_word' id='word_1_330' title='bbox 3086 2041 3355 2099; x_wconf 91' lang='lat' dir='ltr'>difﬁdere</span> <span class='ocrx_word' id='word_1_331' title='bbox 3377 2059 3568 2115; x_wconf 75' lang='lat' dir='ltr'>coepe-</span> 
     </span>
    </p>
   </div>
   <div class='ocr_carea' id='block_1_45' title="bbox 1913 2124 3574 2204">
    <p class='ocr_par' dir='ltr' id='par_1_45' title="bbox 1913 2124 3574 2204">
     <span class='ocr_line' id='line_1_45' title="bbox 1913 2124 3574 2204; baseline 0.008 -27"><span class='ocrx_word' id='word_1_332' title='bbox 1913 2126 2022 2178; x_wconf 90' lang='lat' dir='ltr'>rat.</span> <span class='ocrx_word' id='word_1_333' title='bbox 2055 2124 2196 2189; x_wconf 87' lang='lat' dir='ltr'>Quis</span> <span class='ocrx_word' id='word_1_334' title='bbox 2232 2141 2439 2185; x_wconf 87' lang='lat' dir='ltr'>revera</span> <span class='ocrx_word' id='word_1_335' title='bbox 2470 2129 2788 2199; x_wconf 82' lang='lat' dir='ltr'>Georgium</span> <span class='ocrx_word' id='word_1_336' title='bbox 2818 2130 3016 2187; x_wconf 87' lang='lat' dir='ltr'>adhuc</span> <span class='ocrx_word' id='word_1_337' title='bbox 3046 2132 3243 2187; x_wconf 88' lang='lat' dir='ltr'>vivere</span> <span class='ocrx_word' id='word_1_338' title='bbox 3281 2133 3574 2204; x_wconf 88' lang='lat' dir='ltr'>suspicari</span> 
     </span>
    </p>
   </div>
   <div class='ocr_carea' id='block_1_46' title="bbox 1912 2212 3575 2291">
    <p class='ocr_par' dir='ltr' id='par_1_46' title="bbox 1912 2212 3575 2291">
     <span class='ocr_line' id='line_1_46' title="bbox 1912 2212 3575 2291; baseline 0.007 -24"><span class='ocrx_word' id='word_1_339' title='bbox 1912 2225 2097 2267; x_wconf 89' lang='lat' dir='ltr'>ausus</span> <span class='ocrx_word' id='word_1_340' title='bbox 2134 2212 2308 2270; x_wconf 87' lang='lat' dir='ltr'>fuerit</span> <span class='ocrx_word' id='word_1_341' title='bbox 2345 2216 2373 2271; x_wconf 85' lang='lat'><strong>?</strong></span> <span class='ocrx_word' id='word_1_342' title='bbox 2401 2216 2538 2288; x_wconf 90' lang='lat' dir='ltr'>quis</span> <span class='ocrx_word' id='word_1_343' title='bbox 2571 2234 2711 2274; x_wconf 91' lang='lat' dir='ltr'>eum</span> <span class='ocrx_word' id='word_1_344' title='bbox 2742 2224 2881 2291; x_wconf 91' lang='lat' dir='ltr'>post</span> <span class='ocrx_word' id='word_1_345' title='bbox 2910 2222 2998 2274; x_wconf 91' lang='lat' dir='ltr'>tot</span> <span class='ocrx_word' id='word_1_346' title='bbox 3027 2224 3083 2276; x_wconf 95' lang='lat' dir='ltr'>et</span> <span class='ocrx_word' id='word_1_347' title='bbox 3122 2224 3245 2275; x_wconf 89' lang='lat' dir='ltr'>tam</span> <span class='ocrx_word' id='word_1_348' title='bbox 3276 2220 3408 2277; x_wconf 88' lang='lat' dir='ltr'>dira</span> <span class='ocrx_word' id='word_1_349' title='bbox 3450 2227 3575 2278; x_wconf 90' lang='lat' dir='ltr'>tor-</span> 
     </span>
    </p>
   </div>
   <div class='ocr_carea' id='block_1_47' title="bbox 1914 2301 3577 2367">
    <p class='ocr_par' dir='ltr' id='par_1_47' title="bbox 1914 2301 3577 2367">
     <span class='ocr_line' id='line_1_47' title="bbox 1914 2301 3577 2367; baseline 0.008 -14"><span class='ocrx_word' id='word_1_350' title='bbox 1914 2306 2116 2355; x_wconf 88' lang='lat' dir='ltr'>menta</span> <span class='ocrx_word' id='word_1_351' title='bbox 2143 2301 2505 2361; x_wconf 90' lang='lat' dir='ltr'>incolumem</span> <span class='ocrx_word' id='word_1_352' title='bbox 2532 2310 2588 2361; x_wconf 93' lang='lat' dir='ltr'>et</span> <span class='ocrx_word' id='word_1_353' title='bbox 2616 2306 2853 2363; x_wconf 83' lang='lat' dir='ltr'>sanitati</span> <span class='ocrx_word' id='word_1_354' title='bbox 2876 2306 3173 2363; x_wconf 91' lang='lat' dir='ltr'>redditum</span> <span class='ocrx_word' id='word_1_355' title='bbox 3215 2308 3577 2367; x_wconf 80' lang='lat' dir='ltr'>crediderit?</span> 
     </span>
    </p>
   </div>
   <div class='ocr_carea' id='block_1_48' title="bbox 470 2385 3576 2473">
    <p class='ocr_par' dir='ltr' id='par_1_48' title="bbox 470 2385 3576 2473">
     <span class='ocr_line' id='line_1_48' title="bbox 470 2385 3576 2473; baseline -0.001 -22"><span class='ocrx_word' id='word_1_356' title='bbox 470 2405 571 2451; x_wconf 88' lang='grc' dir='ltr'>ποῦ</span> <span class='ocrx_word' id='word_1_357' title='bbox 626 2402 727 2473; x_wconf 84' lang='grc' dir='ltr'>γὰρ</span> <span class='ocrx_word' id='word_1_358' title='bbox 775 2403 861 2450; x_wconf 74' lang='grc' dir='ltr'>καὶ</span> <span class='ocrx_word' id='word_1_359' title='bbox 927 2397 1064 2459; x_wconf 85' lang='grc' dir='ltr'>εἰκός</span> <span class='ocrx_word' id='word_1_360' title='bbox 1123 2393 1185 2455; x_wconf 80' lang='grc' dir='ltr'>ἧν</span> <span class='ocrx_word' id='word_1_361' title='bbox 1252 2396 1515 2449; x_wconf 81' lang='grc' dir='ltr'>πιστεύειν</span> <span class='ocrx_word' id='word_1_362' title='bbox 1593 2392 1672 2443; x_wconf 86' lang='grc' dir='ltr'>ὃτι</span> <span class='ocrx_word' id='word_1_363' title='bbox 1727 2392 1815 2441; x_wconf 81' lang='grc' dir='ltr'>καὶ</span> <span class='ocrx_word' id='word_1_364' title='bbox 1866 2390 1965 2450; x_wconf 79' lang='grc' dir='ltr'>ζῶν</span> <span class='ocrx_word' id='word_1_365' title='bbox 1997 2385 2264 2464; x_wconf 75' lang='grc' dir='ltr'>διαρκέσει</span> <span class='ocrx_word' id='word_1_366' title='bbox 2316 2398 2605 2466; x_wconf 81' lang='grc' dir='ltr'>Γεωργιος;</span> <span class='ocrx_word' id='word_1_367' title='bbox 2655 2400 2727 2467; x_wconf 82' lang='grc' dir='ltr'>μὴ</span> <span class='ocrx_word' id='word_1_368' title='bbox 2783 2398 2863 2447; x_wconf 89' lang='grc' dir='ltr'>ὃτι</span> <span class='ocrx_word' id='word_1_369' title='bbox 2915 2400 3002 2448; x_wconf 80' lang='grc' dir='ltr'>καὶ</span> <span class='ocrx_word' id='word_1_370' title='bbox 3053 2399 3119 2448; x_wconf 78' lang='grc' dir='ltr'>τὰ</span> <span class='ocrx_word' id='word_1_371' title='bbox 3167 2395 3215 2448; x_wconf 87' lang='grc' dir='ltr'>έν</span> <span class='ocrx_word' id='word_1_372' title='bbox 3270 2406 3341 2467; x_wconf 83' lang='grc' dir='ltr'>τῷ</span> <span class='ocrx_word' id='word_1_373' title='bbox 3396 2405 3576 2472; x_wconf 85' lang='grc' dir='ltr'>τροχῷ</span> 
     </span>
    </p>
   </div>
   <div class='ocr_carea' id='block_1_49' title="bbox 970 2476 2093 2550">
    <p class='ocr_par' dir='ltr' id='par_1_49' title="bbox 970 2476 2093 2550">
     <span class='ocr_line' id='line_1_49' title="bbox 970 2476 2093 2550; baseline -0.008 -12"><span class='ocrx_word' id='word_1_374' title='bbox 970 2489 1061 2548; x_wconf 81' lang='grc' dir='ltr'>τὰς</span> <span class='ocrx_word' id='word_1_375' title='bbox 1110 2484 1422 2544; x_wconf 76' lang='grc' dir='ltr'>ἀνηκέστους</span> <span class='ocrx_word' id='word_1_376' title='bbox 1497 2480 1701 2550; x_wconf 82' lang='grc' dir='ltr'>πληγὰς</span> <span class='ocrx_word' id='word_1_377' title='bbox 1774 2476 2093 2547; x_wconf 83' lang='grc' dir='ltr'>έξυγιωθεὶς,</span> 
     </span>
    </p>
   </div>
   <div class='ocr_carea' id='block_1_50' title="bbox 2196 2478 3577 2559">
    <p class='ocr_par' dir='ltr' id='par_1_50' title="bbox 2196 2478 3577 2559">
     <span class='ocr_line' id='line_1_50' title="bbox 2196 2478 3577 2559; baseline 0.003 -27"><span class='ocrx_word' id='word_1_378' title='bbox 2196 2478 2399 2544; x_wconf 76' lang='grc' dir='ltr'>ἀπαθὴς</span> <span class='ocrx_word' id='word_1_379' title='bbox 2472 2488 2531 2535; x_wconf 85' lang='grc' dir='ltr'>τό</span> <span class='ocrx_word' id='word_1_380' title='bbox 2606 2486 2850 2559; x_wconf 87' lang='grc' dir='ltr'>παράπαν</span> <span class='ocrx_word' id='word_1_381' title='bbox 2928 2486 3173 2558; x_wconf 74' lang='grc' dir='ltr'>ὁρᾶσθαι,</span> <span class='ocrx_word' id='word_1_382' title='bbox 3273 2492 3363 2539; x_wconf 73' lang='grc' dir='ltr'>καὶ</span> <span class='ocrx_word' id='word_1_383' title='bbox 3437 2483 3577 2557; x_wconf 59' lang='grc' dir='ltr'>μηδὲ</span> 
     </span>
    </p>
   </div>
   <div class='ocr_carea' id='block_1_51' title="bbox 263 2652 1809 2735">
    <p class='ocr_par' dir='ltr' id='par_1_51' title="bbox 263 2656 1807 2725">
     <span class='ocr_line' id='line_1_51' title="bbox 263 2656 1807 2725; baseline -0.008 -6"><span class='ocrx_word' id='word_1_384' title='bbox 263 2665 370 2721; x_wconf 73' lang='grc' dir='ltr'>ΙΗ.</span> <span class='ocrx_word' id='word_1_385' title='bbox 428 2667 572 2718; x_wconf 79' lang='grc' dir='ltr'>Ἐπεὶ</span> <span class='ocrx_word' id='word_1_386' title='bbox 630 2662 691 2718; x_wconf 73' lang='grc' dir='ltr'>δε</span> <span class='ocrx_word' id='word_1_387' title='bbox 747 2665 930 2725; x_wconf 88' lang='grc' dir='ltr'>έκεῖνος</span> <span class='ocrx_word' id='word_1_388' title='bbox 995 2665 1148 2716; x_wconf 89' lang='grc' dir='ltr'>πάλιν</span> <span class='ocrx_word' id='word_1_389' title='bbox 1195 2662 1374 2716; x_wconf 74' lang='grc' dir='ltr'>ἑαυτὸν</span> <span class='ocrx_word' id='word_1_390' title='bbox 1440 2656 1664 2722; x_wconf 80' lang='grc' dir='ltr'>έδείκνυ,</span> <span class='ocrx_word' id='word_1_391' title='bbox 1716 2659 1807 2707; x_wconf 83' lang='grc' dir='ltr'>καὶ</span> 
     </span>
    </p>
   </div>
   <div class='ocr_carea' id='block_1_52' title="bbox 1910 2652 3574 2735">
    <p class='ocr_par' dir='ltr' id='par_1_52' title="bbox 1989 2655 3574 2735">
     <span class='ocr_line' id='line_1_52' title="bbox 1989 2655 3574 2735; baseline 0.004 -24"><span class='ocrx_word' id='word_1_392' title='bbox 1989 2655 2095 2711; x_wconf 86' lang='lat' dir='ltr'><strong>XII.</strong></span> <span class='ocrx_word' id='word_1_393' title='bbox 2150 2658 2353 2714; x_wconf 87' lang='lat' dir='ltr'>Postea</span> <span class='ocrx_word' id='word_1_394' title='bbox 2374 2659 2613 2730; x_wconf 89' lang='lat' dir='ltr'>publice</span> <span class='ocrx_word' id='word_1_395' title='bbox 2640 2659 2995 2732; x_wconf 90' lang='lat' dir='ltr'>prodeundo</span> <span class='ocrx_word' id='word_1_396' title='bbox 3012 2660 3298 2717; x_wconf 89' lang='lat' dir='ltr'>omnibus</span> <span class='ocrx_word' id='word_1_397' title='bbox 3311 2663 3414 2735; x_wconf 91' lang='lat' dir='ltr'>qui</span> <span class='ocrx_word' id='word_1_398' title='bbox 3436 2678 3574 2719; x_wconf 89' lang='lat' dir='ltr'>ocu-</span> 
     </span>
    </p>
   </div>
   <div class='ocr_carea' id='block_1_53' title="bbox 190 2752 1805 2827">
    <p class='ocr_par' dir='ltr' id='par_1_53' title="bbox 190 2752 1805 2827">
     <span class='ocr_line' id='line_1_53' title="bbox 190 2752 1805 2827; baseline -0.012 -12"><span class='ocrx_word' id='word_1_399' title='bbox 190 2762 303 2815; x_wconf 72' lang='grc' dir='ltr'>τοῖς</span> <span class='ocrx_word' id='word_1_400' title='bbox 361 2761 433 2826; x_wconf 78' lang='grc' dir='ltr'><em>μή</em></span> <span class='ocrx_word' id='word_1_401' title='bbox 496 2756 628 2806; x_wconf 82' lang='grc' dir='ltr'>πάνυ</span> <span class='ocrx_word' id='word_1_402' title='bbox 675 2756 1021 2827; x_wconf 80' lang='grc' dir='ltr'>πεπηρῶσθαι</span> <span class='ocrx_word' id='word_1_403' title='bbox 1050 2758 1139 2805; x_wconf 79' lang='grc' dir='ltr'>καὶ</span> <span class='ocrx_word' id='word_1_404' title='bbox 1191 2752 1505 2825; x_wconf 74' lang='grc' dir='ltr'>ὀφθαλμούς,</span> <span class='ocrx_word' id='word_1_405' title='bbox 1555 2752 1645 2799; x_wconf 83' lang='grc' dir='ltr'>καὶ</span> <span class='ocrx_word' id='word_1_406' title='bbox 1688 2752 1805 2797; x_wconf 82' lang='grc' dir='ltr'>νοῦν</span> 
     </span>
    </p>
   </div>
   <div class='ocr_carea' id='block_1_54' title="bbox 190 2838 1801 2915">
    <p class='ocr_par' dir='ltr' id='par_1_54' title="bbox 190 2838 1801 2915">
     <span class='ocr_line' id='line_1_54' title="bbox 190 2838 1801 2915; baseline -0.006 -21"><span class='ocrx_word' id='word_1_407' title='bbox 190 2842 536 2915; x_wconf 65' lang='grc' dir='ltr'>βουλομένοις</span> <span class='ocrx_word' id='word_1_408' title='bbox 566 2839 808 2903; x_wconf 77' lang='grc' dir='ltr'>ἐπίδηλος</span> <span class='ocrx_word' id='word_1_409' title='bbox 859 2840 942 2906; x_wconf 77' lang='grc' dir='ltr'>ἦν,</span> <span class='ocrx_word' id='word_1_410' title='bbox 990 2847 1077 2894; x_wconf 82' lang='grc' dir='ltr'>καὶ</span> <span class='ocrx_word' id='word_1_411' title='bbox 1129 2842 1290 2901; x_wconf 88' lang='grc' dir='ltr'>αύτός</span> <span class='ocrx_word' id='word_1_412' title='bbox 1334 2838 1458 2892; x_wconf 83' lang='grc' dir='ltr'>εἶναι</span> <span class='ocrx_word' id='word_1_413' title='bbox 1530 2841 1801 2909; x_wconf 87' lang='grc' dir='ltr'>Γεώργιος,</span> 
     </span>
    </p>
   </div>
   <div class='ocr_carea' id='block_1_55' title="bbox 188 2927 1801 3007">
    <p class='ocr_par' dir='ltr' id='par_1_55' title="bbox 188 2927 1801 3007">
     <span class='ocr_line' id='line_1_55' title="bbox 188 2927 1801 3007; baseline -0.006 -24"><span class='ocrx_word' id='word_1_414' title='bbox 188 2933 536 2993; x_wconf 65' lang='grc' dir='ltr'>α-ἇετὸςότῆς</span> <span class='ocrx_word' id='word_1_415' title='bbox 602 2930 846 2991; x_wconf 79' lang='grc' dir='ltr'>ἀληθείας</span> <span class='ocrx_word' id='word_1_416' title='bbox 892 2934 1087 3007; x_wconf 87' lang='grc' dir='ltr'>μάρτυς</span> <span class='ocrx_word' id='word_1_417' title='bbox 1140 2928 1369 3003; x_wconf 77' lang='grc' dir='ltr'>ἀκριϐῶς</span> <span class='ocrx_word' id='word_1_418' title='bbox 1428 2927 1725 2979; x_wconf 70' lang='grc' dir='ltr'>ἐπιστεύετο</span> <span class='ocrx_word' id='word_1_419' title='bbox 1788 2938 1801 2951; x_wconf 73' lang='grc'>⁸</span> 
     </span>
    </p>
   </div>
   <div class='ocr_carea' id='block_1_56' title="bbox 186 3014 1805 3091">
    <p class='ocr_par' dir='ltr' id='par_1_56' title="bbox 186 3014 1805 3091">
     <span class='ocr_line' id='line_1_56' title="bbox 186 3014 1805 3091; baseline -0.006 -19"><span class='ocrx_word' id='word_1_420' title='bbox 186 3021 404 3081; x_wconf 81' lang='grc' dir='ltr'>πολλοῖς</span> <span class='ocrx_word' id='word_1_421' title='bbox 463 3024 630 3081; x_wconf 77' lang='grc' dir='ltr'>αἴτιος</span> <span class='ocrx_word' id='word_1_422' title='bbox 683 3025 940 3091; x_wconf 86' lang='grc' dir='ltr'>σωτηρίας</span> <span class='ocrx_word' id='word_1_423' title='bbox 990 3018 1202 3091; x_wconf 81' lang='grc' dir='ltr'>ἐγίνετο,</span> <span class='ocrx_word' id='word_1_424' title='bbox 1273 3022 1363 3069; x_wconf 78' lang='grc' dir='ltr'>καὶ</span> <span class='ocrx_word' id='word_1_425' title='bbox 1412 3024 1504 3077; x_wconf 82' lang='grc' dir='ltr'>τῆς</span> <span class='ocrx_word' id='word_1_426' title='bbox 1555 3014 1623 3076; x_wconf 86' lang='grc' dir='ltr'>εἰς</span> <span class='ocrx_word' id='word_1_427' title='bbox 1678 3020 1805 3085; x_wconf 78' lang='grc' dir='ltr'>Χρι-</span> 
     </span>
    </p>
   </div>
   <div class='ocr_carea' id='block_1_57' title="bbox 188 3107 1804 3181">
    <p class='ocr_par' dir='ltr' id='par_1_57' title="bbox 188 3107 1804 3181">
     <span class='ocr_line' id='line_1_57' title="bbox 188 3107 1804 3181; baseline -0.006 -19"><span class='ocrx_word' id='word_1_428' title='bbox 188 3115 316 3162; x_wconf 75' lang='grc' dir='ltr'>στόν</span> <span class='ocrx_word' id='word_1_429' title='bbox 370 3116 586 3169; x_wconf 79' lang='grc' dir='ltr'>πίστεως</span> <span class='ocrx_word' id='word_1_430' title='bbox 636 3109 872 3181; x_wconf 82' lang='grc' dir='ltr'>πρόξενος</span> <span class='ocrx_word' id='word_1_431' title='bbox 919 3107 1112 3169; x_wconf 75' lang='grc' dir='ltr'>ἀληθής</span> <span class='ocrx_word' id='word_1_432' title='bbox 1177 3126 1189 3137; x_wconf 90' lang='grc'><strong>·</strong></span> <span class='ocrx_word' id='word_1_433' title='bbox 1235 3112 1324 3159; x_wconf 81' lang='grc' dir='ltr'>καὶ</span> <span class='ocrx_word' id='word_1_434' title='bbox 1354 3111 1578 3181; x_wconf 83' lang='grc' dir='ltr'>πρώτοις</span> <span class='ocrx_word' id='word_1_435' title='bbox 1622 3121 1681 3173; x_wconf 89' lang='grc' dir='ltr'>γε</span> <span class='ocrx_word' id='word_1_436' title='bbox 1704 3108 1804 3154; x_wconf 83' lang='grc' dir='ltr'>τῶν</span> 
     </span>
    </p>
   </div>
   <div class='ocr_carea' id='block_1_58' title="bbox 187 3191 1803 3273">
    <p class='ocr_par' dir='ltr' id='par_1_58' title="bbox 187 3191 1803 3273">
     <span class='ocr_line' id='line_1_58' title="bbox 187 3191 1803 3273; baseline -0.004 -24"><span class='ocrx_word' id='word_1_437' title='bbox 187 3199 377 3263; x_wconf 60' lang='grc' dir='ltr'>ἄλλων,</span> <span class='ocrx_word' id='word_1_438' title='bbox 424 3205 538 3259; x_wconf 86' lang='grc' dir='ltr'>τοῖς</span> <span class='ocrx_word' id='word_1_439' title='bbox 586 3203 673 3250; x_wconf 75' lang='grc' dir='ltr'>καί</span> <span class='ocrx_word' id='word_1_440' title='bbox 728 3204 953 3273; x_wconf 81' lang='grc' dir='ltr'>πρώτοις</span> <span class='ocrx_word' id='word_1_441' title='bbox 1001 3202 1089 3257; x_wconf 79' lang='grc' dir='ltr'>τὴν</span> <span class='ocrx_word' id='word_1_442' title='bbox 1142 3196 1456 3269; x_wconf 75' lang='grc' dir='ltr'>έπιφοῖνειαν,</span> <span class='ocrx_word' id='word_1_443' title='bbox 1525 3191 1803 3262; x_wconf 83' lang='grc' dir='ltr'>Ἀνατολίῳ</span> 
     </span>
    </p>
   </div>
   <div class='ocr_carea' id='block_1_59' title="bbox 187 3280 1802 3360">
    <p class='ocr_par' dir='ltr' id='par_1_59' title="bbox 187 3280 1802 3360">
     <span class='ocr_line' id='line_1_59' title="bbox 187 3280 1802 3360; baseline -0.007 -16"><span class='ocrx_word' id='word_1_444' title='bbox 187 3294 325 3359; x_wconf 59' lang='grc' dir='ltr'>φημὶ</span> <span class='ocrx_word' id='word_1_445' title='bbox 369 3294 462 3340; x_wconf 79' lang='grc' dir='ltr'>καὶ</span> <span class='ocrx_word' id='word_1_446' title='bbox 519 3288 863 3359; x_wconf 81' lang='grc' dir='ltr'>Πρωτολέοντι</span> <span class='ocrx_word' id='word_1_447' title='bbox 937 3295 1041 3348; x_wconf 87' lang='grc' dir='ltr'>τοῖς</span> <span class='ocrx_word' id='word_1_448' title='bbox 1112 3285 1517 3360; x_wconf 78' lang='grc' dir='ltr'>στρατηλάταις.</span> <span class='ocrx_word' id='word_1_449' title='bbox 1598 3280 1662 3334; x_wconf 77' lang='grc' dir='ltr'><strong>Οἱ</strong></span> <span class='ocrx_word' id='word_1_450' title='bbox 1714 3284 1802 3333; x_wconf 80' lang='grc' dir='ltr'>καὶ</span> 
     </span>
    </p>
   </div>
   <div class='ocr_carea' id='block_1_60' title="bbox 184 3372 1801 3450">
    <p class='ocr_par' dir='ltr' id='par_1_60' title="bbox 184 3372 1801 3450">
     <span class='ocr_line' id='line_1_60' title="bbox 184 3372 1801 3450; baseline -0.004 -22"><span class='ocrx_word' id='word_1_451' title='bbox 184 3385 417 3450; x_wconf 57' lang='grc' dir='ltr'>φανερῶς</span> <span class='ocrx_word' id='word_1_452' title='bbox 474 3378 561 3430; x_wconf 82' lang='grc' dir='ltr'>ἕνα</span> <span class='ocrx_word' id='word_1_453' title='bbox 617 3381 747 3431; x_wconf 78' lang='grc' dir='ltr'>Θεὸν</span> <span class='ocrx_word' id='word_1_454' title='bbox 826 3376 1064 3435; x_wconf 81' lang='grc' dir='ltr'>ἀληθινὸν</span> <span class='ocrx_word' id='word_1_455' title='bbox 1132 3372 1261 3429; x_wconf 86' lang='grc' dir='ltr'>εἶναι</span> <span class='ocrx_word' id='word_1_456' title='bbox 1321 3383 1420 3426; x_wconf 93' lang='grc' dir='ltr'>τῶν</span> <span class='ocrx_word' id='word_1_457' title='bbox 1472 3379 1801 3445; x_wconf 82' lang='grc' dir='ltr'>Χριστιανῶν</span> 
     </span>
    </p>
   </div>
   <div class='ocr_carea' id='block_1_61' title="bbox 186 3462 1802 3541">
    <p class='ocr_par' dir='ltr' id='par_1_61' title="bbox 186 3462 1802 3541">
     <span class='ocr_line' id='line_1_61' title="bbox 186 3462 1802 3541; baseline -0.004 -24"><span class='ocrx_word' id='word_1_458' title='bbox 186 3466 593 3540; x_wconf 73' lang='grc' dir='ltr'>ἀνακράξαντες,</span> <span class='ocrx_word' id='word_1_459' title='bbox 635 3465 684 3519; x_wconf 81' lang='grc' dir='ltr'>έν</span> <span class='ocrx_word' id='word_1_460' title='bbox 730 3471 906 3527; x_wconf 84' lang='grc' dir='ltr'>τόποις</span> <span class='ocrx_word' id='word_1_461' title='bbox 970 3465 1178 3541; x_wconf 79' lang='grc' dir='ltr'>έρὴμοις</span> <span class='ocrx_word' id='word_1_462' title='bbox 1259 3470 1621 3521; x_wconf 75' lang='grc' dir='ltr'>κατακοπῆναι</span> <span class='ocrx_word' id='word_1_463' title='bbox 1671 3462 1802 3531; x_wconf 86' lang='grc' dir='ltr'>μετὰ</span> 
     </span>
    </p>
   </div>
   <div class='ocr_carea' id='block_1_62' title="bbox 184 3551 1799 3627">
    <p class='ocr_par' dir='ltr' id='par_1_62' title="bbox 184 3551 1799 3627">
     <span class='ocr_line' id='line_1_62' title="bbox 184 3551 1799 3627; baseline -0.004 -20"><span class='ocrx_word' id='word_1_464' title='bbox 184 3564 287 3607; x_wconf 81' lang='grc' dir='ltr'>τῶν</span> <span class='ocrx_word' id='word_1_465' title='bbox 314 3556 485 3607; x_wconf 74' lang='grc' dir='ltr'>ἄλλων</span> <span class='ocrx_word' id='word_1_466' title='bbox 549 3564 648 3607; x_wconf 86' lang='grc' dir='ltr'>τῶν</span> <span class='ocrx_word' id='word_1_467' title='bbox 700 3556 1200 3627; x_wconf 87' lang='grc' dir='ltr'>συμπιστευσάντων</span> <span class='ocrx_word' id='word_1_468' title='bbox 1255 3552 1433 3614; x_wconf 76' lang='grc' dir='ltr'>αὐτοῖς</span> <span class='ocrx_word' id='word_1_469' title='bbox 1490 3551 1799 3623; x_wconf 83' lang='grc' dir='ltr'>κατεκρίθη-</span> 
     </span>
    </p>
   </div>
   <div class='ocr_carea' id='block_1_63' title="bbox 186 3638 1799 3715">
    <p class='ocr_par' dir='ltr' id='par_1_63' title="bbox 186 3638 1799 3715">
     <span class='ocr_line' id='line_1_63' title="bbox 186 3638 1799 3715; baseline -0.004 -19"><span class='ocrx_word' id='word_1_470' title='bbox 186 3663 305 3707; x_wconf 81' lang='grc' dir='ltr'>σαν,</span> <span class='ocrx_word' id='word_1_471' title='bbox 337 3650 427 3696; x_wconf 85' lang='grc' dir='ltr'>καὶ</span> <span class='ocrx_word' id='word_1_472' title='bbox 484 3652 636 3696; x_wconf 84' lang='grc' dir='ltr'>τοῦτο</span> <span class='ocrx_word' id='word_1_473' title='bbox 684 3646 875 3715; x_wconf 82' lang='grc' dir='ltr'>μισθὸν</span> <span class='ocrx_word' id='word_1_474' title='bbox 924 3642 1068 3714; x_wconf 81' lang='grc' dir='ltr'>εἶχον</span> <span class='ocrx_word' id='word_1_475' title='bbox 1114 3650 1208 3704; x_wconf 81' lang='grc' dir='ltr'>τῆς</span> <span class='ocrx_word' id='word_1_476' title='bbox 1243 3639 1503 3702; x_wconf 76' lang='grc' dir='ltr'>εὐσεϐείας</span> <span class='ocrx_word' id='word_1_477' title='bbox 1544 3642 1601 3690; x_wconf 87' lang='grc' dir='ltr'>τὸ</span> <span class='ocrx_word' id='word_1_478' title='bbox 1634 3638 1799 3690; x_wconf 85' lang='grc' dir='ltr'>έκεῖνα</span> 
     </span>
    </p>
   </div>
   <div class='ocr_carea' id='block_1_64' title="bbox 184 3728 1798 3805">
    <p class='ocr_par' dir='ltr' id='par_1_64' title="bbox 184 3728 1798 3805">
     <span class='ocr_line' id='line_1_64' title="bbox 184 3728 1798 3805; baseline -0.004 -21"><span class='ocrx_word' id='word_1_479' title='bbox 184 3735 392 3797; x_wconf 78' lang='grc' dir='ltr'>παθεῖν,</span> <span class='ocrx_word' id='word_1_480' title='bbox 426 3732 463 3784; x_wconf 86' lang='grc' dir='ltr'><strong>ἆ</strong></span> <span class='ocrx_word' id='word_1_481' title='bbox 519 3732 689 3801; x_wconf 82' lang='grc' dir='ltr'>πολλῷ</span> <span class='ocrx_word' id='word_1_482' title='bbox 738 3732 927 3805; x_wconf 80' lang='grc' dir='ltr'>μᾶλλον</span> <span class='ocrx_word' id='word_1_483' title='bbox 974 3735 1097 3794; x_wconf 83' lang='grc' dir='ltr'>τοὺς</span> <span class='ocrx_word' id='word_1_484' title='bbox 1141 3736 1233 3789; x_wconf 78' lang='grc' dir='ltr'>τὴν</span> <span class='ocrx_word' id='word_1_485' title='bbox 1286 3735 1461 3803; x_wconf 84' lang='grc' dir='ltr'>κρίσιν</span> <span class='ocrx_word' id='word_1_486' title='bbox 1518 3728 1798 3797; x_wconf 76' lang='grc' dir='ltr'>ἐξενεγκόν-</span> 
     </span>
    </p>
   </div>
   <div class='ocr_carea' id='block_1_65' title="bbox 183 3817 1796 3894">
    <p class='ocr_par' dir='ltr' id='par_1_65' title="bbox 183 3817 1796 3894">
     <span class='ocr_line' id='line_1_65' title="bbox 183 3817 1796 3894; baseline -0.002 -24"><span class='ocrx_word' id='word_1_487' title='bbox 183 3841 271 3881; x_wconf 77' lang='grc' dir='ltr'>τας</span> <span class='ocrx_word' id='word_1_488' title='bbox 300 3818 363 3878; x_wconf 69' lang='grc' dir='ltr'>ἦν</span> <span class='ocrx_word' id='word_1_489' title='bbox 393 3821 566 3883; x_wconf 76' lang='grc' dir='ltr'>ἄξιον,</span> <span class='ocrx_word' id='word_1_490' title='bbox 623 3822 969 3894; x_wconf 83' lang='grc' dir='ltr'>’Δπαγόμενοι</span> <span class='ocrx_word' id='word_1_491' title='bbox 1022 3817 1081 3873; x_wconf 77' lang='grc' dir='ltr'>δε</span> <span class='ocrx_word' id='word_1_492' title='bbox 1133 3820 1204 3883; x_wconf 87' lang='grc' dir='ltr'>εἰς</span> <span class='ocrx_word' id='word_1_493' title='bbox 1256 3824 1342 3872; x_wconf 85' lang='grc' dir='ltr'>τὸν</span> <span class='ocrx_word' id='word_1_494' title='bbox 1365 3827 1463 3881; x_wconf 83' lang='grc' dir='ltr'>τῆς</span> <span class='ocrx_word' id='word_1_495' title='bbox 1490 3817 1796 3877; x_wconf 85' lang='grc' dir='ltr'>τελειώσεως</span> 
     </span>
    </p>
   </div>
   <div class='ocr_carea' id='block_1_66' title="bbox 188 3909 1792 3982">
    <p class='ocr_par' dir='ltr' id='par_1_66' title="bbox 188 3909 1792 3982">
     <span class='ocr_line' id='line_1_66' title="bbox 188 3909 1792 3982; baseline -0.003 -21"><span class='ocrx_word' id='word_1_496' title='bbox 188 3916 366 3973; x_wconf 73' lang='grc' dir='ltr'>τόπον,</span> <span class='ocrx_word' id='word_1_497' title='bbox 398 3914 581 3970; x_wconf 81' lang='grc' dir='ltr'>πάντες</span> <span class='ocrx_word' id='word_1_498' title='bbox 616 3913 684 3970; x_wconf 77' lang='grc' dir='ltr'>ὡς</span> <span class='ocrx_word' id='word_1_499' title='bbox 731 3909 787 3961; x_wconf 80' lang='grc' dir='ltr'>ἐκ</span> <span class='ocrx_word' id='word_1_500' title='bbox 832 3917 955 3982; x_wconf 78' lang='grc' dir='ltr'>μιᾶς</span> <span class='ocrx_word' id='word_1_501' title='bbox 1015 3914 1101 3961; x_wconf 74' lang='grc' dir='ltr'>καὶ</span> <span class='ocrx_word' id='word_1_502' title='bbox 1159 3909 1396 3980; x_wconf 77' lang='grc' dir='ltr'>γλώττης</span> <span class='ocrx_word' id='word_1_503' title='bbox 1434 3912 1523 3959; x_wconf 84' lang='grc' dir='ltr'>καὶ</span> <span class='ocrx_word' id='word_1_504' title='bbox 1564 3912 1792 3977; x_wconf 83' lang='grc' dir='ltr'>γνώμης,</span> 
     </span>
    </p>
   </div>
   <div class='ocr_carea' id='block_1_67' title="bbox 1918 2741 3573 2819">
    <p class='ocr_par' dir='ltr' id='par_1_67' title="bbox 1918 2741 3573 2819">
     <span class='ocr_line' id='line_1_67' title="bbox 1918 2741 3573 2819; baseline 0.005 -22"><span class='ocrx_word' id='word_1_505' title='bbox 1918 2741 1989 2800; x_wconf 90' lang='lat' dir='ltr'>lis</span> <span class='ocrx_word' id='word_1_506' title='bbox 2017 2759 2087 2799; x_wconf 90' lang='lat' dir='ltr'>ac</span> <span class='ocrx_word' id='word_1_507' title='bbox 2137 2752 2334 2803; x_wconf 90' lang='lat' dir='ltr'>mente</span> <span class='ocrx_word' id='word_1_508' title='bbox 2363 2748 2523 2819; x_wconf 90' lang='lat' dir='ltr'>capti</span> <span class='ocrx_word' id='word_1_509' title='bbox 2568 2764 2692 2805; x_wconf 94' lang='lat' dir='ltr'>non</span> <span class='ocrx_word' id='word_1_510' title='bbox 2722 2754 2943 2817; x_wconf 86' lang='lat' dir='ltr'>essent,</span> <span class='ocrx_word' id='word_1_511' title='bbox 3001 2749 3315 2819; x_wconf 90' lang='lat' dir='ltr'>Georgium</span> <span class='ocrx_word' id='word_1_512' title='bbox 3348 2766 3409 2807; x_wconf 91' lang='lat' dir='ltr'>se</span> <span class='ocrx_word' id='word_1_513' title='bbox 3466 2767 3573 2807; x_wconf 92' lang='lat' dir='ltr'>an-</span> 
     </span>
    </p>
   </div>
   <div class='ocr_carea' id='block_1_68' title="bbox 1915 2834 3575 2911">
    <p class='ocr_par' dir='ltr' id='par_1_68' title="bbox 1915 2834 3575 2911">
     <span class='ocr_line' id='line_1_68' title="bbox 1915 2834 3575 2911; baseline 0.004 -21"><span class='ocrx_word' id='word_1_514' title='bbox 1915 2834 2211 2891; x_wconf 89' lang='lat' dir='ltr'>nuntiavit</span> <span class='ocrx_word' id='word_1_515' title='bbox 2256 2842 2312 2893; x_wconf 90' lang='lat' dir='ltr'>et</span> <span class='ocrx_word' id='word_1_516' title='bbox 2351 2836 2614 2893; x_wconf 87' lang='lat' dir='ltr'>veritatis</span> <span class='ocrx_word' id='word_1_517' title='bbox 2646 2838 2811 2893; x_wconf 91' lang='lat' dir='ltr'>testis</span> <span class='ocrx_word' id='word_1_518' title='bbox 2863 2849 2992 2894; x_wconf 90' lang='lat' dir='ltr'>esse</span> <span class='ocrx_word' id='word_1_519' title='bbox 3018 2839 3278 2895; x_wconf 89' lang='lat' dir='ltr'>creditus</span> <span class='ocrx_word' id='word_1_520' title='bbox 3308 2845 3416 2907; x_wconf 90' lang='lat' dir='ltr'>est,</span> <span class='ocrx_word' id='word_1_521' title='bbox 3448 2838 3575 2911; x_wconf 90' lang='lat' dir='ltr'>plu-</span> 
     </span>
    </p>
   </div>
   <div class='ocr_carea' id='block_1_69' title="bbox 1914 2923 3573 3000">
    <p class='ocr_par' dir='ltr' id='par_1_69' title="bbox 1914 2923 3573 3000">
     <span class='ocr_line' id='line_1_69' title="bbox 1914 2923 3573 3000; baseline 0.005 -23"><span class='ocrx_word' id='word_1_522' title='bbox 1914 2923 2080 2979; x_wconf 91' lang='lat' dir='ltr'>rimis</span> <span class='ocrx_word' id='word_1_523' title='bbox 2111 2924 2317 2979; x_wconf 91' lang='lat' dir='ltr'>salutis</span> <span class='ocrx_word' id='word_1_524' title='bbox 2348 2932 2557 2981; x_wconf 90' lang='lat' dir='ltr'>auctor</span> <span class='ocrx_word' id='word_1_525' title='bbox 2585 2931 2641 2982; x_wconf 90' lang='lat' dir='ltr'>et</span> <span class='ocrx_word' id='word_1_526' title='bbox 2671 2926 2807 2982; x_wconf 87' lang='lat' dir='ltr'>ﬁdei</span> <span class='ocrx_word' id='word_1_527' title='bbox 2840 2927 2898 2983; x_wconf 95' lang='lat' dir='ltr'>in</span> <span class='ocrx_word' id='word_1_528' title='bbox 2923 2926 3219 2983; x_wconf 88' lang='lat' dir='ltr'>Christum</span> <span class='ocrx_word' id='word_1_529' title='bbox 3253 2927 3573 3000; x_wconf 84' lang='lat' dir='ltr'>sospitator</span> 
     </span>
    </p>
   </div>
   <div class='ocr_carea' id='block_1_70' title="bbox 1914 3011 3572 3089">
    <p class='ocr_par' dir='ltr' id='par_1_70' title="bbox 1914 3011 3572 3089">
     <span class='ocr_line' id='line_1_70' title="bbox 1914 3011 3572 3089; baseline 0.003 -22"><span class='ocrx_word' id='word_1_530' title='bbox 1914 3011 2127 3079; x_wconf 88' lang='lat' dir='ltr'>factus,</span> <span class='ocrx_word' id='word_1_531' title='bbox 2144 3017 2206 3068; x_wconf 94' lang='lat' dir='ltr'>ut</span> <span class='ocrx_word' id='word_1_532' title='bbox 2230 3014 2501 3071; x_wconf 88' lang='lat' dir='ltr'>Anatolio</span> <span class='ocrx_word' id='word_1_533' title='bbox 2526 3019 2583 3071; x_wconf 93' lang='lat' dir='ltr'>et</span> <span class='ocrx_word' id='word_1_534' title='bbox 2603 3015 2958 3071; x_wconf 91' lang='lat' dir='ltr'>Protoleonti</span> <span class='ocrx_word' id='word_1_535' title='bbox 2971 3015 3227 3071; x_wconf 90' lang='lat' dir='ltr'>ducibus</span> <span class='ocrx_word' id='word_1_536' title='bbox 3252 3017 3356 3088; x_wconf 91' lang='lat' dir='ltr'>qui</span> <span class='ocrx_word' id='word_1_537' title='bbox 3383 3017 3441 3072; x_wconf 92' lang='lat' dir='ltr'>in</span> <span class='ocrx_word' id='word_1_538' title='bbox 3457 3017 3572 3089; x_wconf 87' lang='lat' dir='ltr'>pri-</span> 
     </span>
    </p>
   </div>
   <div class='ocr_carea' id='block_1_71' title="bbox 1914 3101 3571 3163">
    <p class='ocr_par' dir='ltr' id='par_1_71' title="bbox 1914 3101 3571 3163">
     <span class='ocr_line' id='line_1_71' title="bbox 1914 3101 3571 3163; baseline 0.004 -7"><span class='ocrx_word' id='word_1_539' title='bbox 1914 3101 2028 3156; x_wconf 87' lang='lat' dir='ltr'>mis</span> <span class='ocrx_word' id='word_1_540' title='bbox 2058 3101 2333 3158; x_wconf 87' lang='lat' dir='ltr'>ﬁdelibus</span> <span class='ocrx_word' id='word_1_541' title='bbox 2359 3103 2725 3161; x_wconf 83' lang='lat' dir='ltr'>exstiterunt.</span> <span class='ocrx_word' id='word_1_542' title='bbox 2758 3104 2824 3159; x_wconf 87' lang='lat' dir='ltr'>Hi</span> <span class='ocrx_word' id='word_1_543' title='bbox 2877 3120 3062 3160; x_wconf 91' lang='lat' dir='ltr'>unum</span> <span class='ocrx_word' id='word_1_544' title='bbox 3102 3104 3571 3163; x_wconf 87' lang='lat' dir='ltr'>Christianorum</span> 
     </span>
    </p>
   </div>
   <div class='ocr_carea' id='block_1_72' title="bbox 1915 3191 3570 3259">
    <p class='ocr_par' dir='ltr' id='par_1_72' title="bbox 1915 3191 3570 3259">
     <span class='ocr_line' id='line_1_72' title="bbox 1915 3191 3570 3259; baseline 0.004 -14"><span class='ocrx_word' id='word_1_545' title='bbox 1915 3191 2099 3246; x_wconf 91' lang='lat' dir='ltr'>Deum</span> <span class='ocrx_word' id='word_1_546' title='bbox 2148 3207 2358 3247; x_wconf 88' lang='lat' dir='ltr'>verum</span> <span class='ocrx_word' id='word_1_547' title='bbox 2390 3207 2522 3249; x_wconf 91' lang='lat' dir='ltr'>esse</span> <span class='ocrx_word' id='word_1_548' title='bbox 2551 3192 2910 3250; x_wconf 89' lang='lat' dir='ltr'>unanimiter</span> <span class='ocrx_word' id='word_1_549' title='bbox 2943 3192 3372 3259; x_wconf 86' lang='lat' dir='ltr'>exclamarunt,</span> <span class='ocrx_word' id='word_1_550' title='bbox 3406 3198 3463 3250; x_wconf 92' lang='lat' dir='ltr'>et</span> <span class='ocrx_word' id='word_1_551' title='bbox 3509 3194 3570 3251; x_wconf 90' lang='lat' dir='ltr'>in</span> 
     </span>
    </p>
   </div>
   <div class='ocr_carea' id='block_1_73' title="bbox 1910 3279 3571 3355">
    <p class='ocr_par' dir='ltr' id='par_1_73' title="bbox 1910 3279 3571 3355">
     <span class='ocr_line' id='line_1_73' title="bbox 1910 3279 3571 3355; baseline 0.004 -20"><span class='ocrx_word' id='word_1_552' title='bbox 1910 3279 2043 3336; x_wconf 89' lang='lat' dir='ltr'>loco</span> <span class='ocrx_word' id='word_1_553' title='bbox 2068 3280 2301 3336; x_wconf 87' lang='lat' dir='ltr'>deserto</span> <span class='ocrx_word' id='word_1_554' title='bbox 2337 3285 2400 3336; x_wconf 90' lang='lat' dir='ltr'>ut</span> <span class='ocrx_word' id='word_1_555' title='bbox 2429 3283 2622 3354; x_wconf 88' lang='lat' dir='ltr'>capite</span> <span class='ocrx_word' id='word_1_556' title='bbox 2662 3282 3060 3354; x_wconf 89' lang='lat' dir='ltr'>plecterentur</span> <span class='ocrx_word' id='word_1_557' title='bbox 3098 3297 3237 3339; x_wconf 91' lang='lat' dir='ltr'>cum</span> <span class='ocrx_word' id='word_1_558' title='bbox 3267 3282 3571 3355; x_wconf 88' lang='lat' dir='ltr'>aliquibus</span> 
     </span>
    </p>
   </div>
   <div class='ocr_carea' id='block_1_74' title="bbox 1911 3370 3569 3443">
    <p class='ocr_par' dir='ltr' id='par_1_74' title="bbox 1911 3370 3569 3443">
     <span class='ocr_line' id='line_1_74' title="bbox 1911 3370 3569 3443; baseline 0.004 -19"><span class='ocrx_word' id='word_1_559' title='bbox 1911 3370 2291 3427; x_wconf 91' lang='lat' dir='ltr'>consortibus</span> <span class='ocrx_word' id='word_1_560' title='bbox 2324 3370 2710 3427; x_wconf 90' lang='lat' dir='ltr'>condemnati</span> <span class='ocrx_word' id='word_1_561' title='bbox 2741 3379 2893 3427; x_wconf 90' lang='lat' dir='ltr'>sunt.</span> <span class='ocrx_word' id='word_1_562' title='bbox 2929 3371 3160 3428; x_wconf 88' lang='lat' dir='ltr'>Pietatis</span> <span class='ocrx_word' id='word_1_563' title='bbox 3192 3371 3370 3443; x_wconf 89' lang='lat' dir='ltr'>igitur</span> <span class='ocrx_word' id='word_1_564' title='bbox 3418 3389 3569 3430; x_wconf 87' lang='lat' dir='ltr'>mer-</span> 
     </span>
    </p>
   </div>
   <div class='ocr_carea' id='block_1_75' title="bbox 1908 3459 3570 3534">
    <p class='ocr_par' dir='ltr' id='par_1_75' title="bbox 1908 3459 3570 3534">
     <span class='ocr_line' id='line_1_75' title="bbox 1908 3459 3570 3534; baseline 0.002 -20"><span class='ocrx_word' id='word_1_565' title='bbox 1908 3459 2116 3515; x_wconf 89' lang='lat' dir='ltr'>cedem</span> <span class='ocrx_word' id='word_1_566' title='bbox 2148 3459 2305 3516; x_wconf 91' lang='lat' dir='ltr'>nacti</span> <span class='ocrx_word' id='word_1_567' title='bbox 2338 3465 2497 3526; x_wconf 91' lang='lat' dir='ltr'>sunt,</span> <span class='ocrx_word' id='word_1_568' title='bbox 2526 3476 2650 3532; x_wconf 87' lang='lat' dir='ltr'>qua</span> <span class='ocrx_word' id='word_1_569' title='bbox 2666 3460 2900 3530; x_wconf 90' lang='lat' dir='ltr'>judices</span> <span class='ocrx_word' id='word_1_570' title='bbox 2924 3461 3089 3534; x_wconf 89' lang='lat' dir='ltr'>impii</span> <span class='ocrx_word' id='word_1_571' title='bbox 3122 3460 3311 3518; x_wconf 92' lang='lat' dir='ltr'>multo</span> <span class='ocrx_word' id='word_1_572' title='bbox 3340 3460 3570 3533; x_wconf 88' lang='lat' dir='ltr'>dignio-</span> 
     </span>
    </p>
   </div>
   <div class='ocr_carea' id='block_1_76' title="bbox 1907 3548 3565 3622">
    <p class='ocr_par' dir='ltr' id='par_1_76' title="bbox 1907 3548 3565 3622">
     <span class='ocr_line' id='line_1_76' title="bbox 1907 3548 3565 3622; baseline 0.002 -19"><span class='ocrx_word' id='word_1_573' title='bbox 1907 3564 2000 3603; x_wconf 89' lang='lat' dir='ltr'>res</span> <span class='ocrx_word' id='word_1_574' title='bbox 2054 3548 2307 3604; x_wconf 91' lang='lat' dir='ltr'>fuerant.</span> <span class='ocrx_word' id='word_1_575' title='bbox 2346 3548 2454 3605; x_wconf 91' lang='lat' dir='ltr'>Ubi</span> <span class='ocrx_word' id='word_1_576' title='bbox 2499 3549 2558 3604; x_wconf 92' lang='lat' dir='ltr'>in</span> <span class='ocrx_word' id='word_1_577' title='bbox 2588 3549 2787 3605; x_wconf 90' lang='lat' dir='ltr'>locum</span> <span class='ocrx_word' id='word_1_578' title='bbox 2820 3550 3090 3622; x_wconf 90' lang='lat' dir='ltr'>supplicii</span> <span class='ocrx_word' id='word_1_579' title='bbox 3146 3554 3565 3622; x_wconf 88' lang='lat' dir='ltr'>pervenerunt,</span> 
     </span>
    </p>
   </div>
   <div class='ocr_carea' id='block_1_77' title="bbox 1907 3638 3565 3706">
    <p class='ocr_par' dir='ltr' id='par_1_77' title="bbox 1907 3638 3565 3706">
     <span class='ocr_line' id='line_1_77' title="bbox 1907 3638 3565 3706; baseline 0.003 -14"><span class='ocrx_word' id='word_1_580' title='bbox 1907 3652 2119 3693; x_wconf 90' lang='lat' dir='ltr'>omnes</span> <span class='ocrx_word' id='word_1_581' title='bbox 2146 3653 2268 3694; x_wconf 91' lang='lat' dir='ltr'>una</span> <span class='ocrx_word' id='word_1_582' title='bbox 2284 3653 2428 3694; x_wconf 88' lang='lat' dir='ltr'>voce</span> <span class='ocrx_word' id='word_1_583' title='bbox 2449 3642 2507 3694; x_wconf 87' lang='lat' dir='ltr'>et</span> <span class='ocrx_word' id='word_1_584' title='bbox 2524 3653 2645 3694; x_wconf 93' lang='lat' dir='ltr'>una</span> <span class='ocrx_word' id='word_1_585' title='bbox 2659 3643 2887 3694; x_wconf 89' lang='lat' dir='ltr'>mente:</span> <span class='ocrx_word' id='word_1_586' title='bbox 2910 3640 3151 3695; x_wconf 91' lang='lat' dir='ltr'>Domine</span> <span class='ocrx_word' id='word_1_587' title='bbox 3169 3641 3195 3695; x_wconf 86' lang='lat' dir='ltr'><strong>J</strong></span> <span class='ocrx_word' id='word_1_588' title='bbox 3201 3655 3304 3695; x_wconf 89' lang='lat' dir='ltr'>esu</span> <span class='ocrx_word' id='word_1_589' title='bbox 3319 3638 3565 3706; x_wconf 87' lang='lat' dir='ltr'>Christe,</span> 
     </span>
    </p>
   </div>
   <div class='ocr_carea' id='block_1_78' title="bbox 1905 3726 3569 3798">
    <p class='ocr_par' dir='ltr' id='par_1_78' title="bbox 1905 3726 3569 3798">
     <span class='ocr_line' id='line_1_78' title="bbox 1905 3726 3569 3798; baseline 0.001 -16"><span class='ocrx_word' id='word_1_590' title='bbox 1905 3727 2332 3793; x_wconf 85' lang='lat' dir='ltr'>clamaverunt,</span> <span class='ocrx_word' id='word_1_591' title='bbox 2374 3727 2570 3798; x_wconf 90' lang='lat' dir='ltr'>recipe</span> <span class='ocrx_word' id='word_1_592' title='bbox 2596 3727 2831 3783; x_wconf 90' lang='lat' dir='ltr'>animas</span> <span class='ocrx_word' id='word_1_593' title='bbox 2852 3732 3084 3782; x_wconf 88' lang='lat' dir='ltr'>nostras</span> <span class='ocrx_word' id='word_1_594' title='bbox 3113 3726 3173 3782; x_wconf 94' lang='lat' dir='ltr'>in</span> <span class='ocrx_word' id='word_1_595' title='bbox 3205 3742 3355 3798; x_wconf 91' lang='lat' dir='ltr'>pace</span> <span class='ocrx_word' id='word_1_596' title='bbox 3389 3743 3402 3793; x_wconf 91' lang='lat'><strong>;</strong></span> <span class='ocrx_word' id='word_1_597' title='bbox 3436 3732 3491 3784; x_wconf 90' lang='lat' dir='ltr'>et</span> <span class='ocrx_word' id='word_1_598' title='bbox 3521 3728 3569 3784; x_wconf 90' lang='lat' dir='ltr'>si</span> 
     </span>
    </p>
   </div>
   <div class='ocr_carea' id='block_1_79' title="bbox 1904 3814 3565 3887">
    <p class='ocr_par' dir='ltr' id='par_1_79' title="bbox 1904 3814 3565 3887">
     <span class='ocr_line' id='line_1_79' title="bbox 1904 3814 3565 3887; baseline 0 -16"><span class='ocrx_word' id='word_1_599' title='bbox 1904 3816 2065 3871; x_wconf 90' lang='lat' dir='ltr'>hisce</span> <span class='ocrx_word' id='word_1_600' title='bbox 2088 3814 2269 3871; x_wconf 88' lang='lat' dir='ltr'>ﬁdem</span> <span class='ocrx_word' id='word_1_601' title='bbox 2287 3816 2346 3870; x_wconf 91' lang='lat' dir='ltr'>in</span> <span class='ocrx_word' id='word_1_602' title='bbox 2366 3820 2418 3871; x_wconf 92' lang='lat' dir='ltr'>te</span> <span class='ocrx_word' id='word_1_603' title='bbox 2440 3814 2809 3887; x_wconf 90' lang='lat' dir='ltr'>proﬁtemur,</span> <span class='ocrx_word' id='word_1_604' title='bbox 2828 3816 2888 3869; x_wconf 94' lang='lat' dir='ltr'>in</span> <span class='ocrx_word' id='word_1_605' title='bbox 2900 3814 3195 3885; x_wconf 87' lang='lat' dir='ltr'>justitiam</span> <span class='ocrx_word' id='word_1_606' title='bbox 3212 3815 3565 3887; x_wconf 87' lang='lat' dir='ltr'>imputabis,</span> 
     </span>
    </p>
   </div>
   <div class='ocr_carea' id='block_1_80' title="bbox 1905 3903 3564 3975">
    <p class='ocr_par' dir='ltr' id='par_1_80' title="bbox 1905 3903 3564 3975">
     <span class='ocr_line' id='line_1_80' title="bbox 1905 3903 3564 3975; baseline 0 -16"><span class='ocrx_word' id='word_1_607' title='bbox 1905 3910 1960 3961; x_wconf 87' lang='lat' dir='ltr'>et</span> <span class='ocrx_word' id='word_1_608' title='bbox 1989 3904 2252 3959; x_wconf 87' lang='lat' dir='ltr'>remissis</span> <span class='ocrx_word' id='word_1_609' title='bbox 2284 3903 2542 3975; x_wconf 86' lang='lat' dir='ltr'>peccatis</span> <span class='ocrx_word' id='word_1_610' title='bbox 2581 3903 2641 3958; x_wconf 91' lang='lat' dir='ltr'>in</span> <span class='ocrx_word' id='word_1_611' title='bbox 2673 3907 2895 3957; x_wconf 66' lang='lat' dir='ltr'>aeterno</span> <span class='ocrx_word' id='word_1_612' title='bbox 2929 3917 3039 3958; x_wconf 93' lang='lat' dir='ltr'>nos</span> <span class='ocrx_word' id='word_1_613' title='bbox 3077 3916 3261 3971; x_wconf 90' lang='lat' dir='ltr'>regno</span> <span class='ocrx_word' id='word_1_614' title='bbox 3293 3908 3396 3959; x_wconf 92' lang='lat' dir='ltr'>tuo</span> <span class='ocrx_word' id='word_1_615' title='bbox 3426 3918 3564 3959; x_wconf 89' lang='lat' dir='ltr'>con-</span> 
     </span>
    </p>
   </div>
   <div class='ocr_carea' id='block_1_81' title="bbox 189 3990 1809 4073">
    <p class='ocr_par' dir='ltr' id='par_1_81' title="bbox 189 3992 1796 4073">
     <span class='ocr_line' id='line_1_81' title="bbox 189 3992 1796 4073; baseline -0.003 -22"><span class='ocrx_word' id='word_1_616' title='bbox 189 4003 370 4073; x_wconf 70' lang='grc' dir='ltr'>ιῦριε,</span> <span class='ocrx_word' id='word_1_617' title='bbox 400 4000 641 4072; x_wconf 75' lang='grc' dir='ltr'>ἔκραζον,</span> <span class='ocrx_word' id='word_1_618' title='bbox 688 3998 865 4057; x_wconf 82' lang='grc' dir='ltr'>Ἰησοῦ</span> <span class='ocrx_word' id='word_1_619' title='bbox 919 4001 1135 4070; x_wconf 75' lang='grc' dir='ltr'>Χριστε,</span> <span class='ocrx_word' id='word_1_620' title='bbox 1166 3992 1456 4069; x_wconf 78' lang='grc' dir='ltr'>πρόσδεξαι</span> <span class='ocrx_word' id='word_1_621' title='bbox 1491 3999 1582 4057; x_wconf 81' lang='grc' dir='ltr'>τὰς</span> <span class='ocrx_word' id='word_1_622' title='bbox 1610 3994 1796 4067; x_wconf 75' lang='grc' dir='ltr'>ψυχὰς</span> 
     </span>
    </p>
   </div>
   <div class='ocr_carea' id='block_1_82' title="bbox 1910 3990 3563 4073">
    <p class='ocr_par' dir='ltr' id='par_1_82' title="bbox 1910 3990 3563 4065">
     <span class='ocr_line' id='line_1_82' title="bbox 1910 3990 3563 4065; baseline -0.001 -17"><span class='ocrx_word' id='word_1_623' title='bbox 1910 3996 2074 4049; x_wconf 85' lang='lat' dir='ltr'>stitue</span> <span class='ocrx_word' id='word_1_624' title='bbox 2108 3992 2368 4065; x_wconf 87' lang='lat' dir='ltr'>;quibus</span> <span class='ocrx_word' id='word_1_625' title='bbox 2398 3991 2569 4047; x_wconf 89' lang='lat' dir='ltr'>dictis</span> <span class='ocrx_word' id='word_1_626' title='bbox 2624 3990 2893 4063; x_wconf 88' lang='lat' dir='ltr'>martyrii</span> <span class='ocrx_word' id='word_1_627' title='bbox 2944 4005 3168 4047; x_wconf 87' lang='lat' dir='ltr'>corona</span> <span class='ocrx_word' id='word_1_628' title='bbox 3196 3991 3281 4046; x_wconf 90' lang='lat' dir='ltr'>eis</span> <span class='ocrx_word' id='word_1_629' title='bbox 3328 3992 3563 4063; x_wconf 88' lang='lat' dir='ltr'>obtigit.</span> 
     </span>
    </p>
   </div>
   <div class='ocr_carea' id='block_1_83' title="bbox 186 4084 1795 4161">
    <p class='ocr_par' dir='ltr' id='par_1_83' title="bbox 186 4084 1795 4161">
     <span class='ocr_line' id='line_1_83' title="bbox 186 4084 1795 4161; baseline -0.002 -23"><span class='ocrx_word' id='word_1_630' title='bbox 186 4087 406 4158; x_wconf 69' lang='grc' dir='ltr'>ἡμῶνὶν</span> <span class='ocrx_word' id='word_1_631' title='bbox 463 4088 637 4161; x_wconf 77' lang='grc' dir='ltr'>εἰρήνῃ</span> <span class='ocrx_word' id='word_1_632' title='bbox 700 4106 711 4116; x_wconf 74' lang='grc' dir='ltr'>ο</span> <span class='ocrx_word' id='word_1_633' title='bbox 771 4093 861 4139; x_wconf 81' lang='grc' dir='ltr'>καὶ</span> <span class='ocrx_word' id='word_1_634' title='bbox 913 4092 1005 4145; x_wconf 82' lang='grc' dir='ltr'>τὴν</span> <span class='ocrx_word' id='word_1_635' title='bbox 1043 4085 1301 4159; x_wconf 80' lang='grc' dir='ltr'>βραχεῖαν</span> <span class='ocrx_word' id='word_1_636' title='bbox 1350 4084 1626 4157; x_wconf 71' lang='grc' dir='ltr'>ὁμολογίαν</span> <span class='ocrx_word' id='word_1_637' title='bbox 1674 4088 1795 4136; x_wconf 86' lang='grc' dir='ltr'>ταύ-</span> 
     </span>
    </p>
   </div>
   <div class='ocr_carea' id='block_1_84' title="bbox 183 4173 1796 4245">
    <p class='ocr_par' dir='ltr' id='par_1_84' title="bbox 183 4173 1796 4245">
     <span class='ocr_line' id='line_1_84' title="bbox 183 4173 1796 4245; baseline -0.001 -18"><span class='ocrx_word' id='word_1_638' title='bbox 183 4196 277 4234; x_wconf 76' lang='grc' dir='ltr'>την</span> <span class='ocrx_word' id='word_1_639' title='bbox 306 4184 399 4236; x_wconf 78' lang='grc' dir='ltr'>τῆς</span> <span class='ocrx_word' id='word_1_640' title='bbox 432 4176 504 4235; x_wconf 84' lang='grc' dir='ltr'>εἰς</span> <span class='ocrx_word' id='word_1_641' title='bbox 554 4180 611 4229; x_wconf 77' lang='grc' dir='ltr'>σε</span> <span class='ocrx_word' id='word_1_642' title='bbox 653 4181 895 4238; x_wconf 79' lang='grc' dir='ltr'>πίστεως,</span> <span class='ocrx_word' id='word_1_643' title='bbox 948 4175 1016 4235; x_wconf 83' lang='grc' dir='ltr'>εἰς</span> <span class='ocrx_word' id='word_1_644' title='bbox 1059 4173 1399 4232; x_wconf 83' lang='grc' dir='ltr'>δικαιοσύνην</span> <span class='ocrx_word' id='word_1_645' title='bbox 1455 4173 1796 4245; x_wconf 77' lang='grc' dir='ltr'>λογισάμενος</span> 
     </span>
    </p>
   </div>
   <div class='ocr_carea' id='block_1_85' title="bbox 184 4263 1793 4338">
    <p class='ocr_par' dir='ltr' id='par_1_85' title="bbox 184 4263 1793 4338">
     <span class='ocr_line' id='line_1_85' title="bbox 184 4263 1793 4338; baseline -0.003 -20"><span class='ocrx_word' id='word_1_646' title='bbox 184 4272 272 4318; x_wconf 74' lang='grc' dir='ltr'>καὶ</span> <span class='ocrx_word' id='word_1_647' title='bbox 323 4264 687 4338; x_wconf 72' lang='grc' dir='ltr'>ἀπολύτρωσιν</span> <span class='ocrx_word' id='word_1_648' title='bbox 728 4274 827 4317; x_wconf 86' lang='grc' dir='ltr'>τῶν</span> <span class='ocrx_word' id='word_1_649' title='bbox 878 4267 1136 4337; x_wconf 73' lang='grc' dir='ltr'>ἡμετέρων</span> <span class='ocrx_word' id='word_1_650' title='bbox 1202 4263 1489 4336; x_wconf 80' lang='grc' dir='ltr'>ἁμαρτιῶν,</span> <span class='ocrx_word' id='word_1_651' title='bbox 1544 4264 1643 4315; x_wconf 85' lang='grc' dir='ltr'>ύπό</span> <span class='ocrx_word' id='word_1_652' title='bbox 1701 4269 1793 4321; x_wconf 81' lang='grc' dir='ltr'>τήν</span> 
     </span>
    </p>
   </div>
   <div class='ocr_carea' id='block_1_86' title="bbox 185 4352 1793 4428">
    <p class='ocr_par' dir='ltr' id='par_1_86' title="bbox 185 4352 1793 4428">
     <span class='ocr_line' id='line_1_86' title="bbox 185 4352 1793 4428; baseline -0.002 -23"><span class='ocrx_word' id='word_1_653' title='bbox 185 4361 283 4413; x_wconf 65' lang='grc' dir='ltr'>σὴν</span> <span class='ocrx_word' id='word_1_654' title='bbox 345 4361 483 4428; x_wconf 76' lang='grc' dir='ltr'>ημᾶς</span> <span class='ocrx_word' id='word_1_655' title='bbox 515 4352 814 4425; x_wconf 75' lang='grc' dir='ltr'>ἁδιάδοχον</span> <span class='ocrx_word' id='word_1_656' title='bbox 878 4356 1212 4411; x_wconf 77' lang='grc' dir='ltr'>κατάστησον</span> <span class='ocrx_word' id='word_1_657' title='bbox 1274 4352 1545 4424; x_wconf 79' lang='grc' dir='ltr'>βασιλείαν</span> <span class='ocrx_word' id='word_1_658' title='bbox 1587 4372 1599 4382; x_wconf 93' lang='grc'><strong>·</strong></span> <span class='ocrx_word' id='word_1_659' title='bbox 1633 4352 1793 4413; x_wconf 76' lang='grc' dir='ltr'>οὕτως</span> 
     </span>
    </p>
   </div>
   <div class='ocr_carea' id='block_1_87' title="bbox 183 4438 1788 4517">
    <p class='ocr_par' dir='ltr' id='par_1_87' title="bbox 183 4438 1788 4517">
     <span class='ocr_line' id='line_1_87' title="bbox 183 4438 1788 4517; baseline 0.002 -23"><span class='ocrx_word' id='word_1_660' title='bbox 183 4446 445 4507; x_wconf 50' lang='lat' dir='ltr'>ams“,</span> <span class='ocrx_word' id='word_1_661' title='bbox 478 4448 535 4496; x_wconf 80' lang='grc' dir='ltr'>τὸ</span> <span class='ocrx_word' id='word_1_662' title='bbox 585 4451 682 4505; x_wconf 78' lang='grc' dir='ltr'>τῆς</span> <span class='ocrx_word' id='word_1_663' title='bbox 726 4447 1019 4517; x_wconf 75' lang='grc' dir='ltr'>μαρτυρίας</span> <span class='ocrx_word' id='word_1_664' title='bbox 1058 4438 1333 4513; x_wconf 80' lang='grc' dir='ltr'>έκδέχεται</span> <span class='ocrx_word' id='word_1_665' title='bbox 1390 4442 1546 4502; x_wconf 86' lang='grc' dir='ltr'>τέλος.</span> <span class='ocrx_word' id='word_1_666' title='bbox 1594 4446 1788 4517; x_wconf 83' lang='grc' dir='ltr'>Εὑρέθη</span> 
     </span>
    </p>
   </div>
   <div class='ocr_carea' id='block_1_88' title="bbox 182 4533 611 4604">
    <p class='ocr_par' dir='ltr' id='par_1_88' title="bbox 182 4533 611 4604">
     <span class='ocr_line' id='line_1_88' title="bbox 182 4533 611 4604; baseline 0.005 -21"><span class='ocrx_word' id='word_1_667' title='bbox 182 4538 269 4584; x_wconf 71' lang='grc' dir='ltr'>καὶ</span> <span class='ocrx_word' id='word_1_668' title='bbox 300 4536 331 4591; x_wconf 73' lang='grc' dir='ltr'>ἡ</span> <span class='ocrx_word' id='word_1_669' title='bbox 394 4533 611 4604; x_wconf 79' lang='grc' dir='ltr'>βασιλὶς</span> 
     </span>
    </p>
   </div>
   <div class='ocr_carea' id='block_1_89' title="bbox 704 4528 2257 4610">
    <p class='ocr_par' dir='ltr' id='par_1_89' title="bbox 704 4528 2257 4610">
     <span class='ocr_line' id='line_1_89' title="bbox 704 4528 2257 4610; baseline -0.003 -27"><span class='ocrx_word' id='word_1_670' title='bbox 704 4528 1039 4605; x_wconf 72' lang='grc' dir='ltr'>Ἀλεξάνδρα,</span> <span class='ocrx_word' id='word_1_671' title='bbox 1117 4535 1209 4588; x_wconf 78' lang='grc' dir='ltr'>τὴν</span> <span class='ocrx_word' id='word_1_672' title='bbox 1285 4529 1486 4602; x_wconf 79' lang='grc' dir='ltr'>ἀγαθὴν</span> <span class='ocrx_word' id='word_1_673' title='bbox 1559 4542 1657 4604; x_wconf 86' lang='grc' dir='ltr'>γῆν</span> <span class='ocrx_word' id='word_1_674' title='bbox 1731 4538 2093 4610; x_wconf 71' lang='grc' dir='ltr'>μιμησαμένη,</span> <span class='ocrx_word' id='word_1_675' title='bbox 2169 4533 2257 4581; x_wconf 87' lang='grc' dir='ltr'>καὶ</span> 
     </span>
    </p>
   </div>
   <div class='ocr_carea' id='block_1_90' title="bbox 1904 4080 3567 4154">
    <p class='ocr_par' dir='ltr' id='par_1_90' title="bbox 1904 4080 3567 4154">
     <span class='ocr_line' id='line_1_90' title="bbox 1904 4080 3567 4154; baseline 0 -15"><span class='ocrx_word' id='word_1_676' title='bbox 1904 4082 2241 4139; x_wconf 79' lang='lat' dir='ltr'>Alexandra</span> <span class='ocrx_word' id='word_1_677' title='bbox 2252 4097 2491 4154; x_wconf 90' lang='lat' dir='ltr'>quoque</span> <span class='ocrx_word' id='word_1_678' title='bbox 2506 4080 2852 4152; x_wconf 82' lang='lat' dir='ltr'>imperatrix</span> <span class='ocrx_word' id='word_1_679' title='bbox 2862 4080 3087 4136; x_wconf 90' lang='lat' dir='ltr'>bonam</span> <span class='ocrx_word' id='word_1_680' title='bbox 3103 4085 3321 4137; x_wconf 88' lang='lat' dir='ltr'>terram</span> <span class='ocrx_word' id='word_1_681' title='bbox 3336 4081 3567 4139; x_wconf 90' lang='lat' dir='ltr'>imitata</span> 
     </span>
    </p>
   </div>
   <div class='ocr_carea' id='block_1_91' title="bbox 1904 4169 3565 4241">
    <p class='ocr_par' dir='ltr' id='par_1_91' title="bbox 1904 4169 3565 4241">
     <span class='ocr_line' id='line_1_91' title="bbox 1904 4169 3565 4241; baseline -0.001 -11"><span class='ocrx_word' id='word_1_682' title='bbox 1904 4174 2089 4230; x_wconf 88' lang='lat' dir='ltr'>fuisse</span> <span class='ocrx_word' id='word_1_683' title='bbox 2116 4178 2171 4227; x_wconf 91' lang='lat' dir='ltr'>et</span> <span class='ocrx_word' id='word_1_684' title='bbox 2200 4185 2403 4227; x_wconf 91' lang='lat' dir='ltr'>semen</span> <span class='ocrx_word' id='word_1_685' title='bbox 2436 4186 2471 4226; x_wconf 94' lang='lat' dir='ltr'>a</span> <span class='ocrx_word' id='word_1_686' title='bbox 2500 4170 2749 4239; x_wconf 89' lang='lat' dir='ltr'>Georgio</span> <span class='ocrx_word' id='word_1_687' title='bbox 2777 4184 3063 4241; x_wconf 91' lang='lat' dir='ltr'>sparsum</span> <span class='ocrx_word' id='word_1_688' title='bbox 3090 4169 3230 4228; x_wconf 88' lang='lat' dir='ltr'>ﬁdei</span> <span class='ocrx_word' id='word_1_689' title='bbox 3286 4171 3347 4227; x_wconf 89' lang='lat' dir='ltr'>in</span> <span class='ocrx_word' id='word_1_690' title='bbox 3402 4170 3565 4229; x_wconf 89' lang='lat' dir='ltr'>Chri-</span> 
     </span>
    </p>
   </div>
   <div class='ocr_carea' id='block_1_92' title="bbox 1903 4257 3561 4332">
    <p class='ocr_par' dir='ltr' id='par_1_92' title="bbox 1903 4257 3561 4332">
     <span class='ocr_line' id='line_1_92' title="bbox 1903 4257 3561 4332; baseline 0.001 -15"><span class='ocrx_word' id='word_1_691' title='bbox 1903 4267 2063 4317; x_wconf 87' lang='lat' dir='ltr'>stum</span> <span class='ocrx_word' id='word_1_692' title='bbox 2088 4260 2407 4317; x_wconf 89' lang='lat' dir='ltr'>inseruisse</span> <span class='ocrx_word' id='word_1_693' title='bbox 2437 4257 2684 4314; x_wconf 87' lang='lat' dir='ltr'>videtur.</span> <span class='ocrx_word' id='word_1_694' title='bbox 2706 4258 2988 4316; x_wconf 84' lang='lat' dir='ltr'>Pietatem</span> <span class='ocrx_word' id='word_1_695' title='bbox 3010 4274 3274 4332; x_wconf 89' lang='lat' dir='ltr'>namque</span> <span class='ocrx_word' id='word_1_696' title='bbox 3291 4264 3561 4318; x_wconf 87' lang='lat' dir='ltr'>modeste</span> 
     </span>
    </p>
   </div>
   <div class='ocr_carea' id='block_1_93' title="bbox 1902 4347 3557 4419">
    <p class='ocr_par' dir='ltr' id='par_1_93' title="bbox 1902 4347 3557 4419">
     <span class='ocr_line' id='line_1_93' title="bbox 1902 4347 3557 4419; baseline -0.002 -10"><span class='ocrx_word' id='word_1_697' title='bbox 1902 4352 2103 4411; x_wconf 91' lang='lat' dir='ltr'>colens</span> <span class='ocrx_word' id='word_1_698' title='bbox 2119 4354 2177 4405; x_wconf 92' lang='lat' dir='ltr'>et</span> <span class='ocrx_word' id='word_1_699' title='bbox 2204 4348 2599 4404; x_wconf 86' lang='lat' dir='ltr'>Christianam</span> <span class='ocrx_word' id='word_1_700' title='bbox 2632 4363 2764 4403; x_wconf 89' lang='lat' dir='ltr'>sese</span> <span class='ocrx_word' id='word_1_701' title='bbox 2794 4348 3105 4413; x_wconf 88' lang='lat' dir='ltr'>conﬁtens,</span> <span class='ocrx_word' id='word_1_702' title='bbox 3141 4347 3255 4419; x_wconf 89' lang='lat' dir='ltr'>piis</span> <span class='ocrx_word' id='word_1_703' title='bbox 3290 4349 3557 4406; x_wconf 91' lang='lat' dir='ltr'>moribus</span> 
     </span>
    </p>
   </div>
   <div class='ocr_carea' id='block_1_94' title="bbox 1902 4435 2773 4509">
    <p class='ocr_par' dir='ltr' id='par_1_94' title="bbox 1902 4435 2773 4509">
     <span class='ocr_line' id='line_1_94' title="bbox 1902 4435 2773 4509; baseline -0.008 -9"><span class='ocrx_word' id='word_1_704' title='bbox 1902 4443 2169 4502; x_wconf 87' lang='lat' dir='ltr'>insistere</span> <span class='ocrx_word' id='word_1_705' title='bbox 2193 4452 2503 4509; x_wconf 92' lang='lat' dir='ltr'>nunquam</span> <span class='ocrx_word' id='word_1_706' title='bbox 2534 4435 2773 4493; x_wconf 90' lang='lat' dir='ltr'>destitit.</span> 
     </span>
    </p>
   </div>
   <div class='ocr_carea' id='block_1_95' title="bbox 2353 4524 3561 4599">
    <p class='ocr_par' dir='ltr' id='par_1_95' title="bbox 2353 4524 3561 4599">
     <span class='ocr_line' id='line_1_95' title="bbox 2353 4524 3561 4599; baseline 0.002 -21"><span class='ocrx_word' id='word_1_707' title='bbox 2353 4528 2627 4597; x_wconf 84' lang='grc' dir='ltr'>σπέρματα</span> <span class='ocrx_word' id='word_1_708' title='bbox 2698 4524 2934 4578; x_wconf 80' lang='grc' dir='ltr'>λαϐοῦσα</span> <span class='ocrx_word' id='word_1_709' title='bbox 3007 4530 3095 4578; x_wconf 82' lang='grc' dir='ltr'>καὶ</span> <span class='ocrx_word' id='word_1_710' title='bbox 3187 4524 3423 4599; x_wconf 74' lang='grc' dir='ltr'>ἀφορμὰς</span> <span class='ocrx_word' id='word_1_711' title='bbox 3496 4530 3561 4580; x_wconf 82' lang='grc' dir='ltr'>τὰ</span> 
     </span>
    </p>
   </div>
   <div class='ocr_carea' id='block_1_96' title="bbox 184 4614 3560 4694">
    <p class='ocr_par' dir='ltr' id='par_1_96' title="bbox 184 4614 3560 4694">
     <span class='ocr_line' id='line_1_96' title="bbox 184 4614 3560 4694; baseline -0.004 -23"><span class='ocrx_word' id='word_1_712' title='bbox 184 4624 322 4671; x_wconf 65' lang='grc' dir='ltr'>κατὰ</span> <span class='ocrx_word' id='word_1_713' title='bbox 375 4625 464 4672; x_wconf 85' lang='grc' dir='ltr'>τόν</span> <span class='ocrx_word' id='word_1_714' title='bbox 522 4622 654 4673; x_wconf 88' lang='grc' dir='ltr'>θεῖον</span> <span class='ocrx_word' id='word_1_715' title='bbox 707 4626 975 4691; x_wconf 79' lang='grc' dir='ltr'>Γεώργιον,</span> <span class='ocrx_word' id='word_1_716' title='bbox 1028 4622 1294 4689; x_wconf 85' lang='grc' dir='ltr'>εῦσταχύν</span> <span class='ocrx_word' id='word_1_717' title='bbox 1347 4619 1589 4692; x_wconf 81' lang='grc' dir='ltr'>ἐγεώργει</span> <span class='ocrx_word' id='word_1_718' title='bbox 1638 4628 1730 4682; x_wconf 81' lang='grc' dir='ltr'>τὴν</span> <span class='ocrx_word' id='word_1_719' title='bbox 1779 4625 1846 4686; x_wconf 78' lang='grc' dir='ltr'>εἰς</span> <span class='ocrx_word' id='word_1_720' title='bbox 1896 4628 1981 4677; x_wconf 87' lang='grc' dir='ltr'>τόν</span> <span class='ocrx_word' id='word_1_721' title='bbox 2042 4620 2266 4694; x_wconf 79' lang='grc' dir='ltr'>Χριστὸν</span> <span class='ocrx_word' id='word_1_722' title='bbox 2322 4618 2533 4666; x_wconf 83' lang='grc' dir='ltr'>πίστιν·</span> <span class='ocrx_word' id='word_1_723' title='bbox 2587 4614 2718 4673; x_wconf 73' lang='grc' dir='ltr'>αὕτη</span> <span class='ocrx_word' id='word_1_724' title='bbox 2760 4618 2817 4666; x_wconf 91' lang='grc' dir='ltr'>τό</span> <span class='ocrx_word' id='word_1_725' title='bbox 2865 4623 2953 4666; x_wconf 88' lang='grc' dir='ltr'>νῦν</span> <span class='ocrx_word' id='word_1_726' title='bbox 3005 4616 3128 4687; x_wconf 77' lang='grc' dir='ltr'>ἕχον</span> <span class='ocrx_word' id='word_1_727' title='bbox 3181 4620 3366 4690; x_wconf 83' lang='grc' dir='ltr'>μικρὸν</span> <span class='ocrx_word' id='word_1_728' title='bbox 3421 4614 3560 4689; x_wconf 82' lang='grc' dir='ltr'>παῤ-</span> 
     </span>
    </p>
   </div>
   <div class='ocr_carea' id='block_1_97' title="bbox 184 4708 2330 4785">
    <p class='ocr_par' dir='ltr' id='par_1_97' title="bbox 184 4708 2330 4785">
     <span class='ocr_line' id='line_1_97' title="bbox 184 4708 2330 4785; baseline -0.002 -24"><span class='ocrx_word' id='word_1_729' title='bbox 184 4711 547 4781; x_wconf 76' lang='grc' dir='ltr'>ῥησιασαμένη</span> <span class='ocrx_word' id='word_1_730' title='bbox 613 4714 705 4767; x_wconf 78' lang='grc' dir='ltr'>τὴν</span> <span class='ocrx_word' id='word_1_731' title='bbox 767 4708 1048 4771; x_wconf 70' lang='grc' dir='ltr'>εὐσέϐειαν,</span> <span class='ocrx_word' id='word_1_732' title='bbox 1112 4713 1203 4760; x_wconf 79' lang='grc' dir='ltr'>καὶ</span> <span class='ocrx_word' id='word_1_733' title='bbox 1264 4714 1583 4781; x_wconf 78' lang='grc' dir='ltr'>Χριστιανήν</span> <span class='ocrx_word' id='word_1_734' title='bbox 1634 4712 1819 4773; x_wconf 78' lang='grc' dir='ltr'>ἑαυτὴν</span> <span class='ocrx_word' id='word_1_735' title='bbox 1873 4711 2330 4785; x_wconf 81' lang='grc' dir='ltr'>ἁνομολογὴσασα,</span> 
     </span>
    </p>
   </div>
   <div class='ocr_carea' id='block_1_98' title="bbox 188 4798 897 4870">
    <p class='ocr_par' dir='ltr' id='par_1_98' title="bbox 188 4798 897 4870">
     <span class='ocr_line' id='line_1_98' title="bbox 188 4798 897 4870; baseline 0.003 -22"><span class='ocrx_word' id='word_1_736' title='bbox 188 4804 307 4859; x_wconf 73' lang='grc' dir='ltr'>τοῦς</span> <span class='ocrx_word' id='word_1_737' title='bbox 332 4798 561 4860; x_wconf 70' lang='grc' dir='ltr'>εὐσεϐεῖς</span> <span class='ocrx_word' id='word_1_738' title='bbox 588 4798 897 4870; x_wconf 79' lang='grc' dir='ltr'>λογισμούς.</span> 
     </span>
    </p>
   </div>
   <div class='ocr_carea' id='block_1_99' title="bbox 256 4884 1789 4961">
    <p class='ocr_par' dir='ltr' id='par_1_99' title="bbox 256 4884 1789 4961">
     <span class='ocr_line' id='line_1_99' title="bbox 256 4884 1789 4961; baseline 0.001 -21"><span class='ocrx_word' id='word_1_739' title='bbox 256 4888 350 4940; x_wconf 79' lang='grc' dir='ltr'>ῐΓ.</span> <span class='ocrx_word' id='word_1_740' title='bbox 378 4894 479 4941; x_wconf 84' lang='grc' dir='ltr'>Τον</span> <span class='ocrx_word' id='word_1_741' title='bbox 507 4890 681 4958; x_wconf 83' lang='grc' dir='ltr'>μέντοι</span> <span class='ocrx_word' id='word_1_742' title='bbox 738 4884 961 4959; x_wconf 83' lang='grc' dir='ltr'>βασιλέα</span> <span class='ocrx_word' id='word_1_743' title='bbox 997 4887 1133 4938; x_wconf 82' lang='grc' dir='ltr'>κατὰ</span> <span class='ocrx_word' id='word_1_744' title='bbox 1172 4892 1266 4937; x_wconf 88' lang='grc' dir='ltr'>τοῦ</span> <span class='ocrx_word' id='word_1_745' title='bbox 1317 4888 1576 4961; x_wconf 85' lang='grc' dir='ltr'>μάρτυρος</span> <span class='ocrx_word' id='word_1_746' title='bbox 1626 4890 1789 4961; x_wconf 86' lang='grc' dir='ltr'>θυμὸς</span> 
     </span>
    </p>
   </div>
   <div class='ocr_carea' id='block_1_100' title="bbox 191 4974 1788 5050">
    <p class='ocr_par' dir='ltr' id='par_1_100' title="bbox 191 4974 1788 5050">
     <span class='ocr_line' id='line_1_100' title="bbox 191 4974 1788 5050; baseline 0.006 -28"><span class='ocrx_word' id='word_1_747' title='bbox 191 4977 446 5039; x_wconf 69' lang='grc' dir='ltr'>ύποθήξας</span> <span class='ocrx_word' id='word_1_748' title='bbox 494 4977 627 5047; x_wconf 78' lang='grc' dir='ltr'>ἄγαν</span> <span class='ocrx_word' id='word_1_749' title='bbox 676 4977 882 5049; x_wconf 85' lang='grc' dir='ltr'>θερμὸς,</span> <span class='ocrx_word' id='word_1_750' title='bbox 933 4974 1136 5047; x_wconf 82' lang='grc' dir='ltr'>χαλεπῇ</span> <span class='ocrx_word' id='word_1_751' title='bbox 1186 4974 1339 5027; x_wconf 78' lang='grc' dir='ltr'>πάλιν</span> <span class='ocrx_word' id='word_1_752' title='bbox 1386 4975 1540 5029; x_wconf 74' lang='grc' dir='ltr'>αὐτὸν</span> <span class='ocrx_word' id='word_1_753' title='bbox 1606 4981 1788 5050; x_wconf 82' lang='grc' dir='ltr'>ἤπειγε</span> 
     </span>
    </p>
   </div>
   <div class='ocr_carea' id='block_1_101' title="bbox 190 5062 1785 5137">
    <p class='ocr_par' dir='ltr' id='par_1_101' title="bbox 190 5062 1785 5137">
     <span class='ocr_line' id='line_1_101' title="bbox 190 5062 1785 5137; baseline 0.003 -23"><span class='ocrx_word' id='word_1_754' title='bbox 190 5062 511 5137; x_wconf 76' lang='grc' dir='ltr'>παραδοῦναι</span> <span class='ocrx_word' id='word_1_755' title='bbox 530 5064 763 5119; x_wconf 88' lang='grc' dir='ltr'>κολάσει.</span> <span class='ocrx_word' id='word_1_756' title='bbox 795 5066 996 5135; x_wconf 81' lang='grc' dir='ltr'>Τιτάνῳ</span> <span class='ocrx_word' id='word_1_757' title='bbox 1021 5071 1168 5135; x_wconf 83' lang='grc' dir='ltr'>γοῦν,</span> <span class='ocrx_word' id='word_1_758' title='bbox 1226 5064 1281 5116; x_wconf 89' lang='grc' dir='ltr'>ὃν</span> <span class='ocrx_word' id='word_1_759' title='bbox 1338 5067 1557 5128; x_wconf 88' lang='grc' dir='ltr'>σύνηθες</span> <span class='ocrx_word' id='word_1_760' title='bbox 1614 5066 1785 5121; x_wconf 84' lang='grc' dir='ltr'>καλεῖν</span> 
     </span>
    </p>
   </div>
   <div class='ocr_carea' id='block_1_102' title="bbox 193 5152 1784 5228">
    <p class='ocr_par' dir='ltr' id='par_1_102' title="bbox 193 5152 1784 5228">
     <span class='ocr_line' id='line_1_102' title="bbox 193 5152 1784 5228; baseline 0.003 -23"><span class='ocrx_word' id='word_1_761' title='bbox 193 5153 457 5225; x_wconf 70' lang='grc' dir='ltr'>ἄσϐεστον,</span> <span class='ocrx_word' id='word_1_762' title='bbox 482 5156 599 5227; x_wconf 80' lang='grc' dir='ltr'>ἄρτι</span> <span class='ocrx_word' id='word_1_763' title='bbox 630 5152 920 5218; x_wconf 66' lang='grc' dir='ltr'>σϐεσθέντι,</span> <span class='ocrx_word' id='word_1_764' title='bbox 967 5154 995 5212; x_wconf 78' lang='grc' dir='ltr'><strong><em>ἦ</em></strong></span> <span class='ocrx_word' id='word_1_765' title='bbox 1051 5158 1168 5224; x_wconf 85' lang='grc' dir='ltr'>τόγε</span> <span class='ocrx_word' id='word_1_766' title='bbox 1220 5152 1559 5228; x_wconf 76' lang='grc' dir='ltr'>ἀληθέστερον</span> <span class='ocrx_word' id='word_1_767' title='bbox 1628 5156 1784 5211; x_wconf 85' lang='grc' dir='ltr'>εἰπεῖν</span> 
     </span>
    </p>
   </div>
   <div class='ocr_carea' id='block_1_103' title="bbox 199 5239 1787 5315">
    <p class='ocr_par' dir='ltr' id='par_1_103' title="bbox 199 5239 1787 5315">
     <span class='ocr_line' id='line_1_103' title="bbox 199 5239 1787 5315; baseline 0.005 -23"><span class='ocrx_word' id='word_1_768' title='bbox 199 5239 477 5312; x_wconf 60' lang='grc' dir='ltr'>ἄνεῳθέντι,</span> <span class='ocrx_word' id='word_1_769' title='bbox 558 5244 948 5314; x_wconf 80' lang='grc' dir='ltr'>συγχωσθῆναι</span> <span class='ocrx_word' id='word_1_770' title='bbox 1013 5244 1221 5305; x_wconf 77' lang='grc' dir='ltr'>κελεύει,</span> <span class='ocrx_word' id='word_1_771' title='bbox 1276 5244 1506 5315; x_wconf 77' lang='grc' dir='ltr'>φύλακάς</span> <span class='ocrx_word' id='word_1_772' title='bbox 1565 5266 1617 5299; x_wconf 91' lang='grc' dir='ltr'>τε</span> <span class='ocrx_word' id='word_1_773' title='bbox 1692 5243 1787 5300; x_wconf 79' lang='grc' dir='ltr'>διὰ</span> 
     </span>
    </p>
   </div>
   <div class='ocr_carea' id='block_1_104' title="bbox 200 5327 1784 5407">
    <p class='ocr_par' dir='ltr' id='par_1_104' title="bbox 200 5327 1784 5407">
     <span class='ocr_line' id='line_1_104' title="bbox 200 5327 1784 5407; baseline 0.005 -26"><span class='ocrx_word' id='word_1_774' title='bbox 200 5335 374 5394; x_wconf 72' lang='grc' dir='ltr'>παντὸς</span> <span class='ocrx_word' id='word_1_775' title='bbox 420 5328 772 5407; x_wconf 79' lang='grc' dir='ltr'>παρεδρεύειν,</span> <span class='ocrx_word' id='word_1_776' title='bbox 845 5334 909 5392; x_wconf 82' lang='grc' dir='ltr'>ὡς</span> <span class='ocrx_word' id='word_1_777' title='bbox 965 5327 1130 5400; x_wconf 73' lang='grc' dir='ltr'>μηδεν</span> <span class='ocrx_word' id='word_1_778' title='bbox 1209 5332 1285 5384; x_wconf 69' lang='grc' dir='ltr'>ἐπ’</span> <span class='ocrx_word' id='word_1_779' title='bbox 1343 5333 1481 5405; x_wconf 74' lang='grc' dir='ltr'>αὐτῷ</span> <span class='ocrx_word' id='word_1_780' title='bbox 1544 5338 1784 5406; x_wconf 90' lang='grc' dir='ltr'>γενέσθαι</span> 
     </span>
    </p>
   </div>
   <div class='ocr_carea' id='block_1_105' title="bbox 205 5418 1783 5495">
    <p class='ocr_par' dir='ltr' id='par_1_105' title="bbox 205 5418 1783 5495">
     <span class='ocr_line' id='line_1_105' title="bbox 205 5418 1783 5495; baseline 0.004 -26"><span class='ocrx_word' id='word_1_781' title='bbox 205 5421 551 5493; x_wconf 63' lang='grc' dir='ltr'>φιλάνθρωπον,</span> <span class='ocrx_word' id='word_1_782' title='bbox 626 5418 769 5494; x_wconf 65' lang='grc' dir='ltr'>μηδὲ</span> <span class='ocrx_word' id='word_1_783' title='bbox 847 5423 1272 5495; x_wconf 79' lang='grc' dir='ltr'>κακουργηθῆναί</span> <span class='ocrx_word' id='word_1_784' title='bbox 1353 5442 1405 5475; x_wconf 94' lang='grc' dir='ltr'>τι</span> <span class='ocrx_word' id='word_1_785' title='bbox 1478 5427 1606 5495; x_wconf 88' lang='grc' dir='ltr'>πρὸς</span> <span class='ocrx_word' id='word_1_786' title='bbox 1686 5434 1783 5477; x_wconf 91' lang='grc' dir='ltr'>τῶν</span> 
     </span>
    </p>
   </div>
   <div class='ocr_carea' id='block_1_106' title="bbox 208 5507 1779 5584">
    <p class='ocr_par' dir='ltr' id='par_1_106' title="bbox 208 5507 1779 5584">
     <span class='ocr_line' id='line_1_106' title="bbox 208 5507 1779 5584; baseline 0.002 -24"><span class='ocrx_word' id='word_1_787' title='bbox 208 5508 378 5560; x_wconf 70' lang='grc' dir='ltr'>οἰκείων</span> <span class='ocrx_word' id='word_1_788' title='bbox 424 5509 732 5584; x_wconf 79' lang='grc' dir='ltr'>μηδοτιοῦν.</span> <span class='ocrx_word' id='word_1_789' title='bbox 789 5507 916 5581; x_wconf 81' lang='grc' dir='ltr'>Εἶχε</span> <span class='ocrx_word' id='word_1_790' title='bbox 972 5513 1061 5579; x_wconf 70' lang='grc' dir='ltr'>μεν</span> <span class='ocrx_word' id='word_1_791' title='bbox 1149 5510 1282 5561; x_wconf 70' lang='grc' dir='ltr'>οὕτω</span> <span class='ocrx_word' id='word_1_792' title='bbox 1332 5515 1387 5563; x_wconf 78' lang='grc' dir='ltr'>τό</span> <span class='ocrx_word' id='word_1_793' title='bbox 1453 5512 1718 5565; x_wconf 80' lang='grc' dir='ltr'>κελευσθέν</span> <span class='ocrx_word' id='word_1_794' title='bbox 1768 5529 1779 5542; x_wconf 83' lang='grc'><em>’</em></span> 
     </span>
    </p>
   </div>
   <div class='ocr_carea' id='block_1_107' title="bbox 212 5596 1784 5677">
    <p class='ocr_par' dir='ltr' id='par_1_107' title="bbox 212 5596 1784 5677">
     <span class='ocr_line' id='line_1_107' title="bbox 212 5596 1784 5677; baseline -0.001 -26"><span class='ocrx_word' id='word_1_795' title='bbox 212 5597 385 5671; x_wconf 68' lang='grc' dir='ltr'>ἡμερῶν</span> <span class='ocrx_word' id='word_1_796' title='bbox 414 5597 467 5655; x_wconf 83' lang='grc' dir='ltr'>δέ</span> <span class='ocrx_word' id='word_1_797' title='bbox 511 5610 670 5677; x_wconf 87' lang='grc' dir='ltr'>τριῶν</span> <span class='ocrx_word' id='word_1_798' title='bbox 703 5596 1096 5671; x_wconf 79' lang='grc' dir='ltr'>διαγενομένων,</span> <span class='ocrx_word' id='word_1_799' title='bbox 1150 5600 1175 5650; x_wconf 90' lang='lat'>6</span> <span class='ocrx_word' id='word_1_800' title='bbox 1218 5598 1486 5671; x_wconf 79' lang='grc' dir='ltr'>βασιλεὺς,</span> <span class='ocrx_word' id='word_1_801' title='bbox 1548 5602 1667 5653; x_wconf 86' lang='grc' dir='ltr'>ὅσον</span> <span class='ocrx_word' id='word_1_802' title='bbox 1698 5599 1784 5653; x_wconf 74' lang='grc' dir='ltr'>ἐπὶ</span> 
     </span>
    </p>
   </div>
   <div class='ocr_carea' id='block_1_108' title="bbox 2418 4702 3564 4778">
    <p class='ocr_par' dir='ltr' id='par_1_108' title="bbox 2418 4702 3564 4778">
     <span class='ocr_line' id='line_1_108' title="bbox 2418 4702 3564 4778; baseline -0.001 -23"><span class='ocrx_word' id='word_1_803' title='bbox 2418 4706 2583 4775; x_wconf 78' lang='grc' dir='ltr'>ἔμενεν</span> <span class='ocrx_word' id='word_1_804' title='bbox 2632 4702 2766 4755; x_wconf 79' lang='grc' dir='ltr'>οὕτω</span> <span class='ocrx_word' id='word_1_805' title='bbox 2852 4702 2973 4776; x_wconf 90' lang='grc' dir='ltr'>παρ’</span> <span class='ocrx_word' id='word_1_806' title='bbox 3059 4703 3214 4763; x_wconf 77' lang='grc' dir='ltr'>ἑαυτῆ</span> <span class='ocrx_word' id='word_1_807' title='bbox 3299 4708 3564 4778; x_wconf 69' lang='grc' dir='ltr'>τρέφουσα</span> 
     </span>
    </p>
   </div>
   <div class='ocr_carea' id='block_1_109' title="bbox 1971 4879 3563 4955">
    <p class='ocr_par' dir='ltr' id='par_1_109' title="bbox 1971 4879 3563 4955">
     <span class='ocr_line' id='line_1_109' title="bbox 1971 4879 3563 4955; baseline -0.006 -10"><span class='ocrx_word' id='word_1_808' title='bbox 1971 4890 2105 4946; x_wconf 86' lang='lat' dir='ltr'>Xlll.</span> <span class='ocrx_word' id='word_1_809' title='bbox 2140 4882 2370 4955; x_wconf 88' lang='lat' dir='ltr'>Georgii</span> <span class='ocrx_word' id='word_1_810' title='bbox 2396 4880 2581 4937; x_wconf 91' lang='lat' dir='ltr'>animi</span> <span class='ocrx_word' id='word_1_811' title='bbox 2609 4879 2891 4937; x_wconf 84' lang='lat' dir='ltr'>fortitudo</span> <span class='ocrx_word' id='word_1_812' title='bbox 2922 4880 3107 4937; x_wconf 78' lang='lat' dir='ltr'>effecit</span> <span class='ocrx_word' id='word_1_813' title='bbox 3157 4885 3220 4935; x_wconf 92' lang='lat' dir='ltr'>ut</span> <span class='ocrx_word' id='word_1_814' title='bbox 3266 4886 3563 4951; x_wconf 85' lang='lat' dir='ltr'>tyrannus</span> 
     </span>
    </p>
   </div>
   <div class='ocr_carea' id='block_1_110' title="bbox 1896 4968 3559 5043">
    <p class='ocr_par' dir='ltr' id='par_1_110' title="bbox 1896 4968 3559 5043">
     <span class='ocr_line' id='line_1_110' title="bbox 1896 4968 3559 5043; baseline -0.006 -8"><span class='ocrx_word' id='word_1_815' title='bbox 1896 4976 2067 5035; x_wconf 88' lang='lat' dir='ltr'>novis</span> <span class='ocrx_word' id='word_1_816' title='bbox 2085 4990 2222 5031; x_wconf 91' lang='lat' dir='ltr'>eum</span> <span class='ocrx_word' id='word_1_817' title='bbox 2241 4970 2541 5043; x_wconf 88' lang='lat' dir='ltr'>suppliciis</span> <span class='ocrx_word' id='word_1_818' title='bbox 2561 4969 2790 5025; x_wconf 87' lang='lat' dir='ltr'>tradere</span> <span class='ocrx_word' id='word_1_819' title='bbox 2813 4969 3099 5025; x_wconf 89' lang='lat' dir='ltr'>statuerit.</span> <span class='ocrx_word' id='word_1_820' title='bbox 3116 4968 3299 5040; x_wconf 88' lang='lat' dir='ltr'>Igitur</span> <span class='ocrx_word' id='word_1_821' title='bbox 3318 4969 3559 5025; x_wconf 90' lang='lat' dir='ltr'>asbesto</span> 
     </span>
    </p>
   </div>
   <div class='ocr_carea' id='block_1_111' title="bbox 1895 5057 3556 5131">
    <p class='ocr_par' dir='ltr' id='par_1_111' title="bbox 1895 5057 3556 5131">
     <span class='ocr_line' id='line_1_111' title="bbox 1895 5057 3556 5131; baseline -0.007 -7"><span class='ocrx_word' id='word_1_822' title='bbox 1895 5083 2034 5125; x_wconf 89' lang='lat' dir='ltr'>eum</span> <span class='ocrx_word' id='word_1_823' title='bbox 2077 5061 2275 5131; x_wconf 86' lang='lat' dir='ltr'>obtegi</span> <span class='ocrx_word' id='word_1_824' title='bbox 2325 5064 2379 5116; x_wconf 89' lang='lat' dir='ltr'>et</span> <span class='ocrx_word' id='word_1_825' title='bbox 2435 5057 2786 5115; x_wconf 89' lang='lat' dir='ltr'>custodibus</span> <span class='ocrx_word' id='word_1_826' title='bbox 2834 5058 3097 5130; x_wconf 90' lang='lat' dir='ltr'>undique</span> <span class='ocrx_word' id='word_1_827' title='bbox 3152 5059 3312 5129; x_wconf 91' lang='lat' dir='ltr'>cingi</span> <span class='ocrx_word' id='word_1_828' title='bbox 3354 5057 3556 5129; x_wconf 90' lang='lat' dir='ltr'>jussit,</span> 
     </span>
    </p>
   </div>
   <div class='ocr_carea' id='block_1_112' title="bbox 1893 5147 3552 5228">
    <p class='ocr_par' dir='ltr' id='par_1_112' title="bbox 1893 5147 3552 5228">
     <span class='ocr_line' id='line_1_112' title="bbox 1893 5147 3552 5228; baseline -0.006 -15"><span class='ocrx_word' id='word_1_829' title='bbox 1893 5172 1969 5213; x_wconf 92' lang='lat' dir='ltr'>ne</span> <span class='ocrx_word' id='word_1_830' title='bbox 2016 5153 2163 5228; x_wconf 90' lang='lat' dir='ltr'>quid</span> <span class='ocrx_word' id='word_1_831' title='bbox 2212 5149 2357 5208; x_wconf 92' lang='lat' dir='ltr'>boni</span> <span class='ocrx_word' id='word_1_832' title='bbox 2389 5148 2478 5204; x_wconf 91' lang='lat' dir='ltr'>vel</span> <span class='ocrx_word' id='word_1_833' title='bbox 2513 5147 2651 5204; x_wconf 89' lang='lat' dir='ltr'>mali</span> <span class='ocrx_word' id='word_1_834' title='bbox 2709 5151 3028 5219; x_wconf 90' lang='lat' dir='ltr'>pateretur.</span> <span class='ocrx_word' id='word_1_835' title='bbox 3063 5148 3153 5203; x_wconf 87' lang='lat' dir='ltr'>Sic</span> <span class='ocrx_word' id='word_1_836' title='bbox 3187 5149 3552 5219; x_wconf 90' lang='lat' dir='ltr'>imperatum</span> 
     </span>
    </p>
   </div>
   <div class='ocr_carea' id='block_1_113' title="bbox 1894 5235 3553 5310">
    <p class='ocr_par' dir='ltr' id='par_1_113' title="bbox 1894 5235 3553 5310">
     <span class='ocr_line' id='line_1_113' title="bbox 1894 5235 3553 5310; baseline -0.007 -8"><span class='ocrx_word' id='word_1_837' title='bbox 1894 5246 2103 5301; x_wconf 89' lang='lat' dir='ltr'>fuerat.</span> <span class='ocrx_word' id='word_1_838' title='bbox 2140 5238 2457 5310; x_wconf 87' lang='lat' dir='ltr'>lnterjectis</span> <span class='ocrx_word' id='word_1_839' title='bbox 2489 5235 2705 5292; x_wconf 88' lang='lat' dir='ltr'>deinde</span> <span class='ocrx_word' id='word_1_840' title='bbox 2739 5236 2926 5291; x_wconf 88' lang='lat' dir='ltr'>tribus</span> <span class='ocrx_word' id='word_1_841' title='bbox 2956 5236 3169 5292; x_wconf 92' lang='lat' dir='ltr'>diebus</span> <span class='ocrx_word' id='word_1_842' title='bbox 3202 5235 3553 5308; x_wconf 87' lang='lat' dir='ltr'>imperatori</span> 
     </span>
    </p>
   </div>
   <div class='ocr_carea' id='block_1_114' title="bbox 1895 5325 3555 5405">
    <p class='ocr_par' dir='ltr' id='par_1_114' title="bbox 1895 5325 3555 5405">
     <span class='ocr_line' id='line_1_114' title="bbox 1895 5325 3555 5405; baseline -0.007 -14"><span class='ocrx_word' id='word_1_843' title='bbox 1895 5340 1957 5391; x_wconf 92' lang='lat' dir='ltr'>ut</span> <span class='ocrx_word' id='word_1_844' title='bbox 1980 5348 2090 5405; x_wconf 91' lang='lat' dir='ltr'>par</span> <span class='ocrx_word' id='word_1_845' title='bbox 2114 5336 2257 5397; x_wconf 90' lang='lat' dir='ltr'>erat,</span> <span class='ocrx_word' id='word_1_846' title='bbox 2290 5327 2609 5397; x_wconf 90' lang='lat' dir='ltr'>Georgium</span> <span class='ocrx_word' id='word_1_847' title='bbox 2638 5325 3019 5382; x_wconf 89' lang='lat' dir='ltr'>demortuum</span> <span class='ocrx_word' id='word_1_848' title='bbox 3049 5340 3177 5380; x_wconf 88' lang='lat' dir='ltr'>esse</span> <span class='ocrx_word' id='word_1_849' title='bbox 3207 5329 3264 5380; x_wconf 93' lang='lat' dir='ltr'>et</span> <span class='ocrx_word' id='word_1_850' title='bbox 3285 5326 3416 5395; x_wconf 92' lang='lat' dir='ltr'>jam</span> <span class='ocrx_word' id='word_1_851' title='bbox 3444 5341 3555 5397; x_wconf 87' lang='lat' dir='ltr'>pu-</span> 
     </span>
    </p>
   </div>
   <div class='ocr_carea' id='block_1_115' title="bbox 1893 5414 3557 5492">
    <p class='ocr_par' dir='ltr' id='par_1_115' title="bbox 1893 5414 3557 5492">
     <span class='ocr_line' id='line_1_115' title="bbox 1893 5414 3557 5492; baseline -0.005 -12"><span class='ocrx_word' id='word_1_852' title='bbox 1893 5430 2142 5480; x_wconf 90' lang='lat' dir='ltr'>trescere</span> <span class='ocrx_word' id='word_1_853' title='bbox 2173 5419 2440 5492; x_wconf 88' lang='lat' dir='ltr'>putabat.</span> <span class='ocrx_word' id='word_1_854' title='bbox 2478 5418 2658 5485; x_wconf 87' lang='lat' dir='ltr'>[gitur</span> <span class='ocrx_word' id='word_1_855' title='bbox 2692 5414 2905 5471; x_wconf 89' lang='lat' dir='ltr'>milites</span> <span class='ocrx_word' id='word_1_856' title='bbox 2948 5414 3245 5485; x_wconf 90' lang='lat' dir='ltr'>delegavit</span> <span class='ocrx_word' id='word_1_857' title='bbox 3274 5414 3380 5487; x_wconf 91' lang='lat' dir='ltr'>qui</span> <span class='ocrx_word' id='word_1_858' title='bbox 3412 5430 3557 5472; x_wconf 83' lang='lat' dir='ltr'>ossa</span> 
     </span>
    </p>
   </div>
   <div class='ocr_carea' id='block_1_116' title="bbox 1892 5502 3555 5577">
    <p class='ocr_par' dir='ltr' id='par_1_116' title="bbox 1892 5502 3555 5577">
     <span class='ocr_line' id='line_1_116' title="bbox 1892 5502 3555 5577; baseline -0.005 -8"><span class='ocrx_word' id='word_1_859' title='bbox 1892 5509 2145 5569; x_wconf 88' lang='lat' dir='ltr'>defuncti</span> <span class='ocrx_word' id='word_1_860' title='bbox 2167 5508 2330 5564; x_wconf 93' lang='lat' dir='ltr'>nulla</span> <span class='ocrx_word' id='word_1_861' title='bbox 2347 5522 2516 5563; x_wconf 91' lang='lat' dir='ltr'>mora</span> <span class='ocrx_word' id='word_1_862' title='bbox 2535 5506 2943 5576; x_wconf 83' lang='lat' dir='ltr'>dispergerent</span> <span class='ocrx_word' id='word_1_863' title='bbox 2956 5502 3555 5577; x_wconf 85' lang='lat' dir='ltr'>Christianorumque</span> 
     </span>
    </p>
   </div>
   <div class='ocr_carea' id='block_1_117' title="bbox 1890 5592 3558 5667">
    <p class='ocr_par' dir='ltr' id='par_1_117' title="bbox 1890 5592 3558 5667">
     <span class='ocr_line' id='line_1_117' title="bbox 1890 5592 3558 5667; baseline -0.007 -9"><span class='ocrx_word' id='word_1_864' title='bbox 1890 5597 2229 5658; x_wconf 87' lang='lat' dir='ltr'>liberalitati</span> <span class='ocrx_word' id='word_1_865' title='bbox 2252 5595 2606 5653; x_wconf 88' lang='lat' dir='ltr'>insultarent</span> <span class='ocrx_word' id='word_1_866' title='bbox 2638 5610 2651 5660; x_wconf 92' lang='lat'><strong>;</strong></span> <span class='ocrx_word' id='word_1_867' title='bbox 2678 5593 3054 5667; x_wconf 70' lang='lat' dir='ltr'>probelenim</span> <span class='ocrx_word' id='word_1_868' title='bbox 3074 5599 3326 5651; x_wconf 89' lang='lat' dir='ltr'>noverat</span> <span class='ocrx_word' id='word_1_869' title='bbox 3349 5592 3558 5666; x_wconf 87' lang='lat' dir='ltr'>quanti</span> 
     </span>
    </p>
   </div>
  </div>
