4084 6216
524 317 620 372 151
1910 308 2165 366 MENSIS
2208 310 2510 369 APRILIS.
3787 335 3888 391 ,δε

520 440 866 513 hujusmodi
896 454 991 494 res
1032 436 1201 508 pretii
1223 436 1385 491 abud
1413 436 1723 506 religiosos
1753 435 2026 526 homines
2065 434 2168 490 ha-

2292 444 2348 506 τῷ
2397 441 2666 512 πράγματι
2717 450 2922 518 κρίνων,
2973 451 3138 503 θανεῖν
3182 471 3232 504 τε
3283 453 3440 505 αύτόν
3488 459 3634 526 ᾤετο,
3676 463 3766 510 καὶ
3821 458 3890 520 εἰς

519 532 747 587 herent.
810 529 987 596 Igitur
1031 525 1271 581 asbesto
1313 525 1578 597 dempta,
1630 530 1894 590 sanctus,
1953 525 2168 579 mirum

519 620 720 676 dictu!
777 634 898 672 non
931 615 1125 670 solum
1170 616 1333 669 vivus
1377 616 1651 670 inventus
1681 621 1784 679 est,
1839 614 1941 669 sed
1993 613 2170 685 plane

2292 634 2371 675 τας
2419 616 2685 674 ἐπέταττεν
2739 623 2992 690 ἀπελθεῖν,
3049 635 3136 682 xui
3187 629 3513 704 ἀνελομένους
3568 634 3775 708 σπουδῇ·
3833 639 3898 689 τὰ

521 708 855 772 incolumis,
886 705 1058 777 quasi
1084 705 1234 760 rosis
1258 704 1557 759 obductus
1585 704 1814 759 fuisset.

2292 705 2420 759 ὀστᾶ
2497 708 2777 781 ἀφανίζειν,
2862 714 3166 788 βασκαίνειν
3244 729 3575 796 Χριστιανοῐς
3649 725 3896 802 ἄντικρυς

517 807 612 859 τῆς
668 796 719 858 ἐξ
767 795 932 847 αὐτῶν
984 789 1416 867 μεγαλοδωρείας·
1469 790 1588 866 ᾖδει
1643 796 1743 864 γὰρ
1787 797 1910 845 ὅσου
1952 798 2165 864 τιμᾶται
2204 802 2370 847 ταῦτα
2408 806 2516 859 τοῖς
2564 800 2822 856 εὐσέϐειαν
2876 812 3030 878 τιμᾴν
3084 808 3349 881 ἑλομένοις.
3408 811 3495 876 Ὠς
3550 815 3638 866 οὖν
3694 825 3895 890 περιεῖ-

519 885 602 937 λον
659 890 748 942 τὴν
806 886 1141 955 ὑποκειμένην
1198 881 1473 950 ἄσϐεστον,
1529 884 1553 932 ὁ
1609 879 1686 944 δὲ,
1742 884 1780 932 ὧ
1835 889 1924 933 τοῦ
1977 890 2157 934 καινοῦ
2219 884 2512 954 θαύματοςί
2583 890 2641 941 ού
2701 892 2802 953 ζῶν
2860 894 3075 971 εὕρηται
3126 903 3297 971 μόνον,
3356 900 3483 954 ἀλλά
3535 909 3626 957 καὶ
3683 904 3898 969 ἀπαθής

521 979 578 1027 τὸ
658 976 921 1046 παράπαν,
995 974 1165 1045 ὥσπερ
1233 968 1405 1023 ούδενὶ
1473 979 1572 1022 τῶν
1632 972 1923 1022 λυπούντων
1990 971 2284 1042 ὡμιληκὼς,
2360 972 2486 1028 ἀλλὰ
2554 976 2734 1052 ῥόδοις
2805 984 2994 1056 μᾶλλον
3062 987 3092 1046 ἢ
3155 990 3336 1042 ἄνθεσι
3404 995 3717 1057 σκεπασθεὶς
3783 1003 3899 1058 τοῖς

2281 526 2418 586 τέλος
2466 530 2760 590 ὑποστῆναι
2791 532 3100 612 διαφθορὰν,
3169 544 3331 615 ταύτῃ
3362 562 3440 595 τοι
3487 551 3574 597 καὶ
3639 553 3897 619 στρατιω-

525 1063 906 1124 ἀπαλωτάτοις.

600 1153 730 1206 XIV.
773 1152 958 1220 Hujus
979 1148 1270 1215 miraculi,
1303 1147 1467 1219 quod
1489 1164 1625 1203 cum
1657 1147 1726 1202 iis
1750 1164 1884 1219 quas
1909 1147 2177 1204 Christus

520 1241 648 1311 ipse
661 1244 943 1311 operatus
959 1242 1064 1302 est,
1080 1235 1538 1306 comparandum
1550 1235 1802 1301 videtur,
1820 1241 1994 1292 testes
2010 1243 2179 1308 quot-

521 1332 668 1401 quot
694 1328 943 1383 aderant
961 1325 1151 1397 (multi
1177 1330 1376 1380 autem
1401 1324 1477 1378 ad
1502 1330 1826 1397 martyrem
1847 1325 2175 1381 videndum

522 1416 970 1485 convenerant),
987 1419 1252 1484 Magnus,
1273 1412 1703 1479 exclamarunt,
1721 1419 1807 1469 est
1820 1416 1972 1469 Deus
1988 1414 2151 1469 Chris

521 1507 839 1563 tianorum.
855 1505 914 1558 Id
928 1503 1091 1575 quod
1106 1501 1442 1557 Alexandra
1454 1517 1694 1574 quoque
1713 1502 1984 1558 confessa
1998 1507 2105 1569 est,
2122 1506 2178 1558 et

523 1595 736 1650 milites
765 1594 927 1665 ipsos
957 1592 1057 1663 qui
1091 1592 1167 1646 ad
1199 1591 1533 1660 colligenda
1565 1591 1795 1659 Georgii
1835 1607 1973 1646 ossa.
2010 1591 2174 1646 missi

520 1682 845 1740 fuerantad
866 1681 1048 1736 ﬁdem
1075 1680 1369 1752 perduxit.
1403 1681 1546 1734 Cum
1577 1680 1792 1734 deinde
1819 1680 1895 1735 ad
1921 1681 2176 1751 impera-

519 1777 710 1829 torem
765 1771 1100 1835 duceretur,
1131 1774 1340 1838 stupor
1383 1783 1452 1822 ac
1501 1767 1676 1822 timor
1725 1768 1854 1838 ejus
1904 1769 2173 1824 animum

2360 1135 2456 1190 Μ’.
2511 1144 2675 1193 Τοῦτο
2719 1147 2777 1194 τὸ
2819 1152 2955 1216 μέγα
3005 1153 3092 1200 καὶ
3132 1146 3254 1202 οὐδὲ
3302 1155 3505 1226 μακρὰν
3555 1152 3775 1208 ἀπιστάν
3815 1158 3897 1228 (6)

2286 1230 2390 1284 τοῖς
2441 1225 2667 1301 ἀπείροις
2717 1239 2848 1303 φημὶ
2899 1243 2996 1286 τῶν
3039 1245 3270 1309 Χριστοῦ
3328 1243 3654 1314 θαυμασίων,
3707 1248 3901 1308 πάντες

2286 1316 2400 1365 ὅσοι
2471 1323 2714 1391 παρόντες
2772 1325 2960 1394 ἔτυχον
3016 1328 3323 1399 θεασάμενοι
3390 1332 3500 1402 (καὶ
3546 1335 3644 1408 γὰρ
3717 1334 3901 1387 πολλοὶ

2289 1407 2538 1462 συνῆλθον
2609 1412 2740 1462 κατά
2793 1413 2907 1464 θέαν
2965 1422 3053 1466 τοῦ
3110 1418 3418 1490 μάρτυρος),
3479 1426 3651 1493 Μέγας
3702 1425 3728 1474 ό
3796 1433 3902 1475 τῶν

2285 1500 2612 1586 Χριστιανῶν
2663 1503 2800 1570 Θεὸς,
2865 1501 3168 1562 ἀνεϐόησανο
3238 1516 3387 1561 τοῦτο
3442 1516 3530 1563 καὶ
3587 1516 3679 1570 τήν
3740 1512 3906 1586 βασι-

2283 1570 2409 1634 λίδα
2477 1585 2820 1664 Ἀλεξάνδραν
2887 1593 3380 1668 παρρησιάσασθαι,
3443 1605 3531 1652 καὶ
3612 1607 3705 1660 τὴν
3773 1606 3906 1661 ἴσην

2285 1665 2487 1744 ἀφεῖναι
2561 1684 2730 1747 φωνήν
2801 1688 3175 1756 παρεσκεύασε’
3232 1695 3382 1740 τοῦτο
3439 1695 3529 1742 καὶ
3586 1695 3704 1754 τοὺς
3773 1692 3905 1746 ἀπο-

2289 1763 2563 1826 σταλέντας
2615 1766 2696 1819 ἐπὶ
2741 1774 2832 1827 τήν
2883 1772 3137 1842 συλλογὴν
3177 1783 3275 1826 τῶν
3329 1777 3495 1830 ὀστῶν
3549 1788 3899 1853 στρατιώτας,

520 1864 824 1932 ceperunt.
854 1859 994 1924 Quis
1025 1863 1078 1913 te
1125 1857 1262 1912 vitae
1309 1856 1618 1912 reddidit?
1657 1856 1970 1926 Georgius,
2027 1857 2175 1922 Quid

2292 1861 2567 1905 πιστεῦσαι
2623 1863 2918 1916 πεποίηκεν.
2971 1861 3052 1922 Ὠς
3101 1859 3160 1915 δὲ
3208 1871 3298 1918 καὶ
3342 1870 3472 1940 πρὸς
3521 1873 3607 1921 τόν
3669 1870 3903 1940 βασιλέα

520 1967 672 2021 opus
702 1953 807 2017 est,
843 1948 1002 2016 dicit,
1030 1947 1202 2002 vanis
1233 1945 1482 2001 vocibus
1507 1944 1535 1999 7
1567 1948 1712 2001 Nam
1748 1946 1795 2001 si
1829 1946 1993 2001 vobis
2019 1962 2181 2006 reve-

518 2040 726 2103 larem,
774 2054 894 2093 non
945 2035 1280 2092 crederetis.
1336 2038 1403 2088 At
1435 2034 1599 2099 scito,
1634 2035 1979 2105 imperator,
2015 2036 2176 2092 Chri-

523 2134 680 2184 stum
731 2127 936 2182 Filium
977 2125 1077 2180 Dei
1128 2123 1234 2178 alis
1265 2122 1666 2178 invisibilibus
1716 2138 1809 2178 me
1861 2128 1916 2179 et
1967 2139 2178 2179 omnes

521 2217 624 2288 qui
650 2218 709 2271 in
740 2231 876 2269 eum
909 2214 1177 2282 credunt,
1214 2216 1408 2282 tegere
1442 2216 1498 2266 et
1537 2210 1614 2266 ab
1645 2212 1810 2267 omni
1851 2212 2008 2268 malo
2039 2213 2184 2268 libe-

519 2320 671 2361 rare.

2289 1937 2395 2024 ήδη
2448 1938 2780 2016 διεϐιϐάσθη,
2824 1949 3066 2012 ἔκπληξις
3105 1953 3259 2005 αὐτόν
3300 1937 3418 2021 εἷλε,
3462 1963 3551 2010 καὶ
3595 1960 3694 2011 ὑπὸ
3744 1957 3903 2024 δέους

2295 2011 2308 2028 ν
2770 2011 2778 2016 ’
3001 2011 3006 2012 ⁷
3053 2011 3061 2012 ί
3406 2011 3417 2021 ’
3752 2011 3856 2014 7'”
3885 2011 3903 2024 ⁷

2289 2029 2541 2099 ιϐάλλετο,
2595 2032 2767 2106 ἀμέλει
2811 2043 2899 2089 xui
2954 2044 3296 2113 παραστάντα
3343 2048 3536 2119 ἠρώτα,
3589 2055 3676 2109 Τίς
3723 2051 3748 2102 ὁ
3800 2060 3905 2115 τῆς

2291 2119 2431 2182 ζωῆς
2495 2141 2597 2186 σοι,
2656 2124 2833 2196 λέγων,
2893 2133 3155 2192 καταστὰς
3211 2135 3413 2202 αἴτιος;
3475 2142 3572 2190 Καὶ
3626 2140 3700 2205 ὃς,
3773 2140 3900 2194 Ἐὰν

2293 2208 2616 2278 ἀκούσαντες,
2669 2217 2783 2287 ἔφη,
2839 2221 2910 2288 μή
2953 2224 3292 2288 πιστεύσητε,
3338 2229 3411 2285 τίς
3455 2227 3559 2300 ἄρα
3595 2233 3756 2300 χρεία
3801 2231 3904 2304 ῥη-

2292 2302 2466 2371 μάτων
2510 2311 2662 2355 κενῶν
2687 2321 2699 2369 ;
2749 2305 2887 2364 Πλὴν
2931 2306 3054 2361 ἀλλά
3096 2306 3253 2368 δῆλόν
3302 2332 3404 2378 σοι,
3453 2313 3696 2386 βασιλεῦ,
3743 2302 3904 2384 ἔστω,

521 2395 601 2446 ὁτι
675 2394 906 2466 Χριστὸς
990 2393 1014 2441 ὸ
1095 2395 1186 2441 τοῦ
1245 2392 1371 2442 Θεοῦ
1428 2389 1562 2448 Υἱός,
1622 2388 1777 2450 αὐτὸς
1833 2395 1923 2442 καὶ
1981 2389 2068 2462 ἐμὲ
2123 2393 2214 2442 xui
2269 2392 2462 2451 πάντας
2521 2396 2639 2454 τοὺς
2698 2394 2765 2454 εἰς
2837 2396 2995 2450 αὑτὸν
3073 2407 3482 2466 πεπιστευκότας
3557 2407 3768 2479 πτέρυξὶ
3846 2428 3906 2464 τε

523 2483 764 2555 ἀοράτοις
797 2479 1110 2545 ἐπισκιάζει,
1144 2483 1232 2530 καὶ
1263 2480 1450 2537 παντὸς
1482 2479 1783 2530 οὑτινοσοῦν
1811 2478 2067 2553 βλαϐεροῦ
2091 2480 2290 2555 ῥύεται.

592 2574 698 2629 XV.
744 2572 1071 2640 Imperator
1092 2583 1246 2637 mgre
1261 2566 1389 2621 tulit
1405 2566 1583 2621 verba
1602 2567 1951 2625 adeolibera
1970 2587 1982 2636 ;
1998 2570 2176 2640 igitur

521 2661 706 2718 sancti
739 2659 992 2731 pedibus
1017 2656 1250 2713 calceos
1278 2655 1519 2722 ferreos,
1548 2672 1684 2711 cum
1713 2657 1892 2713 clavis
1912 2675 2172 2730 praeacu-

517 2752 612 2816 tis,
643 2750 779 2819 igne
808 2747 1125 2804 calefactos
1155 2745 1320 2801 addit
1360 2750 1539 2817 atque
1573 2746 1658 2800 sic
1684 2747 1956 2803 incedere
1983 2749 2171 2819 jubet,

520 2845 574 2896 et
617 2856 752 2894 cum
785 2836 938 2894 male
967 2835 1314 2908 procederet
1349 2851 1362 2887 :
1398 2836 1577 2890 Curre
1608 2834 1898 2902 alacriter,
1942 2839 2173 2908 Georgi,

519 2929 757 2992 clamat,
788 2928 848 2981 in
872 2925 1165 2982 curriculo
1188 2925 1553 2979 certaminis.
1585 2925 1874 2980 Auxilium
1905 2927 2118 2983 deinde
2141 2944 2176 2984 a

517 3017 744 3072 Christo
771 3031 908 3070 cum
947 3013 1229 3082 lacrymis
1259 3017 1313 3066 et
1346 3028 1536 3082 usque
1577 3012 1652 3066 ad
1682 3012 1861 3069 ﬁnem
1903 3031 2175 3082 perseve-

518 3105 775 3161 rantiam
807 3101 1223 3173 expostulavit,
1280 3103 1378 3165 Ne,
1421 3099 1652 3162 dicens,
1688 3100 1965 3157 inimicus
1995 3104 2171 3169 dicat,
2217 3096 2258 3153 C
2291 3102 2622 3176 ἀνθρωπίνων

521 3191 802 3262 Superavi
846 3204 1026 3252 eum;
1072 3192 1127 3241 et
1172 3187 1366 3242 subito
1407 3187 1675 3242 solamen
1715 3188 1952 3256 invenit,
1995 3200 2070 3257 et,
2115 3197 2178 3248 ut

519 3281 659 3339 dicit
691 3279 991 3350 Scriptura
1031 3291 1222 3340 sacra,
1277 3275 1379 3330 lux
1412 3277 1765 3346 tempestiva
1801 3279 1850 3333 ei
1883 3282 2173 3352 prorupit,

518 3387 588 3427 ac
618 3368 878 3425 remedia
906 3370 1145 3438 repente
1176 3369 1398 3435 praesto
1423 3363 1662 3421 fuerunt
1697 3385 1710 3420 :
1737 3367 2036 3440 siquidem
2064 3387 2175 3427 vox

517 3458 772 3516 ccelestis
815 3455 1021 3511 audita
1055 3455 1325 3509 animum
1371 3453 1705 3520 conﬁrmat,
1755 3462 1811 3510 et
1857 3459 2173 3516 sanitatem

515 3548 744 3618 recipit.
775 3544 888 3602 Sed
918 3560 1054 3599 cum
1087 3543 1357 3616 pluribus
1384 3544 1433 3598 ei
1469 3544 1705 3599 coronis
1735 3561 1888 3616 opus
1915 3554 2066 3604 esset
2096 3551 2175 3605 ad

515 3652 640 3694 rem
650 3639 913 3690 unerand
921 3650 1017 3690 am
1033 3632 1205 3689 animi
1220 3633 1608 3688 constantiam
1624 3639 1676 3688 et
1689 3637 2171 3706 magnitudinem,

516 3730 570 3783 et
596 3725 855 3797 benigna
888 3723 1098 3780 Christi
1131 3738 1348 3777 manus
1392 3724 1621 3793 majora
1653 3723 1867 3780 datura
1906 3733 2082 3794 esset,
2114 3729 2174 3786 in

516 3829 816 3872 carcerem
848 3813 1046 3868 denuo
1085 3811 1362 3867 detrusus
1393 3816 1499 3866 est.

2362 2568 2453 2624 IE’.
2503 2571 2614 2623 Ούκ
2659 2575 2865 2644 ἤνεγκεν
2906 2575 2934 2633 ἦ
2981 2574 3196 2647 βέϐηλος
3243 2578 3371 2638 ἀκοὴ
3416 2580 3631 2657 ῥήματα
3667 2583 3903 2655 ψεύδους

2289 2658 2526 2731 ἐλεύθερα
2581 2665 2666 2712 xui
2723 2666 3046 2736 μοχθηρίας,
3119 2667 3246 2720 ἀλλὰ
3310 2679 3478 2731 κακῶς
3536 2672 3688 2726 αὐτὸν
3743 2675 3903 2728 πάλιν

2287 2755 2379 2810 τῆς
2445 2747 2682 2811 ἀληθείας
2743 2751 3026 2824 ἀμείϐεται·
3097 2762 3187 2808 καὶ
3246 2757 3561 2832 ὑποδήμασι
3628 2760 3898 2836 σιδηροῖς,

2290 2837 2356 2888 ὧν
2423 2835 2536 2895 ἧλοι
2598 2839 2722 2902 ὀξεῖς
2785 2848 3117 2916 προέπιπτον,
3185 2851 3506 2921 πυρωθείσιν
3575 2848 3903 2904 ύποδεθέντα

2290 2925 2592 2979 ἐλαύνεσθαι
2663 2929 2870 2983 κελεύει·
2937 2934 2960 2984 ὁ
3024 2931 3082 2986 δὲ
3137 2941 3342 3008 τρέχειν
3400 2936 3668 3001 ἀδυνάτως
3733 2940 3900 3012 ἔχων,

2289 3018 2462 3089 ὥσπερ
2546 3016 2709 3087 ἐαυτῷ
2768 3021 2960 3092 τόλμαν
3017 3021 3298 3094 ἐμϐάλλων,
3356 3033 3444 3079 καὶ
3502 3031 3738 3103 ύπεράνω
3806 3036 3902 3082 καὶ

2713 3111 2841 3180 ὅρων
2917 3116 3122 3183 τρέχειν
3208 3113 3610 3189 ἐγκελευόμενος,
3705 3123 3898 3194 Τρέχε,

2290 3199 2528 3280 Γεώργιε,
2605 3195 2760 3267 ἔλεγε,
2811 3202 2967 3271 τρέχε
3031 3205 3118 3253 τὸν
3171 3212 3265 3265 τῆς
3320 3205 3580 3266 ἀθλήσεως
3644 3208 3898 3280 εύπροθύ-

2288 3302 2392 3353 μως
2438 3279 2651 3357 δρόμον.
2710 3285 2834 3339 Εἶτα
2879 3294 2968 3341 καὶ
3012 3289 3259 3362 βοήθειαν
3305 3294 3527 3358 αἰτήσας
3585 3279 3902 3369 παράῗΧρι-

2291 3380 2416 3423 στοῦ
2459 3377 2551 3424 σύν
2597 3370 2846 3448 δάκρυσι,
2889 3384 2978 3430 καὶ
3017 3385 3109 3437 τὴν
3150 3381 3220 3443 εἰς
3263 3383 3402 3444 τέλος
3450 3386 3734 3458 ὑπομονήν,
3782 3385 3899 3439 Ἵνα

2288 3465 2356 3531 μὴ
2408 3464 2546 3534 εἰπη,
2593 3463 2772 3535 λέγων,
2815 3468 2838 3517 ό
2880 3466 3089 3542 ἐχθρός·
3136 3469 3373 3543 Ἵσχυσα
3418 3478 3548 3548 πρὸς
3593 3476 3767 3540 αὐτὸν,
3810 3496 3901 3528 τα-

2287 3555 2443 3622 χείας
2480 3552 2625 3613 εύθύς
2665 3559 2920 3626 τυγχάνει
2958 3559 3349 3632 παρακλήσεως,
3391 3568 3480 3615 καὶ
3517 3568 3574 3615 τό
3619 3573 3711 3627 τῆς
3758 3568 3901 3627 θείας

2287 3642 2442 3712 φάναι
2503 3648 2727 3716 Γραφῆς,
2787 3652 3018 3720 πρώῐμον
3074 3649 3213 3719 αύτῷ
3265 3655 3324 3702 τὸ
3375 3661 3479 3723 φῶς
3536 3652 3750 3729 έῤῥάγη,
3806 3661 3897 3708 xui

2285 3733 2428 3800 ταχύ
2493 3729 2708 3785 ἀνέτειλε
2766 3737 2830 3786 τά
2889 3735 3102 3807 ἰάματαο
3167 3750 3503 3813 παραχρῆμα
3556 3747 3655 3818 γὰρ
3726 3753 3899 3816 φωνῆς

2285 3823 2475 3873 ἄνωθεν
2545 3821 2774 3885 ἀκούσας
2826 3825 3146 3897 ᾐχηθείσης,
3201 3833 3498 3903 προθυμίας
3549 3852 3604 3885 τε
3666 3834 3899 3905 πίμπλα·-

515 3925 618 3969 ται,
674 3908 763 3955 καὶ
811 3905 958 3974 ὑγιής
1006 3900 1120 3963 ὅλος
1170 3905 1383 3972 γίνεται.
1446 3901 1586 3954 Ἐπεὶ
1647 3899 1704 3953 δὲ
1756 3907 1840 3955 καὶ
1895 3909 2135 3959 πλειόνων
2175 3907 2343 3964 ἐδεῖτο
2399 3913 2678 3983 στεφάνων,
2743 3909 2835 3965 διὰ
2885 3915 3150 3988 λογισμῶν
3208 3899 3511 3973 εύστάθειαν
3565 3928 3656 3975 καὶ
3707 3922 3896 3995 ψυχῆς

515 3996 740 4068 μέγεθος,
811 3994 839 4050 ὴ
905 3988 1190 4064 φιλόδωρος
1250 4009 1302 4042 τε
1369 3997 1601 4062 Χριστοῦ
1661 3987 1808 4054 δεξιὰ
1865 3999 1988 4068 πρὸς
2059 4004 2309 4072 παροχὴν
2377 4001 2624 4073 μειζόνων
2684 4001 2912 4075 ἀμοιϐὠν
2980 3987 3341 4079 ηύτρεπὶζετο,
3409 4016 3498 4063 xui
3564 4015 3622 4064 τὸ
3690 3987 3895 4086 δεσμω-

517 4089 698 4156 τήριον
731 4081 880 4141 αὖθις
909 4081 1062 4131 αὐτόν
1095 4075 1404 4148 ὑπεδέχετο.

590 4173 719 4226 XVI.
761 4171 906 4224 Cum
955 4173 1191 4239 postero
1239 4167 1334 4222 die
1389 4182 1609 4224 novam
1650 4170 2176 4238 interrogationem

522 4258 763 4325 subiret,
798 4259 1139 4329 imperator,
1167 4255 1512 4328 Quousque,
1554 4257 1714 4325 dicit,
1739 4261 1925 4332 jussis
1964 4269 2178 4323 nostris

522 4347 781 4413 resistes,
817 4347 996 4420 idque
1027 4362 1133 4418 per
1157 4347 1522 4419 superbiam,
1568 4352 1623 4405 et
1654 4350 1960 4408 maleﬁciis
2001 4359 2178 4427 atque

2366 4183 2484 4262 ις’.
2536 4177 2661 4233 Εἶτα
2708 4186 2799 4240 τὴν
2840 4185 3085 4236 ἑπιοῦσαν
3125 4187 3276 4238 πάλιν
3319 4188 3390 4250 εἰς
3437 4187 3692 4262 ἐρώτησιν
3727 4211 3896 4266 παρα·

2291 4267 2495 4338 χθέντι,
2549 4274 2724 4342 Μέχρι
2761 4276 2910 4336 τίνος,
2954 4272 2979 4323 ὀ
3021 4272 3269 4345 βασιλεὺς
3307 4279 3422 4348 ἔφη,
3470 4286 3581 4340 τοῖς
3627 4279 3899 4353 ἡμετέροις

2293 4356 2592 4420 ἀπειθήσεις
2643 4365 3033 4434 προστάγμασι,
3089 4364 3210 4438 παρ’
3265 4363 3413 4418 οὐδὲν
3453 4369 3638 4439 ἕτερον,
3687 4370 3768 4421 ὅτι
3822 4375 3894 4442 μή

526 4437 982 4495 incantamentis
996 4453 1158 4502 usus,
1175 4438 1394 4510 quibus
1408 4439 1690 4510 populum
1704 4441 1894 4512 ipsum
1907 4443 2175 4516 decipere

2292 4451 2443 4518 μόνον
2498 4446 2800 4514 αὐθάδειαν,
2846 4456 2933 4503 καὶ
2977 4455 3033 4503 τό
3074 4455 3162 4513 τὰς
3201 4454 3385 4506 ἑαυτοῦ
3433 4457 3718 4530 προλήψεις
3757 4455 3897 4511 ἐκδι-

525 4543 647 4585 non
676 4526 960 4581 dubitasti
1007 4525 1036 4581 εἰ
1079 4525 1164 4578 Ad
1209 4527 1334 4583 haec
1381 4533 1607 4600 martyr
1654 4530 2078 4600 imperatorem
2127 4541 2181 4592 et

525 4621 785 4674 astantes
813 4616 998 4671 oculis
1023 4632 1311 4686 generosa
1327 4621 1632 4679 nobilitate
1651 4622 1839 4694 plenis
1862 4624 2176 4696 aspiciens,

526 4709 667 4777 Ego,
691 4707 899 4778 inquit,
928 4723 1108 4778 quem
1141 4724 1244 4763 vos
1285 4711 1363 4765 ad
1396 4717 1646 4768 mortem
1678 4729 1934 4785 eamque
1965 4714 2178 4770 duram

529 4802 709 4868 atque
739 4796 1136 4853 inevitabilem
1169 4799 1483 4857 detrudere
1511 4803 1792 4858 statuistis
1824 4823 1836 4859 :
1892 4820 2026 4861 ecce
2059 4820 2178 4859 me-

528 4885 662 4941 dius
710 4886 860 4940 inter
914 4902 1020 4941 vos
1061 4893 1207 4952 asto,
1253 4891 1413 4946 testis
1450 4892 1826 4949 irrefutabilis
1867 4895 2177 4966 potestatis

530 4975 759 5031 Christi.
818 4974 970 5030 Nihil
1024 4979 1165 5033 duxi
1202 4985 1498 5038 tormenta
1539 4999 1676 5054 quae
1733 5000 1948 5056 passus
1998 5001 2175 5051 sum;

527 5064 933 5138 quodcunque
979 5066 1140 5121 aliud
1193 5068 1253 5123 in
1301 5086 1396 5126 me
1450 5072 1777 5140 intuleritis,
1839 5075 1962 5130 sine
2019 5081 2180 5130 metu

529 5154 736 5210 feram.
789 5156 902 5210 Vos
956 5162 1154 5212 autem
1185 5158 1328 5229 quid
1361 5162 1626 5231 speratis,
1661 5164 1763 5235 qui
1815 5179 1970 5220 vana
2019 5164 2179 5220 idola

530 5243 716 5300 colitis
741 5243 769 5299 ?
793 5244 942 5300 Nihil
975 5261 1078 5301 vos
1106 5247 1282 5317 piget,
1318 5249 1448 5304 aliis
1475 5267 1716 5323 quoque
1739 5252 2016 5323 perniciei
2041 5270 2180 5309 cau-

532 5347 659 5386 sam
688 5348 819 5388 esse
848 5349 861 5399 ;
894 5335 1082 5389 immo
1107 5337 1252 5391 deos
1304 5339 1628 5395 nominatis
1682 5341 1840 5396 viros
1888 5341 2178 5406 ebriosos,

532 5419 837 5478 dissolutis
869 5424 1158 5490 moribus,
1185 5426 1538 5494 homicidas,
1563 5435 1618 5486 et
1639 5429 1742 5502 qui
1759 5429 1872 5486 hac
1895 5429 2024 5487 sola
2044 5447 2180 5488 con-

610 5597 686 5670 (ϐ)
713 5597 873 5656 Idem
917 5602 1191 5676 άπιστίας,
1217 5604 1383 5676 quod
1409 5605 1664 5677 corrigo.

2291 4544 2395 4587 κεῖν
2463 4538 2554 4588 ούκ
2613 4537 2991 4611 ἐπιστημόνως,
3043 4542 3231 4613 μᾶλλον
3289 4541 3347 4596 δὲ
3389 4551 3656 4615 γοητείαις
3728 4546 3898 4601 ἀλύειν

2293 4625 2664 4699 ἀπειροκάλως,
2746 4629 2828 4691 αἷς
2898 4630 3024 4691 ὅλως
3087 4637 3176 4683 xui
3247 4634 3568 4708 τεθάρρηκας
3640 4635 3898 4708 ἐξαπατᾷν

2291 4718 2376 4766 τὸν
2436 4715 2593 4782 λαόν;
2653 4722 2787 4792 Πρὸς
2840 4727 3004 4771 ταῦτα
3061 4721 3086 4771 ό
3145 4724 3366 4796 μάρτυς,
3419 4730 3650 4794 γενναῖόν
3709 4746 3760 4777 τι
3807 4736 3898 4784 καὶ

2294 4800 2555 4877 ἀνδρῶδες
2590 4811 2712 4880 πρός
2751 4826 2803 4858 τε
2847 4811 2931 4858 τὸν
2973 4807 3197 4880 βασιλέα
3235 4817 3322 4864 καὶ
3366 4816 3482 4874 τοὺς
3529 4821 3898 4886 συμπαρόντας

2292 4893 2740 4967 περιϐλεψάμενος·
2796 4897 2952 4967 Ἐγὼ,
3007 4899 3121 4970 ἔφη,
3178 4901 3203 4951 ὁ
3259 4901 3377 4976 παρ’
3430 4904 3570 4976 ὑμῶν
3623 4903 3696 4965 εἰς
3747 4906 3899 4956 θάνα-

2291 5002 2374 5034 τον
2424 4981 2671 5052 ἐκδοθεὶς,
2720 4990 2808 5037 xui
2855 4987 3070 5038 θάνατον
3110 4988 3244 5042 οὑτω
3283 4991 3511 5062 χαλεπόν
3547 5012 3599 5045 τε
3637 4997 3723 5044 xui
3769 4992 3898 5065 ἄφυ-

2291 5092 2429 5140 κτον,
2491 5075 2644 5135 αύτός
2701 5073 2798 5145 ἐγὼ
2855 5082 2942 5126 νῦν
3010 5082 3168 5148 μέσος
3223 5081 3366 5151 ὑμῶν
3417 5083 3636 5148 ἕστηκα,
3696 5084 3899 5155 μάρτυς

2293 5162 2698 5235 ἀπαράγραπτος
2753 5173 2840 5224 τῆς
2894 5174 2983 5217 τοῦ
3032 5175 3262 5240 Χριστοῦ
3311 5189 3410 5241 μου
3466 5167 3754 5242 δυνάμεως
3809 5174 3900 5232 τὰς

2291 5273 2343 5305 τε
2386 5250 2491 5311 ἢδη
2534 5273 2622 5324 μοι
2663 5253 3016 5326 ἐπενεχθείσας
3057 5255 3318 5328 βασάνους
3359 5257 3405 5310 έν
3446 5257 3618 5313 οὐδενὶ
3672 5261 3897 5333 θέμενος,

2291 5347 2378 5394 καὶ
2426 5351 2512 5394 νῦν
2562 5345 2762 5415 ἕτοιμος
2811 5349 2939 5419 πρὸς
2986 5351 3086 5397 πᾶν
3126 5344 3246 5399 ἄλλο
3287 5351 3344 5399 τὸ
3386 5348 3508 5423 παρ’
3550 5351 3670 5422 ύμῖν
3716 5349 3898 5421 ἑπαγό-

2292 5451 2439 5506 μενον
2502 5433 2798 5508 ύποπτῇξαι
2853 5432 3038 5507 μηδέν.
3090 5436 3211 5509 ύμὶν
3261 5434 3319 5490 δε
3357 5448 3468 5503 πῶς
3521 5439 3634 5513 ἕχει
3687 5443 3753 5493 τὰ
3803 5449 3904 5492 τῶν
