4084 6216
242 283 326 338 I53

1597 273 1762 330 VITA
1800 270 1860 327 S.
1904 269 2221 332 GEORGII.

3491 284 3593 338 154

241 402 464 469 ἐλπίδων,
521 406 572 455 οἱ
617 407 850 474 ματαίοις
910 400 1145 466 εἰδώλοις
1200 408 1566 477 προσκείμενοι
1610 419 1622 464 ;
1677 393 1827 450 οὐδὲν

1942 395 2158 455 ditione
2186 401 2476 469 vixerunt,
2498 419 2658 460 nunc
2687 419 2828 460 vero
2848 404 2985 473 igne
3013 406 3256 476 perenni
3279 421 3385 477 per
3415 420 3594 461 omne

237 496 408 547 ὀκνεῖτε
456 499 545 544 καὶ
601 493 781 565 ἑτέροις
828 495 903 544 ἔτι
950 492 1204 556 ἀπωλείας
1257 495 1506 553 ύπόθεσις
1561 490 1820 563 γίνεσθαι,

235 583 302 655 ἐφ’
354 584 423 642 οἷς
472 582 821 651 αἰσχύνεσθαι
875 578 958 634 δεῖ
1003 583 1192 652 μᾶλλον
1244 585 1385 642 θεούς
1450 581 1817 651 ὀνομάζοντας,

233 675 516 743 ἀνθρώπους
574 670 622 722 ἐν
661 673 866 741 μέθαις,
943 676 1034 724 καὶ
1114 671 1427 742 ἀσελγείαις,
1486 675 1574 721 καὶ
1635 673 1802 738 φόνοις
1882 666 2260 730 ἔξετασθέντας,

1797 756 1976 813 αἰῶνος
2052 763 2482 829 τιμωρουμένους,

236 763 421 821 τούτοις
474 761 763 824 ζήσαντας,
845 765 956 811 νυνὶ
1035 756 1094 812 δὲ
1177 761 1367 831 αἰωνίῳ
1459 763 1586 831 πυρὶ
1640 753 1712 809 δι’

236 850 450 911 ἅπαντας
481 853 761 921 περιμνει.

299 938 387 991 IZ’.
443 940 623 1009 Θυμός
665 938 815 989 πάλιν
861 936 945 990 ἐπὶ
988 941 1190 1000 τούτοις
1240 957 1353 1010 ειχε
1395 940 1481 989 τὸν
1529 938 1773 1009 τύραννον
1807 954 1820 966 ο

234 1034 308 1078 καὶ
355 1027 503 1077 πάλιν
540 1029 566 1077 6
614 1026 768 1088 καλὸς
821 1033 1074 1099 Γεὼργιος
1119 1026 1446 1099 ἐμαστίζετο,
1499 1029 1588 1076 καὶ
1633 1025 1826 1094 νεύροις

235 1113 406 1187 βοείοις
460 1114 688 1176 ἀνηλεῶς
747 1114 988 1168 ἐκόπτετο
1050 1136 1061 1148 ·
1124 1119 1149 1168 6
1206 1113 1264 1168 δε
1325 1114 1401 1167 ἐπ’
1457 1114 1635 1173 αύτοῖς
1693 1112 1828 1163 οὕτω

233 1211 440 1275 γενναῖος
498 1202 747 1261 διέκειτο.
801 1207 870 1266 ὡς
901 1204 978 1256 ἐπ’
1032 1205 1172 1275 αύτῷ
1210 1205 1587 1276 πεπληρῶσθαι
1626 1206 1685 1253 τὸ
1738 1208 1830 1252 τοῦ

237 1294 352 1344 θείου
401 1289 568 1344 Δαυίδ
605 1313 616 1324 ο
663 1315 690 1343 ι(
750 1297 1101 1365 Συνήχθησαν
1155 1293 1228 1346 ἐπ’
1281 1293 1366 1365 ἐμὲ
1418 1296 1688 1364 μάστιγες,
1742 1293 1829 1341 καὶ

235 1382 313 1434 οὐκ
350 1383 521 1452 ἔγνων,
577 1404 604 1430 ››
648 1382 764 1436 Ἐπὶ
817 1383 948 1435 πολὺ
1001 1388 1170 1436 τοίνυν
1237 1382 1370 1435 οὕτω
1422 1380 1827 1453 μαστιζομένου,

233 1477 308 1522 καὶ
362 1467 568 1545 σφόδρα
599 1476 839 1541 γενναίως
892 1477 1021 1544 πρὸς
1066 1476 1154 1532 τὰς
1184 1472 1383 1542 πληγὰς
1416 1473 1650 1542 ἔχοντος,
1700 1469 1832 1519 ὥστε

235 1565 334 1620 τοὺς
408 1565 663 1621 παίοντας
743 1561 932 1631 μᾶλλον
1015 1560 1298 1632 ἀποκαμεῖν
1365 1561 1393 1619 ἡ
1457 1558 1663 1620 ἐκεῖνον,
1744 1553 1831 1607 καὶ

233 1652 373 1720 μέχρι
419 1647 722 1719 βλέμματος
771 1647 1046 1712 ἐνδόσιμόν
1100 1670 1151 1701 τι
1201 1654 1288 1701 καὶ
1348 1649 1579 1720 μαλακὸν
1631 1647 1826 1715 ύποφή-
1866 1675 1904 1728 Β

238 1758 303 1788 ναι
333 1755 345 1767 '
385 1741 645 1809 προσχὼν
676 1740 701 1789 6
752 1742 998 1810 τύραννος
1029 1741 1114 1791 οἷα
1163 1744 1252 1792 καὶ
1284 1739 1441 1800 αύτός
1486 1736 1675 1796 ἐπίσης
1708 1732 1831 1784 ἀπο-

240 1833 404 1895 καμὼν,
459 1833 549 1878 καὶ
611 1835 711 1888 τῆς
768 1836 858 1879 τοῦ
921 1831 1183 1901 μάρτυρος
1241 1829 1502 1886 ἡττᾶσθαι
1560 1827 1832 1898 καρτερίας

246 1911 665 1987 ὑποδεικνύμενος,
725 1915 856 1978 Ἕως
899 1923 1051 1982 τίνος,
1104 1921 1217 1989 ἔφη,
1285 1921 1377 1974 τὴν
1434 1918 1658 1987 ματαίαν
1711 1914 1830 1964 ταύ-

249 2021 318 2058 την
383 2001 724 2075 δημοσιεύων
785 2005 1101 2077 φιλοτιμίαν,
1190 2005 1387 2057 πολλῶν
1456 2005 1671 2056 σεαυτὸν
1737 1999 1830 2051 ούκ

242 2091 410 2161 ἀγαθῶν
465 2099 627 2164 μόνον
696 2094 1020 2168 ἀποστερεῖς,
1099 2094 1225 2146 ἀλλὰ
1281 2100 1372 2146 καὶ
1443 2101 1614 2144 κακῶν
1669 2089 1831 2148 ποιεῖς

238 2182 466 2252 πρόξενον.
557 2186 688 2254 ἡμῖν
766 2188 838 2255 μὴ
923 2186 1198 2236 πείθεσθαι
1257 2182 1568 2256 βουλόμενος
1628 2196 1641 2245 ;
1695 2180 1829 2231 Τού-

1937 501 2134 543 aevum
2176 491 2310 557 usti,
2351 492 2513 563 quod
2556 493 2716 548 idem
2769 492 3051 548 omnibus
3091 508 3298 548 eorum
3351 493 3593 550 asseclis

1938 576 2230 633 imminet.

2340 674 2429 721 καὶ
2489 673 2575 721 τὸν
2652 673 2742 741 μὲν
2815 669 3028 742 βραχύν
3087 677 3266 721 τοῦτον
3329 669 3442 740 βίον
3511 670 3593 722 ἐπὶ

2562 760 2586 810 ὃ
2653 765 2741 812 καὶ
2800 763 2918 820 τοὺς
3001 757 3306 829 σεϐομένους
3405 758 3596 821 αύτούς

2008 931 2161 986 XVII.
2203 932 2390 989 Iratus
2420 935 2494 990 de
2519 936 2612 992 his
2643 940 2936 1008 tyrannus
2963 936 3276 1005 Georgium
3310 934 3597 1004 ﬂagellari

1937 1021 2251 1093 nervisque
2299 1022 2534 1080 bovinis
2573 1025 2914 1081 immaniter
2953 1025 3102 1080 caedi
3137 1025 3359 1096 jussit;
3413 1040 3594 1096 quam

1935 1109 2182 1181 quidem
2233 1126 2476 1182 poenam
2509 1114 2597 1169 vir
2628 1120 2869 1170 sanctus
2925 1131 3060 1169 cum
3089 1115 3252 1169 omni
3310 1113 3595 1185 patientia

1938 1198 2138 1267 subiit,
2173 1205 2236 1255 ut
2265 1200 2408 1256 illud
2445 1204 2679 1259 Davidis
2734 1205 3112 1276 impleretur:
3145 1226 3173 1253 «
3226 1205 3596 1274 Congregata

1940 1292 2077 1342 sunt
2109 1304 2288 1359 super
2315 1307 2408 1346 me
2429 1291 2686 1361 ﬂagella,
2713 1293 3054 1363 etignoravi
3083 1315 3131 1348 .»
3160 1295 3485 1364 Postquam
3515 1293 3596 1347 ita

1941 1375 2289 1432 verberibus
2308 1381 2452 1435 male
2476 1388 2758 1438 tractatus
2778 1383 3094 1454 patientem
3121 1387 3309 1438 tamen
3334 1380 3594 1436 animum

1939 1465 2316 1534 ostendisset,
2363 1470 2660 1540 siquidem
2703 1477 2951 1527 tortores
3009 1472 3201 1541 magis
3241 1486 3424 1542 quam
3466 1469 3595 1540 ipse

1941 1552 2349 1622 fatigarentur,
2371 1560 2535 1628 quod
2553 1559 2722 1615 facile
2745 1565 2868 1616 erat
2891 1559 3108 1627 videre,
3127 1565 3417 1631 tyrannus
3437 1572 3594 1627 mgre

1941 1641 2133 1698 ferens
2164 1661 2225 1699 se
2247 1661 2283 1700 a
2313 1649 2590 1719 martyris
2613 1653 2948 1706 constantia
2971 1654 3338 1721 superatum,
3367 1649 3596 1712 Quous-

1940 1746 2075 1803 que,
2110 1733 2322 1804 inquit,
2349 1739 2674 1806 pertinacia
2701 1742 2805 1793 tua
2834 1738 3215 1793 continuabis
3247 1752 3368 1792 non
3399 1735 3593 1790 solum

1941 1821 2140 1876 multis
2174 1827 2229 1877 te
2260 1825 2433 1880 bonis
2466 1827 2717 1896 privare,
2751 1828 2856 1882 sed
2897 1829 3057 1883 mala
3087 1827 3274 1882 multa
3301 1827 3361 1880 in
3415 1828 3597 1897 caput

1940 1915 2112 1966 tuum
2151 1913 2466 1982 ingerere?
2508 1916 2603 1970 His
2645 1917 2881 1986 auditis,
2915 1918 3089 1972 divus
3129 1917 3437 1984 Georgius.
3481 1917 3596 1970 Cur

1940 2015 2061 2055 non
2081 2001 2301 2071 potius,
2326 2006 2657 2076 respondit,
2683 2011 2745 2061 tu
2771 2008 2913 2062 mihi
2937 2006 3167 2071 obedis,
3195 2021 3381 2059 unum
3409 2007 3592 2058 Deum

1940 2088 2272 2158 adorando,
2315 2094 2417 2165 qui
2457 2094 2574 2150 vita
2604 2100 2693 2150 est
2725 2101 2782 2151 et
2812 2096 2915 2167 qui
2949 2097 3134 2150 vitam
3174 2094 3317 2149 dare
3357 2092 3596 2164 potest?

1940 2178 2045 2249 qui
2084 2179 2375 2236 honorem
2407 2183 2552 2238 vivis
2583 2199 2652 2240 ac
2687 2185 2934 2240 mortuis
2967 2184 3235 2239 debitum
3265 2179 3595 2237 discernit?

235 2272 388 2322 τοινὸ
457 2273 594 2333 θεῖος
670 2270 902 2334 ἀκούσας
959 2277 1228 2344 Γεώργιος,
1289 2273 1406 2324 Εἰθε
1480 2270 1690 2343 μᾶλλον,
1770 2263 1926 2328 εἶπεν,
1986 2263 2024 2315 ὦ
2101 2266 2341 2338 βασιλεῦ,
2407 2272 2554 2343 ὑμεῖς
2621 2271 2894 2331 ἐπείσθητέ
2955 2293 3062 2344 μοι,
3137 2277 3226 2324 καὶ
3295 2275 3387 2324 σὺν
3472 2272 3595 2341 ἡμῖν

235 2362 305 2410 τὸν
349 2365 494 2430 μόνον
549 2369 916 2432 προσεκυνείτε
970 2365 1096 2414 Θεὸν
1155 2361 1180 2412 ὃ
1239 2365 1327 2413 καὶ
1398 2360 1551 2419 αὐτὸς
1610 2359 1715 2418 ζωή
1798 2352 1937 2404 ἔστιν
2018 2356 2281 2430 ἄντικρυς,
2339 2365 2428 2412 καὶ
2513 2365 2648 2423 ζωὴν
2712 2367 2962 2434 παρέχειν
3021 2359 3321 2434 δυνάμενος.
3373 2363 3437 2412 Τί
3493 2363 3592 2432 ’γὰρ

233 2445 280 2497 ἂν
305 2453 385 2499 καὶ
406 2455 521 2522 περὶ
551 2458 657 2502 τῶν
690 2451 893 2510 ζώντων
921 2455 1035 2511 τούς
1063 2455 1268 2525 νεκρούς
1299 2449 1480 2510 ἐκεῖνος
1506 2452 1658 2500 ταυτὶ
1677 2449 1742 2498 τὰ
1771 2441 1893 2514 παρ’
1927 2444 2074 2516 ὑμῶν
2109 2456 2373 2519 τιμώμενα
2397 2455 2630 2520 γνησίως
2661 2452 2848 2504 καλῶν.

293 2539 385 2589 IH'.
429 2544 557 2590 Τότε
620 2541 947 2610 Μαγνέντιος,
993 2541 1018 2591 6
1062 2545 1152 2592 καὶ
1210 2537 1460 2611 δευτέρων
1511 2546 1671 2609 τιμῶν
1721 2542 1820 2587 τῶν

232 2629 342 2696 μετὰ
404 2627 776 2686 Διοκλητιανόν
820 2627 1137 2700 ἀξιούμενος,
1190 2632 1316 2701 πρὸς
1371 2624 1455 2688 οὖς
1493 2635 1564 2697 τῷ
1614 2624 1822 2697 βασιλεὶ

234 2715 719 2789 κοινολογισάμενος,
761 2723 846 2768 καὶ
904 2717 1146 2777 ἀνεθῆναι
1189 2726 1287 2770 τῶν
1337 2716 1547 2787 πληγῶν
1601 2715 1824 2772 αἰτήσας

233 2807 305 2854 τὸν
349 2807 610 2878 μάρτυροι,
657 2805 924 2878 ἐγγυτάτω
982 2826 1036 2859 τε
1085 2807 1245 2859 αὐτοῦ
1299 2807 1766 2880 παραστησάμενος
1810 2820 1821 2831 ·

233 2892 370 2944 Ἀλλά
424 2889 490 2952 δη
543 2895 775 2958 πάντως,
842 2897 956 2966 ἔφη,
1019 2901 1259 2969 Γεώργιε,
1311 2895 1353 2946 εἰ
1399 2893 1575 2965 βούλει
1628 2901 1698 2962 τῷ
1751 2899 1824 2961 σῷ

2008 2535 2196 2590 XVIII.
2249 2539 2394 2592 Tum
2435 2541 2827 2608 Magnentius,
2861 2541 2963 2612 qui
2991 2545 3126 2611 post
3165 2538 3594 2595 Diocletianum

1936 2624 2234 2680 secundas
2249 2626 2461 2697 imperii
2477 2633 2672 2698 partes
2687 2629 2948 2697 gerebat,
2965 2629 3447 2700 appropinquans
3462 2627 3593 2682 huic

1934 2715 2240 2782 persuasit,
2260 2720 2368 2770 uta
2388 2723 2642 2788 martyre
2660 2718 2997 2790 torquendo
3012 2718 3336 2780 desisteret,
3353 2721 3410 2770 et
3423 2718 3594 2771 Geor-

1934 2802 2098 2872 gium
2127 2803 2209 2857 sic
2249 2807 2340 2858 est
2378 2803 2691 2872 allocutus,
2735 2811 2825 2874 At,
2867 2806 3080 2877 inquit,
3125 2805 3174 2860 si
3215 2805 3302 2859 vis
3333 2820 3443 2859 nos
3475 2805 3594 2858 Deo

1939 2897 2038 2945 tuo
2049 2890 2221 2947 ﬁdem
2233 2892 2469 2959 habere,
2486 2895 2872 2966 opus,sa1tem
2888 2895 3098 2951 exhibe
3112 2894 3229 2949 ﬁde
3243 2894 3508 2962 dignum,
3526 2909 3595 2948 ac

234 2982 354 3052 ἡμᾶς
381 2991 667 3035 πιστεῦσαι
699 2991 832 3054 Θεῷ,
881 2987 1027 3056 ἔργον
1058 3005 1110 3036 τι
1161 2989 1288 3059 πρὸς
1342 2989 1520 3036 πίστιν
1575 2981 1824 3054 ἐχέγγυον

1942 2981 2240 3036 hominem
2256 2982 2425 3053 quiin
2438 2983 2620 3039 domo
2639 2985 2832 3040 vicina
2847 2989 3118 3040 mortuus
3125 2985 3304 3054 jacet,
3322 2997 3595 3054 experge-

237 3067 588 3134 ἐπιδείξασθαι
642 3073 744 3144 (7),
794 3078 883 3125 καὶ
935 3074 1020 3126 ἕνα
1067 3081 1158 3134 τῆς
1205 3072 1261 3125 ἐκ
1307 3078 1549 3143 γειτόνων
1593 3074 1825 3143 κειμένης

239 3169 374 3233 σοροῦ
429 3170 529 3212 τῶν
585 3169 776 3233 νεκρῶν
830 3160 1149 3227 ἀναστῆσαι,
1214 3162 1370 3236 οὗπερ
1423 3165 1714 3232 γενομένου,
1766 3158 1824 3210 ού

241 3245 485 3312 δυσκόλως
533 3253 690 3322 ἡμεῖς
745 3254 872 3323 πρὸς
924 3256 1018 3310 τὴν
1064 3256 1160 3310 σὴν
1221 3253 1498 3323 θρησκείαν
1547 3248 1824 3322 μεταταξό-

235 3340 360 3406 μεθα.
413 3346 648 3392 Τοιαῦτα
715 3343 804 3411 μεν
857 3341 882 3392 6
945 3345 1278 3412 Μαγνέντιος,
1358 3335 1580 3414 ἐργῶδές
1629 3358 1678 3390 τι
1736 3343 1824 3389 καὶ

238 3422 540 3480 δυσάνυστον
569 3431 599 3487 ἡ
650 3434 740 3481 καὶ
783 3428 972 3501 μᾶλλον
1014 3427 1270 3482 ἀδύνατον
1321 3432 1379 3481 τὸ
1434 3430 1675 3502 παράπαν
1727 3428 1827 3479 οἰό-

236 3534 360 3584 μενος
411 3526 479 3586 τῷ
533 3521 768 3590 μάρτυρι
813 3523 1064 3592 προτείνει
1114 3519 1184 3580 εἰς
1233 3526 1432 3591 πεῖραν,
1493 3517 1555 3567 ἶν’
1605 3516 1827 3568 ἐντεῦθεν

240 3602 256 3654 ί
301 3610 378 3666 ὼν,
438 3606 532 3657 οὐκ
593 3605 795 3676 ἀλόγως
851 3609 916 3658 τὰ
965 3616 1061 3669 τῆς
1114 3609 1367 3678 ἡμετέρας
1424 3601 1824 3678 διακωμῳδήσῃ

239 3698 431 3755 πίστεως
469 3697 518 3764 (6
547 3695 702 3767 λόγος
740 3697 841 3770 γὰρ
873 3697 898 3747 6
938 3705 1028 3748 τοῦ
1089 3705 1340 3770 σταυροῦ,
1373 3701 1435 3759 ὡς
1474 3699 1672 3760 Παῦλος
1726 3717 1845 3768 φη·-

243 3786 366 3835 σινό
419 3787 572 3850 θεῖος,
611 3791 787 3858 μωρία
839 3794 947 3847 τοῖς
996 3784 1360 3857 ἀπολλυμένοις
1411 3787 1548 3858 ἐστί)
1593 3806 1604 3817 ⁸
1662 3791 1719 3840 τὸ
1771 3784 1830 3838 δε

241 3870 353 3922 οὕτω
394 3879 633 3947 Γεωργίω
676 3871 862 3948 ῥᾴδιον
909 3870 992 3938 ἧν,
1037 3876 1212 3948 ὥσπερ
1263 3876 1306 3928 εἰ
1335 3885 1526 3936 πτῆναι
1575 3884 1644 3946 τῷ
1700 3875 1829 3946 ἀετῷ

243 3976 302 4018 τις
344 3959 577 4029 ἐκέλευεν,
635 3963 664 4021 ᾖ
730 3963 988 4025 νήξασθαι
1039 3973 1109 4034 τῷ
1161 3961 1380 4037 δελφῖνι,
1439 3966 1481 4018 εἰ
1536 3964 1713 4037 βούλει
1772 3961 1831 4017 δὲ

241 4048 389 4122 ὥσπερ
437 4051 478 4103 εἰ
525 4048 852 4105 καθεύδοντά
895 4071 1011 4105 τινα
1042 4051 1214 4124 ἐκείνῳ
1267 4053 1534 4107 ἐπέταττεν
1568 4054 1782 4126 ἀνιστᾲν
1810 4092 1826 4109 .

240 4132 342 4206 ᾔδει
366 4143 462 4213 γὰρ
501 4143 582 4193 ὅτι
631 4149 704 4211 τῷ
755 4140 1055 4214 βουλήματι
1098 4147 1236 4214 μόνῳ
1289 4146 1348 4195 τὸ
1396 4146 1606 4216 σύμπαν
1656 4142 1711 4195 ἐκ
1759 4148 1828 4216 μὴ

243 4228 374 4277 ὄντων
399 4229 466 4289 εἰς
513 4234 572 4281 τό
608 4228 739 4282 εἶναι
782 4235 1160 4303 παραγαγόντι,
1216 4229 1367 4284 οὐδὲν
1429 4231 1489 4284 ἀν
1525 4229 1830 4304 ἐμποδίσειε

242 4317 316 4364 καὶ
342 4325 531 4380 νεκροῖς
558 4317 754 4378 ὀστέοις
793 4317 1076 4390 ἐμπνεῦσαι
1100 4321 1257 4380 ζωήν.

305 4404 398 4460 ΙΘ’.
430 4407 514 4466 Εἰς
542 4411 670 4478 γόνυ
716 4414 991 4481 τοιγαροῦν
1041 4409 1260 4473 κλιθεὶς,
1301 4414 1390 4461 καὶ
1421 4416 1534 4480 Θεῷ
1585 4407 1711 4471 δοὺς
1735 4416 1826 4468 τὴν

246 4489 410 4550 εὐλαϐῆ
492 4498 870 4569 προσκύνησιν,
955 4499 1132 4548 ἔπειτα
1206 4503 1295 4550 καὶ
1376 4495 1682 4562 διαναστὰς,
1739 4504 1826 4550 καὶ

248 4577 525 4653 ὀφθαλμοὺς,
577 4586 705 4655 μετὰ
761 4593 859 4635 τῶν
911 4585 1175 4643 αἰσθητῶν
1229 4607 1362 4658 φημι
1413 4591 1500 4638 καὶ
1554 4591 1674 4647 τούς
1725 4607 1825 4640 νοεο

247 4673 365 4736 ροὺς,
438 4673 505 4734 εἰς
585 4673 713 4744 ὕψος
779 4673 990 4748 ἐπάρας,
1047 4674 1284 4728 κάκείνου
1354 4673 1554 4736 δεηθεὶς
1609 4678 1662 4728 ὃν
1718 4684 1826 4738 τοῖς

249 4756 432 4816 οἰκείοις
480 4758 698 4825 ίδόξασε
754 4763 947 4833 μέλεσι,
1015 4768 1102 4815 καὶ
1135 4764 1194 4815 οὗ
1248 4769 1340 4823 τὴν
1390 4765 1650 4835 ἄψευστον
1707 4762 1825 4837 ᾔδει

250 4841 547 4917 ἕπαγγελίαν,
605 4853 683 4902 ότι
753 4849 965 4914 δοξάσει
1043 4850 1110 4910 δὴ
1185 4857 1272 4904 καὶ
1331 4853 1485 4915 αύτός
1539 4855 1826 4926 θεοπρεπῶς

253 4939 349 4994 τούς
405 4933 739 5002 δοξάζοντας,
799 4941 884 4993 ἕνα
940 4951 1039 4992 τῶν
1110 4945 1353 5014 κειμένων
1431 4951 1618 5014 νεκρῶν
1677 4944 1825 5004 εὐθὺς

254 5019 499 5082 ἀνίστησιν
547 5048 558 5060 ·
594 5032 662 5090 ὡς
711 5030 928 5090 πολλοὺς
974 5034 1064 5103 μὲν
1119 5039 1216 5082 τῶν
1268 5033 1592 5102 θεασαμένων
1639 5039 1729 5083 τοῦ
1774 5051 1825 5084 τε

256 5109 453 5176 πλήθους
481 5122 568 5169 καὶ
599 5126 690 5169 τοῦ
746 5128 971 5192 στρατοῦ
1012 5128 1316 5185 πιστεῦσαι,
1368 5124 1454 5172 τὸν
1489 5117 1546 5172 δὲ
1603 5118 1826 5192 βασιλέα

259 5199 490 5270 θαυμάσαι
537 5211 624 5277 μεν
663 5212 752 5258 καὶ
792 5208 964 5272 αὐτόν,
1013 5214 1180 5278 γόητα
1225 5205 1282 5261 δε
1327 5212 1461 5261 κατὰ
1508 5213 1565 5260 τὸ
1616 5215 1824 5282 φανερὸν

261 5285 525 5345 ἐπικαλέσαι
591 5299 676 5347 τὸν
733 5295 929 5368 Ἀγιον,
981 5304 1069 5349 καὶ
1115 5298 1180 5359 εἰς
1225 5300 1503 5370 φάντασμα
1553 5301 1713 5351 θεῖναι
1766 5304 1823 5352 τὸ

319 5414 493 5510 εἰὶλει
521 5418 798 5510 ἀνέγιυονιί
815 5421 1357 5510 μιξὶεοὶθεθείβςίε.
1377 5421 1644 5510 diarum:
1678 5440 1823 5510 ςυρ-

264 5485 412 5541 modo
461 5485 718 5562 ἀνεγγυάω
768 5485 1072 5568 ἐἱεηίῆἷεειζ
1113 5485 1494 5563 ήιίέέαὺεᾶἳ
1536 5485 1641 5568 sed
1681 5485 1825 5568 ἀνέγ-

264 5571 364 5622 γυος
385 5573 448 5615 ex
480 5578 586 5619 usu
607 5569 918 5622 auctorum
940 5565 1334 5638 probatorum
1360 5567 1723 5625 contrarium
1739 5565 1825 5624 vi-

1863 4351 1909 4406 D

1937 3070 2250 3138 faciendo;
2301 3074 2464 3146 quod
2507 3076 2556 3130 si
2596 3075 2824 3142 feceris,
2870 3093 2980 3131 nos
3023 3076 3209 3130 Deum
3250 3081 3417 3129 tuum
3470 3073 3595 3127 sine

1936 3176 2106 3216 mora
2145 3177 2254 3231 pro
2282 3179 2418 3219 vero
2448 3164 2830 3222 habebimus.
2870 3165 3242 3235 Magnentius
3271 3165 3430 3219 hanc
3469 3177 3594 3218 rem

1936 3250 2185 3320 martyri
2218 3257 2279 3306 ut
2296 3251 2598 3308 difﬁcilem
2618 3261 2719 3309 aut
2737 3255 2935 3326 potius
2960 3254 3136 3325 plane
3154 3251 3592 3324 impossibilem

1935 3342 2216 3408 insinuat,
2259 3345 2574 3401 materiam
2616 3346 2752 3401 inde
2792 3347 3032 3403 ludibrii
3073 3351 3280 3402 contra
3320 3349 3593 3400 sanctam

1937 3436 2194 3488 nostram
2209 3433 2543 3503 religionem
2560 3441 2912 3508 sumpturus
2929 3436 3192 3508 (verbum
3210 3435 3368 3490 enim
3383 3433 3594 3498 crucis,

1940 3526 2002 3576 ut
2041 3527 2284 3577 sanctus
2314 3522 2532 3578 Paulus
2563 3524 2727 3590 dicit,
2761 3525 3148 3596 pereuntibus
3182 3524 3420 3579 stultitia
3461 3523 3595 3593 est).

1939 3612 2049 3665 Res
2088 3618 2289 3667 autem
2323 3613 2570 3683 Georgio
2600 3630 2771 3685 aeque
2803 3613 2990 3669 facilis
3020 3619 3146 3668 erat
3173 3612 3403 3677 effectu,
3438 3627 3507 3666 ac
3548 3613 3598 3666 si

1939 3699 2155 3771 aquilaa
2199 3699 2418 3764 volare,
2480 3701 2744 3772 delphini
2797 3708 3003 3758 natare
3044 3703 3417 3772 praeceperis,
3474 3701 3596 3755 imo

1939 3803 2009 3844 ac
2048 3789 2096 3842 si
2136 3789 2452 3844 dormienti
2505 3789 2679 3845 alicui
2739 3805 2978 3860 surgere
3036 3789 3350 3844 intimaris.
3406 3788 3596 3843 Probe

1939 3878 2096 3933 enim
2130 3877 2372 3949 sciebat,
2407 3894 2546 3934 eum
2582 3880 2683 3951 qui
2713 3879 2837 3934 sola
2875 3879 3177 3934 voluntate
3217 3892 3595 3949 quaecunque

1939 3971 2089 4036 vult,
2121 3987 2190 4026 ex
2231 3970 2415 4027 nihilo
2449 3987 2648 4027 creare
2680 3971 2852 4043 valet,
2891 3972 3017 4026 sine
3048 3970 3416 4035 difﬁcultate,
3446 3969 3592 4026 ossi-

1938 4061 2053 4118 bus
2092 4061 2343 4117 mortuis
2371 4061 2554 4117 vitam
2586 4060 2890 4118 insufﬂare
2930 4075 3124 4133 posse.

2010 4403 2140 4457 XIX.
2196 4402 2341 4456 Tum
2402 4398 2654 4467 genibus
2694 4397 2860 4453 ﬂexis
2916 4402 2971 4453 et
3019 4398 3294 4452 invocato
3346 4395 3592 4453 honoris

1937 4507 2119 4547 causa
2153 4492 2290 4553 Deo,
2310 4487 2515 4542 oculos
2533 4503 2653 4542 non
2672 4487 3210 4559 corporistantum,
3241 4486 3345 4540 sed
3380 4487 3594 4541 mentis

1936 4580 2122 4651 ipsius
2150 4594 2389 4632 sursum
2423 4576 2585 4640 tollit,
2609 4577 2938 4630 etcarmine
2961 4575 3245 4647 peculiari
3279 4574 3589 4644 gloriﬁcat.

1935 4666 2098 4723 haud
2124 4667 2378 4729 nescius,
2405 4681 2605 4720 veram
2630 4665 2784 4718 illius
2812 4665 3276 4735 promissionem
3295 4664 3459 4735 quod
3485 4663 3592 4718 rite

1936 4772 1997 4810 se
2041 4756 2438 4824 gloriﬁcantes
2493 4753 2928 4822 gloriﬁcaturus
2985 4757 3166 4809 esset.
3222 4756 3413 4808 Unum
3454 4757 3593 4807 tunc

1937 4851 2308 4899 mortuorum
2354 4843 2412 4897 in
2472 4842 2649 4897 vitam
2690 4849 2948 4904 revocat,
2990 4858 3111 4913 quo
3151 4841 3307 4897 facto
3347 4841 3518 4896 multi
3562 4857 3592 4896 e

1935 4933 2106 5006 plebe
2134 4939 2189 4988 et
2218 4934 2476 4989 exercitu
2507 4933 2565 4986 in
2597 4935 2780 4986 Deum
2809 4931 3218 4996 crediderunt;
3263 4931 3592 5002 imperator

1935 5026 2062 5098 ipse
2102 5032 2320 5091 autem,
2364 5025 2497 5080 licet
2529 5024 2918 5096 stupefactus,
2953 5025 3144 5079 virum
3186 5028 3459 5078 sanctum
3500 5022 3591 5076 in-

1936 5121 2322 5180 cantatorem,
2336 5113 2890 5186 ipsumquefactum
2905 5112 3375 5168 incantationem
3389 5110 3590 5181 appel-

1935 5204 2094 5260 lavit.
2117 5206 2308 5270 Quare
2335 5203 2727 5258 Athanasium
2745 5202 3075 5274 quemdam
3094 5199 3368 5256 accersiri
3387 5199 3585 5270 jussit,

1933 5296 2127 5350 virum
2150 5293 2229 5349 ob
2248 5294 2548 5363 magicam
2571 5298 2756 5348 artem
2781 5291 3028 5356 clarum,
3044 5291 3145 5362 qui
3168 5289 3398 5345 veritati
3415 5288 3590 5345 ludos

1933 5419 2106 5476 detur
2145 5420 2502 5490 signiﬁcare,
2540 5418 2819 5490 idemque
2857 5416 3020 5490 quod
3046 5414 3304 5490 spurius,
3340 5415 3588 5490 illegiti-

1933 5488 2424 5620 mus,h.in'certus,
2489 5498 2554 5545 ut
2612 5488 2832 5547 docent
2879 5488 3287 5546 communiter
3347 5488 3590 5544 Lexico—

1935 5579 2085 5636 grap
2131 5580 2171 5621 1.
