4084 6216
410 256 411 259 ‘
492 275 592 330 455
1866 276 2122 333 MENSIS
2164 276 2473 333 APRILIS.

3752 274 3856 329 156

484 398 898 472 phantasticos
927 399 1308 457 substitueret
1333 417 1347 468 ;
1383 401 1491 457 sed
1520 418 1558 459 a
1587 410 1848 475 martyre
1879 417 2000 459 non
2032 402 2132 458 mi-

2250 407 2473 474 γεγόνός.
2519 406 2593 457 Δι’
2654 405 2714 463 ἣν
2763 406 2936 457 αἰτίαν
2992 408 3082 456 καὶ
3122 403 3431 457 Ἀθανάσιόν
3487 403 3567 471 (8)
3613 421 3729 454 τινα
3776 402 3867 465 εἰς

486 503 601 545 nus
632 489 759 546 falsi
790 490 1095 545 convictus
1127 495 1214 546 est
1242 506 1429 563 quam
1455 491 1556 564 qui
1585 492 1800 564 Moysis
1835 492 2137 549 miraculis

486 576 628 633 olim
653 578 1111 634 obtestarentur.
1174 579 1315 634 Hinc
1375 580 1541 635 multi
1595 581 1903 650 gentilium
1958 587 2136 653 atque

484 667 818 721 incantator
854 668 981 738 ipse
1015 668 1400 734 Athanasius,
1430 668 1724 725 idolorum
1754 669 2013 728 falsitate
2051 686 2136 726 re-

485 755 743 824 cognita,
779 755 954 812 almae
984 756 1221 828 pietatis
1246 757 1362 813 luci
1394 774 1457 813 se
1488 774 1622 814 cum
1648 757 1868 816 ﬁducia
1897 760 2137 816 dedideo

486 844 641 894 runt.
680 839 787 904 Qui
828 856 1038 895 omnes
1074 858 1192 897 una
1230 858 1368 898 cum
1407 859 1478 898 eo
1516 859 1696 915 quem
1738 846 2021 916 Georgius
2059 848 2132 902 ad

484 927 669 985 vitam
694 929 1025 996 reduxerat,
1056 936 1309 1003 tyranno
1328 932 1595 1003 jubente,
1627 935 1836 1005 capitis
1866 935 2134 991 damnati

487 1020 645 1080 sunt,
681 1017 892 1073 Christi
919 1019 1111 1089 sigillo
1140 1026 1316 1077 antea
1352 1022 1636 1091 insigniti.

491 1102 713 1158 εἰδώλων
767 1107 957 1168 πλάνης
998 1109 1305 1180 ἑτοιμότατα
1360 1117 1718 1182 καταγνόντες,
1770 1121 1841 1183 τῷ
1892 1118 2069 1185 φέγγει
2135 1121 2227 1177 τῆς
2290 1114 2553 1178 εὑσεϐείας
2620 1118 2819 1190 θερμῶς
2869 1113 3236 1192 προσέδραμον

2246 496 2402 564 μέσον
2458 496 2805 566 παραχθῆναι
2861 493 3071 559 κελεύει,
3126 488 3282 555 δόξαν
3352 493 3432 543 ὅτι
3488 490 3734 548 πλείστην
3794 490 3857 543 ἐκ

2245 586 2488 651 γοητείας
2593 583 2755 651 εαυτῷ
2816 584 3215 655 περιτιθέμενον,
3327 579 3625 653 ἀνατρέπειν
3714 580 3855 632 οὑτω

2247 677 2356 730 ταῖς
2402 671 2560 723 αὑτοῦ
2609 677 2915 744 φαντασίαις
2959 677 3266 743 πειρώμενον
3306 673 3399 727 τήν
3445 668 3687 726 ἀλήθειαν
3741 686 3752 697 ⁸
3798 670 3858 728 ὃς

2246 755 2395 811 οὐδὲν
2444 761 2598 818 ἧττον
2638 761 2868 835 εὐχερῶς
2920 763 3018 813 ὑπό
3048 768 3137 811 τοῦ
3170 762 3429 833 μάρτυρος
3471 754 3780 829 διελέγχθη,
3817 758 3850 815 ἣ

2246 849 2294 899 οἱ
2359 857 2429 918 τῷ
2494 857 2708 902 Μωϋσεῖ
2758 855 3001 924 πρότερον
3054 849 3584 921 ἀντιθαυματουργεῖν
3635 846 3853 916 νομιζό-

2246 954 2405 1007 μενοι.
2457 941 2720 1011 Ταύτῃτοι
2760 943 2848 991 καὶ
2898 938 3076 991 πολλοὶ
3125 946 3223 990 τῶν
3276 936 3537 1001 Ἑλλήνων,
3585 934 3715 986 ἀλλὰ
3759 939 3856 985 καὶ

2248 1024 2403 1087 αὐτὸς
2452 1027 2615 1091 οὗτος,
2673 1028 2699 1079 ό
2764 1031 2856 1085 τὴν
2896 1033 3135 1099 γοητείαν
3183 1024 3312 1078 πολὺ
3360 1024 3699 1087 ³Δθανάσιος,
3752 1031 3859 1081 τῆς

3293 1133 3305 1144 ⁸
3360 1114 3427 1183 οἳ,
3486 1117 3575 1166 καὶ
3623 1131 3859 1185 προστα-

487 1198 573 1266 γὲν
624 1196 755 1248 οὕτω
804 1199 946 1270 παρὰ
999 1205 1088 1249 τοὺ
1144 1201 1414 1271 τυράννου,
1482 1204 1575 1258 τὴν
1632 1198 1724 1253 διὰ
1772 1201 1951 1273 ξίφους
2021 1199 2271 1274 δέχονται
2326 1203 2564 1263 τελευτὴν
2628 1210 2722 1258 σὺν
2768 1215 2841 1277 τῷ
2889 1206 2945 1258 ἐκ
2997 1214 3182 1280 νεκρῶν
3237 1203 3538 1268 ἀναστάντι,
3601 1206 3859 1275 πρότερον

486 1289 578 1343 τήν
609 1283 656 1335 ἐν
685 1290 899 1357 Χριστῷ
928 1284 1201 1361 σφραγῖδα
1226 1292 1369 1361 παρά
1393 1296 1484 1341 τοῦ
1521 1288 1697 1361 Ἀγίου
1731 1288 2019 1364 δεξάμενοι.

556 1390 674 1445 XX.
714 1391 1048 1449 Idololatrae
1078 1409 1257 1465 porro
1287 1395 1517 1452 immoti
1548 1396 1640 1452 his
1664 1396 1842 1453 rebus
1867 1398 1926 1453 in
1957 1413 2136 1453 sensu

486 1478 884 1537 abundabant
913 1498 1044 1548 suo,
1075 1489 1231 1539 artes
1264 1484 1454 1541 malas
1488 1486 1837 1542 exercendo.
1859 1487 2136 1543 Miraculo

486 1567 642 1624 enim
674 1574 911 1639 peracto
939 1571 1191 1628 multum
1219 1572 1409 1630 abfuit
1440 1580 1501 1628 ut
1530 1575 1805 1646 pietatem
1821 1577 2135 1648 amplecte-

485 1661 708 1722 rentur,
752 1664 813 1715 ut
840 1665 1144 1715 auctorem
1187 1662 1457 1718 miraculi
1488 1679 1849 1734 cognoscere
1887 1664 2132 1733 vellent;

2322 1398 2399 1455 κ’.
2430 1402 2495 1453 Οἱ
2535 1396 2595 1453 δὲ
2624 1409 2723 1453 τῶν
2762 1397 2987 1453 εἰδώλων
3038 1402 3349 1474 θεραπευταὶ
3394 1396 3669 1450 ἀσάλευτοι
3723 1396 3858 1469 μάλ-

2245 1487 2330 1541 λον
2384 1486 2518 1547 ἦσαν
2571 1494 2660 1541 καὶ
2711 1489 2861 1541 αὑτοὶ
2919 1486 3263 1563 διαφερόντως
3310 1487 3382 1549 εἰς
3433 1491 3619 1538 κακίαν
3670 1502 3681 1516 ·
3734 1482 3862 1538 δέον

2244 1580 2346 1651 γὰρ
2398 1586 2490 1630 τοῦ
2550 1580 2813 1650 θαύματος
2863 1582 3132 1650 γενομένου
3194 1577 3508 1648 μεταμαθεῖν
3556 1579 3652 1633 τήν
3706 1575 3863 1628 εὗσέ-

2247 1665 2387 1719 ϐειαν
2421 1684 2435 1697 ο
2470 1664 2606 1733 δέον,
2657 1671 2735 1729 τίς
2787 1668 2812 1719 ό
2869 1675 3027 1719 ποιῶν
3074 1673 3259 1731 ταῦτα,
3302 1666 3504 1737 μαθεῖν.
3562 1665 3628 1717 Οἱ
3680 1660 3739 1718 δι
3799 1668 3864 1717 οὑ

485 1760 518 1801 e
541 1751 750 1802 contra
787 1749 1048 1805 veritatis
1088 1755 1438 1807 sectatorem
1477 1753 1735 1824 pessime
1773 1754 2132 1821 tractabant,

2250 1764 2433 1827 γνῶναι
2471 1756 2660 1827 μᾶλλον
2710 1753 2957 1828 οὐδαμῶς
3000 1758 3279 1820 ἔσπευσαν,
3319 1753 3447 1805 ἀλλά
3497 1756 3702 1806 καὶτὸν
3752 1761 3861 1815 τῆς

485 1834 547 1890 in
573 1850 869 1891 carcerem
901 1853 1105 1894 rursus
1135 1840 1527 1897 detrudendo.
1547 1842 1657 1898 Sed
1675 1843 1987 1899 Deiosores
2012 1859 2134 1900 non

488 1924 739 1993 gratiam
768 1940 1010 2000 quoque
1041 1928 1161 1984 viro
1194 1935 1401 1986 sancto
1440 1929 1804 2002 impertitam
1835 1948 1972 1988 cum
2005 1932 2135 2005 ipso

486 2013 925 2074 concluseruut.
957 2017 1261 2073 Multitudo
1290 2019 1448 2075 enim
1483 2022 1849 2077 credentium
1880 2022 1962 2077 ibi
2001 2037 2136 2077 con-

487 2104 661 2169 venit,
695 2109 754 2158 et
778 2111 1025 2174 argento
1042 2108 1392 2164 custodibus
1408 2109 1610 2165 oblato
1638 2110 1698 2165 id
1727 2110 2050 2167 effecerunt
2074 2119 2136 2168 ut

489 2193 679 2247 sancti
718 2192 950 2249 vultum
981 2196 1333 2266 aspicerent,
1367 2199 1814 2271 gratiarumque
1855 2200 2137 2273 multipli-

487 2279 646 2335 cium
664 2280 779 2351 ipsi
796 2287 1101 2355 compotes
1115 2284 1333 2341 ﬁerent.
1352 2286 1705 2360 Quicunque
1726 2289 1885 2344 enim
1915 2289 2137 2346 morbis

484 2367 847 2434 laborarent,
874 2388 909 2428 a
942 2375 1291 2447 propinquis
1329 2375 1407 2431 ad
1433 2376 1684 2432 carceris
1714 2376 1869 2432 fores
1882 2377 2135 2433 adduce-

484 2456 725 2522 bantur,
752 2458 851 2515 ubi
875 2461 1187 2517 sanitatem
1210 2463 1607 2521 desideratam
1628 2465 2133 2538 adipiscebantur.

487 2545 643 2602 Inter
670 2563 822 2619 quos
848 2548 1139 2620 Glycerius
1151 2551 1420 2624 quidam,
1439 2568 1670 2626 pauper
1698 2555 1974 2619 rusticus,
1998 2570 2134 2611 cum

486 2634 598 2692 bos
628 2636 681 2692 ei
709 2638 860 2693 inter
876 2640 1171 2696 arandum
1186 2641 1476 2713 periisset,
1492 2644 1567 2701 ad
1581 2649 1854 2700 sanctum
1869 2645 2132 2703 accessit.

484 2723 755 2799 fusisque
785 2728 1347 2804 plurimislacrymis
1361 2734 1677 2804 Georgium
1695 2736 2003 2807 permovit.
2024 2735 2137 2792 Sed

482 2815 587 2888 qui
625 2818 843 2889 opibus
872 2834 997 2875 non
1025 2819 1208 2890 dives,
1242 2821 1291 2876 is
1322 2824 1539 2895 pietate
1570 2839 1691 2879 non
1720 2839 1949 2895 pauper
1988 2829 2134 2893 erat,

483 2908 707 2978 quippe
728 2908 831 2979 qui
862 2908 1133 2965 animum
1173 2909 1419 2968 fertilem
1453 2918 1509 2967 et
1539 2913 1773 2982 pietatis
1808 2914 2020 2968 semini
2052 2929 2137 2969 re-

483 2994 756 3065 cipiendo
783 3002 989 3067 aptum
1020 2998 1266 3067 gerebat
1285 2999 1615 3070 (dictitabat
1644 3001 1823 3072 enim,
1843 3002 2134 3057 Christum

2244 1844 2489 1908 ἀληθείας
2578 1850 2942 1918 προσκυνητύν
3009 1852 3183 1906 κακῶς
3257 1841 3550 1914 ἠμείϐοντο,
3625 1847 3714 1895 καὶ
3788 1850 3857 1915 τῇ

2245 1936 2419 2007 εἱρκτῇ
2467 1934 2617 1986 πάλιν
2668 1937 2717 1987 οἱ
2764 1936 3018 2006 θεομισεῖς
3055 1931 3318 1985 ἐνεκλειον.
3378 1930 3515 1990 Πλὴν
3570 1929 3678 1982 ἀλλ’
3722 1931 3862 2003 οὐχὶ

2246 2028 2334 2076 καὶ
2390 2028 2478 2082 τήν
2534 2023 2779 2096 ἑπομένην
2845 2023 2984 2092 αὑτῷ
3058 2024 3219 2094 χάριν
3297 2022 3541 2092 οὐμενοῦν
3624 2039 3863 2091 συγκατ-

2245 2112 2434 2166 έκλειον
2495 2131 2507 2142 ·
2562 2117 2620 2165 τὸ
2694 2116 2795 2186 γὰρ
2870 2111 3059 2171 πλῆθος
3115 2118 3215 2163 τῶν
3282 2110 3670 2162 πιστευσάντων
3750 2107 3865 2161 ἕκεῖ

2250 2207 2445 2269 συνιὸν,
2481 2207 2569 2253 καὶ
2607 2205 2728 2262 τοὺς
2772 2200 3120 2273 φυλάττοντας
3179 2196 3231 2252 εὖ
3280 2200 3652 2271 ὑπερχόμενον,
3705 2202 3863 2250 ὤνιόν

2247 2310 2300 2343 τε
2337 2296 2426 2343 καὶ
2477 2292 2768 2364 χρημάτων
2818 2292 3113 2361 ποιούμενοι
3157 2292 3250 2347 τήν
3288 2295 3380 2340 τοῦ
3421 2289 3680 2361 μάρτυρος
3709 2286 3861 2357 ὄψιν,

2246 2379 2540 2451 πολυτίμων
2588 2378 2736 2431 αὑτοὶ
2776 2383 3013 2452 χαρίτων
3070 2376 3303 2448 ἀτεχνῶς
3355 2375 3608 2428 ἀπέλαϐον
3652 2392 3666 2405 '
3729 2377 3855 2427 ὅσοι

2245 2480 2343 2540 γαρ
2394 2465 2527 2527 ἦσαν
2571 2466 2862 2539 ὁμιλοῦντες
2914 2471 3103 2531 νόσοις,
3155 2466 3298 2517 οὗτοι
3354 2467 3499 2539 παρὰ
3538 2472 3641 2516 τῶν
3692 2482 3863 2539 προσ·

2248 2560 2473 2616 ηκόντων
2546 2556 2618 2619 εἰς
2685 2560 2780 2615 τὴν
2848 2557 3053 2629 εἱρκτὴν
3125 2558 3330 2623 ἦγοντο,
3384 2559 3473 2606 καὶ
3524 2554 3586 2616 ἧς
3651 2549 3863 2606 ἐδέοντο

2247 2649 2424 2719 ὑγείας
2480 2646 2539 2698 οὑ
2600 2642 2973 2719 διημάρτανον.
3026 2645 3153 2698 Μεθ’
3200 2645 3267 2695 ὧν
3313 2648 3403 2696 καὶ
3459 2643 3729 2717 Γλυκέριός
3784 2662 3865 2704 τις

2246 2741 2403 2798 πένης
2440 2741 2528 2788 καὶ
2575 2736 2837 2810 ἄγροικος,
2895 2735 3017 2808 ἄρτι
3072 2741 3162 2785 τοῦ
3220 2731 3346 2805 βοὸς
3392 2732 3532 2804 αὑτῷ
3586 2737 3704 2805 περὶ
3758 2736 3863 2790 τὴν

2247 2828 2430 2897 ἄροσιν
2478 2829 2743 2889 πεσόντος,
2797 2823 3053 2899 προελθὼν
3105 2821 3289 2882 ἐκεῖνος
3340 2829 3413 2892 τῷ
3465 2825 3714 2896 μάρτυρι,
3762 2826 3863 2873 καὶ

2248 2910 2456 2986 δάκρυα
2513 2909 2659 2977 δοὺς,
2708 2912 2836 2984 ἄπερ
2887 2908 2999 2983 εἶχε
3037 2916 3124 2963 καὶ
3181 2912 3260 2973 οἷς
3310 2914 3397 2963 τὸν
3425 2909 3606 2981 Ἀγιον
3664 2908 3862 2981 μᾶλλον

2247 3004 2654 3074 καμφθήσεσθαι
2709 3001 2944 3065 ἤλπισεν,
2992 2996 3103 3052 εἶτα
3158 3005 3247 3052 καὶ
3295 3004 3409 3074 περὶ
3462 3003 3554 3057 τὴν
3595 2996 3864 3052 εὐσέϐειαν

482 3082 609 3137 haec
639 3082 833 3138 facere
860 3099 1035 3154 posse
1058 3091 1260 3156 utpote
1278 3089 1466 3143 solum
1496 3105 1703 3145 verum
1729 3091 1958 3161 Deum).
1984 3090 2132 3145 Dixit

2250 3091 2307 3145 οὑ
2374 3096 2528 3153 πένης
2572 3090 2856 3163 ἀναφανεὶς,
2904 3088 3030 3142 ἀλλά
3082 3088 3269 3159 ψυχήν
3327 3090 3464 3159 ἔχων
3523 3090 3717 3159 εὔγειον
3763 3093 3862 3141 καὶ

480 3170 533 3225 ei
589 3170 769 3243 igitur
820 3172 904 3227 vir
957 3180 1238 3230 sanctus:
1299 3177 1354 3232 Si
1408 3177 1621 3244 credis,
1680 3178 1897 3235 bovem
1964 3183 2131 3234 tuum

481 3263 687 3316 vivum
727 3263 1003 3332 reperies.

481 3355 571 3402 καὶ
621 3349 775 3402 αὑτὸν
843 3349 971 3403 εἶναι
1035 3357 1188 3425 μόνον
1256 3352 1421 3413 ἀληθῆ
1480 3359 1631 3426 Θεόν)
1680 3376 1693 3389 ·
1748 3357 1912 3419 οὑτως
1964 3360 2152 3421 ἐκεῖνος
2212 3362 2369 3432 ἔχων,
2425 3362 2581 3418 ἤκουε
2628 3361 2772 3430 παρὰ
2821 3364 2912 3409 τοὺ
2950 3356 3128 3427 Ἀγίου
3182 3372 3195 3386 ⁸

486 3440 584 3491 θὼν
616 3441 856 3514 εὑρήσεις
887 3442 1057 3503 ζῶντα
1088 3445 1175 3496 τὸν
1212 3442 1362 3517 βοῦν.

552 3544 704 3601 XXI.
764 3550 830 3603 Et
900 3563 1035 3604 cum
1075 3566 1279 3608 revera
1333 3552 1684 3624 reperiisset,
1728 3552 1844 3609 ritu
1894 3553 2137 3610 Iudaico

482 3640 847 3708 contempto,
906 3638 1197 3695 Samarita
1228 3639 1292 3695 ﬁt
1321 3645 1375 3697 et
1405 3640 1778 3713 tberapeuta,
1831 3640 1935 3713 qui
1988 3643 2140 3698 inter

482 3724 750 3781 eundum
781 3728 895 3783 Deo
924 3729 1143 3798 gratias
1170 3728 1405 3787 dicebat
1430 3735 1486 3785 et
1515 3729 1696 3786 ﬁdem
1724 3737 1991 3787 sanctam
2007 3747 2139 3802 pro-

480 3815 757 3885 pagabat.
802 3815 1025 3872 Idcirco
1045 3817 1171 3889 jam
1203 3834 1345 3884 non,
1380 3823 1443 3875 ut
1468 3825 1661 3883 antea.
1690 3820 1749 3875 in
1791 3825 2138 3893 paupertate

480 3902 645 3971 vivit,
682 3905 787 3961 sed
818 3906 1041 3963 divitiae
1073 3907 1185 3980 ipsi
1215 3924 1444 3979 magna:
1483 3914 1537 3965 et
1566 3909 1970 3966 inalienabiles
1999 3925 2112 3966 con

481 3993 791 4050 ceduntur.
846 3998 972 4052 Non
1025 3997 1185 4053 enim
1246 4014 1579 4070 paucorum
1628 3999 1910 4070 jugerum
1965 4003 2138 4054 terras

481 4080 763 4139 dominus
793 4089 919 4140 erat
951 4086 1056 4140 sed
1087 4102 1331 4142 omnem
1373 4088 1725 4158 paradisum
1752 4087 2095 4160 possidebat
2121 4104 2134 4150 ;

481 4171 541 4226 id
573 4179 772 4227 autem
802 4175 1132 4246 quomodo,
1166 4176 1326 4233 audi.
1361 4177 1597 4249 Martyri
1639 4177 1744 4249 qui
1802 4193 1872 4233 ex
1904 4192 2136 4233 carcere

480 4261 886 4318 revertebatur
925 4264 1085 4319 obvii
1115 4265 1250 4321 facti
1291 4266 1772 4337 praevaricatores
1810 4265 1998 4338 impii,
2043 4281 2138 4321 co-

482 4349 646 4444 gnito
675 4356 905 4424 quanto
923 4353 1128 4444 studio
1146 4354 1326 4444 rebus
1339 4354 1684 4413 Christianis
1707 4355 1946 4421 faveret,
1978 4371 2136 4413 com-
2171 4390 2213 4444 ι)

479 4438 845 4513 prehensum
885 4457 1018 4498 eum
1060 4443 1138 4499 ad
1170 4443 1587 4516 imperatorem
1620 4445 1884 4512 ducunt;
1925 4446 2027 4519 qui
2064 4461 2138 4501 ne

481 4528 653 4587 solita
668 4531 914 4603 quidem
932 4532 1391 4603 interrogatione
1408 4549 1549 4590 eum
1565 4533 1848 4604 dignatus
1866 4539 1922 4591 et
1939 4551 2135 4590 rerum

481 4624 847 4677 mutatarum
881 4638 1133 4680 causam
1160 4622 1554 4696 investigandi
1586 4624 1829 4680 minime
1863 4624 2135 4697 cupidus,

482 4709 612 4765 solo
651 4711 887 4767 aurium
909 4711 1134 4784 judicio
1160 4712 1343 4769 ﬁnem
1381 4728 1576 4769 causae
1599 4713 1905 4785 imponere
1936 4714 2140 4783 gestie-

478 4800 625 4867 bat;
666 4816 810 4857 ense
850 4800 1009 4858 enim
1050 4806 1326 4859 sanctum
1364 4802 1528 4858 brevi
1566 4806 1703 4876 post
1739 4801 1912 4874 plecti
1943 4802 2135 4874 jussit.

2251 3185 2525 3253 σπέρματα
2569 3176 2825 3243 δέξασθαι
2872 3186 2967 3240 τῆς
3010 3176 3271 3239 εὐσεϐείας
3320 3173 3622 3234 ἓπιτηδείαν
3662 3178 3865 3249 (εἴρηκε

2248 3272 2350 3344 γὰρ
2400 3272 2661 3322 πιστεύειν
2712 3265 2973 3321 δύνασθαι
3024 3274 3191 3319 ταῦτα
3238 3269 3325 3319 τὸν
3376 3269 3608 3339 Χριστόν
3668 3273 3861 3331 ποιεῖν,

3254 3355 3311 3409 Εἰ
3358 3358 3643 3417 πιστεύεις,
3704 3353 3867 3407 ἀπελ-

2324 3554 2448 3609 ΚΑ’.
2500 3553 2639 3606 Ἐπεὶ
2695 3548 2782 3605 οὑν
2839 3556 2925 3603 καὶ
2980 3550 3209 3604 ἀπελθὼν
3262 3551 3421 3611 οὕτως
3471 3550 3601 3624 εὗρε,
3656 3551 3713 3601 τὸ
3759 3556 3864 3600 τῶν

2250 3640 2520 3697 Ἰουδαίων
2550 3648 2782 3715 μισήσας
2823 3642 2921 3711 (9).
2969 3644 3291 3714 Σαμαρείτης
3345 3638 3392 3691 ἐν
3424 3641 3588 3710 τούτῳ
3635 3642 3859 3710 γίνεται,

2249 3737 2338 3784 καὶ
2386 3735 2518 3806 πρός
2570 3734 2656 3782 τὸν
2713 3732 3030 3803 θεραπευτὴν
3089 3727 3431 3802 ἐπανέρχεται
3501 3744 3512 3756 ’
3590 3731 3678 3778 καὶ
3737 3730 3863 3787 τοὺς

2248 3825 2338 3893 μεν
2364 3817 2583 3880 πόδαςή
2621 3824 2801 3894 πορεία
2843 3815 2976 3890 εἶχε.
3032 3820 3098 3870 τὰ
3129 3817 3279 3887 χείλη
3324 3815 3382 3869 δε
3430 3817 3459 3874 ἡ
3519 3820 3855 3889 εὐχαριστία.

2248 3914 2336 3962 καὶ
2395 3912 2422 3969 ἡ
2481 3917 2574 3971 τῆς
2640 3911 2816 3979 ὑγιοῦς
2872 3912 3092 3967 πίστεως
3145 3904 3478 3981 ἀνακήρυξις.
3536 3909 3641 3957 Διά
3694 3912 3862 3956 ταῦτα

2246 4007 2369 4071 γοῦν
2413 3994 2536 4051 οὐδὲ
2590 3997 2812 4070 ἀφίεται,
2844 3999 2912 4058 ὡς
2960 4000 3016 4047 τό
3051 3999 3297 4068 πρότερον
3328 3998 3421 4052 τήν
3468 3998 3644 4046 πενίαν
3692 3996 3860 4045 σύνοι⁹

2248 4109 2335 4142 κον
2384 4091 2544 4160 ἔχειν,
2594 4086 2721 4139 ἀλλὰ
2762 4086 2978 4147 πλοῦτος
3026 4084 3167 4155 αὑτῷ
3217 4080 3432 4136 δίδοται
3476 4083 3629 4143 πολύς
3678 4101 3732 4135 τε
3770 4086 3862 4134 καὶ

2249 4177 2439 4239 ἄσυλος
2482 4196 2494 4209 ·
2529 4180 2618 4228 καὶ
2664 4177 2765 4247 γὰρ
2807 4174 2979 4226 οὑκέτι
3027 4172 3255 4246 πλέθρων
3306 4172 3493 4243 ὀλίγων
3536 4180 3632 4242 γῆς
3680 4173 3863 4243 κύριος

2250 4264 2332 4333 ἧν,
2384 4265 2489 4317 ἀλλ’
2522 4265 2633 4317 ὅλον
2687 4264 2991 4338 κληρονομεῖ
3021 4266 3106 4315 τόν
3138 4258 3459 4331 παράδεισον
3512 4278 3524 4290 ·
3564 4265 3653 4312 καὶ
3700 4261 3856 4326 ὅπως,

2249 4358 2359 4429 ὥρα
2398 4357 2599 4427 μαθεῖν.
2649 4352 3002 4406 Ἐπανελθόντι
3060 4359 3151 4411 τῆς
3201 4352 3409 4424 εἱρκτῆς
3449 4355 3539 4402 καὶ
3584 4356 3674 4400 τοῦ
3725 4351 3833 4423 μᾶρ

2249 4465 2423 4520 τυρος,
2462 4442 2765 4515 ἐντυχόντες
2818 4444 2866 4493 οἱ
2903 4448 2991 4501 τῆς
3049 4439 3291 4501 ἀσεϐείας
3330 4440 3584 4513 ὑπουργοὶ
3635 4435 3857 4510 δραστι-

2247 4541 2493 4599 κώτατοι,
2554 4538 2641 4585 καὶ
2693 4534 2942 4605 μαθόντες
3004 4533 3138 4590 ὅπως
3199 4530 3267 4581 τά
3322 4535 3652 4600 Χριστιανῶν
3714 4525 3859 4601 ἕπρέ-

2252 4623 2402 4677 σϐευέ
2479 4641 2532 4675 τε
2607 4627 2696 4674 καὶ
2786 4615 3083 4694 διαρρήδην
3161 4616 3422 4693 ἐκήρυττε,
3514 4613 3855 4678 συλλαϐόντες

2249 4715 2442 4785 ἄγουσι
2472 4714 2595 4786 πρὸς
2628 4715 2713 4763 τόν
2748 4708 2970 4781 βασιλέα
3018 4726 3031 4739 ο
3074 4713 3163 4758 καὶ
3192 4706 3267 4769 ὃς,
3302 4701 3425 4758 οὑδὲ
3480 4713 3571 4765 τῆς
3602 4705 3857 4766 συνήθους

2251 4804 2550 4876 ἐρωτήσεως
2598 4799 2847 4862 ἀξιώσας,
2903 4792 3026 4849 οὐδὲ
3082 4800 3176 4854 τήν
3227 4795 3396 4847 αἰτίαν
3454 4793 3705 4865 ἀναγνοὺς
3759 4801 3858 4856 τῆς

2250 4889 2557 4964 μεταϐολῆς,
2613 4889 2815 4959 ἕτοιμος
2877 4881 2938 4943 ἦν
3008 4888 3126 4958 περὶ
3183 4888 3276 4942 τήν
3328 4892 3426 4935 τῶν
3500 4881 3855 4935 ἀκουσθέντων

2250 4985 2413 5052 τομήν
2442 4983 2531 5031 καὶ
2591 4976 2850 5047 ἀπότομος
2884 4991 2895 5003 ·
2955 4974 3087 5046 ξίφει
3129 4975 3230 5044 γὰρ
3280 4970 3472 5025 ἐκέλευε
3520 4980 3857 5046 παραχρῆμα

2249 5076 2628 5126 κατακοπῆναι.
2679 5069 2779 5119 Καὶ
2831 5063 2961 5115 οὑτω
3018 5061 3317 5128 τελειοῦται,
3377 5069 3473 5123 τῆς
3527 5063 3616 5133 μέν
3678 5064 3857 5123 πενίας

483 4888 577 4945 Sic
596 4888 769 4961 igitur
799 4892 982 4967 vitam
1004 4890 1190 4947 ﬁnivit
1216 4890 1919 4964 paupertategloriosam,
1952 4897 2141 4948 morte

481 4982 829 5036 caaterorum
848 4979 1226 5037 aemulatione
1239 4980 1443 5052 digna,
1464 4981 1705 5053 proprio
1727 4995 1837 5036 suo
1854 4981 2140 5051 sanguine

480 5069 837 5142 baptizatus.

483 5178 644 5241 ζήλου
704 5177 928 5253 μηδενὸς
982 5178 1121 5242 ἄξιος
1177 5181 1267 5244 ὧν,
1323 5186 1412 5232 τοῦ
1468 5174 1526 5231 δὲ
1570 5176 1744 5239 τέλους
1805 5174 2174 5243 ἀξιοζήλωτος,
2234 5177 2430 5249 μάρτυς
2480 5176 2705 5245 γεγονὼς
2755 5166 2977 5244 σχίδιος
3034 5174 3124 5222 καὶ
3185 5176 3254 5240 τῷ
3304 5167 3475 5239 οἰκείῳ
3520 5168 3706 5240 αἵματι
3760 5166 3855 5241 βα-

484 5272 737 5333 πτισθείς.

2246 5388 2496 5471 leprosis
2529 5384 2841 5471 mundatis,
2876 5399 3137 5471 quorum
3174 5386 3854 5471 novemjsupponunti’ir

2247 5451 2430 5518 fuisse
2459 5458 2664 5523 Judaei,
2700 5451 3109 5514 Samaritanus
3140 5453 3301 5509 solus
3326 5451 3613 5518 rediit,'ad
3637 5453 3852 5521 beneﬁ-

2248 5533 2407 5591 cium
2438 5548 2474 5589 a
2505 5529 2808 5589 Salvatore
2838 5530 3148 5599 receptum
3189 5524 3665 5597 agnoscendum-
3752 5604 3755 5607 δ

556 5395 633 5469 (8)
664 5399 808 5451 Acta
835 5396 1042 5469 omnia
1066 5393 1186 5451 alia
1202 5395 1369 5465 prius
1402 5392 1713 5469 adducunt
1743 5391 2136 5449 Athanasium

484 5465 672 5542 quam
704 5474 894 5542 agant
922 5468 996 5523 de
1030 5472 1278 5542 mortuo
1301 5465 1603 5542 suscitato.

557 5539 635 5614 (9)
687 5534 978 5594 Alluditur
1009 5537 1087 5594 ad
1126 5535 1285 5595 istud
1326 5535 1646 5607 Evangelii,
1676 5535 1778 5593 ubi
1805 5550 1878 5592 ex
1930 5534 2139 5591 decem
