4084 6216
255 271 339 324 157
1590 259 1751 316 VlTA
1793 256 1856 317 S.

1968 257 2206 314 EORGII.
3485 264 3581 319 158

311 392 424 447 KB’.
483 392 670 444 Μαθὼν
714 385 775 442 δι
831 391 857 442 6
903 388 1165 462 βασιλεὺς,
1199 393 1266 454 ὡς
1298 390 1427 443 πολύ
1458 409 1510 441 τι
1555 387 1748 445 πλῆθος
1776 381 1823 435 ἐν
1857 383 1902 436 A

2003 385 2161 440 XXII.
2196 383 2299 441 Ubi
2328 384 2652 458 imperator
2681 384 2926 451 audivit,
2957 389 3280 457 martyrem
3319 402 3356 443 a
3385 387 3581 444 multi-

353 481 546 552 φυλακῇ
598 488 661 548 τῷ
713 482 942 554 μάρτυρι
991 484 1209 554 προσιὸν
1250 482 1370 533 ὅσαι
1424 478 1553 552 ὧραι
1581 485 1640 548 τῇ
1685 474 1825 527 εὐσε-

1966 473 2144 530 udine
2174 475 2232 529 in
2260 491 2491 531 carcere
2521 475 2789 531 obsideri
2829 491 2897 530 ac
2937 475 3117 529 ﬁdem
3176 481 3424 542 mutare,
3475 477 3579 534 irae

251 567 349 639 ςείᾳ
397 571 774 642 προστίθενται,
850 569 944 621 οὐκ
1019 568 1242 632 ἀνεκτῶς
1324 573 1498 640 ε’σχεν⁸
1555 565 1683 618 ἀλλὰ
1738 567 1824 615 τόν

1966 564 2272 633 mpatiens,
2307 564 2492 620 virum
2523 569 2798 619 sanctum
2829 563 3136 619 arcessivit
3160 563 3295 634 pelli
3328 564 3579 622 leoninae

253 657 410 726 Ἀγιον
461 657 958 730 μετακαλεσάμενος,
1017 659 1236 732 ὀργίλως
1289 662 1378 731 μὲν
1427 661 1502 710 ἔτι
1556 660 1646 707 καὶ
1718 653 1822 705 αῦ-

1965 652 2247 724 ulpinam
2279 653 2708 724 superaddens,
2753 658 2809 709 et
2834 653 3363 708 mansuetudinem
3393 670 3578 725 quam

249 753 441 817 πηρῶς,
497 742 765 818 οὐδαμῶς·
819 746 949 800 ἀλλὰ
998 757 1092 808 τῆς
1143 748 1350 808 λεοντῆς
1415 751 1487 819 μὴ
1539 744 1822 815 ἐξικνουμέ·

1966 745 2093 796 ntus
2147 757 2528 814 nequaquam
2585 743 2894 808 sentiebat,
2951 741 3238 798 simulans
3283 741 3455 798 dulce
3511 759 3579 800 ac

244 854 334 899 mg,
389 840 476 886 καὶ
524 840 618 893 τὴν
671 833 940 895 ἀλωπεκῆν
992 839 1310 911 προσετίθει,
1379 840 1468 888 καὶ
1521 839 1580 887 τὸ
1640 835 1823 904 πικρὸν

1967 832 2192 888 uaviter
2220 848 2232 887 :
2263 834 2366 887 Per
2394 832 2560 897 deos,
2591 832 2799 904 inquit,
2836 832 2884 886 si
2916 847 3010 887 me
3037 832 3230 895 audis,
3264 832 3491 902 Georgi,
3525 838 3580 888 et

242 929 318 974 καὶ
363 922 619 995 ἀπότομον
670 925 770 977 ὑπὸ
825 932 1175 999 προσχήματι
1237 925 1474 996 καλύψας
1540 923 1822 996 φιλανθρω-

1968 919 2044 975 .iis
2071 920 2393 987 sacriﬁcas,
2429 938 2734 977 summum
2768 922 3060 977 bonorum
3087 920 3402 987 obtinebis,
3436 937 3581 992 opes

241 1019 361 1075 πίας,
412 1016 588 1086 πράως
643 1013 793 1066 πάλιν
859 1017 1146 1090 ὑπέρχεται
1193 1021 1282 1068 καὶ
1321 1019 1502 1075 ἠπίως·
1565 1017 1643 1071 Νὴ
1702 1015 1821 1074 τοὺς

1968 1025 2186 1080 mgnas
2215 1011 2574 1067 nancisceris
2591 1027 2659 1066 ac
2681 1011 2976 1066 secundos
2998 1010 3056 1065 in
3077 1010 3348 1082 imperio,
3370 1015 3581 1081 praeter

241 1103 384 1165 θεοὺς,
416 1102 656 1175 εἰρηκὼς,
711 1107 753 1155 εἰ
791 1123 891 1176 μου
941 1107 1191 1177 ἀκούσῃς,
1252 1111 1491 1180 Γεώργιε,
1523 1108 1611 1155 καὶ
1658 1120 1819 1174 προσ-

1967 1115 2044 1165 ne,
2088 1100 2346 1156 honores
2389 1099 2756 1171 adipisceris.
2810 1100 3035 1156 Miseret
3064 1100 3222 1155 enim
3273 1115 3367 1155 me
3400 1100 3480 1154 tui
3522 1103 3580 1155 et

239 1191 373 1243 ελθων
428 1193 612 1263 θυσῃς,
671 1192 875 1264 ἀγαθῶν
928 1194 1100 1266 ἀγαθὰ
1150 1196 1402 1268 εὑρήσεις,
1451 1197 1540 1245 καὶ
1607 1191 1821 1264 χρημά-

1964 1188 2387 1244 ιυιοῇτίῐιιάἱηὶε
2408 1188 3026 1244 ὶυωοιεάοιοεοοηῐὶω
3041 1194 3278 1257 tenerae,
3293 1205 3364 1244 ac
3386 1190 3577 1245 vivere

237 1297 321 1329 των
357 1283 441 1349 μεν
489 1283 668 1354 κύριος
720 1284 811 1355 ἔσῃ
888 1293 1119 1354 συχνῶν,
1186 1292 1389 1358 πρῶτον
1447 1279 1507 1335 δέ
1565 1301 1658 1334 σου
1706 1272 1821 1352 μεθ’

1964 1292 1984 1332 3
2013 1293 2199 1349 quam
2227 1279 2439 1334 acerba
2488 1283 2675 1334 morte
2709 1282 2897 1348 perire
2942 1278 3123 1334 malo.
3156 1278 3316 1334 Talia
3345 1278 3577 1334 locutus

237 1369 359 1438 ἡμᾶς
401 1369 568 1442 ἕτερον
612 1370 684 1432 εἰς
733 1376 891 1443 τιμὴν
943 1372 1047 1444 οὐχ
1076 1374 1226 1435 ἔξεις·
1279 1369 1521 1443 Κήδομαι
1571 1374 1671 1444 γάρ
1723 1389 1818 1422 σου

1966 1372 2018 1421 st
2066 1367 2410 1439 imperator,
2446 1368 2762 1438 instigante
2794 1367 2989 1425 amico
3022 1368 3381 1437 Magnentio,
3418 1367 3575 1424 afﬁr-

237 1462 311 1508 καὶ
336 1465 427 1517 τῆς
464 1458 703 1528 εὐγενοῦς
745 1462 898 1533 ὧρας,
941 1467 1030 1513 καὶ
1077 1470 1164 1522 τῆς
1211 1467 1448 1523 νεότητος
1497 1459 1667 1512 οἶκτον
1710 1463 1818 1530 ἔχω

1962 1460 2151 1521 nante,
2184 1457 2298 1512 hac
2340 1459 2570 1513 ratione
2622 1458 2817 1514 virum
2871 1463 3142 1514 sanctum
3172 1457 3575 1527 subigendum

238 1545 389 1607 πολὺν,
444 1553 531 1598 καὶ
593 1546 855 1619 βούλομαί
913 1570 970 1602 σε
1024 1551 1118 1622 ζῇν
1162 1551 1350 1623 μᾶλλον
1381 1555 1411 1609 ᾖ
1449 1551 1650 1620 θανάτῳ
1695 1545 1819 1600 δια-

1961 1559 2070 1598 ore.
2106 1544 2389 1614 Georgius
2419 1561 2561 1601 vero
2592 1551 2895 1616 gratanter
2925 1545 3131 1602 audita
3167 1546 3278 1602 ista
3305 1543 3574 1616 proposi-

238 1635 467 1705 φθαρῆναι
506 1645 700 1710 πικρῷ.
764 1641 942 1700 Οὖτως
1005 1641 1136 1692 εἶπεν
1187 1643 1213 1692 6
1267 1639 1530 1712 βασιλεῦς,
1586 1645 1815 1708 Μαγνεν-

1961 1632 2106 1697 ioue,
2125 1633 2177 1688 Si
2198 1635 2380 1705 prius,
2397 1635 2564 1700 dixit,
2583 1635 2719 1691 talia
2731 1634 3185 1699 enuntiavisses,
3201 1632 3574 1690 deliberandi

237 1740 311 1792 τιῳ
354 1732 419 1792 τῷ
479 1725 618 1795 φίλῳ
669 1731 922 1790 πεισθεὶς,
955 1729 1185 1802 εἰρηκότι
1216 1735 1308 1788 τὴν
1354 1730 1592 1800 ἐσχάτην
1623 1730 1815 1785 ταύτην
1848 1785 1850 1791 η

1958 1738 2092 1780 acus
2127 1723 2353 1779 fuisset.
2388 1727 2551 1780 Nunc
2596 1729 2818 1790 autem,
2867 1725 2916 1780 si
2968 1728 3101 1795 post
3152 1729 3233 1780 tot
3291 1728 3571 1795 tantaque

288 1784 296 1792 .
391 1784 399 1792 .
486 1784 495 1794 .
584 1784 594 1795 .
889 1784 919 1790 -.
1001 1784 1009 1802 ,
1054 1784 1062 1787 .
1265 1784 1274 1788 -
1417 1784 1460 1800 η
1551 1784 1556 1785 ,
1775 1784 1778 1785 ,

246 1815 348 1881 πρὸς
393 1817 480 1864 τὸν
523 1813 713 1886 Ἀγιον
767 1818 994 1886 ὁμιλίαν,
1051 1822 1119 1880 ὡς
1177 1821 1282 1872 οἶόν
1337 1837 1388 1871 τε
1442 1785 1859 1890 θεροιπευτικιὲιν¹

1960 1817 2222 1867 armenta
2268 1816 2324 1868 te
2355 1813 2649 1878 audirem,
2694 1813 3002 1886 quomodo
3047 1829 3140 1868 me
3191 1828 3398 1868 eorum
3442 1828 3573 1884 quae

247 1903 554 1957 ποιήσασθαι.
627 1904 684 1955 Ὀ
735 1902 793 1957 δε
840 1910 1041 1979 μάρτυς
1099 1908 1435 1980 εὐπρόσωπον
1479 1909 1652 1976 ὥσπερ
1721 1910 1814 1964 τὴν

1956 1917 2244 1972 ιθτρθεειιε
2284 1918 2438 1967 sum,
2485 1903 2752 1959 oblivisci
2805 1903 3048 1958 doceres
3076 1903 3102 1956 ‘?
3133 1902 3462 1974 Imperator
3509 1902 3569 1956 in

246 1984 479 2057 ἀπολογίαν
540 1993 772 2046 ἐντεῦθεν
825 1997 1004 2069 εὑρών·
1063 1997 1122 2050 Εἰ
1174 2005 1397 2071 πρῶτον,
1450 1998 1567 2067 ἔφη,
1654 2002 1820 2046 ταῦτα

1955 2007 2092 2047 ucro
2120 2007 2351 2064 ponens
2389 1993 2493 2048 viri
2533 1992 2721 2048 sancti
2762 1993 3236 2060 conversionem,
3276 2007 3463 2062 quam
3506 2006 3568 2046 se

232 2072 382 2145 ἔὶεγες,
429 2075 576 2150 εἶχον
629 2083 690 2132 οἷν
744 2089 832 2135 καὶ
880 2091 1060 2159 χώραν
1116 2089 1164 2138 οὶ
1218 2086 1383 2156 λόγοι·
1436 2092 1522 2135 νῦν
1574 2081 1633 2136 δὲ
1687 2103 1818 2155 μετα

1952 2080 2308 2137 ὠῐθηίιιτυω
2335 2081 2631 2153 sperabat,
2667 2084 2744 2136 Ne
2775 2096 3131 2137 succenseas
3158 2079 3323 2146 mihi,
3354 2080 3565 2151 inquit,

233 2170 454 2228 τοσαύτας
486 2169 693 2234 αἰκίας,
744 2174 882 2246 εἰπερ
939 2169 1007 2230 δὴ
1069 2179 1159 2225 καὶ
1216 2176 1573 2245 πεισθείημεν,
1623 2177 1675 2225 τί
1752 2175 1814 2224 οἷν

1953 2171 2026 2242 [ui
2053 2175 2108 2227 te
2141 2171 2293 2226 sicut
2315 2177 2482 2242 pater
2503 2171 2690 2226 ﬁlium
2715 2170 2998 2226 dilectum
3022 2170 3386 2241 complector
3410 2187 3423 2236 ;
3452 2168 3566 2224 diis

229 2262 360 2303 ποιῶν
414 2255 813 2329 ἀντιμετρήσεις
863 2264 930 2313 τὰ
981 2262 1192 2334 λυπηρά
1228 2279 1240 2326 ;
1279 2270 1442 2316 Τοῦτο
1491 2261 1700 2326 ἐκεῖνος,
1749 2265 1812 2323 ὡς

1951 2266 2120 2316 .utem
2153 2260 2444 2316 sacriﬁce.
2482 2261 2573 2318 Sic
2602 2261 2762 2316 enim
2789 2259 2918 2316 illos
2957 2259 3247 2331 propitios
3292 2257 3564 2325 habebis,

228 2349 406 2411 ερμαιόν
454 2365 505 2397 τι
539 2352 638 2399 σῦν
684 2345 848 2421 ἡδονῇ
881 2351 1114 2421 μάλιστα
1144 2348 1471 2426 διαρπάσας,
1503 2351 1589 2403 ἇτε
1621 2347 1688 2409 δὴ
1722 2356 1810 2404 καὶ

1956 2354 1972 2406 t
2003 2349 2128 2421 ipse
2159 2351 2388 2421 optima
2414 2367 2672 2423 qumque
2704 2349 2993 2421 acquires.
3023 2349 3106 2404 Ad
3140 2348 3269 2404 haec
3297 2352 3523 2419 martyr
3553 2366 3564 2406 :

225 2426 385 2483 ἴιπίδα
434 2438 552 2487 τινὰ
604 2446 700 2490 τοῦ
754 2441 1138 2497 πεισθήσεσθαι
1189 2442 1504 2513 ὑποφαίνων,
1568 2440 1655 2501 Ὠς
1706 2460 1807 2492 πα-

1952 2441 1972 2495 .ί
1992 2440 2142 2507 haec,
2170 2456 2206 2497 o
2227 2457 2349 2508 rex,
2369 2441 2581 2514 inquit,
2605 2445 2702 2498 tua
2727 2440 3019 2496 sententia
3042 2444 3149 2506 est,
3169 2440 3298 2511 jam
3319 2439 3399 2495 ad
3420 2437 3565 2494 deos

224 2524 308 2590 τρὶ,
361 2525 469 2594 ἔφη,
518 2530 698 2579 τέκνον
768 2528 1086 2600 φιλούμενον,
1143 2533 1311 2583 ταῦτά
1367 2550 1458 2603 μοι
1513 2531 1658 2602 ἄφες,
1717 2533 1805 2580 καὶ

906 2532 1086 2599 ἱμενον,
1143 2533 1311 2583 ταῦτά
1367 2550 1458 2603 μοι
1513 2531 1658 2602 ἄφες,
1717 2533 1805 2580 καὶ
1914 2534 2000 2584 est
2029 2529 2519 2599 confugiendum.

224 2609 484 2676 προσελθὼν
525 2615 718 2666 θυσίαν
768 2621 1075 2688 προσένεγκε
1104 2626 1207 2678 τοῖς
1247 2620 1400 2681 θεοῖς’
1442 2618 1577 2671 οὕτω
1601 2620 1699 2692 γὰρ
1731 2616 1952 2679 ἐκείνους
1984 2638 2036 2670 τε
2066 2619 2288 2689 εὐμενεῖς
2315 2620 2457 2684 ἔξεις,
2490 2623 2579 2670 καὶ
2612 2625 2816 2688 σεαυτῷ
2843 2620 2907 2670 τὰ
2929 2617 3184 2669 κάλλιστα
3208 2617 3563 2688 προξενήσεις.

225 2700 305 2747 Καὶ
329 2700 353 2748 ό
380 2703 598 2774 μάρτυς,
633 2703 696 2756 Εἰ
723 2711 876 2757 τοῦτό
907 2725 1011 2771 σοι,
1043 2709 1159 2778 ἔφη,
1187 2709 1321 2759 κατὰ
1347 2713 1576 2779 γνώμην,
1612 2703 1652 2757 ὦ
1684 2704 1926 2778 βασιλεῦ,
1959 2708 2068 2780 ὦρα
2097 2711 2225 2781 πρὸς
2259 2709 2400 2769 θεοὺς
2432 2706 2654 2760 ἀπιέναι.

282 2795 384 2850 ΚΓ.
435 2797 522 2860 Ὠς
581 2797 675 2852 οὖν
726 2810 894 2854 ταῦτα
923 2805 949 2855 6
981 2804 1339 2866 Διοκλητιανός
1379 2809 1593 2868 ἤκουσε,
1643 2823 1803 2877 προσ·

1990 2805 2170 2860 XXllI.
2205 2805 2303 2859 His
2338 2804 2558 2860 auditis
2597 2803 2992 2860 Diocletianus
3022 2803 3215 2858 edicto
3247 2801 3561 2870 magistra-

221 2884 435 2954 τάγματα
481 2889 640 2951 εὐθὺς
688 2898 996 2963 πανταχόσε
1035 2890 1196 2946 διέθει
1241 2895 1312 2955 εἰς
1365 2899 1423 2947 τὸ
1474 2897 1605 2968 ἱερὸν
1644 2894 1805 2946 ἀπαν-

1950 2911 2006 2949 us
2046 2894 2338 2966 populum
2378 2909 2448 2950 ac
2487 2893 2700 2949 milites
2735 2907 2945 2949 omnes
2983 2893 3042 2946 in
3083 2890 3309 2962 templo
3349 2890 3563 2946 adesse

221 2989 297 3032 τας
341 2975 473 3046 αὐτῷ
507 2984 760 3046 συνιέναι,
796 2983 912 3034 ὅσοι
948 3002 1002 3035 τε
1032 2991 1126 3035 τῶν
1176 2983 1225 3036 ἐν
1268 2984 1396 3036 τέλει
1439 2990 1527 3036 καὶ
1566 2987 1678 3036 ὅσοι
1710 2991 1801 3036 τοῦ

1948 2998 2018 3037 »er
2043 2999 2377 3054 preconem
2399 2983 2596 3054 jussit,
2632 2982 2928 3054 siquidem
2955 2980 3265 3050 Georgius,
3290 2979 3561 3035 Galilaaus

222 3058 366 3132 δήμου
413 3072 501 3119 καὶ
555 3076 662 3119 τῶν
704 3081 1033 3144 στρατιωτῶν
1068 3070 1223 3138 ἦσαν,
1268 3073 1603 3147 ὑπόλαμπρον
1634 3074 1800 3146 ἐκφω-

1950 3088 2058 3128 eue
2073 3078 2265 3138 notus,
2283 3071 2532 3144 Apollini
2552 3071 2993 3128 sacriﬁcaturus
3005 3069 3252 3125 adforet.
3269 3068 3561 3139 Extemplo

220 3158 366 3204 νοῡντι
416 3164 485 3225 τῷ
540 3162 761 3228 κήρυκι,
811 3161 894 3211 ὅτι
942 3166 1207 3232 Γεὼργιος,
1243 3165 1269 3214 6
1317 3162 1365 3214 ἐν
1393 3162 1686 3225 Γαλιλαίοις
1709 3181 1833 3215 πε-η

1951 3162 2160 3218 entiles
2175 3162 2538 3218 carminibus
2551 3160 2858 3233 ethymnis
2872 3160 3158 3232 gaudium
3174 3157 3561 3214 manifestan-

219 3237 476 3306 ρίϐλεπτος,
566 3246 856 3299 Ἀπόλλωνι
931 3255 1284 3325 προσέρχεται
1359 3254 1547 3306 θύσων.
1629 3259 1800 3327 Παρα-

1944 3267 1988 3306 .ο
2002 3251 2422 3324 imperatorem
2441 3256 2499 3307 et
2515 3251 2696 3306 deum
2715 3251 2901 3322 ipsius
2924 3247 3557 3320 Apollinemlaudibus

219 3336 379 3401 χρῆμα
434 3343 561 3403 γοῦν
622 3338 809 3397 πάντες
863 3337 1096 3401 Ἕλληνες
1166 3345 1367 3412 κρότοις
1409 3347 1498 3394 καὶ
1581 3349 1798 3394 παιᾶσιν

1942 3339 2177 3397 ﬁ'erunt.
2203 3344 2528 3414 Postquam
2540 3355 2750 3396 omnes
2765 3339 3048 3412 templum
3068 3338 3320 3407 ingressi
3340 3340 3555 3402 essent,

219 3419 652 3495 ἑνευφραινόμενοι,
735 3424 959 3498 βασιλέα
1014 3447 1066 3480 τε
1119 3435 1209 3481 καὶ
1286 3433 1372 3482 τὸν
1438 3429 1630 3483 ἐκείνου
1686 3434 1797 3484 θεὸν

1945 3429 2136 3486 ilentio
2165 3431 2341 3497 facto,
2384 3431 2670 3500 Georgius
2702 3429 2995 3501 Apollinis
3027 3433 3281 3483 statuam
3321 3425 3558 3498 conspi-

221 3505 485 3606 :Amlluwa
534 3518 758 3572 νικητὴν
817 3516 1109 3588 ηῦφήμουν.
1175 3519 1313 3572 Ἐπεὶ
1397 3516 1456 3572 δὲ
1501 3529 1590 3572 τοῦ
1659 3523 1796 3596 ἱεροῦ

1942 3523 2076 3575 atus
2107 3540 2118 3578 :
2144 3523 2227 3575 Tu
2252 3522 2400 3575 deus
2426 3535 2508 3584 es,
2537 3519 2748 3591 inquit,
2773 3523 2829 3574 et
2852 3517 2924 3573 ab
2951 3516 3296 3573 hominibus
3319 3516 3555 3572 adorari

219 3595 333 3682 ἐντὸς
380 3595 532 3663 ἦσαν,
590 3612 794 3666 σιωπῆς
832 3611 1128 3678 γενομένης,
1176 3611 1478 3680 προσχὼνό
1506 3595 1795 3682 Ἀγιοςγτῷ

1938 3609 2222 3665 »τωδιιωίε
2240 3611 2266 3664 ?
2285 3613 2429 3665 Tum
2447 3609 2771 3666 confessim
2791 3607 3240 3662 malusdtemon
3261 3605 3551 3671 inclusus,

218 3680 467 3756 ἀγάλματι,
505 3693 531 3742 ὅ
577 3699 670 3743 τοῦ
708 3690 1020 3757 ’Λπόλλωνος
1074 3694 1156 3761 ἦν,
1207 3703 1296 3749 καὶ
1333 3703 1465 3770 πρὸς
1493 3700 1619 3752 αὐτὸ
1679 3699 1794 3773 βλέ-

1940 3705 2110 3771 ,ῑροῐθ
2127 3700 2314 3754 sancti
2334 3703 2493 3754 metu
2506 3697 2838 3770 perculsus,
2859 3695 3122 3767 alioquin
3145 3693 3423 3758 mendax,
3440 3693 3553 3749 hoc

217 3769 318 3838 φας,
349 3782 410 3827 Σὺ
467 3777 515 3830 εἰ
569 3781 680 3842 θεός
709 3798 721 3847 ;
749 3784 865 3854 ἔφη,
915 3790 1003 3836 και
1041 3788 1099 3837 σε
1131 3782 1215 3838 δεῖ
1259 3797 1568 3860 προσκυνεῖν
1600 3769 1792 3862 ἀνθρώ-

1940 3769 2102 3844 1men
2130 3788 2281 3855 loco,
2313 3788 2446 3843 licet
2483 3769 2720 3850 invitus,
2766 3801 2970 3840 verum
3010 3783 3337 3839 enuntiavit
3377 3798 3388 3835 :
3425 3785 3553 3836 Non

218 3877 324 3920 πους
351 3870 452 3929 ;Τὸ
501 3863 563 3920 δὲ
601 3867 828 3922 ἐνοικοῦν
877 3872 1068 3925 αὐτίκα
1112 3879 1335 3949 πονηρὸν
1364 3885 1583 3949 πνεῦμα,
1618 3881 1789 3954 ὥσπερ

1940 3894 2038 3933 um
2058 3878 2230 3945 deus,
2245 3877 2469 3942 dicens,
2487 3891 2680 3947 neque
2692 3875 2794 3946 qui
2813 3889 3049 3928 mecum
3063 3873 3247 3927 hocce
3261 3868 3550 3940 templum

315 3962 399 4004 τοῦ
451 3955 638 4027 Ἀγίου
698 3960 836 4032 φόϐῳ
897 3965 1204 4025 καταπειθες
1261 3970 1546 4037 γενόμενον,
1618 3973 1791 4022 καίτοι

1938 3968 2187 4032 molunt,
2223 3965 2327 4021 sed
2357 3981 2512 4021 unus
2536 3964 2817 4021 Christus.
2857 3965 3004 4018 Tum
3047 3965 3286 4031 martyr.
3323 3975 3425 4014 vos
3446 3957 3551 4028 igi-

216 4036 487 4132 φιλοψευδες
539 4051 615 4109 ἄν,
676 4047 799 4100 ὅικον
866 4048 1134 4125 ἐκήρυττεν
1190 4058 1284 4111 τὴν
1347 4036 1607 4112 ἀλήθειανο
1678 4058 1790 4110 Οὐκ

1933 4074 2013 4122 ur,
2042 4058 2145 4130 qui
2165 4056 2244 4111 dii
2268 4070 2388 4111 non
2411 4056 2570 4121 estis,
2595 4071 2697 4109 cur
2721 4051 2998 4109 homines
3021 4048 3317 4121 decipitis,
3337 4047 3546 4120 inquit,

217 4131 302 4195 ιιμὶ
344 4128 438 4199 ἐγὼ
493 4136 608 4197 θεὸς
659 4135 837 4207 λέγων⁹
889 4141 1061 4215 ὧσπερ
1120 4139 1244 4194 οὐδὲ
1295 4145 1342 4195 οἱ
1396 4148 1490 4196 σῦν
1544 4144 1654 4217 ἐμοὶ
1702 4151 1787 4198 τὸν

1934 4163 2008 4203 ιιιο
2033 4128 2146 4202 diis
2173 4146 2378 4202 haberi
2405 4149 2839 4218 praesumentes
2869 4143 2897 4199 ?
2928 4141 3039 4208 Qui
3067 4139 3132 4196 ﬁt
3165 4145 3225 4194 ut
3251 4154 3345 4194 me
3374 4151 3547 4193 servo

216 4219 313 4265 ναὸν
361 4219 637 4288 οἰκοῦντες,
691 4223 798 4277 ἀλλ’
841 4225 914 4289 εἷς
970 4227 1168 4293 ἀληθὴς
1214 4233 1239 4282 ό
1292 4237 1540 4307 Χριστός.
1592 4232 1719 4288 Εἶτα
1761 4238 1786 4288 6

1934 4237 2107 4292 Lhristi
2138 4241 2427 4307 praesente
2448 4235 2584 4290 huic
2611 4233 2805 4289 fraudi
2835 4247 2954 4287 non
2985 4229 3332 4286 renuntietis
3356 4226 3385 4281 ‘i
3417 4229 3547 4282 Haec

214 4306 400 4396 μάρτυς,
463 4317 563 4364 Καὶ
615 4313 659 4365 εἰ
705 4319 775 4385 μὴ
828 4315 943 4370 ίστε
974 4320 1097 4384 θεοὶ,
1127 4322 1238 4391 ἔφη.
1293 4306 1344 4373 τί
1395 4325 1664 4387 παθόντες.
1700 4325 1784 4378 ἀν·

1935 4342 2034 4381 um
2057 4306 2300 4382 dirisset
2325 4330 2571 4396 martyr,
2601 4329 2658 4378 et
2686 4322 2967 4379 omnibus
2997 4320 3098 4392 qui
3127 4321 3394 4384 aderant,
3424 4333 3548 4372 cru-

217 4390 422 4485 ᾓοώπους
465 4399 749 4462 ἐξαπατᾶτε
806 4407 875 4467 ὡς
946 4408 1074 4469 θεοῖς
1146 4413 1427 4483 προσέχειν
1481 4413 1642 4485 ὑμῖν;
1677 4423 1786 4475 πῶς

1934 4414 1979 4469 is
2010 4415 2249 4484 signum
2293 4415 2444 4468 sicut
2482 4412 2664 4468 telum
2703 4390 3062 4465 irresistibile
3101 4407 3416 4478 injecisset,
3461 4410 3547 4461 tu-

215 4473 263 4530 δε
301 4490 381 4573 καὶ
435 4489 708 4561 ὑπομεῖναι
755 4492 884 4553 ὅλως
929 4496 1076 4567 ὑμεῖς
1117 4499 1485 4573 τεθαρῥήκατε,
1513 4473 1666 4573 ⁵ἐμοῦ
1711 4502 1781 4555 ἓνο
1815 4503 1828 4557 Ι

1930 4473 2117 4560 multus
2141 4505 2402 4560 clamore
2429 4506 2486 4557 et
2520 4501 2744 4573 gemitu
2783 4499 2996 4554 mistus
3027 4473 3264 4552 auditus
3295 4500 3388 4551 est
3424 4495 3543 4550 da;-

217 4572 359 4624 ταυθα
395 4583 648 4650 παρόντος
678 4589 770 4633 τοῦ
805 4579 994 4636 δούλου
1042 4593 1314 4657 Χριστοῦ;
1349 4591 1529 4652 Οὕτως
1559 4591 1783 4654 εἰπόντος

1929 4610 2142 4649 nonum
2168 4592 2346 4648 simul
2368 4572 2802 4661 aufugientium
2828 4606 2841 4654 ;
2867 4587 3027 4644 idola
3044 4602 3184 4642 vero
3205 4584 3542 4658 ipsa,quasi

215 4666 290 4708 τοῦ
337 4666 612 4741 μάρτυρος,
667 4675 756 4722 καὶ
807 4674 979 4746 ὥσπερ
1018 4693 1068 4727 τι
1115 4675 1326 4748 ὅιμαχον
1383 4678 1535 4730 ὅπλον
1589 4685 1646 4733 τὸ
1693 4691 1782 4734 τοῦ

1927 4699 2080 4739 manu
2111 4682 2244 4738 forti
2275 4686 2546 4753 correpta
2585 4679 2893 4735 communi
2931 4678 3105 4733 ruina
3133 4677 3194 4732 in
3232 4675 3540 4748 pulverem

219 4760 416 4820 σταυροῦ
463 4764 676 4827 σημεῖον
723 4759 899 4823 αὐτοῖς
938 4763 1311 4830 ἐπισείσαντος,
1357 4770 1588 4841 τάραχος
1633 4771 1780 4834 εὐθὺς

840 4768 899 4823 ιῖς
938 4763 1311 4830 ἐπισείσαντος,
1357 4770 1588 4841 τάραχος
1633 4771 1780 4834 εὐθὺς
1890 4772 2130 4829 redacta
2154 4771 2453 4842 jacebant.

219 4861 416 4943 ﬁnium,
464 4859 550 4906 καί
605 4854 705 4927 βοὴ
757 4864 844 4911 καί
900 4861 1079 4932 θρῆνος
1146 4863 1202 4914 ἐκ
1254 4873 1346 4916 τοῦ
1399 4868 1557 4938 ἱεροῦ,
1643 4866 2058 4943 δραπετευόντων
2104 4880 2202 4922 τῶν
2257 4866 2557 4940 δαιμονίων·
2643 4867 2775 4918 αὐτά
2840 4885 2893 4918 τε
2957 4867 3021 4916 τὰ
3102 4859 3294 4915 εἴδωλα
3365 4863 3536 4934 ὥσπερ

219 4951 297 4984 οπο
355 4957 477 5001 τινος
529 4952 783 5017 κραταιᾶς
835 4952 1016 5021 χειρός
1073 4958 1476 5026 κατασπώμενα,
1535 4957 1704 5030 ἕτερον
1755 4969 1828 5030 τῷ
1879 4960 2032 5032 ἑτέρῳ
2102 4963 2530 5030 συγκαταπίπτον
2584 4955 2803 5031 ἐφέρετο,
2859 4960 2947 5006 καὶ
3000 4953 3067 5014 εἰς
3122 4959 3255 5024 χοῦν
3335 4951 3536 5003 έλεπτύ-

217 5039 305 5074 νετο
311 5063 321 5074 .

277 5131 372 5188 ΚΔ’.
413 5141 552 5191 Τίτό
601 5139 685 5194 ἐπὶ
725 5145 928 5206 τούτοις
957 5161 970 5212 ;
1003 5145 1235 5219 Ἀθυμία
1298 5152 1387 5222 μὶν
1429 5154 1513 5203 τὸν
1553 5151 1776 5224 βασιλέα

1961 5157 2091 5210 XIV.
2122 5154 2275 5221 Quid
2306 5158 2508 5228 postea
2537 5153 2564 5208 ‘i
2593 5150 2936 5225 Desperatio
2968 5163 3192 5218 magna
3221 5147 3536 5218 imperato-

221 5233 288 5268 και
331 5227 438 5286 τοῦς
483 5234 596 5299 περὶ
648 5230 800 5282 αὐτόν
857 5233 967 5304 εἶχε
1017 5235 1197 5294 πολλή·
1249 5237 1535 5313 εὐφροσύνη
1566 5238 1624 5294 δὲ
1659 5246 1774 5304 τούς

1922 5259 2031 5309 em,
2059 5248 2117 5300 et
2147 5244 2248 5316 qui
2275 5222 2413 5298 cum
2453 5258 2522 5299 eo
2550 5222 2736 5306 erant,
2780 5241 3056 5301 tenebat;
3091 5237 3294 5292 ﬁdeles
3334 5240 3535 5290 autem

221 5314 401 5403 πέστοὺς
454 5315 686 5390 ᾶρῥητος,
747 5326 833 5372 καὶ
896 5323 1082 5394 μᾶλλον
1140 5324 1458 5380 ἔϐεϐαιοῦντο
1517 5335 1644 5403 πρὸς
1679 5336 1771 5390 τὴν

1921 5314 2183 5388 ‘audium—
2203 5333 2500 5390 ineffabile
2531 5333 2588 5387 in
2621 5331 2738 5386 ﬁde
2767 5328 3180 5392 conﬁrmabat,
3206 5328 3357 5381 inter
3383 5340 3534 5396 quos

223 5391 442 5494 ξλὴθειαγ
498 5411 583 5458 καὶ
641 5415 738 5482 πρό
788 5430 847 5481 γε
896 5391 999 5463 τῶν
1048 5414 1211 5465 ἄλλων
1261 5416 1290 5474 ἡ
1348 5391 1562 5488 βασιλις
1631 5391 1770 5474 ῨἋλε-

1920 5422 2218 5478 .lexandra
2240 5423 2319 5476 im
2331 5422 2603 5493 peratrix,
2627 5419 2912 5494 quaeinde
2927 5417 3209 5474 audacior
3230 5415 3384 5471 facta
3407 5413 3533 5470 ido-

227 5481 404 5560 ξανδρα,
455 5496 483 5550 ἧ
531 5501 616 5549 καὶ
662 5498 898 5564 μείζονος
965 5501 1267 5577 παρρησίας
1324 5508 1459 5559 ἔνθεν
1537 5509 1768 5569 ὑποπλη-

1922 5529 1947 5566 s
1990 5527 2110 5568 non
2140 5527 2355 5584 parum
2400 5511 2594 5569 irrisit.
2638 5481 2827 5566 iratus
2870 5510 2996 5581 jam
3039 5513 3163 5564 tum
3209 5507 3535 5579 imperator
