4084 6216
480 293 580 347 159

1866 279 2129 337 MENSIS
2171 280 2477 338 APRILIS.

3734 287 3835 343 160

464 431 604 473 cum
630 412 897 470 ﬁdelium
925 410 1162 465 turbam
1192 409 1435 467 vidisset
1467 410 1726 483 amplius
1751 406 1951 464 inﬁde
1982 420 2123 462 con-

2241 407 2439 468 σθεῖσα,
2491 409 2659 481 πολλῷ
2721 420 2793 482 τῷ
2848 414 2984 464 κατά
3040 419 3137 463 τῶν
3178 406 3401 463 εἰδώλων
3463 409 3706 484 ἐνετρύφα
3749 417 3840 484 γέ·

466 507 864 565 ﬁrmatorum,
901 498 1083 571 priori
1130 498 1368 555 lenitate
1414 505 1614 570 exuta,
1663 499 1962 567 integrum
1996 495 2122 550 Dio-

467 594 785 651 cletianum
814 587 1095 653 ostendit,
1131 594 1188 644 et
1235 592 1400 644 torve
1441 589 1680 644 intuens
1731 591 2054 656 martyrem
2109 600 2122 638 :

465 682 720 743 Talibus,
753 677 959 749 inquit,
990 676 1315 747 sacriﬁciis,
1337 677 1601 745 sceleste,
1629 677 1777 733 deos
1805 675 2119 746 sospitato-

465 787 562 829 res
588 774 644 825 te
669 769 1060 825 adoraturum
1091 782 1239 832 esse,
1274 767 1420 823 tales
1446 766 1518 821 iis
1549 767 1770 836 gratias
1800 763 2125 820 relaturum

465 857 834 916 annuntiasti
859 855 887 910 ?
920 855 1034 912 Sed
1055 870 1174 911 non
1203 855 1306 911 diu
1337 855 1662 912 exsultabis
1686 872 1704 921 ;
1735 869 1856 910 non
1890 852 1993 908 diu
2015 850 2130 907 diis

467 947 698 1004 invictis
732 944 1050 1011 irridebis;
1104 944 1338 1000 nullum
1390 961 1461 1000 ex
1511 941 1974 1001 incantamentis
2015 941 2134 997 fru-

465 1042 627 1093 ctum
690 1039 896 1090 metes.
952 1034 1054 1089 Cui
1116 1038 1343 1106 martyr
1393 1050 1531 1090 cum
1591 1033 1781 1089 multa
1839 1031 2132 1087 modestia

469 1142 538 1184 ac
569 1124 910 1198 prudentia,
944 1127 1148 1189 Nemo,
1181 1123 1393 1195 inquit,
1424 1122 1721 1179 mendacii
1753 1136 1847 1177 me
1878 1125 2086 1192 arguet
2112 1139 2124 1188 ;

469 1229 709 1285 semper
731 1213 892 1268 enim
921 1211 1059 1266 inde
1087 1227 1122 1266 a
1144 1211 1441 1283 principio
1463 1211 1741 1267 eamdem
1773 1209 2130 1266 sententiam

471 1317 825 1360 conservare
849 1301 1071 1367 studui,
1103 1301 1161 1354 id
1190 1305 1277 1356 est
1319 1304 1437 1356 Deo
1469 1300 1688 1356 servire
1719 1306 1774 1355 et
1803 1304 1866 1354 ut
1892 1301 1948 1356 S.
1985 1301 2127 1355 Pau-

471 1393 566 1449 lus
587 1391 807 1457 scribit,
826 1389 1088 1445 hostiam
1103 1389 1422 1458 viventem,
1439 1394 1710 1445 sanctam
1731 1388 2126 1461 etplacentem

470 1483 704 1540 offerre.
722 1479 878 1546 Quid
896 1479 924 1534 ?
944 1494 1146 1535 nonne
1163 1495 1258 1534 res
1280 1480 1424 1551 ipsa:
1444 1478 1706 1535 clamant
1721 1478 1885 1552 quod
1903 1494 1973 1533 ea
1993 1494 2130 1550 quae

469 1587 580 1627 vos
615 1567 901 1634 adoratis,
945 1584 1110 1624 error
1147 1573 1204 1624 et
1235 1568 1552 1625 mendacia
1577 1573 1716 1624 sunt
1745 1573 1801 1623 et
1838 1567 2131 1622 duntaxat

468 1659 722 1716 nomina
754 1658 878 1713 sine
910 1672 971 1711 re
1000 1655 1029 1711 ?

2232 495 2375 548 λωτι.
2438 497 2599 573 Ὀργῇ
2658 505 2829 552 τοίνυν
2869 503 2894 552 ό
2945 499 3190 573 βασιλεὺς
3235 501 3561 570 κατάσχετος
3588 507 3835 572 γεγονὼς.

2234 584 2397 647 ἄλλως
2441 606 2493 639 τε
2546 585 2606 640 δὲ
2651 595 2739 642 καὶ
2786 592 2853 643 τά
2902 599 3002 641 τῶν
3048 597 3246 641 πιστῶν
3294 587 3467 646 πλήθη
3533 591 3685 661 όρῶν,
3758 594 3838 642 ἔτι

2235 673 2423 744 μᾶλλον
2475 679 2601 750 πρὸς
2657 678 2942 731 θεοσέϐειαν
2991 677 3451 749 ἐπιστηριζόμενα,
3497 680 3557 729 τὸ
3606 681 3697 750 μεν
3727 682 3840 731 επί-

2236 783 2459 836 χριστον
2496 767 2656 820 ἐκεῖνο
2685 771 2926 841 χρηστόν
2967 763 3274 832 ἀποδύεται,
3316 770 3472 819 αύτόν
3506 762 3565 819 δὲ
3613 776 3841 842 φανερῶς

2238 851 2423 907 ἐκεῖνον
2466 860 2552 908 τὸν
2594 857 2955 914 Διοκλητιανόν
3008 852 3353 913 ἐπιδείκνυσι.
3409 860 3508 908 Καὶ
3567 853 3731 928 δριμύ
3781 877 3840 909 τι

2237 949 2324 996 καὶ
2374 948 2588 1015 μανικόν
2634 945 2890 1017 ἐμϐλέψας
2937 954 3008 1016 τῷ
3062 947 3309 1019 μάρτυρι,
3362 947 3660 1011 Τοιαύταις,
3716 947 3837 1017 ἔφη,

2241 1034 2470 1099 θυσίαις,
2525 1032 2565 1085 ὦ
2613 1043 2780 1095 κακῶς
2827 1033 3158 1107 ἀπολλύμενε,
3212 1037 3332 1095 τοὺς
3384 1041 3629 1107 σωτῆρας
3677 1033 3840 1105 ἐπηγ-

2237 1122 2390 1193 γείλω
2416 1132 2640 1195 τιμῆσαι
2673 1126 2848 1195 θεούς;
2886 1126 3151 1184 τοιαύταις
3180 1125 3375 1197 χάρισι
3402 1119 3787 1185 δεξιώσασθαις
3819 1142 3834 1188 ;

2238 1210 2374 1266 Ἀλλ’
2433 1211 2676 1284 οὐμενοῦν
2735 1213 2828 1265 ούκ
2882 1212 2965 1265 ἐπὶ
3023 1212 3151 1264 πολὺ
3213 1216 3511 1283 χαιρήσεις,
3563 1209 3686 1264 ούδε
3735 1221 3841 1264 τῶν

2239 1298 2509 1358 ἀηττήτων
2576 1308 2936 1374 καταμωκήση
2997 1303 3138 1354 θεῶν·
3200 1301 3304 1372 ούχ
3361 1301 3495 1353 ούτω
3544 1309 3660 1363 ταῖς
3711 1321 3840 1372 γοη-

2238 1395 2400 1452 τείαις
2433 1391 2699 1463 ἰσχύσεις.
2759 1396 2894 1458 Πρός
2941 1394 2994 1444 ὃν
3026 1393 3051 1443 ό
3091 1392 3305 1465 μάρτυς,
3357 1392 3486 1461 μετὰ
3528 1390 3715 1442 πολλοῦ
3745 1399 3841 1443 τοῦ

2239 1479 2496 1551 εύκόσμου
2565 1485 2654 1533 καὶ
2734 1488 2968 1546 συνετοῦ,
3048 1482 3204 1550 Ἐγὼ,
3278 1475 3431 1543 εἶπεν,
3497 1476 3536 1529 ὦ
3594 1477 3839 1552 βασιλεῦ,

2238 1571 2360 1640 παρ’
2411 1567 2564 1622 οὐδὲν
2614 1570 2900 1640 ἁλίσκομαι
2945 1565 3140 1641 ψεῦδος
3181 1568 3357 1633 εἰπών,
3417 1567 3520 1620 ἀλλ’
3581 1571 3702 1643 ὅπερ
3749 1588 3840 1641 μοι

2239 1660 2485 1729 πρόθεσις
2551 1659 2605 1722 ἐξ
2658 1658 2849 1733 ἀρχῆς,
2914 1667 3066 1711 τοῦτο
3118 1662 3207 1710 καὶ
3261 1657 3328 1718 εἰς
3395 1655 3549 1732 δεῦρο
3599 1657 3844 1730 φυλάξειν

470 1751 718 1811 ἔσπευσα,
774 1751 832 1798 τό
884 1743 942 1798 δέ
995 1746 1106 1798 ἐστι
1163 1755 1234 1816 τῷ
1288 1746 1394 1818 ἐμῷ
1447 1751 1600 1817 μόνον
1652 1746 1912 1819 λατρεύειν
1962 1753 2094 1816 Θεῷ,
2155 1751 2244 1798 atati
2301 1747 2441 1817 αύτῷ
2493 1748 2668 1808 ζῶσαν
2720 1747 2874 1818 ἀγίαν
2922 1767 2974 1800 τε
3020 1752 3109 1799 καὶ
3165 1746 3440 1818 εὐάρεστον
3494 1746 3588 1818 (ὡς
3639 1747 3846 1808 Παῦλος

470 1837 494 1889 ὁ
555 1839 688 1896 θεῖός
735 1836 888 1907 φησι)
944 1838 1252 1907 προσφέρειν
1308 1837 1512 1890 θυσίαν.
1569 1840 1632 1888 Τί
1686 1832 1783 1901 δέ;
1841 1834 1965 1906 ούχὶ
2021 1839 2109 1887 καὶ
2162 1834 2296 1887 αὐτὰ
2356 1835 2459 1907 βοᾷ
2510 1840 2576 1888 τὰ
2625 1839 2931 1910 πράγματα,
2984 1841 3064 1888 ὅτι
3117 1838 3182 1889 τὰ
3227 1835 3350 1908 παρ’
3403 1836 3544 1908 ὑμῶν
3603 1855 3847 1908 προσκυ-

469 1929 689 1997 νούμενα
719 1925 882 1982 πλάνη
913 1929 1002 1976 καὶ
1028 1921 1226 1995 ψεῦδός
1256 1923 1388 1987 ἐστι,
1419 1928 1507 1976 καὶ
1533 1927 1762 1995 ὀνόματα
1791 1928 1945 1996 μόνον
1978 1925 2297 1996 πραγμάτων
2329 1926 2533 1998 ἓρημα;

542 2017 693 2071 XXV.
730 2015 943 2070 Omnia
982 2013 1199 2068 deinde
1237 2014 1298 2068 in
1327 2029 1556 2069 vanum
1594 2014 1759 2069 abire
1789 2014 2000 2068 videns
2035 2019 2127 2086 ty-

2310 2013 2428 2069 KE'.
2478 2015 2689 2067 Ἀπεῖπε
2727 2021 2836 2075 τοῖς
2874 2015 3006 2074 ὅλοις
3061 2016 3087 2066 ό
3136 2017 3404 2089 τύραννος,
3453 2018 3541 2065 καὶ
3600 2017 3844 2088 περιττὸν

470 2119 697 2160 rannus
715 2101 1016 2174 prioribus
1031 2102 1335 2157 tormentis
1351 2102 1627 2158 ulteriora
1639 2102 1895 2173 adjicere
1913 2100 2118 2170 noluit,

471 2191 802 2264 periculum
843 2192 1001 2246 enim
1034 2196 1159 2246 erat
1201 2205 1277 2246 ne
1316 2191 1441 2262 ipse
1486 2191 1633 2246 risui
1681 2191 1846 2261 foret,
1899 2195 2129 2262 martyr

471 2285 694 2346 autem,
719 2279 929 2349 spretis
953 2279 1418 2352 quibuscunque
1461 2281 1787 2346 tormentis,
1816 2279 2128 2350 gloriosior

471 2368 660 2437 ﬁeret,
691 2366 1047 2423 sententiam
1089 2371 1298 2422 contra
1337 2383 1475 2424 eum
1517 2368 1646 2425 tulit
1697 2369 1780 2424 sic
1819 2368 2074 2425 dicendo
2111 2385 2123 2425 :

475 2457 756 2528 Georgius
780 2471 952 2512 vanas
975 2455 1446 2513 Christianorum
1477 2456 1678 2526 gloriae
1708 2461 1964 2513 sectator
1995 2468 2126 2528 per-

473 2546 662 2612 tinax,
703 2547 954 2602 deorum
996 2550 1196 2601 autem
1240 2546 1679 2603 salutiferorum
1729 2553 2124 2620 contemptor,

478 2635 582 2708 qui
611 2651 721 2690 nec
770 2635 946 2690 minis
977 2651 1085 2691 nec
1116 2635 1425 2707 promissis
1465 2636 1673 2692 cedere
1699 2637 1824 2702 scit,
1858 2637 1980 2692 imo
2024 2639 2128 2710 qui

469 2725 873 2781 Alexandram
903 2740 1146 2797 quoque
1177 2724 1617 2797 imperatricem
1664 2725 1743 2782 ad
1787 2727 2000 2784 eadem
2030 2728 2128 2783 de-

471 2813 658 2885 duxit,
694 2830 831 2870 cum
874 2814 988 2870 hac
1032 2815 1169 2886 ipsa
1210 2815 1401 2887 capite
1448 2816 1754 2886 plectatur.
1790 2817 1932 2873 Post
1969 2817 2128 2873 hanc

471 2903 850 2968 sententiam,
876 2903 1098 2975 quibus
1114 2903 1175 2958 id
1196 2904 1556 2975 imperatum
1578 2910 1722 2970 erat,
1739 2921 1839 2960 eos
1861 2922 2128 2977 compre-

468 2993 689 3047 hensos
707 2996 872 3047 extra
897 2991 1102 3045 urbem
1116 2991 1193 3045 ad
1216 2992 1493 3063 supplicii
1509 2992 1708 3047 locum
1728 2993 2124 3050 deduxerunt.

467 3079 814 3149 Imperatrix
867 3084 1069 3133 autem
1123 3078 1462 3135 Alexandra
1509 3080 1669 3135 viam
1717 3085 1918 3135 tenens
1970 3088 2027 3137 et
2067 3083 2128 3138 in

472 3167 828 3223 memoriam
907 3169 1091 3221 Deum
1153 3182 1462 3232 revocans,
1528 3171 1652 3223 tota
1711 3168 1773 3223 in
1831 3170 2127 3239 precibus,

471 3255 532 3312 id
564 3255 726 3327 quod
752 3253 1054 3311 labiorum
1082 3261 1282 3310 motus
1315 3261 1372 3312 et
1399 3256 1711 3313 oculorum
1758 3275 1998 3315 sursum
2047 3261 2130 3316 di-

2237 2099 2364 2154 εἶνοιι
2425 2109 2514 2156 καὶ
2563 2103 2778 2162 ἀνόητον
2825 2106 3177 2175 ἡγησάμενος,
3232 2106 3291 2155 τό
3343 2106 3427 2155 ἓπὶ
3495 2109 3603 2162 ταῖς
3661 2108 3844 2177 πρώην

2235 2192 2448 2256 πολλαῖς
2488 2199 2577 2246 καὶ
2628 2193 2882 2265 χαλεπαῖς
2933 2197 3209 2268 τιμωρίαις
3258 2195 3331 2244 ἔτι
3377 2197 3466 2245 καὶ
3512 2191 3686 2264 ἑτέρας
3724 2194 3840 2244 ἑπι-

2235 2289 2364 2334 νοεῖν
2413 2279 2761 2354 (κινδυνεύσει
2803 2285 2904 2354 γὰρ
2960 2283 3198 2354 ἀντικρυς
3243 2281 3395 2341 αύτός
3439 2282 3530 2352 μεν
3570 2280 3840 2352 αἰσχύνην

2237 2370 2401 2442 ἅφλειν
2453 2376 2542 2424 καὶ
2595 2367 2745 2424 οὐδὲν
2797 2369 2966 2423 ἀνύειν
3026 2379 3117 2423 τῶν
3162 2371 3421 2422 κολάσεων
3467 2372 3767 2441 γινομένων,
3811 2371 3839 2421 ὀ

2235 2463 2436 2532 μάρτυς
2490 2457 2548 2513 δὲ
2598 2460 2949 2533 λαμπρότερος
3000 2457 3440 2531 ἐπιδείκνυσθαι),
3497 2455 3695 2511 δίδωσι
3744 2462 3842 2517 τήν

2235 2551 2351 2602 κατ’
2398 2550 2557 2602 αὐτοῦ
2603 2549 2776 2622 ψῆφον
2825 2549 3044 2621 εἰρηκὼς
3105 2549 3258 2600 οὕτω·
3320 2553 3590 2622 Γεώργιος,
3649 2548 3674 2598 ὁ
3749 2554 3843 2608 τῆς

2237 2643 2464 2713 ματαίας
2499 2642 2588 2711 μὲν
2618 2648 2716 2690 τῶν
2761 2646 3086 2710 Χριστιανῶν
3126 2633 3287 2700 δόξης
3330 2640 3545 2698 ἔκτοπος
3591 2635 3838 2711 ἐραστής,

2237 2738 2336 2782 τῶν
2369 2733 2616 2801 σωτήρων
2674 2724 2732 2780 δε
2780 2729 2902 2780 θεῶν
2955 2730 3370 2800 καταφρονητὴς,
3417 2731 3507 2778 καὶ
3554 2731 3684 2796 μήτε
3734 2721 3841 2778 δειε

2237 2827 2332 2869 νῶν
2383 2817 2680 2888 ἐπαγωγαῖς
2746 2821 2876 2887 μήτε
2948 2814 3156 2886 ἀγαθῶν
3229 2814 3556 2885 ἐπαγγελίαις
3629 2816 3844 2885 μεταθέ-

2240 2909 2364 2959 σθαι
2406 2908 2658 2968 πεισθεὶς,
2706 2905 2831 2957 ἀλλά
2887 2910 2976 2957 καὶ
3016 2909 3108 2963 τὴν
3141 2900 3404 2977 βασιλίδα
3451 2903 3642 2975 μᾶλλον
3675 2902 3844 2965 Ἀλεξ-

2239 2991 2434 3067 άνδραν
2488 2997 2999 3068 παρακρουσάμενος,
3051 2996 3136 3044 τόν
3191 2989 3285 3044 διὰ
3333 2992 3512 3063 ξίφους
3563 2995 3657 3044 σὺν
3706 2990 3840 3062 αὐτῇ

2242 3085 2456 3136 θάνατον
2509 3084 2808 3139 ὑποστήτω.
2877 3084 3128 3142 Τοιαύτης
3185 3079 3429 3141 δοθείσης
3486 3089 3577 3140 τῆς
3640 3079 3843 3152 ἀποφά-

2243 3191 2385 3236 σεως,
2442 3173 2489 3222 οἱ
2537 3173 2665 3242 πρὸς
2696 3178 2858 3222 ταῦτα
2902 3167 3158 3222 διακονεῖν
3204 3171 3628 3241 ὑποτεταγμένοι,
3671 3187 3844 3241 παρα·

2239 3259 2478 3322 λαϐόντες
2507 3259 2714 3327 αὐτούς,
2773 3259 2867 3322 ἔξω
2917 3279 3017 3311 που
3070 3268 3166 3319 τῆς
3195 3258 3408 3322 πόλεως,
3453 3262 3586 3331 πρὸς
3624 3260 3708 3309 τὸν
3748 3265 3848 3318 τῆς

472 3345 654 3401 rectio
696 3345 837 3400 satis
879 3344 1248 3409 indicabant,
1294 3349 1621 3417 antequam
1661 3363 1732 3403 eo
1772 3351 2124 3420 pervenerit,

2241 3350 2540 3410 τελειώσεως
2603 3354 2780 3413 τόπον,
2831 3347 3082 3421 ἐχώρουν.
3121 3347 3253 3400 Ἀλλ’
3309 3349 3338 3405 ἠ
3402 3345 3615 3419 βασιλὶς
3675 3345 3846 3408 Ἀλεξ-

471 3433 628 3488 illius
653 3433 898 3504 judicio,
928 3433 1097 3505 cujus
1114 3433 1343 3504 judicia
1367 3434 1641 3506 abyssus,
1673 3436 1840 3494 humi
1867 3443 2129 3510 prostra-

471 3526 552 3592 ta,
586 3522 750 3593 piam
771 3521 1036 3579 animam
1059 3521 1378 3580 exhalavit.

2238 3435 2425 3513 άνδρα,
2472 3446 2562 3497 τῆς
2607 3433 2734 3489 ὀδοῦ
2771 3439 2860 3508 μὲν
2895 3435 3146 3508 ἐχομένη,
3190 3444 3324 3490 Θεοῦ
3365 3432 3424 3488 δε
3464 3440 3666 3508 μνήμην
3708 3437 3848 3486 κατά

2239 3531 2420 3604 καιρόν
2458 3530 2762 3598 ποιουμένη,
2804 3531 2894 3578 καὶ
2932 3526 3051 3583 ὃλην
3087 3526 3250 3584 αὐτὴν
3291 3525 3362 3586 εἰς
3401 3526 3566 3597 εὐχήν
3604 3525 3850 3600 τρέψασα

471 3613 566 3680 (ὡς
627 3616 656 3670 ἦ
724 3631 778 3664 τε
837 3620 935 3664 τῶν
992 3612 1206 3684 χειλέων
1263 3613 1426 3686 αύτῇς
1482 3617 1690 3676 κίνησις
1745 3612 1931 3674 ἐδήλου
1991 3623 2078 3670 καὶ
2135 3621 2164 3677 η
2221 3627 2320 3672 τῶν
2379 3616 2650 3688 ὀφθαλμῶν
2709 3616 2775 3675 εἰς
2831 3615 3046 3688 οὐρανόν
3104 3615 3366 3687 ἔπαρσις),
3437 3618 3536 3688 πρὸ
3601 3622 3692 3666 τοῦ
3758 3617 3847 3665 τὸν

474 3705 630 3753 τόπον
709 3701 1036 3768 καταλαϐεῖν,
1115 3709 1207 3754 τοῦ
1289 3707 1481 3764 παντὸς
1544 3709 1812 3777 κρίναντος
1886 3706 2192 3782 άποῤῥήτως
2258 3705 2317 3761 ού
2386 3710 2452 3758 τά
2506 3709 2737 3778 κρίματα
2796 3703 3031 3765 ἄϐυσσος
3118 3704 3296 3770 πολλή,

474 3797 535 3862 τῇ
568 3798 659 3863 γῇ,
694 3795 785 3849 τὴν
817 3793 972 3863 ἁγίαν
1005 3792 1168 3853 αὐτῆς
1198 3791 1365 3864 ἀφῆκε
1393 3793 1600 3865 ψυχήν.

545 3880 721 3936 XXVI.
754 3879 1042 3952 Georgius
1088 3897 1287 3952 porro,
1323 3882 1532 3938 Christi
1579 3887 1825 3955 martyr,
1871 3900 2009 3940 cum
2051 3885 2130 3941 ad

474 3969 675 4025 locum
695 3970 972 4043 supplicii
986 3970 1368 4042 pervenisset,
1384 3985 1420 4027 a
1435 3971 1816 4028 carniﬁcibus
1833 3977 1895 4030 ut
1911 3990 1973 4030 se
1984 3991 2133 4047 pau-

474 4060 657 4131 lisper
682 4059 1020 4115 relaxarent
1044 4058 1204 4130 petiit
1243 4077 1261 4130 ;
1296 4059 1461 4130 quod
1493 4075 1630 4116 cum
1658 4061 2018 4119 obtinuisset
2053 4063 2132 4120 ab

476 4147 770 4213 hostibus,
803 4148 881 4204 ad
907 4147 1206 4204 orandum
1245 4163 1591 4215 conversus,
1627 4149 1876 4206 sublatis
1915 4151 2132 4207 cmlum

476 4251 684 4293 versus
717 4236 925 4300 oculis,
958 4237 1025 4292 Mi
1056 4237 1229 4300 Deus,
1261 4236 1337 4292 de
1373 4235 1673 4308 profundo
1713 4239 1911 4294 cordis
1937 4239 2136 4297 excla-

477 4325 684 4391 mavit,
716 4325 884 4398 cujus
915 4341 1050 4381 sum
1082 4325 1220 4381 inde
1257 4341 1293 4380 a
1331 4325 1655 4392 nativitate,
1693 4326 1754 4382 in
1785 4343 1967 4400 quem
2005 4344 2137 4401 spe-

477 4414 626 4479 ravi,
660 4415 754 4470 cui
785 4414 1048 4470 conﬁsus
1079 4416 1155 4470 ad
1187 4415 1300 4471 hoc
1332 4430 1427 4471 me
1465 4419 1763 4471 certamen
1814 4418 2064 4483 accinxi,
2098 4433 2134 4474 ο

479 4519 614 4576 spes
636 4503 848 4571 dulcis,
869 4503 1184 4575 promissio
1197 4521 1356 4570 vera,
1379 4508 1726 4560 sanctarum
1743 4508 2133 4564 amorinsons

479 4594 841 4656 animarum,
873 4593 1045 4662 cujus
1091 4592 1442 4665 benignitati
1492 4595 1672 4650 corda
1703 4601 1911 4652 nostra
1950 4596 2134 4653 conﬁ-

479 4681 665 4748 dunt;
695 4681 795 4754 qui
819 4681 1002 4737 animi
1025 4681 1353 4748 desideriis,
1376 4687 1699 4755 antequam
1723 4685 2137 4756 exprimantur

482 4771 786 4839 satisfacit,
830 4770 1084 4826 fortiﬁca
1126 4786 1221 4826 me
1268 4771 1344 4826 ad
1388 4771 1567 4827 hocce
1617 4777 1916 4829 certamen
1971 4774 2132 4846 quod
2171 4756 2215 4811 D

481 4875 591 4932 pro
621 4859 864 4916 nomine
895 4864 995 4916 tuo
1023 4875 1340 4929 aggressus
1373 4877 1529 4924 sum,
1563 4865 1617 4917 et
1647 4862 1843 4934 recipe
1869 4864 2135 4920 animam

481 4965 702 5015 meam,
718 4954 993 5005 etcontra
1004 4950 1307 5004 daemones
1322 4951 1513 5006 aerios
1531 4950 1718 5006 malos
1732 4954 2136 5022 praemunitam

481 5039 554 5095 iis
603 5054 757 5112 quos
804 5038 881 5093 ab
924 5038 1089 5093 omni
1124 5043 1387 5110 tempore
1437 5038 1711 5108 dilexisti,
1756 5040 2135 5100 adnumera:

484 5129 754 5198 Ignosce,
770 5142 996 5200 quaeso,
1019 5126 1280 5189 Domine.
1302 5142 1436 5199 quae
1457 5143 1559 5198 per
1585 5129 1985 5198 ignorantiam
2002 5148 2140 5189 con-

483 5221 576 5274 tra
610 5234 703 5273 me
752 5217 1037 5284 fecerunt,
1079 5232 1300 5288 eosque
1348 5216 1453 5288 qui
1498 5222 1551 5272 te
1589 5233 1725 5274 vere
1773 5227 2143 5289 cognoscant

484 5306 700 5376 dignos
730 5306 911 5363 redde
943 5323 956 5373 ;
989 5308 1132 5379 quia
1160 5305 1511 5362 benedictus
1542 5321 1604 5362 es
1629 5307 1690 5362 in
1723 5308 1960 5364 saecula.

3384 3702 3850 3756 ἕπικατακλιθείσα

2314 3883 2452 3967 κς.
2482 3882 2540 3935 '0
2573 3878 2632 3935 δὲ
2661 3889 2753 3934 τοῦ
2784 3888 3017 3954 Χριστοῦ
3048 3883 3244 3954 μάρτυς
3277 3885 3547 3954 Γεὼργιος,
3579 3877 3686 3967 ἤδη
3720 3883 3848 3952 πρὸς

2239 3982 2309 4044 τῷ
2365 3965 2506 4044 τόπῳ
2563 3977 2840 4042 γενόμενος,
2899 3973 3084 4042 μικρὸν
3144 3968 3381 4027 ἀνεθῆναι
3441 3972 3559 4030 τοὺς
3622 3965 3849 4040 δημίους

2241 4063 2408 4127 ἠξίου,
2455 4066 2548 4120 τὴν
2587 4060 2880 4113 τελευταίαν
2925 4056 2993 4118 δὴ
3035 4061 3228 4117 ταύτην
3267 4060 3431 4133 χάριν
3469 4057 3592 4131 παρ’
3641 4057 3848 4132 ἐχθρῶν

2243 4152 2608 4223 αἰτησάμενοςσ
2667 4154 2756 4201 καὶ
2809 4151 3006 4210 ταύτης
3051 4153 3252 4220 τυχὼν,
3305 4148 3371 4209 εἰς
3419 4146 3583 4219 εύχήν
3631 4165 3685 4200 τε
3733 4146 3849 4199 Eatu-

2242 4245 2328 4294 τὸν
2374 4243 2658 4306 συντείνας,
2702 4242 2792 4290 καὶ
2839 4237 2897 4290 τό
2935 4237 3079 4308 ὄμμα
3119 4233 3301 4310 διάρας
3351 4236 3418 4297 εἰς
3461 4236 3696 4308 ούρανόν,
3749 4238 3851 4288 Κύ-

2242 4349 2321 4406 ριε
2400 4330 2567 4388 όΘεός
2623 4346 2743 4399 μου,
2804 4325 2857 4378 ἐκ
2916 4325 3115 4398 βάθους
3171 4324 3412 4398 ἀνέκραξε
3464 4333 3560 4385 τῆς
3603 4320 3846 4398 καρδίας,

2244 4421 2316 4491 ἐφ’
2358 4420 2411 4470 ὃν
2452 4416 2724 4491 ἔπεῤῥίφην
2765 4414 2820 4467 ἐκ
2849 4420 3074 4487 μήτρας,
3116 4414 3190 4486 ἐφ’
3220 4416 3273 4466 ὅν
3306 4414 3524 4478 ἣλπισα,
3568 4412 3640 4485 ἐφ’
3759 4416 3850 4464 καὶ

2247 4507 2515 4582 θαρρήσας
2554 4505 2623 4567 εἰς
2670 4509 2754 4556 τὸν
2795 4503 2969 4576 ἀγῶνα
3007 4511 3185 4556 τοῦτον
3226 4499 3594 4574 ἀπεδυσάμην,
3640 4503 3667 4560 ὴ
3720 4501 3851 4571 γλυ-

2244 4605 2356 4650 κεῖα
2404 4595 2564 4658 ἐλπὶς,
2615 4596 2643 4653 ἡ
2697 4590 2928 4663 ἀψευδὴς
2978 4591 3278 4664 ἐπαγγελία,
3338 4593 3362 4643 ό
3408 4601 3506 4644 τῶν
3555 4592 3698 4662 ἱερῶν
3745 4589 3852 4660 ψυ-

2245 4696 2357 4758 χῶν
2403 4685 2528 4758 ἓρως
2568 4682 2793 4747 ἀπαθὴς,
2836 4678 2894 4733 οὗ
2927 4686 3014 4733 καὶ
3045 4689 3105 4753 τῇ
3147 4681 3422 4753 ἑτοιμασίᾳ
3467 4689 3566 4732 τῶν
3616 4675 3850 4751 καρδιῶν

2246 4778 2390 4847 ήμῶν
2447 4777 2699 4846 προσέχει
2757 4773 2812 4822 τό
2866 4766 2969 4833 οὖς,
3030 4772 3084 4831 ὃς
3132 4777 3216 4822 καὶ
3274 4773 3373 4842 πρὸ
3433 4779 3530 4821 τῶν
3591 4769 3850 4841 ἡμετέρων

2248 4865 2500 4922 αἰτήσεων
2574 4865 2666 4918 τήν
2745 4861 3020 4930 ἐπιθυμίαν
3103 4862 3353 4933 παρέχεις
3423 4867 3522 4910 τῶν
3593 4853 3845 4931 καρδιῶνο

2247 4954 2404 5012 αὐτὸς
2449 4969 2510 5022 με
2553 4949 2836 5019 ἐνίσχυσον
2880 4952 3043 5020 μέχρι
3076 4948 3251 5008 τέλους
3293 4950 3379 4998 τὸν
3426 4945 3598 5017 ἀγῶνα
3644 4953 3848 5009 τοῦτον,

2247 5045 2299 5096 ὃν
2348 5044 2472 5112 ύπίςρ
2523 5046 2618 5098 τῆς
2668 5043 2761 5096 σῆς
2800 5037 3026 5095 ὑπῆλθον
3080 5038 3378 5108 ὁμολογίας,
3424 5032 3723 5106 διενεγκεῖν,
3761 5038 3852 5085 καὶ

2248 5127 2536 5204 πρόσδεξαί
2583 5146 2683 5199 μου
2725 5130 2815 5184 τὴν
2866 5126 3063 5196 ψυχήν,
3105 5131 3193 5177 καὶ
3240 5125 3495 5193 ἀνωτέραν
3543 5123 3703 5182 αὐτὴν
3752 5130 3852 5174 τῶν

2249 5226 2482 5290 πονηρῶν
2554 5234 2606 5268 τε
2675 5219 2762 5265 καὶ
2821 5213 3000 5287 ἀερίων
3059 5213 3283 5286 φυλάξας
3345 5214 3667 5285 πνευμάτων,
3742 5217 3853 5270 τοῖς

2252 5308 2337 5361 ἀπ’
2388 5307 2569 5366 αἰῶνός
2606 5322 2690 5355 σοι
2729 5302 3115 5375 εὐαρεστήσασι
3157 5303 3568 5373 συναρίθμησον·
3621 5301 3740 5372 ἄφες
3795 5293 3855 5350 δε

485 5402 556 5464 τῷ
607 5394 712 5465 λαῷ
768 5399 956 5466 τούτῳ,
1013 5399 1265 5459 Δέσποτα,
1323 5396 1422 5448 ὅσα
1474 5397 1607 5448 κατὰ
1658 5397 1869 5466 ἄγνοιαν
1925 5397 1993 5459 εἰς
2046 5400 2134 5470 ἐμὲ
2181 5396 2545 5472 διεπράξαντο,
2601 5397 2690 5444 καὶ
2739 5392 2915 5455 άξίους
2973 5393 3159 5454 αὐτοὺς
3217 5399 3312 5453 τῆς
3369 5389 3696 5462 ἐπιγνώσεως
3757 5405 3853 5440 σου

487 5491 577 5544 τῆς
604 5482 827 5546 ἀληθοῦς
852 5489 1273 5556 παρασκεύασον,
1307 5488 1386 5536 ὅτι
1415 5484 1694 5556 εὐλογητὸς
1727 5486 1775 5537 εἶ
1797 5485 1869 5548 εἰς
1892 5490 2010 5550 τοὺς
2037 5488 2241 5550 αἰῶνας.
