4062 6222
229 278 300 332 l6l
1538 274 1697 330 VITA
1744 273 1803 328 S.
1845 271 2164 328 GEORGII.
3430 276 3534 330 162

278 401 372 454 ΚΖ.
404 398 522 453 Εἶτα
571 403 700 471 μετὰ
746 407 840 458 τὴν
897 406 1059 473 εὐχὴν
1114 401 1180 463 εἰς
1236 405 1360 472 γόνυ
1421 401 1629 464 κλιθεὶς,
1680 405 1768 451 καὶ

1948 398 2150 453 XXVII.
2180 397 2440 470 Denique
2463 402 2598 468 post
2621 413 2820 468 preces
2840 397 3032 453 dictas
3054 398 3222 454 humi
3244 413 3529 471 procum-

222 494 285 541 τὸν
324 489 506 560 αὐχένα
559 485 838 553 διατείνας,
874 495 927 542 τὸ
980 491 1124 562 ξίφος
1171 491 1280 561 ἅμα
1344 496 1433 542 καὶ
1483 494 1538 542 τὸ
1586 494 1768 560 στέφος

221 575 416 650 Edixin,
476 582 535 629 τὸ
584 583 675 650 μὲν
729 578 830 631 ἀπὸ
880 589 976 631 τῶν
1023 583 1309 647 μισούντων
1359 585 1452 637 τὴν
1505 579 1766 642 ἀληθειαν,

220 671 263 718 τὸ
288 663 336 719 δ”ε
364 666 454 718 ἀπὸ
494 676 584 719 τοῦ
627 673 744 729 τοὺς
784 667 1010 730 ἀθλητὰς
1068 677 1439 740 στεφανοῦντος
1497 677 1585 728 τῆς
1630 669 1768 720 εὐσε-

219 756 344 819 ϐείας,
443 762 527 808 καὶ
562 762 657 815 τὴν
691 761 827 829 ἱερὰν
875 758 1032 810 αὑτοῦ
1071 757 1257 828 ψυχὴν
1286 759 1571 831 παρετίθει,
1618 762 1766 828 τρίτῃ

218 843 280 895 ἐπὶ
321 842 476 897 εἰκάδι
517 855 610 898 τοῦ
657 847 922 921 ’Δπριλίου
958 850 1117 919 μηνὸς
1158 849 1392 918 ἄγοντος,
1441 851 1526 899 τὸν
1576 844 1770 918 δρόμον

216 934 403 995 τιὶίσας,
465 940 552 992 τὴν
607 942 786 988 πίστιν
839 941 1093 1010 τηρήσας.
1154 934 1396 1008 ἀριστεὺς
1455 941 1603 996 ὄντως
1662 954 1772 1005 γεν-

215 1030 327 1083 ναῖος
382 1023 666 1094 ἀναφανεὶς.
726 1025 1076 1098 λαμπρότερόν
1129 1044 1182 1076 τε
1241 1028 1378 1076 κατὰ
1429 1033 1518 1085 τῆς
1579 1024 1771 1084 πλάνης

213 1114 234 1168 ἡ
274 1116 389 1164 κατὰ
432 1123 524 1164 τῶν
585 1115 840 1184 πολεμίων
888 1115 1187 1175 ἀναστήσας
1239 1117 1295 1166 τὸ
1340 1120 1583 1186 τρόπαιον
1615 1132 1626 1144 ⁸
1679 1111 1772 1166 διὰ

211 1208 332 1252 ὀῡτο
376 1209 455 1254 καὶ
497 1209 748 1275 στέφανον
793 1205 982 1275 εἴληφε,
1029 1204 1086 1256 οὐ
1141 1205 1365 1277 φθαρτόν
1403 1223 1517 1256 τινα
1563 1209 1651 1256 καὶ
1683 1201 1772 1256 δε-

209 1290 294 1350 Ξιᾱς
374 1293 593 1364 φθαρτῆς

210 1378 448 1451 ἀφθάρτου,
498 1383 555 1441 ἧς
590 1382 654 1434 οὐ
705 1387 1058 1454 στεφανούσης
1113 1387 1288 1452 μόνον,
1338 1381 1466 1434 ἀλλά
1504 1389 1592 1434 καὶ
1630 1403 1768 1454 συμ-

698 1299 1106 1364 προτεινὸμινον,
1193 1292 1299 1343 ἀλλ’
1374 1294 1636 1366 ἄφθαρτον
1720 1293 1772 1356 ἐξ

205 1471 445 1537 gaza-3m;
495 1469 751 1545 ἐπειράθη
810 1476 866 1524 τὸ
925 1479 1192 1545 πρότερον,
1251 1477 1340 1523 καὶ
1405 1481 1504 1524 τῶν
1565 1471 1770 1544 ἀγώνων

205 1556 313 1624 αότῴ
352 1565 819 1633 συνεφαπτομένης.
867 1568 1097 1634 Χριστοῦ
1143 1563 1244 1634 γάρ
1277 1559 1418 1612 ἐστιν
1472 1566 1501 1619 ἠ
1547 1559 1769 1634 δύναμις

206 1649 272 1695 καὶ
319 1647 343 1702 ἡ
382 1643 522 1713 δόξα,
578 1655 679 1701 σὺν
708 1659 782 1720 τῷ
823 1649 1038 1724 ἁνάρχῳ
1091 1653 1253 1722 Πατρὶ
1301 1654 1390 1701 καὶ
1421 1658 1492 1720 τῷ
1534 1651 1772 1725 ζωοποιῷ

212 1736 438 1802 “urinam,
503 1745 595 1788 νῦν
653 1745 745 1792 καὶ
802 1738 903 1804 ἀεὶ,
962 1742 1051 1790 καὶ
1111 1737 1180 1798 εἰς
1243 1742 1363 1799 τοὺς
1414 1739 1606 1803 αἰῶνας
1673 1752 1772 1794 τῶν

216 1821 380 1879 αἰώνων,
419 1824 606 1898 Ἀμήν,

1880 486 2046 552 hens,
2079 486 2231 542 collo
2262 491 2525 552 extenso,
2561 486 2826 555 gladium
2849 491 2903 541 et
2930 502 3216 542 coronam
3244 504 3361 544 una
3382 488 3526 544 reci-

1879 576 1983 647 pit,
2017 576 2182 630 illum
2213 575 2459 647 quidem
2493 592 2527 632 a
2558 576 2815 630 veritatis
2839 575 3134 636 osoribus.
3169 576 3325 630 hanc
3351 577 3428 632 ab
3461 593 3532 633 eo

1879 666 1982 736 qui
2023 665 2255 736 pietatis
2305 665 2556 721 athletas
2603 670 2865 730 coronat,
2902 665 2998 720 cui
3033 663 3211 719 etiam
3265 671 3530 721 sanctam

1881 771 2050 809 suam
2083 755 2345 808 animam
2377 753 2619 809 tradidit
2671 753 2765 808 die
2822 757 2888 809 23
2943 753 3174 823 Aprilis,
3207 758 3532 824 postquam

1880 857 2121 898 cursum
2144 843 2396 908 ﬁnierat,
2417 843 2598 898 ﬁdem
2613 841 3172 898 servaratetnohilis
3193 841 3536 910 antesigna-

1882 947 1994 986 nus
2017 931 2227 998 factus,
2261 931 2542 988 vexillum
2573 937 2779 988 contra
2809 947 3068 987 errorem
3120 930 3318 1002 potius
3348 945 3534 1001 quam

1879 1025 2085 1076 contra
2115 1021 2316 1076 hostes
2347 1027 2698 1094 portaverat.
2738 1021 2896 1076 Hanc
2927 1020 3005 1076 ob
3055 1035 3302 1076 causam
3355 1019 3533 1074 etiam

1881 1125 2168 1165 coronam
2192 1116 2402 1166 nactus
2422 1117 2508 1166 est
2534 1126 2656 1166 non
2678 1109 3164 1174 marcescibilem,
3191 1108 3298 1163 sed
3326 1123 3535 1180 peren-

1881 1213 2040 1262 nem,
2057 1206 2308 1270 etquam
2320 1201 2450 1271 jam
2466 1199 2525 1255 in
2545 1199 2837 1270 prioribus
2855 1198 3284 1254 certaminibus
3305 1197 3531 1253 sociam

1881 1303 1950 1342 ac
1971 1289 2466 1358 popugnatricem
2489 1288 2608 1343 hab
2619 1291 2801 1343 uerat.
2827 1286 3060 1342 Christo
3083 1287 3244 1341 enim
3269 1291 3532 1357 potestas

1880 1380 1937 1431 et
1962 1376 2151 1446 gloria
2190 1393 2327 1432 cum
2369 1381 2532 1433 Patre
2573 1377 2860 1448 principio
2904 1382 3140 1432 carente
3204 1382 3258 1431 et
3320 1374 3534 1446 Spiritu

1882 1464 2113 1520 viviﬁco
2141 1481 2299 1521 nunc
2329 1471 2385 1522 et
2413 1481 2668 1538 semper,
2702 1471 2760 1523 et
2790 1466 2848 1522 in
2881 1465 3103 1522 saecula
3152 1464 3532 1521 saeculorum.

1881 1558 2090 1609 Amen.
