4062 6222
501 311 596 364 163
1873 311 1918 363 Μ
1933 309 2105 364 ENSIF

2246 311 2470 367 ’ΒΜξά
3747 315 3850 370 164

1115 534 1749 624 ΜΑΡΤΥΡΙΟΝ
1808 533 2023 620 ΤΟΥ
2078 534 2416 622 ΑΓΙΟΥ
2487 537 2719 626 AUC

1593 537 1749 621 ΟΝ
1808 533 2023 620 ΤΟΥ
2078 534 2416 622 ΑΓΙΟΥ
2487 535 3197 626 ΑΠΟΣΤΟΛΟΥ

1853 717 1964 766 ΚΑΙ
2007 718 2128 766 ΕΥΑ
2137 717 2501 766 ΓΓΕΛΙΣΤΟΥ

1217 878 1830 996 ΜΑΡΚΟΥ
1904 865 3077 994 ΑΛΕΞΑΝΔΡΕΙΑΣ

1776 1298 2563 1394 MARTYBIUM

916 1530 1595 1676 SANCTI
1728 1525 2319 1671 MABCI
2442 1525 3410 1674 APOSTOLI

1859 1813 1940 1866 ET
1972 1809 2462 1866 EVANEGLISTIE

475 1967 679 2028 (Latine
692 1966 834 2029 apud
861 1965 1075 2015 Surium
1098 1965 1164 2014 ad
1187 1965 1327 2015 diem
1344 1966 1402 2012 25
1430 1963 1638 2028 Aprilis.
1660 1961 1834 2012 Graeca
1856 1975 1997 2010 nunc
2019 1962 2255 2024 primum
2270 1960 2612 2024 prodeuntex
2632 1961 2751 2012 cod.
2775 1962 2900 2026 Reg.
2926 1963 3087 2013 Paris.
3111 1964 3220 2021 881,
3246 1978 3362 2014 saec.
3385 1977 3460 2016 ιι.
3480 1965 3623 2015 Εωτ.
3662 1964 3844 2026 Pun.)

553 2268 595 2322 Ι.
627 2269 914 2338 Tempore
934 2265 1052 2331 illo,
1074 2281 1208 2321 cum
1235 2264 1489 2337 apostoli
1515 2279 1620 2336 per
1649 2278 1893 2321 omnem
1920 2261 2129 2317 orbem

2316 2259 2388 2315 A'.
2425 2261 2548 2314 Κατ’
2578 2261 2764 2316 ἐκεῖνον
2806 2266 2892 2316 τὸν
2931 2267 3111 2338 καιρὸν
3156 2273 3255 2317 τῶν
3309 2264 3609 2319 ἀποστόλων
3657 2263 3691 2320 δ
3697 2287 3834 2339 ιαμε-

482 2360 773 2412 terrarum
813 2355 1066 2427 dispersi
1093 2359 1313 2420 essent,
1338 2354 1542 2409 divina
1569 2352 1873 2409 voluntate
1905 2351 2086 2407 factu:

2238 2351 2516 2423 ρισθέντων
2569 2353 2702 2403 κατὰ
2770 2357 2864 2410 τὴν
2922 2359 3094 2406 πᾶσαν
3151 2353 3473 2426 οἰκουμένην,
3542 2355 3699 2427 ἔλαχε
3749 2361 3840 2409 τὸν

479 2450 588 2510 est,
622 2449 685 2499 ut
711 2445 800 2498 vir
838 2443 1252 2499 sanctissimus
1279 2445 1504 2497 Marcus
1544 2441 1604 2496 in
1657 2439 1891 2511 lEgypti
1945 2437 2083 2508 regii

2240 2438 2528 2510 ἀγιωτατον
2559 2442 2770 2513 Μάρκον
2819 2440 2866 2492 ἐν
2897 2450 2957 2514 τῇ
3015 2444 3130 2494 κατ’
3165 2447 3425 2514 Αἴγυπτον
3479 2450 3633 2518 χώρᾳ
3681 2443 3842 2498 ἐλθεῖν

475 2547 614 2588 nem
633 2533 839 2588 adiret.
860 2532 1296 2602 Evangelistam
1315 2531 1477 2586 hunc
1497 2545 1646 2594 esse,
1680 2527 1872 2583 sancti
1892 2530 2079 2597 aposti

2240 2535 2372 2580 Θεοῦ
2407 2527 2675 2601 βουλήσει,
2726 2532 2835 2582 ὅθεν
2881 2535 2966 2583 καὶ
3000 2531 3366 2603 εῦαγγελιστήν
3423 2535 3582 2585 αὑτὸν
3633 2533 3844 2586 ἐθέσπι-

477 2620 599 2676 licae
632 2621 904 2676 Ecclesiae
935 2637 1198 2676 canones
1228 2620 1680 2682 constituerunt,
1714 2633 1784 2672 eo
1814 2615 1980 2688 quod
2011 2631 2080 2686 pr

2240 2636 2334 2668 σαν
2386 2620 2434 2669 οἱ
2485 2621 2736 2690 μακάριοι
2781 2626 2979 2680 κανόνες
3027 2628 3121 2682 τῆς
3161 2620 3315 2692 ἀγίας
3363 2627 3452 2674 καὶ
3492 2621 3843 2685 ἀποστολικῆς

479 2726 616 2765 mus
636 2712 766 2782 ipse
784 2710 840 2764 in
858 2714 980 2766 tota
997 2709 1234 2782 IEgypti
1248 2709 1512 2779 regione,
1533 2706 1734 2778 Libya,
1757 2705 2083 2761 Marmarie:

2239 2704 2566 2772 Ἐκκλησίας,
2616 2705 2710 2761 διὰ
2736 2712 2794 2761 τὸ
2828 2718 3030 2783 πρῶτον
3074 2709 3228 2761 αὐτὸν
3259 2709 3306 2761 ἐν
3351 2709 3438 2783 ὅλη
3482 2717 3542 2782 τῇ
3594 2711 3841 2784 Αἰγύπτῳ

477 2799 832 2854 Ammonica
858 2804 912 2854 et
941 2797 1267 2870 Pentapoli,
1296 2797 1508 2854 Christi
1539 2794 1920 2865 Evangelium
1960 2809 2081 2866 quo

2235 2804 2409 2872 χώρᾳ,
2483 2797 2649 2870 Λιϐύη
2707 2818 2762 2851 τε
2822 2803 2910 2850 καὶ
2963 2805 3308 2872 Μαρμαρικῇ,
3358 2799 3692 2872 Ἀμμανιακῇ
3748 2807 3839 2855 καὶ

481 2888 818 2959 scripserat,
862 2893 918 2943 et
954 2887 1082 2958 eius
1121 2887 1197 2942 ad
1237 2902 1348 2942 nos
1389 2886 1710 2941 adventum
1763 2882 2085 2955 przedicavi‘

2239 2887 2566 2956 Πενταπόλει,
2620 2886 2842 2959 κηρύξαι
2890 2890 2946 2938 τὸ
2997 2887 3304 2957 Εύαγγελιον
3359 2897 3456 2950 τῆς
3507 2896 3597 2940 τοῦ
3645 2894 3841 2962 Κυρίου

481 2979 616 3032 Erat
640 2978 798 3032 enim
828 2982 951 3032 tota
977 2975 1077 3032 illa
1098 2977 1260 3045 regio
1313 2974 1660 3030 hominibus
1727 2973 1938 3028 referta
1973 2989 1985 3026 :
2019 2988 2085 3043 (Ῑι

2237 2983 2322 3028 καὶ
2366 2985 2600 3048 Σωτῆρος
2654 2979 2799 3048 ἡμῶν
2853 2976 3027 3034 Ἰησοῦ
3100 2984 3329 3049 Χριστοῦ
3381 2974 3681 3050 ἐπιδημίας.
3741 2978 3841 3033 Ἦν

478 3080 615 3120 cum
648 3069 846 3119 essent
867 3064 1044 3120 corde
1070 3063 1483 3119 incircumciso
1507 3068 1560 3118 et
1580 3063 1926 3124 durissimo,
1949 3060 2082 3116 idoli

2232 3069 2333 3140 γὰρ
2383 3072 2530 3118 πᾶσα
2560 3067 2587 3123 ἠ
2635 3073 2701 3136 γῆ
2753 3066 2884 3122 αὕτη
2919 3068 3261 3138 ἀπερίτμητοι
3288 3073 3356 3138 ’τῇ
3399 3064 3597 3138 καρδίᾳ
3635 3073 3721 3120 καὶ
3763 3069 3832 3120 εί-

478 3152 831 3218 serviebant,
860 3152 1015 3223 pleni
1049 3153 1214 3208 omni
1252 3153 1611 3223 impuritate,
1659 3157 1713 3206 et
1747 3152 2082 3222 impurorur

2236 3152 2580 3231 δωλολάτραι,
2641 3160 2825 3225 μεστοὶ
2873 3157 3047 3216 πάσης
3103 3155 3431 3228 ἀκαθαρσίας
3459 3161 3547 3208 καὶ
3602 3160 3839 3229 πνευμά-

477 3243 789 3315 spirituum
823 3242 1099 3298 cultores.
1129 3243 1232 3297 Per
1260 3257 1471 3297 omnes
1503 3241 1664 3296 enim
1698 3240 1874 3295 urbes
1895 3256 1963 3295 ac
1990 3254 2081 3310 prc

2233 3263 2331 3296 των
2381 3243 2686 3316 ἀκαθάρτων
2733 3241 2985 3295 σεϐασταί
3038 3260 3049 3271 ·
3103 3245 3238 3294 κατά
3283 3251 3456 3296 πᾶσαν
3494 3247 3595 3318 γὰρ
3645 3245 3835 3314 οἰκίαν,

475 3331 723 3397 vincias,
765 3330 992 3400 templa
1029 3336 1083 3387 et
1138 3331 1300 3385 lucos
1347 3329 1811 3385 constituebant.
1850 3327 2079 3384 Siderum

2237 3339 2321 3386 καὶ
2350 3329 2606 3405 ἄμφοδον,
2637 3337 2727 3384 καὶ
2775 3332 3058 3404 ἐπαρχίας,
3113 3337 3310 3394 σηκούς
3347 3337 3436 3385 καὶ
3479 3337 3657 3405 τεμένη
3705 3355 3841 3389 κατ-

477 3421 652 3475 etiam
672 3426 883 3475 eventa
895 3426 952 3476 et
971 3420 1222 3490 magicas
1244 3421 1423 3484 artes,
1438 3418 1754 3489 omnisque
1775 3417 2081 3472 daamonur

2238 3422 2570 3482 εσκευάζοντο
2631 3439 2642 3449 ·
2703 3419 3095 3492 ἀποτελέσματα
3150 3440 3222 3489 τε,
3277 3426 3366 3473 καὶ
3429 3429 3686 3492 γοητεῖαι,
3744 3428 3842 3477 καὶ

476 3507 721 3564 facultas
779 3509 943 3582 apud
999 3525 1100 3564 eos
1155 3508 1561 3572 exercebatur,
1593 3524 1779 3580 quam
1831 3507 2080 3562 Dominu

2234 3519 2376 3564 πᾶσα
2435 3507 2657 3582 δύναμις
2715 3509 3112 3582 ἐγρηγορητικὴ.
3170 3509 3369 3561 Μᾶλλον
3438 3508 3495 3563 δὲ
3552 3508 3838 3584 δαιμονικὴ

475 3598 663 3663 Jesus,
697 3613 833 3652 cum
861 3598 920 3652 in
951 3612 1086 3653 eam
1107 3596 1413 3666 regionem
1437 3597 1657 3659 ivisset,
1682 3595 2079 3652 dissolvendai

2239 3598 2292 3659 ἦν
2337 3600 2384 3651 ἐν
2424 3600 2616 3664 αὐτοῖς,
2656 3602 2715 3658 ἦν
2761 3596 3094 3670 ἐπιδημήσας
3133 3601 3157 3650 ὁ
3203 3602 3387 3672 Κύριος
3424 3601 3569 3672 ἡμῶν
3624 3600 3843 3664 Ἰησοῦς

473 3691 651 3758 atque
682 3688 1062 3742 evertendam
1094 3685 1590 3758 praemonstravit.

1557 3691 1590 3740 ι.
2233 3692 2462 3763 Χριστὸς
2491 3687 2741 3740 κατέλυσε
2765 3693 2852 3739 καὶ
2885 3686 3161 3740 ἀπώλεσεν.

546 3775 612 3829 ll.
642 3778 788 3831 Cum
842 3775 1024 3845 igitur
1071 3775 1308 3831 divinus
1360 3775 1720 3846 evangelista
1775 3775 2006 3830 Marcus
2063 3775 2120 3829 in

2306 3780 2373 3831 B'.
2436 3785 2539 3831 Τοῦ
2603 3773 2691 3829 οὖν
2752 3778 3028 3829 θεσπεσίου
3077 3775 3444 3847 εὐαγγελιστοῦ
3503 3779 3713 3850 Μάρκου
3785 3782 3839 3832 ἓν

472 3865 741 3937 Cyrenen
799 3866 1005 3921 urbem
1074 3865 1416 3938 Pentapolis
1475 3867 1751 3930 venisset,
1781 3871 1836 3920 et
1889 3864 2076 3920 coalesi

2235 3874 2440 3940 Κυρήνη
2490 3875 2585 3929 τῆς
2635 3865 2992 3925 Πενταπὸλεως
3042 3871 3483 3935 καταντήσαντος,
3535 3872 3624 3918 καὶ
3669 3867 3839 3925 λαλή-

473 3955 680 4010 Christi
711 3970 960 4024 regnum
993 3955 1394 4027 praedicasset,
1426 3955 1664 4026 etapud
1707 3970 1807 4009 eos
1835 3954 2077 4009 miracul

2241 3976 2420 4018 σαντος
2451 3956 2609 4008 αὑτοῦ
2635 3959 2720 4006 τὸν
2768 3963 2858 4014 τῆς
2903 3953 3076 4028 ἀρχῆς
3106 3962 3198 4006 τοῦ
3255 3961 3486 4028 Χριστοῦ
3526 3955 3691 4025 λόγον,
3741 3963 3835 4010 καὶ

472 4043 734 4112 ingentia
773 4043 1002 4098 fecisset
1042 4045 1320 4113 (mgrotos
1359 4045 1518 4097 enim
1559 4044 1806 4106 curavit,
1849 4043 2076 4114 leproso

2231 4052 2540 4106 ποιήσαντος
2589 4044 2658 4105 εἰς
2706 4044 2889 4103 αύτούς
2933 4046 2998 4095 τὰ
3036 4039 3312 4115 παράδοξα
3358 4045 3598 4116 θαύματα
3646 4043 3833 4114 (ἀσθε-

472 4130 736 4185 mundos
767 4130 1042 4197 reddidit,
1075 4147 1142 4184 ac
1173 4130 1386 4185 divinae
1412 4132 1615 4202 gratiae
1640 4131 1821 4186 verbo
1852 4131 2076 4203 impurc

2230 4143 2438 4195 νοῦντας
2491 4134 2818 4206 ἐθεράπευσε,
2881 4131 3098 4197 λεπροὺς
3160 4132 3438 4205 ἐκαθάρισε
3510 4137 3599 4184 καὶ
3678 4138 3833 4186 πνεύ-

472 4223 528 4273 et
547 4217 771 4273 feroces
791 4218 1032 4288 spiritus
1049 4219 1261 4288 ejecit),
1280 4219 1444 4274 multi
1465 4235 1716 4290 pereum
1743 4219 2076 4275 credideru:

2230 4244 2366 4297 ματα
2415 4222 2622 4295 χαλεπά
2673 4220 2872 4284 ἐξέϐαλε
2925 4230 2995 4291 τῷ
3043 4221 3177 4290 λόγῳ
3233 4229 3323 4283 τῆς
3381 4223 3646 4295 χάριτος),
3697 4223 3834 4274 πολ-

472 4306 530 4360 in
557 4305 872 4361 Dominum
894 4308 1091 4361 Jesum
1109 4306 1497 4375 Christum,et
1517 4309 1798 4371 fecerunt.
1821 4313 1884 4363 ut
1911 4325 2076 4364 eorui

2230 4319 2305 4365 ).οἱ
2357 4314 2725 4372 πιστεύσαντες
2797 4306 2868 4361 δι’
2940 4310 3097 4360 αὐτοῦ
3159 4310 3225 4369 εἰς
3287 4314 3372 4361 τόν
3441 4314 3628 4383 Κύριον
3684 4313 3834 4383 ἡμῶν

475 4391 797 4448 simulacra
813 4394 870 4448 in
887 4399 1102 4450 terram
1123 4395 1215 4466 dej
1227 4395 1519 4451 icerentur
1535 4413 1546 4452 :
1563 4396 1666 4468 qui
1685 4400 1740 4451 et
1756 4395 2079 4466 baptismat

2228 4403 2433 4461 Ἰησοῦν
2472 4403 2720 4474 Χριστὸν,
2776 4401 3024 4455 ἐποίησαν
3077 4403 3138 4450 τὰ
3183 4394 3370 4449 εἴδωλα
3414 4400 3580 4450 αὐτῶν
3629 4420 3831 4471 χαμαι-

470 4478 783 4537 illuminati
827 4491 965 4539 sunt
996 4485 1054 4538 in
1087 4484 1331 4539 nomine
1370 4486 1581 4554 Patris,
1611 4490 1667 4541 et
1703 4485 1843 4553 Filii,
1877 4491 1931 4540 et
1983 4486 2074 4556 Spi

2230 4501 2370 4565 ριφῆ,
2435 4490 2798 4562 ἐφωτίσθησάν
2853 4507 2905 4538 τε
2959 4485 3328 4558 βαπτισθέντες
3382 4488 3454 4548 εἰς
3512 4493 3568 4540 τὸ
3645 4493 3834 4562 ὄνομα-

472 4569 617 4625 ritus
651 4573 862 4640 sancti,
898 4579 1102 4627 Amen.
1137 4573 1256 4628 lllic
1283 4575 1458 4644 igitur
1488 4591 1590 4646 per
1628 4580 1902 4630 sanctum
1945 4576 2075 4646 Spir

2226 4589 2315 4633 τοῦ
2377 4583 2597 4653 Πατρός,
2659 4586 2743 4629 τοῦ
2798 4579 2940 4639 Υὶοῦ,
3011 4581 3097 4627 καὶ
3151 4584 3241 4627 τοῦ
3302 4575 3451 4647 ἁγίου
3509 4581 3829 4649 Πνεύματος.

471 4664 596 4713 tum
621 4659 672 4715 ei
693 4660 1014 4717 revelatum
1037 4661 1162 4727 fuit,
1190 4668 1252 4717 ut
1277 4663 1355 4719 ad
1378 4663 1670 4719 Pharitem
1701 4663 2072 4720 Alexandria:

2227 4670 2361 4722 Ἐκεῖ
2400 4665 2486 4720 οὖν
2537 4667 2871 4738 ἀπεκαλύφθη
2929 4665 3069 4733 αὐτῷ
3125 4662 3217 4715 διὰ
3255 4674 3344 4717 τοῦ
3391 4665 3544 4736 ἁγίου
3594 4671 3830 4740 Πνεῦμα-

471 4748 675 4814 abiret,
707 4752 762 4804 et
809 4750 1034 4805 bonam
1090 4753 1187 4805 Dei
1243 4757 1568 4808 sementem
1626 4753 1742 4808 illic
1787 4768 2075 4824 spargere

2227 4778 2312 4819 τος
2364 4758 2434 4820 εις
2491 4761 2582 4814 τὴν
2636 4759 2860 4827 Φαρίτην
2939 4749 3326 4826 Ἀλεξάνδρειαν
3399 4753 3695 4807 ἀναπελθεῖν
3738 4762 3831 4809 καὶ

471 4836 674 4907 Itaque
705 4835 907 4892 beatus
939 4839 1302 4910 evangelista
1323 4843 1546 4896 Marcus
1567 4841 1645 4896 ad
1672 4841 1957 4908 stadium,
1990 4847 2075 4898 ta:

2229 4851 2284 4899 τὸ
2323 4846 2475 4897 καλὸν
2527 4849 2732 4916 σπέρμα
2775 4851 2864 4894 τοῦ
2911 4849 3043 4894 Θεοῦ
3075 4850 3442 4914 κατασπεῖραι.
3489 4842 3546 4895 Ὀ
3577 4847 3833 4918 μακάριος

471 4941 656 4997 quam
687 4941 1010 4996 generosus
1039 4934 1094 4984 et
1124 4928 1290 4984 fortis
1329 4930 1567 4994 athleta,
1610 4938 1892 5002 prompto
1913 4932 2075 4986 anim

2229 4934 2597 5005 εύαγγελιστὴς
2658 4934 2885 5004 Μάρκος,
2931 4934 2996 4991 ὡς
3053 4938 3278 5001 γενναῖος
3332 4930 3576 4997 ἀθλητὴς,
3638 4931 3718 4985 ἐπὶ
3773 4937 3833 4986 τὸ

471 5015 874 5083 gradiebatur.
907 5019 1172 5089 Cumque
1196 5019 1403 5074 fratres
1436 5019 1596 5090 ipsos
1639 5018 1973 5086 salutasset,
2011 5020 2075 5076 Β(

2232 5028 2448 5095 σκάμμα
2503 5025 2782 5096 προθύμως
2853 5017 3064 5081 ἐϐάδιζε
3130 5025 3217 5071 καὶ
3286 5019 3654 5092 ἀσπασάμενος
3714 5027 3833 5084 τοὺς

471 5106 691 5168 minus,
711 5105 917 5176 inquit,
933 5123 1101 5162 meus
1119 5108 1259 5162 mihi
1275 5108 1432 5177 dixit,
1457 5115 1517 5162 ut
1547 5109 1623 5163 ad
1643 5108 1852 5164 urbem
1872 5109 2075 5165 Alexar

2230 5110 2477 5184 ἀδελφοὺς
2541 5107 2693 5162 εἶπεν.
2751 5109 2808 5160 Ὀ
2879 5112 3066 5180 Κύριος
3124 5128 3223 5179 μου
3298 5108 3514 5167 ἐλάλησε
3570 5116 3698 5182 πρὸς
3743 5131 3829 5180 με,

472 5194 665 5250 driam
707 5195 1070 5266 proﬁciscar.
1103 5199 1328 5254 Fratres
1384 5203 1582 5253 autem
1632 5216 1895 5272 eousque
1951 5200 2076 5255 illu:

2230 5205 2363 5263 ὅπως
2417 5201 2650 5274 πορευθῶ
2717 5198 2786 5258 εἰς
2850 5203 2943 5255 τὴν
2997 5194 3373 5271 Ἀλεξανδρέων
3430 5199 3594 5252 πόλιν.
3654 5201 3720 5251 Oi
3775 5197 3834 5254 δε

471 5282 868 5348 deduxerunt,
885 5286 1086 5358 quoad
1103 5287 1162 5342 in
1184 5288 1488 5357 navigium
1505 5287 1806 5358 ingressus
1823 5297 1927 5344 est.
1947 5291 2075 5345 Cun

2230 5288 2440 5363 ἀδελφοὶ
2491 5292 2853 5361 προσέπεμπον
2899 5286 3050 5338 αὐτὸν
3101 5287 3187 5346 ἕως
3225 5294 3316 5338 τοῦ
3369 5287 3612 5340 εἰσελθεῖν
3673 5289 3831 5341 αὑτὸν

471 5385 588 5440 que
613 5373 787 5442 panis
825 5373 1156 5431 buccellam
1210 5376 1648 5445 degustassent,
1680 5377 1831 5432 bene
1880 5377 1958 5432 illi
1992 5395 2075 5450 pri

2230 5385 2298 5442 εις
2356 5382 2413 5430 τὸ
2457 5376 2632 5429 πλοῖον
2679 5394 2690 5404 ο
2739 5381 2827 5426 καὶ
2878 5377 3186 5446 γευσάμενοι
3239 5374 3421 5446 ψωμὸν
3483 5375 3640 5427 αὐτοῦ
3689 5396 3833 5448 προσ

470 5464 966 5534 cantes,eumque
980 5464 1360 5530 deducentes,
1399 5466 1481 5522 sic
1503 5465 1800 5522 dicebant:
1830 5468 2074 5523 Dominu

2229 5474 2449 5540 ἔπεμπον
2493 5467 2646 5518 αὐτὸν
2693 5465 2916 5535 λέγοντες
2965 5482 2976 5494 ·
3019 5463 3075 5515 Ὀ
3128 5466 3310 5534 Κύριος
3349 5465 3560 5526 Ἰησοῦς
3599 5470 3833 5538 Χριστὸς

467 5549 635 5603 Jesus
661 5546 923 5604 Christus
953 5565 1312 5624 prosperum
1342 5553 1518 5611 faciat
1546 5555 1654 5611 iter
1685 5559 1879 5612 tuum.

1304 5574 1312 5609 ι
1342 5553 1518 5611 faciat
1546 5555 1654 5611 iter
1685 5559 1879 5612 tuum.
2233 5553 2489 5610 εύοδώσοι
2518 5559 2611 5614 τὴν
2643 5550 2765 5606 ὁδον
2794 5572 2908 5606 σου.
