4084 6216
228 288 302 339 ,6,
1570 264 1735 322 VlTA
1776 262 1838 321 s.

277 406 331 458 Γ.
380 404 430 455 Ὀ
473 400 529 455 δε
572 403 815 473 μακάριος
861 401 1069 472 Μάρκος
1109 406 1170 470 τῇ
1223 393 1441 469 δευτέρᾳ
1489 393 1657 465 ἡμέρᾳ
1701 390 1768 450 εἰς
1798 389 1845 443 Α

221 501 292 553 τὴν
329 488 695 565 Ἀλεξάνδρειαν
732 493 1037 565 παρεγένετο
1085 492 1175 539 καὶ
1217 493 1309 538 τοῦ
1353 483 1532 536 πλοίου
1574 478 1769 539 ἀποϐὰς

221 584 338 641 ἦλθεν
407 582 469 641 εἰς
539 600 649 632 τινα
695 584 853 631 τόπον
905 577 1216 649 καλούμενον
1282 569 1524 627 Μίνδιον.
1600 568 1769 623 Δῦτοῦ

219 679 289 729 τὴν
320 671 469 729 πύλην
506 668 807 729 εἰσελθόντος
846 674 937 728 τῆς
974 666 1186 734 πόλεως,
1228 663 1377 723 εὐθὺς
1415 664 1474 713 τό
1517 656 1771 729 ὑπόδημα

220 761 348 812 αὐτοῦ
411 756 673 833 διεῤῥάγη.
729 758 792 809 ’0
849 752 907 810 δε
958 757 1216 828 μακάριος
1271 750 1559 851 ἁπόστολρς
1591 750 1771 851 Αγνοιλς

220 854 310 921 ἔφη·
351 847 536 908 Ὀντως
574 848 601 905 ἡ
641 842 767 907 ὁδός
806 845 1031 907 εῦλυτος.
1074 844 1435 916 Παλαιοράφον
1480 837 1541 892 δε
1587 838 1773 890 θεασά-

222 956 334 1005 μενος
386 933 627 989 ἐπέδωκεν
691 935 832 1005 αὐτῷ
892 938 951 987 τό
1008 930 1280 1005 ὑπόδημα·
1342 934 1399 982 τὸ
1470 930 1631 1004 ῥάφυς
1699 932 1771 995 τῷ

218 994 384 1097 litoris»
428 1024 632 1087 ἕπληξεν
683 1026 843 1076 αὑτοῦ
884 1028 978 1082 τὴν
1018 1022 1295 1097 ἀριστερὰν
1341 1026 1500 1092 χεῖρα
1543 1020 1633 1068 καί
1680 1033 1773 1086 φη-

221 1130 301 1168 σιν’
352 1115 431 1176 Εἰς
481 1120 629 1174 Θεὸς.
692 1112 751 1165 Ὀ
808 1108 868 1165 δε
936 1113 1195 1185 μακάριος
1248 1112 1459 1182 Μάρκος
1510 1106 1762 1165 ἀκούσας.

219 1203 285 1266 Εἰς
330 1206 460 1270 Θεὸς,
516 1205 609 1274 ἔφη
662 1201 711 1254 ἕν
760 1202 925 1273 ἑαυτῷ
973 1201 1219 1273 γελάσας.
1271 1194 1530 1253 Εῦώδωσε
1584 1198 1774 1268 Κύριος

214 1298 287 1351 τὴν
319 1290 428 1344 όδόν
465 1311 584 1364 μου.
630 1298 733 1345 Καὶ
759 1294 959 1351 πτύσας
998 1294 1189 1363 χαμαὶ,
1235 1290 1478 1346 ἐποίησεν
1516 1285 1678 1343 πηλόν
1718 1283 1773 1336 ἐκ

212 1389 284 1434 τοῦ
323 1384 616 1454 πτύσματος
665 1387 757 1435 καὶ
809 1380 1059 1453 ἰπέχρισε
1103 1386 1196 1438 τὴν
1249 1386 1410 1453 χεῖρα
1450 1383 1542 1429 τοῦ
1587 1371 1774 1448 ἀνδρὸς

210 1470 352 1541 λέγων·
403 1472 480 1523 Ἐν
537 1478 612 1541 τῷ
673 1470 889 1542 ὀνόματι
945 1470 1127 1527 Ἰησοῦ
1184 1475 1440 1541 Χριστοῦ,
1499 1474 1592 1518 τοῦ
1649 1466 1773 1516 Υἰοῦ

211 1566 281 1611 τοῦ
326 1567 444 1612 Θεοῦ
488 1567 579 1612 τοῦ
634 1560 820 1621 ζῶντος
874 1560 939 1620 εἰς
1000 1561 1119 1621 τοῦς
1176 1558 1382 1623 αἰῶνας,
1435 1557 1551 1607 ἴσθι
1601 1555 1770 1623 ὑγιής.

215 1654 290 1699 Καὶ
333 1648 494 1707 εὐθέως
542 1648 667 1705 ἰάθη
718 1650 747 1706 ἡ
804 1652 926 1722 χεὶρ
968 1656 1059 1700 τοῦ
1099 1643 1308 1721 ἀνδρός.
1355 1644 1414 1697 Ὀ
1459 1640 1517 1695 δὲ
1564 1641 1776 1694 παλαιο-

1884 264 2127 322 MARCI.
3426 290 3528 345 166

1950 390 2041 445 111.
2075 393 2284 449 Beatus
2311 412 2450 453 vero
2488 403 2711 458 Marcus
2766 406 3050 476 postridie
3108 412 3528 471 Alexandriam

1876 480 2037 536 venit
2062 481 2160 553 (1).
2191 486 2460 558 Cumque
2483 489 2884 551 descendisset
2907 512 2938 551 e
2968 499 3130 568 navi,
3159 502 3303 559 adiit
3329 504 3530 564 locum

1877 570 2227 640 quemdam,
2255 574 2359 646 qui
2402 579 2731 637 vocabatur
2785 585 3073 642 Mendion.
3126 591 3274 647 Cum
3331 600 3531 652 autem

1879 657 2007 728 ejus
2056 661 2220 717 urbis
2250 671 2484 736 portam
2539 670 2839 742 ingressus
2891 682 3067 742 esset,
3117 681 3312 737 statim
3341 682 3530 755 ipsius

1880 748 2351 810 calceamentum
2378 756 2727 817 dissolutum
2760 762 2889 820 fuit.
2926 767 3088 832 Quod
3118 767 3331 826 beatus
3366 748 3530 844 ὀρο-

1881 838 2059 893 stolus
2086 839 2416 913 intelligens
2450 848 2653 915 :Vere,
2678 850 2890 925 inquit,
2939 856 3037 913 via
3065 858 3193 914 haec
3254 838 3535 933 expedita

1881 931 1938 982 et
1965 927 2151 984 facilis
2206 942 2311 988 est.
2368 935 2623 1010 Visoque
2672 947 2935 998 veterum
2988 927 3533 1007 calceamentorum

1883 1023 2099 1087 sutore,
2131 1020 2602 1083 calceamentum
2633 1029 3022 1090 reﬁciendum
3053 1036 3105 1091 ei
3134 1038 3399 1096 tradidit.
3432 1039 3534 1098 llle

1886 1123 2023 1164 vero
2061 1108 2601 1172 calceamentorum
2627 1123 2790 1175 sutor
2825 1122 3037 1179 subula
3067 1124 3368 1185 sinistram
3410 1146 3535 1189 ma-

1883 1211 2023 1252 num
2056 1214 2228 1254 suam
2256 1203 2562 1272 percussit,
2601 1212 2658 1263 et
2681 1210 2966 1267 continuo
2996 1212 3276 1273 clamavit
3310 1232 3324 1271 :
3373 1220 3535 1275 Unus

1887 1288 2036 1342 Deus
2062 1293 2167 1344 est.
2198 1289 2261 1344 Id
2290 1307 2428 1347 cum
2452 1292 2658 1351 beatus
2689 1299 2917 1355 Marcus
2941 1302 3282 1376 audivisset,
3328 1324 3534 1365 secum

1882 1376 2150 1444 cogitans
2180 1393 2252 1434 ac
2271 1379 2474 1437 ridens
2496 1383 2676 1441 dixit:
2704 1389 3056 1460 Prosperum
3074 1391 3205 1449 fecit
3245 1396 3535 1454 Dominus

1883 1462 1993 1519 iter
2016 1482 2238 1522 meum.
2270 1470 2539 1543 Cumque
2568 1474 2627 1528 in
2656 1475 2903 1532 humum
2935 1479 3289 1555 despuisset,
3312 1486 3537 1559 exipso

1883 1558 2060 1625 sputo
2091 1555 2285 1613 lutum
2316 1560 2584 1626 confecit,
2606 1569 2662 1618 et
2686 1566 2814 1634 ejus
2843 1567 2947 1622 viri
2975 1585 3223 1627 manum
3258 1555 3488 1630 illinens
3516 1595 3530 1633 :

1888 1642 1948 1697 In
1982 1644 2243 1712 nomine,
2274 1646 2484 1720 inquit,
2515 1652 2656 1707 Jesu
2688 1654 2902 1711 Christi
2931 1658 3180 1715 viventis
3210 1662 3268 1716 in
3292 1663 3532 1731 saecula,

214 1739 339 1810 ράρος
390 1740 673 1811 ἱστορήσας
729 1741 821 1795 τὴν
876 1732 1101 1809 δύναμιν
1156 1743 1247 1788 τοῦ
1293 1731 1501 1807 ἀνδρὸς,
1544 1736 1634 1783 καὶ
1688 1732 1775 1786 τὴν

1898 1738 2011 1787 asto
2042 1748 2226 1789 sanus
2261 1756 2273 1800 ;
2307 1752 2376 1791 ac
2400 1738 2600 1795 statim
2631 1741 2761 1812 ejus
2793 1743 2898 1799 viri
2930 1762 3146 1804 manus
3176 1756 3390 1808 sanata
3427 1759 3533 1811 est.

218 1822 419 1894 ὶνέργειαν
453 1833 544 1877 τοῦ
584 1825 746 1896 λόγου
786 1825 969 1891 αὐτοῦ,
1007 1830 1098 1878 καὶ
1132 1828 1189 1877 τό
1231 1824 1516 1881 ἀσκητικὸν
1562 1828 1774 1892 σχῆμα.

227 1910 325 1965 εἶπεν
363 1914 513 1984 αὐτῷ’
568 1919 763 1986 Δέομαί
817 1934 933 1978 σου,
986 1913 1223 1987 ἄνθρωπε
1270 1923 1361 1966 τοῦ
1411 1918 1563 1976 Θεοῦ,
1622 1906 1777 1982 δεῦρο

232 2003 465 2055 κεταλυσον
519 2009 752 2077 σήμερον
811 2004 877 2065 εἰς
927 2006 1014 2055 τόν
1074 2004 1213 2056 οἷκον
1269 2010 1360 2055 τοῦ
1410 1997 1605 2061 παιδός
1662 2016 1777 2062 σου,

227 2098 292 2142 καὶ
343 2095 620 2165 φαγώμεθα
676 2094 808 2165 ὁμοῦ
878 2092 1063 2165 ψωμόν
1127 2091 1308 2166 ἄρτου,
1384 2096 1468 2144 ὅτε
1535 2089 1783 2151 ὶποίησας

222 2179 322 2242 illo;
367 2182 465 2252 μετ’
520 2183 654 2255 ἐμοῦ
717 2186 961 2256 σήμερον.
1029 2181 1088 2234 Ὀ
1142 2180 1201 2235 δὲ
1255 2183 1510 2254 μακάριος
1570 2182 1783 2251 Μάρκος

220 2276 462 2344 περιχαρὴς
508 2275 787 2343 γενόμενος
830 2274 944 2343 ἔφη’
998 2270 1057 2323 Ὁ
1105 2275 1290 2343 Κύριος
1334 2268 1445 2342 δῴη
1499 2288 1584 2321 σοι
1626 2270 1782 2342 ἄρτον

220 2356 329 2418 ζωῆς
372 2358 699 2432 ἐπουρανίου.
752 2359 811 2412 Ὀ
870 2356 929 2413 δε
980 2361 1243 2433 ἄνθρωπος
1294 2359 1652 2433 παρεϐιάσατο
1694 2362 1783 2411 τὸν

217 2444 458 2500 ἀπόστολον
504 2454 602 2501 καὶ
650 2449 943 2521 εἰσήνεγκεν
990 2450 1145 2502 αὐτόν
1194 2449 1261 2511 εἰς
1301 2453 1387 2502 τὸν
1436 2445 1578 2502 οἶκον
1621 2448 1781 2500 αὑτοῦ

214 2541 400 2610 χαίρων.

269 2710 328 2764 Δ’.
371 2712 629 2767 Εἰσελθὼν
678 2709 739 2766 δε
789 2714 815 2765 6
863 2715 1118 2785 μακάριος
1169 2715 1375 2786 Μάρκος
1418 2709 1573 2767 εἶπεν·
1624 2713 1784 2766 Εὐλο-

213 2806 287 2870 γία
340 2808 524 2876 Κυρίου
590 2798 711 2855 ὧδε·
772 2803 1043 2876 εὐξόμεθα,
1113 2799 1345 2876 ἀδελφοί.
1404 2808 1505 2856 Καὶ
1561 2802 1783 2867 ηὔξαντο

216 2889 318 2960 ἅμα,
365 2896 448 2944 καὶ
480 2894 621 2965 μετὰ
667 2896 756 2950 τὴν
802 2892 965 2964 εὐχὴν
1010 2891 1386 2951 ἀνεκλήθησαν.
1428 2892 1513 2954 Ὠς
1553 2890 1612 2946 δε
1656 2898 1786 2964 ἠγα-

222 2978 471 3045 θῦνθησαν,
525 2980 670 3033 εἶπεν
717 2981 743 3032 6
787 2981 1076 3055 ἄνθρωπος’
1131 2984 1321 3056 Πάτερ,
1390 2986 1444 3033 τί
1471 2983 1595 3057 ἄρα,
1643 2981 1786 3034 καλῶ

1890 1824 2058 1877 Sutor
2086 1827 2286 1879 autem
2317 1824 2411 1881 ille
2442 1843 2579 1885 cum
2613 1833 2869 1901 apostoli
2900 1837 3071 1891 Marci
3101 1841 3449 1907 potentiam,
3482 1848 3537 1900 et

1890 1912 2175 1967 orationis
2206 1912 2639 1983 etﬁcacitatem,
2671 1919 3067 1996 habitumque
3108 1928 3333 1984 virtutis
3374 1945 3539 1988 exer-

1890 1998 2152 2056 citationi
2195 2005 2649 2063 convenientem
2698 2010 3257 2073 animadvertisset:
3301 2018 3536 2088 Precor,

1891 2088 2101 2161 inquit,
2128 2094 2206 2157 te,
2240 2092 2422 2149 homo
2450 2094 2572 2160 Dei,
2616 2102 2679 2153 ut
2706 2098 2911 2156 venias
2960 2101 3133 2159 hodie
3198 2110 3257 2161 et
3281 2107 3540 2166 divertas

1892 2179 1971 2236 ad
1999 2180 2252 2236 domum
2285 2182 2436 2238 servi
2498 2185 2603 2252 tui,
2662 2192 2725 2242 ut
2777 2188 2956 2245 simul
3002 2207 3155 2264 pane
3202 2210 3538 2267 vescamur,

1891 2269 2177 2343 quoniam
2220 2272 2622 2330 misericordia
2644 2276 2822 2333 hodie
2843 2294 2939 2335 me
2979 2288 3331 2352 prosecutus
3358 2286 3540 2345 fuisti.

1892 2359 2101 2415 Beatus
2132 2361 2439 2432 apostolus
2497 2363 2730 2420 Marcus
2795 2381 2867 2423 ea
2914 2383 2976 2425 re
3026 2370 3198 2428 valde
3262 2371 3540 2433 laetatus:

1897 2448 2204 2516 Dominus,
2231 2449 2444 2523 inquit,
2471 2452 2638 2509 dabit
2668 2454 2771 2509 tibi
2832 2471 3050 2529 panem
3105 2460 3234 2517 vitae
3261 2463 3541 2521 cmlestis.

1895 2540 2081 2594 Homo
2111 2538 2290 2607 igitur
2315 2539 2409 2595 ille
2440 2541 2613 2597 valde
2664 2543 2889 2612 hilaris,
2950 2549 3144 2618 coegit
3204 2554 3542 2623 apostolum

1890 2626 2140 2683 domum
2172 2645 2345 2684 suam
2364 2629 2675 2687 divertere.

1962 2696 2051 2781 ᾖ.
2088 2717 2279 2781 Quam
2319 2734 2457 2774 cum
2486 2719 2699 2775 beatus
2730 2723 2958 2778 Marcus
2984 2724 3387 2786 introivisset:
3444 2732 3545 2786 Be-
3678 2768 3687 2789 η.

1895 2803 2169 2871 nedictio,
2202 2805 2414 2879 inquit,
2446 2807 2678 2865 Domini
2704 2811 2800 2867 hic
2822 2813 2920 2867 sit.
2963 2815 3276 2872 Precemur
3332 2821 3541 2884 Deum,
3628 2804 3631 2805 ν

1898 2893 2128 2951 fratres.
2179 2896 2260 2951 Ac
2312 2894 2491 2953 simul
2559 2900 2776 2969 precati
2825 2907 2982 2967 sunt,
3032 2909 3089 2959 et
3144 2911 3280 2975 post
3334 2922 3543 2978 preces

1899 2984 2322 3040 accubuerunt.
2360 2989 2425 3043 Ut
2455 3003 2590 3043 vero
2618 2988 2879 3059 benigne
2918 3008 2983 3047 se
3015 2992 3272 3051 vicissim
3303 3011 3547 3069 accepe-

216 3084 277 3129 σε,
320 3073 390 3131 τίς
430 3067 477 3121 εἶ
518 3076 618 3121 καὶ
656 3071 808 3122 πόθεν
835 3071 860 3121 6
889 3069 1033 3142 λόγος
1058 3071 1205 3133 οὗτος
1242 3072 1268 3122 6
1309 3067 1531 3133 δυνατὸς
1574 3070 1620 3123 ἓν
1667 3075 1783 3137 σοί;

1902 3078 2055 3139 runt,
2088 3074 2233 3129 dixit
2264 3075 2447 3131 homo
2488 3076 2581 3133 ille
2614 3096 2627 3133 :
2662 3078 2855 3147 Pater,
2887 3080 3135 3138 obsecro
3168 3089 3237 3154 te,
3272 3085 3409 3157 quis
3438 3067 3550 3142 es?

220 3153 317 3208 Εἰπε
357 3154 412 3209 δὲ
457 3160 482 3209 6
526 3158 681 3230 ἅγιος
719 3160 951 3231 Μάρκος
989 3160 1121 3231 Ἐγὼ
1161 3156 1345 3222 δοῦλός
1392 3160 1499 3233 εἰμι
1545 3168 1634 3213 τοῦ
1683 3167 1790 3213 Κυ-

218 3248 310 3314 ρίου
353 3247 525 3305 Ἰησοῦ
574 3255 817 3321 Χριστοῦ
861 3255 952 3300 τοῦ
990 3250 1113 3301 Υἱοῦ
1152 3256 1243 3301 τοῦ
1294 3254 1440 3303 Θεοῦ.
1484 3246 1610 3303 Εἶπε
1662 3246 1721 3302 δε
1763 3250 1789 3302 6

218 3334 468 3408 ἅνθρωπος·
553 3336 878 3409 Ἐϐουλόμην
962 3338 1114 3390 αὐτὸν
1196 3336 1342 3393 ἰδεῖν.
1421 3336 1547 3392 Εἶπε
1624 3335 1683 3392 δὲ
1765 3340 1791 3391 6

226 3422 345 3493 ἅγιος
383 3428 580 3497 μάρτυς
624 3433 719 3479 τοῦ
764 3433 997 3501 Χριστοῦ
1040 3430 1272 3501 Μάρκος
1323 3428 1453 3500 Ἐγώ
1507 3448 1591 3481 σοι
1638 3428 1793 3481 αὐτόν

232 3507 435 3569 δεικνύω.
484 3520 589 3569 Καὶ
641 3515 834 3588 ἤρξατο
884 3517 910 3568 6
960 3517 1107 3588 ἅγιος
1145 3521 1359 3591 Μάρκος
1408 3518 1582 3593 ἀρχὴν
1629 3526 1791 3571 ποιεῖ-

225 3601 326 3653 σθαι
358 3612 444 3656 τοῦ
482 3604 807 3675 Εῦαγγελίου
836 3606 1016 3663 Ἰησοῦ
1053 3613 1313 3678 Χριστοῦ,
1346 3609 1469 3660 Υἰοῦ
1508 3615 1599 3659 τοῦ
1638 3615 1792 3673 Θεοῦ,

222 3692 319 3742 Υἱοῦ
359 3691 615 3766 ’Δϐραόιμ,
660 3698 753 3745 καὶ
791 3690 1044 3747 δεικνύειν
1085 3695 1225 3766 αὐτῷ
1264 3698 1332 3748 τὰ
1366 3702 1485 3771 περὶ
1522 3706 1622 3749 τῶν
1670 3716 1795 3769 προ-

222 3788 363 3846 θητῶν
415 3782 599 3835 αὑτοῦ.
655 3781 714 3834 Ὀ
765 3779 824 3835 δε
871 3784 1139 3857 ἄνθρωπος
1192 3782 1319 3838 εἴπεο
1374 3790 1580 3857 Δέομαί,
1629 3785 1798 3877 κῦριεζ

221 3864 298 3935 εγὼ
338 3874 535 3942 γραφὰς
573 3871 745 3943 ἇσπερ
792 3875 857 3923 σὺ
898 3871 1080 3944 λέγεις,
1132 3870 1382 3927 οὐδέποτε
1420 3875 1644 3942 ἤκουσα,
1691 3874 1780 3926 ἀλλ

222 3952 396 4009 ἰἰλαδα
437 3965 526 4011 καὶ
580 3956 931 4023 ’οδυσειάδα,
972 3967 1062 4014 καὶ
1113 3964 1213 4014 ὅσα
1257 3967 1559 4035 σοφίζονται
1604 3966 1653 4016 οἱ
1699 3973 1798 4016 τῶν

224 4044 483 4114 Αἰγυπτίων
536 4045 748 4110 παῖδες.
806 4053 933 4102 Τότε
988 4052 1015 4102 6
1076 4052 1227 4122 ἅγιος
1279 4057 1485 4125 Μάρκος
1531 4054 1799 4126 εὐαγγελί-

222 4132 380 4191 ζεσθαι
423 4137 559 4209 αὐτῷ
601 4141 691 4189 τόν
742 4143 969 4213 Χριστόν
1017 4145 1105 4192 καὶ
1152 4138 1401 4194 δεικνύειν
1449 4142 1589 4213 αὐτῷ
1637 4145 1714 4195 ὅτι
1764 4144 1794 4201 ἡ

224 4229 357 4292 σοφία
393 4233 477 4277 τοῦ
515 4232 724 4299 κόσμου
762 4231 950 4280 τούτου
988 4234 1161 4304 μωρία
1191 4234 1334 4302 παρά
1369 4239 1440 4301 τῷ
1480 4239 1595 4302 Θεῷ
1634 4231 1794 4285 ἔστιν.

222 4306 496 4366 ἐπίστευσε
542 4311 604 4367 δε
653 4316 678 4367 6
721 4316 992 4388 ἄνθρωπος
1028 4325 1101 4387 τῷ
1142 4326 1255 4388 Θεῷ
1295 4316 1390 4371 διὰ
1428 4328 1527 4371 τῶν
1571 4322 1671 4373 ὑπὸ
1709 4328 1798 4372 τοῦ

1902 3165 1963 3218 Et
1991 3163 2292 3219 undenam
2325 3166 2516 3221 oratio
2547 3167 2655 3223 ista
2686 3171 2805 3225 tam
2836 3175 3043 3240 potens
3069 3171 3131 3228 in
3171 3177 3226 3229 te
3286 3176 3551 3248 profecta

1900 3255 1988 3306 est
2023 3250 2051 3305 ?
2081 3251 2184 3307 Cui
2216 3258 2459 3309 sanctus
2490 3255 2717 3311 Marcus
2746 3255 2893 3311 dixit
2930 3273 2943 3313 :
2986 3260 3106 3331 Ego
3164 3274 3370 3317 servus
3415 3280 3549 3320 sum

1903 3338 2137 3395 Domini
2175 3341 2312 3395 Jesu
2343 3342 2576 3408 Christi,
2609 3343 2739 3401 Filii
2781 3344 2899 3400 Dei.
2932 3347 3169 3413 Vellem,
3202 3348 3394 3422 inquit
3431 3351 3547 3418 ille,

1902 3429 2085 3484 Deum
2116 3428 2334 3485 videre.
2360 3431 2506 3487 Tum
2539 3438 2780 3488 sanctus
2820 3436 3047 3490 Marcus
3087 3436 3295 3493 :Illum
3352 3439 3553 3512 ipsum

1903 3516 2008 3573 tibi
2025 3519 2360 3575 ostendam.
2377 3520 2680 3593 Coepitque
2694 3529 2931 3579 sanctus
2944 3526 3247 3596 apostolus
3262 3545 3555 3600 exponere

1903 3606 2135 3662 initium
2165 3607 2319 3663 illius
2347 3608 2641 3680 Evangelii
2685 3627 2698 3666 :
2740 3612 2909 3667 Liber
2962 3617 3361 3683 generationis
3417 3619 3556 3675 Jesu

1905 3696 2138 3766 Christi,
2155 3697 2258 3753 ﬁlii
2278 3698 2484 3767 David,
2505 3698 2610 3754 ﬁlii
2631 3701 2930 3758 Abraham
2954 3704 2971 3739 ¹
2999 3720 3012 3758 :
3036 3706 3208 3776 eique
3224 3708 3552 3773 ostendere,

1905 3801 2040 3857 quas
2063 3786 2368 3856 prophetae
2391 3787 2503 3858 ipsi
2528 3787 2602 3843 de
2621 3788 2851 3845 Christo
2874 3791 3292 3860 praedixerunt.
3323 3794 3422 3850 Vir
3453 3811 3555 3851 au-

1908 3880 2025 3930 tem
2038 3874 2161 3929 ille:
2180 3874 2345 3943 Istas,
2361 3876 2570 3947 inquit,
2596 3876 2859 3943 domine,
2878 3878 3209 3949 Scripturas
3224 3897 3377 3953 quas
3394 3891 3454 3939 tu
3469 3883 3557 3939 di-

1907 3963 2013 4031 cis,
2029 3979 2333 4042 nunquam
2346 3980 2457 4035 ego
2471 3963 2805 4029 audivi,sed
2820 3967 3053 4023 Iliadem
3069 3974 3126 4023 et
3139 3970 3483 4042 Odysseam,
3500 3978 3556 4030 et

1907 4040 2307 4125 quaecumque
2340 4054 2744 4125 Egyptiorum
2774 4055 2877 4111 ﬁlii
2902 4057 3101 4113 doceri
3126 4040 3337 4115 solent.
3396 4063 3557 4118 Tunc

1908 4143 2085 4213 coepit
2112 4149 2351 4198 sanctus
2398 4144 2763 4215 evangelista
2805 4148 3030 4202 Marcus
3089 4147 3381 4205 Christum
3440 4146 3557 4223 ipsi

1908 4231 2199 4297 nuntiare,
2223 4241 2404 4304 atque
2425 4235 2735 4290 ostendere
2760 4234 2942 4306 hujus
2965 4237 3174 4293 mundi
3201 4238 3558 4309 sapientiam

1908 4320 2211 4378 stultitiam
2239 4337 2370 4377 esse
2397 4322 2559 4393 apud
2580 4324 2786 4379 Deum.
2816 4324 3077 4382 Credidit
3097 4326 3279 4383 homo
3300 4327 3396 4384 ille
3415 4329 3554 4397 Deo,

223 4404 409 4472 Μάρκου
466 4404 750 4477 λεγομένων
804 4412 1032 4478 σημείων
1084 4413 1172 4461 καὶ
1226 4413 1471 4483 τεράτων,
1531 4416 1621 4463 καὶ
1675 4410 1786 4484 ἐφω·

1911 4416 2151 4483 propter
2170 4428 2241 4466 ea
2270 4427 2403 4484 quae
2427 4427 2462 4466 a
2483 4412 2674 4468 Marco
2696 4412 2847 4469 dicta
2868 4421 3023 4481 sunt,
3044 4422 3099 4471 et
3118 4421 3361 4489 propter
3391 4418 3560 4490 signa

223 4492 355 4548 τίσθη
398 4493 574 4558 αὐτὸς,
617 4500 706 4547 καὶ
747 4495 861 4557 ὅλος
900 4497 925 4547 6
964 4497 1101 4557 οἶκος
1139 4497 1320 4564 αὐτοῦ,
1360 4504 1449 4551 καὶ
1493 4500 1621 4552 πολὺ
1666 4501 1801 4560 πλῆ-

225 4577 294 4637 θος
335 4589 419 4633 τοῦ
463 4587 626 4635 τόπου
672 4581 884 4641 ἐκείνου.
924 4584 1022 4638 Ἦν
1062 4583 1123 4639 δε
1158 4590 1217 4639 τό
1258 4589 1419 4661 ὄνομα
1465 4597 1557 4642 τοῦ
1606 4590 1798 4664 ἀνθρώ·

225 4684 307 4718 που
334 4668 518 4723 ἐκείνου
551 4671 810 4735 ’Δνοινίας.

283 4842 344 4899 ελ.
384 4844 463 4906 Ὠς
506 4843 568 4899 δε
607 4846 763 4919 ὁχλος
798 4846 992 4919 ἐγένετο
1045 4859 1145 4903 τῶν
1192 4857 1539 4907 πιστευόντων
1586 4854 1669 4909 ἐπὶ
1711 4861 1800 4911 τὸν

232 4932 410 5002 Κύριον,
461 4917 697 4994 ἤκουσαν
736 4936 786 4989 οἱ
818 4917 1001 5012 όῖνδρες
1032 4948 1129 5002 τῆς
1156 4941 1368 5009 πόλεως,
1411 4945 1491 4997 ὅτι
1529 4945 1799 5011 Γαλιλαῖός

227 5035 287 5077 τις
345 5028 641 5095 παρεγένετο
718 5024 955 5090 ἐνταῦθα,
1034 5035 1126 5082 καὶ
1201 5028 1472 5106 ἀνατρέπει
1545 5037 1634 5095 τὰς
1700 5045 1798 5088 τῶν

230 5104 330 5157 θεῶν
376 5111 582 5181 θυσίας,
631 5120 721 5167 καὶ
768 5114 952 5169 κωλύει
1001 5117 1171 5170 αὐτῶν
1218 5104 1657 5194 τὰς-θρησκείας,
1709 5130 1799 5178 καὶ

230 5191 412 5252 ὶξήτοῦν
464 5202 618 5254 αὐτόν
671 5202 994 5275 ἀποκτεῖναι,
1046 5213 1136 5260 καὶ
1184 5207 1373 5266 ἔθηκαν
1420 5212 1559 5282 αὐτῷ
1616 5210 1799 5288 ἔνεδρα

230 5282 379 5339 πολλοὶ.
428 5289 699 5363 Ἐπιγνοὺς
750 5290 809 5347 δε
856 5296 882 5346 6
932 5287 1079 5366 ἅγιος
1124 5299 1338 5372 Μάρκος
1385 5303 1478 5362 τὰς
1525 5282 1795 5365 ἐπιϐουλὰς

289 5406 304 5442 ¹
333 5412 519 5469 Matth.
550 5432 587 5482 ι,
626 5421 676 5483 1,
698 5421 751 5474 2.

1910 4504 1965 4555 et
1992 4500 2271 4572 prodigia
2302 4515 2408 4570 per
2436 4515 2569 4555 eum
2596 4501 2749 4557 facta
2802 4516 2815 4556 :
2872 4503 3123 4575 ipseque
3173 4511 3230 4561 et
3264 4512 3383 4562 tota
3433 4508 3559 4578 ejus

1910 4590 2147 4656 domus,
2206 4595 2262 4645 et
2310 4604 2537 4659 magna
2588 4590 2718 4660 ejus
2767 4593 3023 4661 regionis
3080 4595 3421 4662 multitudo,
3478 4595 3557 4652 ab

1908 4678 2277 4749 evangelista
2294 4678 2424 4751 ipso
2443 4678 2777 4735 illuminata
2790 4688 2900 4735 est.
2921 4683 3056 4738 Erat
3073 4688 3274 4740 autem
3292 4684 3556 4741 hominis

1909 4767 2063 4823 illius
2093 4782 2315 4823 nomen
2342 4767 2629 4823 Anianus.

1977 4858 2041 4911 V.
2080 4857 2222 4911 Cum
2256 4872 2393 4912 vero
2423 4856 2705 4913 crevisset
2734 4872 3019 4914 numerus
3080 4876 3289 4916 eorum
3344 4862 3447 4935 qui
3498 4863 3559 4919 in

1911 4947 2162 5002 Domino
2210 4945 2609 5016 crediderunt,
2667 4946 3025 5003 audiverunt
3101 4949 3353 5005 civitatis
3406 4951 3561 5034 illius

1908 5036 2243 5108 Optimates,
2275 5034 2581 5091 Galilaeum
2606 5036 2935 5106 quemdam
2962 5036 3099 5091 illuc
3146 5039 3405 5104 venisse,
3456 5039 3562 5112 qul

1907 5127 2159 5181 deorum
2186 5123 2477 5181 sacriﬁcia
2530 5130 2832 5187 everteret,
2894 5130 2950 5180 et
3006 5127 3274 5196 ipsorum
3334 5128 3560 5185 cultum

1908 5213 2240 5286 impediret.
2274 5212 2676 5278 Quamobrem
2708 5214 3190 5271 euminterﬁcere
3217 5217 3559 5289 studebant,

1909 5308 2088 5375 atque
2126 5301 2374 5358 insidias
2401 5301 2616 5379 multas
2642 5302 2694 5357 ei
2719 5301 3037 5359 faciebant.
3070 5306 3228 5370 Quas
3253 5323 3392 5363 cum
3430 5324 3565 5365 san-

292 5532 349 5604 (¹)
370 5536 534 5596 Anno
562 5542 626 5597 45
659 5542 818 5600 venit
871 5543 1317 5604 Alexandriam.
1354 5548 1491 5605 Vide
1532 5551 1747 5609 Euseb.
1780 5552 1842 5609 in
1874 5552 2091 5609 Chron.
2130 5550 2347 5609 Baron.
2388 5566 2468 5609 an
2484 5554 2574 5609 45.
