4062 6222
201 271 291 323 169

195 391 515 444 ἀπολοῦνται.
587 392 794 448 Ταύτην
875 393 968 447 τὴν
1042 388 1300 441 ὀπτασίαν
1373 390 1681 459 θεασάμενος
1756 389 1782 439 ὁ
1816 391 1861 442 Α

195 483 438 552 μακάριος
493 482 725 553 Μάρκος,
773 481 861 539 τὰς
900 484 1087 553 χεῖρας
1138 478 1297 530 αὐτοῦ
1351 481 1572 537 τανύσας
1628 474 1781 528 εἶπεν·

197 571 505 642 Εὐχαριστῶ
557 588 661 633 σοι,
727 571 885 640 Κύριέ
926 587 1024 639 μου
1080 566 1260 625 Ἰησοῦ
1309 569 1522 639 Χριστὲ,
1575 567 1656 618 ὅτι
1695 565 1788 617 οῦκ

199 660 511 728 ἐγκατέλιπές
578 677 662 729 με,
734 656 859 708 ἀλλὰ
939 657 1450 731 συγκατηρίθμησάς
1518 674 1580 725 με
1661 657 1790 726 μετὰ

199 757 285 798 τῶν
332 747 496 817 ἁγίων
534 766 650 798 σου.
707 750 892 817 Δέομαί
944 765 1058 808 σου,
1123 748 1278 818 Κύριε
1333 745 1512 802 Ἰησοῦ
1570 746 1786 817 Χριστὲ,

199 832 481 908 πρόσδεξαι
513 834 560 886 ἐν
611 835 783 908 εἰρήνη
831 839 924 892 τήν
966 834 1153 905 ψυχήν
1196 854 1296 906 μου
1336 838 1425 885 καὶ
1473 837 1544 905 μὴ
1578 853 1640 905 με
1669 831 1792 884 ἀπο-

200 921 493 996 δοκιμάσῃς
541 923 641 975 ἀπὸ
690 932 778 983 τῆς
830 926 1050 994 χάριτός
1095 942 1210 975 σου.
1272 927 1373 975 Καὶ
1427 930 1595 974 ταῦτα
1632 921 1791 972 αὐτοῦ

199 1015 442 1079 εἰπόντος,
499 1015 524 1064 6
588 1015 778 1086 Κύριος
830 1012 1032 1074 Ἰησοῦς
1092 1017 1394 1086 παρεγένετο
1450 1015 1581 1086 πρὸς
1639 1010 1793 1062 αὐτόν

197 1111 264 1173 τῷ
311 1109 556 1173 σχήματι
668 1103 730 1160 ἧν
780 1103 911 1172 μετὰ
954 1110 1051 1152 τῶν
1099 1103 1344 1171 μαθητῶν
1376 1100 1556 1161 αὐτοῦ,
1587 1104 1676 1151 καὶ
1711 1100 1796 1172 οἶᾳ

198 1199 360 1265 μορφῇ
421 1192 482 1249 ἦν
534 1194 634 1262 πρὸ
673 1198 765 1242 τοῦ
821 1192 1002 1243 παθεῖν
1053 1189 1208 1242 αὑτὸν
1263 1195 1352 1242 καὶ
1401 1199 1645 1262 ταφῆναι,
1707 1193 1795 1240 καὶ

198 1282 327 1351 λέγει
373 1280 544 1343 αὐτῷ·
625 1285 794 1354 Ερήνη
857 1299 963 1344 σοι,
1015 1281 1225 1352 ἡμέτερε
1279 1280 1475 1350 Μάρκε,
1535 1277 1796 1349 εὐαγγελι-

202 1372 295 1422 στοί
350 1388 474 1440 μου.
508 1368 566 1420 Ὀ
621 1363 678 1420 δε
726 1370 979 1440 μακάριος
1009 1367 1220 1441 Μάρκος
1249 1364 1401 1420 εἶπεν·
1437 1368 1629 1442 Εἰρήνη
1690 1386 1793 1431 σοι,

203 1458 354 1531 Κύριέ
379 1477 481 1528 μου
505 1459 681 1514 Ἰησοῦ
718 1461 926 1530 Χριστέ.

269 1548 349 1600 Θ’.
403 1549 609 1620 Πρωίας
660 1542 717 1598 δὲ
762 1550 1056 1617 γενομένης,
1111 1542 1260 1604 ἦλθεν
1308 1545 1458 1597 πάλιν
1507 1548 1565 1597 τὸ
1603 1545 1800 1606 πλῆθος

200 1643 284 1696 τῆς
324 1635 523 1694 πόλεως
569 1639 657 1686 καὶ
701 1634 1044 1705 ἐξενέγκαντες
1095 1634 1248 1686 αὐτὸν
1291 1633 1345 1686 ἐκ
1397 1642 1492 1696 τῆς
1545 1633 1797 1706 φυλακῆς,

1601 261 1769 318 νιΤΑ
1811 263 1872 319 S.
1909 259 2132 318 MARCI
2143 303 2154 316 .

3445 271 3545 324 170

1897 387 1958 443 in
1989 388 2170 443 cmlos
2201 386 2550 459 suscipient,
2577 391 2635 443 et
2670 386 2932 460 reliquiae
2976 391 3092 444 tuae
3125 389 3186 446 in
3212 391 3384 448 terris
3420 409 3542 451 non

1897 477 2195 550 peribunt.
2231 479 2392 532 Hanc
2415 476 2711 533 visionem
2725 492 2864 532 cum
2885 477 3096 532 beatus
3120 481 3343 536 Marcus
3370 483 3546 539 vidis-

1897 570 2005 632 set,
2040 582 2256 621 manus
2282 582 2418 621 suas
2442 567 2502 620 in
2529 565 2746 621 coelum
2774 565 3035 621 extendit
3056 583 3126 623 ac
3153 567 3296 626 dixit
3330 593 3342 624 :
3370 572 3546 629 «ϐπ-ει.

1900 653 2012 710 tias
2038 671 2154 724 ago
2180 655 2304 720 tibi,
2339 655 2586 711 Domine
2618 654 2700 710 ini
2749 656 2886 710 Jesu
2931 655 3176 721 Christe,
3206 659 3370 730 quod
3422 677 3545 718 non

1899 742 2261 816 dereliquisti
2286 760 2401 810 me,
2436 744 2539 799 sed
2563 760 2700 798 cum
2719 743 2940 799 sanctis
2969 745 3081 799 tuis
3108 762 3202 801 me
3229 763 3549 806 connume-

1899 833 2063 889 rasti.
2096 835 2302 888 Precor
2329 838 2404 898 te,
2434 832 2686 888 Domine
2728 832 2866 887 Jesu
2916 833 3155 898 Christe,
3184 841 3240 891 ut
3289 837 3549 910 accipias

1899 922 1959 978 in
1990 937 2138 994 pace
2167 923 2434 978 animam
2467 937 2686 987 meam,
2720 936 2914 993 neque
2970 938 3064 978 me
3112 925 3416 996 reprobes,
3449 932 3551 984 aut

1900 1011 2186 1068 excludas
2217 1027 2253 1066 a
2293 1012 2481 1081 gratia
2514 1017 2673 1066 tua.»
2706 1010 2976 1082 Cumque
3001 1011 3130 1067 haec
3159 1013 3254 1069 ille
3285 1013 3547 1082 dixisset,

1901 1101 2182 1155 Dominus
2210 1101 2385 1155 Jesus
2417 1099 2677 1155 Christus
2706 1099 2782 1154 ad
2812 1115 2948 1154 eum
2999 1101 3161 1156 venit
3207 1103 3401 1172 ﬁgura
3452 1103 3553 1162 illa

1903 1204 2088 1261 quam
2110 1188 2391 1255 habebat,
2411 1204 2532 1261 quo
2551 1194 2818 1259 tempore
2846 1188 3200 1246 versabatur
3215 1207 3350 1247 cum
3378 1193 3554 1250 disci-

1904 1278 2059 1350 pulis
2079 1278 2218 1342 suis,
2246 1282 2303 1333 et
2345 1293 2467 1349 qua
2519 1278 2714 1333 forma
2767 1282 2911 1346 erat,
2939 1281 3260 1350 antequam
3314 1296 3552 1338 crucem

1905 1383 2142 1438 passus,
2183 1371 2240 1422 et
2292 1366 2559 1438 sepultus
2585 1365 2808 1422 fuisset.
2843 1366 2952 1431 Qui
3006 1371 3063 1423 et
3109 1367 3160 1422 ei
3209 1368 3353 1425 dixit
3387 1386 3399 1425 :
3433 1371 3554 1427 Pax

1908 1455 2034 1519 tibi,
2060 1460 2245 1511 Marce
2276 1454 2645 1524 evangelista
2676 1470 2868 1509 meus.
2896 1456 3106 1511 Beatus
3150 1471 3290 1513 vero
3330 1461 3556 1516 Marcus

1908 1543 2053 1599 dixit
2081 1561 2094 1599 :
2119 1546 2234 1599 Pax
2265 1543 2387 1609 tibi,
2411 1544 2659 1598 Domine
2679 1544 2817 1598 Jesu
2844 1542 3089 1599 Christe.

1983 1634 2066 1688 IX.
2111 1634 2257 1688 Cum
2289 1648 2428 1688 vero
2449 1632 2577 1688 dies
2609 1632 2920 1702 illuxisset,
2953 1635 3110 1690 venit
3140 1633 3276 1691 illuc
3307 1635 3555 1694 civitatis

205 1725 374 1778 ἓϐαλον
415 1724 570 1776 πάλιν
610 1728 667 1776 τό
718 1729 956 1795 σχοινίον
994 1724 1064 1785 εἰς
1091 1727 1176 1775 τὸν
1215 1723 1481 1795 τράχηλον
1522 1723 1682 1776 αὐτοῦ
1712 1726 1801 1773 xui

1912 1721 2430 1793 multitudozquaa
2462 1737 2601 1776 cum
2647 1720 2814 1777 illum
2870 1722 3172 1780 eduxisset
3220 1741 3251 1779 e
3299 1741 3552 1793 carcere,

207 1818 383 1887 ἒσυρον
434 1814 686 1885 λέγοντεςο
740 1816 962 1884 Σῦρομεν
1014 1816 1100 1864 τόν
1146 1811 1401 1884 βούϐαλον
1450 1813 1520 1873 εἷς
1549 1815 1614 1864 τὰ
1670 1810 1798 1883 βου-

211 1904 372 1957 κόλου.
422 1903 480 1952 ’0
543 1899 600 1954 δὲ
656 1905 910 1974 μακάριος
959 1904 1172 1974 Μάρκος
1204 1901 1572 1976 εὐχαριστείας
1611 1900 1800 1972 μᾶλλον

218 1991 477 2063 ἀνέπεμπεν
538 1998 610 2060 τῷ
665 1992 1047 2064 παντοκράτορι
1111 1995 1286 2062 Κυρίῳ
1346 1990 1521 2046 Ἰησοῦ
1584 1996 1800 2061 Χριστῷ

212 2080 376 2151 λέγων·
429 2081 516 2142 Εἰς
570 2082 757 2152 χεῖράς
792 2098 907 2144 σου,
943 2082 1119 2153 Κύριε,
1147 2081 1476 2152 παρατίθημι
1506 2082 1564 2130 τό
1599 2080 1800 2151 πνεῦμοί

200 2189 314 2240 μου.
378 2171 483 2224 Καὶ
528 2178 681 2220 τοῦτο
736 2169 888 2220 εἰπὼν
932 2164 1204 2240 παρέδωκε
1253 2171 1308 2220 τὸ
1351 2175 1570 2239 πνεῦμα.
1617 2170 1685 2219 Τό
1741 2163 1800 2218 δὲ

199 2258 388 2317 πλῆθος
440 2266 544 2308 τῶν
601 2254 874 2309 δυσσεϐῶν
924 2255 1172 2314 Ἑλλήνων
1229 2264 1331 2330 πῦρ
1388 2254 1673 2327 ἀνάψαντες
1729 2255 1801 2316 εἰς

201 2352 311 2408 τοὺς
368 2346 721 2418 καλουμένους
778 2346 1047 2417 ἀγγέλους,
1107 2345 1396 2418 ἐτέφρωσαν
1449 2350 1504 2398 τό
1561 2345 1800 2416 λείψανον

204 2445 286 2488 τοῦ
337 2433 577 2489 δικαίου.
630 2442 756 2488 Τότε
799 2439 1014 2506 προνοίᾳ
1052 2443 1142 2487 τοῦ
1200 2439 1393 2508 Κυρίου
1441 2440 1529 2486 καὶ
1563 2442 1802 2507 Σωτῆρος

207 2529 344 2596 ἡμῶν
407 2527 588 2581 Ἰησοῦ
646 2532 880 2596 Χριστοῦ
954 2523 1142 2581 κατέϐη
1202 2522 1416 2594 λαίλαψ,
1495 2528 1584 2575 καὶ
1667 2524 1796 2597 ζάλῃ

206 2613 389 2681 ἀνέμου
431 2612 627 2683 ἐγένετο
681 2612 897 2684 μεγάλη,
956 2617 1045 2664 καὶ
1089 2614 1114 2663 ὁ
1168 2611 1310 2674 ἣλιος
1354 2612 1669 2664 συνέστειλεν
1709 2615 1800 2674 τὰς

203 2700 434 2766 ἀκτῖνας,
477 2707 568 2753 καὶ
625 2700 820 2772 ἐγένετο
870 2699 1098 2775 βροντῶν
1147 2703 1283 2771 ἧχος
1321 2701 1478 2762 πολὺς
1528 2706 1614 2754 καὶ
1663 2703 1802 2762 ὑετὸς

201 2792 442 2851 πλεῖστος
507 2794 637 2860 μετὰ
719 2789 966 2861 χαλάζης
1044 2791 1130 2850 ἕως
1192 2790 1427 2862 ἑσπέρας,
1505 2793 1638 2842 ὥστε
1711 2795 1801 2842 καὶ

198 2882 460 2952 οἰκήματα
513 2879 674 2930 πολλὰ
724 2884 1064 2931 καταπίπτειν
1119 2884 1206 2931 καὶ
1267 2879 1484 2939 πολλοὺς
1565 2881 1801 2936 τεθνηκέο

194 2991 292 3023 ναι.
343 2968 662 3030 φοϐηθέντες
702 2965 760 3021 δὲ
809 2968 1027 3020 ὶάσαντο
1083 2968 1321 3039 λείψανον
1370 2975 1462 3019 τοῦ
1501 2966 1653 3037 ἁγίου
1707 2987 1798 3020 και

193 3063 398 3130 ἔφυγον.
459 3057 658 3132 Ἐτεροι
705 3055 764 3110 δὲ
807 3054 1244 3129 διαχλευάζοντες
1287 3057 1474 3127 ἔλεγον,
1527 3058 1595 3116 ὦς
1642 3058 1722 3108 ὅτι
1773 3058 1798 3108 ὁ
1835 3100 1877 3154 C

189 3150 581 3220 τρισμακάριος
606 3152 822 3219 Σίραπις
852 3147 1019 3198 αὐτῶν
1047 3151 1138 3204 τὴν
1166 3147 1457 3204 ἐπισκοπὴν
1487 3153 1578 3197 τοῦ
1609 3142 1798 3220 ἀνδρὸς

191 3237 482 3295 ἐποιήσατο
519 3232 613 3288 διὰ
640 3239 696 3288 τὸ
737 3236 898 3288 αὐτοῦ
929 3235 1204 3306 γενέθλιον.

1911 1827 2111 1866 rursus
2139 1811 2199 1866 in
2229 1811 2359 1882 ejus
2387 1810 2608 1866 collum
2658 1811 2861 1866 funem
2915 1810 3267 1881 injecerunt,
3297 1830 3555 1888 eumque

1911 1900 2338 1973 pertrahentes,
2387 1899 2706 1955 dicebant:
2766 1900 3094 1956 Trahamus
3150 1902 3442 1960 bubalum
3493 1905 3555 1962 in

1911 1988 2153 2045 bubulci
2180 1987 2498 2044 stabulum.
2532 1989 2602 2042 At
2640 1987 2853 2044 beatus
2895 1991 3115 2046 Marcus
3168 2005 3240 2046 eo
3295 1993 3556 2062 majores

1910 2078 2128 2148 gratias
2158 2075 2554 2148 omnipotenti
2585 2077 2836 2133 Domino
2864 2079 3003 2133 Jesu
3035 2079 3259 2136 Christo
3316 2081 3554 2150 agebat,

1909 2167 2154 2222 dicens:
2189 2166 2312 2221 «In
2369 2181 2584 2221 manus
2649 2169 2801 2231 tuas,
2867 2167 3130 2233 Domine,
3195 2170 3557 2227 commendo

1910 2254 2182 2327 spiritum
2211 2257 2435 2309 meum'
2469 2271 2482 2309 :
2515 2276 2542 2302 »
2569 2255 2834 2326 Cumque
2874 2254 2989 2310 hoc
3022 2255 3284 2321 dixisset,
3316 2258 3561 2316 tradidit

1914 2346 2029 2400 Deo
2051 2341 2680 2414 spiritum.Impiorum
2699 2358 2840 2398 vero
2857 2344 3196 2399 Graecorum
3220 2345 3554 2414 multitudo,

1910 2449 2049 2490 cum
2081 2432 2303 2502 ignem,
2338 2446 2408 2488 eo
2430 2431 2488 2486 in
2510 2431 2642 2486 loco
2670 2431 2774 2502 qui
2800 2431 3158 2502 Angelorum
3181 2433 3424 2490 nomine
3453 2451 3557 2508 ap-

1912 2523 2176 2595 pellatur,
2238 2520 2624 2586 accendisset,
2688 2519 2845 2574 illius
2910 2521 3015 2576 viri
3076 2522 3221 2592 justi
3277 2523 3559 2596 reliquias

1910 2611 2322 2667 comburebat.
2357 2611 2516 2664 Tunc
2536 2608 2766 2664 Domini
2787 2614 2842 2664 et
2862 2609 3184 2666 Salvatoris
3204 2613 3386 2667 nostri
3421 2614 3560 2670 Jesu

1912 2700 2118 2756 Christi
2151 2698 2521 2770 providentia
2559 2697 2782 2753 factum
2831 2702 2940 2763 est,
2977 2703 3039 2753 ut
3091 2699 3262 2756 turbo
3307 2702 3556 2772 quidam

1909 2793 2263 2860 erumperet,
2296 2791 2352 2842 et
2381 2790 2698 2857 tempestas
2732 2800 2956 2855 magna
2993 2787 3177 2853 ﬁeret,
3210 2793 3265 2843 et
3303 2789 3391 2845 sol
3429 2789 3558 2860 ipse

1910 2877 2107 2933 radios
2158 2891 2299 2931 suos
2348 2876 2739 2939 contraheret,
2775 2874 3153 2947 tonitrusque
3217 2881 3274 2932 et
3348 2893 3556 2935 eorum

1909 2966 2136 3023 sonitus
2168 2963 2388 3020 multus
2414 2963 2737 3028 audiretur,
2772 2963 3031 3036 plurima
3059 2979 3303 3038 quoque
3356 2965 3559 3037 pluvia

1909 3071 2044 3112 cum
2059 3053 2348 3125 grandine
2361 3052 2676 3108 commista
2691 3067 2874 3124 usque
2887 3053 2965 3108 ad
2981 3068 3291 3125 vesperam
3313 3055 3559 3113 duraret

1907 3145 1988 3200 ita
2018 3149 2079 3199 ut
2108 3141 2359 3198 aediﬁcia
2409 3140 2596 3197 multa
2626 3147 2983 3208 corruerent,
3019 3146 3076 3198 et
3103 3141 3380 3199 homines
3433 3160 3556 3201 non

1906 3231 2083 3307 pauci
2111 3230 2330 3286 mortui
2356 3231 2651 3286 caderent.
2682 3230 2822 3300 Ejus
2850 3230 3026 3300 igitur
3060 3232 3141 3286 rei
3175 3232 3383 3288 timore
3426 3249 3558 3305 per-

191 3325 354 3390 oulsi,
417 3325 702 3396 reliquias
746 3324 930 3379 sancti
985 3324 1154 3380 Marci
1207 3322 1652 3395 dereliquerunt
1700 3339 1770 3380 ac
1822 3323 2119 3394 fugerunt.
2153 3319 2258 3375 Alii
2321 3334 2458 3375 vero
2512 3319 2822 3374 irridentes
2869 3318 3170 3384 dicebant,
3202 3319 3555 3379 beatissima

193 3415 434 3470 illorum
463 3413 760 3484 Serapidis
793 3413 1166 3485 providentia
1197 3412 1326 3468 haec
1355 3413 1415 3467 in
1443 3411 1541 3468 illo
1570 3414 1694 3468 viro
1720 3412 1900 3473 fuisse
1931 3411 2085 3468 facta
2110 3413 2351 3481 propter
2375 3408 2636 3465 natalem
2669 3409 2859 3479 ipsius
2888 3409 3069 3464 diem.

264 3504 320 3556 Γ.
379 3508 514 3555 Τότε
589 3502 812 3562 ἐλθόντες
891 3498 1070 3575 ἄνδρες
1139 3500 1386 3566 εὐλαϐεῖς,
1469 3501 1796 3554 συνέστειλαν

197 3593 438 3663 λείψανον
492 3598 585 3642 τοῦ
626 3587 836 3642 δικαίου
892 3589 991 3642 ἀπὸ
1053 3597 1146 3651 τῆς
1199 3594 1382 3662 τέφρας
1439 3595 1526 3641 καὶ
1582 3594 1798 3660 ἤνεγκαν

201 3684 323 3732 ὅπου
369 3683 466 3741 τὰς
497 3679 661 3748 εὐχὰς
705 3679 872 3730 αὐτῶν
911 3683 999 3730 καὶ
1037 3680 1122 3738 τὰς
1164 3674 1484 3749 ψαλμῳδίας
1511 3676 1796 3743 ἐπετέλουν,

201 3777 285 3820 καί
337 3764 639 3826 ἐκήδευσαν
683 3767 833 3819 αὐτόν
870 3770 1041 3828 καθὼς
1089 3769 1201 3828 ἔθος
1239 3775 1300 3839 τῇ
1355 3767 1517 3829 πόλει,
1570 3771 1660 3818 καὶ
1706 3766 1802 3818 ἁπ-

204 3857 368 3908 έθεντο
441 3856 487 3906 ἐν
573 3863 712 3926 τόπῳ
777 3855 1165 3928 λελατομημένῳ
1243 3851 1465 3917 ἐνδόξως
1548 3855 1802 3915 κλοῦντες

205 3946 362 3998 αὐτοῦ
406 3949 502 4002 τὴν
554 3951 760 4017 μνήμην
805 3948 936 4016 μετὰ
967 3947 1310 4016 σωφροσύνων
1340 3949 1428 3996 καὶ
1466 3953 1798 4015 προσευχῶν,

204 4036 271 4096 ὡς
326 4043 532 4106 πρῶτον
605 4034 868 4106 κειμήλιον
921 4033 968 4085 έν
1034 4029 1400 4105 Ἀλεξανδρείᾳ
1475 4037 1792 4103 κεκτημένοι,

205 4131 287 4176 καὶ
341 4124 411 4184 εἰς
474 4127 531 4175 τό
582 4121 878 4174 ἀνατολικὸν
931 4127 1084 4196 μέρος
1138 4122 1397 4176 ἀπέθεντο.
1444 4122 1728 4193 Ἐκοιμὴθη
1776 4123 1801 4172 ὁ

207 4215 464 4283 μακάριος
505 4213 721 4285 Μάρκος
777 4213 802 4262 6
853 4210 1226 4282 εῦαγγελιστὴς
1281 4215 1370 4262 καὶ
1427 4213 1804 4281 πρωτομοίρτυς

204 4310 288 4352 τοῦ
345 4305 543 4373 Κῦριου
598 4303 742 4372 ἡμῶν
802 4302 980 4358 Ἰησοῦ
1036 4307 1268 4374 Χριστοῦ
1325 4298 1372 4350 ἐν
1441 4296 1805 4371 Ἀλεξανδρείᾳ

207 4399 265 4461 τῇ
299 4395 428 4463 πρὸς
460 4393 722 4461 Αἴγυπτον
753 4395 877 4461 μηνὶ
915 4389 1028 4440 κατ’
1083 4389 1403 4458 Αἰγυπτίους
1445 4390 1712 4460 Φαρμουθὶ
1738 4387 1802 4453 λ’,

211 4483 340 4530 κατα
390 4475 451 4531 δε
495 4478 782 4549 Ῥωμαίους
823 4481 953 4551 πρὸς
995 4479 1062 4529 τὰ
1103 4473 1382 4530 Καλανδῶν
1423 4480 1622 4529 Μαίων·
1673 4478 1809 4528 κατὰ

215 4564 269 4619 δε
320 4567 591 4641 Ἐϐραίους
643 4566 940 4639 Νισαϐρίων
993 4563 1430 4637 ἑπτακαιδεκάτη,
1487 4566 1570 4618 ἐπὶ
1649 4564 1805 4637 βασι·

215 4655 348 4716 λαίας
405 4659 565 4708 Γαίου
617 4653 854 4729 Τιϐερίου
905 4660 1185 4729 Καίσαρος
1232 4658 1365 4707 κατὰ
1411 4651 1470 4706 δὲ
1518 4657 1655 4726 ἡμᾶς
1695 4658 1812 4715 τοὺς

219 4749 563 4816 Χριστιανοὺς
620 4742 980 4816 βασιλεύοντος
1032 4752 1124 4796 τοῦ
1177 4748 1370 4814 Κυρίου
1421 4745 1565 4815 ἡμῶν
1633 4745 1811 4800 Ἰησοῦ

219 4843 468 4908 Χριστοῦ,
514 4834 554 4902 ᾧ
594 4835 622 4891 ἠ
659 4829 790 4896 δόξα
815 4839 906 4885 xui
935 4836 991 4885 τὸ
1029 4836 1216 4903 κράτος
1243 4833 1314 4894 εἰς
1343 4837 1456 4894 τοὺς
1487 4833 1675 4894 αἰῶνας
1713 4842 1811 4884 τῶν

215 4924 427 4976 αἰώνων.
469 4924 652 4992 ’Δμήν.

1977 3504 2037 3557 Χ.
2070 3503 2230 3556 Tunc
2260 3501 2550 3552 venerunt
2577 3496 2851 3552 homines
2882 3497 3137 3567 religiosi
3171 3503 3228 3554 et
3259 3499 3366 3555 viri
3415 3499 3559 3571 justi

1908 3591 2185 3661 reliquias
2208 3603 2244 3643 a
2263 3587 2458 3641 cinere
2485 3589 2873 3649 secreverunt,
2906 3591 3080 3658 atque
3101 3587 3161 3642 in
3188 3603 3325 3644 eum
3355 3588 3556 3644 locum

1911 3679 2185 3741 tulerunt,
2218 3675 2320 3730 ubi
2352 3689 2556 3745 preces
2607 3677 2664 3728 et
2719 3673 2981 3744 psalmos
3036 3690 3178 3730 suos
3245 3677 3504 3732 canebat
3544 3694 3556 3743 ;

1910 3769 2152 3838 ejusque
2185 3764 2364 3821 funus
2388 3766 2682 3827 curarunt,
2720 3766 2782 3817 ut
2811 3762 3064 3818 civitatis
3090 3779 3224 3819 mos
3278 3770 3423 3820 erat.
3456 3765 3559 3820 Re-

1910 3856 2126 3928 liquias
2156 3859 2353 3909 autem
2382 3851 2789 3921 deposuerunt
2811 3850 2868 3904 in
2889 3849 3022 3905 loco
3055 3850 3261 3906 illustri
3297 3868 3327 3906 e
3352 3852 3563 3923 lapidi-

1911 3945 2024 4001 bus
2055 3941 2272 4008 exciso,
2304 3939 2491 4009 ipsius
2537 3937 2890 3994 memoriam
2931 3939 3125 3993 sobrie
3161 3943 3217 3994 et
3268 3940 3363 4010 pie
3422 3957 3561 3997 cum

1911 4031 2189 4106 precibus
2215 4028 2602 4091 celebrantes,
2633 4043 2755 4099 quo
2786 4026 2928 4082 nihil
2959 4027 3282 4099 pretiosius
3313 4028 3564 4085 Alexan-

1910 4122 2085 4178 drina
2096 4119 2301 4176 civitas
2317 4116 2671 4189 possidebat.
2691 4116 2825 4172 Illas
2840 4120 3041 4171 autem
3058 4116 3342 4188 reliquias
3369 4118 3569 4175 Orien-

1912 4216 2030 4266 tem
2087 4223 2299 4264 versus
2356 4205 2740 4262 collocarunt.
2785 4205 2982 4260 Codex
3034 4205 3144 4259 MS.
3203 4206 3381 4261 etiam
3436 4207 3564 4264 haec

1913 4299 2113 4356 addit:
2148 4296 2273 4352 Fuit
2302 4299 2501 4350 autem
2533 4293 2728 4349 forma
2756 4292 3085 4349 beatissimi
3135 4295 3307 4350 Marci
3361 4295 3566 4364 hujus-

1917 4385 2079 4444 modi
2115 4408 2126 4439 :
2161 4386 2360 4452 Longo
2409 4398 2580 4447 naso,
2609 4381 2905 4437 subducto
2953 4381 3288 4453 supercilio,
3321 4384 3570 4454 pulcher

1917 4474 2125 4541 oculis,
2174 4472 2552 4534 recalvaster,
2591 4470 2816 4542 prolixa
2863 4470 3077 4537 barba,
3110 4472 3300 4534 velox,
3328 4472 3570 4529 habitu-

1919 4563 2076 4619 dinis
2114 4561 2374 4632 optimae,
2409 4559 2598 4614 atatis
2630 4558 2862 4622 mediae,
2896 4560 3063 4614 canis
3097 4575 3401 4631 aspersus,
3431 4561 3571 4616 affe-

1920 4653 2114 4708 ctione
2139 4649 2472 4711 continens,
2506 4646 2699 4717 gratia
2724 4648 2818 4702 Dei
2873 4648 3105 4719 plenus.
3139 4651 3342 4706 Beatus
3398 4651 3575 4720 igitur

1923 4744 2147 4797 Marcus
2200 4737 2578 4807 evangelista,
2638 4736 2866 4808 primus
2933 4737 3141 4794 Christi
3218 4744 3444 4810 martyr
3516 4740 3575 4795 in

1922 4829 2155 4901 Egypti
2207 4825 2583 4893 Alexandria,
2627 4839 2848 4890 mense,
2903 4825 3006 4897 qui
3058 4826 3220 4898 apud
3273 4828 3578 4899 Egyptios

1927 4916 2335 4979 Pharmutius,
2350 4913 2576 4985 etapud
2593 4913 2867 4969 Hebraeos
2882 4914 3060 4970 Nisan
3074 4915 3308 4980 dicitur,
3323 4917 3579 4987 septimo

214 5011 510 5068 Kalendas
556 5012 708 5077 Maii,
763 5016 824 5067 ut
872 5012 1122 5069 Romani
1166 5016 1502 5074 numerant,
1529 5011 1643 5066 hoc
1695 5014 1805 5075 est,
1841 5008 2053 5080 Aprilis
2105 5005 2388 5060 vicesimo
2441 5004 2671 5075 quinto,
2704 5001 2869 5066 obiit,
2905 5005 3262 5075 imperatore
3333 5004 3578 5061 Claudio

212 5103 438 5158 Nerone
462 5101 729 5157 Caesare:
764 5100 940 5156 nobis
978 5106 1178 5157 autem
1209 5099 1552 5156 Christianis
1579 5100 1907 5170 imperante
1950 5095 2203 5152 Domino
2257 5097 2460 5149 nostro
2510 5093 2648 5147 Jesu
2701 5091 2930 5146 Christo
2964 5111 2976 5160 ;
3009 5092 3101 5147 cui
3154 5093 3342 5162 gloria
3392 5099 3482 5149 est
3525 5099 3583 5150 et

209 5189 531 5263 imperium
557 5205 696 5247 cum
727 5192 897 5246 Patre
925 5195 982 5245 et
1009 5188 1231 5261 Spiritu
1270 5194 1498 5255 sancto,
1532 5189 1593 5244 in
1623 5187 1841 5244 smeula
1879 5185 2258 5250 saeculorum,
2296 5188 2502 5238 Amen.

289 5317 308 5350 ¹
350 5317 486 5372 Luc.
528 5330 692 5381 xxiii,
733 5312 826 5369 46.

440 5557 686 5614 Ρλτκοι..
724 5554 831 5610 Gn.
880 5551 1037 5610 CXV.
