4062 6222
523 287 616 338 171

1931 292 2182 347 MENSIS
2204 293 2512 349 'APRILIS.

3791 295 3887 349 172

1084 521 1729 609 ΜΑΡΤΥΡΙΟΝ
1790 523 2005 608 ΤΟΥ
2061 525 2405 611 ΑΓΙΟΥ
2468 524 3300 613 ΙΕΡΟΜΑΡΤΥΡΟΣ

1827 722 2025 839 AN
2045 724 2546 843 ΘΙΜΟΥ

1765 912 2150 960 ΕΠΙΣΚΟΠΟΥ
2180 912 2398 962 NIKOM
2413 916 2643 964 ΗΔΟΥΣ.

1839 1214 2512 1304 MABTYRIUM

779 1401 1461 1546 SANGTI

1633 1405 2154 1548 MART

2267 1409 2629 1552 TRIS
2801 1410 3052 1548 AN
3066 1409 3641 1553 ΤΗΙΜΙ

1981 1663 2299 1721 EPISCOPI
2329 1665 2722 1722 NlCOMEDI/E

521 1813 724 1874 (Latine
753 1811 897 1876 apud
926 1811 1139 1862 Surium
1168 1811 1236 1862 ad
1267 1811 1408 1862 diem
1428 1813 1488 1862 27
1517 1812 1747 1876 Aprilis;
1779 1813 1988 1864 Graecus
2016 1817 2194 1864 textus
2219 1829 2364 1865 nunc
2399 1817 2635 1878 primum
2669 1816 2843 1866 editur
2872 1830 2934 1866 ex
2964 1815 3088 1868 cod.
3125 1818 3253 1881 Reg.
3292 1816 3454 1866 Paris.
3497 1818 3635 1866 1489.
3672 1829 3882 1871 δείλη.

2010 1894 2130 1944 Emr
2162 1895 2336 1958 Pun.)

594 2178 634 2233 l.
678 2176 820 2242 Quis
853 2176 1054 2244 nescit,
1087 2191 1268 2248 quam
1298 2175 1543 2249 pulchre
1567 2178 1814 2249 quidem
1839 2177 1951 2234 sita
1981 2179 2055 2236 sit
2074 2180 2168 2235 Ni-
2201 2184 2243 2235 A

520 2267 814 2331 comedia,
844 2272 900 2322 et
918 2270 1145 2338 quanta
1159 2267 1296 2338 sitej
1309 2283 1376 2321 us
1395 2267 2165 2342 magnitudo,quantusque

520 2357 594 2412 sit
613 2357 741 2427 ejus
757 2355 1055 2428 splendor,
1079 2360 1376 2427 etquanta
1407 2356 1805 2426 pulchritudo,
1833 2364 1886 2411 et
1909 2359 2072 2428 quod
2097 2375 2167 2415 ea

522 2447 594 2502 sit
615 2463 721 2502 arx
742 2446 1011 2502 omnium
1036 2445 1339 2501 civitatum
1357 2446 1712 2501 Nicomediae
1729 2447 1798 2516 (Γ.
1821 2447 2167 2519 Bithyniae)?

519 2535 635 2592 Sed
660 2535 940 2608 quamvis
972 2551 1042 2590 ea
1067 2534 1149 2589 sic
1180 2550 1240 2588 se
1270 2535 1508 2604 habeat,
1543 2540 1599 2590 et
1628 2535 1703 2590 ad
1760 2541 1986 2590 tantam
2035 2553 2168 2608 pro-

519 2624 763 2681 cesserit
786 2623 1162 2693 elegantiam,
1187 2639 1295 2678 suo
1321 2627 1520 2679 tamen
1544 2624 1808 2692 germine
1829 2625 2018 2694 magis
2046 2625 2168 2694 glo-

517 2714 721 2777 riatur,
749 2728 932 2785 quam
956 2711 1047 2767 his
1091 2711 1396 2767 omnibus.
1427 2713 1500 2766 Ex
1541 2727 1612 2767 ea
1655 2713 1837 2779 enim,
1872 2717 2163 2785 tanquam

517 2818 840 2873 generosus
872 2816 1096 2866 ramus,
1128 2799 1320 2855 editus
1351 2805 1442 2855 est
1470 2801 1814 2868 Anthimus,
1851 2800 2164 2874 ﬂoruitque

515 2895 573 2947 et
602 2890 879 2963 pulchros
911 2891 1133 2945 fructus
1172 2888 1462 2961 produxit.
1493 2892 1644 2946 Nam
1688 2891 1870 2946 modo
1919 2892 2164 2963 quidem

515 2984 848 3036 excesserat
870 2995 941 3034 ex
979 2979 1245 3042 infantia,
1284 2982 1342 3034 et
1399 2978 1457 3032 in
1488 2994 1558 3033 eo
1588 2978 1886 3034 bonorum
1927 2997 2162 3036 morum

510 3067 762 3124 ﬂorebat
787 3066 983 3123 omnis
1017 3067 1224 3137 gratia.
1252 3069 1316 3121 Et
1331 3067 1458 3136 jam
1478 3073 1748 3122 evaserat
1786 3068 2161 3136 adolescens,

514 3164 569 3212 et
614 3162 738 3212 erat
794 3155 1194 3224 intelligentiae
1250 3155 1449 3210 multis
1506 3157 1773 3211 numeris
1823 3158 2158 3213 absolutus.

512 3247 842 3318 Postquam
860 3247 1060 3300 autem
1081 3245 1142 3298 in
1163 3244 1428 3299 virorum
1455 3260 1771 3299 numerum
1805 3252 1893 3300 est
1915 3247 2157 3313 relatus,

512 3340 569 3391 et
596 3351 698 3390 eos
727 3334 950 3389 fructus
976 3333 1256 3405 percepit,
1286 3332 1540 3404 quisunt
1567 3333 1717 3388 inter
1737 3334 1912 3400 viros,
1945 3341 2000 3390 et
2022 3352 2159 3391 ven-

508 3424 578 3480 tri
610 3423 942 3495 imperavit,
987 3423 1198 3493 iraaque
1250 3426 1303 3477 et
1351 3423 1516 3476 carni
1569 3427 1660 3478 est
1711 3424 2070 3491 moderatus,
2104 3431 2160 3480 et

506 3513 886 3570 mundanum
916 3511 1076 3566 hunc
1108 3510 1325 3566 fastum
1367 3510 1695 3577 abhorruit,
1730 3517 1850 3567 toto
1891 3517 2158 3585 tempore
2193 3537 2236 3592 Β

504 3602 754 3660 vacabat
785 3600 1057 3668 orationi,
1089 3605 1144 3655 et
1169 3600 1511 3656 divinarum
1541 3616 1740 3656 rerum
1763 3602 2152 3658 meditationi.

505 3695 749 3748 Matrem
777 3696 975 3746 autem
1000 3690 1280 3744 virtutum
1310 3689 1658 3745 charitatem
1691 3691 1961 3746 studiose
1987 3708 2154 3747 exer-

503 3782 642 3837 cuit.
678 3783 745 3838 Se
772 3785 972 3836 autem
1003 3779 1061 3833 in
1074 3777 1188 3834 hoc
1209 3778 1488 3849 praeclare
1507 3779 1706 3848 gessit,
1727 3780 1892 3851 quod
1915 3796 2155 3852 semper

503 3877 655 3928 esset
681 3871 970 3942 gravitate
992 3868 1296 3940 praeditus,
1313 3873 1370 3924 et
1396 3868 1839 3938 cogitabundus
1865 3876 1920 3925 et
1943 3870 2153 3926 sollici-

503 3965 617 4017 tus.
649 3964 835 4018 Tanta
867 3963 1069 4016 autem
1106 3964 1349 4014 ornatus
1381 3962 1505 4013 erat
1533 3958 1880 4022 humilitate,
1917 3964 1978 4014 ut
2010 3961 2152 4015 satis

499 4055 674 4117 esset,
718 4050 766 4105 si
793 4049 882 4104 vel
908 4047 1102 4103 solum
1159 4047 1474 4111 videretur,
1518 4045 1595 4100 ad
1653 4048 2150 4118 compungendas

2350 2180 2428 2235 A'.
2471 2185 2558 2241 Τίς
2588 2181 2681 2232 ούκ
2723 2178 2836 2234 οἶδε
2867 2186 2959 2239 τὴν
2989 2178 3347 2254 Νικομήδους,
3403 2185 3540 2245 ὅπως
3573 2185 3662 2255 μεν
3697 2185 3881 2246 θέσεως

2277 2288 2330 2321 τε
2374 2275 2462 2321 καὶ
2505 2272 2771 2342 μεγέθους,
2848 2273 2983 2332 ὅπως
3040 2268 3098 2323 δε
3150 2271 3509 2345 λαμπρότητος
3569 2277 3658 2324 καὶ
3735 2275 3881 2346 ὡρῶν

2278 2360 2390 2429 ἔχει
2437 2364 2525 2410 καὶ
2583 2361 2650 2419 ὡς
2699 2369 2787 2418 τῆς
2844 2362 3066 2411 Βιθυνῶν
3121 2363 3292 2420 πάσης
3349 2360 3544 2421 πόλεως
3601 2360 3879 2434 ἀκρόπολίς

2277 2445 2417 2498 ἐστιν
2472 2449 2626 2505 αὕτη.
2675 2447 2830 2500 Ἀλλά
2877 2454 2966 2500 καὶ
3017 2450 3175 2509 οὕτως
3225 2453 3428 2520 ἔχουσα
3471 2456 3560 2502 καὶ
3609 2451 3680 2511 εἰς
3726 2458 3879 2502 τοῦτο

2276 2535 2434 2587 καλοῦ
2487 2536 2868 2609 προσελθοῦσα,
2925 2545 2996 2606 τῷ
3051 2539 3222 2608 οἰκείῳ
3295 2538 3509 2610 βλαστῷ
3597 2539 3786 2610 μᾶλλον
3841 2541 3874 2599 ἡ

2277 2631 2410 2676 πᾶσι
2469 2629 2672 2687 τούτοις
2728 2629 3048 2697 σεμνύνεται·
3101 2631 3298 2689 ταύτης
3352 2631 3452 2700 γάρ
3505 2630 3529 2679 ό
3577 2631 3880 2700 θαυμαστός

2277 2713 2521 2785 Ἃδθιμος
2579 2719 2711 2766 κατά
2772 2719 2892 2776 τούς
2954 2715 3170 2786 εὐγενεῖς
3224 2713 3452 2778 κλάδους
3513 2715 3728 2774 ἀνεδόθη
3785 2722 3877 2768 καὶ

2276 2805 2471 2860 ἤνθησε
2518 2809 2606 2855 καὶ
2659 2804 2847 2866 καλούς
2893 2806 3072 2875 ἦνεγκε
3126 2810 3246 2867 τοὺς
3292 2809 3542 2880 καρπούς.
3587 2806 3739 2878 Ἄρτι
3785 2811 3878 2878 μὲν

2277 2890 2362 2944 οὖν
2410 2898 2503 2950 τὴν
2542 2903 2638 2944 τῶν
2674 2899 2869 2950 νηπίων
2921 2894 3126 2952 ἠλικίαν
3177 2895 3461 2970 ὑπερανέϐη
3504 2900 3592 2946 καὶ
3621 2905 3876 2967 χρηστῶν

2277 2982 2415 3052 αὐτῷ
2468 2989 2614 3033 πᾶσα
2657 2986 2817 3056 χάρις
2871 2985 3009 3041 ἠθῶν
3050 2983 3273 3041 ἐπήνθει·
3341 2987 3607 3058 μειράκιόν
3656 3004 3710 3036 τε
3763 2980 3875 3042 ἤδη

2275 3070 2496 3141 ἐγεγόνει
2553 3076 2638 3123 καὶ
2693 3071 2848 3143 πολλῇ
2902 3080 2962 3144 τῇ
3019 3078 3222 3125 συνέσει
3252 3079 3605 3148 κατήρτυστο.
3658 3071 3874 3132 Ἐπειδὴ

2276 3156 2452 3212 δὲκαὶ
2507 3161 2572 3220 είς
2620 3157 2813 3235 ἄνδρας
2847 3160 3113 3235 ἐγράφετο,
3147 3165 3208 3213 τὰ
3252 3165 3300 3214 ἐν
3344 3160 3571 3237 ἀνδράσι
3614 3182 3666 3214 τε
3697 3162 3874 3233 ἀγαθά

2273 3248 2577 3323 ἐκαρποῦτο,
2628 3255 2715 3301 καὶ
2758 3254 2985 3324 γαστρός
3016 3247 3172 3324 ἦρχε,
3215 3257 3303 3303 καὶ
3335 3254 3500 3323 θυμοῦ
3545 3257 3633 3304 καὶ
3677 3255 3874 3324 σαρκὸς

2273 3337 2494 3410 ἐκράτει,
2547 3343 2638 3396 τὴν
2691 3345 2950 3411 κοσμικὴν
2993 3359 3044 3392 τε
3081 3343 3275 3398 ταύτην
3309 3337 3520 3393 διέπτυε
3559 3346 3867 3412 φαντασίαν,

2271 3431 2360 3477 καὶ
2415 3431 2589 3501 καιρὸς
2632 3427 2766 3489 ἄπας
2807 3428 2946 3498 αύτῷ
3000 3433 3127 3500 πρὸς
3177 3429 3337 3500 εὐχῆς
3391 3426 3452 3488 ἦν
3505 3429 3736 3502 ἀσχολίᾳ
3774 3435 3869 3482 καὶ

2271 3524 2369 3566 τῶν
2426 3518 2571 3567 θείων
2621 3517 2824 3589 μελέτη.
2879 3522 2983 3575 Τὴν
3033 3522 3205 3589 μέντοι
3250 3527 3348 3570 τὼν
3399 3517 3589 3593 ἀρετῶν
3643 3521 3866 3590 μητερα,

2269 3609 2361 3662 τὴν
2416 3604 2642 3675 ἀγάπην,
2694 3606 2978 3677 φιλοπόνως
3009 3607 3178 3672 ἦσκει,
3217 3611 3397 3658 καὶτὸ
3447 3604 3741 3678 ἀδιάχυτον
3774 3612 3870 3658 καὶ

2265 3692 2388 3764 παρ’
2429 3693 2539 3744 ὅλον
2593 3698 2676 3745 τὸν
2733 3693 2848 3765 βίον
2905 3700 2993 3747 καὶ
3045 3700 3482 3769 μεμεριμνημένον
3547 3695 3658 3767 μεθ’
3712 3697 3870 3770 ὑπερ-

2266 3781 2416 3842 ϐολῆς
2467 3786 2634 3853 τούτῳ
2683 3787 3013 3858 κατωρθωτο·
3070 3789 3153 3836 καὶ
3206 3788 3438 3858 τοσαύτη
3503 3786 3744 3836 πάντοθεν
3797 3792 3861 3856 τῇ

2263 3875 2700 3944 ταπεινοφροσύνῃ
2761 3872 3079 3945 ἐκεκόσμητο
3128 3876 3192 3934 ὡς
3237 3877 3412 3926 ἱκανόν
3462 3871 3591 3926 εἶναι
3641 3879 3730 3926 καὶ
3765 3879 3867 3945 μό-

2261 3979 2344 4010 νον
2393 3962 2644 4034 όρωμενον
2696 3961 2884 4023 πολλάς
2915 3971 3013 4014 τῶν
3057 3962 3336 4036 φιλαρέτων
3367 3963 3650 4026 κατανύξαι
3675 3962 3862 4035 ψυχὰς

2261 4053 2348 4101 καὶ
2389 4049 2454 4110 εἰς
2487 4049 2686 4123 ἀρητῆς
2716 4048 2952 4104 ἐπίδοσιν
2983 4050 3215 4124 ἀγαγεῖν.

499 4141 736 4196 animas
761 4153 989 4200 eorum,
1023 4135 1125 4208 qui
1148 4140 1317 4190 erant
1346 4134 1591 4190 studiosi
1621 4134 1878 4200 virtutis,
1909 4141 1964 4190 et
1995 4136 2072 4191 ad
2099 4138 2441 4207 augendam
2476 4139 2771 4194 virtutem.

570 4229 636 4281 ll.
682 4227 976 4292 Quoniam
1022 4240 1163 4296 ergo
1202 4224 1304 4295 qui
1343 4223 1424 4278 sic
1465 4223 1645 4278 vitam
1687 4225 1922 4294 agebat,
1961 4230 2014 4280 et
2055 4226 2148 4282 vel

498 4316 760 4372 maxime
790 4314 1058 4371 vocalem
1076 4328 1414 4385 praeconem
1433 4312 1739 4383 propriam
1759 4313 2142 4370 habebatvir-

497 4409 704 4471 tutem,
738 4420 848 4460 nec
880 4403 1074 4468 celari,
1117 4418 1226 4457 nec
1255 4401 1434 4457 latere
1462 4407 1714 4474 poterat,
1761 4403 2028 4458 evehitur
2073 4405 2147 4459 ad

495 4494 792 4550 excelsam
851 4493 1055 4548 sedem
1110 4489 1445 4556 sacerdotii,
1478 4495 1533 4545 et
1574 4490 1633 4544 in
1665 4491 2147 4564 presbyterorum

494 4580 997 4640 cathedralaudat
1012 4579 1510 4636 Dominumzcum
1543 4585 1736 4635 tamen
1763 4597 1884 4637 non
1905 4589 2144 4654 repente

494 4673 566 4728 ad
593 4673 651 4727 id
683 4671 1062 4745 pervenisset,
1099 4684 1292 4741 neque
1322 4685 1444 4724 suae
1477 4670 1609 4724 vitae
1641 4671 1995 4741 prooemium
2057 4673 2142 4726 fe-

492 4763 667 4818 cisset
693 4761 1085 4817 sacerdotium
1115 4777 1128 4814 :
1164 4759 1266 4813 sed
1297 4775 1434 4813 cum
1457 4775 1517 4814 se
1543 4760 1708 4830 prius
1739 4767 1893 4815 recte
1926 4761 2144 4830 gessis-

492 4857 577 4908 set
605 4851 665 4906 in
699 4849 899 4906 multis
932 4849 1063 4906 aliis
1092 4848 1399 4918 gradibus,
1434 4853 1491 4902 et
1543 4849 1628 4902 eis
1689 4850 2140 4906 convenientem
2180 4869 2219 4924 ρ

489 4941 844 4998 exercuisset
873 4938 1172 5003 virtutem,
1205 4942 1262 4992 et
1291 4937 1420 4992 haec
1447 4938 1650 4992 omnia
1681 4937 1953 4994 tulissent
1983 4942 2140 4994 testi-

488 5031 780 5095 monium,
796 5029 957 5102 quod
972 5028 1188 5097 dignus
1205 5032 1358 5082 esset
1376 5026 1804 5098 superioribus,
1839 5029 1920 5082 sic
1934 5043 2139 5083 ascen-

487 5119 656 5176 ditad
672 5133 956 5189 magnam
971 5116 1326 5186 dignitatem
1339 5115 1675 5180 sacerdotii,
1695 5131 1813 5170 non
1845 5116 2136 5172 honorem

483 5225 868 5282 persequens,
901 5222 1011 5261 nec
1036 5206 1323 5278 arripiens
1353 5222 1364 5258 :
1400 5204 1506 5260 sed
1533 5203 1605 5259 ab
1633 5203 1737 5258 illo
1775 5205 1972 5276 potius
2023 5222 2136 5277 ap-

483 5299 836 5372 prehensus,
857 5296 1084 5352 etiamsi
1099 5294 1229 5365 ipse
1243 5311 1303 5350 se
1317 5293 1522 5366 procul
1536 5293 1882 5349 removebat
1897 5299 2137 5368 propter

484 5402 789 5441 summam
815 5383 1231 5439 humilitatem.
1263 5382 1479 5438 Deinde
1509 5381 1739 5437 excedit
1760 5381 2009 5452 quidem
2064 5399 2136 5438 ex

481 5472 958 5544 hominibus,qui
975 5470 1484 5527 Nicomediwtunc
1496 5470 1977 5541 eratepiscopus.
2000 5462 2136 5527 Erat

485 5569 687 5621 autem
718 5565 954 5633 pastore
987 5559 1160 5616 vidua
1184 5559 1463 5625 Ecclesia,
1496 5563 1552 5616 et
1581 5575 1643 5614 se
1674 5575 1802 5615 esse
1832 5559 2130 5618 desertam

2329 4226 2399 4279 Β’.
2440 4224 2650 4286 Ἐπειδὴ
2707 4233 2876 4280 τοίνυν
2929 4230 3063 4282 ούτω
3121 4229 3366 4303 βιοοῦντα
3421 4235 3506 4283 καὶ
3561 4230 3863 4303 πολυφωνό-

2257 4336 2408 4368 τατον
2458 4322 2550 4375 τὴν
2595 4314 2733 4370 ἰδίαν
2783 4317 2966 4393 ἀρετὴν
3019 4321 3211 4390 ἔχοντα
3263 4326 3486 4392 κήρυκα,
3530 4321 3588 4372 ού
3635 4323 3863 4393 κρύπτε-

2258 4407 2382 4457 σθαι
2414 4403 2537 4458 ούδὲ
2565 4407 2840 4460 ιλανθάνειν
2872 4409 3013 4479 ἐξῇν,
3063 4415 3151 4461 καὶ
3181 4413 3266 4460 τόν
3320 4409 3518 4480 ὑψηλόν
3568 4419 3662 4472 τῆς
3706 4412 3859 4484 ἱερω-

2260 4498 2414 4555 σύνης
2481 4495 2686 4568 βαθμὸν
2737 4496 2999 4568 ἀνάγεται,
3065 4497 3147 4550 ἐπὶ
3193 4499 3320 4550 αἰνεῖ
3377 4498 3424 4550 ἒν
3490 4499 3858 4573 πρεσϐυτέρων

2255 4581 2487 4658 καθέδρᾳ
2517 4589 2602 4636 τὸν
2653 4589 2860 4657 Κύριον·
2895 4587 2986 4638 ούκ
3031 4586 3214 4659 ἀθρόον
3250 4587 3472 4640 ἐνταῦθα
3518 4587 3692 4654 ἐλθὼν,
3728 4585 3862 4641 οὐδε

2256 4679 2526 4746 προοίμιον
2574 4682 2663 4726 τού
2706 4673 2827 4745 βίου
2876 4680 2968 4732 τὴν
3014 4678 3297 4748 ἱερωσύνην
3337 4681 3692 4748 πεποιημένος,
3724 4675 3863 4729 ἀλλὰ

2255 4762 2453 4822 πολλοῖς
2509 4768 2754 4836 πρότερον
2811 4769 2899 4814 καὶ
2966 4763 3134 4826 ἄλλοις
3213 4765 3560 4838 ὼδιαπρέψας
3626 4765 3863 4838 βαθμοῖς

2253 4849 2630 4923 ἀντιμετρὴσας
2684 4870 2734 4902 τε
2797 4852 2974 4913 αὐτοῖς
3031 4852 3187 4914 ἀξίως
3246 4859 3338 4913 τὴν
3393 4854 3579 4927 ἀρετὴν
3612 4860 3701 4907 καὶ
3750 4856 3860 4907 ύπό

2251 4943 2451 4991 πάντων
2505 4942 2696 4990 τούτων
2745 4943 3113 5015 μαρτυρηθεὶς,
3169 4945 3248 4994 ὅτι
3296 4949 3384 4995 καὶ
3427 4953 3528 4995 τῶν
3576 4946 3701 5017 ύπερ
3753 4945 3860 4995 αύ-

2249 5033 2366 5089 τούς
2421 5027 2558 5080 ἐστιν
2612 5028 2774 5090 ἄξιος.
2833 5030 2983 5081 Οὕτω
3030 5039 3122 5082 τοῦ
3167 5032 3392 5103 μεγάλου
3424 5043 3515 5095 τῆς
3568 5037 3859 5105 ἱερωσύνης

2251 5116 2537 5187 ἀξιώματος
2595 5116 2863 5189 ἐπιϐαίνει9
2917 5119 2974 5170 ού
3053 5117 3248 5182 διώξας
3315 5126 3407 5178 τὴν
3487 5128 3643 5194 τιμὴν
3719 5119 3853 5175 οὐδὲ

2248 5206 2510 5276 ἀρπάσας,
2561 5207 2668 5257 ἀλλ’
2719 5209 2805 5260 ὑπ’
2856 5208 3051 5270 ἐκείνης
3100 5209 3288 5281 μᾶλλον
3331 5210 3694 5283 καταληφθεὶς,
3749 5213 3853 5263 xciv

2247 5294 2290 5345 εἰ
2329 5299 2417 5346 καὶ
2470 5293 2677 5368 σφόδρα
2716 5296 2890 5372 πόρρω
2944 5298 3121 5350 ἑαυτὸν
3175 5297 3334 5351 ἐποίει
3377 5308 3447 5370 τῷ
3499 5303 3700 5372 μεγέθει
3756 5309 3855 5362 τῆς

2245 5390 2615 5444 ταπεινώσεως.
2668 5387 2795 5438 Εἶτα
2841 5390 3047 5459 οἴχεται
3097 5389 3187 5459 μεν
3241 5388 3293 5450 ἒξ
3344 5387 3622 5461 ἀνθρώπων
3671 5391 3696 5440 ό
3752 5398 3853 5450 τῆς

2244 5469 2586 5544 Νικομηδέων
2644 5483 2932 5533 τηνιηαῦτα
2987 5477 3289 5538 ἐπίσκοπος·
3340 5475 3558 5551 ἐχήρευε
3610 5473 3668 5528 δε
3723 5496 3858 5529 ποι-

2243 5565 2392 5633 μένος
2446 5564 2475 5620 η
2529 5564 2813 5622 Ἐκκλησία
2859 5569 2948 5616 καὶ
3001 5569 3094 5622 τὴν
3121 5564 3337 5639 ἐρημίαν
3386 5565 3604 5627 ἄλεεινῶς
3648 5564 3856 5619 ἐπένθει
