4084 6216
225 307 308 361 l73
1525 300 1688 356 VITA
1731 299 1764 355 S

1883 299 2162 356 NTHIMI.

3417 310 3524 364 174

216 435 285 482 καὶ
319 434 400 485 τὴν
432 428 691 500 συμφορὰν
751 421 1063 498 ἀνωδύρετο.
1110 423 1452 498 Νικομηδέων
1505 432 1672 480 τοίνυν
1717 428 1764 478 οἱ

1879 425 2132 482 deﬂebat
2166 426 2594 494 miserabiliter,
2630 433 2684 484 et
2716 427 3070 499 deplorabat
3103 430 3525 491 calamitatem.

218 526 449 591 πρόκριτοι
498 521 578 567 καὶ
617 515 850 586 μάλιστα
910 525 1001 576 τῆς
1052 515 1366 578 Ἐκκλησίας
1420 519 1539 570 ὅσον
1591 520 1766 588 τρόφι-

214 627 288 677 μον
330 603 382 663 ἦν
430 610 482 657 τὸ
538 608 752 675 στυγνόν
802 603 961 655 ἐκεῖνο
1025 609 1113 656 καὶ
1179 609 1361 677 πικρὸν
1404 613 1500 668 τῆς
1551 604 1767 677 ἐρημίας

213 699 342 754 πάθος
388 695 440 745 ού
505 698 751 765 φέροντες,
801 695 1043 767 μάρτυρα
1113 714 1164 746 τε
1220 702 1306 754 τῆς
1361 694 1527 746 αὐτῶν
1587 693 1764 764 ψήφου

211 789 256 834 τό
302 790 435 834 Θείον
485 781 690 833 ἐκάλουν
748 786 837 832 καὶ
878 778 1080 833 ἐδέοντο
1132 785 1323 855 θερμῶς
1385 781 1766 852 ἐκκαλυφθῆναι

206 876 384 935 τούτοις,
433 871 472 922 εἰ
522 879 589 941 τῷ
638 878 752 939 Θεῷ
797 873 861 921 τὰ
903 878 996 931 τῆς
1051 871 1214 922 αὐτῶν
1253 878 1458 943 γνώμης
1503 866 1768 922 ἁπόδεκτα

206 965 286 1030 εἴη,
332 965 410 1011 καὶ
461 959 502 1012 εἰ
556 965 647 1016 τὴν
706 960 894 1010 ἄνωθεν
947 962 1116 1029 ἔχοιεν
1170 959 1342 1031 ψῆφον
1391 958 1764 1032 ἐπιμαρτυρνῦ·

209 1070 283 1102 σαν
331 1055 411 1100 xui
461 1051 618 1105 αὐτὴν
671 1053 762 1099 καὶ
803 1051 1263 1120 συμφθεγγομένην
1312 1058 1384 1118 τῷ
1432 1051 1699 1122 πράγματι
1752 1064 1762 1076 ⁸

203 1146 273 1190 καὶ
317 1135 421 1189 ἰδοῦ
477 1146 577 1209 φῶς
634 1142 770 1208 μέγα
838 1142 928 1188 καὶ
987 1139 1286 1208 θαυμαστὸν
1348 1137 1607 1210 ἤστραφε,
1675 1141 1764 1188 καὶ

204 1233 314 1298 φωνή
367 1247 437 1288 τις
483 1235 553 1296 τῷ
592 1226 820 1297 Ἀνθίμῳ
878 1227 992 1278 θεία
1041 1230 1474 1300 προσεμαρτύρει,
1527 1231 1616 1278 καὶ
1673 1230 1765 1284 τὴν

203 1318 346 1387 ψῆφον
391 1317 657 1389 ἐπεκύρου,
721 1321 808 1366 καὶ
881 1315 948 1374 εἰς
1024 1319 1177 1388 πέρας
1267 1314 1477 1386 ἀγαγεῖν
1530 1318 1766 1388 προετρέ-

204 1424 318 1456 πετο.
371 1404 423 1456 Ὁ
473 1407 562 1475 μεν
617 1400 704 1455 οὖν
771 1404 941 1464 οὕτως
991 1403 1074 1456 ἐπὶ
1130 1412 1230 1456 τῶν
1273 1403 1461 1456 οἰάκων
1505 1413 1600 1464 τῆς
1653 1405 1766 1454 Ἐκ-

200 1495 386 1554 κλησίας
430 1494 724 1556 καθέζεται,
775 1498 863 1545 καὶ
907 1497 994 1544 τὸν
1048 1493 1191 1555 οῐξιον
1240 1494 1264 1544 ό
1317 1495 1488 1566 θρόνος
1537 1492 1768 1562 απολαμ‹

202 1582 332 1642 ϐάνει,
384 1588 465 1634 xui
518 1587 609 1634 τὸν
649 1583 831 1634 οἰκεῖον
884 1581 1167 1654 ἀναιρεῖται
1221 1588 1415 1654 κόσμον
1473 1583 1501 1639 ἡ
1553 1581 1768 1638 Ἐκκλη-

205 1677 291 1735 σία,
338 1677 418 1723 καὶ
462 1676 557 1729 τήν
617 1677 900 1743 κατήφειαν
959 1670 1268 1738 ὰποτίθησι,
1323 1673 1560 1723 τοιούτου
1613 1671 1768 1740 (κατά

1875 515 2414 574 Nicomediensium
2445 518 2643 590 itaque
2674 518 2996 590 praepositi,
3040 523 3096 573 et
3128 521 3387 577 maxime
3425 524 3530 593 qui

1875 611 2041 660 erant
2072 605 2298 661 alumni
2329 607 2610 672 ecclesiae,
2645 623 2706 662 se
2754 622 2882 662 esse
2913 605 3178 662 desertos
3225 614 3532 678 aegerrime

1876 693 2150 759 ferentes,
2181 711 2392 750 omnes
2423 696 2574 750 inter
2597 711 2660 750 se
2691 695 2996 752 communi
3022 694 3309 764 suffragio
3335 697 3532 755 decer-

1877 788 2047 854 nunt,
2061 784 2336 841 Anthimo
2353 785 2770 840 mandandum
2783 801 2911 840 esse
2929 783 3365 856 episcopatum.
3383 786 3534 844 Cum

1875 874 2332 941 ergovenissent
2349 874 2425 929 ad
2452 873 2784 939 ecclesiam,
2806 877 2987 930 Deum
3011 875 3533 932 vocabanttestem

1877 977 2000 1016 sum
2025 961 2348 1028 electionis,
2382 969 2437 1019 et
2477 964 2854 1019 vehementer
2893 964 3207 1034 rogabant,
3254 968 3318 1018 ut
3342 965 3425 1019 eis
3447 981 3533 1020 re-

1877 1050 2194 1114 velaretur,
2221 1067 2299 1107 an
2312 1057 2471 1107 esset
2497 1055 2611 1108 Deo
2638 1059 2884 1124 accepta
2911 1068 3118 1108 eorum
3147 1055 3460 1121 sententia,
3479 1059 3537 1110 et

1876 1155 1954 1195 an
1981 1140 2609 1212 haberentsupernum
2626 1141 2978 1212 suffragium
3001 1141 3084 1197 eis
3117 1140 3456 1212 suffragans
3480 1150 3536 1200 et

1876 1229 2230 1300 astipulans.
2263 1232 2406 1285 Ecce
2432 1236 2634 1286 autem
2673 1229 3062 1286 circumfulsit
3093 1229 3192 1286 lux
3234 1247 3458 1303 magna
3481 1236 3537 1290 et

1877 1318 2284 1374 admirabilis:
2327 1323 2385 1374 et
2424 1335 2540 1374 vox
2566 1319 2850 1392 quaedam
2893 1319 3169 1375 Anthimo
3213 1320 3343 1376 tulit
3381 1323 3539 1378 testi-

1878 1407 2174 1476 monium,
2199 1411 2258 1462 et
2281 1423 2486 1464 eorum
2519 1408 2896 1464 conﬁrmavit
2915 1409 3287 1477 electionem,
3321 1415 3376 1465 et
3401 1410 3536 1466 hor-

1878 1500 2000 1551 tata
2024 1500 2132 1561 est,
2152 1500 2214 1550 ut
2238 1497 2314 1551 ad
2330 1496 2604 1552 effectum
2634 1497 3012 1552 deducerent.
3031 1503 3218 1570 Atque
3243 1499 3327 1554 sic
3339 1500 3532 1570 praeﬁ-

1878 1584 2026 1639 citur
2039 1585 2209 1640 clavo
2231 1585 2493 1655 regendo
2509 1585 2797 1650 Ecclesiae,
2813 1593 2867 1640 et
2883 1585 3055 1641 sedes
3071 1587 3259 1642 virum
3283 1588 3534 1658 dignum

1877 1673 2141 1744 suscipit,
2176 1678 2231 1728 et
2259 1689 2433 1728 suum
2465 1679 2886 1730 ornamentum
2917 1675 3128 1747 accipit
3157 1676 3449 1732 Ecclesia:
3481 1683 3536 1732 et

205 1761 386 1829 Παῦλον)
433 1759 783 1818 ἀνεπιλήπτου
823 1762 978 1832 φάναι
1024 1766 1112 1812 καὶ
1159 1761 1293 1812 ούτω
1343 1768 1503 1832 σοφοῦ
1543 1765 1632 1813 καὶ
1676 1779 1764 1831 με-

1879 1761 2122 1834 deponit
2154 1762 2468 1828 tristitiam,
2504 1768 2565 1817 ut
2603 1779 2738 1834 quae
2769 1763 2920 1820 adeo
2952 1764 3038 1835 (ut
3065 1780 3203 1819 cum
3236 1765 3417 1821 Paulo
3450 1766 3536 1821 di-

206 1851 330 1921 γῶου
355 1859 596 1922 τυχοῦσα
623 1858 716 1903 τοῦ
749 1851 1051 1904 ἐπιστάτου.

265 2030 312 2080 Γ.
364 2027 415 2080 Ὀ
465 2024 523 2080 δι
580 2030 722 2079 κατὰ
770 2031 892 2088 τοῦς
950 2028 1179 2098 ἀγαθούς
1253 2026 1571 2099 κυϐερνήτας
1636 2031 1767 2101 πρὸς

209 2124 318 2167 τοῦτο
355 2124 496 2188 μόνον
541 2118 647 2186 ὅλῳ
695 2125 766 2187 τῷ
822 2115 1066 2188 ὀφθαλμῷ
1119 2116 1252 2190 ἑώρα
1296 2121 1382 2168 καὶ
1444 2119 1766 2188 παρεσκεύα-

206 2225 291 2268 στο,
340 2209 464 2269 ὅπως
511 2227 565 2260 τε
613 2210 702 2258 τόν
758 2206 989 2278 χαλεπόν
1038 2215 1130 2266 τῆς
1205 2206 1442 2268 ἀσεϐείας
1510 2211 1766 2276 κοιμίσειε

202 2291 414 2357 κλύδωνα,
455 2303 541 2348 καὶ
586 2298 723 2355 ὅπως
772 2299 862 2357 τας
909 2305 1006 2347 τῶν
1069 2295 1429 2367 συμπλεόντων
1473 2294 1658 2366 ψυχὰς
1700 2295 1764 2354 εἰς

200 2389 266 2434 τόν
324 2385 488 2456 λιμένα
573 2394 669 2438 τοῦ
728 2390 854 2438 Θεοῦ
929 2387 1313 2457 καθορμίσειεν.
1375 2383 1530 2438 Οἶδεν
1590 2383 1765 2445 Ἱνδης

200 2482 329 2524 ταῦτα
355 2482 436 2526 xui
479 2481 655 2547 Δόμνα
687 2493 699 2504 '
734 2472 910 2535 ’Ἰνδης
953 2475 1139 2538 ἐκεῖνος
1193 2474 1320 2550 ἀνὴρ
1374 2477 1675 2546 θαυμαστός
1715 2495 1765 2529 τε

200 2562 566 2626 ναιὰξιέπαινος
617 2582 628 2592 ·
678 2564 830 2616 αὐτόν
873 2568 962 2636 μὲν
1009 2563 1234 2636 βασιλέα
1261 2570 1349 2616 καὶ
1399 2567 1466 2616 τὰ
1492 2571 1606 2638 περὶ
1667 2563 1760 2636 βα-

200 2651 312 2703 σιλέα
370 2655 531 2704 πάντα
590 2652 912 2719 καταλιπὼν,
964 2661 1025 2725 τῇ
1073 2652 1307 2724 εὐσεϐείᾳ
1365 2650 1424 2705 δὲ
1491 2657 1620 2725 μετὰ
1674 2663 1766 2716 τῆς

1541 2742 1766 2814 βασιλέα

585 2852 597 2863 ·
637 2827 758 2884 ούδε
804 2832 1075 2902 Γλυκέριος
1120 2839 1205 2884 καὶ
1261 2833 1508 2904 Θεόφιλος
1548 2841 1642 2894 τῆς
1673 2841 1764 2885 τοῦ

199 2751 360 2809 Δομνης
430 2744 696 2814 προτεθεὶς
770 2748 858 2794 xui
915 2746 999 2793 τὸν
1078 2748 1244 2795 κοινόν
1309 2745 1463 2814 οἶμφω

197 2829 356 2888 πλουτη
366 2851 537 2893 σαντες

198 2915 355 2991 αιδρός
399 2927 508 2992 περὶ
549 2926 650 2978 τήν
690 2919 950 2974 εὐσέϐειαν
1000 2918 1241 2981 σπουδῆς
1273 2924 1538 2991 ἄγευστοι,
1593 2925 1764 2974 ἱκανὸν

196 3016 319 3060 τοῦτο
359 3014 636 3082 τεκμήριον
683 3013 768 3061 τόν
795 3011 920 3082 ὑπὲρ
960 3017 1194 3083 Χριστοῦ
1242 3013 1456 3064 θάνατον
1489 3017 1764 3083 παρασχό-

1877 1866 2010 1906 cam
2043 1850 2684 1921 1)irreprehensibilem
2714 1856 2770 1906 et
2792 1851 2944 1907 adeo
2976 1853 3308 1924 sapientem
3337 1858 3393 1909 et
3411 1870 3535 1912 ma-

1878 1955 2066 2010 gnum
2100 1940 2175 1995 sit
2204 1946 2481 1996 assecuta
2507 1940 2876 2012 praefectum.

1949 2028 2033 2083 lll.
2079 2027 2177 2085 llle
2203 2031 2745 2102 autem,quomodo
2776 2030 2919 2085 boni
2949 2029 3399 2100 gubernatores,
3420 2031 3535 2088 hoc

1877 2118 2070 2173 solum
2117 2119 2444 2189 spectabat.
2491 2123 2547 2174 et
2574 2119 2650 2175 ad
2682 2118 2738 2173 id
2773 2135 2837 2174 se
2879 2119 3152 2191 parabat,
3211 2126 3272 2176 ut
3303 2121 3538 2177 sedaret

1876 2223 2090 2276 graves
2113 2207 2327 2264 ﬂuctus
2357 2208 2698 2280 impietatis,
2728 2213 2784 2263 et
2824 2213 2886 2263 ut
2913 2208 3146 2265 animas
3185 2226 3393 2265 eorum
3433 2210 3536 2281 qui

1877 2296 2052 2352 simul
2080 2313 2218 2352 cum
2247 2313 2316 2354 eo
2348 2297 2738 2366 navigabant,
2766 2299 2842 2352 ad
2875 2304 3110 2369 portum
3142 2298 3236 2354 Dei
3273 2299 3534 2354 duceret.

1874 2385 1998 2440 Hoc
2023 2387 2187 2440 novit
2208 2384 2380 2441 lndes
2402 2390 2459 2442 et
2479 2385 2729 2441 Domna.
2759 2385 2930 2440 ludes
2947 2386 3042 2442 ille
3065 2387 3149 2442 vir
3167 2386 3538 2443 admirabilis

1875 2479 1932 2530 et
1961 2473 2138 2530 laude
2164 2474 2404 2543 dignus,
2437 2475 2560 2546 qui,
2587 2475 2786 2530 relicto
2814 2475 3170 2546 imperatore
3202 2476 3539 2545 etimpera-

1874 2563 2017 2619 toris
2044 2563 2223 2618 rebus
2253 2563 2559 2626 omnibus,
2587 2579 2723 2618 cum
2763 2565 2994 2619 Domna
3024 2563 3270 2619 accessit
3303 2565 3380 2619 ad
3413 2565 3531 2636 pie-

1875 2656 2080 2717 tatem,
2110 2656 2168 2706 et
2197 2667 2582 2706 communem
2625 2666 2826 2720 regem
2866 2653 3048 2707 ambo
3081 2658 3216 2706 sunt
3246 2653 3529 2718 assecuti,

1877 2744 2076 2812 Neque
2115 2739 2422 2812 Glycerius
2461 2746 2514 2796 et
2553 2739 2910 2811 Theophilus
2969 2739 3206 2795 fuerunt
3264 2746 3534 2812 expertes

1877 2831 2052 2885 studii
2099 2831 2278 2900 nujus
2331 2829 2436 2884 viri
2490 2829 2746 2901 pietatis,
2778 2829 2880 2901 qui
2913 2829 3026 2884 hoc
3059 2829 3359 2884 sufﬁciens
3393 2845 3537 2901 praa-

1875 2919 2060 2975 buere
2103 2918 2528 2986 testimonium,
2569 2933 2786 2989 nempe
2827 2922 3082 2973 mortem
3123 2934 3230 2990 pro
3281 2919 3534 2975 Christo.

1877 3013 2075 3081 Neque
2118 3008 2234 3064 alia
2266 3007 2579 3064 multitudo
2605 3007 2810 3077 viginti
2853 3007 3125 3072 millium,
3167 3007 3271 3079 qui
3302 3007 3539 3063 fuerunt

197 3115 310 3165 μινοι
340 3115 350 3125 ’
383 3096 502 3151 οὐδὲ
551 3099 753 3158 πληθὺς
796 3099 921 3157 ἄλλη
969 3096 1264 3172 δισμυρίων
1306 3097 1400 3151 διὰ
1431 3103 1592 3172 πυρὸς
1624 3100 1764 3170 αύτῷ

1879 3115 1982 3170 per
2039 3099 2237 3167 ignem
2291 3097 2710 3152 consummati.
2771 3096 3112 3153 Mardonius
3165 3112 3428 3169 quoque,
3484 3102 3540 3152 et

196 3191 262 3236 καὶ
295 3187 425 3238 οὗτοι
465 3188 810 3247 τελειωθέντες
853 3205 864 3216 ⁸
918 3189 1033 3240 ὅσοι
1085 3207 1138 3240 τε
1190 3194 1303 3260 περὶ
1348 3186 1641 3260 Μαρδόνιον
1677 3194 1766 3240 καὶ

198 3273 471 3344 ὶίυγδόνιον,
528 3283 724 3348 Πέτρον
783 3282 871 3328 xui
912 3281 998 3328 τὸν
1047 3285 1488 3350 καρτερικώτατον
1533 3284 1764 3340 Ζήνωνα,

197 3369 261 3413 τόν
301 3370 404 3418 ἶσον
448 3373 536 3418 xui
587 3367 739 3418 αὐτοὶ
796 3371 926 3439 πρὸς
976 3372 1202 3440 Χριστὸν
1249 3364 1630 3440 ἐπιδειξάμενοι
1681 3374 1767 3420 πό·

199 3454 279 3521 θον,
329 3455 427 3508 ἐπεὶ
473 3462 545 3528 μὴ
600 3461 688 3507 καὶ
737 3464 825 3516 τῆς
877 3460 996 3518 ἶσης
1041 3455 1250 3517 ἐκείνοις
1302 3457 1585 3527 ἠνέσχοντο
1638 3477 1768 3530 μαρ-

197 3549 338 3614 τνρίας
389 3544 763 3617 ἀπολειφθῆναι
812 3565 824 3577 ·
871 3549 1104 3604 τοσαύτη
1166 3549 1254 3617 μὲν
1295 3542 1362 3605 δὴ
1408 3551 1520 3598 τότε
1562 3546 1766 3607 πολλοῖς

196 3639 266 3692 τῆς
304 3633 545 3695 ὠσεϐείας
585 3630 822 3694 ἐπίδοσις
867 3635 966 3686 ύπὸ
1021 3642 1112 3686 τοῦ
1163 3636 1472 3706 θαυμαστοῦ
1520 3635 1765 3705 Ἀνθίμου

198 3722 349 3788 ἐγένετο
393 3741 404 3752 '
456 3726 604 3795 ἄφνω
659 3720 717 3775 δε
775 3743 855 3785 τις
905 3728 1107 3795 χειμὼν
1160 3724 1412 3797 ἕγείρεται
1460 3724 1766 3796 χαλεπώτα-

197 3825 273 3874 τος,
300 3816 374 3863 xui
418 3809 748 3884 σφοδροτίρα
786 3819 1028 3884 καταιγὶς
1067 3812 1370 3884 ἐμπεσοῦσα
1418 3817 1766 3886 Χριστιανοὺς

196 3896 411 3952 κατέδυσε
435 3904 632 3961 πάντας
661 3918 674 3930 ⁸
724 3897 784 3959 ἦν
832 3905 920 3973 μὲν
949 3903 1052 3974 γὰρ
1096 3900 1178 3954 ἐπὶ
1226 3911 1320 3964 τῆς
1379 3901 1555 3975 ἀρχῆς
1603 3903 1767 3965 Μαξι-

196 3993 362 4052 μιανός,
401 3987 647 4061 διωγμῶν
690 3986 748 4042 δε
801 3992 826 4041 ό
859 3990 1156 4064 βαρύτατος
1209 3992 1294 4043 ἐπὶ
1327 3997 1463 4063 μέγα
1515 4011 1565 4044 τε
1617 3996 1766 4065 ἤρετο

199 4082 266 4126 καὶ
307 4081 431 4130 κατὰ
465 4088 558 4149 γῆς
605 4079 812 4139 ἁπάσης
863 4082 1051 4154 ἐχώρει
1095 4087 1184 4131 xui
1235 4083 1283 4132 oi
1333 4084 1422 4152 μεν
1481 4082 1766 4154 ὴρευνὼντο

200 4169 500 4235 Χριστιανῶν,
553 4170 602 4220 οἱ
640 4164 697 4220 δε
741 4171 969 4239 ἔφευγον,
1015 4171 1063 4220 οἱ
1105 4165 1162 4221 δε
1212 4169 1512 4242 ἀνῃροῦντο.
1547 4177 1615 4222 Τό
1647 4175 1764 4241 μέν·

198 4270 259 4303 τοι
301 4265 380 4316 τῆς
410 4256 670 4316 εὐσεϐείας
718 4258 872 4317 ἄνθος
916 4261 1004 4309 τόν
1046 4256 1294 4329 Ἀνθιμον
1331 4254 1488 4317 δῆλον
1520 4261 1548 4316 ἡ
1607 4258 1761 4332 ἀρετή

197 4341 424 4398 κὼνταῦθα
473 4354 614 4399 ποιεῖ
686 4351 773 4398 καὶ
831 4349 1082 4419 μηνύεται
1125 4354 1233 4407 τοῖς
1297 4350 1362 4399 τὰ
1437 4348 1766 4419 Χριστιανῶν

199 4428 421 4502 ίρτννῶσι,
480 4440 565 4488 xui
633 4435 803 4504 οὗτος,
862 4437 888 4488 ὁ
941 4443 1028 4487 νῦν
1077 4439 1166 4507 μὲν
1235 4435 1284 4488 ἐν
1337 4439 1532 4510 ἱερεῦσι
1580 4441 1762 4510 μέγας.

200 4531 338 4592 μικρῷ
368 4521 422 4576 δε
450 4525 668 4595 ὕστερον
705 4524 800 4576 κάν
827 4531 931 4585 τοῖς
957 4528 1236 4599 μάρτυσιν.

256 4612 316 4663 Δ’.
359 4611 412 4664 Ὀ
450 4617 537 4684 μὲν
584 4615 684 4687 γὰρ
735 4616 874 4686 παρά
898 4634 999 4666 τινι
1047 4611 1273 4686 διέτριϐε
1333 4619 1482 4688 κώμῃ
1547 4621 1765 4690 σπείρων

202 4713 243 4746 τι
279 4700 494 4772 τῷλόγῳ
546 4709 643 4763 τῆς
698 4701 941 4765 ἀληθείας
997 4708 1084 4754 xui
1143 4707 1201 4755 τὸ
1255 4704 1496 4756 τάλαντον
1545 4714 1640 4766 τῆς
1683 4711 1767 4757 πί-

203 4802 328 4847 στεως
373 4791 839 4853 πολλαπλασιάζων

205 4878 352 4936 πίαςὸ
397 4880 737 4951 Μαξιμιανός,
798 4882 930 4933 ὥστε
985 4880 1254 4934 συλλαϐεῖν
1284 4890 1462 4935 τοῦτον
1505 4887 1594 4934 καὶ
1643 4885 1766 4955 παρ’

207 4961 329 5016 αὐτόν
382 4966 608 5039 ἀγαγεῖν,
657 4970 722 5020 Οἱ
771 4964 831 5020 δε
878 4969 929 5021 ἐν
984 4977 1045 5041 τῇ
1099 4973 1306 5043 Σημάνῃ
1357 4976 1766 5044 παραγεγονότες

207 5049 347 5118 (τοῦτο
402 5060 500 5129 γὰρ
540 5061 702 5129 ὄνομα
863 5059 1036 5130 κώμῃ)
1091 5057 1471 5130 ἐντυγχάνουσι
1534 5069 1604 5131 τῷ
1656 5061 1766 5114 Ἂν-

210 5139 315 5211 θίμῳ
365 5152 446 5197 καὶ
499 5151 569 5217 μὴ
605 5145 969 5217 συμϐαλόντες,
1005 5151 1072 5209 ὡς
1109 5148 1258 5210 οὗτος
1290 5148 1474 5211 ἐκεῖνος
1504 5154 1528 5201 ό
1581 5151 1762 5210 ζητού·

899 4809 912 4821 ’
964 4796 1154 4864 πέμπει
1204 4789 1263 4845 δε
1325 4793 1395 4855 εἰς
1437 4797 1631 4846 εἴκοσιν
1687 4796 1766 4846 ἰπ-

209 5245 327 5294 μεοος
387 5238 482 5300 εἴη,
538 5235 691 5287 αὐτόν
740 5234 988 5307 Ἀνθιμον
1062 5237 1272 5310 ἠρώτων
1325 5243 1442 5309 περὶ
1493 5239 1758 5310 Ἀνθίμου,

212 5323 280 5367 καὶ
305 5321 434 5383 ὅστις
476 5323 624 5386 οὗτος
668 5325 924 5396 ὑπάρχοι,
965 5331 1054 5378 xui
1098 5328 1225 5378 ὅπου
1257 5323 1517 5402 διατρίϐει
1546 5338 1634 5388 τῆς
1663 5335 1762 5379 κώ-

215 5422 295 5471 μης
321 5409 408 5462 ,Ὁ
431 5417 518 5465 xui
563 5417 679 5474 τέως
704 5416 792 5485 μεν
835 5411 918 5466 επὶ
965 5413 1128 5476 ξενίαν
1175 5417 1391 5480 τούτους
1447 5416 1759 5492 παραλαϐὼν

274 5603 288 5637 ¹
326 5607 340 5658 ι
377 5606 516 5665 Tim.
557 5624 640 5679 ιιι,
678 5614 732 5665 2.

1877 3187 2249 3259 Mygdonius,
2283 3192 2338 3242 et
2373 3187 2595 3251 Petrus,
2628 3192 2684 3240 et
2706 3185 3060 3240 fortissimus
3091 3188 3265 3249 Zeno,
3295 3187 3394 3259 qui
3421 3186 3536 3256 ipsi

1877 3292 2121 3349 quoque
2151 3275 2538 3332 ostenderunt
2568 3291 2773 3346 parem
2806 3276 2864 3329 in
2905 3274 3205 3330 Christum
3242 3290 3532 3344 amorem,

1877 3366 2168 3438 quoniam
2210 3381 2317 3420 nec
2348 3381 2383 3421 a
2412 3366 2542 3436 pari
2580 3364 2826 3436 quidem
2869 3365 3280 3419 sustinuerunt
3319 3364 3536 3419 abesse

1877 3456 2182 3526 martyrio.
2215 3457 2466 3510 Tantum
2501 3452 2748 3526 quidem
2789 3453 3080 3524 inpietate
3103 3453 3534 3508 incrementum

1879 3550 2018 3599 tunc
2050 3543 2217 3598 multi
2249 3546 2607 3613 acceperunt
2643 3541 3013 3597 abAnthimo
3047 3541 3399 3596 admirabili.
3438 3545 3538 3597 Re-

1878 3640 2053 3705 pente
2087 3638 2288 3688 autem
2328 3633 2612 3687 excitatur
2652 3635 2974 3699 tempestas
3010 3630 3538 3686 vehementissima

1877 3727 1934 3778 et
1946 3721 2279 3777 saevissima
2299 3719 2560 3791 procella
2590 3721 2814 3774 irruens
2838 3718 2897 3772 in
2923 3719 3306 3786 Christianos,
3326 3735 3536 3774 omnes

1875 3811 2143 3884 perculit.
2186 3813 2336 3865 Nam
2374 3807 2690 3880 imperium
2730 3807 2976 3879 quidem
3016 3807 3324 3862 obtinebat
3357 3807 3533 3862 Maxi-

1877 3901 2114 3956 mianus
2143 3915 2154 3953 :
2191 3902 2394 3954 exorta
2423 3903 2510 3952 est
2549 3901 2750 3952 autem
2792 3896 3147 3964 gravissima
3178 3895 3532 3966 persecutio,

1877 3997 1933 4045 et
1957 3988 2215 4060 pervasit
2245 3987 2306 4042 in
2332 4001 2576 4042 omnem
2608 3989 2824 4040 terram
2850 4007 2861 4038 :
2889 3989 2944 4040 et
2969 4001 3040 4040 ex
3072 3983 3419 4039 Christianis
3436 3983 3534 4038 alii

1876 4078 2122 4151 quidem
2153 4076 2591 4149 quaerebantur,
2619 4073 2717 4130 alii
2742 4089 2879 4130 vero
2902 4072 3426 4128 interﬁciebantur.
3444 4078 3535 4128 At-

1875 4183 1994 4240 que
2015 4167 2224 4223 ﬂorem
2245 4165 2491 4238 quidem
2518 4164 2770 4237 pietatis,
2797 4163 3167 4230 Anthimum,
3189 4164 3372 4217 virtus
3397 4168 3534 4218 tunc

1878 4255 2411 4314 t'acitmanifestum
2428 4274 2440 4313 :
2457 4253 2822 4310 etindicatur
2846 4268 3090 4324 quoque
3111 4251 3222 4307 illis
3244 4251 3346 4324 qui
3367 4266 3537 4324 quaa-

1877 4347 2089 4402 rebant
2120 4345 2501 4410 Christianos,
2518 4344 2568 4398 is
2581 4344 2684 4415 qui
2703 4348 2841 4398 tunc
2863 4341 3112 4415 quidem
3137 4346 3260 4397 erat
3279 4357 3536 4411 magnus

1879 4435 2028 4491 inter
2049 4434 2406 4498 sacerdotes,
2423 4431 2604 4504 paulo
2627 4435 2975 4504 postautem
2991 4431 3171 4487 etiam
3201 4429 3353 4486 inter
3374 4445 3538 4486 mar-

1880 4530 2006 4597 tyre
2014 4541 2040 4579 s
2051 4566 2062 4579 .

1949 4615 2036 4669 ιν.
2079 4616 2224 4669 Nam
2282 4611 2376 4667 ille
2433 4609 2675 4682 quidem
2732 4608 3085 4665 versabatur
3142 4609 3201 4664 in
3259 4608 3532 4680 quodam

1876 4718 2054 4776 pago,
2086 4701 2391 4758 seminans
2422 4699 2674 4755 verbum
2695 4698 2977 4764 veritatis,
3006 4703 3062 4753 et
3088 4698 3373 4754 talentum
3397 4696 3536 4752 ﬁdei

1879 4791 2300 4863 multiplicans.
2321 4789 2484 4845 Mittit
2510 4800 2712 4843 autem
2738 4787 3126 4843 Maximianus
3148 4787 3304 4842 circa
3325 4785 3533 4855 viginti

1879 4881 2126 4952 equites,
2157 4885 2220 4935 ut
2241 4894 2380 4934 eum
2406 4876 3056 4948 comprehenderentet
3083 4875 3161 4931 ad
3179 4891 3317 4930 eum
3348 4875 3536 4932 addu-

1878 4974 2094 5026 cerent.
2144 4968 2225 5023 Illi
2279 4971 2479 5023 autem
2525 4982 2664 5021 cum
2709 4967 3031 5022 Semanam
3089 4964 3392 5020 venissent
3423 4964 3538 5032 (est

1877 5060 2036 5116 enim
2065 5058 2181 5113 hoc
2212 5072 2431 5113 nomen
2463 5056 2666 5127 pago),
2689 5054 3001 5110 offendunt
3024 5053 3373 5107 Anthimum
3407 5068 3419 5105 :
3453 5055 3532 5117 et,

1876 5164 1996 5204 non
2024 5146 2404 5217 conjicientes
2429 5145 2587 5199 hunc
2619 5143 2785 5198 illum
2813 5158 2961 5206 esse,
2987 5157 3166 5212 quem
3183 5140 3536 5213 quaerebant

1872 5242 2072 5310 ipsum
2099 5235 2445 5292 Anthimum
2459 5232 2752 5302 rogabant
2768 5232 2842 5287 de
2857 5231 3154 5297 Anthimo,
3180 5230 3530 5301 etquisnam

1869 5325 1921 5383 is
1951 5332 2127 5391 esset,
2160 5331 2216 5380 et
2243 5323 2491 5379 ubinam
2529 5322 2590 5377 iu
2617 5337 2774 5392 pago
2796 5321 3053 5390 degeret.
3092 5318 3188 5374 llle
3219 5334 3359 5376 vero
3391 5333 3532 5375 cum

1870 5429 1974 5473 eos
2006 5414 2256 5487 quidem
2295 5410 2529 5468 interim
2554 5409 2810 5483 hospitio
2836 5409 3185 5482 accepisset,
3215 5413 3272 5465 et
3299 5409 3382 5465 eis
3421 5423 3536 5481 pa-
