  <div class='ocr_page' id='page_1' title='image "/cluster/home/n/w/nwhite01/storage/ocr_20150623/115/hvd.32044073502262/093.png"; bbox 0 0 4062 6222; ppageno 0'>
   <div class='ocr_carea' id='block_1_1' title="bbox 544 311 2148 372">
    <p class='ocr_par' dir='ltr' id='par_1_1' title="bbox 544 311 2148 371">
     <span class='ocr_line' id='line_1_1' title="bbox 544 311 2148 371; baseline -0.001 -2"><span class='ocrx_word' id='word_1_1' title='bbox 544 315 643 371; x_wconf 74' lang='grc'>175</span> <span class='ocrx_word' id='word_1_2' title='bbox 1913 311 2148 367; x_wconf 73' lang='grc' dir='ltr'>ΜΕΝΞΠ</span> 
     </span>
    </p>
   </div>
   <div class='ocr_carea' id='block_1_2' title="bbox 2296 311 3900 372">
    <p class='ocr_par' dir='ltr' id='par_1_2' title="bbox 2296 312 3900 372">
     <span class='ocr_line' id='line_1_2' title="bbox 2296 312 3900 372; baseline 0.002 -5"><span class='ocrx_word' id='word_1_3' title='bbox 2296 312 2513 369; x_wconf 76' lang='lat' dir='ltr'>’RILIS.</span> <span class='ocrx_word' id='word_1_4' title='bbox 3799 314 3900 372; x_wconf 86' lang='grc'>176</span> 
     </span>
    </p>
   </div>
   <div class='ocr_carea' id='block_1_3' title="bbox 537 435 2141 513">
    <p class='ocr_par' dir='ltr' id='par_1_3' title="bbox 537 438 2141 512">
     <span class='ocr_line' id='line_1_3' title="bbox 537 438 2141 512; baseline -0.002 -16"><span class='ocrx_word' id='word_1_5' title='bbox 537 455 677 496; x_wconf 92' lang='lat' dir='ltr'>nem</span> <span class='ocrx_word' id='word_1_6' title='bbox 708 445 762 495; x_wconf 90' lang='lat' dir='ltr'>et</span> <span class='ocrx_word' id='word_1_7' title='bbox 792 438 964 496; x_wconf 82' lang='lat' dir='ltr'>fabas</span> <span class='ocrx_word' id='word_1_8' title='bbox 1003 439 1061 494; x_wconf 92' lang='lat' dir='ltr'>in</span> <span class='ocrx_word' id='word_1_9' title='bbox 1090 454 1262 495; x_wconf 73' lang='lat' dir='ltr'>omna</span> <span class='ocrx_word' id='word_1_10' title='bbox 1287 440 1685 512; x_wconf 88' lang='lat' dir='ltr'>apposuisset,</span> <span class='ocrx_word' id='word_1_11' title='bbox 1718 444 1772 495; x_wconf 90' lang='lat' dir='ltr'>et</span> <span class='ocrx_word' id='word_1_12' title='bbox 1812 454 1922 511; x_wconf 90' lang='lat' dir='ltr'>pro</span> <span class='ocrx_word' id='word_1_13' title='bbox 1968 439 2141 494; x_wconf 74' lang='lat' dir='ltr'>viribi</span> 
     </span>
    </p>
   </div>
   <div class='ocr_carea' id='block_1_4' title="bbox 2293 435 3897 513">
    <p class='ocr_par' dir='ltr' id='par_1_4' title="bbox 2305 435 3897 513">
     <span class='ocr_line' id='line_1_4' title="bbox 2305 435 3897 513; baseline 0.003 -24"><span class='ocrx_word' id='word_1_14' title='bbox 2305 444 2393 491; x_wconf 89' lang='lat' dir='ltr'>xui</span> <span class='ocrx_word' id='word_1_15' title='bbox 2426 435 2631 490; x_wconf 89' lang='grc' dir='ltr'>δεῖπνον</span> <span class='ocrx_word' id='word_1_16' title='bbox 2681 435 2859 496; x_wconf 68' lang='grc' dir='ltr'>αὐτοῖς</span> <span class='ocrx_word' id='word_1_17' title='bbox 2897 439 3163 508; x_wconf 83' lang='grc' dir='ltr'>παραθεὶς,</span> <span class='ocrx_word' id='word_1_18' title='bbox 3214 438 3370 509; x_wconf 81' lang='grc' dir='ltr'>ἄρτον</span> <span class='ocrx_word' id='word_1_19' title='bbox 3424 457 3478 490; x_wconf 89' lang='grc' dir='ltr'>τε</span> <span class='ocrx_word' id='word_1_20' title='bbox 3515 443 3602 491; x_wconf 83' lang='grc' dir='ltr'>καὶ</span> <span class='ocrx_word' id='word_1_21' title='bbox 3650 442 3897 513; x_wconf 75' lang='grc' dir='ltr'>κυάμους,</span> 
     </span>
    </p>
   </div>
   <div class='ocr_carea' id='block_1_5' title="bbox 536 522 2140 600">
    <p class='ocr_par' dir='ltr' id='par_1_5' title="bbox 536 528 2140 594">
     <span class='ocr_line' id='line_1_5' title="bbox 536 528 2140 594; baseline -0.002 -9"><span class='ocrx_word' id='word_1_22' title='bbox 536 530 875 585; x_wconf 84' lang='lat' dir='ltr'>convivium</span> <span class='ocrx_word' id='word_1_23' title='bbox 917 528 1301 594; x_wconf 84' lang='lat' dir='ltr'>exhibuisset,</span> <span class='ocrx_word' id='word_1_24' title='bbox 1345 530 1560 585; x_wconf 90' lang='lat' dir='ltr'>deinde</span> <span class='ocrx_word' id='word_1_25' title='bbox 1592 546 1655 585; x_wconf 91' lang='lat' dir='ltr'>se</span> <span class='ocrx_word' id='word_1_26' title='bbox 1686 545 1815 585; x_wconf 88' lang='lat' dir='ltr'>esse</span> <span class='ocrx_word' id='word_1_27' title='bbox 1845 530 2140 584; x_wconf 73' lang='lat' dir='ltr'>Anthimul</span> 
     </span>
    </p>
   </div>
   <div class='ocr_carea' id='block_1_6' title="bbox 2298 522 3902 600">
    <p class='ocr_par' dir='ltr' id='par_1_6' title="bbox 2305 522 3902 600">
     <span class='ocr_line' id='line_1_6' title="bbox 2305 522 3902 600; baseline 0.002 -21"><span class='ocrx_word' id='word_1_28' title='bbox 2305 532 2394 579; x_wconf 89' lang='lat' dir='ltr'>xui</span> <span class='ocrx_word' id='word_1_29' title='bbox 2425 531 2490 587; x_wconf 83' lang='grc' dir='ltr'>ὡς</span> <span class='ocrx_word' id='word_1_30' title='bbox 2521 523 2633 598; x_wconf 82' lang='grc' dir='ltr'>εἶχε</span> <span class='ocrx_word' id='word_1_31' title='bbox 2670 530 2847 600; x_wconf 89' lang='grc' dir='ltr'>χειρός</span> <span class='ocrx_word' id='word_1_32' title='bbox 2885 530 2974 577; x_wconf 83' lang='grc' dir='ltr'>καὶ</span> <span class='ocrx_word' id='word_1_33' title='bbox 3007 522 3273 598; x_wconf 86' lang='grc' dir='ltr'>δυνάμεως</span> <span class='ocrx_word' id='word_1_34' title='bbox 3319 526 3588 593; x_wconf 83' lang='grc' dir='ltr'>ἑστιάσας,</span> <span class='ocrx_word' id='word_1_35' title='bbox 3632 529 3745 582; x_wconf 82' lang='grc' dir='ltr'>εὶτά</span> <span class='ocrx_word' id='word_1_36' title='bbox 3791 531 3902 582; x_wconf 83' lang='grc' dir='ltr'>ἐαυ-</span> 
     </span>
    </p>
   </div>
   <div class='ocr_carea' id='block_1_7' title="bbox 536 612 2140 690">
    <p class='ocr_par' dir='ltr' id='par_1_7' title="bbox 536 617 2140 690">
     <span class='ocr_line' id='line_1_7' title="bbox 536 617 2140 690; baseline 0 -17"><span class='ocrx_word' id='word_1_37' title='bbox 536 618 851 674; x_wconf 82' lang='lat' dir='ltr'>renuntiat.</span> <span class='ocrx_word' id='word_1_38' title='bbox 868 618 1036 683; x_wconf 85' lang='lat' dir='ltr'>Quod</span> <span class='ocrx_word' id='word_1_39' title='bbox 1052 617 1297 690; x_wconf 90' lang='lat' dir='ltr'>quidem</span> <span class='ocrx_word' id='word_1_40' title='bbox 1310 634 1445 674; x_wconf 91' lang='lat' dir='ltr'>cum</span> <span class='ocrx_word' id='word_1_41' title='bbox 1466 619 1542 674; x_wconf 91' lang='lat' dir='ltr'>illi</span> <span class='ocrx_word' id='word_1_42' title='bbox 1566 618 1958 687; x_wconf 83' lang='lat' dir='ltr'>audivissent,</span> <span class='ocrx_word' id='word_1_43' title='bbox 1984 633 2140 689; x_wconf 88' lang='lat' dir='ltr'>prop</span> 
     </span>
    </p>
   </div>
   <div class='ocr_carea' id='block_1_8' title="bbox 2294 612 3898 690">
    <p class='ocr_par' dir='ltr' id='par_1_8' title="bbox 2304 612 3898 689">
     <span class='ocr_line' id='line_1_8' title="bbox 2304 612 3898 689; baseline 0.002 -21"><span class='ocrx_word' id='word_1_44' title='bbox 2304 621 2390 668; x_wconf 87' lang='grc' dir='ltr'>τόν</span> <span class='ocrx_word' id='word_1_45' title='bbox 2448 612 2577 668; x_wconf 80' lang='grc' dir='ltr'>εἶναι</span> <span class='ocrx_word' id='word_1_46' title='bbox 2620 618 2705 666; x_wconf 86' lang='grc' dir='ltr'>τὸν</span> <span class='ocrx_word' id='word_1_47' title='bbox 2778 613 3025 686; x_wconf 78' lang='grc' dir='ltr'>Ἃνθιμον</span> <span class='ocrx_word' id='word_1_48' title='bbox 3092 614 3401 686; x_wconf 74' lang='grc' dir='ltr'>ἀπαγγέλλει</span> <span class='ocrx_word' id='word_1_49' title='bbox 3459 633 3471 645; x_wconf 84' lang='grc'><strong><em>⁸</em></strong></span> <span class='ocrx_word' id='word_1_50' title='bbox 3536 619 3657 689; x_wconf 85' lang='grc' dir='ltr'>ὅπερ</span> <span class='ocrx_word' id='word_1_51' title='bbox 3719 617 3898 671; x_wconf 86' lang='grc' dir='ltr'>ἐκεῖνοι</span> 
     </span>
    </p>
   </div>
   <div class='ocr_carea' id='block_1_9' title="bbox 534 702 2138 780">
    <p class='ocr_par' dir='ltr' id='par_1_9' title="bbox 534 706 2138 780">
     <span class='ocr_line' id='line_1_9' title="bbox 534 706 2138 780; baseline -0.002 -16"><span class='ocrx_word' id='word_1_52' title='bbox 534 707 785 764; x_wconf 91' lang='lat' dir='ltr'>modum</span> <span class='ocrx_word' id='word_1_53' title='bbox 816 706 1276 778; x_wconf 89' lang='lat' dir='ltr'>obstupuerunt,</span> <span class='ocrx_word' id='word_1_54' title='bbox 1309 713 1492 763; x_wconf 87' lang='lat' dir='ltr'>etnec</span> <span class='ocrx_word' id='word_1_55' title='bbox 1523 707 1599 764; x_wconf 92' lang='lat' dir='ltr'>ad</span> <span class='ocrx_word' id='word_1_56' title='bbox 1635 707 1790 763; x_wconf 90' lang='lat' dir='ltr'>illius</span> <span class='ocrx_word' id='word_1_57' title='bbox 1820 707 2063 780; x_wconf 86' lang='lat' dir='ltr'>quidem</span> <span class='ocrx_word' id='word_1_58' title='bbox 2097 724 2138 761; x_wconf 72' lang='lat' dir='ltr'>ea</span> 
     </span>
    </p>
   </div>
   <div class='ocr_carea' id='block_1_10' title="bbox 2290 702 3894 780">
    <p class='ocr_par' dir='ltr' id='par_1_10' title="bbox 2303 702 3894 776">
     <span class='ocr_line' id='line_1_10' title="bbox 2303 702 3894 776; baseline 0.002 -19"><span class='ocrx_word' id='word_1_59' title='bbox 2303 705 2636 769; x_wconf 83' lang='grc' dir='ltr'>ἀκούσαντες,</span> <span class='ocrx_word' id='word_1_60' title='bbox 2688 703 2863 774; x_wconf 79' lang='grc' dir='ltr'>ὀλίγου</span> <span class='ocrx_word' id='word_1_61' title='bbox 2921 702 3029 755; x_wconf 86' lang='grc' dir='ltr'>δεῖν</span> <span class='ocrx_word' id='word_1_62' title='bbox 3072 703 3397 776; x_wconf 74' lang='grc' dir='ltr'>ἐπεπήγεσαν</span> <span class='ocrx_word' id='word_1_63' title='bbox 3449 711 3537 759; x_wconf 83' lang='grc' dir='ltr'>καὶ</span> <span class='ocrx_word' id='word_1_64' title='bbox 3577 703 3699 760; x_wconf 73' lang='grc' dir='ltr'>οὐδὲ</span> <span class='ocrx_word' id='word_1_65' title='bbox 3758 709 3894 760; x_wconf 86' lang='grc' dir='ltr'>ἀντι-</span> 
     </span>
    </p>
   </div>
   <div class='ocr_carea' id='block_1_11' title="bbox 532 792 2136 868">
    <p class='ocr_par' dir='ltr' id='par_1_11' title="bbox 532 795 2136 868">
     <span class='ocr_line' id='line_1_11' title="bbox 532 795 2136 868; baseline -0.001 -16"><span class='ocrx_word' id='word_1_66' title='bbox 532 813 642 852; x_wconf 93' lang='lat' dir='ltr'>nos</span> <span class='ocrx_word' id='word_1_67' title='bbox 667 800 943 868; x_wconf 83' lang='lat' dir='ltr'>poterant</span> <span class='ocrx_word' id='word_1_68' title='bbox 971 796 1217 852; x_wconf 88' lang='lat' dir='ltr'>omnino</span> <span class='ocrx_word' id='word_1_69' title='bbox 1264 796 1501 865; x_wconf 89' lang='lat' dir='ltr'>intueri,</span> <span class='ocrx_word' id='word_1_70' title='bbox 1542 802 1885 868; x_wconf 84' lang='lat' dir='ltr'>reputantes</span> <span class='ocrx_word' id='word_1_71' title='bbox 1943 795 2136 868; x_wconf 66' lang='lat' dir='ltr'>quidet</span> 
     </span>
    </p>
   </div>
   <div class='ocr_carea' id='block_1_12' title="bbox 2292 792 3896 868">
    <p class='ocr_par' dir='ltr' id='par_1_12' title="bbox 2302 792 3896 868">
     <span class='ocr_line' id='line_1_12' title="bbox 2302 792 3896 868; baseline 0.002 -21"><span class='ocrx_word' id='word_1_72' title='bbox 2302 795 2499 847; x_wconf 82' lang='grc' dir='ltr'>ϐλέπειν</span> <span class='ocrx_word' id='word_1_73' title='bbox 2557 794 2623 854; x_wconf 83' lang='grc' dir='ltr'>εὶς</span> <span class='ocrx_word' id='word_1_74' title='bbox 2680 798 2772 851; x_wconf 83' lang='grc' dir='ltr'>τὴν</span> <span class='ocrx_word' id='word_1_75' title='bbox 2827 792 3016 844; x_wconf 69' lang='grc' dir='ltr'>ἐκείνου</span> <span class='ocrx_word' id='word_1_76' title='bbox 3088 793 3267 846; x_wconf 84' lang='grc' dir='ltr'>πολιὰν</span> <span class='ocrx_word' id='word_1_77' title='bbox 3324 798 3537 865; x_wconf 78' lang='grc' dir='ltr'>ἴσχυον,</span> <span class='ocrx_word' id='word_1_78' title='bbox 3596 795 3896 868; x_wconf 80' lang='grc' dir='ltr'>ἀναλογιζό-</span> 
     </span>
    </p>
   </div>
   <div class='ocr_carea' id='block_1_13' title="bbox 532 881 2136 957">
    <p class='ocr_par' dir='ltr' id='par_1_13' title="bbox 532 885 2136 957">
     <span class='ocr_line' id='line_1_13' title="bbox 532 885 2136 957; baseline -0.002 -16"><span class='ocrx_word' id='word_1_79' title='bbox 532 902 824 950; x_wconf 91' lang='lat' dir='ltr'>mensam,</span> <span class='ocrx_word' id='word_1_80' title='bbox 862 890 915 940; x_wconf 92' lang='lat' dir='ltr'>et</span> <span class='ocrx_word' id='word_1_81' title='bbox 945 901 1200 953; x_wconf 66' lang='lat' dir='ltr'>caenam,</span> <span class='ocrx_word' id='word_1_82' title='bbox 1234 891 1290 941; x_wconf 89' lang='lat' dir='ltr'>et</span> <span class='ocrx_word' id='word_1_83' title='bbox 1316 885 1667 957; x_wconf 90' lang='lat' dir='ltr'>hospitium,</span> <span class='ocrx_word' id='word_1_84' title='bbox 1726 902 1931 940; x_wconf 84' lang='lat' dir='ltr'>rursus</span> <span class='ocrx_word' id='word_1_85' title='bbox 1988 890 2136 940; x_wconf 67' lang='lat' dir='ltr'>aute]</span> 
     </span>
    </p>
   </div>
   <div class='ocr_carea' id='block_1_14' title="bbox 2293 881 3897 957">
    <p class='ocr_par' dir='ltr' id='par_1_14' title="bbox 2298 881 3897 956">
     <span class='ocr_line' id='line_1_14' title="bbox 2298 881 3897 956; baseline 0.003 -21"><span class='ocrx_word' id='word_1_86' title='bbox 2298 903 2439 953; x_wconf 89' lang='grc' dir='ltr'>μενοι</span> <span class='ocrx_word' id='word_1_87' title='bbox 2496 886 2583 955; x_wconf 71' lang='grc' dir='ltr'>μὲν</span> <span class='ocrx_word' id='word_1_88' title='bbox 2633 888 2727 940; x_wconf 87' lang='grc' dir='ltr'>τὴν</span> <span class='ocrx_word' id='word_1_89' title='bbox 2804 885 3082 956; x_wconf 85' lang='grc' dir='ltr'>τράπεζαν,</span> <span class='ocrx_word' id='word_1_90' title='bbox 3131 888 3219 934; x_wconf 85' lang='grc' dir='ltr'>καὶ</span> <span class='ocrx_word' id='word_1_91' title='bbox 3276 887 3333 935; x_wconf 88' lang='grc' dir='ltr'>τό</span> <span class='ocrx_word' id='word_1_92' title='bbox 3380 881 3607 955; x_wconf 78' lang='grc' dir='ltr'>δεῖπνον,</span> <span class='ocrx_word' id='word_1_93' title='bbox 3666 892 3755 938; x_wconf 84' lang='grc' dir='ltr'>καὶ</span> <span class='ocrx_word' id='word_1_94' title='bbox 3804 891 3897 944; x_wconf 82' lang='grc' dir='ltr'>τὴν</span> 
     </span>
    </p>
   </div>
   <div class='ocr_carea' id='block_1_15' title="bbox 532 968 2136 1048">
    <p class='ocr_par' dir='ltr' id='par_1_15' title="bbox 532 974 2136 1048">
     <span class='ocr_line' id='line_1_15' title="bbox 532 974 2136 1048; baseline -0.002 -17"><span class='ocrx_word' id='word_1_95' title='bbox 532 976 884 1045; x_wconf 79' lang='lat' dir='ltr'>cogitantes,</span> <span class='ocrx_word' id='word_1_96' title='bbox 908 990 1173 1046; x_wconf 90' lang='lat' dir='ltr'>quanam</span> <span class='ocrx_word' id='word_1_97' title='bbox 1206 975 1279 1029; x_wconf 92' lang='lat' dir='ltr'>de</span> <span class='ocrx_word' id='word_1_98' title='bbox 1312 990 1516 1041; x_wconf 87' lang='lat' dir='ltr'>causa,</span> <span class='ocrx_word' id='word_1_99' title='bbox 1550 981 1607 1030; x_wconf 91' lang='lat' dir='ltr'>et</span> <span class='ocrx_word' id='word_1_100' title='bbox 1635 980 1876 1048; x_wconf 90' lang='lat' dir='ltr'>pr0pter</span> <span class='ocrx_word' id='word_1_101' title='bbox 1905 974 2051 1048; x_wconf 90' lang='lat' dir='ltr'>quid</span> <span class='ocrx_word' id='word_1_102' title='bbox 2080 974 2136 1029; x_wconf 70' lang='lat' dir='ltr'>d1</span> 
     </span>
    </p>
   </div>
   <div class='ocr_carea' id='block_1_16' title="bbox 2292 968 3896 1048">
    <p class='ocr_par' dir='ltr' id='par_1_16' title="bbox 2299 968 3896 1048">
     <span class='ocr_line' id='line_1_16' title="bbox 2299 968 3896 1048; baseline 0.003 -24"><span class='ocrx_word' id='word_1_103' title='bbox 2299 972 2480 1034; x_wconf 78' lang='grc' dir='ltr'>ξενίαν.</span> <span class='ocrx_word' id='word_1_104' title='bbox 2540 974 2943 1043; x_wconf 79' lang='grc' dir='ltr'>Ἐνθυμούμενοι</span> <span class='ocrx_word' id='word_1_105' title='bbox 2996 968 3055 1023; x_wconf 74' lang='grc' dir='ltr'>δε</span> <span class='ocrx_word' id='word_1_106' title='bbox 3094 972 3264 1038; x_wconf 88' lang='grc' dir='ltr'>πάλιν,</span> <span class='ocrx_word' id='word_1_107' title='bbox 3329 975 3449 1024; x_wconf 83' lang='grc' dir='ltr'>ὅτου</span> <span class='ocrx_word' id='word_1_108' title='bbox 3492 975 3636 1026; x_wconf 86' lang='grc' dir='ltr'>ἓνεκα</span> <span class='ocrx_word' id='word_1_109' title='bbox 3682 981 3770 1028; x_wconf 78' lang='grc' dir='ltr'>καὶ</span> <span class='ocrx_word' id='word_1_110' title='bbox 3824 975 3896 1048; x_wconf 72' lang='grc' dir='ltr'>ἐφ’</span> 
     </span>
    </p>
   </div>
   <div class='ocr_carea' id='block_1_17' title="bbox 528 1061 2132 1135">
    <p class='ocr_par' dir='ltr' id='par_1_17' title="bbox 528 1062 2132 1129">
     <span class='ocr_line' id='line_1_17' title="bbox 528 1062 2132 1129; baseline -0.002 -9"><span class='ocrx_word' id='word_1_111' title='bbox 528 1064 677 1120; x_wconf 90' lang='lat' dir='ltr'>cturi</span> <span class='ocrx_word' id='word_1_112' title='bbox 703 1069 903 1119; x_wconf 86' lang='lat' dir='ltr'>essent</span> <span class='ocrx_word' id='word_1_113' title='bbox 925 1079 1060 1119; x_wconf 91' lang='lat' dir='ltr'>eum</span> <span class='ocrx_word' id='word_1_114' title='bbox 1080 1064 1156 1119; x_wconf 91' lang='lat' dir='ltr'>ad</span> <span class='ocrx_word' id='word_1_115' title='bbox 1179 1063 1632 1129; x_wconf 82' lang='lat' dir='ltr'>Maximianum,</span> <span class='ocrx_word' id='word_1_116' title='bbox 1656 1064 1733 1119; x_wconf 90' lang='lat' dir='ltr'>ad</span> <span class='ocrx_word' id='word_1_117' title='bbox 1756 1070 2022 1120; x_wconf 84' lang='lat' dir='ltr'>extrema</span> <span class='ocrx_word' id='word_1_118' title='bbox 2038 1062 2132 1118; x_wconf 91' lang='lat' dir='ltr'>scil</span> 
     </span>
    </p>
   </div>
   <div class='ocr_carea' id='block_1_18' title="bbox 2296 1061 3900 1135">
    <p class='ocr_par' dir='ltr' id='par_1_18' title="bbox 2297 1061 3900 1135">
     <span class='ocr_line' id='line_1_18' title="bbox 2297 1061 3900 1135; baseline 0.002 -21"><span class='ocrx_word' id='word_1_119' title='bbox 2297 1064 2397 1132; x_wconf 84' lang='grc' dir='ltr'>ὅτῳ</span> <span class='ocrx_word' id='word_1_120' title='bbox 2427 1061 2653 1133; x_wconf 84' lang='grc' dir='ltr'>μέλλοιεν</span> <span class='ocrx_word' id='word_1_121' title='bbox 2696 1061 2849 1113; x_wconf 72' lang='grc' dir='ltr'>αὑτὸν</span> <span class='ocrx_word' id='word_1_122' title='bbox 2899 1063 3041 1132; x_wconf 82' lang='grc' dir='ltr'>παρὰ</span> <span class='ocrx_word' id='word_1_123' title='bbox 3091 1062 3415 1133; x_wconf 86' lang='grc' dir='ltr'>Μαξιμιανόν</span> <span class='ocrx_word' id='word_1_124' title='bbox 3460 1062 3691 1135; x_wconf 83' lang='grc' dir='ltr'>ἀγαγεῖν,</span> <span class='ocrx_word' id='word_1_125' title='bbox 3740 1062 3900 1124; x_wconf 83' lang='grc' dir='ltr'>δῆλον</span> 
     </span>
    </p>
   </div>
   <div class='ocr_carea' id='block_1_19' title="bbox 529 1148 2133 1227">
    <p class='ocr_par' dir='ltr' id='par_1_19' title="bbox 529 1152 2133 1225">
     <span class='ocr_line' id='line_1_19' title="bbox 529 1152 2133 1225; baseline -0.001 -17"><span class='ocrx_word' id='word_1_126' title='bbox 529 1156 621 1210; x_wconf 89' lang='lat' dir='ltr'>cet</span> <span class='ocrx_word' id='word_1_127' title='bbox 645 1152 825 1221; x_wconf 91' lang='lat' dir='ltr'>mala,</span> <span class='ocrx_word' id='word_1_128' title='bbox 855 1157 913 1208; x_wconf 86' lang='lat' dir='ltr'>et</span> <span class='ocrx_word' id='word_1_129' title='bbox 942 1157 1170 1208; x_wconf 92' lang='lat' dir='ltr'>certum</span> <span class='ocrx_word' id='word_1_130' title='bbox 1196 1152 1581 1224; x_wconf 90' lang='lat' dir='ltr'>supplicium.</span> <span class='ocrx_word' id='word_1_131' title='bbox 1631 1153 1804 1218; x_wconf 85' lang='lat' dir='ltr'>Quod</span> <span class='ocrx_word' id='word_1_132' title='bbox 1856 1152 2101 1225; x_wconf 87' lang='lat' dir='ltr'>quidem</span> <span class='ocrx_word' id='word_1_133' title='bbox 2131 1182 2133 1197; x_wconf 80' lang='grc' dir='ltr'>ι</span> 
     </span>
    </p>
   </div>
   <div class='ocr_carea' id='block_1_20' title="bbox 2292 1148 3896 1227">
    <p class='ocr_par' dir='ltr' id='par_1_20' title="bbox 2296 1148 3896 1227">
     <span class='ocr_line' id='line_1_20' title="bbox 2296 1148 3896 1227; baseline 0.002 -24"><span class='ocrx_word' id='word_1_134' title='bbox 2296 1153 2517 1216; x_wconf 91' lang='grc' dir='ltr'>πάντως,</span> <span class='ocrx_word' id='word_1_135' title='bbox 2574 1153 2640 1213; x_wconf 85' lang='grc' dir='ltr'>ὡς</span> <span class='ocrx_word' id='word_1_136' title='bbox 2695 1150 2779 1202; x_wconf 81' lang='grc' dir='ltr'>ἐπὶ</span> <span class='ocrx_word' id='word_1_137' title='bbox 2831 1156 3012 1211; x_wconf 81' lang='grc' dir='ltr'>κακοῖς</span> <span class='ocrx_word' id='word_1_138' title='bbox 3064 1148 3305 1221; x_wconf 76' lang='grc' dir='ltr'>ἐσχάτοις</span> <span class='ocrx_word' id='word_1_139' title='bbox 3355 1158 3445 1203; x_wconf 81' lang='grc' dir='ltr'>καὶ</span> <span class='ocrx_word' id='word_1_140' title='bbox 3512 1153 3896 1227; x_wconf 72' lang='grc' dir='ltr'>ὁμολογουμένῃ</span> 
     </span>
    </p>
   </div>
   <div class='ocr_carea' id='block_1_21' title="bbox 527 1234 2131 1313">
    <p class='ocr_par' dir='ltr' id='par_1_21' title="bbox 527 1239 2131 1312">
     <span class='ocr_line' id='line_1_21' title="bbox 527 1239 2131 1312; baseline -0.004 -14"><span class='ocrx_word' id='word_1_141' title='bbox 527 1257 736 1299; x_wconf 89' lang='lat' dir='ltr'>eorum</span> <span class='ocrx_word' id='word_1_142' title='bbox 753 1242 969 1298; x_wconf 91' lang='lat' dir='ltr'>animis</span> <span class='ocrx_word' id='word_1_143' title='bbox 986 1241 1278 1312; x_wconf 86' lang='lat' dir='ltr'>majorem</span> <span class='ocrx_word' id='word_1_144' title='bbox 1293 1240 1580 1297; x_wconf 78' lang='lat' dir='ltr'>afferebat</span> <span class='ocrx_word' id='word_1_145' title='bbox 1590 1241 1879 1306; x_wconf 89' lang='lat' dir='ltr'>dolorem,</span> <span class='ocrx_word' id='word_1_146' title='bbox 1902 1247 1956 1297; x_wconf 89' lang='lat' dir='ltr'>et</span> <span class='ocrx_word' id='word_1_147' title='bbox 1973 1239 2131 1296; x_wconf 71' lang='lat' dir='ltr'>BfﬁCit</span> 
     </span>
    </p>
   </div>
   <div class='ocr_carea' id='block_1_22' title="bbox 2294 1234 3898 1313">
    <p class='ocr_par' dir='ltr' id='par_1_22' title="bbox 2299 1234 3898 1313">
     <span class='ocr_line' id='line_1_22' title="bbox 2299 1234 3898 1313; baseline 0.005 -26"><span class='ocrx_word' id='word_1_148' title='bbox 2299 1244 2523 1313; x_wconf 82' lang='grc' dir='ltr'>τιμωρίᾳ</span> <span class='ocrx_word' id='word_1_149' title='bbox 2568 1256 2581 1268; x_wconf 87' lang='grc'><strong>·</strong></span> <span class='ocrx_word' id='word_1_150' title='bbox 2618 1239 2644 1290; x_wconf 88' lang='grc' dir='ltr'>ὃ</span> <span class='ocrx_word' id='word_1_151' title='bbox 2684 1234 2751 1297; x_wconf 83' lang='grc' dir='ltr'>δὴ</span> <span class='ocrx_word' id='word_1_152' title='bbox 2790 1243 2880 1290; x_wconf 91' lang='lat' dir='ltr'>xui</span> <span class='ocrx_word' id='word_1_153' title='bbox 2921 1238 3109 1310; x_wconf 85' lang='grc' dir='ltr'>μᾶλλον</span> <span class='ocrx_word' id='word_1_154' title='bbox 3140 1237 3313 1291; x_wconf 83' lang='grc' dir='ltr'>ἐλύπει</span> <span class='ocrx_word' id='word_1_155' title='bbox 3356 1259 3410 1292; x_wconf 89' lang='grc' dir='ltr'>τε</span> <span class='ocrx_word' id='word_1_156' title='bbox 3453 1240 3620 1293; x_wconf 82' lang='grc' dir='ltr'>αὐτῶν</span> <span class='ocrx_word' id='word_1_157' title='bbox 3655 1245 3745 1305; x_wconf 83' lang='grc' dir='ltr'>τὰς</span> 
     </span>
    </p>
   </div>
   <div class='ocr_carea' id='block_1_23' title="bbox 524 1325 2128 1405">
    <p class='ocr_par' dir='ltr' id='par_1_23' title="bbox 524 1330 2128 1403">
     <span class='ocr_line' id='line_1_23' title="bbox 524 1330 2128 1403; baseline -0.004 -16"><span class='ocrx_word' id='word_1_158' title='bbox 524 1332 649 1398; x_wconf 91' lang='lat' dir='ltr'>bat,</span> <span class='ocrx_word' id='word_1_159' title='bbox 680 1335 744 1387; x_wconf 85' lang='lat' dir='ltr'>ut</span> <span class='ocrx_word' id='word_1_160' title='bbox 768 1331 928 1403; x_wconf 91' lang='lat' dir='ltr'>apud</span> <span class='ocrx_word' id='word_1_161' title='bbox 944 1330 1288 1386; x_wconf 84' lang='lat' dir='ltr'>Anthimum</span> <span class='ocrx_word' id='word_1_162' title='bbox 1315 1330 1750 1387; x_wconf 87' lang='lat' dir='ltr'>erubescerent.</span> <span class='ocrx_word' id='word_1_163' title='bbox 1781 1332 1897 1386; x_wconf 84' lang='lat' dir='ltr'>Hac</span> <span class='ocrx_word' id='word_1_164' title='bbox 1914 1330 1989 1385; x_wconf 89' lang='lat' dir='ltr'>de</span> <span class='ocrx_word' id='word_1_165' title='bbox 2003 1345 2128 1386; x_wconf 72' lang='lat' dir='ltr'>caus</span> 
     </span>
    </p>
   </div>
   <div class='ocr_carea' id='block_1_24' title="bbox 2286 1325 3890 1405">
    <p class='ocr_par' dir='ltr' id='par_1_24' title="bbox 2297 1325 3890 1405">
     <span class='ocr_line' id='line_1_24' title="bbox 2297 1325 3890 1405; baseline 0.002 -25"><span class='ocrx_word' id='word_1_166' title='bbox 2297 1331 2402 1399; x_wconf 87' lang='grc' dir='ltr'>χάς</span> <span class='ocrx_word' id='word_1_167' title='bbox 2439 1334 2531 1380; x_wconf 88' lang='lat' dir='ltr'>xui</span> <span class='ocrx_word' id='word_1_168' title='bbox 2578 1332 2708 1400; x_wconf 88' lang='grc' dir='ltr'>πρὸς</span> <span class='ocrx_word' id='word_1_169' title='bbox 2746 1331 2832 1379; x_wconf 88' lang='grc' dir='ltr'>τὸν</span> <span class='ocrx_word' id='word_1_170' title='bbox 2882 1330 3128 1399; x_wconf 76' lang='grc' dir='ltr'>Ἂνθιμον</span> <span class='ocrx_word' id='word_1_171' title='bbox 3169 1325 3353 1390; x_wconf 82' lang='grc' dir='ltr'>αἰδοῦς</span> <span class='ocrx_word' id='word_1_172' title='bbox 3402 1328 3672 1385; x_wconf 87' lang='grc' dir='ltr'>ἀνεπίπλα.</span> <span class='ocrx_word' id='word_1_173' title='bbox 3712 1335 3890 1405; x_wconf 69' lang='grc' dir='ltr'>Ταύτῃ</span> 
     </span>
    </p>
   </div>
   <div class='ocr_carea' id='block_1_25' title="bbox 525 1413 2129 1493">
    <p class='ocr_par' dir='ltr' id='par_1_25' title="bbox 525 1419 2099 1490">
     <span class='ocr_line' id='line_1_25' title="bbox 525 1419 2099 1490; baseline -0.002 -13"><span class='ocrx_word' id='word_1_174' title='bbox 525 1437 663 1477; x_wconf 91' lang='lat' dir='ltr'>cum</span> <span class='ocrx_word' id='word_1_175' title='bbox 694 1437 763 1477; x_wconf 91' lang='lat' dir='ltr'>os</span> <span class='ocrx_word' id='word_1_176' title='bbox 796 1420 952 1476; x_wconf 90' lang='lat' dir='ltr'>illius</span> <span class='ocrx_word' id='word_1_177' title='bbox 997 1419 1317 1475; x_wconf 86' lang='lat' dir='ltr'>veridicum</span> <span class='ocrx_word' id='word_1_178' title='bbox 1346 1419 1635 1477; x_wconf 82' lang='lat' dir='ltr'>haberent</span> <span class='ocrx_word' id='word_1_179' title='bbox 1660 1420 1788 1490; x_wconf 88' lang='lat' dir='ltr'>ejus</span> <span class='ocrx_word' id='word_1_180' title='bbox 1819 1419 2099 1485; x_wconf 89' lang='lat' dir='ltr'>indicem,</span> 
     </span>
    </p>
   </div>
   <div class='ocr_carea' id='block_1_26' title="bbox 2296 1413 3900 1493">
    <p class='ocr_par' dir='ltr' id='par_1_26' title="bbox 2296 1413 3900 1493">
     <span class='ocr_line' id='line_1_26' title="bbox 2296 1413 3900 1493; baseline 0.002 -24"><span class='ocrx_word' id='word_1_181' title='bbox 2296 1437 2375 1470; x_wconf 91' lang='grc' dir='ltr'>τοι</span> <span class='ocrx_word' id='word_1_182' title='bbox 2421 1422 2510 1470; x_wconf 83' lang='grc' dir='ltr'>καὶ</span> <span class='ocrx_word' id='word_1_183' title='bbox 2556 1422 2789 1489; x_wconf 81' lang='grc' dir='ltr'>μηνυτὴν</span> <span class='ocrx_word' id='word_1_184' title='bbox 2818 1424 2909 1469; x_wconf 89' lang='grc' dir='ltr'>τοῦ</span> <span class='ocrx_word' id='word_1_185' title='bbox 2945 1413 3131 1489; x_wconf 87' lang='grc' dir='ltr'>ἀνδρὸς</span> <span class='ocrx_word' id='word_1_186' title='bbox 3181 1415 3388 1488; x_wconf 76' lang='grc' dir='ltr'>ἀψευδῆ</span> <span class='ocrx_word' id='word_1_187' title='bbox 3427 1423 3483 1471; x_wconf 82' lang='grc' dir='ltr'>τὸ</span> <span class='ocrx_word' id='word_1_188' title='bbox 3514 1421 3706 1473; x_wconf 76' lang='grc' dir='ltr'>ἐκείνου</span> <span class='ocrx_word' id='word_1_189' title='bbox 3746 1423 3900 1493; x_wconf 78' lang='grc' dir='ltr'>ἔχον-</span> 
     </span>
    </p>
   </div>
   <div class='ocr_carea' id='block_1_27' title="bbox 525 1504 2129 1583">
    <p class='ocr_par' dir='ltr' id='par_1_27' title="bbox 525 1508 2129 1581">
     <span class='ocr_line' id='line_1_27' title="bbox 525 1508 2129 1581; baseline -0.003 -14"><span class='ocrx_word' id='word_1_190' title='bbox 525 1527 597 1567; x_wconf 85' lang='lat' dir='ltr'>ex</span> <span class='ocrx_word' id='word_1_191' title='bbox 628 1511 757 1581; x_wconf 87' lang='lat' dir='ltr'>ejus</span> <span class='ocrx_word' id='word_1_192' title='bbox 781 1510 988 1579; x_wconf 82' lang='lat' dir='ltr'>lingua</span> <span class='ocrx_word' id='word_1_193' title='bbox 1022 1508 1417 1579; x_wconf 81' lang='lat' dir='ltr'>intelligerent</span> <span class='ocrx_word' id='word_1_194' title='bbox 1449 1524 1586 1565; x_wconf 90' lang='lat' dir='ltr'>eum</span> <span class='ocrx_word' id='word_1_195' title='bbox 1635 1524 1767 1564; x_wconf 90' lang='lat' dir='ltr'>esse</span> <span class='ocrx_word' id='word_1_196' title='bbox 1812 1508 2129 1563; x_wconf 83' lang='lat' dir='ltr'>Anthimun</span> 
     </span>
    </p>
   </div>
   <div class='ocr_carea' id='block_1_28' title="bbox 2296 1504 3900 1583">
    <p class='ocr_par' dir='ltr' id='par_1_28' title="bbox 2296 1504 3900 1583">
     <span class='ocr_line' id='line_1_28' title="bbox 2296 1504 3900 1583; baseline 0.004 -27"><span class='ocrx_word' id='word_1_197' title='bbox 2296 1525 2375 1567; x_wconf 85' lang='grc' dir='ltr'>τες</span> <span class='ocrx_word' id='word_1_198' title='bbox 2430 1510 2599 1577; x_wconf 85' lang='grc' dir='ltr'>στόμα</span> <span class='ocrx_word' id='word_1_199' title='bbox 2636 1510 2724 1557; x_wconf 89' lang='lat' dir='ltr'>xui</span> <span class='ocrx_word' id='word_1_200' title='bbox 2767 1508 2831 1566; x_wconf 82' lang='grc' dir='ltr'>ὡς</span> <span class='ocrx_word' id='word_1_201' title='bbox 2861 1505 3018 1567; x_wconf 70' lang='grc' dir='ltr'>αὐτὸς</span> <span class='ocrx_word' id='word_1_202' title='bbox 3058 1504 3303 1578; x_wconf 80' lang='grc' dir='ltr'>Ἀνθιμος</span> <span class='ocrx_word' id='word_1_203' title='bbox 3354 1511 3430 1565; x_wconf 83' lang='grc' dir='ltr'>εἴη</span> <span class='ocrx_word' id='word_1_204' title='bbox 3486 1511 3627 1583; x_wconf 88' lang='grc' dir='ltr'>παρά</span> <span class='ocrx_word' id='word_1_205' title='bbox 3660 1517 3755 1571; x_wconf 79' lang='grc' dir='ltr'>τῆς</span> <span class='ocrx_word' id='word_1_206' title='bbox 3805 1511 3900 1563; x_wconf 78' lang='grc' dir='ltr'>αῦ-</span> 
     </span>
    </p>
   </div>
   <div class='ocr_carea' id='block_1_29' title="bbox 524 1593 2128 1668">
    <p class='ocr_par' dir='ltr' id='par_1_29' title="bbox 524 1597 2128 1665">
     <span class='ocr_line' id='line_1_29' title="bbox 524 1597 2128 1665; baseline -0.002 -9"><span class='ocrx_word' id='word_1_207' title='bbox 524 1616 663 1657; x_wconf 92' lang='lat' dir='ltr'>eum</span> <span class='ocrx_word' id='word_1_208' title='bbox 694 1599 971 1655; x_wconf 90' lang='lat' dir='ltr'>lubenter</span> <span class='ocrx_word' id='word_1_209' title='bbox 998 1597 1396 1665; x_wconf 84' lang='lat' dir='ltr'>dimittebant,</span> <span class='ocrx_word' id='word_1_210' title='bbox 1437 1602 1493 1654; x_wconf 91' lang='lat' dir='ltr'>et</span> <span class='ocrx_word' id='word_1_211' title='bbox 1520 1602 1579 1654; x_wconf 90' lang='lat' dir='ltr'>ut</span> <span class='ocrx_word' id='word_1_212' title='bbox 1618 1597 1935 1663; x_wconf 90' lang='lat' dir='ltr'>recederet,</span> <span class='ocrx_word' id='word_1_213' title='bbox 1968 1597 2128 1652; x_wconf 39' lang='lat' dir='ltr'>suad&#39;</span> 
     </span>
    </p>
   </div>
   <div class='ocr_carea' id='block_1_30' title="bbox 2294 1593 3898 1668">
    <p class='ocr_par' dir='ltr' id='par_1_30' title="bbox 2294 1593 3898 1668">
     <span class='ocr_line' id='line_1_30' title="bbox 2294 1593 3898 1668; baseline 0.004 -23"><span class='ocrx_word' id='word_1_214' title='bbox 2294 1601 2382 1645; x_wconf 88' lang='grc' dir='ltr'>τοῦ</span> <span class='ocrx_word' id='word_1_215' title='bbox 2445 1593 2678 1665; x_wconf 84' lang='grc' dir='ltr'>γλώττης</span> <span class='ocrx_word' id='word_1_216' title='bbox 2732 1596 3084 1666; x_wconf 76' lang='grc' dir='ltr'>μανθάνοντες,</span> <span class='ocrx_word' id='word_1_217' title='bbox 3167 1596 3306 1666; x_wconf 88' lang='grc' dir='ltr'>ὅμως</span> <span class='ocrx_word' id='word_1_218' title='bbox 3365 1596 3582 1668; x_wconf 76' lang='grc' dir='ltr'>ἠφίεσάν</span> <span class='ocrx_word' id='word_1_219' title='bbox 3630 1617 3684 1651; x_wconf 85' lang='grc' dir='ltr'>τε</span> <span class='ocrx_word' id='word_1_220' title='bbox 3736 1598 3898 1651; x_wconf 71' lang='grc' dir='ltr'>αὑτὸν</span> 
     </span>
    </p>
   </div>
   <div class='ocr_carea' id='block_1_31' title="bbox 519 1682 2123 1763">
    <p class='ocr_par' dir='ltr' id='par_1_31' title="bbox 519 1686 2123 1747">
     <span class='ocr_line' id='line_1_31' title="bbox 519 1686 2123 1747; baseline -0.004 -1"><span class='ocrx_word' id='word_1_221' title='bbox 519 1689 670 1747; x_wconf 86' lang='lat' dir='ltr'>bant</span> <span class='ocrx_word' id='word_1_222' title='bbox 702 1707 719 1743; x_wconf 92' lang='lat'><strong><em>:</em></strong></span> <span class='ocrx_word' id='word_1_223' title='bbox 751 1688 1016 1744; x_wconf 90' lang='lat' dir='ltr'>sciebant</span> <span class='ocrx_word' id='word_1_224' title='bbox 1032 1688 1190 1743; x_wconf 89' lang='lat' dir='ltr'>enim</span> <span class='ocrx_word' id='word_1_225' title='bbox 1217 1687 1362 1742; x_wconf 88' lang='lat' dir='ltr'>nihil</span> <span class='ocrx_word' id='word_1_226' title='bbox 1387 1686 1530 1743; x_wconf 91' lang='lat' dir='ltr'>boni</span> <span class='ocrx_word' id='word_1_227' title='bbox 1556 1686 1749 1743; x_wconf 90' lang='lat' dir='ltr'>eiesse</span> <span class='ocrx_word' id='word_1_228' title='bbox 1763 1702 2123 1743; x_wconf 86' lang='lat' dir='ltr'>successuru:</span> 
     </span>
    </p>
   </div>
   <div class='ocr_carea' id='block_1_32' title="bbox 2288 1682 3892 1763">
    <p class='ocr_par' dir='ltr' id='par_1_32' title="bbox 2291 1682 3892 1763">
     <span class='ocr_line' id='line_1_32' title="bbox 2291 1682 3892 1763; baseline 0.004 -29"><span class='ocrx_word' id='word_1_229' title='bbox 2291 1682 2479 1743; x_wconf 83' lang='grc' dir='ltr'>ἑκόντες</span> <span class='ocrx_word' id='word_1_230' title='bbox 2526 1687 2616 1734; x_wconf 86' lang='grc' dir='ltr'>καὶ</span> <span class='ocrx_word' id='word_1_231' title='bbox 2656 1685 2949 1756; x_wconf 71' lang='grc' dir='ltr'>ὑποχωρεῖν</span> <span class='ocrx_word' id='word_1_232' title='bbox 3005 1687 3376 1757; x_wconf 77' lang='grc' dir='ltr'>προετρέποντο</span> <span class='ocrx_word' id='word_1_233' title='bbox 3418 1703 3429 1714; x_wconf 76' lang='grc'><strong><em>⁸</em></strong></span> <span class='ocrx_word' id='word_1_234' title='bbox 3494 1683 3713 1744; x_wconf 80' lang='grc' dir='ltr'>ἤδεισαν</span> <span class='ocrx_word' id='word_1_235' title='bbox 3760 1691 3892 1763; x_wconf 82' lang='grc' dir='ltr'>γὰρ,</span> 
     </span>
    </p>
   </div>
   <div class='ocr_carea' id='block_1_33' title="bbox 523 1767 2127 1848">
    <p class='ocr_par' dir='ltr' id='par_1_33' title="bbox 523 1776 2127 1834">
     <span class='ocr_line' id='line_1_33' title="bbox 523 1776 2127 1834; baseline -0.002 0"><span class='ocrx_word' id='word_1_236' title='bbox 523 1795 594 1834; x_wconf 83' lang='lat' dir='ltr'>ex</span> <span class='ocrx_word' id='word_1_237' title='bbox 621 1793 730 1833; x_wconf 92' lang='lat' dir='ltr'>suo</span> <span class='ocrx_word' id='word_1_238' title='bbox 770 1777 1032 1833; x_wconf 90' lang='lat' dir='ltr'>adventu</span> <span class='ocrx_word' id='word_1_239' title='bbox 1072 1776 1147 1832; x_wconf 91' lang='lat' dir='ltr'>ad</span> <span class='ocrx_word' id='word_1_240' title='bbox 1182 1776 1626 1832; x_wconf 82' lang='lat' dir='ltr'>Maximianum.</span> <span class='ocrx_word' id='word_1_241' title='bbox 1661 1776 1841 1831; x_wconf 89' lang='lat' dir='ltr'>Nobis</span> <span class='ocrx_word' id='word_1_242' title='bbox 1868 1779 2068 1831; x_wconf 91' lang='lat' dir='ltr'>autem</span> <span class='ocrx_word' id='word_1_243' title='bbox 2102 1791 2127 1831; x_wconf 79' lang='grc' dir='ltr'>ε</span> 
     </span>
    </p>
   </div>
   <div class='ocr_carea' id='block_1_34' title="bbox 2294 1767 3898 1848">
    <p class='ocr_par' dir='ltr' id='par_1_34' title="bbox 2294 1767 3898 1848">
     <span class='ocr_line' id='line_1_34' title="bbox 2294 1767 3898 1848; baseline 0.002 -25"><span class='ocrx_word' id='word_1_244' title='bbox 2294 1774 2358 1834; x_wconf 83' lang='grc' dir='ltr'>ὡς</span> <span class='ocrx_word' id='word_1_245' title='bbox 2409 1767 2558 1823; x_wconf 69' lang='grc' dir='ltr'>οὐδὲν</span> <span class='ocrx_word' id='word_1_246' title='bbox 2629 1775 2869 1843; x_wconf 83' lang='grc' dir='ltr'>χρηστόν</span> <span class='ocrx_word' id='word_1_247' title='bbox 2915 1781 3002 1832; x_wconf 83' lang='grc' dir='ltr'>τῆς</span> <span class='ocrx_word' id='word_1_248' title='bbox 3058 1776 3199 1847; x_wconf 88' lang='grc' dir='ltr'>παρὰ</span> <span class='ocrx_word' id='word_1_249' title='bbox 3271 1773 3595 1845; x_wconf 84' lang='grc' dir='ltr'>Μαξιμιανοῦ</span> <span class='ocrx_word' id='word_1_250' title='bbox 3673 1775 3898 1848; x_wconf 76' lang='grc' dir='ltr'>ἀφίξεως</span> 
     </span>
    </p>
   </div>
   <div class='ocr_carea' id='block_1_35' title="bbox 522 1857 2126 1937">
    <p class='ocr_par' dir='ltr' id='par_1_35' title="bbox 522 1863 2126 1933">
     <span class='ocr_line' id='line_1_35' title="bbox 522 1863 2126 1933; baseline -0.002 -10"><span class='ocrx_word' id='word_1_251' title='bbox 522 1873 813 1933; x_wconf 87' lang='lat' dir='ltr'>nostram,</span> <span class='ocrx_word' id='word_1_252' title='bbox 842 1864 1100 1931; x_wconf 84' lang='lat' dir='ltr'>aiebant,</span> <span class='ocrx_word' id='word_1_253' title='bbox 1133 1863 1801 1930; x_wconf 84' lang='lat' dir='ltr'>sufﬁcitdefensionem,</span> <span class='ocrx_word' id='word_1_254' title='bbox 1832 1865 2126 1920; x_wconf 71' lang='lat' dir='ltr'>Anthimul</span> 
     </span>
    </p>
   </div>
   <div class='ocr_carea' id='block_1_36' title="bbox 2287 1857 3891 1937">
    <p class='ocr_par' dir='ltr' id='par_1_36' title="bbox 2290 1857 3891 1937">
     <span class='ocr_line' id='line_1_36' title="bbox 2290 1857 3891 1937; baseline 0.002 -24"><span class='ocrx_word' id='word_1_255' title='bbox 2290 1860 2596 1915; x_wconf 85' lang='grc' dir='ltr'>ἀπολαύσοι.</span> <span class='ocrx_word' id='word_1_256' title='bbox 2644 1860 2793 1932; x_wconf 80' lang='grc' dir='ltr'>Ἡμῖν</span> <span class='ocrx_word' id='word_1_257' title='bbox 2824 1857 2882 1913; x_wconf 81' lang='grc' dir='ltr'>δὲ</span> <span class='ocrx_word' id='word_1_258' title='bbox 2914 1860 3149 1933; x_wconf 86' lang='grc' dir='ltr'>ἀπόχρη,</span> <span class='ocrx_word' id='word_1_259' title='bbox 3204 1864 3417 1932; x_wconf 79' lang='grc' dir='ltr'>ἔφασαν,</span> <span class='ocrx_word' id='word_1_260' title='bbox 3452 1863 3523 1925; x_wconf 88' lang='grc' dir='ltr'>εἰς</span> <span class='ocrx_word' id='word_1_261' title='bbox 3573 1863 3891 1937; x_wconf 79' lang='grc' dir='ltr'>ἀπολογίαν,</span> 
     </span>
    </p>
   </div>
   <div class='ocr_carea' id='block_1_37' title="bbox 519 1948 2123 2029">
    <p class='ocr_par' dir='ltr' id='par_1_37' title="bbox 519 1954 2118 2029">
     <span class='ocr_line' id='line_1_37' title="bbox 519 1954 2118 2029; baseline -0.001 -18"><span class='ocrx_word' id='word_1_262' title='bbox 519 1956 767 2029; x_wconf 89' lang='lat' dir='ltr'>quidem</span> <span class='ocrx_word' id='word_1_263' title='bbox 794 1954 1049 2011; x_wconf 93' lang='lat' dir='ltr'>multum</span> <span class='ocrx_word' id='word_1_264' title='bbox 1063 1954 1411 2027; x_wconf 81' lang='lat' dir='ltr'>quaesivisse</span> <span class='ocrx_word' id='word_1_265' title='bbox 1426 1970 1530 2026; x_wconf 89' lang='lat' dir='ltr'>per</span> <span class='ocrx_word' id='word_1_266' title='bbox 1550 1954 1892 2009; x_wconf 86' lang='lat' dir='ltr'>universam</span> <span class='ocrx_word' id='word_1_267' title='bbox 1916 1954 2118 2010; x_wconf 86' lang='lat' dir='ltr'>Nicom</span> 
     </span>
    </p>
   </div>
   <div class='ocr_carea' id='block_1_38' title="bbox 2297 1948 3901 2029">
    <p class='ocr_par' dir='ltr' id='par_1_38' title="bbox 2297 1948 3901 2025">
     <span class='ocr_line' id='line_1_38' title="bbox 2297 1948 3901 2025; baseline 0.004 -23"><span class='ocrx_word' id='word_1_268' title='bbox 2297 1954 2345 2002; x_wconf 85' lang='lat' dir='ltr'>r6</span> <span class='ocrx_word' id='word_1_269' title='bbox 2398 1949 2561 2003; x_wconf 80' lang='grc' dir='ltr'>πολλὰ</span> <span class='ocrx_word' id='word_1_270' title='bbox 2596 1952 2686 2021; x_wconf 76' lang='grc' dir='ltr'>μὲν</span> <span class='ocrx_word' id='word_1_271' title='bbox 2726 1953 2811 2001; x_wconf 89' lang='grc' dir='ltr'>τόν</span> <span class='ocrx_word' id='word_1_272' title='bbox 2860 1948 3107 2021; x_wconf 65' lang='grc' dir='ltr'>’Ἄνθιμον</span> <span class='ocrx_word' id='word_1_273' title='bbox 3157 1949 3252 2002; x_wconf 90' lang='grc' dir='ltr'>ἀνά</span> <span class='ocrx_word' id='word_1_274' title='bbox 3294 1957 3387 2009; x_wconf 78' lang='grc' dir='ltr'>τὴν</span> <span class='ocrx_word' id='word_1_275' title='bbox 3418 1951 3756 2025; x_wconf 79' lang='grc' dir='ltr'>Νικομηδέων</span> <span class='ocrx_word' id='word_1_276' title='bbox 3788 1962 3901 2007; x_wconf 81' lang='grc' dir='ltr'>πᾶ-</span> 
     </span>
    </p>
   </div>
   <div class='ocr_carea' id='block_1_39' title="bbox 519 2036 2123 2116">
    <p class='ocr_par' dir='ltr' id='par_1_39' title="bbox 519 2043 2123 2116">
     <span class='ocr_line' id='line_1_39' title="bbox 519 2043 2123 2116; baseline -0.001 -16"><span class='ocrx_word' id='word_1_277' title='bbox 519 2045 707 2115; x_wconf 90' lang='lat' dir='ltr'>diam,</span> <span class='ocrx_word' id='word_1_278' title='bbox 738 2060 857 2100; x_wconf 90' lang='lat' dir='ltr'>non</span> <span class='ocrx_word' id='word_1_279' title='bbox 884 2043 1147 2116; x_wconf 90' lang='lat' dir='ltr'>potuisse</span> <span class='ocrx_word' id='word_1_280' title='bbox 1188 2048 1389 2099; x_wconf 91' lang='lat' dir='ltr'>tamen</span> <span class='ocrx_word' id='word_1_281' title='bbox 1433 2059 1571 2099; x_wconf 91' lang='lat' dir='ltr'>eum</span> <span class='ocrx_word' id='word_1_282' title='bbox 1611 2043 1898 2099; x_wconf 89' lang='lat' dir='ltr'>invenire.</span> <span class='ocrx_word' id='word_1_283' title='bbox 1935 2043 2047 2100; x_wconf 92' lang='lat' dir='ltr'>Sed</span> <span class='ocrx_word' id='word_1_284' title='bbox 2077 2060 2123 2116; x_wconf 59' lang='lat' dir='ltr'>q‘</span> 
     </span>
    </p>
   </div>
   <div class='ocr_carea' id='block_1_40' title="bbox 2289 2036 3893 2116">
    <p class='ocr_par' dir='ltr' id='par_1_40' title="bbox 2293 2036 3893 2116">
     <span class='ocr_line' id='line_1_40' title="bbox 2293 2036 3893 2116; baseline 0.002 -23"><span class='ocrx_word' id='word_1_285' title='bbox 2293 2060 2387 2093; x_wconf 86' lang='grc' dir='ltr'>σαν</span> <span class='ocrx_word' id='word_1_286' title='bbox 2424 2040 2676 2104; x_wconf 79' lang='grc' dir='ltr'>ζητῆσαι,</span> <span class='ocrx_word' id='word_1_287' title='bbox 2709 2040 2843 2111; x_wconf 83' lang='grc' dir='ltr'>ὅμως</span> <span class='ocrx_word' id='word_1_288' title='bbox 2883 2036 2941 2091; x_wconf 77' lang='grc' dir='ltr'>δὲ</span> <span class='ocrx_word' id='word_1_289' title='bbox 2991 2044 3062 2111; x_wconf 82' lang='grc' dir='ltr'>μὴ</span> <span class='ocrx_word' id='word_1_290' title='bbox 3107 2036 3397 2099; x_wconf 85' lang='grc' dir='ltr'>δυνηθῆναι</span> <span class='ocrx_word' id='word_1_291' title='bbox 3453 2041 3697 2116; x_wconf 89' lang='grc' dir='ltr'>ἀνευρεῖν.</span> <span class='ocrx_word' id='word_1_292' title='bbox 3747 2044 3893 2097; x_wconf 82' lang='grc' dir='ltr'>Ἀλλ’</span> 
     </span>
    </p>
   </div>
   <div class='ocr_carea' id='block_1_41' title="bbox 521 2128 2125 2206">
    <p class='ocr_par' dir='ltr' id='par_1_41' title="bbox 521 2130 2125 2206">
     <span class='ocr_line' id='line_1_41' title="bbox 521 2130 2125 2206; baseline -0.001 -16"><span class='ocrx_word' id='word_1_293' title='bbox 521 2134 621 2190; x_wconf 90' lang='lat' dir='ltr'>Dei</span> <span class='ocrx_word' id='word_1_294' title='bbox 662 2138 960 2206; x_wconf 71' lang='lat' dir='ltr'>praacepta</span> <span class='ocrx_word' id='word_1_295' title='bbox 1008 2148 1246 2204; x_wconf 88' lang='lat' dir='ltr'>semper</span> <span class='ocrx_word' id='word_1_296' title='bbox 1277 2130 1681 2187; x_wconf 90' lang='lat' dir='ltr'>meditabatur</span> <span class='ocrx_word' id='word_1_297' title='bbox 1710 2132 2044 2197; x_wconf 80' lang='lat' dir='ltr'>Anthimus,</span> <span class='ocrx_word' id='word_1_298' title='bbox 2078 2148 2125 2188; x_wconf 66' lang='lat' dir='ltr'>ei</span> 
     </span>
    </p>
   </div>
   <div class='ocr_carea' id='block_1_42' title="bbox 2294 2128 3898 2206">
    <p class='ocr_par' dir='ltr' id='par_1_42' title="bbox 2294 2128 3898 2206">
     <span class='ocr_line' id='line_1_42' title="bbox 2294 2128 3898 2206; baseline 0.006 -27"><span class='ocrx_word' id='word_1_299' title='bbox 2294 2131 2318 2187; x_wconf 78' lang='grc' dir='ltr'><strong>ἠ</strong></span> <span class='ocrx_word' id='word_1_300' title='bbox 2380 2138 2478 2180; x_wconf 84' lang='grc' dir='ltr'>τῶν</span> <span class='ocrx_word' id='word_1_301' title='bbox 2530 2128 2737 2180; x_wconf 83' lang='grc' dir='ltr'>ἐντολῶν</span> <span class='ocrx_word' id='word_1_302' title='bbox 2788 2136 2879 2181; x_wconf 86' lang='grc' dir='ltr'>τοῦ</span> <span class='ocrx_word' id='word_1_303' title='bbox 2926 2132 3051 2181; x_wconf 83' lang='grc' dir='ltr'>Θεοῦ</span> <span class='ocrx_word' id='word_1_304' title='bbox 3106 2128 3311 2200; x_wconf 83' lang='grc' dir='ltr'>μελέτη,</span> <span class='ocrx_word' id='word_1_305' title='bbox 3363 2132 3388 2183; x_wconf 97' lang='lat'>6</span> <span class='ocrx_word' id='word_1_306' title='bbox 3439 2133 3568 2206; x_wconf 81' lang='grc' dir='ltr'>ἱερὸς</span> <span class='ocrx_word' id='word_1_307' title='bbox 3616 2142 3707 2187; x_wconf 90' lang='grc' dir='ltr'>τοῦ</span> <span class='ocrx_word' id='word_1_308' title='bbox 3752 2142 3898 2188; x_wconf 80' lang='grc' dir='ltr'>Θεοῦ</span> 
     </span>
    </p>
   </div>
   <div class='ocr_carea' id='block_1_43' title="bbox 518 2216 2122 2297">
    <p class='ocr_par' dir='ltr' id='par_1_43' title="bbox 518 2220 2122 2292">
     <span class='ocr_line' id='line_1_43' title="bbox 518 2220 2122 2292; baseline -0.002 -13"><span class='ocrx_word' id='word_1_309' title='bbox 518 2223 768 2280; x_wconf 91' lang='lat' dir='ltr'>omnino</span> <span class='ocrx_word' id='word_1_310' title='bbox 800 2221 1130 2278; x_wconf 90' lang='lat' dir='ltr'>adhortans</span> <span class='ocrx_word' id='word_1_311' title='bbox 1155 2227 1211 2277; x_wconf 92' lang='lat' dir='ltr'>et</span> <span class='ocrx_word' id='word_1_312' title='bbox 1235 2221 1479 2288; x_wconf 88' lang='lat' dir='ltr'>docens,</span> <span class='ocrx_word' id='word_1_313' title='bbox 1506 2225 1568 2277; x_wconf 91' lang='lat' dir='ltr'>ut</span> <span class='ocrx_word' id='word_1_314' title='bbox 1595 2223 1904 2276; x_wconf 86' lang='lat' dir='ltr'>veritatem</span> <span class='ocrx_word' id='word_1_315' title='bbox 1928 2220 2122 2292; x_wconf 80' lang='lat' dir='ltr'>loqua1</span> 
     </span>
    </p>
   </div>
   <div class='ocr_carea' id='block_1_44' title="bbox 2294 2216 3898 2297">
    <p class='ocr_par' dir='ltr' id='par_1_44' title="bbox 2294 2216 3898 2297">
     <span class='ocr_line' id='line_1_44' title="bbox 2294 2216 3898 2297; baseline 0.006 -29"><span class='ocrx_word' id='word_1_316' title='bbox 2294 2218 2550 2288; x_wconf 78' lang='grc' dir='ltr'>”Ανθιμος,</span> <span class='ocrx_word' id='word_1_317' title='bbox 2600 2217 2766 2269; x_wconf 83' lang='grc' dir='ltr'>λαλεῖν</span> <span class='ocrx_word' id='word_1_318' title='bbox 2809 2216 3050 2275; x_wconf 81' lang='grc' dir='ltr'>ἀληθειαν</span> <span class='ocrx_word' id='word_1_319' title='bbox 3099 2217 3147 2269; x_wconf 82' lang='grc' dir='ltr'>ἐν</span> <span class='ocrx_word' id='word_1_320' title='bbox 3181 2216 3380 2294; x_wconf 83' lang='grc' dir='ltr'>καρδίᾳ</span> <span class='ocrx_word' id='word_1_321' title='bbox 3436 2224 3628 2283; x_wconf 84' lang='grc' dir='ltr'>πάντας</span> <span class='ocrx_word' id='word_1_322' title='bbox 3669 2243 3898 2297; x_wconf 85' lang='grc' dir='ltr'>προτρε-</span> 
     </span>
    </p>
   </div>
   <div class='ocr_carea' id='block_1_45' title="bbox 516 2303 2120 2385">
    <p class='ocr_par' dir='ltr' id='par_1_45' title="bbox 516 2309 2120 2381">
     <span class='ocr_line' id='line_1_45' title="bbox 516 2309 2120 2381; baseline -0.002 -14"><span class='ocrx_word' id='word_1_323' title='bbox 516 2314 609 2367; x_wconf 87' lang='lat' dir='ltr'>tur</span> <span class='ocrx_word' id='word_1_324' title='bbox 637 2311 698 2366; x_wconf 92' lang='lat' dir='ltr'>in</span> <span class='ocrx_word' id='word_1_325' title='bbox 744 2310 923 2367; x_wconf 90' lang='lat' dir='ltr'>corde</span> <span class='ocrx_word' id='word_1_326' title='bbox 971 2326 1101 2377; x_wconf 90' lang='lat' dir='ltr'>suo,</span> <span class='ocrx_word' id='word_1_327' title='bbox 1156 2313 1214 2365; x_wconf 88' lang='lat' dir='ltr'>et</span> <span class='ocrx_word' id='word_1_328' title='bbox 1267 2326 1377 2365; x_wconf 92' lang='lat' dir='ltr'>nec</span> <span class='ocrx_word' id='word_1_329' title='bbox 1431 2309 1564 2366; x_wconf 90' lang='lat' dir='ltr'>illos</span> <span class='ocrx_word' id='word_1_330' title='bbox 1600 2314 1835 2381; x_wconf 88' lang='lat' dir='ltr'>propter</span> <span class='ocrx_word' id='word_1_331' title='bbox 1864 2310 2059 2381; x_wconf 92' lang='lat' dir='ltr'>ipsum</span> <span class='ocrx_word' id='word_1_332' title='bbox 2091 2327 2120 2364; x_wconf 89' lang='lat' dir='ltr'>v</span> 
     </span>
    </p>
   </div>
   <div class='ocr_carea' id='block_1_46' title="bbox 2296 2303 3900 2385">
    <p class='ocr_par' dir='ltr' id='par_1_46' title="bbox 2296 2303 3900 2385">
     <span class='ocr_line' id='line_1_46' title="bbox 2296 2303 3900 2385; baseline 0.004 -25"><span class='ocrx_word' id='word_1_333' title='bbox 2296 2312 2507 2379; x_wconf 85' lang='grc' dir='ltr'>πόμενος</span> <span class='ocrx_word' id='word_1_334' title='bbox 2547 2312 2635 2358; x_wconf 85' lang='grc' dir='ltr'>καὶ</span> <span class='ocrx_word' id='word_1_335' title='bbox 2685 2303 2974 2373; x_wconf 74' lang='grc' dir='ltr'>διδάσκων,</span> <span class='ocrx_word' id='word_1_336' title='bbox 3024 2310 3233 2370; x_wconf 82' lang='grc' dir='ltr'>ἐκείνοις</span> <span class='ocrx_word' id='word_1_337' title='bbox 3284 2306 3423 2381; x_wconf 66' lang='grc' dir='ltr'>μηδὲ</span> <span class='ocrx_word' id='word_1_338' title='bbox 3476 2310 3526 2363; x_wconf 79' lang='grc' dir='ltr'>ἐν</span> <span class='ocrx_word' id='word_1_339' title='bbox 3575 2317 3746 2385; x_wconf 87' lang='grc' dir='ltr'>μόνοις</span> <span class='ocrx_word' id='word_1_340' title='bbox 3783 2321 3900 2375; x_wconf 88' lang='grc' dir='ltr'>τοῖς</span> 
     </span>
    </p>
   </div>
   <div class='ocr_carea' id='block_1_47' title="bbox 515 2393 2119 2473">
    <p class='ocr_par' dir='ltr' id='par_1_47' title="bbox 515 2398 2119 2471">
     <span class='ocr_line' id='line_1_47' title="bbox 515 2398 2119 2471; baseline -0.001 -16"><span class='ocrx_word' id='word_1_341' title='bbox 515 2400 656 2456; x_wconf 89' lang='lat' dir='ltr'>solis</span> <span class='ocrx_word' id='word_1_342' title='bbox 682 2399 865 2455; x_wconf 90' lang='lat' dir='ltr'>labris</span> <span class='ocrx_word' id='word_1_343' title='bbox 890 2400 1128 2455; x_wconf 90' lang='lat' dir='ltr'>mentiri</span> <span class='ocrx_word' id='word_1_344' title='bbox 1182 2398 1499 2463; x_wconf 88' lang='lat' dir='ltr'>sustinens,</span> <span class='ocrx_word' id='word_1_345' title='bbox 1548 2403 1604 2455; x_wconf 91' lang='lat' dir='ltr'>et</span> <span class='ocrx_word' id='word_1_346' title='bbox 1641 2398 1761 2455; x_wconf 91' lang='lat' dir='ltr'>alio</span> <span class='ocrx_word' id='word_1_347' title='bbox 1790 2398 1894 2471; x_wconf 89' lang='lat' dir='ltr'>qui</span> <span class='ocrx_word' id='word_1_348' title='bbox 1940 2406 2119 2471; x_wconf 32' lang='lat' dir='ltr'>proptr</span> 
     </span>
    </p>
   </div>
   <div class='ocr_carea' id='block_1_48' title="bbox 2296 2393 3900 2473">
    <p class='ocr_par' dir='ltr' id='par_1_48' title="bbox 2296 2393 3900 2473">
     <span class='ocr_line' id='line_1_48' title="bbox 2296 2393 3900 2473; baseline 0.004 -24"><span class='ocrx_word' id='word_1_349' title='bbox 2296 2398 2490 2468; x_wconf 76' lang='grc' dir='ltr'>χείλεσι</span> <span class='ocrx_word' id='word_1_350' title='bbox 2537 2398 2837 2468; x_wconf 75' lang='grc' dir='ltr'>ψεύσασθαι</span> <span class='ocrx_word' id='word_1_351' title='bbox 2890 2393 2962 2449; x_wconf 89' lang='grc' dir='ltr'>δι’</span> <span class='ocrx_word' id='word_1_352' title='bbox 3017 2398 3171 2450; x_wconf 79' lang='grc' dir='ltr'>αὐτὸν</span> <span class='ocrx_word' id='word_1_353' title='bbox 3225 2396 3554 2473; x_wconf 84' lang='grc' dir='ltr'>ἀνεχόμενος,</span> <span class='ocrx_word' id='word_1_354' title='bbox 3616 2402 3779 2462; x_wconf 78' lang='grc' dir='ltr'>ἄλλως</span> <span class='ocrx_word' id='word_1_355' title='bbox 3828 2400 3900 2456; x_wconf 65' lang='grc' dir='ltr'>δε</span> 
     </span>
    </p>
   </div>
   <div class='ocr_carea' id='block_1_49' title="bbox 514 2483 2118 2565">
    <p class='ocr_par' dir='ltr' id='par_1_49' title="bbox 514 2487 2118 2553">
     <span class='ocr_line' id='line_1_49' title="bbox 514 2487 2118 2553; baseline -0.001 -8"><span class='ocrx_word' id='word_1_356' title='bbox 514 2489 813 2546; x_wconf 87' lang='lat' dir='ltr'>Christum</span> <span class='ocrx_word' id='word_1_357' title='bbox 844 2493 1098 2544; x_wconf 91' lang='lat' dir='ltr'>mortem</span> <span class='ocrx_word' id='word_1_358' title='bbox 1133 2487 1361 2553; x_wconf 83' lang='lat' dir='ltr'>sitiens,</span> <span class='ocrx_word' id='word_1_359' title='bbox 1396 2504 1519 2544; x_wconf 91' lang='lat' dir='ltr'>una</span> <span class='ocrx_word' id='word_1_360' title='bbox 1548 2504 1683 2543; x_wconf 93' lang='lat' dir='ltr'>cum</span> <span class='ocrx_word' id='word_1_361' title='bbox 1745 2488 1829 2543; x_wconf 92' lang='lat' dir='ltr'>eis</span> <span class='ocrx_word' id='word_1_362' title='bbox 1881 2487 2040 2543; x_wconf 90' lang='lat' dir='ltr'>illinc</span> <span class='ocrx_word' id='word_1_363' title='bbox 2092 2505 2118 2544; x_wconf 92' lang='lat' dir='ltr'>e</span> 
     </span>
    </p>
   </div>
   <div class='ocr_carea' id='block_1_50' title="bbox 2293 2483 3897 2565">
    <p class='ocr_par' dir='ltr' id='par_1_50' title="bbox 2293 2483 3897 2565">
     <span class='ocr_line' id='line_1_50' title="bbox 2293 2483 3897 2565; baseline 0.003 -26"><span class='ocrx_word' id='word_1_364' title='bbox 2293 2492 2377 2539; x_wconf 78' lang='lat' dir='ltr'>xui</span> <span class='ocrx_word' id='word_1_365' title='bbox 2434 2491 2518 2539; x_wconf 85' lang='grc' dir='ltr'>τόν</span> <span class='ocrx_word' id='word_1_366' title='bbox 2572 2488 2697 2559; x_wconf 79' lang='grc' dir='ltr'>ὑπὲρ</span> <span class='ocrx_word' id='word_1_367' title='bbox 2746 2494 2983 2561; x_wconf 79' lang='grc' dir='ltr'>Χριστοῦ</span> <span class='ocrx_word' id='word_1_368' title='bbox 3032 2483 3202 2557; x_wconf 72' lang='grc' dir='ltr'>διψῶν</span> <span class='ocrx_word' id='word_1_369' title='bbox 3261 2490 3495 2552; x_wconf 88' lang='grc' dir='ltr'>θάνατον,</span> <span class='ocrx_word' id='word_1_370' title='bbox 3561 2496 3897 2565; x_wconf 79' lang='grc' dir='ltr'>συναπήρετο</span> 
     </span>
    </p>
   </div>
   <div class='ocr_carea' id='block_1_51' title="bbox 513 2572 2117 2650">
    <p class='ocr_par' dir='ltr' id='par_1_51' title="bbox 513 2576 2117 2650">
     <span class='ocr_line' id='line_1_51' title="bbox 513 2576 2117 2650; baseline -0.002 -16"><span class='ocrx_word' id='word_1_371' title='bbox 513 2578 837 2650; x_wconf 87' lang='lat' dir='ltr'>profectus,</span> <span class='ocrx_word' id='word_1_372' title='bbox 879 2584 935 2634; x_wconf 92' lang='lat' dir='ltr'>et</span> <span class='ocrx_word' id='word_1_373' title='bbox 980 2577 1089 2633; x_wconf 87' lang='lat' dir='ltr'>iter</span> <span class='ocrx_word' id='word_1_374' title='bbox 1138 2576 1284 2633; x_wconf 91' lang='lat' dir='ltr'>iniit.</span> <span class='ocrx_word' id='word_1_375' title='bbox 1345 2579 1492 2633; x_wconf 90' lang='lat' dir='ltr'>Cum</span> <span class='ocrx_word' id='word_1_376' title='bbox 1550 2593 1651 2634; x_wconf 88' lang='lat' dir='ltr'>eos</span> <span class='ocrx_word' id='word_1_377' title='bbox 1683 2582 1885 2633; x_wconf 88' lang='lat' dir='ltr'>autem</span> <span class='ocrx_word' id='word_1_378' title='bbox 1917 2577 2117 2634; x_wconf 91' lang='lat' dir='ltr'>multu</span> 
     </span>
    </p>
   </div>
   <div class='ocr_carea' id='block_1_52' title="bbox 2296 2572 3900 2650">
    <p class='ocr_par' dir='ltr' id='par_1_52' title="bbox 2296 2572 3900 2646">
     <span class='ocr_line' id='line_1_52' title="bbox 2296 2572 3900 2646; baseline 0.003 -18"><span class='ocrx_word' id='word_1_379' title='bbox 2296 2577 2464 2638; x_wconf 72' lang='grc' dir='ltr'>αὐτοῖς</span> <span class='ocrx_word' id='word_1_380' title='bbox 2515 2575 2701 2628; x_wconf 84' lang='grc' dir='ltr'>ἐκεῖθεν</span> <span class='ocrx_word' id='word_1_381' title='bbox 2762 2580 2851 2628; x_wconf 84' lang='grc' dir='ltr'>καὶ</span> <span class='ocrx_word' id='word_1_382' title='bbox 2903 2572 3030 2628; x_wconf 84' lang='grc' dir='ltr'>ὁδοῦ</span> <span class='ocrx_word' id='word_1_383' title='bbox 3082 2580 3274 2646; x_wconf 80' lang='grc' dir='ltr'>εἴχετο.</span> <span class='ocrx_word' id='word_1_384' title='bbox 3346 2575 3514 2629; x_wconf 88' lang='grc' dir='ltr'>Πολλά</span> <span class='ocrx_word' id='word_1_385' title='bbox 3569 2575 3627 2632; x_wconf 74' lang='grc' dir='ltr'>δὲ</span> <span class='ocrx_word' id='word_1_386' title='bbox 3682 2584 3900 2644; x_wconf 84' lang='grc' dir='ltr'>τούτοις</span> 
     </span>
    </p>
   </div>
   <div class='ocr_carea' id='block_1_53' title="bbox 514 2664 2118 2741">
    <p class='ocr_par' dir='ltr' id='par_1_53' title="bbox 514 2667 2118 2739">
     <span class='ocr_line' id='line_1_53' title="bbox 514 2667 2118 2739; baseline 0 -16"><span class='ocrx_word' id='word_1_387' title='bbox 514 2673 667 2724; x_wconf 90' lang='lat' dir='ltr'>esset</span> <span class='ocrx_word' id='word_1_388' title='bbox 697 2668 1043 2724; x_wconf 80' lang='lat' dir='ltr'>exhortatus</span> <span class='ocrx_word' id='word_1_389' title='bbox 1069 2667 1146 2723; x_wconf 91' lang='lat' dir='ltr'>ad</span> <span class='ocrx_word' id='word_1_390' title='bbox 1183 2667 1480 2739; x_wconf 86' lang='lat' dir='ltr'>pietatem,</span> <span class='ocrx_word' id='word_1_391' title='bbox 1508 2672 1562 2723; x_wconf 90' lang='lat' dir='ltr'>et</span> <span class='ocrx_word' id='word_1_392' title='bbox 1591 2668 1665 2722; x_wconf 91' lang='lat' dir='ltr'>de</span> <span class='ocrx_word' id='word_1_393' title='bbox 1691 2667 1903 2723; x_wconf 87' lang='lat' dir='ltr'>futuris</span> <span class='ocrx_word' id='word_1_394' title='bbox 1928 2684 2065 2723; x_wconf 87' lang='lat' dir='ltr'>cum</span> <span class='ocrx_word' id='word_1_395' title='bbox 2091 2686 2118 2723; x_wconf 91' lang='lat' dir='ltr'>e</span> 
     </span>
    </p>
   </div>
   <div class='ocr_carea' id='block_1_54' title="bbox 2292 2664 3896 2741">
    <p class='ocr_par' dir='ltr' id='par_1_54' title="bbox 2292 2664 3896 2741">
     <span class='ocr_line' id='line_1_54' title="bbox 2292 2664 3896 2741; baseline 0.002 -22"><span class='ocrx_word' id='word_1_396' title='bbox 2292 2669 2408 2740; x_wconf 86' lang='grc' dir='ltr'>πρὸς</span> <span class='ocrx_word' id='word_1_397' title='bbox 2462 2664 2717 2718; x_wconf 75' lang='grc' dir='ltr'>εὐσέϐειαν</span> <span class='ocrx_word' id='word_1_398' title='bbox 2776 2669 3093 2737; x_wconf 88' lang='grc' dir='ltr'>παραινέσας</span> <span class='ocrx_word' id='word_1_399' title='bbox 3154 2669 3243 2716; x_wconf 85' lang='grc' dir='ltr'>καὶ</span> <span class='ocrx_word' id='word_1_400' title='bbox 3282 2670 3401 2741; x_wconf 84' lang='grc' dir='ltr'>περὶ</span> <span class='ocrx_word' id='word_1_401' title='bbox 3455 2674 3555 2717; x_wconf 88' lang='grc' dir='ltr'>τῶν</span> <span class='ocrx_word' id='word_1_402' title='bbox 3602 2668 3896 2739; x_wconf 83' lang='grc' dir='ltr'>μελλόντων</span> 
     </span>
    </p>
   </div>
   <div class='ocr_carea' id='block_1_55' title="bbox 512 2753 2116 2829">
    <p class='ocr_par' dir='ltr' id='par_1_55' title="bbox 512 2755 2116 2829">
     <span class='ocr_line' id='line_1_55' title="bbox 512 2755 2116 2829; baseline -0.001 -17"><span class='ocrx_word' id='word_1_403' title='bbox 512 2756 904 2829; x_wconf 85' lang='lat' dir='ltr'>disseruisset,</span> <span class='ocrx_word' id='word_1_404' title='bbox 957 2760 1012 2812; x_wconf 91' lang='lat' dir='ltr'>et</span> <span class='ocrx_word' id='word_1_405' title='bbox 1056 2756 1106 2811; x_wconf 91' lang='lat' dir='ltr'>si</span> <span class='ocrx_word' id='word_1_406' title='bbox 1133 2757 1280 2827; x_wconf 91' lang='lat' dir='ltr'>quid</span> <span class='ocrx_word' id='word_1_407' title='bbox 1321 2756 1404 2811; x_wconf 92' lang='lat' dir='ltr'>eis</span> <span class='ocrx_word' id='word_1_408' title='bbox 1430 2755 1651 2811; x_wconf 91' lang='lat' dir='ltr'>durum</span> <span class='ocrx_word' id='word_1_409' title='bbox 1702 2761 1757 2812; x_wconf 91' lang='lat' dir='ltr'>et</span> <span class='ocrx_word' id='word_1_410' title='bbox 1787 2771 2116 2827; x_wconf 73' lang='lat' dir='ltr'>asperumi</span> 
     </span>
    </p>
   </div>
   <div class='ocr_carea' id='block_1_56' title="bbox 2292 2753 3896 2829">
    <p class='ocr_par' dir='ltr' id='par_1_56' title="bbox 2292 2753 3896 2827">
     <span class='ocr_line' id='line_1_56' title="bbox 2292 2753 3896 2827; baseline 0.004 -20"><span class='ocrx_word' id='word_1_411' title='bbox 2292 2753 2554 2818; x_wconf 80' lang='grc' dir='ltr'>διεξελθὼν</span> <span class='ocrx_word' id='word_1_412' title='bbox 2601 2759 2690 2805; x_wconf 87' lang='lat' dir='ltr'>xui</span> <span class='ocrx_word' id='word_1_413' title='bbox 2749 2761 2847 2806; x_wconf 86' lang='grc' dir='ltr'>πᾶν</span> <span class='ocrx_word' id='word_1_414' title='bbox 2893 2758 2936 2806; x_wconf 87' lang='grc' dir='ltr'>εῖ</span> <span class='ocrx_word' id='word_1_415' title='bbox 2994 2774 3043 2806; x_wconf 93' lang='grc' dir='ltr'>τι</span> <span class='ocrx_word' id='word_1_416' title='bbox 3083 2754 3304 2827; x_wconf 86' lang='grc' dir='ltr'>σκληρόν</span> <span class='ocrx_word' id='word_1_417' title='bbox 3354 2754 3453 2807; x_wconf 84' lang='grc' dir='ltr'>ἀπὸ</span> <span class='ocrx_word' id='word_1_418' title='bbox 3502 2764 3597 2818; x_wconf 83' lang='grc' dir='ltr'>τῆς</span> <span class='ocrx_word' id='word_1_419' title='bbox 3644 2756 3896 2821; x_wconf 81' lang='grc' dir='ltr'>ἀσεϐείας</span> 
     </span>
    </p>
   </div>
   <div class='ocr_carea' id='block_1_57' title="bbox 512 2841 2116 2918">
    <p class='ocr_par' dir='ltr' id='par_1_57' title="bbox 512 2844 2116 2918">
     <span class='ocr_line' id='line_1_57' title="bbox 512 2844 2116 2918; baseline -0.001 -16"><span class='ocrx_word' id='word_1_420' title='bbox 512 2846 728 2918; x_wconf 89' lang='lat' dir='ltr'>pietate</span> <span class='ocrx_word' id='word_1_421' title='bbox 754 2847 963 2912; x_wconf 88' lang='lat' dir='ltr'>inerat,</span> <span class='ocrx_word' id='word_1_422' title='bbox 998 2845 1058 2900; x_wconf 90' lang='lat' dir='ltr'>id</span> <span class='ocrx_word' id='word_1_423' title='bbox 1084 2844 1418 2914; x_wconf 83' lang='lat' dir='ltr'>levigasset,</span> <span class='ocrx_word' id='word_1_424' title='bbox 1443 2850 1499 2900; x_wconf 91' lang='lat' dir='ltr'>et</span> <span class='ocrx_word' id='word_1_425' title='bbox 1520 2861 1651 2901; x_wconf 93' lang='lat' dir='ltr'>com</span> <span class='ocrx_word' id='word_1_426' title='bbox 1662 2844 1985 2916; x_wconf 87' lang='lat' dir='ltr'>planasset,</span> <span class='ocrx_word' id='word_1_427' title='bbox 2010 2850 2066 2901; x_wconf 92' lang='lat' dir='ltr'>et</span> <span class='ocrx_word' id='word_1_428' title='bbox 2086 2861 2116 2901; x_wconf 91' lang='lat' dir='ltr'>e</span> 
     </span>
    </p>
   </div>
   <div class='ocr_carea' id='block_1_58' title="bbox 2289 2841 3893 2918">
    <p class='ocr_par' dir='ltr' id='par_1_58' title="bbox 2289 2841 3893 2915">
     <span class='ocr_line' id='line_1_58' title="bbox 2289 2841 3893 2915; baseline 0.002 -18"><span class='ocrx_word' id='word_1_429' title='bbox 2289 2845 2462 2906; x_wconf 74' lang='grc' dir='ltr'>αὐτοῖς</span> <span class='ocrx_word' id='word_1_430' title='bbox 2512 2845 2541 2902; x_wconf 77' lang='grc' dir='ltr'><strong>ἦ</strong></span> <span class='ocrx_word' id='word_1_431' title='bbox 2613 2842 2886 2895; x_wconf 87' lang='grc' dir='ltr'>ἀντίτυπον</span> <span class='ocrx_word' id='word_1_432' title='bbox 2940 2841 3223 2915; x_wconf 84' lang='grc' dir='ltr'>ἐνυπῆρχε,</span> <span class='ocrx_word' id='word_1_433' title='bbox 3276 2842 3452 2905; x_wconf 73' lang='grc' dir='ltr'>λεαίνας</span> <span class='ocrx_word' id='word_1_434' title='bbox 3499 2864 3552 2897; x_wconf 90' lang='grc' dir='ltr'>τε</span> <span class='ocrx_word' id='word_1_435' title='bbox 3608 2845 3733 2899; x_wconf 73' lang='grc' dir='ltr'>αὐτὸ</span> <span class='ocrx_word' id='word_1_436' title='bbox 3791 2855 3893 2902; x_wconf 74' lang='grc' dir='ltr'>καὶ</span> 
     </span>
    </p>
   </div>
   <div class='ocr_carea' id='block_1_59' title="bbox 513 2928 2117 3008">
    <p class='ocr_par' dir='ltr' id='par_1_59' title="bbox 513 2933 2117 3004">
     <span class='ocr_line' id='line_1_59' title="bbox 513 2933 2117 3004; baseline 0 -15"><span class='ocrx_word' id='word_1_437' title='bbox 513 2934 731 2990; x_wconf 65' lang='lat' dir='ltr'>animae</span> <span class='ocrx_word' id='word_1_438' title='bbox 761 2950 973 3003; x_wconf 87' lang='lat' dir='ltr'>agrum</span> <span class='ocrx_word' id='word_1_439' title='bbox 991 2933 1306 2999; x_wconf 91' lang='lat' dir='ltr'>mundum,</span> <span class='ocrx_word' id='word_1_440' title='bbox 1324 2940 1379 2988; x_wconf 93' lang='lat' dir='ltr'>et</span> <span class='ocrx_word' id='word_1_441' title='bbox 1402 2934 1480 2988; x_wconf 90' lang='lat' dir='ltr'>ad</span> <span class='ocrx_word' id='word_1_442' title='bbox 1493 2933 1728 3004; x_wconf 81' lang='lat' dir='ltr'>pietatis</span> <span class='ocrx_word' id='word_1_443' title='bbox 1756 2950 1959 2989; x_wconf 91' lang='lat' dir='ltr'>semen</span> <span class='ocrx_word' id='word_1_444' title='bbox 1986 2951 2117 2989; x_wconf 89' lang='lat' dir='ltr'>susc</span> 
     </span>
    </p>
   </div>
   <div class='ocr_carea' id='block_1_60' title="bbox 2289 2928 3893 3008">
    <p class='ocr_par' dir='ltr' id='par_1_60' title="bbox 2289 2928 3893 3008">
     <span class='ocr_line' id='line_1_60' title="bbox 2289 2928 3893 3008; baseline -0.002 -24"><span class='ocrx_word' id='word_1_445' title='bbox 2289 2928 2611 3003; x_wconf 79' lang='grc' dir='ltr'>διομαλίσας,</span> <span class='ocrx_word' id='word_1_446' title='bbox 2649 2937 2738 2983; x_wconf 84' lang='grc' dir='ltr'>καὶ</span> <span class='ocrx_word' id='word_1_447' title='bbox 2780 2933 3013 3005; x_wconf 80' lang='grc' dir='ltr'>καθαρὰν</span> <span class='ocrx_word' id='word_1_448' title='bbox 3045 2931 3221 2993; x_wconf 70' lang='grc' dir='ltr'>αὐτοῖς</span> <span class='ocrx_word' id='word_1_449' title='bbox 3252 2937 3345 2991; x_wconf 77' lang='grc' dir='ltr'>τὴν</span> <span class='ocrx_word' id='word_1_450' title='bbox 3375 2942 3463 2993; x_wconf 82' lang='grc' dir='ltr'>τῆς</span> <span class='ocrx_word' id='word_1_451' title='bbox 3488 2932 3671 3005; x_wconf 69' lang='grc' dir='ltr'>ψυχῆς</span> <span class='ocrx_word' id='word_1_452' title='bbox 3718 2937 3893 3008; x_wconf 80' lang='grc' dir='ltr'>ἄρου..</span> 
     </span>
    </p>
   </div>
   <div class='ocr_carea' id='block_1_61' title="bbox 510 3019 2114 3097">
    <p class='ocr_par' dir='ltr' id='par_1_61' title="bbox 510 3022 2114 3093">
     <span class='ocr_line' id='line_1_61' title="bbox 510 3022 2114 3093; baseline 0.001 -17"><span class='ocrx_word' id='word_1_453' title='bbox 510 3023 798 3093; x_wconf 90' lang='lat' dir='ltr'>piendum</span> <span class='ocrx_word' id='word_1_454' title='bbox 828 3028 1036 3093; x_wconf 89' lang='lat' dir='ltr'>aptum</span> <span class='ocrx_word' id='word_1_455' title='bbox 1067 3022 1448 3083; x_wconf 86' lang='lat' dir='ltr'>reddidisset,</span> <span class='ocrx_word' id='word_1_456' title='bbox 1467 3022 1700 3076; x_wconf 88' lang='lat' dir='ltr'>divinas</span> <span class='ocrx_word' id='word_1_457' title='bbox 1727 3022 1895 3093; x_wconf 90' lang='lat' dir='ltr'>prius</span> <span class='ocrx_word' id='word_1_458' title='bbox 1918 3022 2114 3078; x_wconf 78' lang='lat' dir='ltr'>effund</span> 
     </span>
    </p>
   </div>
   <div class='ocr_carea' id='block_1_62' title="bbox 2286 3019 3890 3097">
    <p class='ocr_par' dir='ltr' id='par_1_62' title="bbox 2286 3019 3890 3097">
     <span class='ocr_line' id='line_1_62' title="bbox 2286 3019 3890 3097; baseline 0.004 -25"><span class='ocrx_word' id='word_1_459' title='bbox 2286 3040 2371 3072; x_wconf 87' lang='grc' dir='ltr'>οαν</span> <span class='ocrx_word' id='word_1_460' title='bbox 2429 3026 2517 3072; x_wconf 85' lang='lat' dir='ltr'>xui</span> <span class='ocrx_word' id='word_1_461' title='bbox 2597 3021 2663 3080; x_wconf 80' lang='grc' dir='ltr'>εἰς</span> <span class='ocrx_word' id='word_1_462' title='bbox 2745 3019 3001 3081; x_wconf 70' lang='grc' dir='ltr'>εὐσεϐείας</span> <span class='ocrx_word' id='word_1_463' title='bbox 3078 3026 3273 3093; x_wconf 87' lang='grc' dir='ltr'>σπόρον</span> <span class='ocrx_word' id='word_1_464' title='bbox 3332 3019 3632 3080; x_wconf 78' lang='grc' dir='ltr'>ἐπιτηδείαν</span> <span class='ocrx_word' id='word_1_465' title='bbox 3704 3045 3890 3097; x_wconf 78' lang='grc' dir='ltr'>παρα-</span> 
     </span>
    </p>
   </div>
   <div class='ocr_carea' id='block_1_63' title="bbox 510 3108 2114 3183">
    <p class='ocr_par' dir='ltr' id='par_1_63' title="bbox 510 3108 2114 3181">
     <span class='ocr_line' id='line_1_63' title="bbox 510 3108 2114 3181; baseline 0.001 -16"><span class='ocrx_word' id='word_1_466' title='bbox 510 3126 715 3181; x_wconf 91' lang='lat' dir='ltr'>preces</span> <span class='ocrx_word' id='word_1_467' title='bbox 741 3128 755 3165; x_wconf 86' lang='lat'><strong>:</strong></span> <span class='ocrx_word' id='word_1_468' title='bbox 784 3110 998 3166; x_wconf 87' lang='lat' dir='ltr'>deinde</span> <span class='ocrx_word' id='word_1_469' title='bbox 1030 3126 1164 3164; x_wconf 92' lang='lat' dir='ltr'>cum</span> <span class='ocrx_word' id='word_1_470' title='bbox 1184 3110 1435 3164; x_wconf 88' lang='lat' dir='ltr'>ﬂuvium</span> <span class='ocrx_word' id='word_1_471' title='bbox 1466 3108 1817 3165; x_wconf 70' lang='lat' dir='ltr'>offendisset</span> <span class='ocrx_word' id='word_1_472' title='bbox 1846 3110 1908 3165; x_wconf 92' lang='lat' dir='ltr'>in</span> <span class='ocrx_word' id='word_1_473' title='bbox 1939 3112 2114 3166; x_wconf 18' lang='lat' dir='ltr'>itineri</span> 
     </span>
    </p>
   </div>
   <div class='ocr_carea' id='block_1_64' title="bbox 2284 3108 3888 3183">
    <p class='ocr_par' dir='ltr' id='par_1_64' title="bbox 2284 3108 3888 3183">
     <span class='ocr_line' id='line_1_64' title="bbox 2284 3108 3888 3183; baseline 0.004 -23"><span class='ocrx_word' id='word_1_474' title='bbox 2284 3112 2557 3174; x_wconf 83' lang='grc' dir='ltr'>σκευάσας,</span> <span class='ocrx_word' id='word_1_475' title='bbox 2623 3110 2717 3169; x_wconf 80' lang='grc' dir='ltr'>τὰς</span> <span class='ocrx_word' id='word_1_476' title='bbox 2774 3110 2914 3170; x_wconf 83' lang='grc' dir='ltr'>θείας</span> <span class='ocrx_word' id='word_1_477' title='bbox 2986 3108 3399 3181; x_wconf 85' lang='grc' dir='ltr'>προκαταϐάλλει</span> <span class='ocrx_word' id='word_1_478' title='bbox 3457 3111 3619 3183; x_wconf 75' lang='grc' dir='ltr'>εὐχάς</span> <span class='ocrx_word' id='word_1_479' title='bbox 3691 3130 3703 3141; x_wconf 85' lang='grc'><strong>·</strong></span> <span class='ocrx_word' id='word_1_480' title='bbox 3764 3110 3888 3167; x_wconf 81' lang='grc' dir='ltr'>εἶτα</span> 
     </span>
    </p>
   </div>
   <div class='ocr_carea' id='block_1_65' title="bbox 509 3195 2113 3275">
    <p class='ocr_par' dir='ltr' id='par_1_65' title="bbox 509 3198 2111 3271">
     <span class='ocr_line' id='line_1_65' title="bbox 509 3198 2111 3271; baseline 0 -16"><span class='ocrx_word' id='word_1_481' title='bbox 509 3215 613 3255; x_wconf 90' lang='lat' dir='ltr'>eos</span> <span class='ocrx_word' id='word_1_482' title='bbox 645 3199 923 3270; x_wconf 87' lang='lat' dir='ltr'>baptizat,</span> <span class='ocrx_word' id='word_1_483' title='bbox 984 3203 1040 3254; x_wconf 90' lang='lat' dir='ltr'>et</span> <span class='ocrx_word' id='word_1_484' title='bbox 1084 3198 1193 3253; x_wconf 88' lang='lat' dir='ltr'>iter</span> <span class='ocrx_word' id='word_1_485' title='bbox 1239 3214 1446 3253; x_wconf 86' lang='lat' dir='ltr'>rursus</span> <span class='ocrx_word' id='word_1_486' title='bbox 1478 3203 1740 3270; x_wconf 84' lang='lat' dir='ltr'>coeptum</span> <span class='ocrx_word' id='word_1_487' title='bbox 1770 3200 2111 3271; x_wconf 88' lang='lat' dir='ltr'>persequitu</span> 
     </span>
    </p>
   </div>
   <div class='ocr_carea' id='block_1_66' title="bbox 2283 3195 3887 3275">
    <p class='ocr_par' dir='ltr' id='par_1_66' title="bbox 2283 3195 3887 3275">
     <span class='ocr_line' id='line_1_66' title="bbox 2283 3195 3887 3275; baseline 0.004 -26"><span class='ocrx_word' id='word_1_488' title='bbox 2283 3204 2364 3250; x_wconf 69' lang='lat' dir='ltr'>xui</span> <span class='ocrx_word' id='word_1_489' title='bbox 2410 3202 2641 3270; x_wconf 86' lang='grc' dir='ltr'>ποταμόν</span> <span class='ocrx_word' id='word_1_490' title='bbox 2688 3196 2736 3249; x_wconf 80' lang='grc' dir='ltr'>ἐν</span> <span class='ocrx_word' id='word_1_491' title='bbox 2766 3206 2827 3269; x_wconf 78' lang='grc' dir='ltr'>τῇ</span> <span class='ocrx_word' id='word_1_492' title='bbox 2879 3195 3096 3270; x_wconf 84' lang='grc' dir='ltr'>παρόδῳ</span> <span class='ocrx_word' id='word_1_493' title='bbox 3144 3198 3465 3263; x_wconf 88' lang='grc' dir='ltr'>καταλαϐὼν,</span> <span class='ocrx_word' id='word_1_494' title='bbox 3509 3203 3723 3264; x_wconf 73' lang='grc' dir='ltr'>τούτους</span> <span class='ocrx_word' id='word_1_495' title='bbox 3779 3202 3887 3275; x_wconf 79' lang='grc' dir='ltr'>βα-</span> 
     </span>
    </p>
   </div>
   <div class='ocr_carea' id='block_1_67' title="bbox 508 3286 2112 3363">
    <p class='ocr_par' dir='ltr' id='par_1_67' title="bbox 508 3286 2112 3359">
     <span class='ocr_line' id='line_1_67' title="bbox 508 3286 2112 3359; baseline 0.001 -16"><span class='ocrx_word' id='word_1_496' title='bbox 508 3288 700 3344; x_wconf 90' lang='lat' dir='ltr'>donec</span> <span class='ocrx_word' id='word_1_497' title='bbox 730 3287 885 3343; x_wconf 90' lang='lat' dir='ltr'>venit</span> <span class='ocrx_word' id='word_1_498' title='bbox 914 3286 975 3341; x_wconf 90' lang='lat' dir='ltr'>in</span> <span class='ocrx_word' id='word_1_499' title='bbox 996 3286 1321 3351; x_wconf 86' lang='lat' dir='ltr'>civitatem,</span> <span class='ocrx_word' id='word_1_500' title='bbox 1354 3294 1408 3342; x_wconf 91' lang='lat' dir='ltr'>et</span> <span class='ocrx_word' id='word_1_501' title='bbox 1428 3288 1505 3342; x_wconf 86' lang='lat' dir='ltr'>ad</span> <span class='ocrx_word' id='word_1_502' title='bbox 1529 3287 1790 3342; x_wconf 84' lang='lat' dir='ltr'>tribunal</span> <span class='ocrx_word' id='word_1_503' title='bbox 1822 3289 2057 3359; x_wconf 88' lang='lat' dir='ltr'>tyranni</span> <span class='ocrx_word' id='word_1_504' title='bbox 2080 3290 2112 3344; x_wconf 80' lang='lat' dir='ltr'>ii</span> 
     </span>
    </p>
   </div>
   <div class='ocr_carea' id='block_1_68' title="bbox 2276 3286 3880 3363">
    <p class='ocr_par' dir='ltr' id='par_1_68' title="bbox 2276 3287 3880 3363">
     <span class='ocr_line' id='line_1_68' title="bbox 2276 3287 3880 3363; baseline 0.002 -24"><span class='ocrx_word' id='word_1_505' title='bbox 2276 3287 2446 3348; x_wconf 80' lang='grc' dir='ltr'>πτίξει</span> <span class='ocrx_word' id='word_1_506' title='bbox 2496 3292 2585 3339; x_wconf 85' lang='grc' dir='ltr'>καὶ</span> <span class='ocrx_word' id='word_1_507' title='bbox 2632 3295 2727 3347; x_wconf 85' lang='grc' dir='ltr'>τῆς</span> <span class='ocrx_word' id='word_1_508' title='bbox 2798 3291 3137 3360; x_wconf 77' lang='grc' dir='ltr'>προκειμένης</span> <span class='ocrx_word' id='word_1_509' title='bbox 3188 3290 3368 3358; x_wconf 82' lang='grc' dir='ltr'>ἔχεται</span> <span class='ocrx_word' id='word_1_510' title='bbox 3433 3288 3584 3341; x_wconf 79' lang='grc' dir='ltr'>πάλιν</span> <span class='ocrx_word' id='word_1_511' title='bbox 3644 3297 3880 3363; x_wconf 81' lang='grc' dir='ltr'>πορείας,</span> 
     </span>
    </p>
   </div>
   <div class='ocr_carea' id='block_1_69' title="bbox 508 3373 2112 3450">
    <p class='ocr_par' dir='ltr' id='par_1_69' title="bbox 508 3376 2112 3448">
     <span class='ocr_line' id='line_1_69' title="bbox 508 3376 2112 3448; baseline 0.001 -17"><span class='ocrx_word' id='word_1_512' title='bbox 508 3376 789 3447; x_wconf 88' lang='lat' dir='ltr'>greditur,</span> <span class='ocrx_word' id='word_1_513' title='bbox 823 3391 979 3448; x_wconf 90' lang='lat' dir='ltr'>pone</span> <span class='ocrx_word' id='word_1_514' title='bbox 1010 3376 1255 3448; x_wconf 90' lang='lat' dir='ltr'>quidem</span> <span class='ocrx_word' id='word_1_515' title='bbox 1288 3391 1502 3431; x_wconf 89' lang='lat' dir='ltr'>manus</span> <span class='ocrx_word' id='word_1_516' title='bbox 1561 3377 1813 3431; x_wconf 91' lang='lat' dir='ltr'>vinctus.</span> <span class='ocrx_word' id='word_1_517' title='bbox 1882 3377 1972 3433; x_wconf 91' lang='lat' dir='ltr'>Sic</span> <span class='ocrx_word' id='word_1_518' title='bbox 2002 3379 2112 3433; x_wconf 71' lang='lat' dir='ltr'>enin</span> 
     </span>
    </p>
   </div>
   <div class='ocr_carea' id='block_1_70' title="bbox 2279 3373 3883 3450">
    <p class='ocr_par' dir='ltr' id='par_1_70' title="bbox 2279 3373 3883 3450">
     <span class='ocr_line' id='line_1_70' title="bbox 2279 3373 3883 3450; baseline 0.004 -23"><span class='ocrx_word' id='word_1_519' title='bbox 2279 3376 2365 3437; x_wconf 76' lang='grc' dir='ltr'>ἕως</span> <span class='ocrx_word' id='word_1_520' title='bbox 2395 3375 2473 3427; x_wconf 71' lang='grc' dir='ltr'>ἐπὶ</span> <span class='ocrx_word' id='word_1_521' title='bbox 2515 3380 2607 3434; x_wconf 85' lang='grc' dir='ltr'>τὴν</span> <span class='ocrx_word' id='word_1_522' title='bbox 2660 3375 2804 3427; x_wconf 91' lang='grc' dir='ltr'>πόλιν</span> <span class='ocrx_word' id='word_1_523' title='bbox 2850 3373 3059 3447; x_wconf 81' lang='grc' dir='ltr'>ἀφίκετο</span> <span class='ocrx_word' id='word_1_524' title='bbox 3103 3381 3191 3428; x_wconf 85' lang='grc' dir='ltr'>καὶ</span> <span class='ocrx_word' id='word_1_525' title='bbox 3233 3380 3289 3428; x_wconf 88' lang='grc' dir='ltr'>τὸ</span> <span class='ocrx_word' id='word_1_526' title='bbox 3338 3382 3637 3450; x_wconf 84' lang='grc' dir='ltr'>τυραννικόν</span> <span class='ocrx_word' id='word_1_527' title='bbox 3684 3383 3883 3435; x_wconf 79' lang='grc' dir='ltr'>εἴσεισι</span> 
     </span>
    </p>
   </div>
   <div class='ocr_carea' id='block_1_71' title="bbox 506 3461 2110 3543">
    <p class='ocr_par' dir='ltr' id='par_1_71' title="bbox 506 3464 2110 3539">
     <span class='ocr_line' id='line_1_71' title="bbox 506 3464 2110 3539; baseline 0.001 -18"><span class='ocrx_word' id='word_1_528' title='bbox 506 3471 748 3539; x_wconf 89' lang='lat' dir='ltr'>propter</span> <span class='ocrx_word' id='word_1_529' title='bbox 789 3466 1066 3537; x_wconf 89' lang='lat' dir='ltr'>pietatem</span> <span class='ocrx_word' id='word_1_530' title='bbox 1116 3464 1449 3537; x_wconf 89' lang='lat' dir='ltr'>oportebat,</span> <span class='ocrx_word' id='word_1_531' title='bbox 1479 3470 1766 3537; x_wconf 90' lang='lat' dir='ltr'>tanquam</span> <span class='ocrx_word' id='word_1_532' title='bbox 1795 3465 2110 3522; x_wconf 89' lang='lat' dir='ltr'>maleﬁcun</span> 
     </span>
    </p>
   </div>
   <div class='ocr_carea' id='block_1_72' title="bbox 2276 3461 3880 3543">
    <p class='ocr_par' dir='ltr' id='par_1_72' title="bbox 2276 3461 3880 3543">
     <span class='ocr_line' id='line_1_72' title="bbox 2276 3461 3880 3543; baseline 0.005 -28"><span class='ocrx_word' id='word_1_533' title='bbox 2276 3463 2442 3537; x_wconf 84' lang='grc' dir='ltr'>βῆμα,</span> <span class='ocrx_word' id='word_1_534' title='bbox 2489 3464 2658 3516; x_wconf 84' lang='grc' dir='ltr'>ὀπίσω</span> <span class='ocrx_word' id='word_1_535' title='bbox 2689 3467 2776 3536; x_wconf 69' lang='grc' dir='ltr'>μὲν</span> <span class='ocrx_word' id='word_1_536' title='bbox 2822 3472 2892 3535; x_wconf 85' lang='grc' dir='ltr'>τῷ</span> <span class='ocrx_word' id='word_1_537' title='bbox 2918 3471 3065 3538; x_wconf 88' lang='grc' dir='ltr'>χεῖρε</span> <span class='ocrx_word' id='word_1_538' title='bbox 3102 3461 3375 3537; x_wconf 78' lang='grc' dir='ltr'>δεδεμένος</span> <span class='ocrx_word' id='word_1_539' title='bbox 3415 3486 3427 3498; x_wconf 90' lang='grc'><strong>·</strong></span> <span class='ocrx_word' id='word_1_540' title='bbox 3473 3467 3607 3520; x_wconf 78' lang='grc' dir='ltr'>οὕτω</span> <span class='ocrx_word' id='word_1_541' title='bbox 3636 3471 3735 3543; x_wconf 80' lang='grc' dir='ltr'>γὰρ</span> <span class='ocrx_word' id='word_1_542' title='bbox 3778 3467 3880 3524; x_wconf 80' lang='grc' dir='ltr'>διὰ</span> 
     </span>
    </p>
   </div>
   <div class='ocr_carea' id='block_1_73' title="bbox 506 3552 2110 3630">
    <p class='ocr_par' dir='ltr' id='par_1_73' title="bbox 506 3554 2110 3626">
     <span class='ocr_line' id='line_1_73' title="bbox 506 3554 2110 3626; baseline 0.001 -16"><span class='ocrx_word' id='word_1_543' title='bbox 506 3554 635 3611; x_wconf 87' lang='lat' dir='ltr'>sisti</span> <span class='ocrx_word' id='word_1_544' title='bbox 687 3561 823 3611; x_wconf 91' lang='lat' dir='ltr'>ante</span> <span class='ocrx_word' id='word_1_545' title='bbox 858 3554 1282 3626; x_wconf 88' lang='lat' dir='ltr'>imperatorem</span> <span class='ocrx_word' id='word_1_546' title='bbox 1311 3571 1325 3610; x_wconf 92' lang='lat'><strong>:</strong></span> <span class='ocrx_word' id='word_1_547' title='bbox 1360 3561 1611 3610; x_wconf 89' lang='lat' dir='ltr'>mentem</span> <span class='ocrx_word' id='word_1_548' title='bbox 1649 3559 1847 3610; x_wconf 89' lang='lat' dir='ltr'>autem</span> <span class='ocrx_word' id='word_1_549' title='bbox 1875 3555 1951 3612; x_wconf 90' lang='lat' dir='ltr'>ad</span> <span class='ocrx_word' id='word_1_550' title='bbox 1976 3556 2110 3612; x_wconf 70' lang='lat' dir='ltr'>cmlc</span> 
     </span>
    </p>
   </div>
   <div class='ocr_carea' id='block_1_74' title="bbox 2274 3552 3878 3630">
    <p class='ocr_par' dir='ltr' id='par_1_74' title="bbox 2274 3552 3878 3630">
     <span class='ocr_line' id='line_1_74' title="bbox 2274 3552 3878 3630; baseline 0.003 -25"><span class='ocrx_word' id='word_1_551' title='bbox 2274 3558 2359 3612; x_wconf 81' lang='grc' dir='ltr'>τὴν</span> <span class='ocrx_word' id='word_1_552' title='bbox 2421 3552 2678 3605; x_wconf 66' lang='grc' dir='ltr'>εὐσέϐειαν</span> <span class='ocrx_word' id='word_1_553' title='bbox 2730 3555 2794 3613; x_wconf 81' lang='grc' dir='ltr'>ὡς</span> <span class='ocrx_word' id='word_1_554' title='bbox 2851 3562 3141 3625; x_wconf 79' lang='grc' dir='ltr'>κακοῦργον</span> <span class='ocrx_word' id='word_1_555' title='bbox 3195 3552 3574 3627; x_wconf 74' lang='grc' dir='ltr'>ἐμφανισθῆναι</span> <span class='ocrx_word' id='word_1_556' title='bbox 3634 3553 3740 3610; x_wconf 80' lang='grc' dir='ltr'>ἔδει</span> <span class='ocrx_word' id='word_1_557' title='bbox 3796 3568 3878 3630; x_wconf 80' lang='grc' dir='ltr'>τῷ</span> 
     </span>
    </p>
   </div>
   <div class='ocr_carea' id='block_1_75' title="bbox 502 3639 2106 3716">
    <p class='ocr_par' dir='ltr' id='par_1_75' title="bbox 502 3642 2106 3715">
     <span class='ocr_line' id='line_1_75' title="bbox 502 3642 2106 3715; baseline -0.001 -16"><span class='ocrx_word' id='word_1_558' title='bbox 502 3643 878 3708; x_wconf 84' lang='lat' dir='ltr'>extendebat,</span> <span class='ocrx_word' id='word_1_559' title='bbox 915 3643 1071 3699; x_wconf 92' lang='lat' dir='ltr'>unde</span> <span class='ocrx_word' id='word_1_560' title='bbox 1112 3643 1189 3699; x_wconf 91' lang='lat' dir='ltr'>ad</span> <span class='ocrx_word' id='word_1_561' title='bbox 1244 3658 1305 3698; x_wconf 91' lang='lat' dir='ltr'>se</span> <span class='ocrx_word' id='word_1_562' title='bbox 1338 3642 1617 3715; x_wconf 87' lang='lat' dir='ltr'>sperabat</span> <span class='ocrx_word' id='word_1_563' title='bbox 1647 3647 1962 3699; x_wconf 91' lang='lat' dir='ltr'>venturum</span> <span class='ocrx_word' id='word_1_564' title='bbox 1995 3659 2106 3700; x_wconf 82' lang='lat' dir='ltr'>aux</span> 
     </span>
    </p>
   </div>
   <div class='ocr_carea' id='block_1_76' title="bbox 2272 3639 3876 3716">
    <p class='ocr_par' dir='ltr' id='par_1_76' title="bbox 2272 3639 3876 3716">
     <span class='ocr_line' id='line_1_76' title="bbox 2272 3639 3876 3716; baseline 0.003 -22"><span class='ocrx_word' id='word_1_565' title='bbox 2272 3641 2499 3716; x_wconf 83' lang='grc' dir='ltr'>βασιλεῖ,</span> <span class='ocrx_word' id='word_1_566' title='bbox 2534 3642 2602 3705; x_wconf 88' lang='grc' dir='ltr'>εἰς</span> <span class='ocrx_word' id='word_1_567' title='bbox 2641 3642 2890 3716; x_wconf 72' lang='grc' dir='ltr'>οὐρανοὺς</span> <span class='ocrx_word' id='word_1_568' title='bbox 2938 3639 2995 3695; x_wconf 74' lang='grc' dir='ltr'>δὲ</span> <span class='ocrx_word' id='word_1_569' title='bbox 3024 3647 3119 3701; x_wconf 83' lang='grc' dir='ltr'>τὴν</span> <span class='ocrx_word' id='word_1_570' title='bbox 3152 3640 3387 3696; x_wconf 85' lang='grc' dir='ltr'>διάνοιαν</span> <span class='ocrx_word' id='word_1_571' title='bbox 3428 3644 3716 3714; x_wconf 84' lang='grc' dir='ltr'>ἀνατείνων,</span> <span class='ocrx_word' id='word_1_572' title='bbox 3754 3649 3876 3701; x_wconf 77' lang='grc' dir='ltr'>ὅθεν</span> 
     </span>
    </p>
   </div>
   <div class='ocr_carea' id='block_1_77' title="bbox 504 3730 3364 3803">
    <p class='ocr_par' dir='ltr' id='par_1_77' title="bbox 504 3730 3364 3803">
     <span class='ocr_line' id='line_1_77' title="bbox 504 3730 3364 3803; baseline -0 -17"><span class='ocrx_word' id='word_1_573' title='bbox 504 3730 671 3787; x_wconf 91' lang='lat' dir='ltr'>lium.</span> <span class='ocrx_word' id='word_1_574' title='bbox 2267 3737 2354 3783; x_wconf 86' lang='lat' dir='ltr'>xui</span> <span class='ocrx_word' id='word_1_575' title='bbox 2386 3732 2524 3794; x_wconf 80' lang='grc' dir='ltr'>ἧξειν</span> <span class='ocrx_word' id='word_1_576' title='bbox 2555 3731 2692 3801; x_wconf 74' lang='grc' dir='ltr'>αὐτῷ</span> <span class='ocrx_word' id='word_1_577' title='bbox 2722 3736 2816 3789; x_wconf 76' lang='grc' dir='ltr'>τὴν</span> <span class='ocrx_word' id='word_1_578' title='bbox 2856 3730 3103 3803; x_wconf 76' lang='grc' dir='ltr'>βοήθειαν</span> <span class='ocrx_word' id='word_1_579' title='bbox 3130 3731 3364 3795; x_wconf 86' lang='grc' dir='ltr'>ἤλπιζεν.</span> 
     </span>
    </p>
   </div>
   <div class='ocr_carea' id='block_1_78' title="bbox 572 3819 2176 3896">
    <p class='ocr_par' dir='ltr' id='par_1_78' title="bbox 572 3819 2156 3892">
     <span class='ocr_line' id='line_1_78' title="bbox 572 3819 2156 3892; baseline 0 -17"><span class='ocrx_word' id='word_1_580' title='bbox 572 3822 633 3875; x_wconf 91' lang='lat' dir='ltr'>V.</span> <span class='ocrx_word' id='word_1_581' title='bbox 694 3820 905 3877; x_wconf 84' lang='lat' dir='ltr'>Volens</span> <span class='ocrx_word' id='word_1_582' title='bbox 933 3834 1078 3889; x_wconf 90' lang='lat' dir='ltr'>ergo</span> <span class='ocrx_word' id='word_1_583' title='bbox 1109 3819 1434 3891; x_wconf 91' lang='lat' dir='ltr'>imperator</span> <span class='ocrx_word' id='word_1_584' title='bbox 1464 3819 1555 3875; x_wconf 93' lang='lat' dir='ltr'>vel</span> <span class='ocrx_word' id='word_1_585' title='bbox 1586 3820 1717 3891; x_wconf 89' lang='lat' dir='ltr'>ipso</span> <span class='ocrx_word' id='word_1_586' title='bbox 1749 3819 1877 3875; x_wconf 92' lang='lat' dir='ltr'>solo</span> <span class='ocrx_word' id='word_1_587' title='bbox 1910 3825 2156 3892; x_wconf 90' lang='lat' dir='ltr'>aspectu</span> 
     </span>
    </p>
   </div>
   <div class='ocr_carea' id='block_1_79' title="bbox 2268 3819 3872 3896">
    <p class='ocr_par' dir='ltr' id='par_1_79' title="bbox 2338 3819 3872 3896">
     <span class='ocr_line' id='line_1_79' title="bbox 2338 3819 3872 3896; baseline 0.003 -23"><span class='ocrx_word' id='word_1_588' title='bbox 2338 3820 2408 3876; x_wconf 80' lang='lat' dir='ltr'>E&#39;.</span> <span class='ocrx_word' id='word_1_589' title='bbox 2438 3820 2496 3872; x_wconf 60' lang='lat' dir='ltr'>e0</span> <span class='ocrx_word' id='word_1_590' title='bbox 2528 3819 2776 3893; x_wconf 83' lang='grc' dir='ltr'>βασιλεὺς</span> <span class='ocrx_word' id='word_1_591' title='bbox 2826 3825 2997 3872; x_wconf 84' lang='grc' dir='ltr'>τοίνυν</span> <span class='ocrx_word' id='word_1_592' title='bbox 3036 3825 3218 3895; x_wconf 89' lang='grc' dir='ltr'>πείρας</span> <span class='ocrx_word' id='word_1_593' title='bbox 3270 3826 3455 3896; x_wconf 85' lang='grc' dir='ltr'>πικρόν</span> <span class='ocrx_word' id='word_1_594' title='bbox 3507 3828 3595 3875; x_wconf 88' lang='lat' dir='ltr'>xui</span> <span class='ocrx_word' id='word_1_595' title='bbox 3631 3823 3733 3876; x_wconf 86' lang='grc' dir='ltr'>ἀπὸ</span> <span class='ocrx_word' id='word_1_596' title='bbox 3774 3824 3872 3895; x_wconf 74' lang='grc' dir='ltr'>ψι-</span> 
     </span>
    </p>
   </div>
   <div class='ocr_carea' id='block_1_80' title="bbox 500 3907 2104 3985">
    <p class='ocr_par' dir='ltr' id='par_1_80' title="bbox 500 3909 2104 3980">
     <span class='ocr_line' id='line_1_80' title="bbox 500 3909 2104 3980; baseline -0.001 -14"><span class='ocrx_word' id='word_1_597' title='bbox 500 3910 780 3966; x_wconf 82' lang='lat' dir='ltr'>Anthimo</span> <span class='ocrx_word' id='word_1_598' title='bbox 807 3909 1139 3973; x_wconf 88' lang='lat' dir='ltr'>ostendere,</span> <span class='ocrx_word' id='word_1_599' title='bbox 1173 3925 1359 3980; x_wconf 91' lang='lat' dir='ltr'>quam</span> <span class='ocrx_word' id='word_1_600' title='bbox 1382 3915 1533 3963; x_wconf 90' lang='lat' dir='ltr'>esset</span> <span class='ocrx_word' id='word_1_601' title='bbox 1559 3923 1738 3979; x_wconf 85' lang='lat' dir='ltr'>grave</span> <span class='ocrx_word' id='word_1_602' title='bbox 1765 3915 1821 3964; x_wconf 93' lang='lat' dir='ltr'>et</span> <span class='ocrx_word' id='word_1_603' title='bbox 1870 3910 2104 3965; x_wconf 79' lang='lat' dir='ltr'>acerbul</span> 
     </span>
    </p>
   </div>
   <div class='ocr_carea' id='block_1_81' title="bbox 2267 3907 3871 3985">
    <p class='ocr_par' dir='ltr' id='par_1_81' title="bbox 2267 3907 3871 3985">
     <span class='ocr_line' id='line_1_81' title="bbox 2267 3907 3871 3985; baseline 0.002 -25"><span class='ocrx_word' id='word_1_604' title='bbox 2267 3910 2351 3970; x_wconf 85' lang='grc' dir='ltr'>λῆς</span> <span class='ocrx_word' id='word_1_605' title='bbox 2402 3912 2517 3970; x_wconf 77' lang='grc' dir='ltr'>θεας</span> <span class='ocrx_word' id='word_1_606' title='bbox 2568 3910 2795 3981; x_wconf 80' lang='grc' dir='ltr'>Ἀνθίμῳ</span> <span class='ocrx_word' id='word_1_607' title='bbox 2854 3907 3163 3981; x_wconf 84' lang='grc' dir='ltr'>βουλόμενος</span> <span class='ocrx_word' id='word_1_608' title='bbox 3213 3907 3490 3976; x_wconf 84' lang='grc' dir='ltr'>ἐπιδεῖξαι,</span> <span class='ocrx_word' id='word_1_609' title='bbox 3544 3914 3681 3974; x_wconf 84' lang='grc' dir='ltr'>ὅπως</span> <span class='ocrx_word' id='word_1_610' title='bbox 3720 3914 3871 3985; x_wconf 67' lang='grc' dir='ltr'>αὐτῷ</span> 
     </span>
    </p>
   </div>
   <div class='ocr_carea' id='block_1_82' title="bbox 498 3998 2102 4072">
    <p class='ocr_par' dir='ltr' id='par_1_82' title="bbox 498 3998 2102 4071">
     <span class='ocr_line' id='line_1_82' title="bbox 498 3998 2102 4071; baseline -0.001 -16"><span class='ocrx_word' id='word_1_611' title='bbox 498 4000 768 4056; x_wconf 88' lang='lat' dir='ltr'>aditurus</span> <span class='ocrx_word' id='word_1_612' title='bbox 820 3998 1172 4071; x_wconf 91' lang='lat' dir='ltr'>periculum,</span> <span class='ocrx_word' id='word_1_613' title='bbox 1222 4004 1282 4053; x_wconf 93' lang='lat' dir='ltr'>ut</span> <span class='ocrx_word' id='word_1_614' title='bbox 1335 4014 1473 4053; x_wconf 91' lang='lat' dir='ltr'>eum</span> <span class='ocrx_word' id='word_1_615' title='bbox 1520 4001 1718 4053; x_wconf 86' lang='lat' dir='ltr'>statim</span> <span class='ocrx_word' id='word_1_616' title='bbox 1749 3998 1810 4053; x_wconf 93' lang='lat' dir='ltr'>in</span> <span class='ocrx_word' id='word_1_617' title='bbox 1860 3998 2102 4069; x_wconf 74' lang='lat' dir='ltr'>principi</span> 
     </span>
    </p>
   </div>
   <div class='ocr_carea' id='block_1_83' title="bbox 2267 3998 3871 4072">
    <p class='ocr_par' dir='ltr' id='par_1_83' title="bbox 2267 3998 3871 4072">
     <span class='ocr_line' id='line_1_83' title="bbox 2267 3998 3871 4072; baseline 0.003 -23"><span class='ocrx_word' id='word_1_618' title='bbox 2267 4004 2350 4050; x_wconf 82' lang='lat' dir='ltr'>xui</span> <span class='ocrx_word' id='word_1_619' title='bbox 2400 3998 2744 4071; x_wconf 81' lang='grc' dir='ltr'>μαλακωτέρῳ</span> <span class='ocrx_word' id='word_1_620' title='bbox 2779 4002 2871 4056; x_wconf 79' lang='grc' dir='ltr'>τὴν</span> <span class='ocrx_word' id='word_1_621' title='bbox 2929 4005 3137 4070; x_wconf 86' lang='grc' dir='ltr'>πρώτην</span> <span class='ocrx_word' id='word_1_622' title='bbox 3199 4002 3597 4072; x_wconf 84' lang='grc' dir='ltr'>προσενεχθείη,</span> <span class='ocrx_word' id='word_1_623' title='bbox 3658 4004 3721 4053; x_wconf 80' lang='lat' dir='ltr'>ru</span> <span class='ocrx_word' id='word_1_624' title='bbox 3778 4022 3871 4055; x_wconf 81' lang='lat' dir='ltr'>xo-</span> 
     </span>
    </p>
   </div>
   <div class='ocr_carea' id='block_1_84' title="bbox 445 4085 2049 4165">
    <p class='ocr_par' dir='ltr' id='par_1_84' title="bbox 445 4086 2049 4157">
     <span class='ocr_line' id='line_1_84' title="bbox 445 4086 2049 4157; baseline -0.001 -14"><span class='ocrx_word' id='word_1_625' title='bbox 445 4136 455 4143; x_wconf 85' lang='lat'>.</span> <span class='ocrx_word' id='word_1_626' title='bbox 498 4090 785 4143; x_wconf 89' lang='lat' dir='ltr'>inveniret</span> <span class='ocrx_word' id='word_1_627' title='bbox 833 4087 1188 4155; x_wconf 90' lang='lat' dir='ltr'>molliorem,</span> <span class='ocrx_word' id='word_1_628' title='bbox 1224 4088 1613 4141; x_wconf 89' lang='lat' dir='ltr'>instrumenta</span> <span class='ocrx_word' id='word_1_629' title='bbox 1640 4086 1881 4157; x_wconf 90' lang='lat' dir='ltr'>publica</span> <span class='ocrx_word' id='word_1_630' title='bbox 1911 4086 1988 4141; x_wconf 88' lang='lat' dir='ltr'>ad</span> <span class='ocrx_word' id='word_1_631' title='bbox 2041 4093 2049 4140; x_wconf 91' lang='lat' dir='ltr'><strong>I</strong></span> 
     </span>
    </p>
   </div>
   <div class='ocr_carea' id='block_1_85' title="bbox 2267 4085 3871 4165">
    <p class='ocr_par' dir='ltr' id='par_1_85' title="bbox 2267 4085 3871 4165">
     <span class='ocr_line' id='line_1_85' title="bbox 2267 4085 3871 4165; baseline 0.004 -28"><span class='ocrx_word' id='word_1_632' title='bbox 2267 4087 2519 4160; x_wconf 77' lang='grc' dir='ltr'>λαστήρια</span> <span class='ocrx_word' id='word_1_633' title='bbox 2571 4092 2818 4160; x_wconf 87' lang='grc' dir='ltr'>πρότερον</span> <span class='ocrx_word' id='word_1_634' title='bbox 2869 4087 2956 4137; x_wconf 75' lang='grc' dir='ltr'>ὑπ’</span> <span class='ocrx_word' id='word_1_635' title='bbox 3005 4087 3123 4157; x_wconf 65' lang='grc' dir='ltr'>ἄψιν</span> <span class='ocrx_word' id='word_1_636' title='bbox 3178 4091 3371 4159; x_wconf 82' lang='grc' dir='ltr'>ὄργανα</span> <span class='ocrx_word' id='word_1_637' title='bbox 3401 4085 3639 4160; x_wconf 87' lang='grc' dir='ltr'>δημοσία</span> <span class='ocrx_word' id='word_1_638' title='bbox 3684 4096 3871 4165; x_wconf 86' lang='grc' dir='ltr'>προτί-</span> 
     </span>
    </p>
   </div>
   <div class='ocr_carea' id='block_1_86' title="bbox 494 4174 2098 4249">
    <p class='ocr_par' dir='ltr' id='par_1_86' title="bbox 494 4174 2093 4248">
     <span class='ocr_line' id='line_1_86' title="bbox 494 4174 2093 4248; baseline -0.002 -17"><span class='ocrx_word' id='word_1_639' title='bbox 494 4175 806 4248; x_wconf 90' lang='lat' dir='ltr'>quendum</span> <span class='ocrx_word' id='word_1_640' title='bbox 836 4180 1203 4246; x_wconf 90' lang='lat' dir='ltr'>comparata,</span> <span class='ocrx_word' id='word_1_641' title='bbox 1236 4175 1288 4229; x_wconf 92' lang='lat' dir='ltr'>ei</span> <span class='ocrx_word' id='word_1_642' title='bbox 1320 4174 1484 4245; x_wconf 92' lang='lat' dir='ltr'>prius</span> <span class='ocrx_word' id='word_1_643' title='bbox 1519 4174 1792 4244; x_wconf 91' lang='lat' dir='ltr'>producit</span> <span class='ocrx_word' id='word_1_644' title='bbox 1821 4174 1882 4229; x_wconf 92' lang='lat' dir='ltr'>in</span> <span class='ocrx_word' id='word_1_645' title='bbox 1908 4190 2093 4245; x_wconf 90' lang='lat' dir='ltr'>consp</span> 
     </span>
    </p>
   </div>
   <div class='ocr_carea' id='block_1_87' title="bbox 2264 4174 3868 4249">
    <p class='ocr_par' dir='ltr' id='par_1_87' title="bbox 2264 4174 3868 4249">
     <span class='ocr_line' id='line_1_87' title="bbox 2264 4174 3868 4249; baseline 0.003 -21"><span class='ocrx_word' id='word_1_646' title='bbox 2264 4178 2387 4233; x_wconf 84' lang='grc' dir='ltr'>θησι</span> <span class='ocrx_word' id='word_1_647' title='bbox 2437 4180 2526 4227; x_wconf 87' lang='grc' dir='ltr'>καὶ</span> <span class='ocrx_word' id='word_1_648' title='bbox 2576 4175 2730 4227; x_wconf 79' lang='grc' dir='ltr'>αὐτόν</span> <span class='ocrx_word' id='word_1_649' title='bbox 2779 4174 3084 4236; x_wconf 81' lang='grc' dir='ltr'>εἰσκαλέσας</span> <span class='ocrx_word' id='word_1_650' title='bbox 3118 4194 3128 4205; x_wconf 91' lang='grc'><strong>·</strong></span> <span class='ocrx_word' id='word_1_651' title='bbox 3177 4179 3242 4227; x_wconf 81' lang='grc' dir='ltr'><strong>Σὺ</strong></span> <span class='ocrx_word' id='word_1_652' title='bbox 3283 4174 3345 4241; x_wconf 84' lang='grc' dir='ltr'>εἰ,</span> <span class='ocrx_word' id='word_1_653' title='bbox 3403 4183 3552 4249; x_wconf 76' lang='grc' dir='ltr'>φησὶ,</span> <span class='ocrx_word' id='word_1_654' title='bbox 3605 4180 3630 4230; x_wconf 87' lang='lat'>6</span> <span class='ocrx_word' id='word_1_655' title='bbox 3689 4178 3868 4233; x_wconf 84' lang='grc' dir='ltr'>ὀπίσω</span> 
     </span>
    </p>
   </div>
   <div class='ocr_carea' id='block_1_88' title="bbox 494 4262 2098 4337">
    <p class='ocr_par' dir='ltr' id='par_1_88' title="bbox 494 4262 2098 4336">
     <span class='ocr_line' id='line_1_88' title="bbox 494 4262 2098 4336; baseline -0.001 -16"><span class='ocrx_word' id='word_1_656' title='bbox 494 4270 653 4320; x_wconf 91' lang='lat' dir='ltr'>ctum</span> <span class='ocrx_word' id='word_1_657' title='bbox 690 4288 702 4319; x_wconf 87' lang='lat'><strong>:</strong></span> <span class='ocrx_word' id='word_1_658' title='bbox 736 4270 956 4319; x_wconf 91' lang='lat' dir='ltr'>etcum</span> <span class='ocrx_word' id='word_1_659' title='bbox 990 4279 1129 4318; x_wconf 93' lang='lat' dir='ltr'>eum</span> <span class='ocrx_word' id='word_1_660' title='bbox 1167 4263 1320 4318; x_wconf 92' lang='lat' dir='ltr'>intro</span> <span class='ocrx_word' id='word_1_661' title='bbox 1356 4268 1630 4318; x_wconf 89' lang='lat' dir='ltr'>vocasset</span> <span class='ocrx_word' id='word_1_662' title='bbox 1662 4278 1672 4315; x_wconf 93' lang='lat'><strong>:</strong></span> <span class='ocrx_word' id='word_1_663' title='bbox 1706 4265 1788 4318; x_wconf 93' lang='lat' dir='ltr'>Tu</span> <span class='ocrx_word' id='word_1_664' title='bbox 1818 4279 1903 4327; x_wconf 90' lang='lat' dir='ltr'>es,</span> <span class='ocrx_word' id='word_1_665' title='bbox 1937 4262 2098 4336; x_wconf 91' lang='lat' dir='ltr'>inqui</span> 
     </span>
    </p>
   </div>
   <div class='ocr_carea' id='block_1_89' title="bbox 2261 4262 3865 4337">
    <p class='ocr_par' dir='ltr' id='par_1_89' title="bbox 2261 4264 3865 4337">
     <span class='ocr_line' id='line_1_89' title="bbox 2261 4264 3865 4337; baseline 0.003 -20"><span class='ocrx_word' id='word_1_666' title='bbox 2261 4272 2346 4317; x_wconf 88' lang='grc' dir='ltr'>τοῦ</span> <span class='ocrx_word' id='word_1_667' title='bbox 2414 4264 2684 4336; x_wconf 84' lang='grc' dir='ltr'>λεγομένου</span> <span class='ocrx_word' id='word_1_668' title='bbox 2762 4272 2995 4337; x_wconf 77' lang='grc' dir='ltr'>Χριστοῦ</span> <span class='ocrx_word' id='word_1_669' title='bbox 3064 4264 3388 4337; x_wconf 85' lang='grc' dir='ltr'>πλανώμενος</span> <span class='ocrx_word' id='word_1_670' title='bbox 3459 4266 3709 4333; x_wconf 75' lang='grc' dir='ltr'>’⁷Ανθιμος</span> <span class='ocrx_word' id='word_1_671' title='bbox 3770 4276 3865 4323; x_wconf 81' lang='grc' dir='ltr'>καὶ</span> 
     </span>
    </p>
   </div>
   <div class='ocr_carea' id='block_1_90' title="bbox 494 4351 2098 4433">
    <p class='ocr_par' dir='ltr' id='par_1_90' title="bbox 494 4351 2098 4426">
     <span class='ocr_line' id='line_1_90' title="bbox 494 4351 2098 4426; baseline 0 -19"><span class='ocrx_word' id='word_1_672' title='bbox 494 4354 596 4426; x_wconf 91' lang='lat' dir='ltr'>qui</span> <span class='ocrx_word' id='word_1_673' title='bbox 629 4358 764 4426; x_wconf 90' lang='lat' dir='ltr'>post</span> <span class='ocrx_word' id='word_1_674' title='bbox 790 4352 1110 4421; x_wconf 86' lang='lat' dir='ltr'>Christum,</span> <span class='ocrx_word' id='word_1_675' title='bbox 1146 4352 1251 4423; x_wconf 88' lang='lat' dir='ltr'>qui</span> <span class='ocrx_word' id='word_1_676' title='bbox 1281 4351 1514 4422; x_wconf 90' lang='lat' dir='ltr'>dicitur,</span> <span class='ocrx_word' id='word_1_677' title='bbox 1550 4367 1730 4417; x_wconf 89' lang='lat' dir='ltr'>erras,</span> <span class='ocrx_word' id='word_1_678' title='bbox 1787 4351 2098 4407; x_wconf 86' lang='lat' dir='ltr'>Antbimus</span> 
     </span>
    </p>
   </div>
   <div class='ocr_carea' id='block_1_91' title="bbox 2265 4351 3869 4433">
    <p class='ocr_par' dir='ltr' id='par_1_91' title="bbox 2265 4352 3869 4433">
     <span class='ocr_line' id='line_1_91' title="bbox 2265 4352 3869 4433; baseline 0.003 -27"><span class='ocrx_word' id='word_1_679' title='bbox 2265 4358 2342 4406; x_wconf 82' lang='grc' dir='ltr'>τὸν</span> <span class='ocrx_word' id='word_1_680' title='bbox 2368 4354 2525 4406; x_wconf 84' lang='grc' dir='ltr'>πολὺν</span> <span class='ocrx_word' id='word_1_681' title='bbox 2574 4352 2726 4426; x_wconf 72' lang='grc' dir='ltr'>ἀφελῆ</span> <span class='ocrx_word' id='word_1_682' title='bbox 2778 4359 2867 4405; x_wconf 90' lang='lat' dir='ltr'>xui</span> <span class='ocrx_word' id='word_1_683' title='bbox 2924 4352 3131 4405; x_wconf 75' lang='grc' dir='ltr'>εὔκολον</span> <span class='ocrx_word' id='word_1_684' title='bbox 3180 4355 3447 4426; x_wconf 75' lang='grc' dir='ltr'>ἄνθρωπον</span> <span class='ocrx_word' id='word_1_685' title='bbox 3495 4363 3555 4428; x_wconf 75' lang='grc' dir='ltr'>τῇ</span> <span class='ocrx_word' id='word_1_686' title='bbox 3603 4359 3690 4429; x_wconf 74' lang='grc' dir='ltr'>ἴση</span> <span class='ocrx_word' id='word_1_687' title='bbox 3742 4365 3869 4433; x_wconf 78' lang='grc' dir='ltr'>περὶ</span> 
     </span>
    </p>
   </div>
   <div class='ocr_carea' id='block_1_92' title="bbox 490 4440 2094 4526">
    <p class='ocr_par' dir='ltr' id='par_1_92' title="bbox 490 4440 2094 4514">
     <span class='ocr_line' id='line_1_92' title="bbox 490 4440 2094 4514; baseline -0.002 -16"><span class='ocrx_word' id='word_1_688' title='bbox 490 4442 849 4514; x_wconf 86' lang='lat' dir='ltr'>facilemque</span> <span class='ocrx_word' id='word_1_689' title='bbox 872 4448 926 4497; x_wconf 94' lang='lat' dir='ltr'>et</span> <span class='ocrx_word' id='word_1_690' title='bbox 956 4441 1286 4513; x_wconf 90' lang='lat' dir='ltr'>simplicem</span> <span class='ocrx_word' id='word_1_691' title='bbox 1310 4440 1547 4497; x_wconf 91' lang='lat' dir='ltr'>turbam</span> <span class='ocrx_word' id='word_1_692' title='bbox 1571 4440 1632 4495; x_wconf 88' lang='lat' dir='ltr'>in</span> <span class='ocrx_word' id='word_1_693' title='bbox 1655 4440 1935 4496; x_wconf 91' lang='lat' dir='ltr'>eumdem</span> <span class='ocrx_word' id='word_1_694' title='bbox 1960 4441 2094 4497; x_wconf 71' lang='lat' dir='ltr'>add:</span> 
     </span>
    </p>
   </div>
   <div class='ocr_carea' id='block_1_93' title="bbox 2260 4440 3864 4526">
    <p class='ocr_par' dir='ltr' id='par_1_93' title="bbox 2260 4441 3864 4519">
     <span class='ocr_line' id='line_1_93' title="bbox 2260 4441 3864 4519; baseline 0.003 -24"><span class='ocrx_word' id='word_1_695' title='bbox 2260 4444 2412 4496; x_wconf 76' lang='grc' dir='ltr'>αὐτὸν</span> <span class='ocrx_word' id='word_1_696' title='bbox 2472 4445 2793 4515; x_wconf 86' lang='grc' dir='ltr'>ὑπαγόμενος</span> <span class='ocrx_word' id='word_1_697' title='bbox 2868 4441 3038 4515; x_wconf 77' lang='grc' dir='ltr'>ἀπάτη</span> <span class='ocrx_word' id='word_1_698' title='bbox 3119 4447 3207 4495; x_wconf 86' lang='grc' dir='ltr'>καὶ</span> <span class='ocrx_word' id='word_1_699' title='bbox 3296 4449 3485 4517; x_wconf 85' lang='grc' dir='ltr'>μυρίαν</span> <span class='ocrx_word' id='word_1_700' title='bbox 3552 4444 3699 4519; x_wconf 76' lang='grc' dir='ltr'>ὕϐριν</span> <span class='ocrx_word' id='word_1_701' title='bbox 3758 4456 3864 4500; x_wconf 83' lang='grc' dir='ltr'>τῶν</span> 
     </span>
    </p>
   </div>
   <div class='ocr_carea' id='block_1_94' title="bbox 490 4528 2094 4609">
    <p class='ocr_par' dir='ltr' id='par_1_94' title="bbox 490 4529 2094 4595">
     <span class='ocr_line' id='line_1_94' title="bbox 490 4529 2094 4595; baseline -0.001 -7"><span class='ocrx_word' id='word_1_702' title='bbox 490 4532 572 4588; x_wconf 91' lang='lat' dir='ltr'>cis</span> <span class='ocrx_word' id='word_1_703' title='bbox 598 4546 881 4595; x_wconf 87' lang='lat' dir='ltr'>errorem,</span> <span class='ocrx_word' id='word_1_704' title='bbox 912 4535 969 4586; x_wconf 91' lang='lat' dir='ltr'>et</span> <span class='ocrx_word' id='word_1_705' title='bbox 1001 4530 1147 4586; x_wconf 92' lang='lat' dir='ltr'>deos</span> <span class='ocrx_word' id='word_1_706' title='bbox 1176 4535 1409 4586; x_wconf 87' lang='lat' dir='ltr'>nostros</span> <span class='ocrx_word' id='word_1_707' title='bbox 1437 4529 1974 4586; x_wconf 88' lang='lat' dir='ltr'>innumerabilibus</span> <span class='ocrx_word' id='word_1_708' title='bbox 2004 4546 2094 4586; x_wconf 70' lang='lat' dir='ltr'>cor</span> 
     </span>
    </p>
   </div>
   <div class='ocr_carea' id='block_1_95' title="bbox 2262 4528 3866 4609">
    <p class='ocr_par' dir='ltr' id='par_1_95' title="bbox 2262 4528 3866 4609">
     <span class='ocr_line' id='line_1_95' title="bbox 2262 4528 3866 4609; baseline 0.002 -23"><span class='ocrx_word' id='word_1_709' title='bbox 2262 4536 2511 4605; x_wconf 71' lang='grc' dir='ltr'>ἡμετέρων</span> <span class='ocrx_word' id='word_1_710' title='bbox 2564 4534 2684 4583; x_wconf 79' lang='grc' dir='ltr'>θεῶν</span> <span class='ocrx_word' id='word_1_711' title='bbox 2714 4536 2987 4602; x_wconf 81' lang='grc' dir='ltr'>καταχέων</span> <span class='ocrx_word' id='word_1_712' title='bbox 3015 4548 3028 4597; x_wconf 88' lang='grc'><strong>;</strong></span> <span class='ocrx_word' id='word_1_713' title='bbox 3079 4530 3136 4583; x_wconf 77' lang='grc' dir='ltr'><strong>Ὀ</strong></span> <span class='ocrx_word' id='word_1_714' title='bbox 3164 4528 3223 4584; x_wconf 71' lang='grc' dir='ltr'>δὲ</span> <span class='ocrx_word' id='word_1_715' title='bbox 3263 4530 3338 4583; x_wconf 78' lang='grc' dir='ltr'>ἐπ’</span> <span class='ocrx_word' id='word_1_716' title='bbox 3368 4536 3489 4593; x_wconf 81' lang='grc' dir='ltr'>ἴσης</span> <span class='ocrx_word' id='word_1_717' title='bbox 3537 4537 3602 4585; x_wconf 74' lang='grc' dir='ltr'>τά</span> <span class='ocrx_word' id='word_1_718' title='bbox 3628 4554 3679 4588; x_wconf 90' lang='grc' dir='ltr'>τε</span> <span class='ocrx_word' id='word_1_719' title='bbox 3731 4555 3866 4609; x_wconf 66' lang='grc' dir='ltr'>προσ</span> 
     </span>
    </p>
   </div>
   <div class='ocr_carea' id='block_1_96' title="bbox 490 4618 2094 4696">
    <p class='ocr_par' dir='ltr' id='par_1_96' title="bbox 490 4618 2094 4691">
     <span class='ocr_line' id='line_1_96' title="bbox 490 4618 2094 4691; baseline -0.003 -14"><span class='ocrx_word' id='word_1_720' title='bbox 490 4619 746 4677; x_wconf 87' lang='lat' dir='ltr'>tumeliis</span> <span class='ocrx_word' id='word_1_721' title='bbox 777 4618 969 4675; x_wconf 83' lang='lat' dir='ltr'>afﬁcis</span> <span class='ocrx_word' id='word_1_722' title='bbox 1018 4619 1047 4674; x_wconf 78' lang='lat' dir='ltr'>‘I</span> <span class='ocrx_word' id='word_1_723' title='bbox 1094 4618 1191 4674; x_wconf 87' lang='lat' dir='ltr'>Ille</span> <span class='ocrx_word' id='word_1_724' title='bbox 1243 4623 1443 4675; x_wconf 92' lang='lat' dir='ltr'>autem</span> <span class='ocrx_word' id='word_1_725' title='bbox 1495 4635 1565 4673; x_wconf 83' lang='lat' dir='ltr'>ex</span> <span class='ocrx_word' id='word_1_726' title='bbox 1609 4635 1784 4691; x_wconf 66' lang='lat' dir='ltr'>aequo</span> <span class='ocrx_word' id='word_1_727' title='bbox 1837 4619 2037 4675; x_wconf 91' lang='lat' dir='ltr'>ridens</span> <span class='ocrx_word' id='word_1_728' title='bbox 2087 4639 2094 4672; x_wconf 74' lang='grc' dir='ltr'>ι</span> 
     </span>
    </p>
   </div>
   <div class='ocr_carea' id='block_1_97' title="bbox 2258 4618 3862 4696">
    <p class='ocr_par' dir='ltr' id='par_1_97' title="bbox 2258 4623 3862 4696">
     <span class='ocr_line' id='line_1_97' title="bbox 2258 4623 3862 4696; baseline 0.003 -23"><span class='ocrx_word' id='word_1_729' title='bbox 2258 4626 2460 4693; x_wconf 77' lang='grc' dir='ltr'>κείμενα</span> <span class='ocrx_word' id='word_1_730' title='bbox 2496 4624 2685 4692; x_wconf 81' lang='grc' dir='ltr'>ὄργανα</span> <span class='ocrx_word' id='word_1_731' title='bbox 2733 4626 2818 4672; x_wconf 87' lang='lat' dir='ltr'>xui</span> <span class='ocrx_word' id='word_1_732' title='bbox 2872 4624 2989 4681; x_wconf 82' lang='grc' dir='ltr'>τοὺς</span> <span class='ocrx_word' id='word_1_733' title='bbox 3036 4628 3124 4671; x_wconf 89' lang='grc' dir='ltr'>τοῦ</span> <span class='ocrx_word' id='word_1_734' title='bbox 3177 4623 3426 4696; x_wconf 88' lang='grc' dir='ltr'>τυράννου</span> <span class='ocrx_word' id='word_1_735' title='bbox 3475 4623 3660 4694; x_wconf 83' lang='grc' dir='ltr'>λόγους</span> <span class='ocrx_word' id='word_1_736' title='bbox 3704 4625 3862 4695; x_wconf 74' lang='grc' dir='ltr'>γελοί-⁵</span> 
     </span>
    </p>
   </div>
   <div class='ocr_carea' id='block_1_98' title="bbox 488 4706 2092 4784">
    <p class='ocr_par' dir='ltr' id='par_1_98' title="bbox 488 4708 2090 4781">
     <span class='ocr_line' id='line_1_98' title="bbox 488 4708 2090 4781; baseline -0.001 -15"><span class='ocrx_word' id='word_1_737' title='bbox 488 4714 786 4767; x_wconf 88' lang='lat' dir='ltr'>tormenta</span> <span class='ocrx_word' id='word_1_738' title='bbox 810 4710 1135 4781; x_wconf 87' lang='lat' dir='ltr'>proposita,</span> <span class='ocrx_word' id='word_1_739' title='bbox 1182 4714 1239 4763; x_wconf 90' lang='lat' dir='ltr'>et</span> <span class='ocrx_word' id='word_1_740' title='bbox 1268 4724 1338 4764; x_wconf 89' lang='lat' dir='ltr'>ea</span> <span class='ocrx_word' id='word_1_741' title='bbox 1376 4724 1512 4780; x_wconf 74' lang='lat' dir='ltr'>quae</span> <span class='ocrx_word' id='word_1_742' title='bbox 1543 4708 1774 4765; x_wconf 86' lang='lat' dir='ltr'>dixerat</span> <span class='ocrx_word' id='word_1_743' title='bbox 1801 4716 2090 4781; x_wconf 86' lang='lat' dir='ltr'>tyrannus</span> 
     </span>
    </p>
   </div>
   <div class='ocr_carea' id='block_1_99' title="bbox 2252 4706 3856 4784">
    <p class='ocr_par' dir='ltr' id='par_1_99' title="bbox 2253 4706 3856 4784">
     <span class='ocr_line' id='line_1_99' title="bbox 2253 4706 3856 4784; baseline 0.003 -23"><span class='ocrx_word' id='word_1_744' title='bbox 2253 4728 2349 4771; x_wconf 90' lang='grc' dir='ltr'>σας</span> <span class='ocrx_word' id='word_1_745' title='bbox 2391 4729 2402 4742; x_wconf 86' lang='grc'><strong>·</strong></span> <span class='ocrx_word' id='word_1_746' title='bbox 2439 4706 2577 4762; x_wconf 72' lang='grc' dir='ltr'>Οὐδὲ</span> <span class='ocrx_word' id='word_1_747' title='bbox 2630 4708 2982 4780; x_wconf 84' lang='grc' dir='ltr'>ἀπεκρινάμην</span> <span class='ocrx_word' id='word_1_748' title='bbox 3035 4710 3094 4759; x_wconf 77' lang='grc' dir='ltr'>ἄν</span> <span class='ocrx_word' id='word_1_749' title='bbox 3147 4728 3250 4775; x_wconf 92' lang='grc' dir='ltr'>σοι,</span> <span class='ocrx_word' id='word_1_750' title='bbox 3292 4715 3436 4781; x_wconf 76' lang='grc' dir='ltr'>φησὶ,</span> <span class='ocrx_word' id='word_1_751' title='bbox 3494 4714 3621 4784; x_wconf 88' lang='grc' dir='ltr'>πρός</span> <span class='ocrx_word' id='word_1_752' title='bbox 3662 4721 3856 4778; x_wconf 84' lang='grc' dir='ltr'>ταῦτα,</span> 
     </span>
    </p>
   </div>
   <div class='ocr_carea' id='block_1_100' title="bbox 486 4795 2090 4873">
    <p class='ocr_par' dir='ltr' id='par_1_100' title="bbox 486 4796 2090 4870">
     <span class='ocr_line' id='line_1_100' title="bbox 486 4796 2090 4870; baseline -0.002 -14"><span class='ocrx_word' id='word_1_753' title='bbox 486 4801 567 4856; x_wconf 89' lang='lat' dir='ltr'>Ne</span> <span class='ocrx_word' id='word_1_754' title='bbox 596 4798 671 4855; x_wconf 92' lang='lat' dir='ltr'>ad</span> <span class='ocrx_word' id='word_1_755' title='bbox 702 4799 830 4854; x_wconf 61' lang='lat' dir='ltr'>hac</span> <span class='ocrx_word' id='word_1_756' title='bbox 855 4796 1120 4869; x_wconf 88' lang='lat' dir='ltr'>quidem,</span> <span class='ocrx_word' id='word_1_757' title='bbox 1142 4798 1351 4870; x_wconf 91' lang='lat' dir='ltr'>inquit,</span> <span class='ocrx_word' id='word_1_758' title='bbox 1379 4798 1478 4852; x_wconf 89' lang='lat' dir='ltr'>tibi</span> <span class='ocrx_word' id='word_1_759' title='bbox 1499 4798 1946 4869; x_wconf 86' lang='lat' dir='ltr'>responderem,</span> <span class='ocrx_word' id='word_1_760' title='bbox 1981 4803 2090 4854; x_wconf 83' lang='lat' dir='ltr'>cert</span> 
     </span>
    </p>
   </div>
   <div class='ocr_carea' id='block_1_101' title="bbox 2258 4795 3862 4873">
    <p class='ocr_par' dir='ltr' id='par_1_101' title="bbox 2258 4795 3862 4873">
     <span class='ocr_line' id='line_1_101' title="bbox 2258 4795 3862 4873; baseline 0.004 -25"><span class='ocrx_word' id='word_1_761' title='bbox 2258 4800 2383 4866; x_wconf 72' lang='grc' dir='ltr'>ἴσθι,</span> <span class='ocrx_word' id='word_1_762' title='bbox 2435 4795 2473 4848; x_wconf 80' lang='grc' dir='ltr'><strong><em>ὦ</em></strong></span> <span class='ocrx_word' id='word_1_763' title='bbox 2502 4796 2741 4870; x_wconf 83' lang='grc' dir='ltr'>βασιλεῦ,</span> <span class='ocrx_word' id='word_1_764' title='bbox 2798 4796 2841 4849; x_wconf 85' lang='grc' dir='ltr'>εἰ</span> <span class='ocrx_word' id='word_1_765' title='bbox 2867 4804 2937 4868; x_wconf 88' lang='grc' dir='ltr'>μή</span> <span class='ocrx_word' id='word_1_766' title='bbox 2972 4817 3035 4869; x_wconf 91' lang='grc' dir='ltr'>με</span> <span class='ocrx_word' id='word_1_767' title='bbox 3065 4800 3089 4849; x_wconf 90' lang='grc' dir='ltr'>ό</span> <span class='ocrx_word' id='word_1_768' title='bbox 3134 4800 3259 4873; x_wconf 82' lang='grc' dir='ltr'>ἱερός</span> <span class='ocrx_word' id='word_1_769' title='bbox 3295 4804 3383 4852; x_wconf 87' lang='lat' dir='ltr'>xui</span> <span class='ocrx_word' id='word_1_770' title='bbox 3425 4802 3552 4861; x_wconf 86' lang='grc' dir='ltr'>θεῖος</span> <span class='ocrx_word' id='word_1_771' title='bbox 3583 4798 3862 4856; x_wconf 81' lang='grc' dir='ltr'>διδάσκα-</span> 
     </span>
    </p>
   </div>
   <div class='ocr_carea' id='block_1_102' title="bbox 485 4884 2089 4961">
    <p class='ocr_par' dir='ltr' id='par_1_102' title="bbox 485 4886 2089 4959">
     <span class='ocr_line' id='line_1_102' title="bbox 485 4886 2089 4959; baseline -0.001 -15"><span class='ocrx_word' id='word_1_772' title='bbox 485 4889 661 4953; x_wconf 88' lang='lat' dir='ltr'>scias,</span> <span class='ocrx_word' id='word_1_773' title='bbox 689 4903 725 4944; x_wconf 94' lang='lat' dir='ltr'>o</span> <span class='ocrx_word' id='word_1_774' title='bbox 755 4887 1100 4959; x_wconf 88' lang='lat' dir='ltr'>imperator,</span> <span class='ocrx_word' id='word_1_775' title='bbox 1143 4887 1257 4942; x_wconf 90' lang='lat' dir='ltr'>nisi</span> <span class='ocrx_word' id='word_1_776' title='bbox 1289 4886 1436 4942; x_wconf 91' lang='lat' dir='ltr'>mihi</span> <span class='ocrx_word' id='word_1_777' title='bbox 1468 4903 1634 4942; x_wconf 89' lang='lat' dir='ltr'>sacer</span> <span class='ocrx_word' id='word_1_778' title='bbox 1664 4892 1717 4943; x_wconf 92' lang='lat' dir='ltr'>et</span> <span class='ocrx_word' id='word_1_779' title='bbox 1758 4887 1996 4942; x_wconf 87' lang='lat' dir='ltr'>divinus</span> <span class='ocrx_word' id='word_1_780' title='bbox 2028 4887 2089 4942; x_wconf 78' lang='lat' dir='ltr'>dc</span> 
     </span>
    </p>
   </div>
   <div class='ocr_carea' id='block_1_103' title="bbox 2253 4884 3857 4961">
    <p class='ocr_par' dir='ltr' id='par_1_103' title="bbox 2253 4884 3857 4961">
     <span class='ocr_line' id='line_1_103' title="bbox 2253 4884 3857 4961; baseline 0.005 -25"><span class='ocrx_word' id='word_1_781' title='bbox 2253 4886 2331 4948; x_wconf 83' lang='grc' dir='ltr'>λος</span> <span class='ocrx_word' id='word_1_782' title='bbox 2384 4889 2550 4939; x_wconf 76' lang='grc' dir='ltr'>ἔπειθε</span> <span class='ocrx_word' id='word_1_783' title='bbox 2603 4886 2818 4951; x_wconf 82' lang='grc' dir='ltr'>Παῦλος,</span> <span class='ocrx_word' id='word_1_784' title='bbox 2882 4886 3117 4958; x_wconf 84' lang='grc' dir='ltr'>ἑτοίμους</span> <span class='ocrx_word' id='word_1_785' title='bbox 3168 4890 3303 4960; x_wconf 79' lang='grc' dir='ltr'>ἡμᾶς</span> <span class='ocrx_word' id='word_1_786' title='bbox 3374 4884 3501 4941; x_wconf 84' lang='grc' dir='ltr'>εἶναι</span> <span class='ocrx_word' id='word_1_787' title='bbox 3550 4886 3857 4961; x_wconf 79' lang='grc' dir='ltr'>διδάσκων,</span> 
     </span>
    </p>
   </div>
   <div class='ocr_carea' id='block_1_104' title="bbox 484 4971 2088 5057">
    <p class='ocr_par' dir='ltr' id='par_1_104' title="bbox 484 4975 2088 5048">
     <span class='ocr_line' id='line_1_104' title="bbox 484 4975 2088 5048; baseline -0.001 -14"><span class='ocrx_word' id='word_1_788' title='bbox 484 4983 610 5034; x_wconf 91' lang='lat' dir='ltr'>ctor</span> <span class='ocrx_word' id='word_1_789' title='bbox 630 4976 844 5034; x_wconf 87' lang='lat' dir='ltr'>Paulus</span> <span class='ocrx_word' id='word_1_790' title='bbox 870 4975 1272 5048; x_wconf 89' lang='lat' dir='ltr'>persuaderet,</span> <span class='ocrx_word' id='word_1_791' title='bbox 1306 4975 1525 5031; x_wconf 90' lang='lat' dir='ltr'>docens</span> <span class='ocrx_word' id='word_1_792' title='bbox 1546 4978 1567 5012; x_wconf 81' lang='grc'>³</span> <span class='ocrx_word' id='word_1_793' title='bbox 1593 4992 1701 5031; x_wconf 92' lang='lat' dir='ltr'>nos</span> <span class='ocrx_word' id='word_1_794' title='bbox 1732 4991 1865 5031; x_wconf 90' lang='lat' dir='ltr'>esse</span> <span class='ocrx_word' id='word_1_795' title='bbox 1896 4981 2088 5047; x_wconf 78' lang='lat' dir='ltr'>paratc</span> 
     </span>
    </p>
   </div>
   <div class='ocr_carea' id='block_1_105' title="bbox 2251 4971 3855 5057">
    <p class='ocr_par' dir='ltr' id='par_1_105' title="bbox 2251 4971 3855 5057">
     <span class='ocr_line' id='line_1_105' title="bbox 2251 4971 3855 5057; baseline 0.004 -30"><span class='ocrx_word' id='word_1_796' title='bbox 2251 4980 2398 5028; x_wconf 82' lang='grc' dir='ltr'>παντὶ</span> <span class='ocrx_word' id='word_1_797' title='bbox 2437 4983 2507 5045; x_wconf 87' lang='grc' dir='ltr'>τῷ</span> <span class='ocrx_word' id='word_1_798' title='bbox 2562 4975 2788 5027; x_wconf 83' lang='grc' dir='ltr'>αἰτοῦντι</span> <span class='ocrx_word' id='word_1_799' title='bbox 2840 4974 2989 5046; x_wconf 86' lang='grc' dir='ltr'>λόγον</span> <span class='ocrx_word' id='word_1_800' title='bbox 3044 4971 3255 5028; x_wconf 79' lang='grc' dir='ltr'>διδόναι</span> <span class='ocrx_word' id='word_1_801' title='bbox 3289 4996 3301 5008; x_wconf 88' lang='grc'><strong>·</strong></span> <span class='ocrx_word' id='word_1_802' title='bbox 3345 4975 3685 5049; x_wconf 76' lang='grc' dir='ltr'>ἐπηγγείλατο</span> <span class='ocrx_word' id='word_1_803' title='bbox 3744 4984 3855 5057; x_wconf 78' lang='grc' dir='ltr'>γὰρ</span> 
     </span>
    </p>
   </div>
   <div class='ocr_carea' id='block_1_106' title="bbox 482 5060 2086 5138">
    <p class='ocr_par' dir='ltr' id='par_1_106' title="bbox 482 5063 2086 5138">
     <span class='ocr_line' id='line_1_106' title="bbox 482 5063 2086 5138; baseline -0.004 -15"><span class='ocrx_word' id='word_1_804' title='bbox 482 5066 722 5123; x_wconf 87' lang='lat' dir='ltr'>cuilibet</span> <span class='ocrx_word' id='word_1_805' title='bbox 770 5065 991 5138; x_wconf 90' lang='lat' dir='ltr'>petenti</span> <span class='ocrx_word' id='word_1_806' title='bbox 1044 5064 1290 5121; x_wconf 90' lang='lat' dir='ltr'>reddere</span> <span class='ocrx_word' id='word_1_807' title='bbox 1332 5064 1645 5120; x_wconf 89' lang='lat' dir='ltr'>rationem.</span> <span class='ocrx_word' id='word_1_808' title='bbox 1702 5063 1996 5121; x_wconf 90' lang='lat' dir='ltr'>Pollicitus</span> <span class='ocrx_word' id='word_1_809' title='bbox 2046 5081 2086 5120; x_wconf 65' lang='lat' dir='ltr'>ea</span> 
     </span>
    </p>
   </div>
   <div class='ocr_carea' id='block_1_107' title="bbox 2255 5060 3859 5138">
    <p class='ocr_par' dir='ltr' id='par_1_107' title="bbox 2255 5060 3859 5138">
     <span class='ocr_line' id='line_1_107' title="bbox 2255 5060 3859 5138; baseline 0.005 -24"><span class='ocrx_word' id='word_1_810' title='bbox 2255 5066 2367 5136; x_wconf 66' lang='grc' dir='ltr'>ἡμῖν</span> <span class='ocrx_word' id='word_1_811' title='bbox 2408 5067 2433 5116; x_wconf 92' lang='grc' dir='ltr'>ό</span> <span class='ocrx_word' id='word_1_812' title='bbox 2467 5068 2591 5125; x_wconf 87' lang='grc' dir='ltr'>Θεὸς</span> <span class='ocrx_word' id='word_1_813' title='bbox 2623 5060 2835 5116; x_wconf 84' lang='grc' dir='ltr'>διδόναι</span> <span class='ocrx_word' id='word_1_814' title='bbox 2879 5069 2968 5116; x_wconf 89' lang='lat' dir='ltr'>xui</span> <span class='ocrx_word' id='word_1_815' title='bbox 3000 5069 3169 5136; x_wconf 89' lang='grc' dir='ltr'>στόμα</span> <span class='ocrx_word' id='word_1_816' title='bbox 3220 5070 3310 5116; x_wconf 87' lang='lat' dir='ltr'>xui</span> <span class='ocrx_word' id='word_1_817' title='bbox 3362 5072 3566 5138; x_wconf 76' lang='grc' dir='ltr'>σοφίαν,</span> <span class='ocrx_word' id='word_1_818' title='bbox 3600 5068 3630 5126; x_wconf 82' lang='grc' dir='ltr'><em>ἧ</em></span> <span class='ocrx_word' id='word_1_819' title='bbox 3661 5068 3720 5120; x_wconf 81' lang='grc' dir='ltr'>οῦ</span> <span class='ocrx_word' id='word_1_820' title='bbox 3756 5066 3859 5122; x_wconf 88' lang='grc' dir='ltr'>δυ-</span> 
     </span>
    </p>
   </div>
   <div class='ocr_carea' id='block_1_108' title="bbox 480 5151 2084 5229">
    <p class='ocr_par' dir='ltr' id='par_1_108' title="bbox 480 5153 2084 5224">
     <span class='ocr_line' id='line_1_108' title="bbox 480 5153 2084 5224; baseline -0.006 -11"><span class='ocrx_word' id='word_1_821' title='bbox 480 5158 640 5213; x_wconf 90' lang='lat' dir='ltr'>enim</span> <span class='ocrx_word' id='word_1_822' title='bbox 663 5155 838 5212; x_wconf 91' lang='lat' dir='ltr'>nobis</span> <span class='ocrx_word' id='word_1_823' title='bbox 873 5157 1021 5210; x_wconf 92' lang='lat' dir='ltr'>Deus</span> <span class='ocrx_word' id='word_1_824' title='bbox 1044 5153 1163 5209; x_wconf 92' lang='lat' dir='ltr'>oris</span> <span class='ocrx_word' id='word_1_825' title='bbox 1196 5154 1569 5224; x_wconf 89' lang='lat' dir='ltr'>sapientiam,</span> <span class='ocrx_word' id='word_1_826' title='bbox 1604 5175 1625 5203; x_wconf 79' lang='grc' dir='ltr'>ι</span> <span class='ocrx_word' id='word_1_827' title='bbox 1663 5153 1756 5208; x_wconf 92' lang='lat' dir='ltr'>cui</span> <span class='ocrx_word' id='word_1_828' title='bbox 1781 5169 1902 5208; x_wconf 92' lang='lat' dir='ltr'>non</span> <span class='ocrx_word' id='word_1_829' title='bbox 1932 5159 2084 5224; x_wconf 44' lang='lat' dir='ltr'>potui</span> 
     </span>
    </p>
   </div>
   <div class='ocr_carea' id='block_1_109' title="bbox 2246 5151 3850 5229">
    <p class='ocr_par' dir='ltr' id='par_1_109' title="bbox 2246 5151 3850 5229">
     <span class='ocr_line' id='line_1_109' title="bbox 2246 5151 3850 5229; baseline 0.004 -26"><span class='ocrx_word' id='word_1_830' title='bbox 2246 5158 2485 5210; x_wconf 74' lang='grc' dir='ltr'>νήσονιαι</span> <span class='ocrx_word' id='word_1_831' title='bbox 2569 5151 2875 5211; x_wconf 88' lang='grc' dir='ltr'>ἀντιστῆναι</span> <span class='ocrx_word' id='word_1_832' title='bbox 2955 5156 3133 5213; x_wconf 86' lang='grc' dir='ltr'>πάντες</span> <span class='ocrx_word' id='word_1_833' title='bbox 3195 5156 3244 5205; x_wconf 84' lang='grc' dir='ltr'>οἱ</span> <span class='ocrx_word' id='word_1_834' title='bbox 3305 5152 3643 5227; x_wconf 86' lang='grc' dir='ltr'>ἀντικείμενοι</span> <span class='ocrx_word' id='word_1_835' title='bbox 3695 5159 3850 5229; x_wconf 76' lang='grc' dir='ltr'>ἡμῖν.</span> 
     </span>
    </p>
   </div>
   <div class='ocr_carea' id='block_1_110' title="bbox 478 5240 2082 5320">
    <p class='ocr_par' dir='ltr' id='par_1_110' title="bbox 478 5240 2082 5311">
     <span class='ocr_line' id='line_1_110' title="bbox 478 5240 2082 5311; baseline -0.002 -11"><span class='ocrx_word' id='word_1_836' title='bbox 478 5251 611 5300; x_wconf 88' lang='lat' dir='ltr'>runt</span> <span class='ocrx_word' id='word_1_837' title='bbox 645 5244 911 5301; x_wconf 88' lang='lat' dir='ltr'>resistere</span> <span class='ocrx_word' id='word_1_838' title='bbox 941 5258 1151 5298; x_wconf 90' lang='lat' dir='ltr'>omnes</span> <span class='ocrx_word' id='word_1_839' title='bbox 1176 5240 1361 5297; x_wconf 91' lang='lat' dir='ltr'>nostri</span> <span class='ocrx_word' id='word_1_840' title='bbox 1389 5241 1807 5297; x_wconf 54' lang='lat' dir='ltr'>adversarum)</span> <span class='ocrx_word' id='word_1_841' title='bbox 1848 5243 1996 5296; x_wconf 88' lang='lat' dir='ltr'>Nam</span> <span class='ocrx_word' id='word_1_842' title='bbox 2019 5257 2082 5311; x_wconf 76' lang='lat' dir='ltr'>eg</span> 
     </span>
    </p>
   </div>
   <div class='ocr_carea' id='block_1_111' title="bbox 2247 5240 3851 5320">
    <p class='ocr_par' dir='ltr' id='par_1_111' title="bbox 2247 5242 3851 5320">
     <span class='ocr_line' id='line_1_111' title="bbox 2247 5242 3851 5320; baseline 0.002 -26"><span class='ocrx_word' id='word_1_843' title='bbox 2247 5242 2327 5303; x_wconf 85' lang='grc' dir='ltr'>Ὠς</span> <span class='ocrx_word' id='word_1_844' title='bbox 2371 5245 2528 5314; x_wconf 82' lang='grc' dir='ltr'>ἔγωγε</span> <span class='ocrx_word' id='word_1_845' title='bbox 2578 5242 2767 5299; x_wconf 75' lang='grc' dir='ltr'>πολλὴν</span> <span class='ocrx_word' id='word_1_846' title='bbox 2823 5262 2916 5295; x_wconf 91' lang='grc' dir='ltr'>σου</span> <span class='ocrx_word' id='word_1_847' title='bbox 2970 5246 3058 5293; x_wconf 84' lang='grc' dir='ltr'>καὶ</span> <span class='ocrx_word' id='word_1_848' title='bbox 3109 5247 3351 5314; x_wconf 89' lang='grc' dir='ltr'>πρότερον</span> <span class='ocrx_word' id='word_1_849' title='bbox 3402 5247 3687 5315; x_wconf 82' lang='grc' dir='ltr'>παχύτητα</span> <span class='ocrx_word' id='word_1_850' title='bbox 3731 5243 3851 5320; x_wconf 63' lang='grc' dir='ltr'>ἤδη</span> 
     </span>
    </p>
   </div>
   <div class='ocr_carea' id='block_1_112' title="bbox 477 5328 2081 5408">
    <p class='ocr_par' dir='ltr' id='par_1_112' title="bbox 477 5329 2081 5404">
     <span class='ocr_line' id='line_1_112' title="bbox 477 5329 2081 5404; baseline -0.001 -17"><span class='ocrx_word' id='word_1_851' title='bbox 477 5333 721 5404; x_wconf 91' lang='lat' dir='ltr'>quidem</span> <span class='ocrx_word' id='word_1_852' title='bbox 750 5333 912 5404; x_wconf 87' lang='lat' dir='ltr'>prius</span> <span class='ocrx_word' id='word_1_853' title='bbox 962 5330 1045 5387; x_wconf 91' lang='lat' dir='ltr'>tui</span> <span class='ocrx_word' id='word_1_854' title='bbox 1074 5331 1135 5385; x_wconf 89' lang='lat' dir='ltr'>in</span> <span class='ocrx_word' id='word_1_855' title='bbox 1166 5329 1484 5385; x_wconf 89' lang='lat' dir='ltr'>simulacra</span> <span class='ocrx_word' id='word_1_856' title='bbox 1534 5329 1772 5395; x_wconf 88' lang='lat' dir='ltr'>erroris,</span> <span class='ocrx_word' id='word_1_857' title='bbox 1822 5335 1877 5385; x_wconf 90' lang='lat' dir='ltr'>et</span> <span class='ocrx_word' id='word_1_858' title='bbox 1924 5329 1984 5385; x_wconf 91' lang='lat' dir='ltr'>in</span> <span class='ocrx_word' id='word_1_859' title='bbox 2028 5345 2081 5385; x_wconf 76' lang='lat' dir='ltr'>ec</span> 
     </span>
    </p>
   </div>
   <div class='ocr_carea' id='block_1_113' title="bbox 2247 5328 3851 5408">
    <p class='ocr_par' dir='ltr' id='par_1_113' title="bbox 2247 5328 3851 5408">
     <span class='ocr_line' id='line_1_113' title="bbox 2247 5328 3851 5408; baseline 0.003 -25"><span class='ocrx_word' id='word_1_860' title='bbox 2247 5338 2641 5403; x_wconf 79' lang='grc' dir='ltr'>καταγινώσκων</span> <span class='ocrx_word' id='word_1_861' title='bbox 2690 5340 2781 5392; x_wconf 87' lang='grc' dir='ltr'>τῆς</span> <span class='ocrx_word' id='word_1_862' title='bbox 2826 5336 2943 5405; x_wconf 89' lang='grc' dir='ltr'>περὶ</span> <span class='ocrx_word' id='word_1_863' title='bbox 2998 5334 3063 5383; x_wconf 83' lang='grc' dir='ltr'>τὰ</span> <span class='ocrx_word' id='word_1_864' title='bbox 3101 5328 3291 5384; x_wconf 78' lang='grc' dir='ltr'>εἴδωλα</span> <span class='ocrx_word' id='word_1_865' title='bbox 3341 5332 3533 5395; x_wconf 84' lang='grc' dir='ltr'>πλάνης</span> <span class='ocrx_word' id='word_1_866' title='bbox 3573 5338 3690 5395; x_wconf 81' lang='grc' dir='ltr'>τοὺς</span> <span class='ocrx_word' id='word_1_867' title='bbox 3725 5338 3851 5408; x_wconf 65' lang='grc' dir='ltr'>ὑμε-</span> 
     </span>
    </p>
   </div>
   <div class='ocr_carea' id='block_1_114' title="bbox 476 5418 2080 5498">
    <p class='ocr_par' dir='ltr' id='par_1_114' title="bbox 476 5418 2080 5493">
     <span class='ocr_line' id='line_1_114' title="bbox 476 5418 2080 5493; baseline -0.001 -17"><span class='ocrx_word' id='word_1_868' title='bbox 476 5435 630 5493; x_wconf 91' lang='lat' dir='ltr'>quos</span> <span class='ocrx_word' id='word_1_869' title='bbox 657 5420 806 5475; x_wconf 86' lang='lat' dir='ltr'>dicis</span> <span class='ocrx_word' id='word_1_870' title='bbox 836 5420 1001 5487; x_wconf 89' lang='lat' dir='ltr'>deos,</span> <span class='ocrx_word' id='word_1_871' title='bbox 1034 5418 1406 5476; x_wconf 87' lang='lat' dir='ltr'>damuabam</span> <span class='ocrx_word' id='word_1_872' title='bbox 1435 5418 1889 5475; x_wconf 87' lang='lat' dir='ltr'>crassitudinem</span> <span class='ocrx_word' id='word_1_873' title='bbox 1922 5435 1935 5474; x_wconf 91' lang='lat'><strong>:</strong></span> <span class='ocrx_word' id='word_1_874' title='bbox 1968 5434 2080 5475; x_wconf 77' lang='lat' dir='ltr'>nun</span> 
     </span>
    </p>
   </div>
   <div class='ocr_carea' id='block_1_115' title="bbox 2242 5418 3846 5498">
    <p class='ocr_par' dir='ltr' id='par_1_115' title="bbox 2242 5420 3846 5498">
     <span class='ocr_line' id='line_1_115' title="bbox 2242 5420 3846 5498; baseline 0.004 -26"><span class='ocrx_word' id='word_1_875' title='bbox 2242 5425 2436 5494; x_wconf 81' lang='grc' dir='ltr'>τίρους,</span> <span class='ocrx_word' id='word_1_876' title='bbox 2472 5424 2540 5484; x_wconf 85' lang='grc' dir='ltr'>ὡς</span> <span class='ocrx_word' id='word_1_877' title='bbox 2591 5424 2733 5494; x_wconf 75' lang='grc' dir='ltr'>ἔφης,</span> <span class='ocrx_word' id='word_1_878' title='bbox 2773 5423 2933 5487; x_wconf 82' lang='grc' dir='ltr'>θεοὺς,</span> <span class='ocrx_word' id='word_1_879' title='bbox 2977 5428 3064 5497; x_wconf 88' lang='grc' dir='ltr'>νῦν</span> <span class='ocrx_word' id='word_1_880' title='bbox 3096 5420 3302 5473; x_wconf 86' lang='grc' dir='ltr'>πλείονά</span> <span class='ocrx_word' id='word_1_881' title='bbox 3352 5441 3446 5475; x_wconf 89' lang='grc' dir='ltr'>σου</span> <span class='ocrx_word' id='word_1_882' title='bbox 3478 5428 3566 5476; x_wconf 85' lang='grc' dir='ltr'>καὶ</span> <span class='ocrx_word' id='word_1_883' title='bbox 3617 5429 3846 5498; x_wconf 74' lang='grc' dir='ltr'>φανερὰν</span> 
     </span>
    </p>
   </div>
   <div class='ocr_carea' id='block_1_116' title="bbox 544 5595 2057 5667">
    <p class='ocr_par' dir='ltr' id='par_1_116' title="bbox 544 5595 2057 5667">
     <span class='ocr_line' id='line_1_116' title="bbox 544 5595 2057 5667; baseline -0.001 -13"><span class='ocrx_word' id='word_1_884' title='bbox 544 5599 565 5633; x_wconf 84' lang='grc'><strong><em>²</em></strong></span> <span class='ocrx_word' id='word_1_885' title='bbox 598 5596 770 5654; x_wconf 84' lang='lat' dir='ltr'>Hebr.</span> <span class='ocrx_word' id='word_1_886' title='bbox 793 5612 909 5662; x_wconf 84' lang='lat' dir='ltr'>xm,</span> <span class='ocrx_word' id='word_1_887' title='bbox 950 5602 1011 5652; x_wconf 84' lang='grc'>17</span> <span class='ocrx_word' id='word_1_888' title='bbox 1046 5595 1283 5667; x_wconf 89' lang='lat' dir='ltr'>;tPetr.</span> <span class='ocrx_word' id='word_1_889' title='bbox 1316 5612 1400 5663; x_wconf 84' lang='grc' dir='ltr'>ιιι,</span> <span class='ocrx_word' id='word_1_890' title='bbox 1434 5597 1523 5651; x_wconf 70' lang='grc'>13.</span> <span class='ocrx_word' id='word_1_891' title='bbox 1599 5598 1621 5632; x_wconf 86' lang='grc'><strong>⁸</strong></span> <span class='ocrx_word' id='word_1_892' title='bbox 1651 5598 1787 5652; x_wconf 88' lang='lat' dir='ltr'>Luc.</span> <span class='ocrx_word' id='word_1_893' title='bbox 1818 5612 1939 5667; x_wconf 67' lang='grc' dir='ltr'>χχι,</span> <span class='ocrx_word' id='word_1_894' title='bbox 1980 5602 2057 5653; x_wconf 83' lang='grc'>15.</span> 
     </span>
    </p>
   </div>
  </div>
