4062 6222
178 300 266 354 17⁸7
1545 302 1715 368 νιΤΑ
1742 301 1815 365 VS.
1857 300 2175 359 ΑΝΤΗΙΜΙ.
3440 310 3544 365 178

171 430 254 482 την
294 424 535 497 ἀμαθίαν
586 427 707 501 ὁρῶ,
766 429 845 479 ὅτι
897 431 984 479 καὶ
1034 426 1189 479 αύτόν
1240 427 1469 486 συλῆσαι
1509 429 1637 490 ὅλως
1688 428 1746 500 ἐμ

1883 431 2078 484 autem
2103 426 2274 483 video
2289 429 2574 501 majorem
2587 433 2744 485 tuam
2766 433 2821 485 et
2837 432 3099 499 apertam
3114 430 3537 502 ignorantiam,

170 516 394 575 ἤλπισας
443 520 535 567 καὶ
592 524 684 567 τοῦ
734 525 833 568 τῶν
883 516 1118 568 ἁπάντων
1165 516 1459 577 ἀποστῆναι
1517 526 1746 591 Δημιουρ

1882 518 2046 589 quod
2067 533 2159 572 me
2176 533 2420 589 quoque
2442 518 2641 589 ipsum
2660 518 2913 588 sperasti
2933 517 3343 589 abrepturum,
3366 530 3422 577 et
3443 539 3539 580 me

165 611 253 673 γού
313 612 410 655 τοῦ
459 610 548 656 καὶ
589 609 668 672 σε,
727 609 785 657 τό
835 604 1127 677 ἀχάριστον
1177 606 1412 679 πλάσμα,
1464 616 1524 680 τῇ
1586 608 1746 660 ἐαυτοτ

1882 606 1960 661 ab
1990 606 2260 661 omnium
2304 610 2575 663 Creatore
2616 607 3034 672 abducturum,
3078 607 3181 678 qui
3214 614 3266 663 te
3296 626 3536 685 quoque

162 692 316 744 εἰκόνι
401 699 757 765 τετιμηκότος⁸
812 696 893 746 ἱνα
971 700 1019 747 τί
1078 699 1180 768 γάρ
1234 716 1295 768 με
1346 701 1434 748 καὶ
1495 694 1746 769 δεσμὼτη

1880 698 2183 765 ingratum
2215 694 2568 765 ﬁgmentum
2604 712 2713 752 sua
2742 688 3061 751 honoravit
3090 695 3373 765 imagine.
3423 701 3538 756 Cur

162 790 227 847 τῷ
285 788 364 851 σῷ
416 780 622 854 βήματι
666 790 982 855 παρεστήσω
1025 791 1114 837 καὶ
1161 788 1227 838 τὰ
1272 794 1372 837 τῶν
1407 784 1651 858 βασάνων
1682 788 1746 838 ὑπ

1878 784 2036 840 enim
2071 800 2164 853 me
2198 784 2462 839 vinctum
2490 784 2568 840 ad
2594 790 2764 840 tuum
2794 784 3055 841 tribunal
3088 787 3445 858 produxisti,
3481 794 3538 845 et

161 869 275 937 ὄψιν
325 874 670 943 προτέθεικας
735 877 947 944 ιῇογανα,
1005 876 1033 933 ἡ
1092 871 1248 933 δῆλον
1303 878 1372 936 ὡς
1426 875 1746 938 καταπλὴξω·

1878 877 2310 928 tormentorum
2342 874 2739 930 instrumenta
2772 874 2921 930 meis
2953 874 3142 930 oculis
3176 874 3479 946 subjecisti
3509 882 3536 933 ?

159 964 360 1020 τούτοις
414 967 507 1012 καὶ
536 963 565 1019 ἡ
604 967 796 1013 πείσων
839 966 1064 1028 πάντως,
1106 968 1134 1022 ἤ
1170 963 1486 1035 βιασόμενος
1520 982 1533 1027 ;
1562 964 1746 1018 Ἀλλοιι

1877 964 2028 1017 Num
2061 962 2288 1017 clarum
2320 967 2406 1017 est
2436 966 2490 1017 te
2521 963 2577 1018 id
2616 962 2850 1027 fecisse,
2890 968 2952 1019 ut
2987 979 3082 1019 me
3118 963 3535 1035 obstupeface-

160 1044 239 1099 δεῖ
290 1067 409 1100 τισι
456 1050 626 1102 ταῦτα
671 1058 769 1102 τῶν
809 1050 1178 1127 ἀγεννεστέρων
1230 1059 1552 1128 προσφέρειν,
1606 1055 1682 1114 οἶς
1739 1076 1746 1104 ι

1874 1066 1989 1116 res,
2020 1055 2078 1107 et
2106 1051 2194 1105 vel
2225 1052 2474 1107 omnino
2510 1051 2918 1123 persuaderes,
2963 1053 3054 1108 vel
3087 1054 3202 1108 vim
3232 1053 3474 1111 afferres
3503 1054 3532 1110 ?

159 1136 273 1208 βίος
302 1157 360 1189 τε
420 1139 446 1189 ό
503 1145 680 1212 παρὼν
726 1138 888 1199 ἡδονὴ
944 1147 1032 1194 καὶ
1087 1147 1143 1194 τὸ
1209 1146 1523 1216 στερηθῆναι
1580 1146 1746 1196 τούτοι

1873 1142 2112 1212 Oportet
2139 1140 2267 1196 haec
2288 1140 2591 1212 aliquibus
2611 1141 2739 1197 aliis
2766 1157 3119 1214 proponere,
3145 1143 3249 1214 qui
3274 1149 3415 1199 sunt
3441 1145 3529 1200 ni-

156 1234 421 1297 τιμωριῶν
462 1230 492 1284 ἠ
549 1233 793 1299 μεγίστη·
855 1232 924 1291 ως
977 1229 1062 1301 ἐμὲ
1116 1236 1205 1283 καὶ
1254 1235 1309 1283 τὸ
1361 1231 1568 1289 πήλινον
1621 1240 1746 1284 τουτ

1872 1228 1985 1284 mis
2006 1229 2203 1300 pusilli
2229 1234 2284 1285 et
2304 1229 2521 1301 abjecti
2554 1230 2757 1294 animi,
2782 1236 2837 1285 et
2862 1231 3082 1303 quibus
3107 1232 3235 1287 haec
3267 1248 3530 1304 praesens

157 1323 304 1385 σῶμα
374 1312 746 1390 δεσμωτηρίου
827 1324 1033 1391 συνέχει
1126 1324 1311 1382 παντὸς
1376 1321 1746 1393 χαλεπώτερον,

1870 1317 1988 1372 vita
2012 1322 2102 1374 est
2136 1318 2442 1390 voluptati,
2474 1324 2529 1373 et
2558 1319 2662 1391 qui
2697 1319 3026 1375 maximum
3054 1321 3281 1376 ducunt
3312 1322 3529 1395 suppli-

154 1404 225 1453 ὅτι
274 1424 383 1475 μου
438 1410 537 1463 τὴν
578 1406 764 1477 ψυχὴν
794 1407 887 1459 ούκ
935 1407 994 1479 ia}
1038 1413 1168 1481 πρὸς
1208 1413 1291 1461 τὸν
1342 1409 1586 1481 ἐρώμενον
1639 1407 1746 1462 δια¹

1869 1407 2027 1462 cium
2055 1423 2126 1462 ea
2158 1407 2397 1478 privari.
2430 1410 2577 1463 Nam
2614 1425 2707 1463 me
2738 1408 2850 1464 hoc
2882 1425 2911 1462 e
2944 1409 3067 1463 luto
3097 1426 3313 1482 corpus
3344 1411 3529 1467 conti-

154 1490 325 1549 ϐῆναι⁶
383 1492 593 1546 ἀπειλαὶ
647 1492 704 1548 δὲ
744 1502 834 1547 καὶ
890 1503 1134 1571 τιμωρίαι
1185 1503 1273 1550 καὶ
1330 1497 1574 1571 βάσανοι,
1622 1503 1746 1560 τίνος

1869 1502 1967 1551 net
1997 1497 2205 1567 quovis
2235 1512 2471 1552 carcere
2524 1498 2790 1567 gravius,
2826 1498 2984 1569 quod
3026 1499 3167 1554 mihi
3201 1515 3322 1555 non
3372 1500 3527 1558 sinat

156 1580 205 1632 ού
254 1584 619 1655 ποθεινότεραί
648 1604 738 1656 μοι
775 1582 1047 1661 διατριϐῆς
1091 1591 1223 1639 κατὰ
1266 1584 1434 1649 πόδας
1482 1587 1746 1640 ἐττακολου⁴

1869 1585 2136 1641 animam
2159 1586 2410 1641 transire
2433 1586 2508 1641 ad
2535 1586 2839 1642 dilectum.
2862 1588 3026 1644 Minas
3049 1595 3267 1653 autem,
3295 1590 3524 1662 suppli-

156 1672 338 1722 θοῦντα
391 1676 479 1723 τόν
528 1675 743 1726 θάνατον
783 1678 1027 1746 ἔχουσαι,
1075 1679 1217 1737 ὅστις
1262 1696 1325 1748 με
1363 1686 1457 1729 τῶν
1505 1686 1599 1738 τῆς
1632 1696 1746 1750 σαρε

1866 1673 1959 1729 cia
1987 1679 2045 1729 et
2072 1679 2385 1740 tormenta,
2413 1675 2780 1747 quibusnam
2807 1675 3030 1731 deliciis
3062 1692 3182 1733 non
3218 1682 3355 1732 sunt
3378 1679 3523 1735 mihi

157 1764 238 1821 κός
266 1757 482 1833 δεσμῶν
515 1760 802 1829 ἀπολύσας,
847 1765 1036 1837 πέμψει
1066 1769 1195 1838 πρὸς
1224 1769 1282 1819 τὸ
1308 1768 1600 1839 ποθούμενα
1632 1783 1645 1833 ;

1860 1762 2241 1833 jucundiora,
2276 1780 2409 1835 quas
2435 1762 2661 1819 habent
2689 1770 2942 1821 mortem
2974 1782 3003 1821 e
3035 1766 3281 1835 vestigio
3311 1782 3523 1825 conse-

1864 1858 2167 1924 quentem,
2198 1868 2334 1925 quas
2360 1868 2497 1907 cum
2537 1868 2633 1908 me
2661 1870 2696 1909 a
2726 1854 2921 1910 carnis
2949 1853 3215 1911 liberarit
3246 1855 3518 1923 vinculis,

1862 1942 2054 1997 mittet
2078 1941 2156 1997 ad
2182 1957 2250 1998 ea
2280 1957 2411 2013 quae
2436 1941 2710 1998 desidero
2740 1940 2768 1997 ‘i

244 2053 333 2126 ς’-
390 2057 574 2103 Ταῦτα
644 2058 736 2101 τοῦ
785 2049 1009 2121 μεγάλου
1062 2054 1155 2108 τὴν
1205 2049 1602 2124 ἀρχιερωσύνην
1663 2073 1746 2121 καὶ

1935 2031 2022 2084 VI.
2053 2033 2181 2086 Haec
2209 2046 2346 2086 cum
2374 2031 2706 2087 sacerdotio
2735 2047 3012 2103 magnus,
3040 2036 3096 2087 et
3120 2032 3519 2091 decertatione

156 2144 383 2209 μείζονος
428 2149 526 2201 τήν
565 2140 789 2196 ἄθλησιν
844 2138 1086 2211 Ἀνθίμου
1129 2136 1489 2203 διεξελθόντος,
1536 2143 1561 2192 ό
1595 2140 1746 2213 βασι-

1862 2121 2058 2191 major
2114 2120 2429 2175 Anthimus
2471 2120 2866 2185 disseruisset,
2917 2120 3069 2177 dixit
3124 2122 3449 2196 imperator
3500 2142 3514 2181 :

154 2235 275 2295 λεύςο
332 2236 533 2306 Μακρὰ
576 2238 745 2282 ταῦτα
800 2226 1041 2299 φλυαρία·
1098 2228 1215 2298 ὄψει
1278 2226 1337 2281 δὲ
1379 2233 1508 2300 μετά
1564 2238 1746 2295 ταῦτα,

1862 2210 2012 2266 Sunt
2052 2208 2178 2264 haec
2208 2209 2453 2281 quidem
2486 2208 2730 2280 prolixae
2761 2224 2937 2279 nugae
2976 2227 2989 2264 :
3032 2211 3258 2267 videbis
3294 2218 3516 2271 autem.

151 2330 267 2389 πρὸς
300 2324 484 2377 ἑαυτὸν
515 2318 927 2389 ὑποψιθυρίσας,
981 2317 1187 2383 κελεύει,
1238 2318 1400 2379 λίθοις
1445 2319 1606 2371 αὐτοῦ
1665 2324 1746 2372 τόν

1859 2297 2005 2353 Cum
2046 2314 2186 2353 vero
2234 2297 2398 2369 apud
2452 2314 2514 2352 se
2554 2298 3123 2365 submurmurasset,
3175 2300 3345 2370 jubet
3388 2303 3518 2374 ejus

154 2372 267 2392 πη,
300 2372 447 2377 ---με
631 2372 641 2389 ,
753 2372 761 2391 ι
894 2372 926 2378 -.
1178 2372 1187 2383 ,
1387 2372 1400 2379 -

149 2419 345 2465 τένοντα
397 2410 712 2463 τύπτεσθαι.
767 2405 827 2457 Ὀ
868 2402 927 2457 δὲ
978 2408 1149 2478 ὥσπερ
1193 2405 1443 2481 ἀπαρχὴν
1493 2405 1601 2466 ἤδη
1655 2418 1746 2460 τῶν

1859 2387 2140 2441 cervicem
2157 2386 2453 2441 verberari
2468 2386 2892 2457 lapidibus.llle
2905 2391 3095 2443 autem
3114 2393 3388 2461 tanquam
3398 2372 3517 2462 jam

149 2500 230 2555 διὰ
274 2508 520 2571 Χριστοῦ
563 2498 730 2550 ἄθλων
784 2501 1124 2567 πεποιημένος
1172 2502 1258 2548 καὶ
1288 2502 1380 2555 τὴν
1411 2506 1509 2549 τῶν
1565 2502 1746 2571 στεφά-

1859 2474 2191 2547 suscipiens
2216 2474 2507 2546 primitias
2534 2476 2929 2531 certaminum
2957 2482 3199 2548 propter
3219 2479 3514 2537 Christum

146 2614 229 2643 νων
284 2589 569 2662 λαμϐάνων
640 2586 911 2649 ὑπόθεσιν,
978 2586 1153 2657 πράως
1211 2605 1265 2637 τε
1322 2588 1414 2647 τὰς
1474 2590 1746 2660 παρούσας

1857 2565 2359 2621 etfundamentum
2374 2566 2664 2637 accipiens
2678 2568 3281 2639 coronarum,placide
3294 2570 3519 2641 accepit

147 2683 341 2753 πληγὰς
400 2676 616 2750 ἐδέχετο
670 2680 761 2727 καὶ
814 2673 1189 2746 ἐπιπονωτέρας
1247 2673 1439 2740 ἐζήτει,
1512 2676 1744 2751 λαμπρο-

1859 2660 2179 2727 prtesentes
2210 2654 2436 2725 plagas,
2472 2661 2527 2709 et
2568 2655 2847 2726 cupiebat
2886 2656 3152 2728 accipere
3187 2659 3514 2728 graviores,

514 2736 533 2817 ξ
567 2770 653 2817 καὶ
710 2772 810 2815 τῶν
856 2736 1103 2815 gmw)”,
1134 2736 1433 2819 ἐπιθυμῶν-⁷
1471 2736 1747 2818 καὶ’τοζ;το
1858 2744 2212 2799 desiderans
2236 2742 2779 2814 consequipraamia
2798 2743 3275 2814 praeclariora.Et
3296 2748 3513 2819 partim

1857 2832 2103 2905 quidem
2150 2832 2426 2896 irridens,
2474 2837 2531 2887 et
2572 2838 2894 2904 tyrannum
2944 2832 3123 2887 veluti
3169 2834 3510 2903 ludiﬁcans,

1857 2922 2073 2993 partim
2097 2926 2297 2976 autem
2315 2920 2565 2976 ﬂamma
2586 2920 2836 2976 insanias
2859 2920 3130 2977 animum
3153 2924 3281 2993 ejus
3304 2940 3513 2980 accen-

1858 3009 2029 3075 dens,
2058 3014 2115 3065 et
2144 3010 2221 3065 ad
2261 3010 2495 3080 majora
2524 3013 2580 3065 et
2608 3008 2885 3087 graviora
2909 3009 3143 3065 irritans
3176 3012 3469 3083 supplicia
3496 3031 3508 3069 :

1861 3100 1944 3155 Dii
1993 3098 2211 3165 aiebat,
2262 3098 2365 3171 qui
2420 3098 2639 3154 caelum
2692 3103 2749 3154 et
2791 3105 3008 3155 terram
3054 3115 3174 3156 non
3228 3099 3511 3168 fecerunt,

1787 3164 1825 3219 ο
1858 3192 2124 3261 pereant.
2150 3190 2320 3255 Quod
2336 3188 2581 3260 quidem
2603 3204 2740 3243 cum
2754 3189 3092 3244 Maximiani
3122 3205 3224 3246 cor
3245 3191 3515 3249 medium

1857 3282 2242 3352 penetrasset,
2266 3277 2468 3332 ferreis
2482 3276 2876 3333 candentibus
2895 3277 3095 3333 ﬁbulis
3117 3278 3269 3335 talos
3287 3279 3515 3336 transﬁ-

1855 3368 1938 3423 xit
1986 3366 2282 3437 martyris.
2343 3365 2421 3420 llli
2453 3371 2652 3421 autem
2684 3369 3045 3421 tormentum
3098 3372 3224 3424 erat
3281 3384 3512 3439 magna

1856 3455 2160 3527 voluptati,
2194 3458 2253 3510 ut
2288 3454 2390 3526 qui
2411 3470 2483 3509 ea
2505 3458 2937 3526 assequeretur,
2962 3471 3098 3527 quas
3134 3456 3514 3515 desiderabat

1858 3549 2093 3616 propter
2106 3543 2426 3610 Christum,
2440 3546 2495 3598 et
2518 3541 2875 3598 Maximiano
2907 3544 3348 3616 propemodum
3379 3562 3515 3617 age-

1852 3632 1955 3687 bat
1998 3631 2217 3701 gratias
2265 3636 2507 3702 propter
2559 3629 2890 3703 supplicia:
2935 3632 3089 3687 adeo
3138 3632 3514 3691 desiderabat

1853 3720 2165 3776 Anthimus
2224 3719 2450 3776 Christo
2504 3720 2840 3789 gratiﬁcari.
2901 3719 3289 3777 Maximianus
3346 3739 3508 3793 ergo,

1852 3809 1954 3881 qui
2002 3807 2184 3863 libere
2214 3808 2275 3863 in
2319 3807 2625 3863 tormentis
2663 3824 2836 3863 suam
2891 3808 3208 3865 exercebat
3251 3815 3512 3881 potesta-

1854 3904 1994 3963 tem,
2024 3902 2079 3952 et
2108 3898 2385 3969 martyris
2418 3912 2776 3967 generosum
2808 3896 3080 3953 animum
3112 3899 3512 3955 contendebat

1855 4001 2139 4059 superare
2199 3986 2521 4042 acerbitate
2586 3985 3043 4059 suppliciorum,
3107 3986 3279 4057 jubet
3349 3988 3510 4044 testis

1854 4075 2047 4132 solum
2079 4074 2412 4131 consterni:
2460 4074 2674 4131 deinde
2723 4076 2774 4131 ei
2804 4073 3036 4131 nudum
3063 4075 3346 4132 athletam
3395 4078 3506 4132 im-

1853 4165 2138 4237 positum,
2162 4164 2346 4235 virgis
2373 4164 2520 4220 caedi
2543 4164 2984 4221 vehementius:
3012 4169 3073 4221 ut
3095 4164 3317 4237 duplex
3339 4164 3511 4222 dolor

1854 4255 1931 4310 ad
1956 4254 2082 4326 ejus
2109 4258 2490 4326 permaneret
2514 4254 2808 4321 animum,
2836 4270 3052 4326 nempe
3075 4259 3131 4310 et
3156 4271 3411 4327 superne
3438 4271 3510 4312 ex

1853 4344 2155 4416 virgarum
2182 4342 2554 4407 verberibus,
2583 4348 2638 4399 et
2668 4343 2892 4398 inferne
2925 4359 2995 4398 ex
3027 4348 3311 4399 testarum
3345 4345 3510 4401 duri-

1855 4432 1948 4487 tie.
1968 4432 2065 4487 Ille
2086 4438 2287 4487 autem
2306 4447 2377 4487 ne
2401 4436 2539 4487 tunc
2561 4431 2803 4503 quidem
2830 4431 3159 4504 desperans
3177 4433 3505 4501 victoriam,

1852 4521 2133 4577 cantabat
2160 4521 2289 4575 haec
2331 4520 2517 4575 verba
2550 4537 2563 4575 :
2597 4524 2722 4590 Ago
2758 4520 2861 4576 tibi
2895 4522 3135 4589 gratias,
3178 4524 3423 4579 Domine
3452 4528 3509 4579 et

1850 4610 1967 4666 Rex
2002 4610 2380 4671 saeculorum,
2415 4609 2578 4682 quod
2610 4626 2705 4665 me
2736 4610 2970 4667 cinxisti
3004 4612 3215 4667 virtute
3243 4629 3313 4667 ex
3359 4611 3503 4678 alto,

1850 4704 1906 4754 et
1934 4698 2205 4754 inimicos
2238 4714 2403 4753 meos
2429 4698 2641 4754 dedisti
2672 4698 2815 4755 mihi
2840 4698 3090 4755 dorsum
3125 4718 3137 4756 :
3182 4705 3239 4756 et
3270 4716 3371 4757 eos
3401 4701 3506 4773 qui

1852 4804 1945 4843 me
1976 4790 2225 4843 oderant
2256 4787 2663 4843 exterminasti
2693 4804 2703 4843 :
2735 4792 2790 4843 et
2818 4804 3049 4858 omnes,
3077 4791 3178 4862 qui
3213 4790 3504 4846 adversus

1851 4892 1944 4932 me
1974 4875 2386 4946 insurgebant,
2417 4876 2619 4932 subter
2644 4892 2740 4932 me
2772 4877 3191 4950 supplantasti.

144 2775 289 2841 τέρων
335 2776 529 2839 τυχεῖν
567 2770 653 2817 καὶ
710 2772 810 2815 τῶν
856 2762 1084 2815 ἐπάθλων
1134 2762 1417 2834 ἐπιθυμῶν·
1471 2770 1560 2817 καὶ
1597 2774 1747 2818 τοῦτο

144 2863 227 2929 μὲν
273 2856 666 2929 ἐπιχλευάζων,
716 2858 806 2904 καὶ
857 2856 1043 2904 ὡσανεὶ
1094 2856 1178 2904 τὸν
1235 2856 1478 2927 τύραννον
1534 2851 1748 2907 διαπαίς

146 2950 259 3013 ζων,
288 2956 451 2999 τούτο
486 2943 545 2998 δι
586 2952 647 3015 τῇ
695 2952 791 3003 τῆς
820 2947 1002 3014 μανίας
1033 2941 1187 3013 φλογί
1216 2940 1423 3017 σφόδρα
1452 2950 1747 2997 κατακαίων

145 3037 293 3088 αὐτοῦ
342 3035 655 3105 ὡνψυχὴν
708 3037 795 3084 καὶ
846 3033 1017 3103 ὥσπερ
1071 3031 1140 3092 εἰς
1177 3029 1530 3107 ἀλγεινοτέρας
1578 3033 1746 3104 πολλῷ

148 3131 225 3177 καὶ
274 3125 531 3196 μείζονας
587 3121 827 3180 κολάσεις
894 3115 1212 3191 διερεθίζωνο
1298 3126 1441 3184 Θεοὶ,
1493 3121 1746 3194 ἐπέφερεν,

148 3218 186 3265 οἱ
232 3219 320 3266 τόν
384 3213 605 3287 οὐρανόν
654 3216 743 3262 καὶ
794 3214 886 3268 τὴν
942 3218 1039 3280 γῆν
1097 3210 1192 3261 ούκ
1240 3209 1511 3273 ἐποίησαν,
1570 3210 1749 3264 ἀπολέ-

153 3306 368 3356 εθωσαν.
439 3302 605 3373 Ὅπερ
668 3303 836 3371 μέσης
883 3298 1043 3358 αὐτῆς
1108 3298 1415 3371 Μαξιμιανῷ
1475 3302 1748 3353 καθικνού-

150 3412 273 3460 arma
329 3401 432 3452 τῆς
486 3387 713 3463 καρδίας
766 3392 1001 3460 περόναις
1061 3383 1289 3462 σιδήρου
1360 3395 1747 3462 πεπυρωμέναις

151 3486 244 3540 τοὺς
293 3488 394 3532 τοῦ
450 3481 721 3553 μάρτυρος
765 3473 1018 3548 διέπειρεν
1082 3474 1462 3551 ἀστραγάλους,
1536 3486 1605 3549 τῷ
1687 3477 1745 3532 δὲ

152 3567 339 3640 σφόδρα
381 3588 439 3620 τε
477 3569 599 3619 καθ’
648 3564 845 3625 ἡδονὴν
876 3568 904 3623 ἠ
942 3564 1173 3637 βάσανος
1207 3562 1288 3631 ἦν,
1323 3566 1407 3618 οἷα
1439 3564 1507 3625 δὴ
1543 3572 1744 3639 τυγχά⁹

148 3678 265 3710 amt:
316 3659 389 3710 ὧν
449 3656 695 3728 ἐπεθύμει
751 3652 846 3708 διὰ
892 3659 1115 3729 Χριστὸν
1164 3660 1253 3706 καὶ
1324 3665 1515 3730 μικροῦ
1583 3662 1744 3733 χάριν

151 3743 249 3801 ἐδει
304 3746 646 3817 Μαξιμιανῷο
704 3745 868 3805 οὕτως
923 3742 1173 3815 Ἃνθιμος
1217 3752 1288 3813 τῷ
1332 3752 1543 3818 Χριστῷ
1584 3744 1745 3818 ἑδίψα

149 3838 485 3906 χαρίζεσθαι.
546 3834 869 3905 Μαξιμιανός
914 3838 1081 3885 τοίνυν
1134 3836 1269 3885 κατὰ
1320 3834 1511 3892 πολλὴν
1562 3832 1743 3888 ἄδειαν

151 3924 509 3987 ἐνεξουσιάζων
558 3931 674 3984 ταῖς
724 3927 996 3996 τιμωρίαις
1056 3927 1145 3974 καὶ
1197 3926 1256 3975 τὸ
1326 3932 1418 3975 τοῦ
1480 3927 1743 3999 μάρτυρος

149 4022 361 4083 γενναῖον
408 4022 484 4083 τῷ
530 4012 779 4085 αύστηρώ
833 4020 929 4063 τῶν
978 4011 1237 4063 κολάσεων
1267 4020 1482 4070 νικῆσαι
1530 4014 1742 4085 φιλονει-

151 4111 256 4167 κῶν,
308 4109 570 4176 ὄστρακον
624 4102 939 4174 προστάττει
984 4110 1055 4171 τῷ
1110 4097 1288 4171 ἐδάφει
1330 4098 1741 4174 διαστρωθῆναι·

153 4189 245 4243 εἶτα
290 4195 490 4263 γυμνὸν
546 4191 686 4260 αύτῷ
745 4189 1050 4242 ἑπιταθέντα
1105 4193 1188 4242 τόν
1241 4189 1470 4249 ἀθλητὴν
1525 4190 1745 4267 ῥάϐδοις

154 4278 486 4355 σφοδρότερον
541 4281 845 4349 τύπτεσθαι,
902 4282 973 4340 ὡς
1018 4280 1077 4330 ἄν
1125 4275 1283 4351 διπλῇ
1335 4284 1399 4331 τὰ
1428 4290 1521 4343 τῆς
1553 4279 1744 4345 ὀδύνης

152 4370 273 4439 ιτ)τῴ
327 4370 412 4421 ἐπὶ
448 4374 545 4427 τὴν
591 4368 778 4439 ψυχὴν
826 4367 1121 4443 καταρῥέοι,
1164 4377 1275 4429 ταῖς
1305 4371 1359 4420 ἑκ
1405 4378 1503 4420 τῶν
1532 4369 1743 4444 ῥάϐδων

154 4477 200 4509 τε
248 4458 471 4529 πληγαῖς
525 4459 715 4509 ἄνωθεν
778 4462 866 4508 καὶ
933 4465 994 4529 τῇ
1050 4459 1277 4509 κάτωθεν
1326 4467 1423 4509 τῶν
1474 4458 1743 4532 ὀστράκων
1778 4493 1821 4546 D

161 4544 438 4618 ἀντιτυπία.
492 4546 552 4598 Ὀ
604 4543 682 4611 δὲ,
716 4542 854 4615 μηδὲ
886 4544 1105 4597 ἐνταῦθα
1152 4551 1245 4604 τὴν
1270 4550 1415 4604 νίκην
1466 4547 1737 4619 ἀπογνούς,

162 4642 290 4687 ταυτὶ
346 4632 510 4708 ἐπῇδε
567 4639 631 4687 τὰ
681 4636 908 4708 ῥήματα·
966 4635 1283 4709 Εύχαριστῶ
1339 4656 1442 4699 σοι,
1503 4643 1741 4691 Δέσποτα

163 4733 233 4775 καὶ
272 4726 487 4777 Βασιλεύ
519 4734 621 4776 τῶν
667 4725 878 4789 αἰώνων,
924 4727 1001 4777 ότι
1040 4726 1361 4796 περιέζωσάς
1412 4745 1474 4796 με
1519 4724 1740 4800 δύναμιν

164 4813 380 4883 iii-#09;
420 4819 511 4865 καὶ
556 4818 677 4874 τούς
718 4812 941 4888 ἐχθρούς
970 4833 1070 4885 μου
1098 4811 1297 4875 ἔδωκάς
1327 4835 1416 4887 μοι
1446 4824 1623 4880 νῶτον,
1651 4822 1740 4869 καὶ

163 4907 259 4963 τοὺς
309 4905 599 4974 μισοῦντάς
655 4921 718 4974 με
772 4901 1166 4977 έξωλόθρευσας,
1226 4908 1315 4955 καὶ
1391 4902 1740 4966 συνεπόδισας

165 4992 326 5053 πάντας
374 4997 493 5053 τούς
547 4991 979 5063 ἐπανισταμένους
1037 4994 1116 5043 εντ’
1160 4990 1246 5064 ἐμὲ
1315 4994 1558 5045 ὑποκάτω
1616 5014 1735 5066 μου.

218 5086 277 5151 ΖΙ.
323 5088 493 5151 Ἀγχι
537 5079 613 5151 ἐφ’
662 5081 810 5153 ἕτερα
841 5086 929 5132 καὶ
964 5080 1115 5132 πάλιν
1160 5083 1183 5132 ό
1234 5082 1556 5153 Μάξιμιανός
1608 5082 1739 5154 ἐχώ-

1920 5086 2038 5140 Vll.
2087 5084 2199 5141 Sed
2242 5084 2632 5141 Maximianus
2663 5099 2869 5139 rursus
2903 5085 3190 5157 processit
3239 5086 3315 5142 ad
3362 5085 3503 5153 alia,

162 5186 242 5236 ρει,
288 5176 371 5220 και
421 5170 625 5239 χαλκᾶς
668 5175 787 5242 περὶ
825 5167 1087 5240 κνημίὸας
1120 5169 1505 5241 ἑκπυρωθείσας
1554 5170 1739 5224 ὑποδε-

1854 5180 1904 5229 et
1934 5190 2101 5230 aenea
2139 5174 2456 5229 candentia
2485 5173 2711 5229 tibialia
2744 5172 2915 5245 jubet
2965 5174 3194 5243 alligari
3231 5176 3499 5247 martyri.

166 5257 288 5312 θῆναι
336 5261 655 5332 προστάττει
712 5267 784 5327 τῷ
840 5263 1085 5333 μάρτυρι.
1146 5266 1306 5333 ”οπερ
1356 5261 1462 5322 οὖν,
1525 5264 1587 5321 ὡς
1637 5260 1737 5314 ἐκέ-

1854 5264 2019 5329 Quod
2046 5262 2292 5335 quidem
2322 5280 2459 5318 cum
2493 5263 2717 5319 factum
2748 5270 2919 5328 esset,
2956 5263 3107 5319 sicut
3130 5265 3414 5334 jusserat,
3447 5270 3503 5321 et

164 5341 303 5410 λευσε,
350 5352 558 5417 γεγονός
608 5354 699 5400 καὶ
749 5357 847 5399 τῶν
895 5368 1163 5419 μακαριων
1215 5348 1410 5399 ἐκείνων
1460 5346 1636 5401 ποδων
1680 5354 1737 5402 τό

1854 5352 2038 5408 beatis
2068 5352 2179 5407 illis
2206 5352 2480 5423 pedibus,
2503 5352 2667 5423 quod
2694 5356 2784 5407 est
2807 5352 3421 5420 vehementissimum,
3446 5358 3503 5412 et

170 5433 484 5510 εξοὸροτατον
517 5436 584 5496 δὴ
645 5447 796 5489 τούτο
840 5444 927 5489 καί
966 5437 1038 5497 εἰς
1068 5434 1261 5498 ὀδύνης
1291 5438 1438 5507 λόγον
1485 5437 1737 5512 ἀφορητό-

1854 5441 1928 5498 ad
1957 5441 2180 5497 doloris
2210 5442 2502 5497 rationem
2527 5442 2786 5497 maxime
2816 5441 3279 5509 intolerandum,
3314 5444 3503 5515 ignita

169 5538 291 5574 τιτον
368 5532 451 5587 τὰς
527 5530 904 5599 πεπυρωμένοις
987 5523 1246 5596 κνημίὸας
1324 5526 1728 5599 αρμωσαμένων,

1854 5530 2065 5587 Libialia
2089 5530 2339 5586 fuissent
2382 5530 2700 5602 applicata,
2754 5531 2959 5588 divina
2984 5534 3268 5604 quaedam
3308 5534 3501 5605 gratia

176 5610 266 5663 θεία
308 5632 383 5677 τις
433 5618 624 5670 ἀνωθεν
683 5624 758 5688 τῷ
816 5620 1027 5688 γενναίῳ
1068 5616 1231 5688 χάρις
1297 5614 1576 5685 ἐφίπταται
1644 5624 1732 5673 καὶ

1854 5620 1919 5678 id
1956 5635 2317 5692 generosum
2362 5617 2533 5678 illum
2579 5620 2777 5679 virum
2816 5620 3347 5695 desuperhadvolat
3401 5626 3503 5679 :et
