4084 6216
501 323 600 379 179

1882 324 2033 380 ΜΕΝ
2038 322 2144 380 SIS
2183 323 2484 384 APRILIS.

3757 333 3860 389 180

493 446 651 504 illinc
674 446 838 505 audit
858 461 1068 503 vocem
1086 463 1223 504 eum
1246 448 1438 519 magis
1458 447 1867 514 roborantem,
1894 453 1954 506 et
1977 463 2154 520 spon-

2271 461 2437 522 φωνῆς
2483 452 2670 507 ἐκεῖθεν
2703 453 2787 507 έπὶ
2833 453 3021 525 μᾶλλον
3052 453 3206 507 αὑτὸν
3252 453 3611 528 ἐνισχυούσης
3663 454 3865 520 ἀκούει,

496 538 737 594 dentem
779 536 1110 603 victoriam,
1154 540 1209 593 et
1271 539 1521 610 praemia
1571 540 2040 610 promittentem,
2099 541 2162 594 et

496 642 639 682 mox
676 641 927 682 manum
967 625 1333 698 praebentem
1365 644 1500 698 quae
1537 628 1810 700 imponat
1847 643 2156 684 coronam.

497 717 618 771 Vox
650 719 850 771 autem
882 717 1010 785 ejus
1050 716 1320 772 animum
1351 717 1638 773 convertit
1667 718 1744 773 ad
1769 718 2160 790 tranquillita-

502 811 644 868 tem,
699 809 755 860 et
809 805 938 875 ejus
991 805 1223 860 vultum
1274 805 1525 862 reddidit
1569 807 1943 863 alacriorem.
1981 808 2158 864 Porro

498 899 696 952 autem
726 893 1029 963 jucundus
1061 906 1304 965 quoque
1343 895 1594 967 quidam
1627 895 1898 951 subrisus
1936 897 2158 953 insidet

497 984 626 1054 ejus
659 982 862 1047 labris,
899 983 1244 1052 signiﬁcans
1277 984 1570 1040 internam
1603 985 1798 1041 cordis
1830 987 2157 1058 tranquilli-

496 1077 698 1130 tatem.
732 1075 861 1127 Heec
883 1087 1025 1142 ergo
1051 1073 1261 1127 videns
1285 1073 1702 1140 Maximianus,
1730 1074 2005 1146 stupebat
2025 1076 2158 1147 qui-

495 1163 656 1226 dem,
696 1167 757 1216 ut
798 1167 923 1217 erat
967 1168 1436 1218 consentaneum
1486 1163 1718 1236 (quidni
1746 1165 1904 1220 enim
1958 1168 2157 1237 stupe-

495 1257 583 1306 ret
600 1250 652 1323 ?)
674 1270 685 1307 :
711 1252 794 1307 rei
816 1256 1017 1307 tamen
1039 1251 1412 1322 detrahebat,
1432 1260 1484 1308 et
1502 1269 1635 1308 eam
1659 1253 1913 1311 vocabat
1938 1255 2159 1326 praesti-

497 1343 645 1411 gias,
681 1345 736 1396 et
764 1341 1248 1408 incantationem,
1282 1346 1339 1397 et
1374 1343 1629 1414 rogabat
1654 1359 1921 1399 causam.
1954 1345 2154 1400 Justus

496 1435 717 1496 autem,
749 1431 913 1495 Sunt,
947 1430 1154 1501 inquit,
1191 1430 1336 1486 mihi
1367 1432 1706 1503 praesentia,
1739 1447 1775 1487 ο
1806 1431 2152 1504 imperator,

498 1519 653 1575 bona
687 1519 938 1589 praemia
968 1524 1020 1575 et
1053 1525 1213 1575 certa
1253 1521 1573 1591 promissio
1605 1521 1960 1577 futurorum.
1990 1522 2154 1578 Brevi

497 1607 656 1663 enim
689 1608 1042 1663 convincam
1075 1613 1127 1664 te
1156 1607 1374 1664 frustra
1404 1624 1535 1664 esse
1565 1608 1858 1677 inﬂatum,
1902 1614 1960 1667 et
1987 1611 2154 1677 deos,

496 1713 650 1769 quos
703 1698 1003 1762 nominas,
1056 1698 1369 1753 ostendam
1420 1713 1550 1754 esse
1593 1699 1877 1755 humanis
1926 1699 2157 1756 viribus

2268 546 2358 593 καὶ
2414 547 2508 601 τὴν
2564 549 2709 602 νίκην
2775 549 3174 617 παρεγγυώσης,
3235 549 3324 596 καὶ
3400 547 3465 597 τὰ
3538 545 3735 598 ῖπαθλα
3772 545 3868 598 ὑπ-

2271 637 2634 704 ισχνουμένης,
2676 638 2764 686 καὶ
2817 635 2936 686 ὅσον
2972 631 3176 686 οὐδέπω
3209 641 3367 706 χεῖρα
3418 633 3708 706 ὀρεγούσης
3744 654 3865 686 στε-

2269 726 2576 795 φανηφόρον·
2633 727 2721 775 καὶ
2776 725 2805 781 ἠ
2854 727 2988 795 φωνὴ
3042 742 3169 795 προς
3216 726 3273 775 τό
3324 723 3666 795 εὐθυμότερον
3705 723 3866 775 αὐτοῦ

2266 813 2360 867 τὴν
2412 809 2592 882 ψυχὴν
2645 811 2948 885 μεταϐάλλει
2999 817 3088 864 καὶ
3166 808 3505 887 φαιδρότερον
3586 809 3866 870 διατίθησι

2267 906 2357 950 τοῦ
2396 905 2677 974 προσώπου
2717 905 2810 959 τὴν
2852 903 2987 974 ὤραν
3017 905 3105 953 καὶ
3153 920 3206 953 τι
3242 905 3332 954 καὶ
3371 897 3630 974 μειδίαμα
3676 907 3866 973 χαρίεν

2266 995 2370 1049 τοῖς
2425 990 2652 1060 χείλεσιν
2702 989 2950 1062 ἐφιζάνει,
2980 994 3072 1048 τὴν
3117 987 3261 1043 ἔνδον
3291 998 3384 1051 τῆς
3431 986 3655 1063 καρδίας
3703 991 3866 1062 γαλή-

2265 1097 2354 1135 νην
2413 1079 2788 1150 ῦποσημαῖνον.
2845 1087 3021 1132 Ταῦτα
3075 1079 3162 1132 οὖν
3221 1081 3349 1152 ὁρῶν
3405 1079 3734 1152 Μαξιμιανός
3789 1080 3868 1143 ἑξ-

2266 1167 2537 1225 επλόττετο
2603 1171 2691 1240 μὲν
2746 1170 2918 1242 ὥσπερ
2978 1169 3113 1231 εἰκός
3172 1171 3247 1238 (τί
3284 1171 3384 1243 γὰρ
3426 1168 3519 1220 οῦκ
3567 1168 3766 1240 ἔμελλεν
3799 1172 3867 1238 ς)

2267 1251 2478 1331 διέσυρε
2532 1253 2590 1309 δὲ
2644 1258 2781 1329 ὅμως
2819 1261 2876 1309 τό
2912 1264 3129 1331 πρᾶγμα
3163 1263 3251 1310 καὶ
3279 1265 3522 1329 γοητείαν
3571 1257 3739 1310 έκάλει
3776 1262 3868 1308 καὶ

2265 1348 2359 1402 τὴν
2417 1345 2584 1397 αἰτίαν
2624 1348 2947 1399 ἐπυνθάνετο.
2988 1345 3047 1398 Ὀ
3099 1343 3158 1399 δὲ
3215 1343 3432 1407 δίκαιος·
3491 1348 3714 1420 Χρηστά
3754 1365 3866 1418 μοι,

2266 1435 2380 1506 ἔφη,
2414 1440 2666 1506 προοίμια
2707 1438 2772 1487 τὰ
2810 1440 3060 1510 παρόντα,
3118 1433 3156 1486 ὦ
3200 1434 3440 1508 βασιλεῦ,
3489 1440 3578 1488 καὶ
3628 1431 3871 1506 ἀψευδὴς

2266 1531 2364 1575 τῶν
2439 1523 2719 1596 μελλόντων
2774 1523 3073 1595 ἐπαγγελία·
3133 1521 3378 1596 διελέγξω
3421 1527 3523 1596 γάρ
3585 1543 3641 1576 σε
3697 1525 3871 1596 μάτην

2268 1611 2650 1684 ἀναφυσόμενον
2707 1613 2801 1665 οῦκ
2857 1614 2930 1675 εἰς
2987 1617 3192 1688 μακρὰν
3249 1619 3338 1665 καὶ
3392 1615 3557 1676 θεοὺς,
3619 1613 3702 1673 οῦς
3761 1613 3875 1664 ὀνο-

2267 1703 2470 1774 μάξεις,
2525 1701 2919 1775 ἀσθενεστέρους
2986 1702 3156 1773 πολλῷ
3211 1699 3481 1774 δυνάμεως
3543 1701 3873 1774 ἀνθρωπίνης

493 1785 671 1856 longe
692 1785 1127 1851 imbecilliores,
1148 1786 1298 1842 adeo
1325 1792 1387 1842 ut
1407 1792 1459 1844 te
1481 1789 1555 1844 sit
1575 1788 1844 1845 subitura
1868 1790 2154 1861 poeniten-

2266 1796 2356 1843 καὶ
2398 1791 2582 1851 αὐτοὺς
2629 1788 2890 1856 ἐπιδείξω,
2934 1794 3000 1853 ὡς
3053 1791 3409 1863 μεταμελῆσαί
3463 1810 3547 1844 σοι
3595 1800 3686 1852 τῆς
3747 1791 3873 1863 παρ’

495 1875 594 1939 tia,
615 1874 778 1946 quod
793 1874 909 1929 mei
924 1874 1128 1930 feceris
1141 1875 1472 1947 periculum
1493 1895 1504 1934 :
1533 1881 1587 1933 et
1604 1878 1769 1950 quod
1795 1893 1915 1934 non
1934 1895 1969 1934 a
1984 1879 2158 1934 nobis

494 1965 666 2020 citius
683 1965 1016 2030 recesseris,
1042 1981 1162 2021 non
1187 1965 1314 2021 leve
1337 1966 1417 2021 sis
1443 1967 1734 2023 damnum
1760 1968 2153 2039 judicaturus.

565 2053 695 2109 Vill.
753 2055 844 2109 His
911 2054 1289 2110 vehementer
1340 2061 1680 2112 commotus
1741 2058 2156 2124 Maximianus,

488 2143 659 2218 jubet
673 2149 997 2216 martyrem
1010 2149 1152 2200 rotae
1173 2144 1502 2214 alligatum,
1525 2146 1895 2203 continenter
1911 2147 2156 2220 quidem

493 2233 555 2289 in
579 2238 709 2289 rota
728 2232 969 2298 versari,
992 2233 1145 2302 ignis
1167 2239 1369 2289 autem
1394 2234 1781 2306 lampadibus
1799 2237 1926 2307 ejus
1947 2253 2157 2294 carnes

493 2323 770 2378 consumi
801 2327 855 2376 et
885 2321 1157 2394 eliquari.
1199 2326 1389 2394 Atque
1419 2325 1773 2381 Maximiano
1811 2326 2052 2398 quidem
2080 2327 2157 2383 ad

494 2411 770 2468 eﬂectum
801 2411 997 2466 statim
1022 2410 1314 2467 deductus
1342 2411 1450 2467 fuit
1473 2413 1680 2484 jussus
1714 2430 1726 2468 :
1761 2420 1816 2470 et
1843 2415 2157 2487 lampades

497 2501 556 2557 in
579 2516 765 2556 manu
790 2499 1077 2556 habentes
1106 2500 1364 2568 lictores,
1411 2508 1789 2559 accesserunt
1828 2504 1906 2560 ad
1935 2510 2158 2578 marty-

492 2606 618 2646 rem
671 2591 927 2663 quierat
965 2593 1242 2646 extensus
1289 2591 1350 2646 in
1395 2597 1544 2658 rota,
1602 2591 1802 2662 ignem
1857 2593 2153 2665 spirantes

494 2679 696 2749 ignem
734 2678 1021 2743 videntes,
1065 2679 1259 2751 ignem
1302 2679 1604 2736 ferentes:
1657 2682 1872 2738 animis
1903 2683 1962 2737 in
2016 2698 2154 2738 eum

493 2768 804 2825 ﬂammam
846 2768 1143 2838 spirantes
1176 2767 1517 2836 ferventius,
1550 2787 1736 2842 quam
1767 2771 1941 2842 ignis,
1971 2787 2153 2844 quem

495 2858 795 2916 habebant
819 2857 878 2911 in
899 2857 1198 2922 manibus,
1236 2874 1301 2913 ac
1319 2859 1758 2931 propemodum
1775 2860 2150 2926 arbitrantes,

496 2964 557 3004 se
581 2947 864 3003 athletam
894 2946 1156 3002 facturos
1189 2963 1317 3002 esse
1348 2952 1539 3003 totum
1568 2948 1941 3004 ﬂammeum.
1981 2949 2150 3005 Post-

497 3051 682 3108 quam
706 3040 902 3090 autem
930 3035 1056 3105 jam
1085 3041 1375 3090 venerunt
1404 3052 1590 3108 prope
1624 3043 1836 3102 rotam,
1867 3043 1927 3107 (0
1958 3040 2152 3094 admi-

496 3123 746 3180 rabilem
797 3128 981 3188 tuam,
1015 3139 1051 3178 o
1104 3122 1346 3192 Christe,
1387 3125 1446 3178 in
1501 3141 1640 3179 eum
1703 3125 2022 3197 virtutem),
2051 3127 2152 3183 illa

500 3212 746 3286 quidem
778 3213 1059 3268 continuo
1091 3212 1313 3267 destitit
1354 3214 1619 3269 moveri:
1648 3213 1724 3269 illi
1759 3230 1896 3269 vero
1930 3216 2151 3273 cadunt

495 3303 557 3359 in
591 3306 831 3367 terram,
867 3308 922 3356 et
969 3302 1162 3358 ﬂuunt
1212 3302 1526 3374 lampades
1589 3319 1620 3360 e
1682 3306 1982 3369 manibus,
2015 3323 2150 3379 qua;

495 3391 722 3449 nullam
778 3407 986 3447 earum
1028 3409 1235 3448 curam
1295 3397 1506 3462 gerunt
1542 3412 1553 3451 :
1589 3399 1645 3449 et
1704 3394 1830 3465 jam
1882 3393 2149 3451 dimissae

497 3487 871 3546 suntvacuae,
887 3480 1064 3536 veluti
1079 3481 1346 3554 quodam
1362 3497 1579 3552 sopore
1592 3499 1693 3538 eas
1708 3484 2147 3555 torpefaciente.

498 3573 734 3641 Propter
794 3569 918 3625 haac
977 3569 1064 3626 ira
1130 3570 1385 3642 percitus
1463 3570 1804 3643 imperator,
1879 3577 2147 3640 tortores,

495 3658 906 3716 insectabatur
973 3659 1326 3726 maledictis,
1373 3665 1429 3717 et
1488 3661 1920 3716 criminabatur
1986 3664 2149 3735 quod

491 3749 664 3820 jussa
720 3748 960 3820 exsequi
1016 3749 1402 3819 negligerent,
1434 3755 1489 3806 et
1528 3752 1908 3823 praesentium
1947 3767 2147 3807 rerum

498 3855 702 3895 curam
735 3854 978 3894 omnem
1011 3839 1352 3909 abjicerent.
1385 3843 1448 3896 Et
1482 3863 1492 3894 :
1526 3841 1860 3907 Quomodo,
1895 3840 2151 3910 dicebat,

499 3945 569 3986 eo
592 3928 834 3984 venistis
857 3928 1149 3996 audacias,
1170 3933 1346 3984 utvos
1367 3935 1529 3986 tanta
1548 3931 1834 3987 invaserit
1859 3930 2150 3996 socordia,

498 4023 554 4075 et
579 4019 755 4074 istum
789 4023 992 4073 nostro
1021 4019 1272 4090 imperio
1303 4019 1701 4090 praetuleritis,
1740 4020 1893 4076 adeo
1935 4024 1997 4075 ut
2041 4036 2152 4076 no-

499 4111 621 4162 stra
663 4106 1106 4179 quidemjussa
1161 4107 1515 4179 reliqueritis
1572 4109 1938 4180 imperfecta,
1984 4109 2154 4164 humi

498 4200 697 4252 autem
749 4194 1158 4261 accubueritis,
1192 4203 1253 4251 ut
1278 4200 1336 4250 et
1366 4195 1686 4268 vobisipsis
1713 4198 2150 4268 gratiﬁcemini,

500 4289 557 4340 et
572 4283 772 4339 labore
796 4283 1066 4339 defessos
1081 4285 1354 4341 recreetis
1375 4284 1403 4340 7
1430 4285 1613 4357 Videt,
1635 4285 2154 4358 quemadmodum

498 4390 573 4432 ne
601 4372 827 4442 seipsos
864 4373 1106 4444 quidem
1136 4375 1365 4446 possint
1387 4375 1708 4442 restituere,
1735 4390 1929 4447 nequc
1970 4376 2155 4432 mani-

499 4468 612 4522 bus
629 4461 713 4518 uti
734 4463 893 4521 adid
914 4465 1079 4538 quod
1104 4470 1192 4521 est
1209 4481 1361 4536 opus
1386 4481 1397 4520 :
1425 4465 1531 4521 sed
1552 4464 1864 4538 ignorabat
1885 4464 2132 4520 stolidus

497 4557 759 4614 divinam
811 4558 1109 4619 virtutem,
1151 4570 1274 4610 non
1337 4559 1539 4610 autem
1607 4553 1965 4619 socordiam,
2000 4553 2156 4610 vires

501 4661 708 4703 eorum
769 4643 1257 4702 exstinxisse.llli
1325 4647 1733 4700 autemzNon
1790 4645 1869 4699 ita
1934 4658 2028 4698 res
2096 4660 2157 4700 se

497 4734 742 4802 habent,
786 4751 821 4791 o
851 4737 1193 4806 imperator,
1253 4733 1712 4805 responderunt,
1769 4748 1956 4804 neque
2004 4732 2155 4788 tardi

502 4840 712 4879 sumus
741 4824 802 4879 in
824 4824 936 4879 tuis
958 4824 1139 4896 jussis
1166 4821 1561 4895 exsequendis
1586 4839 1599 4876 :
1629 4822 1806 4891 absit,
1840 4827 1903 4877 ut
1924 4827 2156 4877 tantum

498 4913 1136 4984 insaniamuszneque
1211 4913 1503 4966 cessimus
1576 4911 1884 4977 socordiae,
1963 4926 2158 4983 neque

499 5019 718 5059 manus
761 5007 981 5058 nostra
1022 5016 1246 5070 magno
1287 4999 1531 5056 defessa;
1581 5005 1715 5055 sunt
1757 4999 1961 5056 labore
1998 5018 2011 5053 :
2053 5000 2157 5055 sed

500 5091 772 5148 terribilis
811 5091 1088 5164 quasdam
1134 5091 1281 5145 visio
1325 5105 1434 5146 nos
1475 5089 1557 5144 sic
1609 5089 1822 5153 aﬂ‘ecit,
1865 5105 1997 5161 quae
2051 5105 2161 5144 nos

498 5181 667 5238 humi
709 5181 942 5252 dejecit,
985 5184 1042 5234 et
1081 5195 1295 5236 manus
1331 5183 1562 5234 nostras
1604 5178 1916 5235 dissolvit:
1944 5183 1999 5234 et
2030 5179 2159 5250 jam

501 5287 708 5326 sumus
722 5270 1010 5327 membris
1023 5269 1384 5334 dissoluti,et
1397 5269 1585 5324 eﬂ‘ecti
1600 5270 1846 5324 omnino
1860 5267 2160 5324 imbecilli.

499 5360 635 5415 Tres
666 5360 826 5415 enim
849 5360 977 5423 viri,
1002 5363 1245 5432 aspectu
1262 5357 1512 5431 quidem
1535 5357 1794 5421 candidi,
1820 5362 1875 5413 et
1895 5357 2165 5413 candidis

501 5448 688 5504 induti
755 5449 1042 5515 vestibus,
1109 5448 1298 5520 specie
1365 5454 1563 5504 autem
1625 5446 1932 5512 terribiles,
1998 5447 2166 5502 nobis

499 5541 879 5610 apparentes,
914 5541 1073 5593 torve
1099 5538 1159 5592 in
1195 5554 1305 5594 nos
1337 5541 1396 5593 et
1444 5537 1714 5592 ferociter
1761 5540 2166 5606 aspexerunt;

499 5634 556 5686 et
583 5625 739 5700 ignis
759 5627 857 5700 qui
885 5631 1012 5684 erat
1049 5627 1111 5684 in
1146 5627 1444 5699 manibus,
1466 5643 1532 5684 ex
1565 5623 1949 5698 lampadibus
1967 5627 2168 5685 statim

2141 4510 2154 4534 ’
2191 4512 2234 4566 D

2268 1879 2352 1952 ἐμὲ
2383 1885 2557 1954 πείρας
2584 1886 2673 1932 καὶ
2715 1881 2840 1941 ὅλως
2889 1883 2965 1933 ὅτι
3013 1885 3084 1952 μὴ
3135 1883 3319 1933 θᾶττον
3349 1882 3495 1952 ἡμῶν
3540 1879 3866 1952 ἀπηλλάγης,

2269 1971 2461 2041 ζημίαν
2493 1970 2551 2022 οῦ
2591 1975 2684 2028 τὴν
2709 1978 2981 2041 τυχοῦσαν
3007 1977 3200 2043 κρῖναι.

2339 2057 2413 2113 Η’.
2472 2062 2682 2119 Τούτοις
2746 2059 3064 2122 όξυκινηθεὶς
3122 2059 3471 2131 Μαξιμιανός,
3527 2058 3716 2112 κελεύει
3781 2057 3865 2112 ἐπὶ

2267 2155 2466 2219 τροχοῦ
2515 2151 2600 2199 τόν
2654 2151 2898 2223 μάρτυρα
2950 2145 3282 2216 διαδεθέντα,
3343 2150 3728 2220 συστρέφεσθαι
3775 2151 3869 2220 μὶν

2271 2245 2507 2308 συνεχῶς
2548 2245 2620 2307 τῷ
2667 2247 2866 2311 τροχῷ,
2899 2237 3140 2309 λαμπάσι
3178 2241 3344 2311 πυρός
3387 2241 3482 2299 τὰς
3536 2239 3734 2312 σάρκας
3778 2237 3872 2288 αὐ-

2266 2334 2356 2378 τοῦ
2410 2323 2885 2379 καταδαπανᾶσθαι
2947 2331 3037 2379 καὶ
3119 2323 3489 2385 διατήκεσθαι.
3558 2327 3871 2400 Μαξιμιανῷ

2267 2418 2356 2487 μεν
2395 2411 2482 2467 οὖν
2529 2418 2674 2488 ἔργον
2726 2418 2755 2474 ἠ
2809 2416 3094 2490 πρόσταξις
3134 2413 3193 2474 ἧν
3234 2421 3322 2469 καὶ
3379 2412 3472 2468 διὰ
3497 2420 3679 2488 χειρός
3725 2418 3872 2488 ἔχον·

2265 2524 2347 2565 τες
2373 2508 2421 2558 οί
2453 2503 2638 2578 δήμιοι
2689 2508 2778 2568 τὰς
2813 2503 3117 2578 λαμπάδας,
3147 2512 3448 2581 προσῄεσαν
3476 2509 3612 2559 κατὰ
3639 2513 3730 2558 τοῦ
3757 2525 3874 2579 τροο

2264 2601 2370 2665 χοῦ
2420 2599 2670 2666 τεταμένῳ
2724 2603 2796 2664 τῷ
2853 2597 3099 2668 μάρτυρι,
3137 2603 3239 2666 πῦρ
3290 2599 3540 2659 πνέοντες,
3583 2602 3685 2667 πῦρ
3718 2596 3875 2669 ὁρῶν.

2265 2702 2364 2748 τες,
2421 2691 2523 2756 πῦρ
2579 2688 2827 2757 φέροντες,
2871 2684 3042 2755 πολλῷ
3089 2687 3184 2745 τὰς
3226 2685 3413 2756 ψυχας
3451 2683 3526 2736 ἐπ’
3575 2684 3730 2736 αὐτόν
3775 2692 3873 2736 τοῦ

2265 2771 2312 2824 έν
2365 2778 2523 2845 χερσὶ
2569 2777 2730 2848 πυρὸς
2781 2775 3082 2848 θερμότερον
3144 2777 3358 2839 ζέοντες,
3427 2777 3643 2847 μονονοὺ
3702 2772 3872 2844 φλόγα

2263 2866 2348 2914 τόν
2404 2861 2632 2921 ἀθλητὴν
2660 2871 2877 2922 ποιῆσαι
2911 2863 3153 2934 οἰόμενοι.
3186 2862 3274 2926 Ὠς
3306 2860 3364 2916 δὲ
3394 2860 3500 2922 ἤδη
3535 2871 3628 2915 τοῦ
3659 2870 3869 2936 τροχοῦ

2263 2950 2482 3008 πλησίον
2539 2947 2692 3008 ἦλθον
2751 2955 2814 3016 (ὤ
2874 2953 3184 3022 θαυμαστῆς
3235 2971 3328 3004 σου
3382 2956 3498 3026 περὶ
3547 2955 3632 3004 τὸν
3673 2947 3864 3024 ἄνδρα,

2263 3043 2478 3111 Χριστε,
2525 3036 2794 3110 δυνάμεως
2828 3040 3039 3111 ι)ἒστη
3086 3042 3176 3113 μὶν
3229 3040 3374 3102 εὐθὺς
3423 3039 3615 3092 ἐκείνου
3655 3047 3749 3101 τῆς
3789 3059 3869 3090 κι-

2261 3133 2475 3190 νήσεως·
2533 3130 2581 3180 οἱ
2636 3125 2694 3181 δε
2746 3131 2882 3180 κατά
2933 3138 3034 3199 γῆς
3087 3135 3343 3183 πίπτουσι
3399 3135 3486 3181 καὶ
3545 3127 3868 3203 ὑπορρέουσι

2259 3224 2354 3268 τῶν
2405 3225 2598 3291 χειρῶν
2643 3219 2697 3269 αἱ
2745 3215 3037 3289 λαμπάδες·
3096 3221 3150 3270 αἱ
3221 3216 3279 3272 δε
3351 3225 3522 3292 χεῖρες
3584 3217 3866 3290 ἀμελοῦσιν

2261 3304 2427 3356 αὐτῶν
2459 3310 2546 3357 καὶ
2587 3308 2770 3378 ἔρημοι
2826 3303 2934 3364 ἤδη
2985 3305 3234 3379 ἀφεῖνται,
3285 3307 3456 3380 ὥσπερ
3507 3307 3667 3358 ὕπνου
3728 3309 3868 3368 τινός

2261 3393 2424 3456 αὑτὰς
2465 3393 3010 3468 καταρῥαθυμοῦντος.
3051 3395 3171 3447 Ἐπὶ
3226 3399 3425 3455 τούτοις
3483 3395 3606 3468 ὀργὴ
3667 3393 3866 3466 λαμϐά-

2260 3504 2332 3537 νει
2369 3488 2456 3536 τὸν
2510 3481 2730 3556 βασιλέα
2773 3488 2862 3536 καὶ
2906 3493 3073 3544 κακῶς
3117 3485 3256 3556 ἔλεγε
3297 3488 3415 3545 τοὺς
3462 3481 3710 3557 δημίους,
3742 3483 3863 3535 ὀλι-

2260 3578 2454 3646 γωρίαν
2485 3593 2538 3625 τε
2583 3574 2755 3634 αὐτοῖς
2805 3581 2905 3624 τῶν
2956 3573 3288 3644 προστάξεων
3338 3572 3556 3626 ἐνεκάλει
3604 3579 3693 3625 καὶ
3738 3571 3867 3644 ἀμέ-

2261 3663 2397 3716 λειαν
2448 3671 2545 3714 τῶν
2594 3663 2642 3714 έν
2689 3667 2852 3737 χερσὶ
2910 3659 3195 3735 φροντίδων
3259 3668 3366 3715 καίο
3424 3669 3541 3726 Πῶς
3594 3663 3664 3724 εἰς
3713 3669 3868 3714 τοῦτο

2262 3752 2472 3825 τόλμης,
2527 3751 2712 3822 ἔλεγεν,
2768 3753 2910 3824 ὑμεῖς
2977 3752 3175 3816 ἤλθετε,
3230 3754 3311 3805 ὄτι
3370 3757 3460 3805 καὶ
3525 3757 3664 3812 ὄκνος
3740 3750 3870 3804 εἶλεν

2263 3844 2393 3914 ὑμᾶς
2440 3845 2527 3892 καὶ
2571 3848 2751 3892 τοῦτον
2796 3849 2887 3892 τοῦ
2936 3843 3187 3915 ἡμετέρου
3240 3843 3641 3915 προστάγματος
3690 3843 3871 3894 ἔθεσθε

2263 3934 2652 4005 προτιμότερον,
2697 3931 2764 3991 ὡς
2825 3929 3041 4001 ἡμιτελῆ
3104 3934 3193 4001 μὲν
3249 3933 3315 3982 τὰ
3371 3930 3721 4002 έπιταχθέντα
3773 3950 3865 3982 κα-

2261 4019 2514 4082 ταλιπεῖν,
2565 4018 2944 4076 κατακλιθῆναι
3001 4015 3059 4072 δε
3103 4028 3174 4089 τῷ
3233 4017 3433 4092 ἐδάφει,
3479 4021 3560 4072 ἶνα
3611 4024 3701 4072 καὶ
3745 4018 3870 4071 ἐαυ-

2261 4117 2372 4171 τοίς
2431 4129 2478 4160 τι
2524 4111 2830 4182 χαρίσησθε
2881 4113 2969 4160 καὶ
3038 4114 3396 4171 πεπονηκότας
3441 4108 3494 4160 ἐκ
3543 4117 3634 4161 τοῦ
3691 4115 3857 4160 κόπου

2265 4195 2712 4264 διαναπαῦσητε;
2767 4204 2924 4271 Ὁρᾷς
2977 4200 3044 4259 ὡς
3121 4195 3244 4251 οὐδὲ
3322 4197 3588 4251 ἀναλαϐεῖν
3647 4197 3864 4260 ἑαυτοὺς

2265 4285 2513 4341 δύνανται
2575 4283 2699 4340 οὐδε
2747 4289 3060 4361 χρήσασθαι
3121 4295 3236 4349 ταῖς
3302 4293 3490 4360 χερσὶν
3564 4288 3630 4348 εἰς
3700 4283 3869 4352 debv;

2266 4376 2460 4449 ἀγνοῶν
2513 4378 2538 4428 ό
2591 4378 2832 4447 μάταιος,
2889 4378 2970 4428 ὅτι
3019 4380 3131 4429 θεία
3177 4373 3399 4449 δύναμις
3439 4376 3645 4429 ἔσϐεσεν
3701 4376 3870 4429 αὐτῶν

2265 4471 2357 4525 τὴν
2400 4466 2582 4537 ἰσχὺν,
2613 4464 2720 4516 ἀλλ’
2747 4465 2875 4535 οὐχὶ
2905 4470 3067 4528 ὄκνος.
3105 4468 3170 4518 Οἱ
3203 4462 3280 4518 δέ·
3313 4473 3510 4528 Ταῦτα,
3552 4466 3590 4516 ὦ
3623 4464 3868 4538 βασιλεῦ,

2268 4554 2598 4621 ἀπεκρίνατο,
2651 4549 2774 4605 οὐδὲ
2823 4549 3038 4625 βραδεῖς
3097 4559 3213 4626 περὶ
3262 4555 3351 4614 τὰς
3409 4556 3507 4614 σὰς
3558 4553 3874 4628 προστάξεις

2267 4646 2435 4714 ἡμεῖς,
2489 4639 2611 4694 οὐδὲ
2661 4641 2759 4694 ἀπὸ
2811 4650 2900 4694 τοῦ
2949 4642 3135 4694 πολλοῦ
3166 4647 3329 4694 κόπου
3361 4645 3548 4714 ἔκαμον
3582 4645 3636 4694 αἱ
3688 4650 3870 4715 χεῖρες

2267 4735 2412 4805 ἡμῖν,
2448 4731 2575 4784 ἀλλὰ
2615 4729 2803 4802 φοϐερά
2847 4750 2922 4791 τις
2981 4731 3102 4802 ὄψις
3151 4733 3283 4784 οῦτω
3330 4729 3566 4790 διέθηκεν
3617 4733 3750 4801 ἡμᾶς
3801 4739 3866 4804 τῇ

2267 4831 2333 4895 γῇ
2385 4819 2914 4895 προσκαταϐαλοῦσα,
2973 4826 3060 4873 καὶ
3091 4823 3379 4893 παρείμεθα
3425 4823 3512 4881 τὰς
3567 4817 3735 4884 δεξιὰς
3779 4825 3873 4874 καὶ

2271 4909 2576 4981 έκλελῦμεθα
2633 4905 2739 4968 ἠδη
2799 4912 2988 4961 καὶτὸ
3048 4909 3158 4962 ὅλον
3221 4908 3394 4962 ἆτονοι
3451 4912 3869 4982 καθεστὴκαμενο

2269 5006 2400 5070 τρεῖς
2451 5000 2548 5070 γὰρ
2614 4994 2815 5070 ἄνδρες,
2869 4996 3041 5049 λευκοὶ
3099 5001 3187 5069 μεν
3246 5003 3337 5057 τὴν
3403 4999 3539 5063 θέαν,
3584 4998 3756 5051 λευκοὶ
3809 4994 3873 5050 δί

2269 5093 2362 5146 τὴν
2419 5085 2692 5152 ἀναϐολὴν,
2755 5085 2959 5161 φοϐεροὶ
3009 5091 3064 5139 τό
3121 5084 3274 5152 εἶδος,
3327 5086 3650 5160 ἐπιφανέντες
3720 5089 3868 5159 ἡμῖν,

2270 5182 2455 5249 πικρόν
2495 5196 2546 5228 τε
2597 5177 2663 5237 εἰς
2706 5178 2846 5247 ἡμᾶς
2887 5181 2979 5228 καὶ
3028 5178 3209 5250 ἄγριον
3241 5176 3379 5230 εἶδον
3419 5182 3595 5230 καὶτὸ
3642 5176 3723 5229 ἐπὶ
3771 5185 3875 5228 τῶν

2274 5275 2463 5339 χειρῶν
2521 5275 2621 5339 πῦρ
2680 5267 2794 5317 καθ’
2856 5269 2998 5337 ἡμῶν
3055 5267 3201 5327 εὐθὺς
3264 5265 3363 5318 ἀπό
3435 5276 3534 5319 τῶν
3583 5262 3876 5338 λαμπάδων

3240 5356 3532 5414 ἀποστῆναι
3624 5357 3878 5426 Ἀνθίμου

2280 5448 2588 5518 (θεράποντα
2651 5442 2708 5497 δὲ
2753 5453 2885 5499 Θεοῦ
2937 5453 3112 5498 τοῦτον
3176 5443 3410 5512 ἐκάλουν)
3459 5445 3880 5498 καταϐάλλουσιν

2276 5360 2429 5410 ἔπνει·
2532 5358 2707 5408 ἔπειτα
2810 5356 3139 5417 κελεύσαντες

2282 5539 2416 5609 ἡμᾶς
2445 5541 2534 5588 καὶ
2583 5537 2745 5598 οὕτως
2797 5535 3007 5600 αὐτίκα,
3054 5537 3117 5596 ὡς
3155 5537 3300 5610 ὁρᾷς,
3343 5532 3675 5590 διατιθεῖσιν.
3713 5534 3879 5587 Οὗτοι

2284 5629 2371 5699 μεν
2411 5623 2498 5680 οὖν
2539 5624 2774 5688 ἀλλήλοις
2801 5622 3086 5697 διελέγοντο
3116 5632 3302 5681 ταῦτα.
