4084 6216
228 314 299 367 l8!
1549 306 1717 364 VITA
1756 309 1761 359 1

1874 306 2182 363 ᾹΝΤΗΙΜῘ.

3440 321 3544 378 1Θῖ

222 436 269 493 in
312 450 407 491 nos
435 432 690 506 spiravit.
722 431 945 489 Deinde
974 448 1115 489 cum
1154 432 1483 505 jussissent
1511 430 1834 489 abscedere
1873 430 2224 488 Anthimum
2271 432 2433 505 (eum
2478 438 2681 491 autem
2715 437 3009 492 vocabant
3052 438 3151 494 Dei
3199 440 3540 518 famulum),

222 540 308 579 nos
339 522 641 593 dejiciunt:
675 527 733 578 et
762 522 847 577 sic
877 522 1096 587 statim,
1129 528 1195 578 ut
1221 523 1407 588 vides,
1442 522 1728 578 afﬁciunt.
1770 520 1961 592 Atque
1982 522 2022 576 ii
2064 521 2311 593 quidem
2336 523 2464 579 haec
2489 525 2640 579 inter
2661 541 2721 580 se
2760 525 3147 582 disserebant.

276 614 344 667 ϐ’.
370 612 447 667 Ἐν
476 614 582 683 ὅσῳ
624 608 681 664 δὲ
710 614 736 664 6
769 617 965 686 τροχὸς
1016 622 1107 673 τῆς
1145 619 1423 687 περιφορᾶς
1473 613 1651 687 ἠρέμει
1682 615 1761 663 καί

1952 612 2037 667 1X.
2082 613 2320 668 Interim
2347 619 2550 669 autem
2588 615 2735 670 dum
2767 621 2895 672 rota
2933 617 3280 688 quiescebat
3309 620 3386 677 ab
3420 638 3546 679 am-

218 698 317 754 ούδὶ
340 705 393 752 τὸ
431 703 668 774 παράπαν
697 698 811 772 εἶχε
866 706 1167 773 κινήματος,
1220 701 1268 753 ἐν
1327 705 1493 773 τούτῳ
1530 704 1774 774 θερμοτέ-

216 810 291 863 ραν
334 792 357 841 6
405 793 599 863 μάρτυς
656 798 726 860 τῷ
780 798 893 860 Θεῷ
958 797 1238 866 προσέφερε
1289 797 1382 849 τήν
1431 792 1771 865 εὐχαριστίαν

215 887 284 930 καὶ
326 878 539 938 πλείονος
572 878 757 932 ἐκεῖθεν
812 878 1031 932 ἀπέλαυε
1083 889 1176 941 τῆς
1213 885 1605 951 χρηστότητος.
1662 887 1773 932 Μα-

215 969 412 1039 ξιμιανὸς
458 972 625 1020 τοίνυν
671 978 765 1030 τῆς
816 978 914 1020 τῶν
973 965 1178 1040 δημίων
1238 968 1491 1041 ἀφελείας,
1558 967 1663 1019 ἀλλ’
1713 966 1771 1018 ού

212 1066 283 1117 τῆς
328 1065 639 1130 μαρτυρικῖκ
696 1057 891 1119 ἐκείνης
963 1063 1089 1133 πρὸς
1155 1062 1239 1111 τὸν
1294 1063 1422 1111 Θεὸν
1474 1057 1772 1131 παρρησίας

212 1144 350 1208 δεῖξαι
389 1150 443 1197 τό
476 1153 694 1218 πρᾶγμα
726 1145 923 1211 ἐθέλων,
966 1154 1259 1219 κατήγαγεν
1300 1148 1454 1200 αὐτόν
1512 1155 1603 1199 τοῦ
1655 1165 1775 1218 τρο-

210 1245 294 1306 χού
347 1242 429 1287 καὶ
484 1240 568 1287 τόν
622 1233 717 1288 διὰ
766 1236 958 1308 ξίφους,
1015 1240 1117 1307 εἴγε
1176 1241 1248 1309 μή
1310 1239 1499 1301 θύσειε,
1560 1237 1772 1287 θάνατον

210 1324 322 1394 αὐτῷ
371 1323 581 1382 ἠπείλει.
632 1324 691 1377 Ὀ
743 1322 803 1378 δὲ
852 1326 1088 1397 μείζονος
1143 1331 1232 1384 τήν
1288 1324 1500 1383 ἀπειλήν
1559 1324 1773 1397 εὐχαρι-

209 1420 328 1474 στίας
380 1415 619 1467 ὑπόθεσιν
672 1413 910 1481 ἐποιεῖτο,
964 1420 1051 1468 καὶ
1106 1419 1193 1467 τὸν
1254 1418 1416 1487 χορὸν
1465 1413 1771 1466 καταλαϐεῖν

208 1512 284 1555 τῶν
329 1500 614 1577 δισμυρίων
657 1506 955 1577 μαρτύρων,
1006 1503 1055 1556 ἐν
1096 1504 1184 1577 ὅλη
1237 1500 1439 1577 καρδίᾳ
1490 1511 1582 1556 τοῦ
1637 1510 1770 1555 Θεοῦ

208 1590 360 1656 ἐδεῖτο,
389 1596 455 1655 ὡς
497 1592 687 1656 ἐξεῖναι
714 1598 805 1646 καὶ
859 1594 999 1664 αύτῷ
1054 1595 1397 1666 σεμνύνεσθαι
1444 1597 1533 1645 καὶ
1562 1592 1724 1663 λέγειν
1755 1609 1766 1622 ·

210 1702 231 1731 ε
256 1677 373 1734 Ἰδοὺ
402 1681 496 1753 ἐγὼ
542 1688 639 1734 καὶ
670 1685 737 1735 τὰ
765 1679 977 1747 παιδία,
1034 1683 1069 1734 οἱ
1122 1702 1212 1754 μοι
1241 1678 1429 1735 ἔδωκεν
1478 1683 1504 1734 ὁ
1556 1685 1706 1743 Θεὸς,
1740 1702 1769 1734 ››

212 1776 289 1823 Καὶ
332 1771 395 1833 ὃς,
448 1769 634 1830 ἐπειδὴ
694 1771 883 1844 μᾶλλον
941 1772 1081 1842 αύτῷ
1134 1773 1245 1824 κατ’
1304 1771 1470 1843 εὐχήν
1521 1774 1577 1824 τὸ
1630 1770 1771 1833 τελος

214 1860 315 1933 ioca
359 1879 369 1889 '
429 1857 591 1931 Οἶδα,
652 1866 804 1933 φησὶ,
845 1863 987 1933 ὑμῶν
1049 1870 1146 1913 τῶν
1186 1869 1511 1935 Χριστιανῶν
1560 1863 1617 1912 τὸ
1657 1860 1769 1912 λίαν

1880 697 2027 764 bitu,
2057 707 2114 756 et
2139 700 2286 756 nihil
2319 701 2567 758 omnino
2608 704 2985 771 movebatur,
3021 711 3251 777 martyr
3279 710 3395 765 Deo
3434 710 3545 767 fer-

1884 789 2211 845 ventiorein
2250 789 2538 848 offerebat
2577 794 2908 863 gratiarum
2935 795 3252 861 actionem,
3294 803 3348 853 et
3386 798 3545 859 illine

1882 878 2225 950 ampliorem
2248 880 2712 952 consequebatur
2725 883 3546 955 benignitatem.Maximianus

1881 967 2083 1039 itaque
2122 968 2329 1024 volens
2358 970 2696 1038 ostendere,
2728 987 2800 1027 ex
2829 971 3105 1030 lictorum
3146 974 3542 1047 simplicitate,

1882 1072 2003 1111 non
2043 1060 2246 1113 autem
2285 1074 2353 1114 ex
2401 1059 2722 1131 martyrica
2761 1061 2838 1117 ad
2882 1063 3066 1117 Deum
3104 1062 3343 1131 ﬁducia,
3386 1065 3543 1122 hanc

1882 1159 2008 1200 rem
2061 1162 2192 1202 esse
2232 1146 2583 1218 profectam,
2625 1165 2763 1204 eum
2803 1150 3081 1222 deposuit
3118 1167 3149 1207 e
3189 1157 3340 1224 rota,
3398 1159 3454 1211 et
3490 1155 3543 1212 ei

1881 1249 2023 1289 ense
2052 1240 2305 1290 mortem
2350 1237 2628 1304 minatur,
2665 1239 2785 1293 nisi
2826 1239 3192 1297 sacriﬁcarit.
3220 1241 3319 1298 Ille
3345 1248 3542 1301 autem

1881 1339 1951 1380 ex
1993 1323 2173 1380 minis
2199 1328 2455 1396 sumpsit
2481 1332 2907 1396 argumentum
2939 1330 3180 1401 majoris
3219 1332 3543 1400 gratiarum

1882 1408 2165 1465 actionis:
2196 1413 2252 1464 et
2290 1413 2410 1465 toto
2441 1410 2615 1466 corde
2646 1412 2830 1468 Deum
2851 1413 3095 1484 rogavit,
3123 1419 3185 1470 ut
3206 1417 3543 1486 perveniret

1881 1497 1960 1554 ad
2007 1497 2257 1553 chorum
2297 1498 2507 1568 viginti
2558 1499 2812 1557 millium
2854 1506 3204 1574 martyrum,
3250 1509 3315 1561 ut
3357 1505 3541 1564 etiam

1878 1584 2079 1642 liceret
2117 1586 2169 1642 ei
2208 1586 2442 1643 dicere:
2487 1608 2511 1638 α
2547 1589 2691 1644 Ecce
2730 1605 2866 1661 ego,
2907 1595 2965 1647 et
3001 1592 3169 1661 pueri
3208 1592 3345 1660 mei,
3387 1610 3541 1667 quos

1878 1674 2043 1731 dedit
2072 1675 2385 1732 mihiDeus
2406 1677 2427 1712 4
2449 1698 2499 1730 .»
2525 1677 2857 1750 Imperator
2884 1696 3022 1736 vero
3035 1686 3357 1755 postquam
3399 1683 3542 1741 vidit

1878 1765 2064 1821 ﬁnem
2093 1765 2142 1821 ei
2175 1766 2437 1823 maxime
2475 1782 2603 1824 esse
2624 1768 2685 1823 in
2711 1770 2896 1829 votis:
2926 1770 3085 1838 Scio,
3107 1773 3321 1845 inquit,
3353 1790 3539 1847 quam

1879 1869 1985 1909 vos
2026 1854 2338 1911 Christiani
2365 1854 2496 1911 sitis
2523 1857 2724 1927 gloriae
2755 1858 2958 1930 cupidi
2988 1863 3045 1915 et
3072 1862 3317 1917 honoris
3354 1878 3540 1935 appe-

219 1946 439 2021 δοξεμανὲς
475 1956 566 2004 καὶ
624 1951 912 2023 φιλότιμον,
944 1953 1081 2012 ὅπως
1108 1959 1291 2023 τυχεῖν
1341 1952 1522 2003 ὁποίου
1573 1946 1761 2008 δήποτε

1881 1946 2089 2009 tentes,
2112 1945 2332 2016 etquod
2350 1945 2475 2016 proj
2485 1951 2609 2001 ecta
2622 1950 2819 2003 vestra
2838 1947 3092 2005 audacia
3122 1949 3537 2023 qualecunque

216 2038 405 2110 ὀνόματος
458 2037 552 2093 διὰ
603 2044 661 2093 τό
718 2039 1009 2114 παράϐολον
1069 2048 1161 2093 τοῦ
1213 2040 1544 2113 τολμήματος
1596 2039 1770 2112 ὀρεγό-

207 2147 311 2199 μενοι
336 2133 387 2180 τὸ
420 2138 601 2181 κακῶν
646 2132 874 2201 ἔσχατον
926 2129 1163 2182 ἁπάντων
1195 2131 1425 2201 αἱρεῖσθε
1475 2132 1561 2181 τὸν
1594 2127 1768 2200 βίαιον

205 2219 375 2271 θάνατον
402 2236 413 2249 ⁸
467 2217 579 2271 ἀλλ’
616 2218 722 2290 οὐχ
774 2222 1021 2295 αἱρήσεις,
1062 2223 1213 2291 φησὶ,
1258 2222 1441 2271 τούτου
1481 2237 1537 2289 γε
1585 2218 1763 2270 ἕνεκεν·

328 2306 413 2379 ἐγώ
462 2327 520 2361 σε
572 2307 793 2369 πολλαῖς
840 2312 1087 2382 πρότερον
1127 2306 1415 2380 περιϐαλὼν
1467 2310 1763 2380 τιμωρίαις,

204 2397 306 2448 οὕτω
330 2405 411 2449 τοῦ
448 2402 711 2471 παρόντος
765 2403 1003 2472 στερήσω
1049 2400 1235 2470 φωτός,
1271 2400 1355 2450 τὸν
1408 2400 1477 2468 μή
1507 2398 1766 2457 τοσαύτης

201 2482 358 2548 ἡδονῆς
400 2487 715 2545 τηλικούτου
773 2492 1053 2560 χρήματος
1087 2486 1250 2549 ἄξιον.
1305 2491 1405 2539 Καὶ
1436 2487 1461 2538 6
1509 2487 1706 2557 μάρτυς
1748 2502 1760 2514 '

200 2571 310 2627 ωδε
348 2578 442 2649 γὰρ
499 2574 561 2627 ἂν
614 2575 799 2641 ἄλλως,
868 2582 1020 2647 φησὶ,
1078 2576 1409 2649 λαμπρότερά
1458 2594 1547 2647 μοι
1596 2574 1762 2645 πολλῷ

199 2668 568 2739 παρασκευάσῃς
594 2668 665 2718 τὰ
694 2665 907 2721 ἔπαθλα,

247 2753 291 2806 Γ.
325 2759 383 2807 Τί
427 2758 484 2807 τὸ
537 2758 675 2827 μετὰ
704 2762 871 2807 ταῦτα
904 2771 918 2821 ;
974 2749 1196 2829 Σίδηρος
1237 2753 1391 2807 αὐτὸν
1420 2758 1509 2805 καὶ
1551 2752 1761 2815 ἁλύσεις

193 2838 411 2913 δεσμούσι
447 2849 537 2896 καὶ
592 2847 722 2918 πρὸς
751 2847 805 2895 τό
852 2852 950 2896 τῶν
983 2846 1285 2916 κακούργων
1334 2845 1515 2913 ἄγεται
1557 2839 1759 2914 δεσμω-

189 2937 370 3001 τήριον*
398 2932 523 2985 ἀλλὰ
568 2936 640 2985 τὰ
690 2934 887 2991 συνήθη
934 2936 1022 2984 καὶ
1080 2933 1231 2984 πάλιν
1284 2931 1455 3003 ἐκείνῳ
1498 2934 1627 3006 πρὸς
1672 2935 1757 2983 τὸν

191 3024 293 3071 Θεὸν
342 3023 370 3079 ἠ
400 3022 605 3091 γλῶττα
655 3019 828 3095 ύπῇδε
864 3026 953 3074 καὶ
989 3024 1083 3083 τὰς
1135 3021 1344 3083 ἀ)ύσεις
1386 3023 1517 3092 ὁμοῦ
1553 3026 1642 3073 καὶ
1692 3024 1759 3074 τὰ

191 3104 331 3180 δεσμὰ
378 3108 672 3175 διαλύεται,
725 3107 848 3164 οὐδὲ
906 3110 1095 3171 αύτούς
1131 3114 1251 3173 τούς
1295 3110 1515 3180 ἄγοντας
1573 3110 1755 3171 αὐτούς

192 3192 377 3267 δημίους
424 3198 726 3271 ἆμετόχους
750 3199 936 3272 ἀφεῖσα
983 3208 1074 3252 τοῦ
1105 3201 1369 3271 θαύματος
1403 3217 1415 3231 ⁸
1469 3198 1595 3252 ἀλλὰ
1624 3219 1755 3271 πρη-

1878 2047 2099 2088 nomen
2128 2034 2367 2105 assequi
2398 2035 2719 2105 cupientes,
2754 2040 3086 2093 extremum
3117 2038 3392 2095 omnium
3420 2056 3540 2096 ma-

1878 2121 2097 2189 lorum,
2126 2128 2376 2179 mortem
2404 2124 2726 2182 violentam
2747 2125 2981 2197 eligitis.
3009 2127 3123 2184 Sed
3152 2128 3264 2185 hac
3288 2129 3538 2202 quidem

1877 2211 1951 2267 de
1965 2227 2145 2267 causa
2172 2212 2414 2268 minime
2440 2213 2747 2270 laetaberis.
2779 2219 2930 2272 Nam
2960 2232 3097 2272 cum
3130 2233 3239 2288 ego
3282 2221 3338 2273 te
3369 2218 3536 2290 prius

1878 2300 2075 2357 multis
2100 2300 2353 2358 affecero
2373 2303 2700 2375 suppliciis,
2718 2304 2844 2361 luce
2862 2306 3135 2376 praesenti
3152 2306 3234 2362 sic
3260 2306 3535 2378 privabo,

1877 2393 1939 2444 ut
1976 2389 2081 2462 qui
2120 2390 2201 2445 sis
2239 2391 2523 2464 indignus
2570 2398 2750 2450 tantae
2806 2395 2889 2450 rei
2930 2394 3251 2468 voluptate.
3306 2396 3538 2469 Martyr

1875 2484 2097 2545 autem,
2128 2478 2256 2535 Non
2288 2480 2421 2548 alia,
2452 2481 2662 2553 inquit,
2681 2483 3169 2553 rationeet‘ﬁcies,
3194 2488 3257 2541 ut
3286 2483 3535 2557 prmmia

1872 2582 2207 2640 consequar
2242 2568 2638 2641 praeclariora.

1941 2751 2001 2805 Χ.
2059 2748 2207 2815 Quid
2265 2754 2473 2820 postea
2537 2750 2958 2823 consequitur?
3019 2752 3235 2807 Ferreis
3305 2752 3526 2808 catenis

1869 2838 2141 2905 vincitur,
2186 2842 2242 2893 et
2288 2838 2366 2894 ad
2405 2837 2812 2895 maleﬁcorum
2852 2855 3152 2896 carcerem
3191 2840 3521 2897 deducitur.

1869 2925 1986 2980 Sed
2016 2941 2087 2981 ea
2138 2942 2273 2998 qua:
2324 2932 2735 2998 consueverat,
2790 2928 2917 2999 ejus
2956 2926 3162 2999 lingua
3212 2928 3291 2985 ad
3339 2929 3524 2985 Deum

1866 3015 2122 3071 canebat
2150 3037 2163 3071 :
2199 3020 2509 3072 etcatenas
2535 3016 2712 3071 simul
2740 3016 3010 3072 dissolvit
3041 3022 3096 3073 et
3130 3016 3383 3085 vincula,
3415 3032 3525 3073 nec

1864 3118 1965 3159 eos
1993 3104 2231 3176 quidem
2264 3104 2365 3176 qui
2394 3104 2591 3177 ipsum
2624 3103 2945 3168 ducebant,
2960 3105 3194 3161 lictores
3225 3106 3525 3162 dimittens

1863 3198 2135 3264 expertes
2188 3192 2475 3250 miraculi.
2540 3192 2689 3251 Nam
2738 3194 2776 3249 ii
2824 3210 3067 3266 quoque
3122 3195 3290 3267 proni
3357 3194 3526 3251 humi

191 3294 265 3348 νεῖς
298 3286 400 3359 εἶχε
442 3295 531 3341 καὶ
589 3293 805 3352 τούτους
853 3292 881 3348 ἡ
913 3299 978 3360 γῆ
1036 3298 1107 3341 τῶ
1164 3286 1448 3362 παραδόξῳ
1496 3298 1593 3351 τῆς
1638 3292 1753 3352 θέας

1874 3282 2150 3349 iacebant,
2183 3281 2571 3354 obstupefacti
2602 3283 2939 3339 admirabili
2966 3284 3325 3355 spectaculo.
3357 3286 3525 3350 Quae-

189 3378 565 3449 καταπλαγέντας
615 3400 629 3412 ·
665 3382 772 3431 θεία
816 3381 917 3453 γάρ
950 3398 1030 3439 τις
1076 3380 1266 3431 ἄνωθεν
1294 3382 1458 3450 χάρις
1505 3382 1590 3430 τὸν
1622 3381 1754 3451 μάρ-

190 3482 292 3535 τυρα
350 3474 670 3541 περιπτᾶσα,
730 3476 833 3539 φῶς
887 3486 937 3519 τε
999 3467 1139 3537 αὐτῷ
1217 3466 1580 3541 λαμπρότατον
1649 3468 1754 3519 οἷον

192 3551 382 3624 ἐπαφῆκε
449 3562 537 3608 καὶ
623 3561 745 3618 τοὺς
819 3555 1215 3627 παραλαϐόντας
1295 3557 1450 3609 αὐτόν
1528 3553 1757 3629 δημίους

192 3645 293 3709 μετὰ
336 3653 428 3695 τῶν
483 3642 724 3717 σιδηρῶν
778 3645 975 3697 ἐκείνων
1033 3642 1259 3717 δεσμῶν,
1317 3645 1383 3695 ὧν
1450 3650 1750 3719 περιέκειτο,

194 3728 339 3801 ἁθρόον
367 3730 561 3786 δίδωσι
594 3744 667 3805 τῷ
698 3731 894 3806 ἐδάφει,
945 3730 1084 3805 μηδὲ
1115 3736 1234 3786 ὅσον
1265 3740 1567 3807 καταμύσαί
1598 3754 1755 3807 φησιν

191 3821 461 3890 τιηκόντας.
530 3824 593 3876 Ὀ
648 3826 843 3897 μάρτυς
919 3828 1087 3875 τοίνυν
1166 3824 1358 3885 αὐτοὺς
1426 3822 1752 3890 ἀναστήσας,

192 3910 371 3977 ἔχεσθαι
406 3921 498 3974 τῆς
551 3910 684 3965 ὁδοῦ
719 3911 988 3987 ἀνατρέπει
1034 3917 1123 3964 καὶ
1165 3916 1222 3964 τὸ
1256 3908 1615 3987 δεσμωτήριον
1664 3934 1755 3965 κα-

192 3998 475 4067 ταλαϐόντες,
527 4004 552 4053 6
608 4006 718 4074 μὲν,
768 4004 939 4074 ὥσπερ
998 4001 1064 4062 εἰς
1117 4002 1363 4073 εύωχίαν,
1411 4005 1598 4055 εἴσεισι
1627 4008 1751 4074 χαί-

192 4105 269 4157 ρων
320 4096 402 4142 καὶ
454 4100 556 4151 τοῖς
628 4090 730 4143 ἐκεῖ
776 4094 863 4142 τὸν
915 4098 1004 4151 τῆς
1051 4096 1270 4151 πίστεως
1322 4093 1530 4165 προθεὶς
1575 4094 1751 4164 ἄρτον,

190 4181 258 4226 καὶ
305 4182 509 4241 τούτους
556 4177 939 4253 δεξιωσάμενος
986 4182 1051 4232 τὰ
1103 4180 1319 4252 μεγάλα,
1352 4186 1441 4232 καὶ
1492 4186 1584 4239 τήν
1616 4181 1755 4235 εύσέ-

192 4262 303 4316 ειιαν
348 4268 519 4331 αὐτοῖς
566 4275 824 4341 προπιὼν,
892 4269 1017 4331 ὅλως
1074 4277 1145 4339 τῷ
1204 4277 1417 4344 Χριστῷ
1473 4270 1755 4324 οἰκειοῦται

189 4357 259 4404 καί
296 4357 502 4410 υίοθετεῖ
567 4355 665 4411 διὰ
722 4366 814 4410 τοῦ
870 4357 1253 4431 βαπτίσματος.
1332 4359 1651 4431 Μαξιμιανός
1697 4358 1755 4413 δὲ

191 4446 305 4515 παρὰ
342 4455 435 4496 τῶν
486 4448 590 4498 ὑπὸ
642 4454 801 4518 χεῖρα
848 4450 1026 4518 μαθὼν
1069 4452 1157 4499 καὶ
1211 4444 1389 4508 δείσας
1446 4454 1517 4519 μή
1550 4449 1754 4511 πολλοῖς

191 4534 261 4581 καὶ
283 4532 440 4596 ἄλλοις
464 4536 622 4587 αὐτόν
665 4539 931 4609 ζημιώσῃ,
974 4541 1270 4608 παρίστησι
1301 4536 1452 4589 πάλιν
1481 4542 1565 4590 τόν
1598 4538 1753 4596 ἀθλη·

192 4622 268 4673 τὴν
301 4620 450 4693 ἐαυτῷ
502 4630 596 4677 καὶ
637 4625 790 4676 πάλιν
844 4624 927 4677 ἐπὶ
983 4629 1041 4677 τὸ
1088 4628 1245 4678 θύσαι
1300 4628 1590 4701 παρακαλεῖ
1644 4636 1755 4689 τοῖς

195 4705 354 4759 ἐκείνου
404 4713 531 4774 θεοῖς
590 4730 602 4743 ⁸
663 4715 796 4765 ἔνθεν
834 4732 913 4765 τοι
950 4718 1037 4765 καὶ
1096 4709 1249 4767 ἆθλον
1301 4724 1394 4768 τοῦ
1445 4719 1755 4789 πράγματος

194 4798 269 4850 τὴν
290 4799 557 4870 ἱερωσύνην
576 4802 719 4874 αύτῷ
754 4804 1111 4875 ὑπισχνεῖται.

255 5061 423 5116 ΙΔ’.Ὀ
477 5062 537 5119 δε
586 5070 717 5139 μετὰ
767 5067 1064 5142 παρρησίας
1117 5086 1128 5097 '
1196 5070 1330 5123 Ἀλλ’
1376 5072 1534 5145 ἱερεύς
1596 5073 1757 5143 ἔγωγε

203 5152 272 5197 καὶ
303 5155 390 5223 πρὸ
418 5164 515 5206 τῶν
568 5164 669 5208 σῶν
724 5156 909 5226 λόγων,
963 5160 1079 5228 ἔφη,
1122 5164 1208 5210 καὶ
1268 5161 1424 5232 ἱερεὺς
1476 5168 1565 5211 τοῦ
1617 5166 1753 5232 πρὼ’

202 5250 271 5285 του
309 5247 389 5292 καὶ
422 5244 577 5297 καλοῦ
630 5252 864 5317 ποιμένος
916 5253 1005 5299 καὶ
1058 5247 1341 5320 ἀρχιερέως
1397 5256 1647 5321 Χριστοῦ,
1703 5250 1758 5312 ὃς

205 5323 251 5372 οὗ
287 5335 367 5389 τῆς
413 5330 531 5402 ἐμῆς
576 5339 727 5406 μόνον
771 5334 1151 5408 μεταλαμϐάνει
1193 5341 1386 5409 σαρκὸς
1434 5344 1523 5389 καὶ
1571 5342 1760 5410 μέχρις

208 5412 305 5480 ἐμοῦ
345 5421 540 5474 κάτεισι
581 5420 655 5475 δι’
697 5423 802 5497 ἐμὲ,
853 5430 944 5477 καὶ
984 5432 1153 5478 ταῦτα
1195 5429 1319 5486 Θεὸς
1363 5427 1448 5491 ὢν,
1507 5426 1665 5489 οἷῡλός
1705 5446 1761 5479 τε

269 5608 286 5641 ⁸
310 5610 467 5672 Hebr.
498 5633 558 5687 ιι,
602 5620 688 5679 13.

1863 3370 2006 3425 dam
2034 3371 2192 3427 enim
2218 3373 2423 3429 divina
2441 3372 2629 3442 gratia
2644 3372 2902 3444 desuper
2920 3377 3247 3445 martyrem
3269 3373 3524 3429 circum-

1868 3459 2092 3526 volans,
2135 3466 2189 3516 et
2220 3462 2276 3517 in
2310 3478 2451 3518 eum
2487 3461 2685 3517 lucem
2724 3462 2973 3518 immisit
3011 3463 3439 3532 clarissimam,
3473 3468 3528 3520 et

1865 3563 1964 3603 eos
2016 3548 2121 3621 qui
2160 3549 2351 3620 ipsum
2393 3554 2762 3622 acceperant,
2822 3550 3070 3619 lictores,
3130 3568 3268 3608 cum
3323 3552 3526 3611 ferreis

1864 3638 2087 3710 quibus
2143 3644 2265 3694 erat
2300 3638 2687 3705 cirumdatus,
2745 3638 2996 3695 vinculis
3069 3640 3240 3697 humi
3277 3650 3525 3714 repente

1864 3727 2082 3797 dejicit,
2125 3743 2263 3783 cum
2302 3743 2377 3783 ne
2408 3729 2726 3784 connivere
2777 3728 3024 3800 quidem
3077 3730 3519 3788 sustinuissent.

1866 3814 2013 3871 Cum
2073 3832 2211 3872 vero
2251 3822 2475 3888 martyr
2513 3832 2616 3872 eos
2656 3816 2895 3873 fecisset
2933 3833 3193 3890 surgere,
3231 3819 3402 3889 jubet
3462 3824 3524 3877 ut

1866 3910 2126 3978 coeptum
2156 3908 2264 3961 iter
2293 3911 2594 3977 peragant.
2630 3908 2777 3961 Cum
2808 3909 3006 3962 autem
3032 3907 3436 3978 pervenissent
3459 3909 3522 3965 in

1866 4010 2185 4064 carcerem,
2227 3994 2553 4066 ingreditur
2590 3993 2683 4051 ille
2712 3994 2900 4061 laetus,
2942 3999 3224 4068 tanquam
3264 3996 3342 4053 ad
3382 4013 3522 4053 con-

1866 4084 2087 4140 vivium
2121 4104 2133 4144 :
2187 4090 2241 4140 et
2278 4101 2414 4141 cum
2444 4084 2528 4140 eis
2568 4084 2671 4157 qui
2712 4084 2830 4140 illic
2871 4090 3058 4151 erant,
3100 4085 3240 4141 ﬁdei
3296 4101 3521 4158 panem

1864 4176 2297 4246 proposuisset,
2356 4180 2412 4230 et
2461 4190 2565 4231 eos
2620 4174 2880 4244 benigne
2929 4180 2990 4231 et
3061 4175 3309 4231 comiter
3364 4182 3524 4235 esset

1866 4264 2199 4336 amplexus,
2253 4268 2308 4319 et
2333 4263 2418 4319 eis
2448 4262 2828 4336 propinasset
2874 4264 3156 4335 pietatem
3187 4280 3259 4321 ac
3315 4279 3523 4322 veram

1864 4354 2232 4425 religionem,
2266 4369 2363 4409 eos
2387 4354 2613 4410 Christo
2642 4358 2796 4409 totos
2816 4353 2948 4424 conj
2962 4353 3130 4423 ungit
3150 4360 3207 4410 et
3219 4354 3520 4421 conciliat,

1864 4449 1921 4500 et
1948 4445 2079 4515 ejus
2103 4443 2416 4515 adoptivos
2437 4442 2592 4498 ﬁlios
2627 4441 2804 4498 eﬁicit
2837 4457 2940 4513 per
2980 4443 3367 4515 baptismum.
3408 4445 3524 4501 Ma-

1863 4533 2167 4589 ximianus
2223 4537 2422 4588 autem
2463 4548 2599 4587 cum
2638 4531 2750 4586 hoc
2808 4533 3137 4604 accepisset
3176 4532 3255 4589 ab
3293 4533 3366 4589 iis
3419 4532 3524 4606 qui

1864 4626 2035 4679 erant
2050 4622 2101 4677 ei
2124 4620 2399 4693 subjecti,
2425 4628 2480 4676 et
2501 4619 2816 4687 timuisset,
2832 4636 2905 4677 ne
2925 4622 3252 4679 multorum
3268 4622 3524 4679 aliorum

1865 4713 2080 4768 faceret
2105 4711 2427 4782 jacturam,
2438 4709 2609 4780 jubet
2623 4726 2831 4767 rursus
2858 4711 2935 4766 ad
2951 4727 3014 4768 se
3046 4711 3268 4767 adduci
3303 4717 3524 4785 marty-

1862 4817 2013 4866 rem,
2045 4806 2101 4856 et
2127 4815 2330 4856 rursus
2368 4798 2735 4867 adhortatur,
2780 4805 2843 4855 ut
2869 4800 2982 4856 diis
3010 4800 3169 4856 illius
3206 4800 3520 4858 sacriﬁcet.

1865 4892 1991 4956 Quo
2020 4893 2289 4962 tempore
2315 4890 2493 4960 hujus
2530 4904 2772 4962 quoque
2799 4889 2881 4945 rei
2914 4890 3233 4961 praemium
3271 4890 3324 4946 ei
3355 4889 3523 4963 polli-

1864 4985 2026 5035 cetur
2066 4977 2485 5035 sacerdotium.

1936 5068 2030 5123 XI.
2074 5068 2170 5124 Ille
2200 5072 2399 5123 autem
2436 5066 2653 5122 libere:
2701 5067 2770 5122 At
2796 5081 2928 5137 ego,
2962 5066 3174 5138 inquit,
3235 5070 3371 5124 ante
3420 5071 3525 5123 tua

1865 5158 2050 5213 verba
2088 5174 2223 5212 sum
2268 5157 2547 5212 sacerdos
2587 5155 2766 5227 primi
2805 5161 2860 5211 et
2900 5156 3101 5225 magni
3154 5160 3211 5211 et
3254 5155 3523 5227 praeclari

1870 5246 2129 5303 Pastoris
2168 5252 2225 5302 et
2254 5244 2552 5301 Pontiﬁcis
2574 5244 2804 5310 Christi,
2845 5245 2945 5316 qui
2978 5259 3099 5300 non
3131 5243 3330 5300 solum
3372 5261 3523 5302 mea:

1868 5336 2064 5393 carnis
2103 5342 2187 5391 est
2226 5335 2535 5407 particeps,
2577 5340 2633 5389 et
2671 5334 2747 5390 ad
2784 5349 2879 5389 me
2917 5349 3108 5406 usque
3146 5340 3389 5405 propter
3428 5351 3524 5391 me

1870 5424 2175 5482 descendit
2205 5424 2423 5497 :idque
2453 5438 2592 5479 cum
2623 5423 2696 5480 sit
2729 5423 2883 5479 Deus
2911 5438 3125 5496 expers
3157 5423 3440 5492 materias,
3469 5428 3527 5481 et
