4062 6222
505 347 609 402 183

1926 344 2159 403 ΜΕΝΞΙξ

2269 345 2442 401 [ΑΙΟΞ
3765 347 3861 402 184

504 473 610 546 qui
632 487 752 529 non
770 476 969 543 potest
989 474 1415 545 comprehendi
1435 493 1448 532 :
1480 475 1581 531 sed
1595 474 1770 531 etiam
1802 472 2159 530 sacriﬁcavit

2269 476 2354 524 xui
2393 471 2741 545 ἀπερίληπτος
2772 484 2786 499 ⁶
2830 468 2958 522 ἀλλὰ
2986 475 3075 523 καὶ
3117 471 3298 524 ἑαυτὸν
3348 473 3554 525 τέθυκεν
3603 472 3732 546 ὑπὲρ
3763 480 3862 524 τῶν

504 562 769 633 seipsum
796 576 907 632 pro
937 561 1142 616 ovibus
1183 579 1196 628 ;
1228 567 1283 619 et
1321 564 1378 619 in
1411 581 1647 621 crucem
1688 569 1875 628 actus,
1905 567 2157 619 mortem

504 649 784 720 suscepit,
809 653 865 703 et
884 647 978 704 die
998 651 1165 705 tertio
1187 653 1524 718 resurrexit,
1547 657 1604 708 et
1633 652 1692 707 in
1707 651 1924 707 caelum
1955 666 2158 705 rursus

505 737 790 800 ascendit,
821 753 915 792 me
938 753 1178 810 quoque
1211 739 1386 795 simul
1415 742 1692 804 evehens,
1719 740 1815 812 qui
1843 739 1998 794 illinc
2016 738 2160 794 ceci-

504 827 714 883 deram
774 833 1018 897 propter
1075 827 1559 885 inobedientiam.
1611 829 1798 900 Hujus
1861 843 1997 883 sum
2050 841 2159 898 ego

507 914 805 978 sacerdos,
833 920 889 969 et
918 915 969 970 ei
992 916 1287 988 meipsum
1318 918 1724 974 statuioﬂerre
1751 917 2024 973 hostiam.
2049 918 2160 971 Res

506 1011 707 1062 autem
738 1009 964 1070 vestrae,
998 1009 1054 1060 et
1108 1013 1454 1071 vestrorum,
1503 1012 1565 1062 ut
1612 1006 1825 1072 dicitis,
1881 1005 2155 1072 deorum,

506 1094 704 1163 dignae
753 1098 896 1149 sunt
947 1098 1114 1150 nocte
1157 1099 1214 1150 et
1243 1095 1500 1165 angulis,
1557 1101 1611 1151 et
1667 1112 1802 1168 quae
1845 1095 2161 1165 lugeantur

506 1182 699 1255 potius
712 1186 954 1254 propter
969 1183 1272 1240 interitum
1284 1185 1755 1242 etcalamitatem
1778 1200 1959 1256 quam
1981 1199 2159 1256 appe-

505 1271 708 1324 tantur
740 1267 1090 1324 maledictis.

575 1357 694 1410 XII.
728 1355 825 1410 His
853 1356 931 1411 ita
957 1357 1214 1428 percitus
1245 1359 1592 1430 imperator,
1616 1359 1783 1429 jubet
1808 1373 2159 1428 generosum

507 1445 853 1502 Anthimum
883 1445 1020 1501 duci
1051 1446 1128 1503 ad
1173 1453 1440 1503 mortem.
1472 1448 1716 1504 Ducitur
1745 1463 1887 1518 ergo
1916 1446 2157 1512 athleta,

506 1550 613 1606 spe
644 1533 978 1590 futurorum
1011 1535 1241 1592 habens
1272 1536 1568 1607 vigentem
1593 1537 1879 1594 lmtitiam.
1931 1539 1996 1592 Et
2021 1553 2157 1592 cum

505 1622 872 1697 pervenisset
924 1624 1001 1681 ad
1055 1626 1272 1695 locum,
1305 1628 1364 1681 in
1397 1642 1518 1699 quo
1562 1631 1684 1682 erat
1749 1642 1855 1698 per
1907 1630 2159 1682 mortem

506 1716 898 1786 perventurus
925 1715 998 1769 ad
1043 1716 1225 1771 vitam
1258 1715 1359 1787 (2),
1391 1716 1468 1771 ad
1499 1715 1864 1788 precandum
1897 1719 2159 1785 tempore

507 1803 684 1874 petito
723 1808 779 1861 et
806 1809 1069 1876 accepto,
1124 1820 1257 1860 cum
1304 1809 1611 1876 postremo
1655 1813 1808 1861 esset
1859 1808 2158 1875 precatus,
2191 1823 2235 1878 Β

507 1898 564 1950 et
589 1893 777 1952 Deum
809 1894 1121 1959 allocutus,
1140 1892 1191 1948 ei
1206 1893 1443 1948 beatum
1465 1893 1608 1949 illud
1622 1898 1804 1966 caput
1818 1898 2160 1965 amputatur

507 1985 679 2042 tertio
703 1984 922 2041 mensis
955 1983 1334 2055 Septembris.
1362 1985 1611 2054 Vespere
1637 1989 1837 2039 autem
1870 1983 2162 2039 acceden-

505 2076 592 2128 tes
645 2075 895 2146 quidam
919 2071 1148 2138 ﬁdeles,
1176 2087 1312 2127 cum
1342 2071 1665 2143 pretiosum
1724 2087 1942 2144 corpus
2001 2071 2160 2126 illius

507 2163 1240 2232 sustulissent,sancteque
1253 2166 1308 2216 et
1321 2160 1641 2217 honoriﬁce
1657 2161 2159 2233 composuissent,

505 2251 564 2307 in
597 2252 733 2323 ipso
761 2252 914 2314 loco,
948 2252 1009 2305 in
1038 2265 1160 2322 quo
1224 2248 1336 2305 fuit
1384 2257 1861 2316 consummatus,
1920 2251 2162 2322 pulchre

504 2340 829 2412 deponunt,
850 2340 1160 2396 laudantes
1189 2340 1438 2406 Patrem,
1463 2347 1518 2396 et
1542 2341 1763 2406 Filium,
1795 2346 1850 2397 et
1877 2341 2161 2413 Spiritum

506 2434 803 2496 sanctum,
829 2445 1011 2485 unam
1045 2429 1415 2484 divinitatem
1439 2433 1496 2486 et
1524 2446 1776 2500 regnum
1809 2431 1936 2498 ;cui
1963 2430 2163 2486 omnis

507 2518 720 2591 gloria,
768 2519 961 2575 honor
1010 2522 1064 2574 et
1111 2518 1379 2575 adoratio
1423 2518 1485 2574 in
1542 2519 1758 2576 saecula
1812 2520 2162 2576 saeculorum

507 2607 716 2663 Amen.

2267 559 2561 636 προϐάτων,
2593 564 2681 612 καὶ
2716 567 2944 632 σταυροὺ
2973 564 3176 630 ’γεύεται
3203 565 3293 612 καὶ
3318 563 3562 625 θανάτου,
3595 567 3682 614 καὶ
3711 566 3866 634 τριή-

2268 669 2416 723 μερος
2447 648 2741 713 ἀνίσταται,
2776 653 2864 700 καὶ
2914 649 2983 710 εἰς
3014 649 3264 723 οὐρανοὺς
3309 651 3473 702 ἄνεισι
3501 650 3674 718 πάλιν,
3711 670 3864 703 συνα-

2267 743 2492 812 ναφέρων
2523 758 2584 810 με
2612 741 2697 790 τὸν
2728 737 2913 790 ἐκεῖθεν
2954 734 3047 789 διὰ
3077 742 3170 796 τὴν
3209 744 3478 808 παρακοήν
3513 745 3816 792 πεπτωκότα
3845 757 3856 768 ’

2269 831 2454 879 τούτου
2523 830 2682 898 ἱερεὺς
2731 830 2830 898 ἐγὼ
2877 830 2963 877 καὶ
3014 830 3179 898 τούτῳ
3228 835 3582 900 προσαγαγεῖν
3641 827 3863 900 ἐμαυτόν

2272 919 2457 969 θυσίαν
2485 921 2792 990 προῄρημαι
2834 932 2846 945 °
2880 918 2946 966 τὰ
2980 912 3038 968 δὲ
3075 917 3295 988 ὑμέτερα
3324 921 3414 969 καὶ
3445 926 3543 968 τῶν
3582 919 3862 990 ὑμετέρων,

2269 1007 2336 1067 ὥς
2369 1024 2508 1077 φατε,
2545 1007 2688 1070 θεῶν,
2721 1007 2902 1064 νυκτὸς
2931 1004 3054 1066 ἄξια
3084 1009 3172 1056 καὶ
3202 1010 3392 1075 γωνίας
3419 1007 3739 1079 θρηνούμενα
3770 1002 3866 1057 διὰ

2267 1099 2358 1152 τὴν
2413 1093 2665 1146 ἀπώλειαν
2710 1099 2799 1146 καὶ
2837 1097 2931 1151 τὴν
2984 1096 3251 1166 συμφορὰν
3295 1094 3482 1167 μᾶλλον
3513 1096 3542 1154 ἢ
3594 1091 3866 1169 λοιδορούο

2269 1202 2415 1255 μενοι.

2343 1361 2438 1415 ΙΒ’.
2514 1363 2726 1422 Τούτοις
2809 1361 3096 1434 amcam
3166 1367 3238 1430 τῷ
3311 1362 3457 1431 θυμῷ
3512 1363 3861 1432 Μαξιμιανὸς,

2270 1451 2459 1503 κελεύει
2510 1453 2596 1501 τόν
2626 1457 2856 1521 ’γενναῖον
2909 1447 3157 1512 Ἂνθιμιον
3212 1454 3305 1507 τὴν
3358 1452 3440 1501 ἐπὶ
3489 1452 3704 1502 θάνατον
3737 1452 3862 1521 ἄγε-

2272 1543 2395 1593 σθαι
2428 1557 2440 1569 ’
2483 1541 2662 1611 ἄγεται
2713 1543 2878 1590 τοίνυν
2923 1539 2948 1589 ὁ
2997 1538 3218 1599 ἀθλητὴς
3275 1537 3669 1609 ἐνακμοίζουσαν
3723 1539 3866 1610 αὐτῷ

2271 1637 2332 1701 τῇ
2383 1637 2481 1680 τῶν
2530 1627 2809 1700 μελλόντων
2861 1627 3143 1700 ἐπαγγελίᾳ
3193 1631 3328 1699 ἔχων
3363 1632 3456 1686 τὴν
3495 1625 3691 1686 ἡδονήν
3727 1649 3739 1660 ·
3775 1633 3866 1680 καὶ

2270 1722 2356 1769 τόν
2403 1719 2558 1769 τόπον
2611 1716 2933 1783 καταλαϐὼν,
2996 1715 3044 1768 ἐν
3194 1714 3287 1770 διὰ
3331 1726 3422 1769 τοῦ
3471 1719 3692 1771 Θανάτου
3737 1722 3868 1790 πρός

2270 1811 2362 1864 τὴν
2417 1807 2554 1867 ζωήν
2602 1807 2771 1878 ἔμελλε
2841 1803 3113 1873 διαϐῆναι,
3172 1810 3351 1880 καιρὸν
3411 1807 3481 1868 εἰς
3552 1812 3864 1881 προσευχὴν

2271 1897 2514 1961 αἰτήσας,
2561 1900 2649 1947 καὶ
2695 1894 2884 1956 λαϐὼν,
2929 1900 3019 1947 καὶ
3079 1899 3146 1948 τὰ
3193 1895 3462 1948 τελευταῖα
3508 1896 3868 1970 προσευξάμεο

2268 2006 2352 2047 νος
2407 1990 2496 2037 καὶ
2545 1981 2843 2056 διαλεχθεὶς
2885 1992 2957 2054 τῷ
3011 1992 3146 2055 Θεῷ,
3199 1989 3294 2041 τὴν
3351 1990 3612 2060 μακαρίαν
3667 1988 3867 2042 ἐκείνην

2268 2074 2488 2147 κεφαλὴν
2549 2073 2865 2147 ἀφαιρεῖται,
2920 2078 3069 2147 τρίτῃ
3123 2081 3216 2126 τοῦ
3278 2074 3621 2146 Σεπτεμϐρίου
3677 2079 3862 2146 μηνός.

2266 2163 2511 2238 Ἐσπέρας
2555 2160 2615 2214 δέ
2657 2181 2790 2222 τινες
2837 2167 3239 2236 παραγενόμενοι
3281 2171 3380 2214 τῶν
3423 2172 3642 2227 πιστῶν,
3684 2168 3867 2215 καὶτὸ

2270 2253 2461 2306 ἐκείνου
2496 2260 2648 2323 σῶμα
2677 2255 2734 2303 τὸ
2757 2255 2926 2322 τίμιον
2968 2249 3275 2323 ἀνελόμενοι,
3305 2257 3393 2303 καὶ
3433 2252 3588 2312 ὁσίως
3614 2257 3706 2304 καὶ
3733 2252 3864 2323 λαμ-

2269 2350 2411 2414 πρῶς
2458 2339 2884 2412 περιστείλαντες,
2935 2340 3056 2414 παρ’
3098 2340 3252 2392 αὑτὸν
3301 2343 3386 2392 τὸν
3434 2350 3528 2403 τῆς
3556 2341 3872 2402 τελειώσεως

2267 2436 2421 2483 τόπον
2481 2427 2777 2503 διαπρεπῶς
2829 2431 2961 2499 οἴγαν
3007 2432 3368 2494 κατατιθέασι,
3418 2426 3720 2492 δοξάζοντες
3753 2437 3874 2482 Πα-

2269 2524 2412 2594 τέρα,
2463 2524 2551 2571 καὶ
2604 2521 2742 2582 Υἰὸν,
2792 2523 2880 2570 καὶ
2933 2525 3140 2589 Πνεῦμα
3185 2517 3355 2589 ἅγιον,
3407 2523 3500 2576 τὴν
3553 2523 3676 2591 μίαν
3732 2521 3868 2571 θειό-

2271 2628 2406 2666 τητα
2455 2612 2544 2659 καὶ
2593 2606 2888 2680 βασιλείαν,
2922 2608 3161 2682 ἧπρέπει
3202 2613 3346 2659 πᾶσα
3396 2604 3545 2672 δόξα,
3595 2612 3720 2680 τιμὴ
3777 2613 3872 2660 καὶ

2272 2699 2632 2772 προσκύνησις
2681 2695 2748 2757 εἰς
2802 2699 2923 2758 τοὺς
2980 2695 3167 2756 αἰῶνας
3217 2705 3316 2748 τῶν
3392 2697 3606 2752 αἰώνων.
3677 2697 3872 2769 ’Δμην.

577 2817 654 2890 (2)
685 2816 833 2873 Vide
863 2815 1074 2872 Euseb.
1103 2816 1241 2873 Hist.
1267 2817 1492 2874 Eccles.
1531 2817 1632 2874 lib.
1658 2835 1774 2884 vui,
1808 2835 1858 2875 c.
1883 2824 1933 2886 6,
1968 2825 2024 2877 et
2051 2822 2268 2882 Baron.
2307 2838 2407 2879 an.
2448 2826 2574 2880 302.

1333 3118 2181 3285 MENSIS
2308 3119 3042 3286 MAIUS

967 3562 1160 3682 DE
1247 3560 1804 3684 SANCTO
1892 3562 2588 3687 PHILIPPO
2675 3563 3416 3688 APOSTOLO

1615 3824 1940 3880 MARTYRE
1997 3825 2370 3882 HlEBAPOLI
2416 3827 2484 3882 IN
2545 3824 2874 3883 PHRYGIA.

793 3974 936 4037 (Maii
957 3974 1041 4025 die
1071 3976 1116 4024 1.
1149 3975 1270 4025 Acta
1297 3974 1599 4025 Sanctorum
1632 3976 1871 4025 Bolland.
1907 3976 2026 4026 Maii
2052 3979 2182 4027 tom.
2220 3977 2259 4035 ι,
2295 3991 2345 4041 p.
2377 3979 2407 4029 7
2441 3977 2624 4028 Latine
2658 3993 2670 4036 ;
2708 3977 2882 4029 Grmce
2906 3992 2957 4042 p.
2989 3977 3099 4035 733,
3124 3992 3186 4030 ex
3215 3979 3334 4030 cod.
3370 3980 3512 4043 Vat.)

589 4288 642 4343 1.
671 4285 932 4343 Celebris
969 4288 1060 4342 est
1098 4284 1175 4342 ad
1207 4285 1503 4342 Kalendas
1545 4286 1678 4343 Maii
1740 4286 2025 4343 memoria
2078 4288 2134 4344 S.
2190 4286 2437 4358 Philippi
2485 4287 2740 4359 apostoli
2791 4288 2851 4342 in
2903 4287 3336 4361 antiquissimis
3388 4288 3569 4346 Fastis
3627 4289 3891 4346 Latinis.

519 4379 925 4432 Pervetustum
947 4374 1346 4447 Martyrologii
1370 4375 1817 4447 Hieronymiani
1869 4374 2314 4448 apographum,
2367 4392 2402 4432 a
2448 4376 2603 4432 mille
2637 4392 2821 4448 prope
2860 4377 3034 4433 annis
3065 4382 3394 4443 exaratum,
3428 4394 3550 4449 quo
3577 4377 3656 4434 ab
3711 4377 3895 4436 initio

513 4465 710 4537 Operis
735 4468 799 4519 ut
831 4469 1035 4520 nostro
1065 4464 1156 4519 usi
1183 4481 1414 4528 sumus,
1439 4465 1722 4537 quodque
1745 4465 2278 4536 Epternacensibus
2306 4471 2363 4520 ut
2385 4481 2561 4520 suum
2588 4465 2958 4535 exigentibus
2975 4466 3896 4538 reddidimus,habetprazﬁxum

514 4553 850 4610 Indiculum
874 4553 946 4608 de
974 4553 1134 4608 festis
1164 4553 1572 4623 apostolorum
1586 4554 1821 4623 diebus,
1841 4559 1896 4610 et
1907 4554 2216 4610 referenda
2237 4554 2314 4610 ad
2348 4553 2638 4609 Kalendas
2660 4554 2788 4610 Maii
2807 4554 2923 4609 ista
2947 4555 3211 4624 suggerit
3236 4571 3247 4608 :
3269 4575 3292 4606 ι
3318 4555 3538 4611 Natalis
3556 4555 3898 4630 S.Philippi

515 4642 789 4715 apostoli,
821 4643 879 4698 in
911 4642 1140 4698 civitate
1173 4643 1480 4715 Hierapoli
1513 4643 1827 4715 provinciae
1855 4643 2018 4698 Asiae.
2057 4665 2080 4695 υ
2113 4644 2316 4698 Verum
2344 4642 2403 4697 in
2428 4647 2703 4697 contextu
2734 4643 3130 4714 Martyrologii
3162 4642 3241 4698 ad
3269 4643 3568 4701 Kalendas
3588 4644 3715 4701 Maii
3751 4646 3903 4703 hec

517 4731 708 4786 solum
743 4731 1016 4801 leguntur
1043 4748 1056 4786 :
1086 4752 1110 4782 α
1140 4731 1355 4787 Natalis
1378 4736 1723 4788 sanctorum
1750 4732 2158 4804 apostolorum
2185 4731 2506 4803 Philippiet
2529 4729 2795 4786 Jacobi.»
2821 4731 2886 4785 In
2903 4733 3256 4803 apographo
3271 4732 3612 4789 Corbeiensi
3638 4735 3903 4792 Parisiis

513 4835 738 4876 excuso
764 4820 1027 4891 ejusdem
1072 4820 1462 4892 Martyrologii
1512 4821 1953 4893 Hieronymiani
1980 4823 2061 4876 ita
2082 4820 2337 4876 habetur
2369 4838 2381 4875 :
2435 4840 2458 4870 α
2495 4823 2557 4874 ln
2605 4820 2751 4876 Asia
2783 4818 3082 4892 Hierapoli
3114 4822 3212 4878 SS.
3247 4821 3500 4895 Philippi
3531 4822 3784 4894 apostoli
3830 4830 3911 4881 et

513 4909 734 4964 Jacobi.
788 4930 812 4961 ι
850 4909 931 4964 De
960 4911 1014 4966 S.
1042 4909 1283 4978 Jacobo,
1335 4910 1437 4982 qui
1470 4926 1589 4966 non
1618 4915 1844 4981 spectat
1887 4910 1961 4966 ad
2010 4908 2376 4979 Hierapolim,
2428 4923 2569 4964 mox
2601 4909 2853 4963 seorsim
2885 4924 3162 4978 agemus.
3206 4910 3434 4966 Similia
3490 4911 3564 4966 de
3618 4916 3907 4985 utroque

514 4997 809 5053 habentur
835 4999 894 5052 in
925 4998 1360 5068 antiquioribus
1395 4998 1581 5054 Fastis
1604 5015 1744 5054 mss.
1774 5015 1928 5071 quos
1941 5014 2059 5052 non
2080 5001 2171 5052 est
2199 5013 2392 5068 operae
2421 4996 2965 5068 pretiumindicare.
2987 4999 3352 5055 Venerabilis
3369 5000 3604 5057 Bedain
3625 5003 3908 5071 genuino

514 5102 624 5143 suo
655 5086 1090 5159 Martyrologio,
1118 5087 1282 5158 quod
1321 5091 1458 5142 ante
1490 5093 1720 5143 tomum
1741 5086 2073 5143 secundum
2118 5091 2395 5142 Actorum
2444 5086 2628 5140 Martii
2658 5102 2730 5141 ex
2751 5091 2885 5143 octo
2916 5088 3176 5161 antiquis
3215 5088 3517 5145 codicibus
3547 5089 3906 5160 edidimus,

517 5176 627 5233 ista
658 5176 859 5232 scribit
892 5193 903 5230 :
934 5197 961 5225 «
987 5176 1050 5229 In
1081 5175 1370 5247 Hierapoli
1402 5176 1652 5248 Philippi
1683 5175 1956 5246 apostoli,
1992 5180 2044 5230 et
2066 5174 2269 5230 Jacobi
2301 5174 2555 5246 apostoli
2583 5174 2780 5229 fratris
2813 5176 3067 5232 Domini.
3107 5199 3128 5226 ι
3162 5177 3341 5234 Addit
3372 5177 3575 5234 Florus
3605 5195 3616 5232 :
3653 5200 3682 5229 «
3725 5181 3911 5245 Quo-

517 5281 652 5321 rum
675 5266 903 5335 primus
936 5264 995 5318 in
1021 5264 1160 5319 Asia
1187 5263 1247 5319 in
1277 5264 1508 5320 civitate
1539 5264 1827 5335 Hierapoli
1853 5264 2168 5335 provinciae
2191 5264 2457 5336 Phrygiae
2487 5281 2698 5335 passus
2715 5269 2824 5331 est,
2860 5266 3060 5338 ibique
3079 5282 3216 5323 cum
3240 5267 3479 5324 ﬁliabus
3505 5269 3625 5324 suis
3650 5272 3919 5342 requie-

520 5353 646 5407 scit.
673 5374 696 5402 »
723 5353 1019 5418 Rabanus,
1044 5357 1215 5408 aetate
1246 5355 1576 5424 proximus.
1596 5353 1681 5408 sic
1703 5352 1940 5407 scribit:
1967 5373 1990 5402 (ι
2013 5354 2075 5406 ln
2119 5351 2409 5424 Hierapoli
2442 5353 2682 5426 Philippi
2714 5355 2985 5426 apostoli,
3028 5357 3130 5428 qui
3163 5355 3564 5413 Ebionitarum
3605 5358 3916 5418 haeresim

519 5440 816 5503 exstinxit,
857 5447 913 5496 et
963 5441 1186 5514 quievit
1211 5442 1267 5496 in
1297 5457 1463 5513 pace.
1492 5463 1515 5492 υ
1549 5441 1850 5508 Usuardus
1879 5443 2099 5513 scripto
2130 5441 2440 5498 mandavit
2471 5443 2596 5498 haec
2629 5444 2808 5500 verba
2835 5463 2848 5500 :
2880 5462 2908 5494 ‹‹
2939 5444 3138 5501 Natale
3164 5445 3572 5517 apostolorum
3629 5446 3922 5522 Philippi

520 5533 574 5582 et
601 5527 829 5593 Jacobi,
887 5544 956 5583 ex
985 5528 1205 5601 quibus
1238 5530 1542 5603 Philippus
1565 5534 1886 5602 postquam
1907 5530 2202 5602 Scythiam
2255 5531 2331 5586 ad
2360 5530 2542 5588 ﬁdem
2573 5532 2779 5589 Christi
2827 5534 3230 5602 convertisset,
3283 5533 3439 5606 apud
3497 5534 3923 5608 Hierapolim,

518 5616 667 5672 Asiae
692 5615 1016 5684 civitatem,
1051 5617 1314 5688 glorioso
1341 5619 1454 5676 fine
1485 5618 1726 5692 quievit.
