4084 6216
276 295 360 351 185
1392 288 1557 343 VITA
1598 288 1656 343 S.
1703 288 1889 344 PHILI

1973 289 2016 343 ’I
2061 287 2429 344 APOSTOLI.
3483 291 3586 346 186

321 423 362 472 2.
378 416 496 473 Ado
511 416 987 488 archiepiscopus
1001 414 1368 479 Viennensis,
1386 413 1439 468 in
1454 413 1653 470 libello
1668 415 1751 471 De
1757 415 2185 484 festivitatibus
2196 422 2533 471 sanctorum
2545 415 2971 484 apostolorum,
2994 413 3106 469 hoc
3129 413 3384 484 elogium
3398 415 3582 473 edidit

267 531 278 557 ι
320 507 517 563 Natalis
548 506 856 562 beatorum
882 504 1291 576 apostolorum
1319 503 1566 575 Philippi
1589 509 1644 560 et
1674 504 1914 560 Jacobi:
1946 522 2018 560 ex
2044 505 2264 576 quibus
2284 505 2606 576 Philippus,
2642 521 2780 560 cum
2814 519 2962 574 pene
2997 504 3301 574 Scythiam
3343 521 3588 561 conver-

263 597 418 662 tisset,
443 594 809 663 diaconibus,
844 593 1202 666 presbyteris
1225 597 1280 648 et
1305 592 1602 664 episcopis
1623 593 1702 647 ibi
1729 593 2080 658 constitutis,
2111 609 2382 649 reversus
2413 593 2598 650 estad
2625 594 2846 657 Asiam,
2873 592 2973 647 ubi
3006 592 3288 647 continua
3306 593 3590 662 praedica-

263 686 392 740 tione
413 699 512 753 per
536 684 760 756 aliquot
787 699 980 740 annos
1005 683 1306 745 insistens,
1345 681 1784 738 multitudinem
1815 684 2177 755 populorum
2213 684 2461 747 Christo,
2491 682 2800 739 laboribus
2829 682 2938 752 piis
2972 696 3210 752 semper
3235 682 3584 753 inserviens,

257 773 489 828 lucratus
513 778 601 827 est
632 789 642 826 :
671 773 893 844 quique
919 771 1082 844 apud
1115 770 1466 842 Hierapolim
1485 772 1632 826 Asiae
1655 772 1950 827 civitatem
1982 773 2260 828 dormivit
2285 789 2423 828 cum
2455 772 2722 843 patribus
2752 771 3088 836 suis,beato
3111 771 3228 824 tine
3256 770 3540 840 sepultus.
3563 793 3584 822 ι

262 865 371 917 Haec
395 860 520 916 Ado
549 879 566 927 ;
597 861 813 933 quibus
836 860 1005 916 addit
1032 859 1320 915 Notkerus
1348 876 1360 913 :
1395 879 1419 909 α
1452 860 1745 915 Exstincta
1771 860 1980 916 haeresi
2009 861 2438 925 Ebionitarum,
2464 862 2567 933 qui
2601 861 2895 918 Christum
2926 862 3125 915 Jesum
3152 864 3289 914 ante
3315 859 3592 915 Incarna-

258 949 410 1005 tionis
438 954 670 1021 tempus
695 949 874 1005 fuisse
899 949 1221 1021 negabant.
1259 952 1360 1003 nln
1385 948 1675 1003 hodierno
1697 950 2111 1022 Martyrologio
2139 953 2407 1007 Romano
2419 951 2723 1006 adduntur
2745 949 3033 1004 nonnulla
3058 949 3130 1003 de
3157 948 3285 1018 ejus
3301 949 3588 1019 martyrio

255 1038 332 1094 his
356 1037 540 1093 verbis
573 1055 587 1094 :
615 1059 642 1090 α
669 1039 888 1094 Natalis
916 1038 1229 1094 beatorum
1259 1038 1671 1109 apostolorum
1689 1039 1936 1110 Philippi
1962 1040 2255 1104 etJacobi,
2284 1055 2354 1095 ex
2386 1040 2606 1111 quibus
2640 1039 2962 1111 Philippus,
2997 1043 3317 1110 postquam
3344 1053 3584 1093 omnem

253 1126 353 1182 fere
379 1128 675 1199 Scythiam
706 1128 784 1183 ad
809 1128 991 1184 ﬁdem
1018 1127 1222 1184 Christi
1245 1127 1650 1190 convertisset,
1679 1129 1842 1199 apud
1868 1129 2224 1200 Hierapolim
2255 1129 2405 1184 Asiae
2435 1130 2749 1194 civitatem,
2783 1128 2941 1183 cruci
2964 1126 3589 1197 afﬁxus,etlapidibus

253 1215 493 1280 obrutus,
529 1216 787 1287 glorioso
822 1217 936 1272 ﬁne
966 1217 1210 1290 quievit.
1242 1237 1270 1268 ι)
1308 1219 1436 1271 Haec
1463 1215 1562 1284 ibi,
1583 1217 1801 1288 quibus
1815 1218 2030 1273 similia
2048 1219 2104 1272 in
2134 1235 2244 1273 suo
2275 1218 2694 1290 Martyrologio
2721 1217 2899 1273 tradit
2920 1216 3344 1272 Galesinius.At
3365 1219 3591 1272 Mauro-

251 1304 396 1375 lycus
421 1304 728 1376 aliquanto
755 1305 930 1377 plura
957 1306 1336 1371 interserens,
1364 1326 1392 1356 ‹‹
1419 1305 1642 1370 Natale,
1670 1305 2206 1378 inquit,beatorum
2235 1308 2648 1380 apostolorum
2682 1306 2930 1377 Philippi
2954 1304 3248 1369 etJucobi,
3279 1305 3588 1377 exquibus

251 1393 542 1465 Philippus,
566 1399 894 1467 postquam
928 1395 1229 1467 Scythiam
1260 1395 1336 1451 ad
1367 1394 1550 1451 ﬁdem
1566 1395 1774 1450 Christi
1794 1396 2464 1467 convertit,ubidejecto
2491 1397 2684 1452 Martis
2698 1394 3019 1450 simulacro
3033 1400 3297 1449 erexerat
3328 1409 3586 1458 crucem,

247 1487 292 1536 et
315 1480 670 1538 venenosum
692 1486 1018 1539 draconem
1053 1483 1476 1540 exterminarat
1509 1501 1522 1549 ;
1560 1484 1722 1555 apud
1758 1485 2115 1556 Hierapolim
2145 1486 2445 1541 civitatem
2473 1487 2624 1540 Asiae
2653 1485 2911 1553 glorioso
2936 1483 3054 1539 ﬁne
3076 1484 3331 1555 quievit:
3359 1484 3480 1538 sive
3511 1483 3587 1538 ab

247 1570 496 1626 Ebionilis
517 1574 679 1627 cruci
707 1572 922 1629 afﬁxus
953 1577 1008 1628 et
1034 1573 1333 1645 lapidatus
1358 1573 1638 1628 occubuit
1670 1589 1681 1626 :
1707 1573 1878 1643 juxta
1901 1590 2084 1645 quem
2111 1575 2246 1630 dum
2274 1575 2407 1630 tiliae
2435 1577 2564 1644 ejus
2594 1575 2854 1644 virgines
2885 1573 3188 1628 tumulatus
3213 1578 3349 1627 sunt
3381 1591 3395 1641 ;
3420 1573 3584 1627 tertia

246 1659 430 1730 Ephesi
446 1661 630 1731 jacet.
665 1684 692 1711 »
722 1664 853 1717 Haec
875 1661 1250 1734 Maurolycus
1283 1677 1296 1716 :
1326 1667 1540 1734 praeter
1555 1678 1691 1734 quae
1717 1662 2138 1719 Constantinus
2169 1664 2416 1720 Felicius
2437 1663 2726 1720 nonnulla
2757 1663 2965 1718 miscet
2995 1678 3067 1718 ex
3094 1663 3247 1718 Actis
3263 1662 3586 1727 Graecis,de

247 1747 430 1818 quibus
461 1764 604 1804 mox
648 1765 920 1819 agemus.

301 1840 343 1891 3.
380 1837 622 1894 Vocatio
654 1839 905 1910 Philippi
931 1841 1006 1896 ad
1041 1839 1441 1911 apostolatum
1473 1839 1775 1895 nonnullis
1805 1840 1984 1896 etiam
2022 1842 2206 1897 Fastis
2245 1841 2324 1897 ad
2350 1842 2416 1896 28
2463 1841 2763 1896 Februarii
2804 1841 3118 1896 ascribitur
3145 1857 3159 1894 :
3191 1839 3294 1894 sed
3343 1838 3456 1894 ista
3515 1854 3587 1894 ex

255 1941 281 1978 ιι
295 1926 495 1982 dieMaii
520 1927 709 1983 latius
739 1927 1094 1984 deducenda
1122 1927 1304 1993 fuere,
1339 1933 1402 1984 ut
1429 1929 1522 1984 via
1547 1934 1902 1986 sterneretur
1931 1931 2009 1986 ad
2034 1936 2166 1987 acta
2192 1931 2623 2002 Latina,primo
2641 1931 2771 1986 loco
2802 1930 3022 1999 danda,
3045 1930 3104 1984 in
3133 1929 3354 2000 quibus
3379 1928 3587 1986 omnia

250 2018 611 2081 continentur,
642 2034 776 2090 quae
803 2019 860 2074 in
875 2019 1067 2074 citatis
1082 2019 1510 2089 Martyrologiis
1526 2021 1912 2090 attinguntur.
1933 2021 2152 2076 Eadem
2175 2022 2318 2077 Acta
2333 2020 2546 2076 babem
2558 2037 2624 2075 us
2645 2020 2706 2074 in
2733 2020 2918 2074 tribus
2940 2018 3264 2074 illustribus
3277 2017 3584 2074 codicibus

243 2107 438 2170 nostris,
472 2123 742 2179 quorum
775 2107 989 2180 aliquis
1000 2113 1136 2164 ante
1148 2109 1520 2177 octingentos
1539 2124 1730 2165 annos
1745 2111 1976 2166 videtur
1989 2117 2289 2166 exaratus.
2311 2113 2591 2166 Praeterea
2605 2109 2944 2180 accepimus
2958 2108 3169 2164 eadem
3202 2106 3499 2178 descripta
3513 2123 3585 2162 ex

239 2195 448 2249 vetustis
478 2196 795 2251 codicibus
832 2197 1162 2252 Trevirensi
1197 2199 1252 2253 S.
1283 2198 1530 2261 Martini,
1565 2198 1788 2270 duplici
1819 2201 2253 2255 Audomarensi
2285 2199 2552 2254 Ecclesim
2580 2197 2961 2262 cathedralis,
2993 2197 3369 2266 Ultrajectino
3405 2196 3586 2252 eccle-

236 2282 319 2338 siae
348 2285 397 2340 S.
427 2285 772 2351 Salvatoris,
807 2288 1075 2342 Romano
1105 2286 1422 2342 cardinalis
1451 2289 1702 2343 Baronii.
1739 2289 2082 2344 Invenimus
2115 2289 2247 2359 ipsa
2273 2289 2451 2343 etiam
2483 2289 2542 2342 in
2590 2288 2779 2342 tribus
2819 2286 3038 2355 reginae
3066 2285 3288 2341 Sueciaa
3333 2285 3582 2354 signatis

233 2387 457 2428 numero
494 2377 585 2438 81,
621 2377 724 2430 482
752 2380 808 2430 et
840 2377 992 2443 1604,
1026 2376 1338 2431 Parisiensi
1368 2376 1685 2432 cardinalis
1728 2378 2021 2442 Mazarini,
2056 2377 2343 2433 Duacensi
2376 2377 2718 2432 monasterii
2762 2373 3583 2447 AquicinctiniBodecensi,in

233 2461 594 2533 Westphalia,
627 2467 686 2518 et
715 2464 773 2518 in
805 2464 1007 2519 codice
1035 2481 1144 2520 ms.
1179 2464 1488 2531 hospitalis
1510 2466 1566 2521 S.
1601 2466 1823 2522 Nicolai
1839 2483 2022 2539 prope
2047 2469 2260 2523 Cusam
2297 2483 2521 2538 :neque
2553 2466 2631 2521 ab
2658 2465 2748 2520 his
2775 2465 3007 2519 diversa
3029 2469 3185 2528 sunt,
3211 2479 3346 2534 quae
3373 2462 3584 2518 habuit

228 2557 402 2606 auctor
427 2551 698 2608 historiae
725 2553 798 2608 de
828 2553 1235 2610 Translatione
1265 2554 1493 2611 brachii
1525 2556 1579 2611 S.
1619 2555 1870 2628 Philippi
1893 2557 2268 2612 Florentium.
2300 2555 2666 2625 Legendaria
2693 2555 2740 2609 si
2768 2553 3034 2609 libuisset
3071 2561 3366 2615 excutere,
3408 2552 3581 2623 plura

221 2653 506 2710 possemus
527 2641 799 2698 indicare
815 2645 1108 2714 exempla.
1133 2642 1244 2700 Sed
1263 2643 1323 2698 in
1338 2645 1544 2715 primis
1562 2646 1967 2701 memorabilis
1983 2651 2073 2701 est
2086 2645 2256 2700 nobis
2270 2645 2482 2700 eadem
2496 2646 2638 2699 Acta
2651 2643 2961 2698 continens
2979 2641 3167 2696 codex
3181 2646 3579 2711 pervetustus,

221 2729 498 2799 quadratis
521 2730 857 2787 litterarum
879 2732 1157 2788 ductibus
1187 2733 1603 2788 etdiscrimine
1634 2735 2146 2806 diphthongorum
2178 2740 2356 2806 atque
2387 2734 2682 2788 vocalium
2711 2737 2985 2787 accurate
3017 2735 3248 2784 servato
3274 2735 3575 2793 exaratus,

221 2818 307 2889 qui
331 2819 466 2875 olim
498 2821 788 2891 pertinuit
809 2822 886 2877 ad
919 2829 1348 2878 monasterium
1379 2824 1475 2879 SS.
1512 2824 1660 2879 Petri
1713 2830 1767 2880 et
1821 2825 1981 2880 Pauli
2033 2826 2092 2879 in
2144 2823 2527 2892 Wissenburg
2577 2821 2848 2877 dioecesis
2910 2819 3224 2891 Spirensis,
3272 2833 3432 2872 nunc
3486 2823 3574 2873 est

223 2907 554 2979 amplissimi
583 2909 827 2965 baronis
854 2911 1093 2975 Blumii,
1123 2913 1342 2982 saepius
1375 2927 1412 2966 a
1441 2912 1612 2967 nobis
1640 2914 1973 2977 memorati,
2007 2913 2086 2969 ob
2113 2918 2414 2968 vetustum
2436 2909 2830 2982 Martyrologii
2855 2907 3298 2980 Hieronymiani
3320 2921 3572 2978 apogra-

221 2995 406 3067 phum,
432 2998 606 3070 quod
637 3000 766 3070 ipse
797 3015 866 3054 ex
897 2999 1110 3056 eodem
1142 3001 1503 3056 monasterio
1536 3008 1845 3073 acceptum
1879 3018 1987 3074 pro
2018 3020 2127 3059 sua
2157 3002 2527 3057 humanitate
2557 2998 3045 3056 communicavit.
3082 3000 3163 3052 Ex
3190 2997 3304 3052 hoc
3335 3002 3566 3051 vetusto

219 3085 402 3142 codice
432 3092 580 3144 Acta
593 3088 879 3144 virtutum
892 3095 945 3144 et
964 3090 1319 3162 passionum
1338 3095 1682 3146 sanctorum
1707 3092 1912 3148 Christi
1926 3091 2361 3164 apostolorum,
2387 3088 2706 3146 Reinoldus
2726 3088 3002 3154 Dehnius,
3032 3085 3329 3143 societatis
3348 3089 3569 3141 nostrae

221 3174 601 3248 vireruditus,
635 3177 940 3250 descripta
974 3179 1150 3235 nobis
1194 3179 1544 3235 transmisit.

277 3268 324 3321 4.
363 3267 695 3336 Prmﬁgitur
744 3268 882 3324 huic
911 3267 1100 3324 codici
1141 3289 1169 3320 α
1209 3269 1457 3341 epistola
1495 3269 1802 3337 Melitonis,
1844 3291 1874 3321 ι»
1914 3271 2041 3327 aliis
2081 3270 2291 3339 Melliti,
2331 3293 2359 3320 «
2399 3269 2662 3342 episcopi
2703 3266 3099 3332 Laodicensis,
3141 3264 3218 3321 ad
3266 3264 3571 3320 universos

217 3354 509 3428 episcopos
522 3363 577 3412 et
600 3356 888 3412 Ecclesias
902 3358 1359 3424 Catholicorum,
1377 3359 1450 3414 de
1464 3359 1730 3431 quodam
1753 3360 1981 3426 Leucio,
2002 3361 2104 3433 qui
2123 3360 2532 3433 quorumdam
2553 3359 2732 3414 Actus
2748 3355 3159 3429 apostolorum
3181 3354 3518 3426 scripserat.
3543 3373 3566 3404 »

220 3444 549 3501 Notathunc
581 3445 771 3502 Melito
792 3445 1062 3503 falsitatis
1090 3448 1274 3513 titulo,
1310 3449 1686 3520 potissimum
1718 3450 1861 3522 quia
1892 3450 2053 3515 dixit,
2094 3471 2118 3500 (ι
2157 3465 2260 3505 eos
2290 3449 2568 3504 docuisse
2595 3449 2716 3503 duo
2749 3446 3044 3518 principia
3068 3444 3211 3500 boni
3237 3449 3292 3500 et
3324 3443 3484 3508 mali,
3519 3446 3574 3498 et

219 3530 361 3589 bona
389 3551 424 3590 a
454 3534 624 3591 bono
645 3541 702 3590 et
730 3537 889 3592 mala
921 3553 956 3592 a
982 3537 1142 3593 malo
1177 3537 1509 3593 substitisse
1541 3538 1852 3611 principio.
1901 3559 1929 3590 »
1959 3539 2176 3594 Eadem
2229 3538 2479 3610 epistola
2521 3537 2847 3609 prmﬁgitur
2895 3541 3030 3590 ante
3070 3540 3211 3589 Acta
3243 3535 3298 3589 S.
3331 3532 3573 3589 Joannis

218 3622 578 3692 evangelista:
605 3624 770 3696 apud
793 3624 1192 3681 Florentinum
1217 3625 1294 3682 ad
1321 3627 1760 3697 Martyrolgium
1796 3628 2345 3699 Hieronymianum.
2381 3628 2589 3682 Mentio
2623 3624 2889 3697 praedicti
2925 3624 3136 3689 Leucii,
3162 3622 3292 3677 aliis
3328 3621 3567 3686 Leontii,

217 3709 423 3766 videtur
447 3711 578 3767 ﬁeri
608 3713 665 3768 in
694 3715 964 3770 Tractatu
1004 3716 1090 3771 De
1116 3716 1234 3782 ﬁde
1263 3717 1382 3772 sive
1424 3717 1496 3771 de
1533 3717 1770 3773 Unitate
1813 3718 2118 3772 Trinitatis
2165 3722 2375 3772 contra
2417 3715 2796 3778 Manichacus,
2831 3713 2934 3785 qui
2990 3718 3152 3766 tomo
3186 3712 3251 3765 VI
3306 3712 3567 3780 Operam

219 3798 265 3854 S.
303 3802 615 3872 Augustini
664 3804 997 3860 continetur
1044 3824 1055 3862 :
1089 3820 1297 3860 verum
1338 3821 1455 3860 non
1481 3805 1735 3861 habetur
1765 3807 1824 3861 in
1877 3804 2409 3862 Hetractationibus
2441 3806 2588 3872 ejus,
2621 3819 2815 3874 neque
2849 3803 2908 3856 in
2951 3800 3216 3855 Indiculo
3274 3797 3564 3865 Possidii;

218 3892 528 3963 asseritque
563 3891 871 3964 Philippus
907 3893 1104 3949 Labbe
1120 3895 1615 3963 DeScriptoribus
1629 3897 2060 3960 ecclesiasticis,
2090 3917 2109 3944 ι
2137 3894 2382 3949 evicisse
2417 3892 2800 3948 Sirmondum
2827 3892 2886 3945 in
2908 3891 3155 3945 Historia
3184 3887 3562 3942 Prmdestina-

218 3976 360 4034 tiana
391 3995 459 4034 ex
495 3979 620 4036 ﬁde
635 3996 776 4036 mss.
809 3982 1107 4051 codicum,
1129 3984 1428 4056 praecipue
1460 3984 2125 4057 Corbeiensis,quodsit
2149 3983 2353 4038 Evodii
2379 3981 2644 4053 episcopi
2673 3979 2988 4043 Uzalensis,
3022 4001 3044 4029 υ
3070 3980 3129 4032 in
3155 3975 3569 4032 Proconsulari

215 4069 510 4137 provincia
541 4067 758 4134 Africa,
785 4070 862 4126 ad
882 4086 1063 4144 quem
1095 4078 1328 4129 exstant
1365 4075 1539 4129 variae
1574 4074 1627 4127 S.
1663 4073 1972 4145 Augustini
2000 4073 2263 4145 epistolae
2291 4089 2302 4128 :
2335 4077 2395 4128 ut
2425 4071 2512 4128 vel
2553 4076 2693 4127 tunc
2721 4075 2856 4126 ante
2905 4068 3203 4124 indicatus
3233 4064 3422 4122 Melito
3447 4064 3569 4119 sive

218 4155 446 4212 Mellitus
477 4158 800 4232 episcopus
825 4160 1041 4216 vixisse
1071 4162 1361 4218 videatur.

279 4251 327 4300 5.
370 4249 516 4303 Sunt
545 4247 675 4303 haec
696 4250 1105 4320 apostolorum
1127 4257 1258 4307 acta
1277 4252 1664 4323 postmodum
1681 4253 1840 4307 varie
1859 4257 2052 4322 aucta,
2083 4257 2138 4307 et
2167 4251 2282 4306 sub
2304 4250 2546 4306 nomine
2565 4249 2791 4317 Abdiaa,
2815 4245 3155 4320 Babyloniae
3185 4244 3450 4317 episcopi
3492 4243 3569 4299 ab

216 4335 486 4404 apostolis
518 4337 794 4404 ordinati,
837 4341 1059 4412 saepius
1090 4357 1301 4397 recusa
1333 4360 1347 4408 ;
1380 4342 1552 4414 quasi
1579 4358 1650 4397 ea
1677 4359 1747 4396 ex
1775 4341 2059 4398 Hebraica
2090 4341 2150 4395 in
2181 4343 2444 4397 Graecam
2483 4339 2752 4408 linguam
2803 4336 3198 4393 transtulisset
3245 4333 3570 4405 discipulus

217 4424 401 4480 Abdia:
431 4429 772 4499 Eutropius,
806 4435 860 4483 et
890 4429 1027 4485 hinc
1053 4430 1111 4485 in
1145 4432 1408 4486 Latinam
1432 4432 1676 4487 vertisse
1706 4448 1768 4485 se
1812 4431 1970 4486 dicat
2010 4430 2195 4486 Julius
2241 4430 2572 4493 Africanus,
2625 4429 2726 4500 qui
2768 4427 2936 4482 tertio
2978 4425 3196 4481 saeculo
3226 4423 3423 4478 ﬂoruit
3455 4421 3569 4478 sub

215 4511 663 4584 imperatoribus
691 4517 1073 4587 Heliogabalo
1095 4524 1150 4574 et
1177 4519 1510 4576 Alexandro
1543 4523 1864 4576 Mammaea:
1891 4520 2031 4574 ﬁlio.
2051 4519 2336 4574 Baronius
2367 4519 2424 4572 in
2442 4517 2594 4573 notis
2624 4517 2873 4572 adhunc
2894 4515 3074 4580 diem,
3109 4536 3130 4565 (ι
3163 4511 3569 4583 Licet,inquit,

217 4605 553 4676 apocrypha
586 4611 940 4661 censeantur
960 4608 1088 4663 haec
1115 4609 1228 4664 sub
1261 4611 1501 4665 nomine
1532 4610 1759 4677 AbditB,
1791 4626 1928 4664 vera
1956 4615 2154 4664 tamen
2185 4607 2476 4664 nonnulla
2501 4606 2581 4662 ibi
2615 4623 2742 4661 esse
2766 4605 2911 4660 mihi
2944 4605 3112 4660 facile
3146 4601 3515 4675 persuadeo:
3543 4622 3567 4650 υ

217 4693 458 4748 maxime
484 4695 736 4767 quando
749 4695 988 4752 aliunde
1003 4713 1072 4754 ea
1085 4699 1440 4768 Acta(uthic
1461 4700 1533 4754 de
1556 4701 1609 4754 S.
1631 4699 1941 4770 Philippo),
1959 4701 2096 4754 satis
2111 4697 2460 4768 probantur.
2482 4696 2729 4750 Exstant
2754 4697 2965 4750 eadem
2986 4709 3207 4749 excusa
3230 4707 3389 4748 anno
3415 4693 3567 4744 1531»

215 4777 350 4836 inter
377 4783 709 4855 Rapsodias
739 4787 1036 4858 Anonymi
1069 4788 1371 4844 Philalethi
1407 4788 1743 4854 Eusebiani,
1772 4789 1831 4843 in
1865 4789 2037 4855 Vitas,
2075 4787 2361 4842 miracula
2392 4785 2820 4856 passionesque
2856 4783 3269 4854 apostolorum
3293 4798 3327 4835 a
3360 4777 3565 4834 Frede-

215 4868 323 4926 rico
342 4874 576 4929 Nausea
604 4873 877 4930 collectas
910 4895 924 4930 :
957 4883 1011 4932 et
1039 4877 1097 4932 in
1127 4878 1428 4951 plerisque
1482 4879 1700 4934 horum
1733 4893 1851 4934 non
1881 4876 2094 4944 legitur
2142 4875 2307 4947 quod
2341 4874 2643 4945 Philippus
2671 4896 2697 4922 «
2742 4875 2898 4927 cruci
2931 4871 3146 4927 afﬁxus
3177 4875 3231 4925 et
3266 4867 3570 4940 lapidibus

217 4957 448 5016 obrutus
473 4961 663 5019 fuerit.
693 4986 719 5012 ››
749 4966 958 5020 Verum
990 4965 1209 5023 inserta
1234 4974 1370 5023 sunt
1392 4968 1491 5023 illa
1519 4968 1701 5023 verba
1721 4967 1884 5039 apud
1905 4963 2619 5027 JoninumMombritium,
2641 4962 2699 5016 in
2728 4961 3093 5032 Legendario
3121 4965 3254 5014 ante
3273 4958 3567 5012 ducentos

217 5061 392 5105 annos
421 5066 642 5107 excuso
675 5070 688 5107 :
719 5053 852 5109 item
879 5054 937 5109 in
964 5055 1255 5112 Breviario
1287 5059 1555 5113 Romano
1581 5057 1720 5112 anni
1751 5061 1880 5111 1522
1897 5059 2073 5124 atque
2097 5067 2166 5106 eo
2184 5053 2346 5122 quod
2367 5050 2538 5120 jussu
2563 5049 2721 5104 Pauli
2744 5065 2916 5120 papae
2951 5052 3017 5103 lll
3049 5064 3084 5102 a
3107 5045 3404 5101 cardinale
3434 5043 3568 5108 Qui-

219 5139 424 5205 gnonio
453 5141 796 5197 ordinatum
837 5149 892 5198 et
927 5145 1005 5198 Pii
1055 5147 1096 5197 V
1129 5147 1304 5216 jussu
1339 5154 1548 5218 postea
1589 5146 1813 5201 editum
1845 5146 2133 5200 hactenus
2163 5146 2521 5202 asservatur,
2578 5138 2710 5193 licet
2735 5140 2792 5193 in
2822 5138 2980 5192 hisce
3013 5139 3154 5191 Acta
3188 5137 3416 5204 integra
3446 5148 3566 5187 non

220 5223 435 5294 dentur,
467 5236 527 5285 ut
553 5231 614 5285 in
640 5233 957 5304 antiquiori
989 5234 1304 5290 Breviario.
1337 5236 1494 5290 Prior
1521 5252 1658 5307 pars
1697 5239 1976 5290 Actorum
2011 5231 2241 5297 integra
2272 5229 2522 5282 habetur
2548 5228 2606 5281 in
2658 5227 2950 5282 Breviario
2983 5226 3122 5281 anni
3158 5227 3314 5286 1479,
3353 5224 3485 5277 1490
3513 5229 3566 5276 et

222 5319 579 5386 sequentium
611 5337 624 5374 :
652 5321 712 5376 in
734 5337 924 5394 eaque
953 5330 1118 5393 parte
1146 5325 1522 5380 continentur
1552 5324 1646 5379 illa
1669 5339 1802 5396 qua:
1831 5322 1966 5377 inde
1982 5319 2354 5392 Maurolycus
2379 5335 2563 5390 supra
2581 5317 2904 5372 tradiditde
2935 5338 2958 5367 ει
2986 5331 3285 5370 venenoso
3303 5313 3564 5369 dracone

223 5407 612 5474 exterminato,
647 5431 666 5458 ι
703 5418 804 5465 aut
845 5409 1048 5466 forsan
1079 5412 1322 5468 diabolo
1348 5413 1460 5468 sub
1488 5413 1616 5468 tetri
1647 5411 1890 5467 monstri
1923 5411 2137 5479 ﬁgura.
2177 5407 2398 5464 Similia
2438 5407 2660 5462 habent
2683 5407 2885 5462 Petrus
2917 5406 2989 5461 de
3019 5403 3323 5460 Natalibus
3355 5403 3455 5459 lib.
3509 5417 3563 5457 1v

225 5488 498 5567 Catalogi,
527 5513 658 5568 cap.
709 5502 826 5566 107,
850 5499 1157 5574 Philippus
1197 5502 1494 5559 Ferrarius
1518 5504 1602 5559 De
1639 5501 1860 5559 sanctis
1903 5499 2114 5567 Italiae,
2157 5503 2210 5554 et
2249 5495 2450 5572 plures
2477 5495 2599 5552 alii.
