4062 6222
413 248 508 301 187
914 300 915 303 η
1815 244 2085 301 MENSIS

2187 244 2368 302 AIUS.
3677 254 3775 307 l88

476 371 529 427 ϐ.
559 370 715 426 Actis
731 370 946 427 Latinis
959 369 1093 442 subj
1103 370 1385 441 ungimus
1413 372 1639 430 Actaex
1652 374 1853 430 Graeco
1879 370 2192 427 translata:
2224 386 2359 444 quas
2378 370 2553 427 nobis
2568 371 2739 428 valde
2762 372 3014 446 antiqua
3039 372 3333 439 videntur,
3350 378 3406 429 et
3420 389 3458 431 a
3472 375 3774 447 Symeone

400 459 791 530 Metaphraste
828 460 977 515 inter
1013 460 1171 516 Vitas
1211 461 1565 517 Sanctorum
1597 463 1795 534 potius
1833 460 2190 532 transcripta
2219 476 2407 533 quam
2438 460 2510 516 de
2542 476 2697 516 novo
2728 462 3104 533 composita:
3148 462 3243 517 cui
3273 462 3366 518 vel
3408 462 3542 519 ideo
3582 466 3782 535 magis

399 548 953 621 ascribuntur,quia
973 549 1201 621 primus
1231 555 1288 605 et
1317 550 1600 623 antiquus
1632 556 1839 608 auctor
1868 565 1989 606 non
2016 555 2103 605 est
2134 565 2245 606 suo
2269 548 2510 605 nomine
2533 555 2731 606 notus.
2754 552 2998 606 Exstant
3018 566 3107 617 ea,
3142 550 3459 623 interprete
3489 553 3782 610 Gentiano

401 638 668 703 Herveto,
701 642 863 693 tomo
884 637 1095 710 quinto
1108 638 1369 696 Vitarum
1396 645 1740 696 sanctorum
1760 642 1999 695 Patrum
2016 637 2095 694 ab
2112 637 2351 709 Aloysio
2373 638 2699 707 Lipomano
2722 638 3100 708 vulgatarum
3132 656 3145 695 :
3179 639 3330 697 etad
3354 640 3466 697 has
3481 641 3785 698 Kalendas

404 726 534 782 Maii
563 740 600 781 a
632 728 937 782 Laurentio
964 727 1134 784 Surio
1164 727 1452 785 translata
1474 735 1634 793 sunt,
1659 729 1819 785 unde
1841 744 1979 784 cum
2001 728 2204 784 Graeco
2226 726 2439 784 collata
2456 730 2514 782 et
2544 727 2761 783 nostris
2786 727 2943 783 notis
2973 727 3265 785 illustrata
3288 728 3506 786 damus
3532 747 3547 796 ;
3579 731 3786 803 ipsum

404 819 605 871 autem
640 816 910 871 Graecum
947 816 1008 871 in
1041 832 1183 872 mss.
1203 817 1496 873 Vaticanis
1518 819 1871 891 Venetisque
1894 817 2253 873 invenimus.
2286 815 2431 871 Vixit
2460 815 2673 872 eodem
2702 831 2839 872 cum
2871 817 3263 888 Metaphraste
3297 817 3516 873 saeculo
3542 819 3785 876 Nicetas

402 903 725 975 Paphlago,
758 905 859 977 qui
897 910 953 961 et
995 905 1196 971 David,
1225 905 1424 962 rhetor
1461 906 1893 964 disertissimus
1929 922 1998 963 ac
2029 907 2116 961 vir
2142 905 2621 977 sapientissimus
2658 921 2669 959 :
2702 905 2875 976 cujus
2906 905 3208 963 orationes
3238 906 3440 978 plures
3473 908 3781 966 transtulit

406 992 751 1050 Franciscus
778 993 1093 1061 Combeﬁs,
1128 998 1184 1050 et
1202 994 1263 1050 in
1276 1011 1385 1050 sua
1408 996 1779 1053 Bibliotheca
1802 997 2057 1053 Patrum
2070 994 2516 1052 condonatort‘a
2539 993 2743 1050 edidit.
2773 996 2987 1050 Earum
2999 994 3135 1051 duas
3157 994 3489 1052 referuntur
3509 998 3585 1053 ad
3599 996 3782 1054 hasce

406 1082 703 1139 Kalendas
735 1083 883 1149 Maii,
913 1084 1099 1141 altera
1139 1084 1213 1140 de
1241 1086 1298 1140 S.
1337 1085 1563 1142 Jacobo
1610 1086 1837 1157 Alphtei
1864 1102 1894 1142 e
1922 1084 2295 1141 duodenario
2325 1083 2737 1155 apostolorum
2767 1099 3054 1152 numero;
3090 1086 3275 1143 altera
3312 1083 3387 1141 de
3418 1086 3475 1143 S.
3507 1085 3781 1160 Philippo

405 1171 853 1245 apostolo,quas
883 1172 1078 1229 solum
1095 1176 1182 1229 est
1223 1174 1618 1247 metaphrasis
1643 1175 1773 1247 jam
1811 1174 2112 1231 dictorum
2152 1178 2459 1231 Actorum.

1746 1492 2172 1585 ΥΠΟΜΝ
2182 1496 2432 1585 ΗΜΛ

2046 1676 2148 1725 ΕΙΣ

1288 1834 1573 1951 TON
1633 1833 2083 1949 ΑΓΙΟΝ
2143 1829 2911 1954 ΦΙΛΙΠΠΟΝ

1582 2268 2613 2365 COMMENTARIUS

424 2634 444 2664 ς
1000 2530 1150 2651 ΙΝ
1241 2530 1350 2655 S.
1440 2532 2251 2660 PHILIPPUM
2354 2534 3204 2660 APOSTOLUM

966 2803 1062 2866 (Ex
1096 2816 1199 2853 ms.
1236 2802 1414 2853 στι-ωοο
1444 2802 1703 2854 Vaticano
1729 2804 1942 2869 signato
1982 2802 2121 2855 1798.
2158 2830 2218 2844 -
2247 2805 2539 2869 Interprete
2573 2802 2788 2856 Daniele
2820 2805 3217 2872 Papebrochio.)

488 3093 536 3144 t.
580 3092 735 3146 Deus
782 3090 881 3147 Dei
928 3093 1208 3160 Verbum,
1253 3110 1490 3166 semper
1518 3096 1878 3152 coexsistens
1913 3096 2065 3153 Patri
2093 3100 2138 3151 A
2248 3099 2324 3155 A‘.

414 3182 470 3234 et
499 3178 663 3235 nullo
698 3185 964 3253 tempore
1007 3183 1509 3256 circumscriptus,
1554 3190 1797 3257 propter
1840 3190 2065 3243 naturae

413 3272 632 3326 nostrae
666 3268 909 3341 lapsum
948 3270 1130 3328 voluit
1166 3273 1342 3329 nobis
1372 3273 1691 3330 assimilari
1730 3279 1785 3330 et
1814 3279 2067 3348 tempori

412 3356 625 3429 subjici
658 3373 672 3411 :
701 3357 901 3431 itaque
921 3365 978 3418 et
999 3360 1251 3431 Virginis
1282 3366 1482 3419 ventre
1522 3363 1839 3420 conclusus
1869 3370 1976 3432 est,
2010 3370 2068 3422 et

414 3447 947 3505 suicommunione
967 3449 1262 3508 deiﬁcavit
1281 3451 1445 3524 quod
1463 3459 1890 3525 assumpserat.
1916 3455 2070 3520 Quo-

412 3535 579 3592 niam
609 3553 746 3594 vero
770 3538 866 3594 hic
896 3539 1024 3611 ejus
1054 3540 1112 3595 in
1142 3556 1322 3597 carne
1353 3541 1647 3598 adventus
1675 3542 1928 3599 salutem
1944 3548 2071 3599 erat

413 3630 771 3699 operaturus
801 3628 1105 3695 omnibus,
1129 3630 1387 3702 oportuit
1414 3630 1593 3687 etiam
1624 3635 1689 3687 ut
1716 3630 1964 3688 haberet
1987 3632 2072 3688 di-

415 3713 571 3771 vinas
600 3716 767 3771 istius
792 3716 1179 3775 etineﬁ'abilis
1209 3718 1676 3792 dispensationis
1707 3726 2071 3793 spectatores

417 3809 595 3877 atque
612 3806 929 3879 participes
956 3808 1399 3881 mysteriorum,
1428 3825 1533 3882 per
1557 3826 1712 3882 quos
1741 3826 2067 3881 supernam

2378 3099 2437 3153 Ὀ
2481 3107 2570 3154 τοῦ
2624 3109 2756 3155 Θεοῦ
2814 3104 2944 3165 Θεὸς
3000 3106 3189 3175 Λόγος,
3247 3099 3431 3164 ἁῐδίως
3489 3106 3653 3154 συνὼν
3706 3109 3789 3171 τῷ

2177 3194 2363 3263 Πατρὶ,
2416 3195 2504 3243 καὶ
2552 3193 2773 3263 ἄχρονος
2817 3192 2904 3260 ὢν,
2963 3191 3119 3244 εἵλετο
3167 3199 3254 3245 καὶ
3303 3192 3422 3244 καθ’
3460 3194 3594 3264 ἡμᾶς
3643 3193 3787 3261 γενέ-

2178 3280 2302 3331 σθαι
2348 3283 2492 3346 ποτὲ,
2532 3286 2621 3333 καὶ
2665 3282 2764 3333 ὑπὸ
2803 3283 2993 3354 χρόνον
3038 3280 3219 3346 ἐλθεῖν,
3273 3278 3367 3334 διὰ
3410 3284 3465 3332 τὸ
3514 3288 3609 3341 τῆς
3656 3282 3789 3352 ἡμε-

2177 3369 2322 3440 τέρας
2393 3367 2657 3440 ὀλίσθημα
2732 3372 2950 3442 φύσεως·
3040 3369 3263 3423 ἐντεῦθεν
3346 3374 3435 3421 καὶ
3520 3371 3788 3441 Παρθένου

2181 3461 2338 3529 σαρκὶ
2389 3460 2780 3532 περιγράφεται,
2831 3464 2914 3511 καὶ
2968 3461 3073 3512 θεοῖ
3121 3467 3182 3531 τῇ
3234 3463 3475 3531 κοινωνίᾳ
3518 3463 3575 3510 τὸ
3618 3462 3791 3529 προσ-

2180 3554 2377 3618 λημμα.
2426 3546 2565 3600 Ἐπεὶ
2608 3544 2663 3599 3":
2702 3556 2796 3609 τῆς
2835 3551 2963 3620 μετὰ
3004 3554 3250 3619 σώματος
3288 3544 3577 3621 ἐπιδημίας
3620 3546 3787 3598 αὐτοῦ

2179 3641 2311 3687 πᾶσι
2377 3639 2748 3708 περιποιούσης
2816 3642 2907 3695 τὴν
2984 3642 3264 3709 σωτηρίαν,
3349 3638 3529 3697 θεατὰς
3601 3643 3788 3687 τοῦτον

2179 3731 2270 3784 τῆς
2322 3722 2552 3798 ἀρρήτου
2595 3727 2731 3787 θείας
2771 3727 3064 3798 οἰκονομίας
3102 3730 3189 3777 καὶ
3229 3728 3502 3786 κοινωνοὺς
3541 3733 3637 3776 τῶν
3687 3745 3791 3794 μυ-

2184 3819 2409 3888 στηρίων
2451 3816 2591 3885 ἔχειν
2642 3813 2827 3886 ἐχρῆν,
2879 3818 2946 3878 ὡς
2986 3815 3044 3867 ἂν
3084 3821 3276 3886 καὶτῷ
3323 3819 3454 3887 γένει
3509 3819 3660 3866 παντὶ
3709 3810 3791 3865 δι’

413 3894 787 3951 vocationem
802 3897 1218 3967 generinostro
1239 3898 1478 3970 copiose
1500 3898 1883 3954 ministraret.
1914 3901 2075 3954 Post-

416 3998 599 4056 quam
641 3983 817 4053 igitur
854 4000 1094 4041 omnem
1135 3986 1377 4042 Jordani
1408 3985 1725 4044 ﬁnitimam
1765 3988 2072 4057 regionem

416 4072 778 4144 pervasisset
803 4075 1045 4130 Joannis
1084 4074 1449 4145 praedicatio,
1490 4081 1546 4131 et
1587 4076 1777 4145 gratia
1826 4076 2073 4149 Spiritus

418 4164 703 4231 operante
760 4162 928 4216 multi
960 4178 1065 4233 per
1119 4161 1285 4217 illum
1315 4161 1763 4234 baptizarentur
1802 4163 2073 4235 (quando

419 4248 597 4303 etiam
638 4248 899 4305 Christus
933 4266 1102 4306 meus
1136 4250 1508 4327 baptismum
1548 4252 1827 4323 suscepit)
1872 4251 2073 4322 ipsum

417 4335 1021 4406 incomprehensibile
1061 4339 1160 4395 Dei
1187 4340 1443 4396 Verbum
1474 4340 1769 4396 urbanam
1805 4338 2075 4413 frequen-

2182 3902 2348 3954 αὐτῶν
2406 3900 2848 3974 ἐπιδαψιλεύσητε
2905 3910 2994 3962 την
3053 3902 3355 3961 ἀνάκλησιν
3408 3907 3534 3975 μετὰ
3581 3906 3637 3955 τὸ
3691 3897 3791 3954 διὰ

2181 3995 2358 4055 πάσης
2395 4000 2483 4053 τῆς
2522 3999 2783 4068 περιοίκου
2825 4013 2877 4046 τε
2916 3998 3004 4045 καὶ
3044 3995 3235 4069 ὁμόρου
3277 4002 3348 4066 τῷ
3384 3990 3627 4068 Ἰορδάνῃ
3670 4013 3792 4063 χω-

2182 4089 2345 4154 ρῆσαι
2383 4085 2439 4132 τὸ
2472 4083 2708 4135 Ἰωάννου
2739 4088 3007 4156 κήρυγμα,
3041 4087 3134 4141 τὴν
3166 4084 3328 4156 χάριν
3360 4079 3419 4135 δὲ
3468 4078 3791 4141 διαδοθῆναι

2181 4178 2272 4222 τοῦ
2322 4174 2612 4242 Πνεύματος
2655 4176 2738 4223 καὶ
2780 4171 3000 4234 πολλοὺς
3038 4172 3124 4224 ὑπ’
3166 4171 3359 4224 ἐκείνου
3400 4174 3458 4223 τὸ
3505 4170 3794 4244 βάπτισμα

2186 4254 2440 4321 δέξασθαι
2480 4261 2655 4330 (ἡνίκα
2707 4256 2772 4318 δὴ
2820 4266 2908 4312 καὶ
2953 4262 2978 4313 ὁ
3024 4258 3142 4333 ἐμὸς
3192 4259 3481 4318 ἐϐαπτίσθη
3536 4260 3793 4334 Χριστὸς)

2184 4353 2276 4410 τὰς
2328 4348 2376 4401 ἐν
2430 4349 2577 4402 ἆστει
2637 4347 2913 4422 διατριϐὰς
2972 4350 2997 4402 ὃ
3049 4350 3206 4411 αὐτὸς
3250 4346 3399 4412 οὗτος
3441 4349 3793 4422 ἀπερίληπτος

420 4424 565 4480 tiam
593 4425 898 4482 dimittens
926 4428 1194 4497 (eatenus
1224 4430 1381 4485 enim
1412 4429 1725 4485 videbatur
1747 4429 2076 4502 Hierosoly-

2187 4445 2276 4489 τοῦ
2326 4445 2459 4491 Θεοῦ
2514 4443 2680 4509 Λόγος
2731 4438 2871 4510 ἀφεὶς
2928 4442 3033 4497 (καὶ
3082 4441 3184 4511 γὰρ
3232 4440 3293 4497 ἦν
3348 4446 3458 4499 τοῖς
3506 4437 3795 4512 Ἰεροσολύο

420 4513 533 4568 mis
546 4513 1041 4586 habitasse)venit
1066 4516 1126 4572 in
1158 4517 1479 4583 Galilaeam,
1513 4518 1573 4573 in
1593 4534 1716 4591 qua
1745 4518 1924 4574 etiam
1944 4522 2073 4573 tum

2185 4549 2303 4601 μοις
2335 4529 2415 4601 (α)
2450 4526 2739 4603 ἐπιδημῶν)
2769 4528 3101 4601 ἐπιγωριάζει
3128 4536 3188 4601 τῇ
3225 4528 3488 4601 Γαλιλαίᾳ.

421 4603 911 4660 commorabatur
948 4605 1318 4662 admirabilis
1357 4606 1683 4678 Philippus.

491 4694 556 4747 ΙΙ.
599 4692 733 4748 Erat
769 4693 864 4749 hic
912 4710 985 4750 ex
1053 4695 1384 4764 Bethsaida,
1442 4696 1673 4751 civitate
1713 4695 1962 4752 Andreas
2024 4699 2080 4751 et

422 4780 589 4843 Petri.
624 4786 763 4837 tunc
792 4799 934 4839 vero
965 4784 1023 4839 in
1045 4782 1288 4840 Galilaaa
1314 4799 1578 4855 praesens
1607 4800 1620 4839 :
1648 4784 1750 4857 qui
1784 4784 1981 4841 statim
2000 4782 2078 4839 ab

420 4869 660 4927 ineunte
672 4874 841 4927 aetate
855 4888 889 4928 a
904 4872 1251 4946 parentibus
1266 4872 1514 4929 traditus
1543 4872 1890 4929 liberalibus
1906 4870 2077 4928 disci-

424 4958 776 5031 plinis,cum
789 4968 945 5018 esset
968 4961 1144 5018 bonae
1161 4961 1396 5026 indolis,
1411 4961 1554 5017 etad
1577 4961 1855 5034 quamvis
1877 4959 2082 5017 lauda-

422 5047 602 5106 bilem
626 5049 935 5107 scientiam
966 5056 1141 5123 aptae,
1186 5052 1385 5107 statim
1414 5051 1697 5107 Mosaicos
1728 5049 1912 5106 libros
1947 5065 2082 5121 per-

422 5140 618 5205 currit,
661 5145 717 5196 et
753 5156 1128 5214 quaecunque
1172 5141 1246 5197 de
1287 5141 1515 5196 Christo
1569 5144 1738 5196 erant
1793 5138 2083 5211 praedicta

423 5227 680 5295 imbibit,
721 5229 1030 5302 quomodo
1074 5230 1295 5286 scilicet
1350 5234 1634 5285 venturus
1660 5233 1814 5283 esset
1871 5226 2083 5283 diebus

427 5318 790 5385 novissimis,
808 5324 861 5376 et
883 5319 1135 5376 salutem
1171 5318 1455 5376 omnibus
1492 5317 1938 5391 impertiturus:
1974 5327 2082 5371 nec

2262 4685 2326 4740 B'.
2399 4683 2540 4759 Τῇδε
2596 4688 2621 4738 ὁ
2678 4687 2982 4758 θαυμαστὸς
3049 4682 3283 4756 ἓνεδὴμςι
3342 4685 3614 4752 Φίλιππος,
3689 4683 3795 4738 ἀπὸ

2189 4771 2468 4834 Βηθσαῑδά
2514 4778 2602 4847 μὶν
2642 4775 2729 4840 ὧν,
2770 4783 2863 4837 τῆς
2906 4774 3095 4835 πόλεως
3137 4771 3385 4848 Ἀνδρέου
3435 4779 3525 4827 καὶ
3572 4776 3794 4847 Πέτρου,

2188 4872 2249 4938 τῇ
2310 4865 2556 4936 Γαλιλαίᾳ
2610 4860 2670 4917 δί
2726 4867 2839 4916 τότε
2896 4869 3093 4939 παρών·
3150 4866 3296 4926 ὅστις
3351 4861 3404 4915 ἐκ
3458 4868 3662 4937 πρώτης
3718 4865 3801 4916 ἔτι

2190 4954 2395 5015 ἡλικίας
2450 4953 2601 5015 εὐθὺς
2646 4956 2949 5027 μαθήμασιν
2996 4954 3097 5006 ὑπὸ
3141 4962 3239 5005 τῶν
3286 4957 3594 5024 γειναμένων
3641 4948 3803 5005 διδα-

2190 5050 2333 5104 κτοῖς
2402 5039 2634 5105 ἐξεδόθη·
2694 5040 2871 5105 δεξιᾶς
2923 5039 2981 5094 δὲ
3042 5047 3221 5113 τυχὼν
3279 5051 3375 5102 τῆς
3432 5040 3640 5113 ἀγωγῆς
3704 5046 3799 5094 καὶ

2190 5138 2363 5184 πᾶσαν
2406 5131 2666 5190 ἐπαινετὴν
2713 5129 2956 5183 παιδείαν
2996 5130 3239 5192 ἀσκήσας
3279 5150 3330 5184 τε
3375 5127 3483 5189 ἤδη
3536 5135 3623 5182 καὶ
3669 5150 3799 5182 παι-

2194 5217 2413 5285 δευθεὶς,
2463 5222 2557 5282 τὰς
2604 5222 2890 5282 Μωσαίκὰς
2941 5218 3150 5291 βίϐλους
3190 5218 3355 5291 ἒπῄει,
3400 5224 3491 5272 καὶ
3534 5222 3634 5271 ὅσα
3683 5224 3806 5291 περὶ

2193 5316 2427 5383 Χριστοῦ
2504 5312 2880 5383 προηγοριύετο

2956 5308 3178 5381 ἐμυεῖτο,
3257 5311 3327 5371 ὡς
3401 5307 3479 5360 ἐπ’
3560 5307 3803 5380 ἔσχάτων

502 5489 583 5562 (a)
614 5489 817 5547 Latine
835 5490 1089 5558 reddidi,
1120 5489 1444 5549 Videbatur
1462 5489 1890 5562 Hierosolymis
1922 5487 2087 5562 habi-

2201 5503 2375 5561 suam
2412 5489 2799 5561 praesentiam
2835 5486 3330 5561 indulgebatljei
3371 5486 3647 5553 Verbum,
3692 5486 3805 5544 etsi

432 5560 603 5634 mese,
632 5565 877 5636 propter
892 5562 1205 5635 Templum
1226 5562 1464 5630 scilicet,
1479 5564 1575 5620 cui
1594 5560 1881 5635 peculiari
1903 5560 2090 5618 modo

2199 5558 2346 5618 alias
2376 5558 2481 5634 per
2509 5560 2833 5619 essentiam
2866 5574 3133 5632 praesens
3161 5558 3409 5632 ubique.
