4084 6216
254 230 339 288 {89
1391 222 1554 279 VITA
1585 222 1650 277 S.
1699 219 2009 277 PHILIPPI
2048 220 2420 278 APOSTOLI.
3485 224 3592 281 190

250 355 485 409 ἐλεύσεται
532 358 629 407 καὶ
679 360 824 426 κοινῇ
893 357 1054 405 πᾶσιν
1111 351 1445 423 οἰκονομήσει
1491 352 1579 407 τὴν
1661 365 1863 405 σωτηοι

1977 348 2098 403 nim
2127 347 2199 403 iis
2227 347 2329 420 qui
2346 346 2719 418 juventutem
2743 345 3063 413 docebant,
3096 346 3187 403 fas
3207 353 3333 406 erat
3363 350 3590 406 doctri-

246 452 362 520 ρίαν·
394 444 451 495 ού
482 444 586 517 γὰρ
621 441 779 516 ἔφεὶτο
813 450 922 504 τοῖς
952 446 1063 494 τότε
1102 438 1422 494 παιδεύουσι
1469 440 1599 510 πρὸς
1651 436 1824 507 ἑτέραν

1964 452 2078 492 iam
2096 436 2278 493 aliam
2288 435 2596 511 discipulis
2612 436 2863 507 tradere,
2879 438 2995 494 nisi
3018 438 3177 511 prius
3196 441 3434 510 Moysen
3446 439 3541 497 edi
3557 468 3577 484 -

245 536 453 607 μάθησιν
498 536 620 593 τοὺς
666 534 909 604 φοιτητὰς
955 533 1204 596 ἐκπονεῖν,
1265 529 1307 582 εἰ
1350 533 1422 602 μὴ
1478 530 1544 579 τὰ
1598 529 1827 586 Μωσέως
1936 525 2239 583 dicissent.

246 628 465 698 πρότερον
496 620 828 684 ἐπιλέξοιντο.

304 716 367 764 Γ.
390 711 651 771 Ἐπιστὰς
691 706 779 762 οὖν
833 710 858 761 ὁ
910 708 1113 769 Ἰησοῦς
1166 714 1228 780 τῇ
1272 706 1540 777 Γαλιλαίᾳ,
1594 708 1683 756 καὶ
1738 706 1824 755 τὸν

2007 702 2096 757 ΙΠ.
2118 701 2369 758 Veniens
2391 702 2569 773 igitur
2584 702 2645 759 in
2669 701 2974 759 Galilaeam
2998 701 3190 767 Jesus,
3216 706 3273 758 et
3292 717 3583 773 magnum

243 804 380 872 μέγαν
423 806 609 851 τοῦτον
688 798 936 852 Φίλιππον
1007 799 1253 873 εὑρηκὼς,
1330 795 1624 847 ἀκολουθεῖν
1684 791 1825 862 αύτῷ

1981 808 2096 848 unc
2113 791 2455 865 Philippum
2486 791 2806 864 reperiens,
2830 791 3003 864 sequi
3030 808 3091 847 se
3106 792 3296 863 jubet.
3324 791 3425 846 Hic
3445 808 3586 849 vero

243 892 578 961 προετρέπετο’
622 892 712 941 καὶ
760 890 815 949 ὃς
867 886 1094 947 ἀκούσας
1147 886 1212 947 εἰς
1259 890 1466 959 μνήμην
1502 884 1621 942 ἧκεν
1675 881 1826 943 εὐθὺς

1967 886 1996 938 .t
2032 886 2346 938 vocantem
2403 880 2611 946 audiit,
2656 881 2856 937 statim
2909 880 3069 937 venit
3116 882 3175 936 in
3228 880 3580 939 memoriam

244 975 301 1028 ὧν
343 977 394 1029 ἐκ
433 975 632 1039 παιδὸς
675 982 796 1049 περὶ
845 984 1078 1052 Χριστοῦ
1128 980 1337 1034 ἤσκησέ
1386 993 1437 1027 τε
1492 977 1582 1024 καὶ
1631 970 1826 1024 συνελέ-

1977 986 2145 1025 orum
2201 986 2334 1042 quae
2373 986 2409 1026 a
2446 986 2633 1042 puero
2662 975 3007 1043 perceperat
3045 969 3475 1041 collegeratque
3514 970 3590 1028 de

243 1067 365 1129 ξατο·
416 1072 505 1118 καὶ
570 1074 754 1119 τοῦτον
810 1065 996 1119 ἐκεῖνον
1055 1062 1184 1118 εἶναι
1237 1060 1441 1134 διέγνω,
1507 1064 1560 1113 ὃν
1619 1062 1673 1112 αἱ
1732 1066 1824 1111 τοῦ

1981 1057 2162 1115 hristo
2183 1059 2506 1131 ipsumque
2528 1075 2662 1115 esse
2681 1061 2977 1129 cognovit,
2997 1077 3179 1134 quem
3201 1059 3333 1115 libri
3356 1060 3589 1117 Mosaici

240 1160 446 1217 Μωσέως
507 1154 692 1227 βίϐλοι
744 1154 1040 1208 ἐλεύσεσθαι
1090 1155 1307 1226 ὕστερον
1355 1149 1657 1222 διεσάφουν.
1707 1146 1821 1199 Ἐν-

1977 1152 2249 1203 enturum
2278 1148 2788 1206 demonstrabant.
2820 1148 3037 1206 Exinde
3063 1149 3299 1206 vocanti
3324 1166 3385 1205 se
3415 1148 3590 1221 Magi-

238 1248 388 1297 τεῦθεν
430 1244 583 1307 οὗτος
627 1254 703 1315 τῷ
744 1244 1022 1297 καλέσαντι
1062 1240 1372 1313 διδασκάλῳ
1415 1243 1470 1292 τὸ
1523 1238 1624 1291 ἀπὸ
1669 1232 1824 1289 τοῦδε

1976 1240 2059 1293 tro
2077 1236 2346 1302 adhaesit,
2372 1238 2731 1310 etpaulatim
2752 1241 3139 1313 proﬁciensin
3157 1244 3390 1311 virtute,
3415 1240 3589 1296 disci-

243 1343 400 1401 συνῆν,
433 1336 836 1407 συμπροῑοῦσάν
882 1352 934 1387 τε
965 1329 1076 1406 εἶχε
1126 1341 1197 1403 τῷ
1242 1336 1420 1404 χρόνῳ
1462 1333 1557 1387 τὴν
1612 1327 1818 1400 ἀρετὴν,

1976 1326 2211 1383 ulorum
2236 1328 2553 1401 praacipuis
2572 1329 2679 1386 fuit
2701 1338 3156 1390 annumeratus.
3191 1333 3357 1400 Quod
3383 1335 3585 1387 autem

240 1428 315 1475 καὶ
393 1431 499 1484 τοῖς
575 1432 683 1475 τῶν
753 1424 998 1495 μαθητῶν
1083 1425 1382 1497 κορυφαίοις
1428 1418 1817 1493 συνηριθμεῖτο.

1971 1416 2175 1486 deptus
2190 1422 2314 1473 erat
2330 1417 2559 1473 bonum
2572 1419 2750 1476 etiam
2768 1421 2900 1477 aliis
2917 1423 3362 1479 communicare
3374 1420 3584 1486 voluit;

242 1516 510 1583 Μπασχὼν
561 1509 625 1564 δὲ
671 1513 806 1564 οὕτω
847 1520 938 1564 τοῦ
984 1510 1201 1583 ἀγαθοῦ,
1233 1512 1508 1570 κοινωνοὺς
1550 1504 1821 1581 παραλαμ-

1974 1505 2191 1576 ludque
2216 1505 2382 1561 haud
2407 1507 2814 1578 abscondens,
2842 1513 3038 1583 primo
3067 1512 3162 1568 cui
3193 1511 3448 1569 occurrit
3475 1510 3587 1566 Na-

243 1600 361 1653 ϐάνει
403 1606 490 1653 καὶ
547 1600 743 1661 ἄλλους
772 1611 861 1662 τῆς
895 1600 1250 1673 μεταλήψεως,
1303 1603 1393 1651 καὶ
1451 1597 1545 1649 ούκ
1592 1594 1820 1669 ἀποκρύ⁹

1967 1595 2191 1651 nanaeli
2221 1597 2370 1666 (erat
2398 1595 2495 1652 hic
2524 1598 2575 1653 ei
2600 1599 2831 1657 amicus
2882 1606 2939 1657 et
2968 1602 3281 1658 familiaris
3334 1617 3371 1658 a
3398 1602 3580 1671 longo

247 1708 396 1742 πτεται
436 1692 662 1756 ταύτην,
724 1689 850 1743 ἆ).λά
910 1698 1112 1764 πρῶτον
1166 1691 1464 1761 περιτυχὼν
1519 1693 1593 1755 τῷ
1645 1684 1860 1742 Ναθα-,

1975 1690 2213 1756 tmpore)
2234 1686 2612 1756 praesentiam
2628 1689 2933 1757 venientis,
2951 1707 3072 1748 non
3100 1697 3161 1747 ut
3178 1691 3462 1761 futuram,
3482 1691 3588 1747 sed

250 1779 367 1843 ναὴλ,
412 1780 460 1839 ὃς
514 1778 573 1830 ἐκ
626 1778 822 1832 πολλοῦ
877 1779 1017 1852 φίλος
1070 1778 1230 1831 αὐτοῦ
1277 1782 1366 1829 καὶ
1415 1777 1646 1837 συνήθης
1677 1772 1863 1844 ἐτύγ-⁴

1976 1775 2139 1845 tjam
2171 1774 2556 1831 exsistentem
2583 1780 2975 1847 annuntiavit,
3008 1782 3206 1837 dicens
3234 1800 3246 1839 :
3284 1782 3415 1837 Non
3456 1780 3582 1852 jam

257 1886 369 1939 χανι,
396 1872 485 1927 τὴν
519 1876 619 1921 τοῦ
658 1867 940 1943 ἕρχομένου
989 1872 1298 1942 παρουσίαν,
1349 1868 1454 1938 ούχ
1487 1868 1555 1926 ὡς
1583 1866 1656 1917 ἔτι
1706 1862 1821 1935 μέλ-

1972 1862 2193 1934 mplius
2223 1862 2285 1918 in
2317 1878 2420 1934 spe
2456 1866 2721 1923 consistit
2749 1869 2980 1925 Israelis
3010 1870 3170 1927 salus
3202 1886 3214 1925 :
3244 1869 3350 1925 sed
3404 1883 3584 1941 quem

255 1954 422 2021 λουσιν,
470 1956 583 2009 ἀλλ’
640 1959 711 2019 ὡς
761 1955 869 2017 ἤδη
909 1965 1201 2033 παροῦσαν,
1262 1954 1652 2028 εὐηγγελίσατο·
1712 1951 1823 2003 Ούκ

1976 1952 2293 2024 ropheticte
2317 1952 2532 2024 lingua
2561 1955 2622 2010 in
2646 1956 2867 2028 Spiritu
2896 1959 3300 2030 prmdixerunt
3328 1957 3585 2015 Salvato-

249 2046 321 2108 ἔτι,
357 2044 527 2117 λέγων,
579 2046 636 2099 ἐν
679 2047 879 2101 ἐλπίσιν
930 2049 961 2105 ἡ
1019 2053 1257 2121 σωτηρία
1306 2054 1379 2116 τῷ
1420 2042 1655 2119 Ἰσραὴλ,
1714 2040 1821 2093 ἀλλ⁹

1973 2057 2080 2106 em,
2114 2046 2380 2098 extremo
2410 2043 2473 2099 in
2502 2050 2769 2117 tempore
2800 2048 3231 2115 suscitandum,
3264 2048 3394 2121 ipse
3424 2061 3586 2103 nunc

246 2138 287 2184 ὅν
334 2136 381 2185 αἱ
427 2141 900 2209 προσημαίνουσαι
946 2136 1188 2208 γλῶσσαι
1263 2140 1352 2188 καὶ
1408 2130 1481 2205 τῷ
1563 2133 1824 2203 Πνεύματι

1973 2130 2125 2186 dest.
2158 2130 2324 2188 Hunc
2354 2148 2496 2204 ergo
2514 2150 2651 2190 cum
2683 2136 3085 2194 invenerimus
3114 2140 3315 2193 Jesum
3343 2153 3381 2193 a
3408 2139 3586 2193 Naza-

245 2229 429 2295 Σωτῆρα
476 2233 733 2299 προεῖπον
784 2224 865 2279 ἐπ’
915 2227 1161 2298 ἐσχάτων
1218 2234 1290 2297 τῷ
1340 2222 1555 2297 Ἰσραὴλ
1594 2220 1823 2277 ἀναστή-

1975 2219 2080 2283 eth,
2107 2234 2301 2291 neque
2321 2222 2626 2293 possimus
2643 2240 2773 2281 esse
2794 2225 3083 2282 increduli
3099 2225 3459 2283 excellentiae
3482 2225 3588 2281 mi-

247 2314 426 2377 σεσθαι,
472 2316 728 2388 πάρεστι·
803 2322 983 2368 τοῦτον
1058 2317 1287 2389 εὑρόντες
1355 2316 1504 2384 ἡμεῖς
1562 2314 1649 2363 τὸν
1722 2307 1823 2360 ἀπὸ

1974 2308 2587 2382 aculorumejus,a1iis
2601 2315 2885 2371 omnibus
2914 2315 3165 2386 longum
3178 2316 3373 2373 valere
3402 2314 3587 2387 jussis

244 2402 455 2477 Ναζαρὲτ
485 2404 725 2473 Ἰησοῦν,
755 2410 843 2457 καὶ
874 2413 945 2476 τῷ
998 2414 1097 2457 τῶν
1143 2404 1304 2458 αὐτοῦ
1363 2403 1638 2475 θαυμάτων
1670 2400 1824 2471 ὑπερ-

1465 2403 1638 2475 μάτων
1670 2400 1824 2471 ὑπερ·-
1919 2400 2436 2456 conversationem
2468 2401 2625 2458 illius
2657 2403 3078 2475 suscipiamus.

245 2499 339 2561 φυιί
407 2498 475 2564 μὴ
526 2496 745 2565 ἔχοντες
789 2494 1047 2559 ἀπιστεῖν,
1100 2496 1301 2569 μακρὰς
1356 2500 1466 2555 τοῖς
1512 2489 1690 2550 ἄλλοις
1740 2486 1910 2540 ἅπασι
1973 2492 2183 2561 χαίρειν
2254 2488 2495 2559 εἰπόντες,
2546 2496 2640 2552 τὴν
2698 2492 2810 2565 ἅμα
2859 2497 3029 2567 τούτῳ
3086 2492 3360 2567 διαγωγὴν
3412 2512 3585 2569 προει-

240 2578 438 2651 λώμεθα.

298 2669 362 2722 Δ¹.
390 2672 608 2734 Τούτοις
660 2674 929 2745 κατάκρας
976 2672 1095 2725 ἐλὼν
1148 2676 1234 2725 τὸν
1287 2670 1586 2734 Ναθαναὴλ,
1641 2685 1818 2721 καιτοι

1999 2665 2088 2721 IV.
2122 2666 2218 2721 His
2240 2666 2411 2723 dictis
2440 2675 2571 2740 post
2600 2685 2661 2725 se
2692 2670 3122 2727 Nathanaelem
3154 2671 3413 2736 trahens,
3440 2671 3577 2727 licet

242 2752 727 2831 δυσανασχετοῦντα
777 2771 847 2833 τῷ
894 2764 1185 2838 πράγματι,
1218 2768 1308 2815 καὶ
1343 2766 1413 2834 μὴ
1448 2760 1507 2813 ἂν
1539 2760 1593 2813 ἐκ
1634 2760 1815 2820 Ναζα-

1970 2768 2085 2824 ιειιθ
2116 2770 2492 2826 persuasum,
2524 2762 2580 2814 et
2600 2773 2747 2814 num
2779 2775 2850 2814 ex
2873 2761 3157 2816 Nazareth
3188 2760 3329 2816 boni
3354 2759 3583 2831 aliquid

242 2849 313 2915 ρετ
356 2846 544 2919 ἀγαθόν
599 2848 734 2904 εἶναι
780 2871 832 2904 τι
877 2848 1274 2925 διατεινόμενον,
1326 2859 1418 2904 τοῦ
1478 2853 1567 2923 μεν
1619 2853 1683 2903 τὰ
1729 2856 1817 2901 τοῦ

1971 2860 2056 2900 sse
2082 2850 2283 2917 posset
2311 2853 2785 2918 percontantem,
2821 2865 2857 2905 a
2887 2865 3032 2906 cura
3052 2849 3274 2905 Israelis
3315 2848 3584 2915 abducit,

241 2934 429 3007 Ἰσραὴλ
477 2938 785 3014 πρεσϐεύειν
832 2939 1109 3014 ἀφίστησι,
1163 2943 1424 3000 πειθήνιον
1472 2937 1531 2993 δε
1571 2948 1643 3010 τῷ
1693 2948 1820 3013 Χρι-

1972 2934 2280 3007 hristoque
2301 2935 2731 2994 obsecuturum
2763 2938 2922 3006 stitit,
2965 2943 3143 3011 atque
3171 2938 3285 2994 hoc
3316 2938 3582 3011 primum

246 3033 334 3094 στῷ
376 3030 627 3101 προσάγει
673 3033 761 3082 τὸν
799 3026 988 3105 ἄνδρα,
1042 3031 1122 3103 (b)
1167 3036 1256 3084 καὶ
1296 3038 1446 3083 τοῦτο
1494 3038 1696 3105 πρῶτον
1741 3029 1820 3081 εύ-

1972 3023 2175 3080 incerte
2201 3041 2324 3081 suae
2368 3027 2582 3082 mentis
2604 3034 3027 3097 argumentum
3062 3027 3338 3101 praebuit.
3371 3028 3585 3085 Natha—

240 3119 360 3176 νοίας
403 3115 771 3190 ἀπαραμίλλου
825 3126 1121 3193 παρίστησι
1162 3125 1454 3194 γνώρισμα.
1510 3119 1568 3172 Ὀ
1643 3116 1701 3173 δε
1753 3126 1815 3191 τῇ

1974 3111 2063 3169 ael
2090 3130 2230 3170 vero
2256 3114 2486 3188 integra
2508 3132 2645 3172 cum
2670 3116 2786 3173 fide
2818 3117 3126 3182 assistens,
3160 3117 3461 3173 liberrime
3490 3132 3587 3173 ex-

242 3202 354 3271 ὑγιεὶ
403 3205 595 3259 αὐτίκα
648 3213 828 3260 πίστει
894 3211 1237 3281 προσθέμενος
1293 3208 1855 3285 παρῥησιαστικωτε-ι

1975 3203 2211 3259 lamavit
2242 3220 2256 3259 :
2284 3205 2491 3271 Rabbi,
2524 3211 2584 3261 tu
2616 3222 2678 3262 es
2706 3208 2827 3263 Rex
2858 3207 3054 3264 Israel.
3089 3209 3279 3273 Quem
3308 3211 3371 3262 ut
3403 3207 3588 3263 sensit

242 3308 314 3362 ραν
360 3292 616 3360 ἐξεϐόησε,
672 3295 869 3365 Ῥαϐϐὶ,
915 3299 1092 3369 λέγων,
1152 3303 1215 3351 σύ
1262 3296 1309 3350 εἶ
1355 3301 1380 3349 ὁ
1440 3297 1685 3371 βασιλεὺς
1730 3306 1820 3350 τοῦ

1974 3292 2191 3349 hristus
2249 3308 2323 3349 ex
2370 3295 2556 3350 animi
2601 3297 3110 3351 incommutabilis
3156 3296 3449 3352 sententia
3502 3296 3587 3352 sic

245 3378 448 3453 Ἰσραήλ.
503 3385 614 3456 Ἐφ’
748 3391 838 3439 καὶ
867 3388 892 3439 ὁ
937 3391 1169 3461 Χριστὸς
1218 3387 1371 3449 αύτός
1414 3390 1591 3448 ἡσθεὶς
1621 3390 1691 3449 ὡς
1720 3386 1820 3439 ἀπὸ

1975 3384 2114 3454 ιριιί,
2138 3383 2470 3439 manifestat
2495 3385 2547 3440 ei
2574 3386 2734 3457 quod
2757 3402 3113 3458 magnorum
3136 3386 3410 3441 conscius
3433 3388 3588 3441 esset

243 3476 425 3541 γνώμης
477 3471 787 3527 ἔνδιαθέτου
834 3475 1095 3548 λεχθέντι,
1177 3476 1483 3529 ἐπικαλύπτει
1552 3477 1693 3547 αύτῷ
1763 3479 1821 3527 τὸ

1972 3479 2165 3528 iturus
2207 3478 2569 3529 secretorum
2602 3480 2659 3531 et
2688 3476 2855 3545 regni
2917 3475 3015 3531 Dei
3047 3476 3398 3546 speculator.
3434 3474 3585 3540 Quid

247 3556 424 3626 οἰκεῖον,
470 3565 609 3615 ὥστε
667 3569 758 3617 καὶ
814 3568 1020 3636 μύστην
1067 3566 1317 3639 μειζόνων
1369 3568 1581 3619 ἔσεσθαι
1621 3585 1822 3638 μυστη-

1972 3561 2089 3616 nim
2104 3562 2223 3618 ait?
2237 3562 2840 3635 «Amen,inquit,dico
2854 3563 3045 3630 vobis,
3066 3563 3336 3619 videbitis
3369 3563 3585 3619 cazlum

245 3652 361 3719 ρίων,
409 3657 496 3703 καὶ
561 3651 839 3725 βασιλείας
889 3661 1023 3707 Θεοῦ
1088 3657 1291 3714 θεατήνο
1340 3661 1391 3708 τί
1459 3659 1556 3729 γάρ
1641 3674 1819 3729 φησις

1975 3658 2225 3724 pertum,
2240 3657 2296 3707 et
2310 3652 2556 3722 angelos
2574 3652 2671 3707 Dei
2689 3652 3076 3707 ascendentes
3092 3651 3588 3708 etdescendentes

252 3757 267 3783 ι
309 3738 460 3810 Ἀμὴν
509 3741 646 3813 λέγω
708 3744 849 3816 ύμῖν,
891 3747 977 3795 τὸν
1029 3744 1243 3819 ούρανὸν
1305 3744 1563 3818 ἀνεῳγότα
1610 3746 1819 3818 ὄψεσθε,

1975 3756 2114 3811 uper
2127 3740 2334 3795 Filium
2351 3740 2684 3795 hominist.»
2702 3742 2779 3794 Ex
2800 3739 2899 3794 illo
2912 3754 3054 3809 ergo
3070 3746 3325 3809 tempore
3344 3738 3588 3794 sanctis-

248 3830 322 3877 καὶ
365 3834 478 3892 τοῦς
537 3830 793 3902 ἀγγέλους
842 3841 933 3885 τοῦ
988 3841 1125 3887 Θεοῦ
1192 3833 1555 3897 ἀναϐαινοντάς
1624 3856 1679 3888 τε
1734 3842 1824 3889 καὶ

1971 3829 2122 3884 imus
2140 3828 2463 3900 Philippus,
2484 3828 2667 3884 sacris
2696 3828 2995 3899 mysteriis
3018 3844 3226 3883 aurem
3249 3842 3584 3883 accommo-

247 3915 622 3981 καταϐαίνοντας
672 3920 755 3974 ἐπὶ
807 3926 893 3975 τὸν
944 3926 1061 3976 Υἱὸν
1106 3932 1198 3976 τοῦ
1246 3922 1541 3998 ἀνθρώπου,
1571 3945 1599 3977 »
1638 3930 1707 3979 Τὸ
1735 3926 1826 3978 ἀπ’

1974 3933 2107 3983 ans,
2140 3924 2263 3973 toto
2285 3918 2345 3973 in
2372 3917 2484 3973 illis
2515 3924 2638 3973 erat
2666 3918 2889 3983 animo,
2922 3916 3185 3989 nullique
3226 3916 3388 3972 alteri
3430 3931 3586 3971 curas

249 4000 412 4058 ἐκείνου
452 4018 731 4083 τοιγαροῦν
786 4013 812 4063 ὁ
859 4014 1133 4087 ἱερώτατος
1187 4015 1433 4075 Φίλιππος
1472 4022 1583 4077 ταῖς
1665 4019 1824 4092 ἱεραῖς

1975 4024 2062 4061 um
2076 4007 2632 4079 advertens,lumine
2646 4007 2954 4064 divinioris
2966 4006 3317 4079 cognitionis
3332 4006 3393 4062 in
3407 4012 3588 4063 mente

249 4102 619 4168 μυσταγωγίαις
664 4100 876 4172 ὑπέχων
928 4106 985 4153 τὸ
1031 4099 1135 4167 οὖς,
1186 4103 1295 4164 ὅλος
1361 4103 1561 4156 ἐκείνων
1613 4102 1672 4163 ἧν
1732 4111 1825 4163 τὴν

1981 4099 2338 4169 urgabatur;
2363 4114 2432 4154 ac
2458 4100 2714 4171 primam
2733 4114 2958 4155 exuens
2980 4097 3397 4169 ignorantiam,
3418 4112 3590 4153 reno-

251 4173 475 4247 διάνοιαν,
555 4183 826 4259 μηδεμιᾶς
924 4189 1079 4242 αὐτὸν
1142 4189 1478 4254 ἁντισπὼσης
1551 4192 1825 4266 φροντίδος

1975 4188 2187 4244 abatur
2217 4188 2421 4261 quoad
2444 4188 2754 4244 hominem
2789 4187 3150 4245 interiorem.
3171 4187 3588 4257 Progrediente

250 4272 356 4355 πρὸς
398 4272 559 4346 ἔτερα,
603 4281 695 4328 καὶ
742 4286 815 4348 τῷ
862 4286 957 4340 τῆς
1020 4281 1277 4353 θειοτέρας
1314 4287 1552 4351 γνώσεως
1579 4290 1708 4355 φωτὶ
1740 4288 1827 4343 τὸν

1976 4293 2077 4334 ero
2106 4282 2272 4333 relate
2298 4277 2707 4350 perfectiorem
2734 4293 2876 4346 erga
2906 4276 3202 4332 Christum
3244 4277 3588 4331 charitatem

254 4353 472 4432 λογισμὸν
518 4363 843 4438 ἕκαθαίρετο,
904 4374 997 4426 τήν
1050 4387 1103 4421 τε
1142 4374 1395 4443 προτέραν
1465 4370 1830 4439 ἁποσκευαζό-

1979 4367 2423 4439 ssumens,ejus
2437 4366 2692 4422 vicissim
2706 4365 3000 4437 aequalem
3018 4382 3160 4435 erga
3188 4380 3249 4420 se
3270 4364 3592 4436 recipiebat

255 4462 378 4513 μενος
423 4454 655 4522 ἄγνοιαν,
706 4475 796 4507 και
859 4461 945 4508 τόν
1004 4456 1146 4519 ἐντὸς
1217 4457 1673 4533 ἆνακαινιξόμενος
1743 4467 1828 4515 οἰν-

1981 4473 2230 4523 morem,
2267 4461 2330 4511 ut
2371 4460 2659 4527 tanquam
2716 4456 2873 4510 ﬁlius
2918 4460 3306 4526 reputaretur,
3340 4458 3395 4509 et
3459 4452 3590 4509 loco

259 4533 449 4636 θρωπον.
506 4543 597 4605 Εἰς
675 4542 869 4617 ἄνδρας
924 4551 1097 4598 τοίνυν
1149 4550 1309 4607 ἥκων.
1363 4549 1663 4625 τελεωτέραν
1740 4558 1872 4636 μὲν]

1977 4545 2193 4602 .aeredis
2240 4550 2414 4607 esset,
2455 4549 2634 4617 atque
2682 4546 2742 4599 in
2795 4544 3055 4600 adventu
3106 4543 3353 4615 Spiritus
3403 4541 3590 4596 sancti

258 4625 334 4711 τὴν
361 4624 554 4696 ἀγάπην
601 4637 696 4690 τὴν
740 4634 808 4695 εὶς
853 4640 1084 4709 Χριστὸν
1115 4638 1523 4711 προσελάμϐανε·
1568 4624 1661 4700 τὴν
1706 4624 1829 4702 ἴσην
1864 4624 1871 4636 ³

1869 4624 1904 4636 υ
1941 4636 2221 4709 princeps
2263 4651 2442 4708 super
2478 4650 2721 4691 omnem
2762 4638 2975 4690 terram
3008 4632 3482 4688 constitueretur.

261 4704 308 4762 δί
335 4721 434 4787 περὶ
461 4719 620 4772 αὐτοῦ
646 4719 1033 4795 ἀεθτελάμϐανεν,
1054 4728 1123 4786 ὡς
1147 4725 1196 4776 ἓν
1223 4729 1322 4798 ἴσῳ
1343 4734 1431 4780 καὶ
1464 4731 1579 4782 υἱοῦ
1604 4730 1913 4803 λογισθῆναι
1937 4735 2031 4790 τὴν
2061 4726 2381 4799 κληρονόμου
2414 4745 2467 4778 τε
2486 4724 2780 4783 πλουτῆσαι
2808 4723 2974 4789 τάξιν,
3004 4728 3093 4775 καὶ
3124 4729 3186 4794 τῇ
3213 4720 3471 4774 ἐπελεύσει
3496 4726 3585 4772 τοῦ

264 4803 525 4875 Πνιύματος
553 4811 736 4882 ἄρχων
766 4812 849 4864 ἐπί
878 4821 1205 4873 καταστῆναι
1232 4821 1326 4875 τὴν
1355 4824 1474 4887 γῆν.

318 4890 375 4943 Ε.
411 4895 542 4950 Ἐπεὶ
573 4895 750 4952 δὲκαὶ
784 4902 809 4952 ὁ
857 4910 947 4954 τοῦ
990 4902 1364 4976 σωτηριὼδους
1400 4910 1595 4970 πάθους
1638 4916 1813 4985 καιρὸς

1994 4909 2060 4967 V.
2097 4909 2242 4963 Cum
2270 4910 2470 4962 autem
2490 4903 2734 4959 instaret
2756 4908 2991 4973 tempus
3012 4898 3325 4956 salutiferae
3356 4899 3591 4955 Passio-

264 4988 523 5076 ιςηιστὴκει,
579 4985 653 5041 δι’
718 4990 779 5041 οὗ
822 4998 894 5061 τῷ
942 4995 1156 5065 παθητῷ
1207 4999 1338 5065 γένει
1391 5004 1705 5072 περιεγένετο
1779 5004 1809 5061 ἡ

1971 5000 2162 5072 is,qua
2182 4995 2447 5070 passibili
2465 4999 2693 5050 naturas
2708 4992 3116 5064 comparanda
3132 4986 3584 5061 impassibilitas

267 5071 471 5159 ξιπξὶθεια,
501 5083 587 5129 καὶ
630 5075 965 5143 ἁδιστάκτως
990 5082 1139 5146 οὗτος
1179 5093 1249 5155 τῷ
1290 5082 1597 5159 διδασκάλῳ
1633 5100 1810 5149 συνῆν.

1975 5071 2072 5155 rat,
2106 5087 2313 5143 aderat
2341 5088 2467 5157 ipse
2517 5084 2796 5140 continue
2861 5081 3109 5138 Christo.
3146 5076 3400 5146 Contigit
3450 5091 3588 5131 vero

268 5152 449 5215 Ἐδίησε
493 5160 549 5218 δὲ
594 5168 707 5219 κατ’
745 5167 903 5222 ἐκεῖνο
946 5180 1147 5246 καιροῦ,
1204 5183 1301 5226 τῶν
1362 5175 1607 5236 Ἐλλήνων
1660 5198 1815 5252 πρεσ-

1975 5152 2069 5235 inc
2094 5152 2404 5250 gentilium
2424 5176 2653 5245 legatos
2681 5172 2917 5243 aliquos
2938 5169 3085 5225 mitti
3108 5165 3588 5239 Hierosolymam

332 5334 349 5370 ¹
382 5337 537 5396 Joan.
571 5360 608 5410 ι,
651 5348 739 5403 51.

335 5512 403 5590 (ὁ)
436 5519 687 5596 Sequens
709 5525 869 5585 linea
898 5526 1064 5585 abest
1093 5543 1131 5585 a
1160 5529 1431 5588 versione
1450 5530 1720 5605 antiqua,
1746 5530 2017 5591 fortassis
2056 5536 2111 5590 et
2139 5531 2201 5589 in
2239 5531 2356 5590 MS.
2397 5531 2623 5589 Veneto
2647 5526 2851 5586 defuit.
