4066 6224
435 299 530 353 191
1846 312 2098 370 MENSIS

2209 316 2387 373 AIUS.

3694 311 3797 368 192

432 422 510 479 ad
538 424 657 482 diei
681 426 808 483 festi
854 432 1262 501 spectaculum
1297 436 1439 508 :qui
1489 437 1693 493 animo
1758 439 2088 512 stupefacti,

2209 441 2447 494 ϐευόντων
2503 444 2646 501 τινὰς
2692 444 2785 499 τὴν
2839 438 2921 493 ἐπὶ
2975 442 3040 492 τὰ
3102 438 3435 513 Ἱεροσόλυμα
3493 436 3801 489 στείλασθαι

435 520 678 587 propter
698 518 850 574 mira
868 520 982 575 sibi
1012 521 1085 577 de
1109 524 1334 580 Christo
1363 527 1637 583 nuntiata
1657 527 1901 599 (magna
1933 529 2090 585 enim

435 604 707 676 quaedam
757 611 896 663 tunc
943 609 1018 666 de
1069 627 1140 668 eo
1171 618 1227 669 et
1268 614 1446 670 ﬁdem
1474 632 1719 672 omnem
1750 618 2092 675 excedentia

433 694 797 762 dicebantur,
825 700 967 770 quia
993 701 1281 759 Lazarum
1320 705 1632 761 suscitarat
1657 722 1693 762 a
1728 707 1995 773 mortuis,
2036 712 2091 764 et

436 784 635 837 omnis
665 786 836 841 turba
866 802 1003 843 eum
1032 788 1315 847 laudibus
1369 793 1706 860 extollebat,
1741 801 1794 851 et
1849 796 2091 853 millena

438 870 555 927 alia
570 874 923 943 operabatur
941 878 1255 951 miracula)
1272 882 1665 953 cupiebantin
1684 884 1873 956 ipsius
1888 886 2089 941 venire

437 959 789 1033 alloquium.
836 967 978 1022 Huic
1011 984 1188 1039 porro
1242 976 1362 1026 tam
1389 971 1655 1028 honestae
1689 973 2090 1045 obsequentes

435 1050 720 1120 cupidini,
751 1054 955 1110 Jesum
993 1073 1193 1114 meum
1223 1066 1554 1132 sequuntur
1588 1078 1601 1127 ;
1630 1065 1688 1117 et
1733 1063 2087 1119 accedentes

435 1138 515 1193 ad
572 1140 931 1213 Philippum,
980 1161 1225 1203 causam
1273 1150 1362 1203 sui
1406 1149 1699 1206 adventus
1742 1157 2085 1224 exponunt:

434 1228 740 1301 Philippus
757 1248 896 1289 vero
914 1237 1208 1292 nuntiavit
1227 1239 1487 1310 primum
1512 1247 1722 1296 vocato
1746 1241 2012 1305 Andreae,
2034 1246 2092 1297 et

435 1317 611 1373 simul
642 1320 824 1377 ambo
854 1322 1191 1380 indicarunt
1217 1326 1351 1381 Jesu
1386 1329 1528 1399 :qui
1557 1328 1700 1399 ipsis
1743 1329 2089 1385 Passionem

433 1422 608 1463 suam
632 1414 688 1465 et
713 1416 1050 1469 secuturam
1082 1413 1333 1483 gloriam
1352 1416 1629 1489 explicuit
1646 1418 1852 1474 dicens
1888 1436 1901 1474 :
1926 1419 2089 1474 «Nisi

434 1512 687 1568 granum
714 1499 993 1560 frumenti
1014 1506 1309 1562 cadensin
1328 1512 1549 1564 terram
1570 1516 1871 1565 mortuum
1895 1509 2086 1575 fuerit,

436 1588 627 1644 solum
656 1596 856 1647 manet
886 1610 899 1660 ;
929 1593 977 1648 si
1015 1600 1215 1650 autem
1248 1603 1551 1654 mortuum
1595 1598 1787 1666 fuerit,
1833 1599 2090 1655 multum

435 1677 691 1734 fructum
726 1681 896 1737 affert
918 1685 957 1737 ³.
994 1703 1023 1735 ››

2201 534 2336 583 κατά
2391 533 2506 583 θέαν
2558 540 2650 591 τῆς
2693 530 2910 601 ἑορτῆς·
2952 527 3094 582 οὖτοι
3148 537 3257 589 τοῖς
3307 524 3627 602 παραδόξοις
3685 531 3803 597 περὶ

2201 630 2292 673 τοῦ
2362 621 2537 679 Ἰησοῦ
2616 617 2973 690 διαγγελθεῖσι
3046 617 3459 689 καταπλαγέντες
3531 620 3617 668 τὸν
3682 624 3801 668 νοῦν

2202 710 2423 783 (μεγάλα
2451 712 2551 783 γὰρ
2586 706 2691 768 ἤδη
2726 713 2841 780 περὶ
2872 709 3032 760 αὐτοῦ
3076 713 3165 761 καὶ
3196 707 3368 767 αὐτοῖς
3413 711 3544 780 πέρα
3572 710 3800 765 πίστεως

2202 796 2588 871 διηγγελλοντο,
2640 802 2703 859 ὡς
2780 797 3089 856 ἀναστήσειε
3140 800 3228 869 μὲν
3285 799 3371 848 τόν
3440 796 3682 867 Λάζαρον
3740 793 3798 845 ἐκ

2198 897 2405 963 νεκρῶν,
2460 888 2705 959 εὐφήμοις
2758 883 2816 939 δὲ
2876 888 2975 939 ὑπὸ
3034 894 3125 938 τοῦ
3181 885 3342 957 ὄχλου
3394 888 3587 944 παντὸς
3629 902 3797 956 παραο

2198 979 2451 1049 πεμφθείη
2504 984 2707 1049 φωναῖς,
2744 977 2891 1048 ἕτερά
2944 995 2997 1028 τε
3049 979 3212 1047 μυρία
3267 975 3483 1027 τελέσειε
3535 975 3801 1044 θαύματα)

2199 1066 2269 1127 εἰς
2326 1069 2493 1139 ἔρωτα
2541 1073 2633 1117 τοῦ
2681 1061 2776 1117 διὰ
2818 1065 2980 1136 λόγων
3029 1063 3186 1116 ὶλθεῖν
3236 1066 3398 1134 τούτῳ
3442 1066 3794 1119 κατέστησαν.

2195 1154 2480 1207 Ἠττῶνται
2535 1162 2810 1227 τοιγαροῦν
2866 1162 2958 1205 τοῦ
3008 1153 3167 1205 καλοῦ
3223 1155 3407 1206 τούτου
3465 1155 3672 1225 ἔρωτος,
3731 1151 3799 1209 ὡς

2198 1248 2284 1297 τόν
2331 1243 2449 1316 ἐμόν
2500 1264 2553 1297 τε
2606 1247 2822 1302 ἣκουσιν
2874 1244 3083 1301 Ἰησοῦ·
3114 1248 3203 1295 καὶ
3248 1251 3318 1313 τῷ
3366 1241 3603 1311 Φιλίππῳ
3634 1258 3800 1312 προσ·

2199 1333 2439 1398 ελθόντες,
2502 1339 2593 1392 τὴν
2636 1339 2822 1406 χρείαν
2876 1330 3248 1403 διαγγελλουσι
3299 1340 3396 1392 τῆς
3452 1330 3689 1403 ἀφίξεως.
3739 1328 3799 1381 Ὀ

2201 1419 2259 1475 δὲ
2304 1430 2374 1491 τῷ
2424 1422 2788 1497 πρωτωκλητῷ
2837 1418 3058 1495 Ἀνδρέᾳ
3108 1424 3174 1473 τὰ
3227 1425 3343 1495 περὶ
3392 1420 3559 1472 αὐτῶν
3615 1438 3803 1471 κοινω-

2202 1513 2419 1583 σάμενος
2460 1520 2531 1581 τῷ
2563 1512 2738 1569 Ἰησοῦ
2784 1515 2877 1564 σὺν
2926 1511 3066 1580 αύτῲ
3116 1509 3490 1583 προσαγγελλει
3520 1512 3613 1566 τὴν
3658 1510 3800 1560 ἔλευ-

2203 1620 2306 1666 σιν,
2351 1606 2440 1653 καὶ
2489 1601 2637 1663 οὗτος
2684 1604 2749 1653 τὰ
2796 1606 2911 1673 περὶ
2958 1608 3050 1653 τοῦ
3095 1601 3295 1660 πάθους
3351 1599 3529 1660 αύτοῖς
3571 1602 3658 1648 καὶ
3707 1604 3804 1656 τῆς

2201 1693 2385 1743 τούτου
2435 1686 2593 1753 δόξης
2652 1699 2721 1761 τῷ
2781 1690 2914 1761 λόγῳ
2972 1686 3315 1761 διασημαίνει
3347 1706 3360 1718 ·
3396 1708 3422 1737 α
3477 1688 3593 1738 Ἐὰν
3648 1690 3720 1757 μὴ
3775 1687 3803 1737 ὁ

435 1771 643 1835 κόκκος,
691 1768 869 1842 λέγων,
919 1779 1011 1825 τοῦ
1065 1777 1213 1827 σίτου
1268 1780 1441 1829 πεσὼν
1498 1777 1565 1839 εἰς
1623 1782 1715 1837 τὴν
1768 1786 1867 1850 γῆν
1920 1778 2175 1851 ἀποθάνῃ,
2224 1779 2378 1843 αύτός
2430 1785 2582 1853 μόνος
2637 1784 2817 1852 μένει·
2869 1779 3137 1832 ἀποθανὼν
3196 1776 3254 1831 δὲ
3307 1777 3464 1830 πολὺν
3522 1778 3659 1849 φέρει
3710 1777 3801 1827 τὸν

435 1862 654 1932 καρπόν.

504 1946 593 2001 Vl.
622 1949 685 2003 Et
707 1948 837 2005 haec
856 1951 1102 2023 quidem
1132 1954 1277 2026 ipsis
1298 1960 1438 2012 tunc
1460 1956 1603 2013 dixit
1624 1956 1888 2013 Christus
1912 1974 1926 2024 ;
1951 1973 2087 2013 cum
2126 1955 2169 2009 Β

432 2051 567 2091 vero
598 2052 813 2108 passus
839 2044 895 2095 et
922 2042 1240 2099 suscitatus
1263 2062 1297 2100 a
1324 2051 1535 2112 morte,
1572 2046 1839 2119 seipsum
1870 2047 2091 2119 pluries

432 2126 837 2185 manifestaret
866 2130 1173 2204 discipulis
1212 2150 1438 2208 eosque
1480 2136 1699 2192 faceret
1728 2142 2090 2208 spectatores

434 2231 633 2271 rerum
665 2216 1001 2275 humanum
1027 2228 1269 2292 captum
1302 2224 1711 2281 excedentium
1744 2244 1759 2292 ;
1788 2227 1965 2283 etiam
1999 2226 2092 2281 hic

439 2319 696 2374 magnus
736 2306 1070 2380 Philippus,
1115 2316 1403 2384 tanquam
1445 2314 1643 2370 socius
1682 2322 1736 2370 et
1794 2316 2093 2387 particeps

438 2391 831 2450 ineﬂ‘abilium
862 2400 1304 2471 mysteriorum,
1332 2402 1539 2459 aderat
1569 2403 1637 2459 iis
1667 2420 1803 2477 quin
1848 2404 2091 2471 ﬁebant,

441 2497 771 2555 eorumque
803 2502 956 2541 unus
986 2489 1348 2547 censebatur.
1383 2494 1632 2559 Quando
1663 2500 1859 2550 autem
1904 2494 2093 2549 Domi-

446 2587 557 2626 nus
578 2572 913 2630 etSalvator
932 2583 1133 2634 noster
1150 2581 1319 2636 Iesus
1338 2582 1599 2639 Christus
1623 2599 1865 2639 omnem
1904 2599 2100 2639 susce-

449 2664 562 2733 ptae
590 2676 699 2732 pro
737 2663 912 2719 nobis
970 2665 1029 2721 in
1092 2683 1271 2725 carne
1323 2670 1787 2744 dispensationis
1826 2673 2099 2729 ordinem

449 2748 820 2821 impleverat,
846 2760 898 2809 et
917 2754 1257 2813 caelestibus
1284 2763 1516 2816 terrena
1533 2761 1882 2817 mirabiliter
1904 2762 2099 2818 unive-

448 2843 557 2906 rat,
591 2845 772 2912 atque
794 2842 851 2898 in
882 2844 1097 2901 coelum
1127 2854 1437 2921 susceptus
1471 2866 1608 2906 cum
1641 2850 1830 2921 gloria
1862 2851 1936 2906 ad
1969 2852 2101 2908 dex-

448 2931 634 2984 teram
656 2932 838 2985 Patris
856 2936 1226 3001 consederat,
1255 2939 1537 3010 Spiritum
1564 2956 1807 3013 quoque
1828 2941 2097 2997 consola-

445 3020 660 3085 torem,
684 3024 859 3089 prout
887 3022 1183 3093 pollicitus
1199 3025 1412 3093 fuerat,
1436 3029 1494 3083 in
1524 3029 1718 3101 specie
1753 3029 2097 3097 linguarum

447 3105 760 3175 ignearum
792 3109 1033 3167 miserat
1064 3112 1137 3169 iis
1167 3130 1321 3186 quos
1348 3116 1641 3172 habuerat
1668 3118 1801 3173 vitae
1831 3118 2098 3173 mortalis

452 3194 644 3250 socios
666 3200 723 3251 et
743 3198 1010 3255 conscios
1028 3206 1390 3259 secretorum
1418 3223 1431 3272 ;
1453 3207 1659 3261 eodem
1684 3206 1893 3277 Spiritu
1917 3206 2095 3262 etiam

2273 1958 2344 2022 ς’.
2402 1961 2580 2014 Ταῦτα
2648 1962 2738 2031 μεν
2812 1955 2899 2010 οὖν
2978 1961 3109 2029 πρὸς
3186 1958 3407 2017 ἐκείνους
3477 1957 3503 2008 ό
3573 1957 3805 2028 Χριστὸς

2203 2044 2416 2119 διεξῄει.
2448 2047 2628 2100 Ἠνίκα
2668 2044 2726 2100 δε
2775 2050 2905 2119 μετά
2944 2051 3000 2099 τό
3033 2049 3200 2107 πάθος
3226 2051 3315 2098 καὶ
3363 2050 3455 2102 τὴν
3506 2043 3796 2095 ἀνάστασιν

2202 2144 2310 2197 τοῖς
2366 2138 2623 2209 μαθηταῖς
2676 2137 2916 2197 πολλάκις
2960 2136 3140 2189 ἑαυτὸν
3190 2131 3507 2209 παρεδήλου,
3556 2138 3644 2185 καὶ
3684 2134 3797 2185 θεασ

2200 2228 2288 2285 τὰς
2344 2228 2565 2284 καθίστη
2620 2234 2719 2278 τῶν
2772 2229 2896 2300 ὑπὲρ
2950 2228 3163 2291 ἔννοιαν,
3212 2229 3303 2277 καὶ
3360 2223 3517 2283 αὐτὸς
3568 2223 3713 2282 οὗτος
3771 2222 3799 2273 ὁ

2204 2319 2362 2386 μέγας
2411 2314 2678 2379 Φίλιππος,
2726 2316 2811 2367 οἵα
2865 2318 3221 2387 συμφοιτητὴς
3270 2318 3359 2365 καὶ
3412 2315 3646 2372 κοινωνός
3696 2318 3799 2362 τῶν

2208 2403 2512 2479 ἀπορρήτων
2575 2412 2682 2466 τοῖς
2757 2408 3130 2478 πραττομένοις
3202 2412 3409 2475 παρῆν·
3465 2406 3554 2453 καὶ
3604 2403 3801 2453 τούτων

2209 2494 2277 2555 εἷς
2332 2492 2628 2566 ἐξητάζετο.
2663 2490 2804 2551 ’Ἤδη
2839 2496 2927 2565 μὲν
2975 2489 3062 2544 οὖν
3115 2500 3205 2545 τοῦ
3248 2496 3508 2544 Δεσπότου
3558 2495 3647 2541 καὶ
3699 2497 3802 2541 Σω-

2209 2590 2360 2654 τῆρος
2416 2584 2561 2653 ἡμῶν
2613 2582 2790 2641 Ἰησοῦ
2838 2590 3068 2654 Χριστοῦ
3115 2586 3209 2639 την
3250 2578 3344 2633 διὰ
3392 2584 3585 2652 σαρκὸς
3626 2585 3805 2632 πᾶσαν

2210 2672 2335 2744 ὑπὲρ
2394 2673 2534 2743 ἡμῶν
2591 2671 2883 2743 οἰκονομίαν
2930 2670 3244 2735 τελέσαντος,
3290 2674 3379 2721 καὶ
3432 2676 3539 2729 τοῖς
3581 2671 3805 2741 ἐπουρα-

2208 2764 2337 2822 νίοις
2388 2757 2693 2829 παραδόξως
2734 2762 2808 2831 (c)
2861 2761 3252 2820 ἑνοποιήσαντος
3299 2761 3363 2811 τὰ
3419 2758 3638 2829 ἐπίγεια,
3670 2760 3807 2829 μετά

2211 2845 2367 2911 δόξης
2430 2869 2483 2901 τε
2534 2850 2603 2910 εἰς
2666 2849 2911 2921 οὐρανοὺς
2968 2848 3361 2920 ἀναληφθέντος,
3414 2851 3504 2900 καὶ
3555 2849 3604 2899 ἓν
3653 2843 3808 2917 δεξιᾷ

2209 2946 2298 2999 τῆς
2347 2946 2437 2991 τοῦ
2488 2942 2687 3013 Πατρός
2737 2938 3101 3011 μεγαλωσύνης
3151 2940 3483 3002 καθίσαντος,
3530 2939 3588 2988 τὸ
3635 2937 3803 3008 παρά-

2205 3026 2391 3084 κλητόν
2422 3047 2475 3080 τε
2524 3035 2730 3100 Πνεῦμα
2777 3036 2881 3088 τοῖς
2912 3028 3194 3088 αύτόπταις
3238 3027 3396 3079 αύτοῦ
3439 3030 3528 3078 xui
3575 3028 3807 3098 μύσταις

2205 3118 2341 3168 κατὰ
2391 3120 2478 3175 τὴν
2543 3116 2850 3189 ἐπαγγελίαν
2926 3117 2973 3168 ἐν
3052 3114 3178 3169 εῖδει
3251 3116 3505 3188 γλωσσῶν
3576 3119 3806 3190 πυρίνων

2205 3203 2656 3267 ἐξαποστείλαντος
2681 3224 2692 3235 ⁸
2722 3209 2906 3258 τούτου
2938 3210 3024 3258 xui
3058 3205 3310 3267 Φίλιππος
3339 3205 3641 3277 πληρωθεὶς,
3669 3207 3807 3279 πρὸς

448 3282 664 3355 plenus
703 3284 1029 3359 Philippus,
1058 3290 1308 3346 accinxit
1371 3308 1501 3349 sese
1550 3293 1629 3349 ad
1680 3294 2098 3363 evangelicum

2209 3298 2291 3347 τὸν
2321 3303 2412 3347 τοῦ
2439 3295 2755 3367 Εύαγγελίου
2788 3292 2980 3370 δρόμον
3005 3296 3439 3371 παρεσκευάζετο.

448 3388 713 3429 cursum.

518 3462 631 3516 VII.
660 3465 804 3518 Tum
823 3479 959 3520 vero
971 3466 1332 3537 quibusdam
1360 3470 1512 3526 exiis
1530 3471 1854 3528 Orientales
1875 3477 2097 3545 partes,

451 3548 582 3605 aliis
605 3551 889 3608 Occiduas
922 3556 1425 3628 aggredientibus,
1456 3560 1757 3616 nonnullis
1788 3562 1967 3618 etiam
2001 3565 2105 3617 Bo-

449 3638 633 3695 realia
655 3646 709 3696 et
735 3643 1025 3700 Australia
1046 3644 1286 3702 climata
1307 3649 1876 3719 pervadentibus,"et
1894 3651 2107 3723 praedi-

450 3727 747 3785 cationem
764 3730 876 3786 sibi
891 3732 1318 3792 demandatam
1333 3737 2105 3809 implentibus,admirabilis

449 3817 547 3874 hic
569 3820 898 3891 apostolus,
924 3823 1163 3878 sortitus
1190 3826 1388 3881 Asiam
1411 3828 1489 3900 (1)
1512 3828 1829 3901 ipsamque
1856 3829 2106 3885 circum-

451 3907 663 3973 iens,et
678 3924 891 3965 omnes
915 3910 974 3966 in
1001 3927 1072 3967 ea
1095 3913 1271 3969 urbes
1288 3916 1632 3990 oppidaque
1654 3917 2100 3989 pervadens(2),

450 3996 952 4055 innumerabilem
970 4001 1411 4059 multitudinem
1428 4004 1674 4062 adduxit
1689 4006 1766 4062 ad
1788 4007 2066 4078 pietatem
2087 4022 2100 4072 ;

449 4101 603 4159 quos
632 4087 943 4144 universos
970 4088 1194 4146 lumine
1218 4094 1682 4161 regenerationis
1711 4094 2099 4167 consignans,

452 4172 671 4229 caelesti
694 4172 947 4232 adduxit
978 4178 1149 4234 Patri.
1184 4181 1333 4245 Quin
1363 4186 1420 4236 et
1465 4182 1906 4238 infirmitatibus
1947 4199 2102 4239 mor-

455 4261 670 4333 bisque
701 4261 975 4330 aﬂlictos,
1005 4273 1058 4321 et
1089 4284 1124 4323 a
1154 4268 1427 4325 dmmone
1473 4270 1627 4326 male
1677 4271 1955 4335 infessos,
1976 4270 2103 4327 solo

453 4351 636 4406 verbo
654 4356 987 4425 sanctasque
1005 4372 1222 4412 manus
1238 4358 1618 4429 impositione
1636 4360 1885 4415 curabat
1909 4377 1922 4425 ;
1940 4360 2103 4431 ipsos

455 4438 697 4511 quidem
731 4442 1098 4500 adversarios
1122 4446 1493 4502 invisibiliter
1522 4447 1765 4519 pellens,
1798 4448 2105 4504 visibiliter

456 4531 654 4584 autem
685 4530 929 4586 salvans
952 4548 1053 4588 eos
1078 4535 1179 4606 qui
1212 4537 1601 4601 vexabantur,
1635 4537 1781 4592 dum
1812 4553 1914 4593 eos
1951 4554 2102 4609 pra;-

456 4616 771 4673 dicationis
792 4620 1233 4693 magniﬁcentia
1249 4629 1305 4679 et
1315 4626 1663 4697 operatione
1679 4625 2104 4682 miraculorum

2281 3464 2356 3521 Z'.
2398 3465 2539 3518 Ἐπεὶ
2570 3461 2629 3517 δὲ
2676 3467 2724 3516 οἱ
2771 3468 2860 3537 μὲν
2911 3464 3077 3515 αὐτῶν
3125 3467 3215 3526 τὰς
3264 3464 3387 3535 ἑῴας
3432 3463 3623 3527 λήξεις,
3665 3464 3713 3513 οἱ
3747 3459 3811 3514 δε

2212 3557 2301 3615 τὰς
2358 3552 2625 3626 ἑσπερίους
2670 3554 2915 3625 λαχόντες
2960 3554 3201 3626 ἐπῄεσαν,
3236 3552 3419 3625 βόρειά
3459 3572 3511 3605 τε
3545 3556 3632 3603 καὶ
3660 3556 3814 3603 νότια

2214 3646 2469 3715 περιέθεον
2525 3642 2771 3714 κλίματα,
2830 3646 2888 3694 τὸ
2947 3646 3389 3716 προστεταγμένον
3451 3642 3624 3700 αὐτοῖς
3682 3640 3814 3697 πλη·

2212 3740 2419 3805 ροῦντες
2464 3728 2758 3803 διάγγελμα
2790 3750 2801 3760 ·
2836 3737 2924 3783 xui
2974 3735 2998 3783 ο
3046 3734 3341 3803 θαυμαστὸς
3390 3727 3540 3791 οὗτος
3586 3728 3815 3781 ἀπόστο-

2213 3821 2294 3881 λος
2349 3826 2436 3879 τὴν
2487 3822 2673 3874 Ἀσίαν
2734 3820 3043 3893 κεκλήρωτο.
3101 3824 3307 3877 Ταύτην
3373 3839 3426 3872 τε
3486 3820 3655 3890 κύκλῳ
3712 3838 3813 3871 πε-

2212 3915 2377 3982 ριιὼν,
2447 3915 2535 3962 καὶ
2592 3913 2789 3971 πάσαις
2852 3914 2941 3982 μὲν
3010 3910 3236 3969 πόλεσιν,
3289 3908 3427 3969 ὅλαις
3484 3906 3543 3961 δὲ
3601 3915 3814 3979 χώραις

2213 3996 2503 4071 ἐπιδημῶν,
2552 4005 2736 4071 μυρίον
2791 4019 2841 4050 τι
2893 3998 3079 4058 πλῆθος
3135 4004 3224 4050 καὶ
3282 3996 3501 4070 ἀριθμὸν
3558 3995 3811 4069 ὑπερϐαῖ-

2211 4110 2312 4153 νυν,
2376 4090 2655 4141 συνθέσθαι
2729 4096 2789 4160 τῇ
2870 4086 3103 4159 εὐσεϐείᾳ
3177 4092 3452 4145 πεποίηκεν
3486 4105 3498 4116 ·
3560 4086 3647 4148 οῦς
3718 4093 3815 4140 καὶ

2210 4177 2453 4240 καθάπαξ
2498 4185 2567 4246 τῷ
2619 4185 2706 4237 τῆς
2754 4178 3150 4247 παλιγγενεσίας
3212 4181 3340 4249 φωτὶ
3418 4179 3811 4248 σημειούμενος,

2211 4276 2283 4338 τῷ
2328 4267 2547 4338 ούρανίῳ
2582 4274 2818 4341 προσῆγε
2864 4270 3049 4329 Πατρί.
3087 4271 3185 4319 Καὶ
3235 4263 3301 4323 δὴ
3348 4269 3585 4327 καὶτοὺς
3616 4267 3811 4317 πάθεσι

2213 4376 2319 4409 τισι
2374 4360 2460 4407 καὶ
2516 4360 2690 4415 νόσοις
2744 4356 3099 4425 πιεζομένους,
3155 4354 3213 4406 ού
3266 4359 3367 4426 μὴν
3418 4353 3545 4406 ἀλλά
3591 4358 3679 4405 xui
3731 4355 3817 4415 οἷς

2215 4446 2440 4498 ἐνοικοῦν
2477 4464 2521 4497 τι
2564 4441 2832 4516 δαιμόνιον
2879 4454 3051 4505 κακῶς
3099 4440 3335 4504 διετίθει,
3367 4443 3499 4514 λόγῳ
3544 4448 3681 4515 μόνῳ
3721 4448 3816 4495 καὶ

2213 4539 2393 4607 χειρὸς
2454 4537 2586 4608 ἱερᾶς

2215 4623 2608 4695 ἔπεμϐαίνοντάς
2690 4642 2743 4675 τε
2826 4627 2911 4674 xui
2992 4621 3366 4693 ἀντικειμένους
3441 4624 3811 4691 τροπούμενος,

2665 4535 2830 4606 ἐπαφῆ
2894 4533 3200 4605 ἐθεράπευε·
3257 4541 3454 4593 νοητῶς
3522 4536 3611 4603 μεν
3693 4536 3818 4592 τούς

459 4706 776 4777 stupenda,
806 4708 957 4765 velut
974 4710 1132 4767 retiis
1153 4712 1544 4785 quibusdam,
1563 4714 1641 4770 ad
1659 4715 1919 4771 veritatis
1937 4714 2098 4785 agni-

2215 4714 2481 4773 αἰσθητῶς
2536 4709 2593 4765 δε
2651 4716 2767 4771 τοὺς
2819 4711 2903 4762 ὑπ’
2951 4710 3148 4763 ἐκείνων
3204 4709 3559 4771 ἀπατηθέντας
3612 4708 3817 4761 ἀνασω-

530 4830 552 4864 ²
581 4830 752 4887 Joan.
782 4848 857 4889 xu
889 4834 978 4891 24.

631 4982 715 5065 Ιιι⁸
735 4984 937 5065 aliquo
954 4989 1531 5065 MSLGraeco,praeter
1553 4990 1780 5065 Asiam,
1806 4990 2106 5065 indicatur

458 5053 669 5136 Lydia,
703 5057 760 5136 in
785 5053 1014 5136 Ménteis
1045 5059 1264 5136 Graecis
1290 5053 1499 5136 :Mysia
1528 5068 1589 5136 et
1630 5053 1835 5134 Lydia,
1865 5064 1962 5118 sed
2012 5062 2103 5117 hae

457 5129 775 5204 provinciae
802 5138 941 5204 sunt
965 5132 1020 5186 in
1052 5133 1182 5204 ipsa
1212 5134 1348 5188 Asia
1369 5129 1613 5189 'Minori.

538 5199 851 5267 (2)Nicetas
890 5202 1017 5257 haec
1058 5199 1136 5259 ita
1166 5205 1409 5276 exponit
1441 5222 1453 5260 :
1489 5224 1516 5255 «
1556 5206 1703 5259 Asiae
1747 5204 1953 5276 plagas
1978 5220 2105 5275 per-

458 5275 737 5338 lustrans,
770 5288 839 5328 ac
873 5276 1100 5329 cunctis
1132 5275 1450 5345 proVinciis
1476 5282 1531 5330 et
1556 5275 1801 5331 urbibus
1842 5276 1979 5331 vitae
2003 5276 2105 5329 do-

460 5347 716 5419 ctrinatn
745 5346 1129 5419 annuntians,
1156 5363 1383 5419 eosque
1432 5347 1530 5418 qui
1585 5347 1891 5419 adnvitam
1937 5350 2106 5401 erant

460 5413 739 5478 ordinati,
756 5430 931 5487 verte
959 5433 1060 5487 per
1088 5416 1266 5473 ﬁdem
1291 5413 1434 5474 'vitm
1450 5413 1869 5481 reconcilians,
1900 5423 2105 5487 captos

458 5503 662 5544 omnes
685 5485 999 5553 adiabolo,
1024 5488 1478 5562 innumerisque
1517 5487 1819 5545 erroribus
1837 5504 1903 5544 ac
1933 5485 2106 5542 sedu-

2209 4988 2505 5067 ctionibus
2524 4986 3110 5067 perditos,sapienties
3123 4986 3341 5043 divinas
3358 4987 3729 5067 sermonibus
3744 5004 3818 5043 ac

2211 5059 2719 5116 exhortationibus
2740 5059 2969 5129 captiva
2982 5075 3148 5123 ns,ac
3167 5059 3626 5127 regenerationis
3649 5075 3818 5131 aqua

2210 5132 2888 5202 emundans,gratiaaque
2906 5132 3113 5202 spiritu
3132 5131 3467 5185 illuminans
3483 5137 3656 5201 atque
3676 5147 3822 5187 con-

2212 5219 2544 5266 summans,
2574 5204 2631 5255 in
2651 5218 2786 5256 eum
2815 5202 3060 5257 modum
3082 5202 3232 5258 Patri
3251 5203 3353 5273 qui
3371 5206 3433 5273 in
3453 5202 3615 5257 caelis
3641 5209 3730 5258 est
3748 5202 3819 5257 ﬁ—

2211 5274 2320 5329 lios
2334 5272 2941 5328 asciscebat.Cunctos
2958 5272 3409 5345 vero,quivariis
3425 5272 3819 5343 languoribus

2212 5362 2279 5401 ac
2295 5345 2511 5399 morbis
2525 5344 3248 5409 tenebantur,autobsessi
3264 5360 3299 5399 a
3316 5345 3608 5399 daemonio
3624 5350 3817 5407 erant,

2213 5422 2314 5471 aut
2361 5417 2576 5489 quovis
2606 5415 2721 5471 alio
2751 5416 2983 5470 sinistro
3016 5432 3158 5470 casu
3189 5414 3653 5489 afﬂictabantur,
3689 5418 3819 5472 solo

2212 5487 2487 5544 sermone
2518 5503 2587 5544 ac
2619 5504 2804 5555 sacrae
2836 5493 3143 5543 contractu
3174 5503 3392 5543 manus
3432 5487 3716 5544 sanabat.
3754 5510 3785 5538 ››

537 5609 617 5683 (c)
648 5610 761 5669 MS.
797 5615 1261 5684 Κενοποιήσαντος,
1292 5616 1615 5682 vacuasset,
1636 5610 1798 5684 quod
1828 5626 1951 5669 non
1969 5611 2098 5668 habt

2212 5612 2569 5670 ommodum
2589 5626 2857 5669 sensum.
