  <div class='ocr_page' id='page_1' title='image "/cluster/home/n/w/nwhite01/storage/ocr_20150623/115/hvd.32044073502262/102.png"; bbox 0 0 4066 6224; ppageno 0'>
   <div class='ocr_carea' id='block_1_1' title="bbox 214 295 1801 366">
    <p class='ocr_par' dir='ltr' id='par_1_1' title="bbox 214 296 1801 366">
     <span class='ocr_line' id='line_1_1' title="bbox 214 296 1801 366; baseline -0.008 0"><span class='ocrx_word' id='word_1_1' title='bbox 214 314 290 366; x_wconf 84' lang='grc'><strong>193</strong></span> <span class='ocrx_word' id='word_1_2' title='bbox 1355 296 1516 358; x_wconf 84' lang='lat' dir='ltr'><strong>VITA</strong></span> <span class='ocrx_word' id='word_1_3' title='bbox 1557 300 1616 355; x_wconf 91' lang='lat' dir='ltr'>S.</span> <span class='ocrx_word' id='word_1_4' title='bbox 1659 296 1801 354; x_wconf 86' lang='lat' dir='ltr'><strong>PHII</strong></span> 
     </span>
    </p>
   </div>
   <div class='ocr_carea' id='block_1_2' title="bbox 1916 295 3545 366">
    <p class='ocr_par' dir='ltr' id='par_1_2' title="bbox 1916 295 3545 365">
     <span class='ocr_line' id='line_1_2' title="bbox 1916 295 3545 365; baseline 0.008 -15"><span class='ocrx_word' id='word_1_5' title='bbox 1916 296 1968 351; x_wconf 78' lang='lat' dir='ltr'>PI</span> <span class='ocrx_word' id='word_1_6' title='bbox 2007 295 2381 352; x_wconf 82' lang='lat' dir='ltr'>APOSTOLI.</span> <span class='ocrx_word' id='word_1_7' title='bbox 3446 312 3545 365; x_wconf 75' lang='grc'>194</span> 
     </span>
    </p>
   </div>
   <div class='ocr_carea' id='block_1_3' title="bbox 209 421 1801 506">
    <p class='ocr_par' dir='ltr' id='par_1_3' title="bbox 209 427 1789 506">
     <span class='ocr_line' id='line_1_3' title="bbox 209 427 1789 506; baseline -0.008 -20"><span class='ocrx_word' id='word_1_8' title='bbox 209 437 423 506; x_wconf 70' lang='grc' dir='ltr'>ζόμενοςο</span> <span class='ocrx_word' id='word_1_9' title='bbox 489 435 574 495; x_wconf 78' lang='grc' dir='ltr'>οὖς</span> <span class='ocrx_word' id='word_1_10' title='bbox 630 441 721 486; x_wconf 85' lang='grc' dir='ltr'>τοῦ</span> <span class='ocrx_word' id='word_1_11' title='bbox 777 452 831 485; x_wconf 82' lang='grc' dir='ltr'>τε</span> <span class='ocrx_word' id='word_1_12' title='bbox 885 436 1214 505; x_wconf 76' lang='grc' dir='ltr'>κηρύγματος</span> <span class='ocrx_word' id='word_1_13' title='bbox 1266 427 1639 501; x_wconf 82' lang='grc' dir='ltr'>μεγαληγορίᾳ,</span> <span class='ocrx_word' id='word_1_14' title='bbox 1701 428 1789 474; x_wconf 83' lang='grc' dir='ltr'>καὶ</span> 
     </span>
    </p>
   </div>
   <div class='ocr_carea' id='block_1_4' title="bbox 1916 421 3543 506">
    <p class='ocr_par' dir='ltr' id='par_1_4' title="bbox 1916 421 3543 504">
     <span class='ocr_line' id='line_1_4' title="bbox 1916 421 3543 504; baseline 0.009 -28"><span class='ocrx_word' id='word_1_15' title='bbox 1916 422 2122 477; x_wconf 90' lang='lat' dir='ltr'>.ionem</span> <span class='ocrx_word' id='word_1_16' title='bbox 2149 421 2315 477; x_wconf 84' lang='lat' dir='ltr'>brevi</span> <span class='ocrx_word' id='word_1_17' title='bbox 2338 427 2602 493; x_wconf 89' lang='lat' dir='ltr'>tempore</span> <span class='ocrx_word' id='word_1_18' title='bbox 2621 421 2894 482; x_wconf 81' lang='lat' dir='ltr'>adduxit.</span> <span class='ocrx_word' id='word_1_19' title='bbox 2917 426 3266 486; x_wconf 84' lang='lat' dir='ltr'>Sacerdotes</span> <span class='ocrx_word' id='word_1_20' title='bbox 3292 431 3371 504; x_wconf 91' lang='lat'>(3)</span> <span class='ocrx_word' id='word_1_21' title='bbox 3404 450 3543 491; x_wconf 87' lang='lat' dir='ltr'>vero</span> 
     </span>
    </p>
   </div>
   <div class='ocr_carea' id='block_1_5' title="bbox 206 511 1789 595">
    <p class='ocr_par' dir='ltr' id='par_1_5' title="bbox 206 511 1789 595">
     <span class='ocr_line' id='line_1_5' title="bbox 206 511 1789 595; baseline -0.008 -19"><span class='ocrx_word' id='word_1_22' title='bbox 206 532 302 585; x_wconf 81' lang='grc' dir='ltr'>ταῖς</span> <span class='ocrx_word' id='word_1_23' title='bbox 356 521 675 592; x_wconf 75' lang='grc' dir='ltr'>παραδόξοις</span> <span class='ocrx_word' id='word_1_24' title='bbox 731 526 1185 595; x_wconf 74' lang='grc' dir='ltr'>θαυματοποιίαις,</span> <span class='ocrx_word' id='word_1_25' title='bbox 1251 516 1335 571; x_wconf 88' lang='grc' dir='ltr'>οἶά</span> <span class='ocrx_word' id='word_1_26' title='bbox 1389 536 1503 569; x_wconf 86' lang='grc' dir='ltr'>τισι</span> <span class='ocrx_word' id='word_1_27' title='bbox 1558 511 1789 573; x_wconf 75' lang='grc' dir='ltr'>δικτύοις</span> 
     </span>
    </p>
   </div>
   <div class='ocr_carea' id='block_1_6' title="bbox 210 601 1791 685">
    <p class='ocr_par' dir='ltr' id='par_1_6' title="bbox 210 601 1791 685">
     <span class='ocr_line' id='line_1_6' title="bbox 210 601 1791 685; baseline 0.001 -21"><span class='ocrx_word' id='word_1_28' title='bbox 210 616 403 685; x_wconf 75' lang='grc' dir='ltr'>ζωγρῶν</span> <span class='ocrx_word' id='word_1_29' title='bbox 460 622 555 676; x_wconf 71' lang='grc' dir='ltr'>τῆς</span> <span class='ocrx_word' id='word_1_30' title='bbox 614 613 872 679; x_wconf 79' lang='grc' dir='ltr'>ἀληθείας,</span> <span class='ocrx_word' id='word_1_31' title='bbox 929 609 1024 683; x_wconf 73' lang='grc' dir='ltr'>ἦγε</span> <span class='ocrx_word' id='word_1_32' title='bbox 1072 612 1210 662; x_wconf 83' lang='grc' dir='ltr'>κατὰ</span> <span class='ocrx_word' id='word_1_33' title='bbox 1261 607 1445 681; x_wconf 78' lang='grc' dir='ltr'>βραχὺ</span> <span class='ocrx_word' id='word_1_34' title='bbox 1502 607 1634 680; x_wconf 80' lang='grc' dir='ltr'>πρὸς</span> <span class='ocrx_word' id='word_1_35' title='bbox 1684 601 1791 653; x_wconf 73' lang='grc' dir='ltr'>έπί’</span> 
     </span>
    </p>
   </div>
   <div class='ocr_carea' id='block_1_7' title="bbox 206 700 1789 775">
    <p class='ocr_par' dir='ltr' id='par_1_7' title="bbox 206 700 1789 775">
     <span class='ocr_line' id='line_1_7' title="bbox 206 700 1789 775; baseline -0.008 -22"><span class='ocrx_word' id='word_1_36' title='bbox 206 722 400 773; x_wconf 77' lang='grc' dir='ltr'>γνωσιν.</span> <span class='ocrx_word' id='word_1_37' title='bbox 464 703 636 775; x_wconf 85' lang='grc' dir='ltr'>Ἰερεῖς</span> <span class='ocrx_word' id='word_1_38' title='bbox 694 700 753 754; x_wconf 73' lang='grc' dir='ltr'>δὲ</span> <span class='ocrx_word' id='word_1_39' title='bbox 808 707 897 753; x_wconf 85' lang='grc' dir='ltr'>καὶ</span> <span class='ocrx_word' id='word_1_40' title='bbox 957 703 1315 773; x_wconf 78' lang='grc' dir='ltr'>θυσιαστήρια</span> <span class='ocrx_word' id='word_1_41' title='bbox 1366 700 1639 766; x_wconf 74' lang='grc' dir='ltr'>πανταχοῦ</span> <span class='ocrx_word' id='word_1_42' title='bbox 1691 700 1789 743; x_wconf 87' lang='grc' dir='ltr'>τῶν</span> 
     </span>
    </p>
   </div>
   <div class='ocr_carea' id='block_1_8' title="bbox 206 783 1790 860">
    <p class='ocr_par' dir='ltr' id='par_1_8' title="bbox 206 783 1790 860">
     <span class='ocr_line' id='line_1_8' title="bbox 206 783 1790 860; baseline -0.003 -16"><span class='ocrx_word' id='word_1_43' title='bbox 206 792 289 844; x_wconf 75' lang='grc' dir='ltr'>ἐκεῖ</span> <span class='ocrx_word' id='word_1_44' title='bbox 334 796 504 843; x_wconf 87' lang='grc' dir='ltr'>τόπων</span> <span class='ocrx_word' id='word_1_45' title='bbox 555 791 811 853; x_wconf 74' lang='grc' dir='ltr'>ἀποτάξας</span> <span class='ocrx_word' id='word_1_46' title='bbox 850 810 901 842; x_wconf 87' lang='grc' dir='ltr'>τε</span> <span class='ocrx_word' id='word_1_47' title='bbox 938 794 1027 841; x_wconf 82' lang='grc' dir='ltr'>καὶ</span> <span class='ocrx_word' id='word_1_48' title='bbox 1068 786 1395 860; x_wconf 73' lang='grc' dir='ltr'>δειμάμενος,</span> <span class='ocrx_word' id='word_1_49' title='bbox 1441 783 1553 835; x_wconf 79' lang='grc' dir='ltr'>ἀντὶ</span> <span class='ocrx_word' id='word_1_50' title='bbox 1598 784 1790 833; x_wconf 81' lang='grc' dir='ltr'>θυσιῶν</span> 
     </span>
    </p>
   </div>
   <div class='ocr_carea' id='block_1_9' title="bbox 206 873 1793 952">
    <p class='ocr_par' dir='ltr' id='par_1_9' title="bbox 206 873 1793 952">
     <span class='ocr_line' id='line_1_9' title="bbox 206 873 1793 952; baseline -0.008 -21"><span class='ocrx_word' id='word_1_51' title='bbox 206 890 285 931; x_wconf 76' lang='grc' dir='ltr'>τῶν</span> <span class='ocrx_word' id='word_1_52' title='bbox 342 878 636 952; x_wconf 74' lang='grc' dir='ltr'>ἐπιϐωμίων</span> <span class='ocrx_word' id='word_1_53' title='bbox 686 885 779 937; x_wconf 77' lang='grc' dir='ltr'>τήν</span> <span class='ocrx_word' id='word_1_54' title='bbox 839 880 974 951; x_wconf 77' lang='grc' dir='ltr'>ἱερὰν</span> <span class='ocrx_word' id='word_1_55' title='bbox 1028 878 1076 930; x_wconf 86' lang='grc' dir='ltr'>ἐν</span> <span class='ocrx_word' id='word_1_56' title='bbox 1129 880 1331 938; x_wconf 80' lang='grc' dir='ltr'>τούτοις</span> <span class='ocrx_word' id='word_1_57' title='bbox 1385 873 1641 926; x_wconf 78' lang='grc' dir='ltr'>τελεῖσθαι</span> <span class='ocrx_word' id='word_1_58' title='bbox 1697 889 1793 940; x_wconf 84' lang='grc' dir='ltr'>μν-</span> 
     </span>
    </p>
   </div>
   <div class='ocr_carea' id='block_1_10' title="bbox 206 963 1792 1043">
    <p class='ocr_par' dir='ltr' id='par_1_10' title="bbox 206 963 1792 1043">
     <span class='ocr_line' id='line_1_10' title="bbox 206 963 1792 1043; baseline -0.006 -23"><span class='ocrx_word' id='word_1_59' title='bbox 206 974 497 1040; x_wconf 79' lang='grc' dir='ltr'>σταγωγίαν</span> <span class='ocrx_word' id='word_1_60' title='bbox 573 972 717 1043; x_wconf 83' lang='grc' dir='ltr'>ἱερώς</span> <span class='ocrx_word' id='word_1_61' title='bbox 779 970 1185 1040; x_wconf 76' lang='grc' dir='ltr'>παρεσκεύασεν,</span> <span class='ocrx_word' id='word_1_62' title='bbox 1232 968 1296 1025; x_wconf 85' lang='grc' dir='ltr'>ὡς</span> <span class='ocrx_word' id='word_1_63' title='bbox 1361 963 1635 1035; x_wconf 79' lang='grc' dir='ltr'>τηρεῖσθαι</span> <span class='ocrx_word' id='word_1_64' title='bbox 1702 965 1792 1011; x_wconf 87' lang='grc' dir='ltr'>καὶ</span> 
     </span>
    </p>
   </div>
   <div class='ocr_carea' id='block_1_11' title="bbox 202 1049 1791 1129">
    <p class='ocr_par' dir='ltr' id='par_1_11' title="bbox 202 1049 1791 1129">
     <span class='ocr_line' id='line_1_11' title="bbox 202 1049 1791 1129; baseline -0.007 -19"><span class='ocrx_word' id='word_1_65' title='bbox 202 1059 263 1110; x_wconf 79' lang='grc' dir='ltr'>ἐπ’</span> <span class='ocrx_word' id='word_1_66' title='bbox 311 1058 489 1119; x_wconf 71' lang='grc' dir='ltr'>αὐτοῖς</span> <span class='ocrx_word' id='word_1_67' title='bbox 527 1062 614 1109; x_wconf 81' lang='grc' dir='ltr'>τὸν</span> <span class='ocrx_word' id='word_1_68' title='bbox 655 1066 744 1110; x_wconf 85' lang='grc' dir='ltr'>τοῦ</span> <span class='ocrx_word' id='word_1_69' title='bbox 783 1057 1095 1129; x_wconf 79' lang='grc' dir='ltr'>Εύαγγελίου</span> <span class='ocrx_word' id='word_1_70' title='bbox 1137 1059 1344 1127; x_wconf 85' lang='grc' dir='ltr'>θεσμόν.</span> <span class='ocrx_word' id='word_1_71' title='bbox 1387 1056 1538 1104; x_wconf 82' lang='grc' dir='ltr'>Οῦτω</span> <span class='ocrx_word' id='word_1_72' title='bbox 1575 1052 1664 1122; x_wconf 74' lang='grc' dir='ltr'>μεν</span> <span class='ocrx_word' id='word_1_73' title='bbox 1704 1049 1791 1100; x_wconf 80' lang='grc' dir='ltr'>οὖν</span> 
     </span>
    </p>
   </div>
   <div class='ocr_carea' id='block_1_12' title="bbox 200 1144 1792 1211">
    <p class='ocr_par' dir='ltr' id='par_1_12' title="bbox 200 1144 1792 1211">
     <span class='ocr_line' id='line_1_12' title="bbox 200 1144 1792 1211; baseline -0.006 -13"><span class='ocrx_word' id='word_1_74' title='bbox 200 1147 317 1199; x_wconf 72' lang='grc' dir='ltr'>πολὺ</span> <span class='ocrx_word' id='word_1_75' title='bbox 362 1167 414 1198; x_wconf 84' lang='grc' dir='ltr'>τι</span> <span class='ocrx_word' id='word_1_76' title='bbox 455 1147 651 1208; x_wconf 81' lang='grc' dir='ltr'>πλῆθος</span> <span class='ocrx_word' id='word_1_77' title='bbox 679 1156 778 1199; x_wconf 87' lang='grc' dir='ltr'>τῶν</span> <span class='ocrx_word' id='word_1_78' title='bbox 819 1144 890 1199; x_wconf 86' lang='grc' dir='ltr'>δι’</span> <span class='ocrx_word' id='word_1_79' title='bbox 923 1147 1084 1199; x_wconf 72' lang='grc' dir='ltr'>αὑτοῦ</span> <span class='ocrx_word' id='word_1_80' title='bbox 1115 1145 1506 1198; x_wconf 78' lang='grc' dir='ltr'>πιστευσάντων</span> <span class='ocrx_word' id='word_1_81' title='bbox 1551 1148 1622 1211; x_wconf 84' lang='grc' dir='ltr'>τῷ</span> <span class='ocrx_word' id='word_1_82' title='bbox 1664 1146 1792 1210; x_wconf 80' lang='grc' dir='ltr'>Χρι-</span> 
     </span>
    </p>
   </div>
   <div class='ocr_carea' id='block_1_13' title="bbox 1899 509 3545 581">
    <p class='ocr_par' dir='ltr' id='par_1_13' title="bbox 1899 509 3545 581">
     <span class='ocr_line' id='line_1_13' title="bbox 1899 509 3545 581; baseline 0.008 -15"><span class='ocrx_word' id='word_1_83' title='bbox 1899 515 1954 566; x_wconf 93' lang='lat' dir='ltr'>et</span> <span class='ocrx_word' id='word_1_84' title='bbox 1981 509 2189 566; x_wconf 88' lang='lat' dir='ltr'>altaria</span> <span class='ocrx_word' id='word_1_85' title='bbox 2212 525 2316 581; x_wconf 89' lang='lat' dir='ltr'>per</span> <span class='ocrx_word' id='word_1_86' title='bbox 2335 511 2542 567; x_wconf 82' lang='lat' dir='ltr'><strong>omnia</strong></span> <span class='ocrx_word' id='word_1_87' title='bbox 2580 510 2799 567; x_wconf 85' lang='lat' dir='ltr'>ibidem</span> <span class='ocrx_word' id='word_1_88' title='bbox 2838 512 2971 570; x_wconf 90' lang='lat' dir='ltr'>loca</span> <span class='ocrx_word' id='word_1_89' title='bbox 3016 516 3298 574; x_wconf 88' lang='lat' dir='ltr'>ordinans</span> <span class='ocrx_word' id='word_1_90' title='bbox 3320 526 3375 577; x_wconf 90' lang='lat' dir='ltr'>et</span> <span class='ocrx_word' id='word_1_91' title='bbox 3399 538 3545 579; x_wconf 91' lang='lat' dir='ltr'>con-</span> 
     </span>
    </p>
   </div>
   <div class='ocr_carea' id='block_1_14' title="bbox 1900 600 3542 670">
    <p class='ocr_par' dir='ltr' id='par_1_14' title="bbox 1900 600 3542 670">
     <span class='ocr_line' id='line_1_14' title="bbox 1900 600 3542 670; baseline 0.01 -17"><span class='ocrx_word' id='word_1_92' title='bbox 1900 604 2151 664; x_wconf 86' lang='lat' dir='ltr'>struens,</span> <span class='ocrx_word' id='word_1_93' title='bbox 2186 614 2292 670; x_wconf 91' lang='lat' dir='ltr'>pro</span> <span class='ocrx_word' id='word_1_94' title='bbox 2319 600 2577 655; x_wconf 88' lang='lat' dir='ltr'>cruentis</span> <span class='ocrx_word' id='word_1_95' title='bbox 2642 600 2894 656; x_wconf 91' lang='lat' dir='ltr'>victimis</span> <span class='ocrx_word' id='word_1_96' title='bbox 2938 602 3139 659; x_wconf 81' lang='lat' dir='ltr'>docuit</span> <span class='ocrx_word' id='word_1_97' title='bbox 3171 606 3542 669; x_wconf 82' lang='lat' dir='ltr'>incruentam</span> 
     </span>
    </p>
   </div>
   <div class='ocr_carea' id='block_1_15' title="bbox 1899 687 3544 760">
    <p class='ocr_par' dir='ltr' id='par_1_15' title="bbox 1899 687 3544 760">
     <span class='ocr_line' id='line_1_15' title="bbox 1899 687 3544 760; baseline 0.007 -16"><span class='ocrx_word' id='word_1_98' title='bbox 1899 688 2109 744; x_wconf 78' lang='lat' dir='ltr'>otierre</span> <span class='ocrx_word' id='word_1_99' title='bbox 2135 687 2414 754; x_wconf 86' lang='lat' dir='ltr'>hostiam,</span> <span class='ocrx_word' id='word_1_100' title='bbox 2447 692 2504 745; x_wconf 89' lang='lat' dir='ltr'>et</span> <span class='ocrx_word' id='word_1_101' title='bbox 2522 689 2815 760; x_wconf 78' lang='lat' dir='ltr'>Evangelii</span> <span class='ocrx_word' id='word_1_102' title='bbox 2833 705 3111 749; x_wconf 83' lang='lat' dir='ltr'>normam</span> <span class='ocrx_word' id='word_1_103' title='bbox 3130 696 3308 752; x_wconf 90' lang='lat' dir='ltr'>etiam</span> <span class='ocrx_word' id='word_1_104' title='bbox 3329 698 3388 753; x_wconf 92' lang='lat' dir='ltr'>in</span> <span class='ocrx_word' id='word_1_105' title='bbox 3419 700 3544 755; x_wconf 83' lang='lat' dir='ltr'>istis</span> 
     </span>
    </p>
   </div>
   <div class='ocr_carea' id='block_1_16' title="bbox 1900 777 3547 858">
    <p class='ocr_par' dir='ltr' id='par_1_16' title="bbox 1900 777 3547 858">
     <span class='ocr_line' id='line_1_16' title="bbox 1900 777 3547 858; baseline 0.008 -27"><span class='ocrx_word' id='word_1_106' title='bbox 1900 777 2251 841; x_wconf 90' lang='lat' dir='ltr'>observare;</span> <span class='ocrx_word' id='word_1_107' title='bbox 2280 781 2455 848; x_wconf 74' lang='lat' dir='ltr'>atque</span> <span class='ocrx_word' id='word_1_108' title='bbox 2492 779 2574 833; x_wconf 91' lang='lat' dir='ltr'>ita</span> <span class='ocrx_word' id='word_1_109' title='bbox 2601 778 2928 835; x_wconf 83' lang='lat' dir='ltr'>maximum</span> <span class='ocrx_word' id='word_1_110' title='bbox 2961 783 3332 841; x_wconf 85' lang='lat' dir='ltr'>credentium</span> <span class='ocrx_word' id='word_1_111' title='bbox 3356 802 3459 858; x_wconf 92' lang='lat' dir='ltr'>per</span> <span class='ocrx_word' id='word_1_112' title='bbox 3485 804 3547 844; x_wconf 92' lang='lat' dir='ltr'>se</span> 
     </span>
    </p>
   </div>
   <div class='ocr_carea' id='block_1_17' title="bbox 1899 866 3548 945">
    <p class='ocr_par' dir='ltr' id='par_1_17' title="bbox 1899 866 3548 945">
     <span class='ocr_line' id='line_1_17' title="bbox 1899 866 3548 945; baseline 0.006 -24"><span class='ocrx_word' id='word_1_113' title='bbox 1899 881 2219 921; x_wconf 87' lang='lat' dir='ltr'><strong>numerum</strong></span> <span class='ocrx_word' id='word_1_114' title='bbox 2259 866 2507 922; x_wconf 84' lang='lat' dir='ltr'>adduxit</span> <span class='ocrx_word' id='word_1_115' title='bbox 2536 866 2786 924; x_wconf 83' lang='lat' dir='ltr'>Christo.</span> <span class='ocrx_word' id='word_1_116' title='bbox 2821 870 2962 926; x_wconf 88' lang='lat' dir='ltr'>Cum</span> <span class='ocrx_word' id='word_1_117' title='bbox 2992 871 3250 945; x_wconf 90' lang='lat' dir='ltr'>denique</span> <span class='ocrx_word' id='word_1_118' title='bbox 3270 874 3332 930; x_wconf 91' lang='lat' dir='ltr'><strong>in</strong></span> <span class='ocrx_word' id='word_1_119' title='bbox 3361 892 3431 932; x_wconf 92' lang='lat' dir='ltr'>eo</span> <span class='ocrx_word' id='word_1_120' title='bbox 3456 892 3548 933; x_wconf 90' lang='lat' dir='ltr'>res</span> 
     </span>
    </p>
   </div>
   <div class='ocr_carea' id='block_1_18' title="bbox 1899 958 3549 1029">
    <p class='ocr_par' dir='ltr' id='par_1_18' title="bbox 1899 958 3549 1029">
     <span class='ocr_line' id='line_1_18' title="bbox 1899 958 3549 1029; baseline 0.008 -19"><span class='ocrx_word' id='word_1_121' title='bbox 1899 960 2053 1011; x_wconf 89' lang='lat' dir='ltr'>esset</span> <span class='ocrx_word' id='word_1_122' title='bbox 2082 960 2261 1010; x_wconf 90' lang='lat' dir='ltr'>statu.</span> <span class='ocrx_word' id='word_1_123' title='bbox 2292 960 2354 1011; x_wconf 90' lang='lat' dir='ltr'>ut</span> <span class='ocrx_word' id='word_1_124' title='bbox 2377 972 2583 1012; x_wconf 91' lang='lat' dir='ltr'>omnes</span> <span class='ocrx_word' id='word_1_125' title='bbox 2613 958 2860 1029; x_wconf 87' lang='lat' dir='ltr'><strong>quidem</strong></span> <span class='ocrx_word' id='word_1_126' title='bbox 2886 960 3172 1020; x_wconf 86' lang='lat' dir='ltr'><strong>deberent</strong></span> <span class='ocrx_word' id='word_1_127' title='bbox 3192 965 3446 1022; x_wconf 91' lang='lat' dir='ltr'>transire</span> <span class='ocrx_word' id='word_1_128' title='bbox 3471 966 3549 1023; x_wconf 90' lang='lat' dir='ltr'>ad</span> 
     </span>
    </p>
   </div>
   <div class='ocr_carea' id='block_1_19' title="bbox 1898 1044 3551 1128">
    <p class='ocr_par' dir='ltr' id='par_1_19' title="bbox 1898 1044 3551 1128">
     <span class='ocr_line' id='line_1_19' title="bbox 1898 1044 3551 1128; baseline 0.008 -30"><span class='ocrx_word' id='word_1_129' title='bbox 1898 1044 2103 1109; x_wconf 87' lang='lat' dir='ltr'>ﬁdem,</span> <span class='ocrx_word' id='word_1_130' title='bbox 2128 1045 2252 1117; x_wconf 91' lang='lat' dir='ltr'>ipse</span> <span class='ocrx_word' id='word_1_131' title='bbox 2284 1060 2423 1101; x_wconf 90' lang='lat' dir='ltr'>vero</span> <span class='ocrx_word' id='word_1_132' title='bbox 2455 1046 2707 1103; x_wconf 88' lang='lat' dir='ltr'>transire</span> <span class='ocrx_word' id='word_1_133' title='bbox 2735 1048 2814 1104; x_wconf 92' lang='lat' dir='ltr'>ad</span> <span class='ocrx_word' id='word_1_134' title='bbox 2826 1049 3169 1119; x_wconf 90' lang='lat' dir='ltr'>Dominum,</span> <span class='ocrx_word' id='word_1_135' title='bbox 3199 1053 3314 1110; x_wconf 86' lang='lat' dir='ltr'>tale</span> <span class='ocrx_word' id='word_1_136' title='bbox 3333 1054 3481 1128; x_wconf 89' lang='lat' dir='ltr'>quid</span> <span class='ocrx_word' id='word_1_137' title='bbox 3498 1055 3551 1112; x_wconf 90' lang='lat' dir='ltr'>ei</span> 
     </span>
    </p>
   </div>
   <div class='ocr_carea' id='block_1_20' title="bbox 1901 1132 2667 1206">
    <p class='ocr_par' dir='ltr' id='par_1_20' title="bbox 1901 1132 2667 1206">
     <span class='ocr_line' id='line_1_20' title="bbox 1901 1132 2667 1206; baseline 0.003 -18"><span class='ocrx_word' id='word_1_138' title='bbox 1901 1134 2058 1188; x_wconf 89' lang='lat' dir='ltr'>circa</span> <span class='ocrx_word' id='word_1_139' title='bbox 2088 1132 2270 1188; x_wconf 84' lang='lat' dir='ltr'><strong>finem</strong></span> <span class='ocrx_word' id='word_1_140' title='bbox 2300 1134 2544 1206; x_wconf 82' lang='lat' dir='ltr'>contigit</span> <span class='ocrx_word' id='word_1_141' title='bbox 2567 1134 2667 1206; x_wconf 77' lang='grc'>(4).</span> 
     </span>
    </p>
   </div>
   <div class='ocr_carea' id='block_1_21' title="bbox 202 1220 3553 1311">
    <p class='ocr_par' dir='ltr' id='par_1_21' title="bbox 202 1220 3553 1311">
     <span class='ocr_line' id='line_1_21' title="bbox 202 1220 3553 1311; baseline 0.008 -51"><span class='ocrx_word' id='word_1_142' title='bbox 202 1246 296 1308; x_wconf 40' lang='lat' dir='ltr'>cf?</span> <span class='ocrx_word' id='word_1_143' title='bbox 370 1238 758 1311; x_wconf 55' lang='grc' dir='ltr'>προσηγάγετο.</span> <span class='ocrx_word' id='word_1_144' title='bbox 836 1239 943 1289; x_wconf 54' lang='grc' dir='ltr'><strong>ἐπεὶ</strong></span> <span class='ocrx_word' id='word_1_145' title='bbox 1016 1233 1075 1288; x_wconf 56' lang='grc' dir='ltr'>δὲ</span> <span class='ocrx_word' id='word_1_146' title='bbox 1133 1240 1221 1287; x_wconf 81' lang='grc' dir='ltr'>καὶ</span> <span class='ocrx_word' id='word_1_147' title='bbox 1278 1242 1377 1286; x_wconf 83' lang='grc' dir='ltr'>τῶν</span> <span class='ocrx_word' id='word_1_148' title='bbox 1434 1225 1632 1283; x_wconf 76' lang='grc' dir='ltr'>ἐνθένδε</span> <span class='ocrx_word' id='word_1_149' title='bbox 1687 1234 1863 1279; x_wconf 87' lang='grc' dir='ltr'>τοῦτον</span> <span class='ocrx_word' id='word_1_150' title='bbox 1920 1220 2026 1275; x_wconf 82' lang='grc' dir='ltr'>ἔδει</span> <span class='ocrx_word' id='word_1_151' title='bbox 2081 1224 2286 1285; x_wconf 88' lang='grc' dir='ltr'>πάντως</span> <span class='ocrx_word' id='word_1_152' title='bbox 2341 1233 2739 1296; x_wconf 75' lang='grc' dir='ltr'>μεταφοιτῆσαι,</span> <span class='ocrx_word' id='word_1_153' title='bbox 2801 1224 3058 1301; x_wconf 76' lang='grc' dir='ltr'>ἐκδημίαν</span> <span class='ocrx_word' id='word_1_154' title='bbox 3126 1250 3181 1284; x_wconf 81' lang='grc' dir='ltr'>τε</span> <span class='ocrx_word' id='word_1_155' title='bbox 3250 1236 3345 1291; x_wconf 76' lang='grc' dir='ltr'>την</span> <span class='ocrx_word' id='word_1_156' title='bbox 3419 1237 3553 1309; x_wconf 88' lang='grc' dir='ltr'>πρὸς</span> 
     </span>
    </p>
   </div>
   <div class='ocr_carea' id='block_1_22' title="bbox 201 1313 2062 1398">
    <p class='ocr_par' dir='ltr' id='par_1_22' title="bbox 201 1313 2062 1398">
     <span class='ocr_line' id='line_1_22' title="bbox 201 1313 2062 1398; baseline -0.002 -21"><span class='ocrx_word' id='word_1_157' title='bbox 201 1331 272 1377; x_wconf 81' lang='grc' dir='ltr'>τόν</span> <span class='ocrx_word' id='word_1_158' title='bbox 303 1328 495 1397; x_wconf 76' lang='grc' dir='ltr'>Κύριον</span> <span class='ocrx_word' id='word_1_159' title='bbox 524 1326 849 1391; x_wconf 77' lang='grc' dir='ltr'>στείλασθαι,</span> <span class='ocrx_word' id='word_1_160' title='bbox 878 1322 1079 1378; x_wconf 82' lang='grc' dir='ltr'>τοιόνδε</span> <span class='ocrx_word' id='word_1_161' title='bbox 1104 1344 1155 1376; x_wconf 88' lang='grc' dir='ltr'>τι</span> <span class='ocrx_word' id='word_1_162' title='bbox 1179 1328 1295 1398; x_wconf 84' lang='grc' dir='ltr'>περὶ</span> <span class='ocrx_word' id='word_1_163' title='bbox 1319 1326 1377 1374; x_wconf 84' lang='grc' dir='ltr'>τό</span> <span class='ocrx_word' id='word_1_164' title='bbox 1408 1321 1549 1382; x_wconf 81' lang='grc' dir='ltr'>τέλος</span> <span class='ocrx_word' id='word_1_165' title='bbox 1574 1320 1713 1388; x_wconf 77' lang='grc' dir='ltr'>αὐτῷ</span> <span class='ocrx_word' id='word_1_166' title='bbox 1742 1313 2062 1383; x_wconf 77' lang='grc' dir='ltr'>συνηνέχθη-</span> 
     </span>
    </p>
   </div>
   <div class='ocr_carea' id='block_1_23' title="bbox 258 1407 1792 1488">
    <p class='ocr_par' dir='ltr' id='par_1_23' title="bbox 258 1407 1792 1488">
     <span class='ocr_line' id='line_1_23' title="bbox 258 1407 1792 1488; baseline -0.006 -21"><span class='ocrx_word' id='word_1_167' title='bbox 258 1422 325 1469; x_wconf 90' lang='grc' dir='ltr'>Π.</span> <span class='ocrx_word' id='word_1_168' title='bbox 382 1414 540 1476; x_wconf 89' lang='grc' dir='ltr'>Πόλις</span> <span class='ocrx_word' id='word_1_169' title='bbox 584 1415 697 1467; x_wconf 83' lang='grc' dir='ltr'>ἐστὶ</span> <span class='ocrx_word' id='word_1_170' title='bbox 734 1417 870 1467; x_wconf 84' lang='grc' dir='ltr'>κατὰ</span> <span class='ocrx_word' id='word_1_171' title='bbox 907 1420 999 1473; x_wconf 75' lang='grc' dir='ltr'>την</span> <span class='ocrx_word' id='word_1_172' title='bbox 1049 1418 1276 1488; x_wconf 75' lang='grc' dir='ltr'>Φρυγίαν</span> <span class='ocrx_word' id='word_1_173' title='bbox 1320 1412 1591 1484; x_wconf 73' lang='grc' dir='ltr'>ἐπιφανὴς,</span> <span class='ocrx_word' id='word_1_174' title='bbox 1642 1407 1792 1467; x_wconf 83' lang='grc' dir='ltr'>Πόλις</span> 
     </span>
    </p>
   </div>
   <div class='ocr_carea' id='block_1_24' title="bbox 204 1496 1791 1577">
    <p class='ocr_par' dir='ltr' id='par_1_24' title="bbox 204 1496 1791 1577">
     <span class='ocr_line' id='line_1_24' title="bbox 204 1496 1791 1577; baseline -0.006 -20"><span class='ocrx_word' id='word_1_175' title='bbox 204 1507 302 1577; x_wconf 81' lang='grc' dir='ltr'>ἱερὰ</span> <span class='ocrx_word' id='word_1_176' title='bbox 378 1505 688 1576; x_wconf 74' lang='grc' dir='ltr'>καλουμένη·</span> <span class='ocrx_word' id='word_1_177' title='bbox 770 1507 901 1561; x_wconf 75' lang='grc' dir='ltr'>αὕτη</span> <span class='ocrx_word' id='word_1_178' title='bbox 979 1503 1379 1576; x_wconf 85' lang='grc' dir='ltr'>πολυανθρωπία</span> <span class='ocrx_word' id='word_1_179' title='bbox 1451 1508 1549 1551; x_wconf 81' lang='grc' dir='ltr'>τῶν</span> <span class='ocrx_word' id='word_1_180' title='bbox 1629 1496 1791 1549; x_wconf 82' lang='grc' dir='ltr'>ἄλλων</span> 
     </span>
    </p>
   </div>
   <div class='ocr_carea' id='block_1_25' title="bbox 204 1588 1790 1667">
    <p class='ocr_par' dir='ltr' id='par_1_25' title="bbox 204 1588 1790 1667">
     <span class='ocr_line' id='line_1_25' title="bbox 204 1588 1790 1667; baseline -0.004 -24"><span class='ocrx_word' id='word_1_181' title='bbox 204 1593 492 1657; x_wconf 74' lang='grc' dir='ltr'>ἀνθήσασαι,</span> <span class='ocrx_word' id='word_1_182' title='bbox 551 1598 641 1645; x_wconf 81' lang='grc' dir='ltr'>καὶ</span> <span class='ocrx_word' id='word_1_183' title='bbox 696 1593 891 1645; x_wconf 85' lang='grc' dir='ltr'>πόλεων</span> <span class='ocrx_word' id='word_1_184' title='bbox 955 1592 1133 1667; x_wconf 78' lang='grc' dir='ltr'>ἐτέρων</span> <span class='ocrx_word' id='word_1_185' title='bbox 1190 1596 1364 1665; x_wconf 80' lang='grc' dir='ltr'>μήτηρ</span> <span class='ocrx_word' id='word_1_186' title='bbox 1422 1588 1790 1662; x_wconf 79' lang='grc' dir='ltr'>ὀνομασθεῖσα,</span> 
     </span>
    </p>
   </div>
   <div class='ocr_carea' id='block_1_26' title="bbox 205 1677 1795 1757">
    <p class='ocr_par' dir='ltr' id='par_1_26' title="bbox 205 1677 1795 1757">
     <span class='ocr_line' id='line_1_26' title="bbox 205 1677 1795 1757; baseline -0.004 -24"><span class='ocrx_word' id='word_1_187' title='bbox 205 1687 277 1735; x_wconf 82' lang='grc' dir='ltr'>τόν</span> <span class='ocrx_word' id='word_1_188' title='bbox 352 1684 625 1757; x_wconf 79' lang='grc' dir='ltr'>ἱερώτατον</span> <span class='ocrx_word' id='word_1_189' title='bbox 697 1682 946 1736; x_wconf 74' lang='grc' dir='ltr'>Φίλιππον</span> <span class='ocrx_word' id='word_1_190' title='bbox 1003 1684 1132 1754; x_wconf 85' lang='grc' dir='ltr'>μετὰ</span> <span class='ocrx_word' id='word_1_191' title='bbox 1191 1685 1277 1734; x_wconf 86' lang='grc' dir='ltr'>τόν</span> <span class='ocrx_word' id='word_1_192' title='bbox 1349 1684 1533 1755; x_wconf 79' lang='grc' dir='ltr'>μυρίον</span> <span class='ocrx_word' id='word_1_193' title='bbox 1608 1677 1795 1729; x_wconf 82' lang='grc' dir='ltr'>ἐκεῖνον</span> 
     </span>
    </p>
   </div>
   <div class='ocr_carea' id='block_1_27' title="bbox 207 1766 1795 1846">
    <p class='ocr_par' dir='ltr' id='par_1_27' title="bbox 207 1766 1795 1846">
     <span class='ocr_line' id='line_1_27' title="bbox 207 1766 1795 1846; baseline -0.005 -23"><span class='ocrx_word' id='word_1_194' title='bbox 207 1774 317 1846; x_wconf 69' lang='grc' dir='ltr'>ὑπὲρ</span> <span class='ocrx_word' id='word_1_195' title='bbox 373 1779 470 1824; x_wconf 85' lang='grc' dir='ltr'>τοῦ</span> <span class='ocrx_word' id='word_1_196' title='bbox 530 1771 844 1843; x_wconf 75' lang='grc' dir='ltr'>Εὐαγγελίου</span> <span class='ocrx_word' id='word_1_197' title='bbox 898 1768 1117 1843; x_wconf 85' lang='grc' dir='ltr'>δέχεται</span> <span class='ocrx_word' id='word_1_198' title='bbox 1168 1773 1418 1843; x_wconf 85' lang='grc' dir='ltr'>κάματόν.</span> <span class='ocrx_word' id='word_1_199' title='bbox 1481 1766 1795 1839; x_wconf 81' lang='grc' dir='ltr'>Παραϐαλὼν</span> 
     </span>
    </p>
   </div>
   <div class='ocr_carea' id='block_1_28' title="bbox 1968 1401 3553 1483">
    <p class='ocr_par' dir='ltr' id='par_1_28' title="bbox 1968 1401 3553 1483">
     <span class='ocr_line' id='line_1_28' title="bbox 1968 1401 3553 1483; baseline 0.008 -27"><span class='ocrx_word' id='word_1_200' title='bbox 1968 1401 2111 1457; x_wconf 86' lang='lat' dir='ltr'>VIII.</span> <span class='ocrx_word' id='word_1_201' title='bbox 2133 1401 2349 1457; x_wconf 87' lang='lat' dir='ltr'>Civitas</span> <span class='ocrx_word' id='word_1_202' title='bbox 2361 1402 2645 1474; x_wconf 77' lang='lat' dir='ltr'>quaedam</span> <span class='ocrx_word' id='word_1_203' title='bbox 2667 1404 2955 1477; x_wconf 66' lang='lat' dir='ltr'>Phrygiae,</span> <span class='ocrx_word' id='word_1_204' title='bbox 2978 1407 3237 1476; x_wconf 87' lang='lat' dir='ltr'>illustris,</span> <span class='ocrx_word' id='word_1_205' title='bbox 3262 1427 3398 1483; x_wconf 71' lang='lat' dir='ltr'>qum</span> <span class='ocrx_word' id='word_1_206' title='bbox 3420 1428 3553 1469; x_wconf 89' lang='lat' dir='ltr'>san-</span> 
     </span>
    </p>
   </div>
   <div class='ocr_carea' id='block_1_29' title="bbox 1900 1490 3554 1571">
    <p class='ocr_par' dir='ltr' id='par_1_29' title="bbox 1900 1490 3554 1571">
     <span class='ocr_line' id='line_1_29' title="bbox 1900 1490 3554 1571; baseline 0.007 -27"><span class='ocrx_word' id='word_1_207' title='bbox 1900 1494 1995 1545; x_wconf 92' lang='lat' dir='ltr'>cta</span> <span class='ocrx_word' id='word_1_208' title='bbox 2024 1490 2372 1547; x_wconf 89' lang='lat' dir='ltr'>nominatur</span> <span class='ocrx_word' id='word_1_209' title='bbox 2388 1491 2485 1562; x_wconf 91' lang='lat'>(5),</span> <span class='ocrx_word' id='word_1_210' title='bbox 2515 1492 2908 1551; x_wconf 90' lang='lat' dir='ltr'>etincolarum</span> <span class='ocrx_word' id='word_1_211' title='bbox 2932 1495 3258 1569; x_wconf 84' lang='lat' dir='ltr'>frequentia</span> <span class='ocrx_word' id='word_1_212' title='bbox 3275 1501 3554 1571; x_wconf 65' lang='lat' dir='ltr'>priscellit</span> 
     </span>
    </p>
   </div>
   <div class='ocr_carea' id='block_1_30' title="bbox 1900 1578 3553 1650">
    <p class='ocr_par' dir='ltr' id='par_1_30' title="bbox 1900 1578 3553 1650">
     <span class='ocr_line' id='line_1_30' title="bbox 1900 1578 3553 1650; baseline 0.008 -17"><span class='ocrx_word' id='word_1_213' title='bbox 1900 1583 2161 1643; x_wconf 80' lang='lat' dir='ltr'>caeteras,</span> <span class='ocrx_word' id='word_1_214' title='bbox 2179 1582 2358 1650; x_wconf 91' lang='lat' dir='ltr'>atque</span> <span class='ocrx_word' id='word_1_215' title='bbox 2374 1578 2627 1635; x_wconf 90' lang='lat' dir='ltr'>aliarum</span> <span class='ocrx_word' id='word_1_216' title='bbox 2639 1585 2831 1637; x_wconf 85' lang='lat' dir='ltr'>mater</span> <span class='ocrx_word' id='word_1_217' title='bbox 2850 1583 3083 1650; x_wconf 91' lang='lat' dir='ltr'>dicitur,</span> <span class='ocrx_word' id='word_1_218' title='bbox 3105 1588 3553 1646; x_wconf 87' lang='lat' dir='ltr'>sanctissimum</span> 
     </span>
    </p>
   </div>
   <div class='ocr_carea' id='block_1_31' title="bbox 1901 1667 3550 1751">
    <p class='ocr_par' dir='ltr' id='par_1_31' title="bbox 1901 1667 3550 1751">
     <span class='ocr_line' id='line_1_31' title="bbox 1901 1667 3550 1751; baseline 0.008 -30"><span class='ocrx_word' id='word_1_219' title='bbox 1901 1667 2173 1739; x_wconf 86' lang='lat' dir='ltr'>Pbilippu</span> <span class='ocrx_word' id='word_1_220' title='bbox 2183 1684 2235 1721; x_wconf 90' lang='lat' dir='ltr'><strong>m</strong></span> <span class='ocrx_word' id='word_1_221' title='bbox 2246 1707 2261 1733; x_wconf 91' lang='lat'>,</span> <span class='ocrx_word' id='word_1_222' title='bbox 2275 1672 2411 1739; x_wconf 92' lang='lat' dir='ltr'>post</span> <span class='ocrx_word' id='word_1_223' title='bbox 2421 1670 2768 1726; x_wconf 89' lang='lat' dir='ltr'>innumeros</span> <span class='ocrx_word' id='word_1_224' title='bbox 2780 1687 2889 1744; x_wconf 89' lang='lat' dir='ltr'>pro</span> <span class='ocrx_word' id='word_1_225' title='bbox 2902 1672 3018 1729; x_wconf 87' lang='lat' dir='ltr'><strong>ﬁde</strong></span> <span class='ocrx_word' id='word_1_226' title='bbox 3029 1675 3286 1744; x_wconf 86' lang='lat' dir='ltr'>labores,</span> <span class='ocrx_word' id='word_1_227' title='bbox 3301 1678 3550 1751; x_wconf 82' lang='lat' dir='ltr'>excepit.</span> 
     </span>
    </p>
   </div>
   <div class='ocr_carea' id='block_1_32' title="bbox 1902 1756 3555 1833">
    <p class='ocr_par' dir='ltr' id='par_1_32' title="bbox 1902 1756 3555 1833">
     <span class='ocr_line' id='line_1_32' title="bbox 1902 1756 3555 1833; baseline 0.008 -21"><span class='ocrx_word' id='word_1_228' title='bbox 1902 1756 2047 1812; x_wconf 88' lang='lat' dir='ltr'>Cum</span> <span class='ocrx_word' id='word_1_229' title='bbox 2087 1761 2286 1813; x_wconf 91' lang='lat' dir='ltr'>autem</span> <span class='ocrx_word' id='word_1_230' title='bbox 2324 1756 2442 1812; x_wconf 88' lang='lat' dir='ltr'>huc</span> <span class='ocrx_word' id='word_1_231' title='bbox 2472 1759 2733 1815; x_wconf 85' lang='lat' dir='ltr'>venisset</span> <span class='ocrx_word' id='word_1_232' title='bbox 2765 1762 3069 1833; x_wconf 86' lang='lat' dir='ltr'>apostolus</span> <span class='ocrx_word' id='word_1_233' title='bbox 3102 1771 3163 1819; x_wconf 92' lang='lat' dir='ltr'>ut</span> <span class='ocrx_word' id='word_1_234' title='bbox 3187 1766 3367 1823; x_wconf 88' lang='lat' dir='ltr'>etiam</span> <span class='ocrx_word' id='word_1_235' title='bbox 3393 1769 3453 1823; x_wconf 91' lang='lat' dir='ltr'><strong>in</strong></span> <span class='ocrx_word' id='word_1_236' title='bbox 3484 1783 3555 1824; x_wconf 88' lang='lat' dir='ltr'>ea</span> 
     </span>
    </p>
   </div>
   <div class='ocr_carea' id='block_1_33' title="bbox 212 1829 1801 1933">
    <p class='ocr_par' dir='ltr' id='par_1_33' title="bbox 212 1829 1796 1933">
     <span class='ocr_line' id='line_1_33' title="bbox 289 1829 1573 1846; baseline -0.005 0"><span class='ocrx_word' id='word_1_237' title='bbox 289 1829 297 1846; x_wconf 85' lang='lat'>.</span> <span class='ocrx_word' id='word_1_238' title='bbox 641 1829 691 1843; x_wconf 87' lang='lat'>..</span> <span class='ocrx_word' id='word_1_239' title='bbox 960 1829 1003 1843; x_wconf 68' lang='grc' dir='ltr'>,ν</span> <span class='ocrx_word' id='word_1_240' title='bbox 1237 1829 1245 1843; x_wconf 91' lang='grc'><em>.</em></span> <span class='ocrx_word' id='word_1_241' title='bbox 1563 1829 1573 1839; x_wconf 93' lang='grc'><em>.</em></span> 
     </span>
     <span class='ocr_line' id='line_1_34' title="bbox 212 1858 1796 1933; baseline 0 -20"><span class='ocrx_word' id='word_1_242' title='bbox 212 1859 282 1913; x_wconf 78' lang='grc' dir='ltr'>οὖν</span> <span class='ocrx_word' id='word_1_243' title='bbox 324 1862 476 1921; x_wconf 74' lang='grc' dir='ltr'>οὗτος</span> <span class='ocrx_word' id='word_1_244' title='bbox 524 1862 549 1911; x_wconf 87' lang='grc' dir='ltr'><strong><em>ὁ</em></strong></span> <span class='ocrx_word' id='word_1_245' title='bbox 598 1866 762 1933; x_wconf 85' lang='grc' dir='ltr'>μέγας</span> <span class='ocrx_word' id='word_1_246' title='bbox 804 1861 1106 1925; x_wconf 79' lang='grc' dir='ltr'>ἀπόστολος,</span> <span class='ocrx_word' id='word_1_247' title='bbox 1156 1863 1291 1913; x_wconf 83' lang='grc' dir='ltr'>ὥστε</span> <span class='ocrx_word' id='word_1_248' title='bbox 1340 1858 1434 1910; x_wconf 73' lang='grc' dir='ltr'>κᾶν</span> <span class='ocrx_word' id='word_1_249' title='bbox 1487 1860 1647 1930; x_wconf 79' lang='grc' dir='ltr'>ταύτῃ</span> <span class='ocrx_word' id='word_1_250' title='bbox 1703 1874 1796 1913; x_wconf 83' lang='grc' dir='ltr'>κη·</span> 
     </span>
    </p>
   </div>
   <div class='ocr_carea' id='block_1_34' title="bbox 1916 1829 3554 1933">
    <p class='ocr_par' dir='ltr' id='par_1_34' title="bbox 1916 1829 3554 1922">
     <span class='ocr_line' id='line_1_35' title="bbox 1916 1829 3554 1922; baseline 0.006 -21"><span class='ocrx_word' id='word_1_251' title='bbox 1916 1844 2254 1919; x_wconf 64' lang='lat' dir='ltr'>praedicaret</span> <span class='ocrx_word' id='word_1_252' title='bbox 2270 1846 2674 1916; x_wconf 85' lang='lat' dir='ltr'>Evangelium,</span> <span class='ocrx_word' id='word_1_253' title='bbox 2690 1829 2946 1922; x_wconf 78' lang='lat' dir='ltr'>eamque</span> <span class='ocrx_word' id='word_1_254' title='bbox 2961 1852 3204 1910; x_wconf 85' lang='lat' dir='ltr'>vidisset</span> <span class='ocrx_word' id='word_1_255' title='bbox 3220 1856 3554 1913; x_wconf 85' lang='lat' dir='ltr'>simulacris</span> 
     </span>
    </p>
   </div>
   <div class='ocr_carea' id='block_1_35' title="bbox 220 1945 1798 2022">
    <p class='ocr_par' dir='ltr' id='par_1_35' title="bbox 220 1945 1798 2022">
     <span class='ocr_line' id='line_1_36' title="bbox 220 1945 1798 2022; baseline -0.003 -22"><span class='ocrx_word' id='word_1_256' title='bbox 220 1951 346 2022; x_wconf 79' lang='grc' dir='ltr'>ρύξαι</span> <span class='ocrx_word' id='word_1_257' title='bbox 389 1953 448 2001; x_wconf 82' lang='grc' dir='ltr'>τό</span> <span class='ocrx_word' id='word_1_258' title='bbox 506 1949 832 2021; x_wconf 67' lang='grc' dir='ltr'>Εὐαγγέλιον,</span> <span class='ocrx_word' id='word_1_259' title='bbox 889 1949 994 2003; x_wconf 79' lang='grc' dir='ltr'>ἐπεὶ</span> <span class='ocrx_word' id='word_1_260' title='bbox 1047 1950 1241 2013; x_wconf 81' lang='grc' dir='ltr'>ξοάνοις</span> <span class='ocrx_word' id='word_1_261' title='bbox 1289 1945 1395 2001; x_wconf 83' lang='grc' dir='ltr'>εἶδε</span> <span class='ocrx_word' id='word_1_262' title='bbox 1440 1950 1652 2010; x_wconf 84' lang='grc' dir='ltr'>ταύτην,</span> <span class='ocrx_word' id='word_1_263' title='bbox 1709 1948 1798 1996; x_wconf 79' lang='grc' dir='ltr'>καὶ</span> 
     </span>
    </p>
   </div>
   <div class='ocr_carea' id='block_1_36' title="bbox 220 2034 1799 2110">
    <p class='ocr_par' dir='ltr' id='par_1_36' title="bbox 220 2034 1799 2110">
     <span class='ocr_line' id='line_1_37' title="bbox 220 2034 1799 2110; baseline -0.003 -21"><span class='ocrx_word' id='word_1_264' title='bbox 220 2045 301 2089; x_wconf 74' lang='grc' dir='ltr'>τῶν</span> <span class='ocrx_word' id='word_1_265' title='bbox 460 2036 796 2110; x_wconf 75' lang='grc' dir='ltr'>έμπηστικῶν</span> <span class='ocrx_word' id='word_1_266' title='bbox 835 2046 944 2102; x_wconf 89' lang='grc' dir='ltr'>τοίς</span> <span class='ocrx_word' id='word_1_267' title='bbox 985 2038 1221 2102; x_wconf 79' lang='grc' dir='ltr'>ἰοϐόλοις,</span> <span class='ocrx_word' id='word_1_268' title='bbox 1273 2034 1461 2110; x_wconf 73' lang='grc' dir='ltr'>ἐχίδνῃ</span> <span class='ocrx_word' id='word_1_269' title='bbox 1508 2040 1611 2087; x_wconf 80' lang='grc' dir='ltr'>τινὶ</span> <span class='ocrx_word' id='word_1_270' title='bbox 1654 2053 1799 2109; x_wconf 83' lang='grc' dir='ltr'>τερα-</span> 
     </span>
    </p>
   </div>
   <div class='ocr_carea' id='block_1_37' title="bbox 211 2124 1799 2203">
    <p class='ocr_par' dir='ltr' id='par_1_37' title="bbox 211 2124 1799 2203">
     <span class='ocr_line' id='line_1_38' title="bbox 211 2124 1799 2203; baseline 0.002 -26"><span class='ocrx_word' id='word_1_271' title='bbox 211 2124 349 2178; x_wconf 67' lang='grc' dir='ltr'>τωὸει</span> <span class='ocrx_word' id='word_1_272' title='bbox 388 2131 447 2178; x_wconf 77' lang='grc' dir='ltr'>τό</span> <span class='ocrx_word' id='word_1_273' title='bbox 494 2125 669 2193; x_wconf 79' lang='grc' dir='ltr'>σέϐας,</span> <span class='ocrx_word' id='word_1_274' title='bbox 714 2131 875 2200; x_wconf 84' lang='grc' dir='ltr'>οἶμοι,</span> <span class='ocrx_word' id='word_1_275' title='bbox 909 2132 1324 2203; x_wconf 86' lang='grc' dir='ltr'>προσνέμουσαν,</span> <span class='ocrx_word' id='word_1_276' title='bbox 1368 2127 1507 2199; x_wconf 77' lang='grc' dir='ltr'>ζήλῳ</span> <span class='ocrx_word' id='word_1_277' title='bbox 1550 2128 1666 2198; x_wconf 88' lang='grc' dir='ltr'>θείῳ</span> <span class='ocrx_word' id='word_1_278' title='bbox 1705 2127 1799 2181; x_wconf 75' lang='grc' dir='ltr'>τήν</span> 
     </span>
    </p>
   </div>
   <div class='ocr_carea' id='block_1_38' title="bbox 205 2215 1802 2292">
    <p class='ocr_par' dir='ltr' id='par_1_38' title="bbox 205 2215 1802 2292">
     <span class='ocr_line' id='line_1_39' title="bbox 205 2215 1802 2292; baseline 0.001 -26"><span class='ocrx_word' id='word_1_279' title='bbox 205 2215 376 2285; x_wconf 65' lang='grc' dir='ltr'>ψυχήν</span> <span class='ocrx_word' id='word_1_280' title='bbox 448 2221 909 2292; x_wconf 84' lang='grc' dir='ltr'>καταπίμπραται,</span> <span class='ocrx_word' id='word_1_281' title='bbox 968 2223 1057 2271; x_wconf 85' lang='grc' dir='ltr'>καὶ</span> <span class='ocrx_word' id='word_1_282' title='bbox 1117 2222 1492 2291; x_wconf 85' lang='grc' dir='ltr'>συντονώτερον</span> <span class='ocrx_word' id='word_1_283' title='bbox 1560 2220 1802 2289; x_wconf 84' lang='grc' dir='ltr'>προσκεί-</span> 
     </span>
    </p>
   </div>
   <div class='ocr_carea' id='block_1_39' title="bbox 202 2305 1801 2380">
    <p class='ocr_par' dir='ltr' id='par_1_39' title="bbox 202 2305 1801 2380">
     <span class='ocr_line' id='line_1_40' title="bbox 202 2305 1801 2380; baseline 0.001 -26"><span class='ocrx_word' id='word_1_284' title='bbox 202 2324 339 2375; x_wconf 73' lang='grc' dir='ltr'>μενος</span> <span class='ocrx_word' id='word_1_285' title='bbox 396 2313 518 2367; x_wconf 82' lang='grc' dir='ltr'>ταῖς</span> <span class='ocrx_word' id='word_1_286' title='bbox 569 2307 770 2377; x_wconf 66' lang='grc' dir='ltr'>εὐχαῖς,</span> <span class='ocrx_word' id='word_1_287' title='bbox 832 2315 894 2380; x_wconf 74' lang='grc' dir='ltr'>τῇ</span> <span class='ocrx_word' id='word_1_288' title='bbox 954 2316 1045 2360; x_wconf 85' lang='grc' dir='ltr'>τοῦ</span> <span class='ocrx_word' id='word_1_289' title='bbox 1103 2315 1337 2380; x_wconf 83' lang='grc' dir='ltr'>Χριστοῦ</span> <span class='ocrx_word' id='word_1_290' title='bbox 1395 2305 1662 2364; x_wconf 79' lang='grc' dir='ltr'>ἐπικλήσει</span> <span class='ocrx_word' id='word_1_291' title='bbox 1708 2309 1801 2363; x_wconf 77' lang='grc' dir='ltr'>τὴν</span> 
     </span>
    </p>
   </div>
   <div class='ocr_carea' id='block_1_40' title="bbox 204 2392 1801 2468">
    <p class='ocr_par' dir='ltr' id='par_1_40' title="bbox 204 2392 1801 2468">
     <span class='ocr_line' id='line_1_41' title="bbox 204 2392 1801 2468; baseline 0 -23"><span class='ocrx_word' id='word_1_292' title='bbox 204 2392 428 2465; x_wconf 66' lang='grc' dir='ltr'>ὢεθρίαν</span> <span class='ocrx_word' id='word_1_293' title='bbox 506 2398 699 2453; x_wconf 83' lang='grc' dir='ltr'>ταύτην</span> <span class='ocrx_word' id='word_1_294' title='bbox 772 2401 863 2448; x_wconf 82' lang='grc' dir='ltr'>καὶ</span> <span class='ocrx_word' id='word_1_295' title='bbox 934 2396 1133 2457; x_wconf 83' lang='grc' dir='ltr'>πολλοῖς</span> <span class='ocrx_word' id='word_1_296' title='bbox 1198 2396 1454 2457; x_wconf 74' lang='grc' dir='ltr'>ἀπωλείας</span> <span class='ocrx_word' id='word_1_297' title='bbox 1526 2399 1801 2468; x_wconf 77' lang='grc' dir='ltr'>γενομένην</span> 
     </span>
    </p>
   </div>
   <div class='ocr_carea' id='block_1_41' title="bbox 204 2482 1087 2558">
    <p class='ocr_par' dir='ltr' id='par_1_41' title="bbox 204 2482 1087 2558">
     <span class='ocr_line' id='line_1_42' title="bbox 204 2482 1087 2558; baseline 0.006 -24"><span class='ocrx_word' id='word_1_298' title='bbox 204 2483 388 2549; x_wconf 76' lang='grc' dir='ltr'>αἰτίαν,</span> <span class='ocrx_word' id='word_1_299' title='bbox 422 2487 606 2558; x_wconf 80' lang='grc' dir='ltr'>νεκρὰν</span> <span class='ocrx_word' id='word_1_300' title='bbox 632 2485 821 2537; x_wconf 77' lang='grc' dir='ltr'>αὐτίκα</span> <span class='ocrx_word' id='word_1_301' title='bbox 847 2482 883 2537; x_wconf 85' lang='grc' dir='ltr'>δ</span> <span class='ocrx_word' id='word_1_302' title='bbox 886 2488 1087 2541; x_wconf 86' lang='grc' dir='ltr'>εικνύει.</span> 
     </span>
    </p>
   </div>
   <div class='ocr_carea' id='block_1_42' title="bbox 268 2570 1803 2647">
    <p class='ocr_par' dir='ltr' id='par_1_42' title="bbox 268 2570 1803 2647">
     <span class='ocr_line' id='line_1_43' title="bbox 268 2570 1803 2647; baseline -0.001 -22"><span class='ocrx_word' id='word_1_303' title='bbox 268 2572 347 2626; x_wconf 79' lang='grc' dir='ltr'>ϐ’.</span> <span class='ocrx_word' id='word_1_304' title='bbox 395 2574 538 2625; x_wconf 69' lang='grc' dir='ltr'>Ἐπεὶ</span> <span class='ocrx_word' id='word_1_305' title='bbox 590 2570 649 2626; x_wconf 75' lang='grc' dir='ltr'><em>δὲ</em></span> <span class='ocrx_word' id='word_1_306' title='bbox 691 2575 826 2627; x_wconf 73' lang='grc' dir='ltr'>οὕτω</span> <span class='ocrx_word' id='word_1_307' title='bbox 863 2574 1031 2637; x_wconf 84' lang='grc' dir='ltr'>καλῶς</span> <span class='ocrx_word' id='word_1_308' title='bbox 1069 2577 1099 2633; x_wconf 77' lang='grc' dir='ltr'>ἡ</span> <span class='ocrx_word' id='word_1_309' title='bbox 1152 2578 1287 2627; x_wconf 82' lang='grc' dir='ltr'>κατὰ</span> <span class='ocrx_word' id='word_1_310' title='bbox 1330 2582 1422 2627; x_wconf 90' lang='grc' dir='ltr'>τοῦ</span> <span class='ocrx_word' id='word_1_311' title='bbox 1462 2581 1649 2647; x_wconf 84' lang='grc' dir='ltr'>πικροῦ</span> <span class='ocrx_word' id='word_1_312' title='bbox 1687 2575 1803 2625; x_wconf 88' lang='grc' dir='ltr'>τού-</span> 
     </span>
    </p>
   </div>
   <div class='ocr_carea' id='block_1_43' title="bbox 202 2659 1802 2738">
    <p class='ocr_par' dir='ltr' id='par_1_43' title="bbox 202 2659 1802 2738">
     <span class='ocr_line' id='line_1_44' title="bbox 202 2659 1802 2738; baseline 0.001 -26"><span class='ocrx_word' id='word_1_313' title='bbox 202 2680 287 2713; x_wconf 84' lang='grc' dir='ltr'>του</span> <span class='ocrx_word' id='word_1_314' title='bbox 334 2663 523 2736; x_wconf 87' lang='grc' dir='ltr'>θηρίου</span> <span class='ocrx_word' id='word_1_315' title='bbox 570 2659 709 2733; x_wconf 85' lang='grc' dir='ltr'>εἶχεν</span> <span class='ocrx_word' id='word_1_316' title='bbox 751 2664 893 2736; x_wconf 76' lang='grc' dir='ltr'>αὐτῷ</span> <span class='ocrx_word' id='word_1_317' title='bbox 935 2667 1058 2738; x_wconf 89' lang='grc' dir='ltr'>πρὸς</span> <span class='ocrx_word' id='word_1_318' title='bbox 1096 2668 1181 2716; x_wconf 83' lang='grc' dir='ltr'>τόν</span> <span class='ocrx_word' id='word_1_319' title='bbox 1231 2667 1416 2738; x_wconf 80' lang='grc' dir='ltr'>Κύριον</span> <span class='ocrx_word' id='word_1_320' title='bbox 1454 2664 1695 2727; x_wconf 83' lang='grc' dir='ltr'>ἔντευξις,</span> <span class='ocrx_word' id='word_1_321' title='bbox 1744 2665 1802 2715; x_wconf 84' lang='grc' dir='ltr'>τὸ</span> 
     </span>
    </p>
   </div>
   <div class='ocr_carea' id='block_1_44' title="bbox 204 2749 1801 2829">
    <p class='ocr_par' dir='ltr' id='par_1_44' title="bbox 204 2749 1801 2829">
     <span class='ocr_line' id='line_1_45' title="bbox 204 2749 1801 2829; baseline 0.002 -26"><span class='ocrx_word' id='word_1_322' title='bbox 204 2750 298 2803; x_wconf 75' lang='grc' dir='ltr'>ἀπὸ</span> <span class='ocrx_word' id='word_1_323' title='bbox 354 2749 513 2805; x_wconf 83' lang='grc' dir='ltr'>τοῦδε</span> <span class='ocrx_word' id='word_1_324' title='bbox 564 2759 723 2805; x_wconf 84' lang='grc' dir='ltr'>πᾶσιν</span> <span class='ocrx_word' id='word_1_325' title='bbox 776 2753 1007 2815; x_wconf 79' lang='grc' dir='ltr'>ἐπιεικῶς</span> <span class='ocrx_word' id='word_1_326' title='bbox 1044 2760 1264 2829; x_wconf 71' lang='grc' dir='ltr'>παρῄνει</span> <span class='ocrx_word' id='word_1_327' title='bbox 1312 2760 1402 2807; x_wconf 86' lang='grc' dir='ltr'>καὶ</span> <span class='ocrx_word' id='word_1_328' title='bbox 1453 2754 1801 2819; x_wconf 80' lang='grc' dir='ltr'>συνεϐούλευε,</span> 
     </span>
    </p>
   </div>
   <div class='ocr_carea' id='block_1_45' title="bbox 208 2842 1805 2918">
    <p class='ocr_par' dir='ltr' id='par_1_45' title="bbox 208 2842 1805 2918">
     <span class='ocr_line' id='line_1_46' title="bbox 208 2842 1805 2918; baseline 0.006 -27"><span class='ocrx_word' id='word_1_329' title='bbox 208 2845 286 2892; x_wconf 77' lang='grc' dir='ltr'>τόν</span> <span class='ocrx_word' id='word_1_330' title='bbox 336 2844 387 2892; x_wconf 73' lang='grc' dir='ltr'>εν</span> <span class='ocrx_word' id='word_1_331' title='bbox 421 2848 534 2903; x_wconf 87' lang='grc' dir='ltr'>τοῖς</span> <span class='ocrx_word' id='word_1_332' title='bbox 564 2842 804 2916; x_wconf 72' lang='grc' dir='ltr'>οὐρανοῖς</span> <span class='ocrx_word' id='word_1_333' title='bbox 839 2844 1084 2914; x_wconf 81' lang='grc' dir='ltr'>ἡγεῖσθαι</span> <span class='ocrx_word' id='word_1_334' title='bbox 1120 2845 1288 2905; x_wconf 79' lang='grc' dir='ltr'>ζῶντα</span> <span class='ocrx_word' id='word_1_335' title='bbox 1316 2848 1457 2912; x_wconf 85' lang='grc' dir='ltr'>Θεὸν,</span> <span class='ocrx_word' id='word_1_336' title='bbox 1507 2842 1645 2918; x_wconf 78' lang='grc' dir='ltr'>μηδέ</span> <span class='ocrx_word' id='word_1_337' title='bbox 1694 2854 1805 2909; x_wconf 88' lang='grc' dir='ltr'>τοῖς</span> 
     </span>
    </p>
   </div>
   <div class='ocr_carea' id='block_1_46' title="bbox 206 2930 1803 3007">
    <p class='ocr_par' dir='ltr' id='par_1_46' title="bbox 206 2930 1803 3007">
     <span class='ocr_line' id='line_1_47' title="bbox 206 2930 1803 3007; baseline 0.005 -26"><span class='ocrx_word' id='word_1_338' title='bbox 206 2930 297 2981; x_wconf 69' lang='grc' dir='ltr'>ὑπὸ</span> <span class='ocrx_word' id='word_1_339' title='bbox 340 2937 441 3000; x_wconf 81' lang='grc' dir='ltr'>γῆν</span> <span class='ocrx_word' id='word_1_340' title='bbox 497 2933 715 3004; x_wconf 86' lang='grc' dir='ltr'>ἐρπουσι</span> <span class='ocrx_word' id='word_1_341' title='bbox 760 2936 1104 3007; x_wconf 80' lang='grc' dir='ltr'>προσανέχειν</span> <span class='ocrx_word' id='word_1_342' title='bbox 1150 2932 1508 3006; x_wconf 62' lang='grc' dir='ltr'>βοσκὴμασιν</span> <span class='ocrx_word' id='word_1_343' title='bbox 1561 2935 1668 2989; x_wconf 84' lang='grc' dir='ltr'>ἐπεὶ</span> <span class='ocrx_word' id='word_1_344' title='bbox 1714 2942 1803 2989; x_wconf 85' lang='grc' dir='ltr'>καὶ</span> 
     </span>
    </p>
   </div>
   <div class='ocr_carea' id='block_1_47' title="bbox 207 3018 1799 3097">
    <p class='ocr_par' dir='ltr' id='par_1_47' title="bbox 207 3018 1799 3097">
     <span class='ocr_line' id='line_1_48' title="bbox 207 3018 1799 3097; baseline 0.004 -26"><span class='ocrx_word' id='word_1_345' title='bbox 207 3024 349 3084; x_wconf 77' lang='grc' dir='ltr'>Θεὸς,</span> <span class='ocrx_word' id='word_1_346' title='bbox 406 3020 457 3080; x_wconf 82' lang='grc' dir='ltr'>ὃς</span> <span class='ocrx_word' id='word_1_347' title='bbox 510 3024 577 3071; x_wconf 79' lang='grc' dir='ltr'>ὧν</span> <span class='ocrx_word' id='word_1_348' title='bbox 637 3018 734 3085; x_wconf 78' lang='grc' dir='ltr'>ἀεὶ,</span> <span class='ocrx_word' id='word_1_349' title='bbox 787 3025 909 3085; x_wconf 88' lang='grc' dir='ltr'>Θεὸς</span> <span class='ocrx_word' id='word_1_350' title='bbox 953 3022 1138 3084; x_wconf 77' lang='grc' dir='ltr'>τέλειός</span> <span class='ocrx_word' id='word_1_351' title='bbox 1191 3042 1244 3075; x_wconf 86' lang='grc' dir='ltr'>τε</span> <span class='ocrx_word' id='word_1_352' title='bbox 1294 3029 1385 3075; x_wconf 84' lang='grc' dir='ltr'>καὶ</span> <span class='ocrx_word' id='word_1_353' title='bbox 1433 3023 1799 3097; x_wconf 75' lang='grc' dir='ltr'>ἀπερίληπτος,</span> 
     </span>
    </p>
   </div>
   <div class='ocr_carea' id='block_1_48' title="bbox 203 3108 1801 3188">
    <p class='ocr_par' dir='ltr' id='par_1_48' title="bbox 203 3108 1801 3188">
     <span class='ocr_line' id='line_1_49' title="bbox 203 3108 1801 3188; baseline 0.006 -30"><span class='ocrx_word' id='word_1_354' title='bbox 203 3110 328 3179; x_wconf 80' lang='grc' dir='ltr'>μετὰ</span> <span class='ocrx_word' id='word_1_355' title='bbox 372 3111 433 3160; x_wconf 85' lang='grc' dir='ltr'>τὸ</span> <span class='ocrx_word' id='word_1_356' title='bbox 484 3118 804 3182; x_wconf 84' lang='grc' dir='ltr'>παραγαγεῖν</span> <span class='ocrx_word' id='word_1_357' title='bbox 850 3108 999 3164; x_wconf 86' lang='grc' dir='ltr'>τόνδε</span> <span class='ocrx_word' id='word_1_358' title='bbox 1038 3117 1123 3164; x_wconf 86' lang='grc' dir='ltr'>τόν</span> <span class='ocrx_word' id='word_1_359' title='bbox 1172 3114 1355 3188; x_wconf 87' lang='grc' dir='ltr'>ὁρατόν</span> <span class='ocrx_word' id='word_1_360' title='bbox 1400 3133 1454 3167; x_wconf 88' lang='grc' dir='ltr'>τε</span> <span class='ocrx_word' id='word_1_361' title='bbox 1492 3123 1672 3168; x_wconf 87' lang='grc' dir='ltr'>τοῦτον</span> <span class='ocrx_word' id='word_1_362' title='bbox 1715 3122 1801 3168; x_wconf 65' lang='grc' dir='ltr'>κός</span> 
     </span>
    </p>
   </div>
   <div class='ocr_carea' id='block_1_49' title="bbox 1906 1933 3556 2014">
    <p class='ocr_par' dir='ltr' id='par_1_49' title="bbox 1906 1933 3556 2014">
     <span class='ocr_line' id='line_1_50' title="bbox 1906 1933 3556 2014; baseline 0.007 -23"><span class='ocrx_word' id='word_1_363' title='bbox 1906 1940 1962 1991; x_wconf 89' lang='lat' dir='ltr'>et</span> <span class='ocrx_word' id='word_1_364' title='bbox 1986 1936 2135 1990; x_wconf 91' lang='lat' dir='ltr'>inter</span> <span class='ocrx_word' id='word_1_365' title='bbox 2164 1933 2440 2006; x_wconf 80' lang='lat' dir='ltr'>pestifera</span> <span class='ocrx_word' id='word_1_366' title='bbox 2466 1943 2755 1993; x_wconf 88' lang='lat' dir='ltr'>venenata</span> <span class='ocrx_word' id='word_1_367' title='bbox 2775 1939 2988 2012; x_wconf 62' lang='lat' dir='ltr'>viperas</span> <span class='ocrx_word' id='word_1_368' title='bbox 3007 1941 3082 2014; x_wconf 90' lang='lat'>(6)</span> <span class='ocrx_word' id='word_1_369' title='bbox 3110 1943 3353 2000; x_wconf 91' lang='lat' dir='ltr'>cuidam</span> <span class='ocrx_word' id='word_1_370' title='bbox 3380 1959 3556 2001; x_wconf 92' lang='lat' dir='ltr'>mon-</span> 
     </span>
    </p>
   </div>
   <div class='ocr_carea' id='block_1_50' title="bbox 1908 2023 3551 2092">
    <p class='ocr_par' dir='ltr' id='par_1_50' title="bbox 1908 2023 3551 2092">
     <span class='ocr_line' id='line_1_51' title="bbox 1908 2023 3551 2092; baseline 0.008 -13"><span class='ocrx_word' id='word_1_371' title='bbox 1908 2028 2112 2082; x_wconf 71' lang='lat' dir='ltr'>strosa:</span> <span class='ocrx_word' id='word_1_372' title='bbox 2135 2023 2360 2080; x_wconf 91' lang='lat' dir='ltr'>cultum</span> <span class='ocrx_word' id='word_1_373' title='bbox 2393 2023 2638 2092; x_wconf 81' lang='lat' dir='ltr'>deferre,</span> <span class='ocrx_word' id='word_1_374' title='bbox 2670 2026 2876 2085; x_wconf 90' lang='lat' dir='ltr'>divino</span> <span class='ocrx_word' id='word_1_375' title='bbox 2903 2045 3226 2087; x_wconf 90' lang='lat' dir='ltr'>succensus</span> <span class='ocrx_word' id='word_1_376' title='bbox 3256 2039 3343 2090; x_wconf 91' lang='lat' dir='ltr'>est</span> <span class='ocrx_word' id='word_1_377' title='bbox 3371 2034 3497 2091; x_wconf 91' lang='lat' dir='ltr'>zelo</span> <span class='ocrx_word' id='word_1_378' title='bbox 3534 2055 3551 2091; x_wconf 85' lang='lat'><strong>:</strong></span> 
     </span>
    </p>
   </div>
   <div class='ocr_carea' id='block_1_51' title="bbox 1908 2113 3559 2191">
    <p class='ocr_par' dir='ltr' id='par_1_51' title="bbox 1908 2113 3559 2191">
     <span class='ocr_line' id='line_1_52' title="bbox 1908 2113 3559 2191; baseline 0.005 -20"><span class='ocrx_word' id='word_1_379' title='bbox 1908 2118 1963 2171; x_wconf 91' lang='lat' dir='ltr'>et</span> <span class='ocrx_word' id='word_1_380' title='bbox 1987 2113 2353 2171; x_wconf 85' lang='lat' dir='ltr'>orationibus</span> <span class='ocrx_word' id='word_1_381' title='bbox 2380 2114 2637 2170; x_wconf 87' lang='lat' dir='ltr'>assiduis</span> <span class='ocrx_word' id='word_1_382' title='bbox 2662 2118 2890 2173; x_wconf 88' lang='lat' dir='ltr'>enixius</span> <span class='ocrx_word' id='word_1_383' title='bbox 2916 2119 3291 2191; x_wconf 90' lang='lat' dir='ltr'>incumbens,</span> <span class='ocrx_word' id='word_1_384' title='bbox 3322 2123 3559 2181; x_wconf 87' lang='lat' dir='ltr'>Christi-</span> 
     </span>
    </p>
   </div>
   <div class='ocr_carea' id='block_1_52' title="bbox 1909 2203 3558 2286">
    <p class='ocr_par' dir='ltr' id='par_1_52' title="bbox 1909 2203 3558 2286">
     <span class='ocr_line' id='line_1_53' title="bbox 1909 2203 3558 2286; baseline 0.007 -27"><span class='ocrx_word' id='word_1_385' title='bbox 1909 2220 2027 2276; x_wconf 87' lang='lat' dir='ltr'>que</span> <span class='ocrx_word' id='word_1_386' title='bbox 2040 2219 2263 2260; x_wconf 91' lang='lat' dir='ltr'>nomen</span> <span class='ocrx_word' id='word_1_387' title='bbox 2280 2203 2922 2270; x_wconf 86' lang='lat' dir='ltr'>invocans,lethiferam</span> <span class='ocrx_word' id='word_1_388' title='bbox 2939 2209 3101 2267; x_wconf 87' lang='lat' dir='ltr'>illam</span> <span class='ocrx_word' id='word_1_389' title='bbox 3119 2210 3400 2280; x_wconf 90' lang='lat' dir='ltr'>belluam,</span> <span class='ocrx_word' id='word_1_390' title='bbox 3419 2229 3558 2286; x_wconf 69' lang='lat' dir='ltr'>qum</span> 
     </span>
    </p>
   </div>
   <div class='ocr_carea' id='block_1_53' title="bbox 1912 2292 3191 2362">
    <p class='ocr_par' dir='ltr' id='par_1_53' title="bbox 1912 2292 3191 2362">
     <span class='ocr_line' id='line_1_54' title="bbox 1912 2292 3191 2362; baseline 0.007 -13"><span class='ocrx_word' id='word_1_391' title='bbox 1912 2292 2113 2350; x_wconf 89' lang='lat' dir='ltr'>multis</span> <span class='ocrx_word' id='word_1_392' title='bbox 2140 2292 2335 2349; x_wconf 83' lang='lat' dir='ltr'>fuerat</span> <span class='ocrx_word' id='word_1_393' title='bbox 2355 2293 2564 2349; x_wconf 89' lang='lat' dir='ltr'>mortis</span> <span class='ocrx_word' id='word_1_394' title='bbox 2604 2310 2804 2362; x_wconf 87' lang='lat' dir='ltr'>causa,</span> <span class='ocrx_word' id='word_1_395' title='bbox 2838 2299 2967 2354; x_wconf 87' lang='lat' dir='ltr'>neci</span> <span class='ocrx_word' id='word_1_396' title='bbox 3006 2299 3191 2358; x_wconf 89' lang='lat' dir='ltr'>dedit.</span> 
     </span>
    </p>
   </div>
   <div class='ocr_carea' id='block_1_54' title="bbox 1982 2579 3562 2652">
    <p class='ocr_par' dir='ltr' id='par_1_54' title="bbox 1982 2579 3562 2652">
     <span class='ocr_line' id='line_1_55' title="bbox 1982 2579 3562 2652; baseline 0.006 -17"><span class='ocrx_word' id='word_1_397' title='bbox 1982 2581 2067 2637; x_wconf 85' lang='lat' dir='ltr'>IX.</span> <span class='ocrx_word' id='word_1_398' title='bbox 2088 2580 2411 2652; x_wconf 88' lang='lat' dir='ltr'>Postquam</span> <span class='ocrx_word' id='word_1_399' title='bbox 2433 2594 2575 2634; x_wconf 91' lang='lat' dir='ltr'>vero</span> <span class='ocrx_word' id='word_1_400' title='bbox 2591 2579 2883 2637; x_wconf 90' lang='lat' dir='ltr'>adversus</span> <span class='ocrx_word' id='word_1_401' title='bbox 2931 2583 3193 2642; x_wconf 92' lang='lat' dir='ltr'>belluam</span> <span class='ocrx_word' id='word_1_402' title='bbox 3232 2586 3410 2644; x_wconf 92' lang='lat' dir='ltr'>istam</span> <span class='ocrx_word' id='word_1_403' title='bbox 3433 2603 3562 2644; x_wconf 88' lang='lat' dir='ltr'>cru-</span> 
     </span>
    </p>
   </div>
   <div class='ocr_carea' id='block_1_55' title="bbox 1911 2667 3555 2747">
    <p class='ocr_par' dir='ltr' id='par_1_55' title="bbox 1911 2667 3555 2747">
     <span class='ocr_line' id='line_1_56' title="bbox 1911 2667 3555 2747; baseline 0.004 -22"><span class='ocrx_word' id='word_1_404' title='bbox 1911 2670 2101 2725; x_wconf 90' lang='lat' dir='ltr'>delem</span> <span class='ocrx_word' id='word_1_405' title='bbox 2153 2674 2277 2724; x_wconf 91' lang='lat' dir='ltr'>tam</span> <span class='ocrx_word' id='word_1_406' title='bbox 2328 2668 2481 2724; x_wconf 90' lang='lat' dir='ltr'>bene</span> <span class='ocrx_word' id='word_1_407' title='bbox 2538 2667 2593 2723; x_wconf 90' lang='lat' dir='ltr'>ei</span> <span class='ocrx_word' id='word_1_408' title='bbox 2649 2670 2920 2727; x_wconf 85' lang='lat' dir='ltr'>cessisset</span> <span class='ocrx_word' id='word_1_409' title='bbox 2972 2674 3204 2730; x_wconf 91' lang='lat' dir='ltr'>Domini</span> <span class='ocrx_word' id='word_1_410' title='bbox 3258 2676 3555 2747; x_wconf 88' lang='lat' dir='ltr'>apellatio,</span> 
     </span>
    </p>
   </div>
   <div class='ocr_carea' id='block_1_56' title="bbox 1912 2758 3561 2831">
    <p class='ocr_par' dir='ltr' id='par_1_56' title="bbox 1912 2758 3561 2831">
     <span class='ocr_line' id='line_1_57' title="bbox 1912 2758 3561 2831; baseline 0.003 -16"><span class='ocrx_word' id='word_1_411' title='bbox 1912 2760 2136 2815; x_wconf 86' lang='lat' dir='ltr'>cunctis</span> <span class='ocrx_word' id='word_1_412' title='bbox 2176 2758 2390 2814; x_wconf 81' lang='lat' dir='ltr'>exinde</span> <span class='ocrx_word' id='word_1_413' title='bbox 2430 2758 2680 2814; x_wconf 88' lang='lat' dir='ltr'>suadere</span> <span class='ocrx_word' id='word_1_414' title='bbox 2720 2760 2917 2831; x_wconf 77' lang='lat' dir='ltr'>cmpit,</span> <span class='ocrx_word' id='word_1_415' title='bbox 2962 2768 3023 2818; x_wconf 90' lang='lat' dir='ltr'>ut</span> <span class='ocrx_word' id='word_1_416' title='bbox 3069 2763 3129 2818; x_wconf 92' lang='lat' dir='ltr'>in</span> <span class='ocrx_word' id='word_1_417' title='bbox 3168 2764 3328 2820; x_wconf 74' lang='lat' dir='ltr'>cmlis</span> <span class='ocrx_word' id='word_1_418' title='bbox 3367 2766 3561 2820; x_wconf 87' lang='lat' dir='ltr'>vivere</span> 
     </span>
    </p>
   </div>
   <div class='ocr_carea' id='block_1_57' title="bbox 1915 2847 3561 2924">
    <p class='ocr_par' dir='ltr' id='par_1_57' title="bbox 1915 2847 3561 2924">
     <span class='ocr_line' id='line_1_58' title="bbox 1915 2847 3561 2924; baseline 0.004 -21"><span class='ocrx_word' id='word_1_419' title='bbox 1915 2851 2099 2904; x_wconf 90' lang='lat' dir='ltr'>Deum</span> <span class='ocrx_word' id='word_1_420' title='bbox 2138 2847 2482 2915; x_wconf 87' lang='lat' dir='ltr'>crederent;</span> <span class='ocrx_word' id='word_1_421' title='bbox 2526 2862 2719 2919; x_wconf 91' lang='lat' dir='ltr'>neque</span> <span class='ocrx_word' id='word_1_422' title='bbox 2764 2849 3136 2919; x_wconf 89' lang='lat' dir='ltr'>serpentibus</span> <span class='ocrx_word' id='word_1_423' title='bbox 3192 2868 3295 2924; x_wconf 90' lang='lat' dir='ltr'>per</span> <span class='ocrx_word' id='word_1_424' title='bbox 3342 2858 3561 2910; x_wconf 88' lang='lat' dir='ltr'>terram</span> 
     </span>
    </p>
   </div>
   <div class='ocr_carea' id='block_1_58' title="bbox 1911 2937 3561 3012">
    <p class='ocr_par' dir='ltr' id='par_1_58' title="bbox 1911 2937 3561 3012">
     <span class='ocr_line' id='line_1_59' title="bbox 1911 2937 3561 3012; baseline 0.002 -17"><span class='ocrx_word' id='word_1_425' title='bbox 1911 2937 2317 2995; x_wconf 86' lang='lat' dir='ltr'>animantibus</span> <span class='ocrx_word' id='word_1_426' title='bbox 2343 2937 2715 2993; x_wconf 85' lang='lat' dir='ltr'>adhaererent</span> <span class='ocrx_word' id='word_1_427' title='bbox 2734 2953 2746 2991; x_wconf 91' lang='lat'>:</span> <span class='ocrx_word' id='word_1_428' title='bbox 2766 2938 3013 3009; x_wconf 89' lang='lat' dir='ltr'>quando</span> <span class='ocrx_word' id='word_1_429' title='bbox 3035 2956 3243 2997; x_wconf 89' lang='lat' dir='ltr'>revera</span> <span class='ocrx_word' id='word_1_430' title='bbox 3275 2945 3426 2998; x_wconf 91' lang='lat' dir='ltr'>Deus</span> <span class='ocrx_word' id='word_1_431' title='bbox 3452 2946 3561 3012; x_wconf 91' lang='lat' dir='ltr'>est,</span> 
     </span>
    </p>
   </div>
   <div class='ocr_carea' id='block_1_59' title="bbox 1911 3026 3562 3104">
    <p class='ocr_par' dir='ltr' id='par_1_59' title="bbox 1911 3026 3562 3104">
     <span class='ocr_line' id='line_1_60' title="bbox 1911 3026 3562 3104; baseline 0.003 -21"><span class='ocrx_word' id='word_1_432' title='bbox 1911 3028 2012 3101; x_wconf 87' lang='lat' dir='ltr'>qui</span> <span class='ocrx_word' id='word_1_433' title='bbox 2043 3042 2279 3100; x_wconf 91' lang='lat' dir='ltr'>semper</span> <span class='ocrx_word' id='word_1_434' title='bbox 2303 3026 2590 3082; x_wconf 80' lang='lat' dir='ltr'>exsistens</span> <span class='ocrx_word' id='word_1_435' title='bbox 2621 3026 2777 3082; x_wconf 92' lang='lat' dir='ltr'>Deus</span> <span class='ocrx_word' id='word_1_436' title='bbox 2799 3027 3083 3098; x_wconf 86' lang='lat' dir='ltr'>perfectus</span> <span class='ocrx_word' id='word_1_437' title='bbox 3131 3034 3188 3087; x_wconf 92' lang='lat' dir='ltr'>et</span> <span class='ocrx_word' id='word_1_438' title='bbox 3232 3031 3562 3104; x_wconf 84' lang='lat' dir='ltr'>incompre-</span> 
     </span>
    </p>
   </div>
   <div class='ocr_carea' id='block_1_60' title="bbox 1910 3116 3568 3189">
    <p class='ocr_par' dir='ltr' id='par_1_60' title="bbox 1910 3116 3568 3189">
     <span class='ocr_line' id='line_1_61' title="bbox 1910 3116 3568 3189; baseline 0.004 -17"><span class='ocrx_word' id='word_1_439' title='bbox 1910 3116 2241 3183; x_wconf 88' lang='lat' dir='ltr'>hensibilis,</span> <span class='ocrx_word' id='word_1_440' title='bbox 2275 3121 2594 3189; x_wconf 88' lang='lat' dir='ltr'>postquam</span> <span class='ocrx_word' id='word_1_441' title='bbox 2626 3116 2916 3173; x_wconf 90' lang='lat' dir='ltr'>visibilem</span> <span class='ocrx_word' id='word_1_442' title='bbox 2951 3118 3112 3175; x_wconf 89' lang='lat' dir='ltr'>hunc</span> <span class='ocrx_word' id='word_1_443' title='bbox 3160 3122 3453 3177; x_wconf 91' lang='lat' dir='ltr'><strong>mundum</strong></span> <span class='ocrx_word' id='word_1_444' title='bbox 3512 3126 3568 3179; x_wconf 90' lang='lat' dir='ltr'>et</span> 
     </span>
    </p>
   </div>
   <div class='ocr_carea' id='block_1_61' title="bbox 207 3182 1801 3277">
    <p class='ocr_par' dir='ltr' id='par_1_61' title="bbox 207 3198 1801 3277">
     <span class='ocr_line' id='line_1_62' title="bbox 207 3198 1801 3277; baseline 0.006 -30"><span class='ocrx_word' id='word_1_445' title='bbox 207 3216 329 3269; x_wconf 83' lang='grc' dir='ltr'>σμον</span> <span class='ocrx_word' id='word_1_446' title='bbox 374 3203 468 3250; x_wconf 81' lang='grc' dir='ltr'>καὶ</span> <span class='ocrx_word' id='word_1_447' title='bbox 508 3204 578 3269; x_wconf 81' lang='grc' dir='ltr'>μὴ</span> <span class='ocrx_word' id='word_1_448' title='bbox 626 3198 899 3273; x_wconf 81' lang='grc' dir='ltr'>ὁρώμενον,</span> <span class='ocrx_word' id='word_1_449' title='bbox 940 3201 1055 3253; x_wconf 87' lang='grc' dir='ltr'>κατ’</span> <span class='ocrx_word' id='word_1_450' title='bbox 1096 3202 1265 3254; x_wconf 83' lang='grc' dir='ltr'>εἰκόνα</span> <span class='ocrx_word' id='word_1_451' title='bbox 1306 3212 1401 3264; x_wconf 81' lang='grc' dir='ltr'>τῆς</span> <span class='ocrx_word' id='word_1_452' title='bbox 1440 3204 1597 3256; x_wconf 77' lang='grc' dir='ltr'>αὐτοῦ</span> <span class='ocrx_word' id='word_1_453' title='bbox 1644 3224 1801 3277; x_wconf 88' lang='grc' dir='ltr'>μεγα-</span> 
     </span>
    </p>
   </div>
   <div class='ocr_carea' id='block_1_62' title="bbox 1916 3182 3567 3277">
    <p class='ocr_par' dir='ltr' id='par_1_62' title="bbox 1916 3206 3567 3277">
     <span class='ocr_line' id='line_1_63' title="bbox 1916 3206 3567 3277; baseline 0.004 -16"><span class='ocrx_word' id='word_1_454' title='bbox 1916 3206 2274 3262; x_wconf 88' lang='lat' dir='ltr'>invisibilem</span> <span class='ocrx_word' id='word_1_455' title='bbox 2307 3206 2700 3277; x_wconf 84' lang='lat' dir='ltr'>produxisset,</span> <span class='ocrx_word' id='word_1_456' title='bbox 2735 3207 2911 3263; x_wconf 90' lang='lat' dir='ltr'>etiam</span> <span class='ocrx_word' id='word_1_457' title='bbox 2939 3207 3242 3265; x_wconf 91' lang='lat' dir='ltr'>hominem</span> <span class='ocrx_word' id='word_1_458' title='bbox 3284 3210 3567 3267; x_wconf 86' lang='lat' dir='ltr'>formavit</span> 
     </span>
    </p>
   </div>
   <div class='ocr_carea' id='block_1_63' title="bbox 204 3285 1800 3363">
    <p class='ocr_par' dir='ltr' id='par_1_63' title="bbox 204 3285 1800 3363">
     <span class='ocr_line' id='line_1_64' title="bbox 204 3285 1800 3363; baseline 0.006 -28"><span class='ocrx_word' id='word_1_459' title='bbox 204 3285 457 3348; x_wconf 74' lang='grc' dir='ltr'>λειότητος</span> <span class='ocrx_word' id='word_1_460' title='bbox 499 3288 697 3349; x_wconf 77' lang='grc' dir='ltr'>πλάσας</span> <span class='ocrx_word' id='word_1_461' title='bbox 738 3293 825 3340; x_wconf 90' lang='grc' dir='ltr'>τόν</span> <span class='ocrx_word' id='word_1_462' title='bbox 878 3290 1165 3361; x_wconf 76' lang='grc' dir='ltr'>ἄνθρωπον,</span> <span class='ocrx_word' id='word_1_463' title='bbox 1212 3297 1301 3344; x_wconf 83' lang='grc' dir='ltr'>καὶ</span> <span class='ocrx_word' id='word_1_464' title='bbox 1342 3300 1520 3345; x_wconf 83' lang='grc' dir='ltr'>τοῦτον</span> <span class='ocrx_word' id='word_1_465' title='bbox 1564 3302 1636 3363; x_wconf 84' lang='grc' dir='ltr'>τῷ</span> <span class='ocrx_word' id='word_1_466' title='bbox 1681 3294 1800 3345; x_wconf 79' lang='grc' dir='ltr'>αύτ-</span> 
     </span>
    </p>
   </div>
   <div class='ocr_carea' id='block_1_64' title="bbox 211 3376 1804 3454">
    <p class='ocr_par' dir='ltr' id='par_1_64' title="bbox 211 3376 1804 3454">
     <span class='ocr_line' id='line_1_65' title="bbox 211 3376 1804 3454; baseline 0.005 -27"><span class='ocrx_word' id='word_1_467' title='bbox 211 3376 418 3447; x_wconf 80' lang='grc' dir='ltr'>εξουσίῳ</span> <span class='ocrx_word' id='word_1_468' title='bbox 460 3382 713 3448; x_wconf 80' lang='grc' dir='ltr'>τιμήσας,</span> <span class='ocrx_word' id='word_1_469' title='bbox 763 3386 862 3429; x_wconf 86' lang='grc' dir='ltr'>τῶν</span> <span class='ocrx_word' id='word_1_470' title='bbox 907 3377 954 3430; x_wconf 76' lang='grc' dir='ltr'>ἕν</span> <span class='ocrx_word' id='word_1_471' title='bbox 1000 3376 1309 3453; x_wconf 82' lang='grc' dir='ltr'>παραδείσῳ</span> <span class='ocrx_word' id='word_1_472' title='bbox 1351 3381 1519 3433; x_wconf 81' lang='grc' dir='ltr'>καλῶν</span> <span class='ocrx_word' id='word_1_473' title='bbox 1567 3387 1804 3454; x_wconf 84' lang='grc' dir='ltr'>μετέχειν</span> 
     </span>
    </p>
   </div>
   <div class='ocr_carea' id='block_1_65' title="bbox 210 3464 1803 3546">
    <p class='ocr_par' dir='ltr' id='par_1_65' title="bbox 210 3464 1803 3546">
     <span class='ocr_line' id='line_1_66' title="bbox 210 3464 1803 3546; baseline 0.006 -31"><span class='ocrx_word' id='word_1_474' title='bbox 210 3470 498 3527; x_wconf 80' lang='grc' dir='ltr'>πεποίηκεν,</span> <span class='ocrx_word' id='word_1_475' title='bbox 557 3464 853 3536; x_wconf 75' lang='grc' dir='ltr'>ἀπέχεσθαι</span> <span class='ocrx_word' id='word_1_476' title='bbox 909 3469 1093 3520; x_wconf 88' lang='grc' dir='ltr'>τούτου</span> <span class='ocrx_word' id='word_1_477' title='bbox 1152 3474 1309 3540; x_wconf 87' lang='grc' dir='ltr'>μόνου</span> <span class='ocrx_word' id='word_1_478' title='bbox 1365 3470 1624 3535; x_wconf 86' lang='grc' dir='ltr'>κελεύσας,</span> <span class='ocrx_word' id='word_1_479' title='bbox 1683 3473 1803 3546; x_wconf 86' lang='grc' dir='ltr'>ὅπερ</span> 
     </span>
    </p>
   </div>
   <div class='ocr_carea' id='block_1_66' title="bbox 212 3550 1805 3626">
    <p class='ocr_par' dir='ltr' id='par_1_66' title="bbox 212 3550 1805 3626">
     <span class='ocr_line' id='line_1_67' title="bbox 212 3550 1805 3626; baseline 0.006 -22"><span class='ocrx_word' id='word_1_480' title='bbox 212 3550 264 3609; x_wconf 71' lang='grc' dir='ltr'>ἦν</span> <span class='ocrx_word' id='word_1_481' title='bbox 322 3559 377 3605; x_wconf 75' lang='grc' dir='ltr'>τό</span> <span class='ocrx_word' id='word_1_482' title='bbox 422 3553 572 3616; x_wconf 82' lang='grc' dir='ltr'>ξύλον</span> <span class='ocrx_word' id='word_1_483' title='bbox 621 3563 717 3616; x_wconf 80' lang='grc' dir='ltr'>τῆς</span> <span class='ocrx_word' id='word_1_484' title='bbox 767 3561 1023 3626; x_wconf 84' lang='grc' dir='ltr'>γνώσεως.</span> <span class='ocrx_word' id='word_1_485' title='bbox 1068 3557 1207 3610; x_wconf 84' lang='grc' dir='ltr'>Ἐπεὶ</span> <span class='ocrx_word' id='word_1_486' title='bbox 1257 3555 1316 3610; x_wconf 74' lang='grc' dir='ltr'>δὲ</span> <span class='ocrx_word' id='word_1_487' title='bbox 1368 3561 1662 3617; x_wconf 82' lang='grc' dir='ltr'>ἡθετηκότα</span> <span class='ocrx_word' id='word_1_488' title='bbox 1711 3565 1805 3619; x_wconf 83' lang='grc' dir='ltr'>τὴν</span> 
     </span>
    </p>
   </div>
   <div class='ocr_carea' id='block_1_67' title="bbox 214 3642 1807 3717">
    <p class='ocr_par' dir='ltr' id='par_1_67' title="bbox 214 3642 1807 3717">
     <span class='ocr_line' id='line_1_68' title="bbox 214 3642 1807 3717; baseline 0.004 -22"><span class='ocrx_word' id='word_1_489' title='bbox 214 3642 429 3712; x_wconf 72' lang='grc' dir='ltr'>ἐντολήν,</span> <span class='ocrx_word' id='word_1_490' title='bbox 475 3649 567 3696; x_wconf 84' lang='grc' dir='ltr'>καὶ</span> <span class='ocrx_word' id='word_1_491' title='bbox 612 3652 709 3706; x_wconf 82' lang='grc' dir='ltr'>τῆς</span> <span class='ocrx_word' id='word_1_492' title='bbox 738 3650 862 3717; x_wconf 84' lang='grc' dir='ltr'>πρὸς</span> <span class='ocrx_word' id='word_1_493' title='bbox 892 3647 1044 3698; x_wconf 80' lang='grc' dir='ltr'>αὑτὸν</span> <span class='ocrx_word' id='word_1_494' title='bbox 1087 3649 1401 3708; x_wconf 81' lang='grc' dir='ltr'>οἰκειότητος</span> <span class='ocrx_word' id='word_1_495' title='bbox 1449 3648 1807 3708; x_wconf 72' lang='grc' dir='ltr'>ὀλισθῆσαντα</span> 
     </span>
    </p>
   </div>
   <div class='ocr_carea' id='block_1_68' title="bbox 215 3729 1806 3812">
    <p class='ocr_par' dir='ltr' id='par_1_68' title="bbox 215 3729 1806 3812">
     <span class='ocr_line' id='line_1_69' title="bbox 215 3729 1806 3812; baseline 0.007 -31"><span class='ocrx_word' id='word_1_496' title='bbox 215 3729 455 3804; x_wconf 76' lang='grc' dir='ltr'>περιιδεῖν</span> <span class='ocrx_word' id='word_1_497' title='bbox 516 3730 579 3791; x_wconf 74' lang='grc' dir='ltr'>ἦν</span> <span class='ocrx_word' id='word_1_498' title='bbox 628 3734 687 3785; x_wconf 71' lang='grc' dir='ltr'>οὐ</span> <span class='ocrx_word' id='word_1_499' title='bbox 741 3742 894 3800; x_wconf 83' lang='grc' dir='ltr'>Θεοῦ,</span> <span class='ocrx_word' id='word_1_500' title='bbox 964 3732 1059 3787; x_wconf 81' lang='grc' dir='ltr'>διὰ</span> <span class='ocrx_word' id='word_1_501' title='bbox 1107 3741 1265 3808; x_wconf 89' lang='grc' dir='ltr'>νόμου</span> <span class='ocrx_word' id='word_1_502' title='bbox 1325 3744 1504 3789; x_wconf 87' lang='grc' dir='ltr'>τοῦτον</span> <span class='ocrx_word' id='word_1_503' title='bbox 1558 3744 1806 3812; x_wconf 88' lang='grc' dir='ltr'>πρότερον</span> 
     </span>
    </p>
   </div>
   <div class='ocr_carea' id='block_1_69' title="bbox 217 3818 1807 3896">
    <p class='ocr_par' dir='ltr' id='par_1_69' title="bbox 217 3818 1807 3896">
     <span class='ocr_line' id='line_1_70' title="bbox 217 3818 1807 3896; baseline 0.006 -25"><span class='ocrx_word' id='word_1_504' title='bbox 217 3818 628 3893; x_wconf 76' lang='grc' dir='ltr'>παιδαγωγὴσας</span> <span class='ocrx_word' id='word_1_505' title='bbox 674 3827 763 3875; x_wconf 83' lang='grc' dir='ltr'>καὶ</span> <span class='ocrx_word' id='word_1_506' title='bbox 814 3832 1106 3896; x_wconf 74' lang='grc' dir='ltr'>προφητῶν,</span> <span class='ocrx_word' id='word_1_507' title='bbox 1162 3824 1239 3876; x_wconf 72' lang='grc' dir='ltr'>ἐπ’</span> <span class='ocrx_word' id='word_1_508' title='bbox 1294 3823 1534 3896; x_wconf 82' lang='grc' dir='ltr'>ἐσχάτων</span> <span class='ocrx_word' id='word_1_509' title='bbox 1584 3833 1673 3880; x_wconf 81' lang='grc' dir='ltr'>καὶ</span> <span class='ocrx_word' id='word_1_510' title='bbox 1720 3832 1807 3880; x_wconf 84' lang='grc' dir='ltr'>τὸν</span> 
     </span>
    </p>
   </div>
   <div class='ocr_carea' id='block_1_70' title="bbox 217 3910 1809 3989">
    <p class='ocr_par' dir='ltr' id='par_1_70' title="bbox 217 3910 1809 3989">
     <span class='ocr_line' id='line_1_71' title="bbox 217 3910 1809 3989; baseline 0.007 -30"><span class='ocrx_word' id='word_1_511' title='bbox 217 3910 405 3981; x_wconf 62' lang='grc' dir='ltr'>ὁμοῖνυά</span> <span class='ocrx_word' id='word_1_512' title='bbox 454 3914 621 3981; x_wconf 76' lang='grc' dir='ltr'>τούτῳ</span> <span class='ocrx_word' id='word_1_513' title='bbox 666 3916 834 3982; x_wconf 83' lang='grc' dir='ltr'>Λόγον</span> <span class='ocrx_word' id='word_1_514' title='bbox 886 3910 941 3963; x_wconf 75' lang='grc' dir='ltr'>ἐκ</span> <span class='ocrx_word' id='word_1_515' title='bbox 1000 3915 1262 3987; x_wconf 83' lang='grc' dir='ltr'>Παρθένου</span> <span class='ocrx_word' id='word_1_516' title='bbox 1308 3914 1470 3985; x_wconf 79' lang='grc' dir='ltr'>ἁγνῆς</span> <span class='ocrx_word' id='word_1_517' title='bbox 1512 3917 1629 3968; x_wconf 79' lang='grc' dir='ltr'>καθ’</span> <span class='ocrx_word' id='word_1_518' title='bbox 1669 3918 1809 3989; x_wconf 79' lang='grc' dir='ltr'>ἡμᾶς</span> 
     </span>
    </p>
   </div>
   <div class='ocr_carea' id='block_1_71' title="bbox 218 3996 1810 4080">
    <p class='ocr_par' dir='ltr' id='par_1_71' title="bbox 218 3996 1810 4080">
     <span class='ocr_line' id='line_1_72' title="bbox 218 3996 1810 4080; baseline 0.005 -30"><span class='ocrx_word' id='word_1_519' title='bbox 218 4001 466 4069; x_wconf 76' lang='grc' dir='ltr'>τεχθῆναι</span> <span class='ocrx_word' id='word_1_520' title='bbox 515 3996 796 4057; x_wconf 76' lang='grc' dir='ltr'>εὐδόκησεν</span> <span class='ocrx_word' id='word_1_521' title='bbox 868 4002 893 4052; x_wconf 86' lang='grc' dir='ltr'><strong><em>ὁ</em></strong></span> <span class='ocrx_word' id='word_1_522' title='bbox 935 3998 993 4054; x_wconf 69' lang='grc' dir='ltr'>δε</span> <span class='ocrx_word' id='word_1_523' title='bbox 1037 4007 1127 4054; x_wconf 83' lang='grc' dir='ltr'>καὶ</span> <span class='ocrx_word' id='word_1_524' title='bbox 1164 4003 1281 4055; x_wconf 86' lang='grc' dir='ltr'>καθ’</span> <span class='ocrx_word' id='word_1_525' title='bbox 1320 4004 1570 4075; x_wconf 85' lang='grc' dir='ltr'>ὁμοίωσιν</span> <span class='ocrx_word' id='word_1_526' title='bbox 1610 4007 1810 4080; x_wconf 85' lang='grc' dir='ltr'>άνθρώ-</span> 
     </span>
    </p>
   </div>
   <div class='ocr_carea' id='block_1_72' title="bbox 216 4089 1810 4163">
    <p class='ocr_par' dir='ltr' id='par_1_72' title="bbox 216 4089 1810 4163">
     <span class='ocr_line' id='line_1_73' title="bbox 216 4089 1810 4163; baseline 0.006 -25"><span class='ocrx_word' id='word_1_527' title='bbox 216 4106 313 4138; x_wconf 72' lang='grc' dir='ltr'>πων</span> <span class='ocrx_word' id='word_1_528' title='bbox 355 4089 632 4160; x_wconf 60' lang='grc' dir='ltr'>ἐπιφανεὶς,</span> <span class='ocrx_word' id='word_1_529' title='bbox 684 4095 772 4141; x_wconf 86' lang='grc' dir='ltr'>καὶ</span> <span class='ocrx_word' id='word_1_530' title='bbox 811 4092 1030 4143; x_wconf 83' lang='grc' dir='ltr'>πάθεσιν</span> <span class='ocrx_word' id='word_1_531' title='bbox 1070 4092 1331 4163; x_wconf 78' lang='grc' dir='ltr'>ὁμιλήσας</span> <span class='ocrx_word' id='word_1_532' title='bbox 1370 4095 1395 4144; x_wconf 88' lang='grc' dir='ltr'><strong><em>ὁ</em></strong></span> <span class='ocrx_word' id='word_1_533' title='bbox 1441 4092 1662 4160; x_wconf 80' lang='grc' dir='ltr'>ἀπαθὴς,</span> <span class='ocrx_word' id='word_1_534' title='bbox 1716 4092 1810 4148; x_wconf 83' lang='grc' dir='ltr'>διὰ</span> 
     </span>
    </p>
   </div>
   <div class='ocr_carea' id='block_1_73' title="bbox 216 4177 1809 4257">
    <p class='ocr_par' dir='ltr' id='par_1_73' title="bbox 216 4177 1809 4257">
     <span class='ocr_line' id='line_1_74' title="bbox 216 4177 1809 4257; baseline 0.006 -30"><span class='ocrx_word' id='word_1_535' title='bbox 216 4185 383 4249; x_wconf 77' lang='grc' dir='ltr'>τρίτης</span> <span class='ocrx_word' id='word_1_536' title='bbox 458 4197 513 4229; x_wconf 85' lang='grc' dir='ltr'>τε</span> <span class='ocrx_word' id='word_1_537' title='bbox 570 4177 797 4240; x_wconf 81' lang='grc' dir='ltr'>ἀναστὰς</span> <span class='ocrx_word' id='word_1_538' title='bbox 855 4177 909 4229; x_wconf 80' lang='grc' dir='ltr'>ἐκ</span> <span class='ocrx_word' id='word_1_539' title='bbox 984 4188 1193 4253; x_wconf 80' lang='grc' dir='ltr'>νεκρῶν,</span> <span class='ocrx_word' id='word_1_540' title='bbox 1253 4181 1613 4257; x_wconf 79' lang='grc' dir='ltr'>φιλανθρωπίᾳ</span> <span class='ocrx_word' id='word_1_541' title='bbox 1684 4187 1809 4257; x_wconf 83' lang='grc' dir='ltr'>ἡμῖν</span> 
     </span>
    </p>
   </div>
   <div class='ocr_carea' id='block_1_74' title="bbox 219 4266 1805 4348">
    <p class='ocr_par' dir='ltr' id='par_1_74' title="bbox 219 4266 1805 4348">
     <span class='ocr_line' id='line_1_75' title="bbox 219 4266 1805 4348; baseline 0.007 -32"><span class='ocrx_word' id='word_1_542' title='bbox 219 4267 521 4337; x_wconf 63' lang='grc' dir='ltr'>ἐφανέρωσεν</span> <span class='ocrx_word' id='word_1_543' title='bbox 614 4266 810 4330; x_wconf 78' lang='grc' dir='ltr'>ἑαυτὸν,</span> <span class='ocrx_word' id='word_1_544' title='bbox 892 4273 979 4320; x_wconf 80' lang='grc' dir='ltr'>καὶ</span> <span class='ocrx_word' id='word_1_545' title='bbox 1051 4272 1181 4343; x_wconf 88' lang='grc' dir='ltr'>πρὸς</span> <span class='ocrx_word' id='word_1_546' title='bbox 1264 4271 1511 4345; x_wconf 74' lang='grc' dir='ltr'>οὐρανούς</span> <span class='ocrx_word' id='word_1_547' title='bbox 1590 4272 1805 4348; x_wconf 76' lang='grc' dir='ltr'>ἁπῇρεν,</span> 
     </span>
    </p>
   </div>
   <div class='ocr_carea' id='block_1_75' title="bbox 219 4355 1810 4426">
    <p class='ocr_par' dir='ltr' id='par_1_75' title="bbox 219 4355 1810 4426">
     <span class='ocr_line' id='line_1_76' title="bbox 219 4355 1810 4426; baseline 0.007 -21"><span class='ocrx_word' id='word_1_548' title='bbox 219 4356 319 4407; x_wconf 81' lang='grc' dir='ltr'>ὅθεν</span> <span class='ocrx_word' id='word_1_549' title='bbox 381 4355 637 4426; x_wconf 79' lang='grc' dir='ltr'>ἐτύγχανε</span> <span class='ocrx_word' id='word_1_550' title='bbox 699 4355 1086 4418; x_wconf 80' lang='grc' dir='ltr'>καταϐεϐηκώς·</span> <span class='ocrx_word' id='word_1_551' title='bbox 1146 4366 1326 4411; x_wconf 84' lang='grc' dir='ltr'>τοῦτον</span> <span class='ocrx_word' id='word_1_552' title='bbox 1386 4357 1445 4413; x_wconf 75' lang='grc' dir='ltr'>δὲ</span> <span class='ocrx_word' id='word_1_553' title='bbox 1506 4367 1596 4413; x_wconf 82' lang='grc' dir='ltr'>καὶ</span> <span class='ocrx_word' id='word_1_554' title='bbox 1664 4359 1810 4425; x_wconf 82' lang='grc' dir='ltr'>αὖθις</span> 
     </span>
    </p>
   </div>
   <div class='ocr_carea' id='block_1_76' title="bbox 221 4443 1811 4520">
    <p class='ocr_par' dir='ltr' id='par_1_76' title="bbox 221 4443 1811 4520">
     <span class='ocr_line' id='line_1_77' title="bbox 221 4443 1811 4520; baseline 0.008 -26"><span class='ocrx_word' id='word_1_555' title='bbox 221 4443 347 4505; x_wconf 54' lang='lat' dir='ltr'>{vim</span> <span class='ocrx_word' id='word_1_556' title='bbox 400 4450 787 4516; x_wconf 81' lang='grc' dir='ltr'>πιστευόμενος,</span> <span class='ocrx_word' id='word_1_557' title='bbox 842 4448 895 4507; x_wconf 87' lang='grc' dir='ltr'>ὅς</span> <span class='ocrx_word' id='word_1_558' title='bbox 948 4446 1168 4520; x_wconf 88' lang='grc' dir='ltr'>πλάσμα</span> <span class='ocrx_word' id='word_1_559' title='bbox 1213 4451 1303 4520; x_wconf 69' lang='grc' dir='ltr'>μὲν</span> <span class='ocrx_word' id='word_1_560' title='bbox 1349 4453 1410 4502; x_wconf 86' lang='grc' dir='ltr'>τό</span> <span class='ocrx_word' id='word_1_561' title='bbox 1459 4451 1642 4504; x_wconf 86' lang='grc' dir='ltr'>ἑαυτοῦ</span> <span class='ocrx_word' id='word_1_562' title='bbox 1692 4452 1811 4507; x_wconf 80' lang='grc' dir='ltr'>ἀνα-</span> 
     </span>
    </p>
   </div>
   <div class='ocr_carea' id='block_1_77' title="bbox 1913 3294 3565 3369">
    <p class='ocr_par' dir='ltr' id='par_1_77' title="bbox 1913 3294 3565 3369">
     <span class='ocr_line' id='line_1_78' title="bbox 1913 3294 3565 3369; baseline 0.002 -18"><span class='ocrx_word' id='word_1_563' title='bbox 1913 3295 2309 3366; x_wconf 88' lang='lat' dir='ltr'>adimaginem</span> <span class='ocrx_word' id='word_1_564' title='bbox 2328 3294 2920 3365; x_wconf 74' lang='lat' dir='ltr'>magniﬁcentiaasuee</span> <span class='ocrx_word' id='word_1_565' title='bbox 2940 3312 3229 3369; x_wconf 88' lang='lat' dir='ltr'>;eumque</span> <span class='ocrx_word' id='word_1_566' title='bbox 3242 3298 3565 3355; x_wconf 86' lang='lat' dir='ltr'>voluntatis</span> 
     </span>
    </p>
   </div>
   <div class='ocr_carea' id='block_1_78' title="bbox 1914 3383 3565 3461">
    <p class='ocr_par' dir='ltr' id='par_1_78' title="bbox 1914 3383 3565 3461">
     <span class='ocr_line' id='line_1_79' title="bbox 1914 3383 3565 3461; baseline 0.004 -22"><span class='ocrx_word' id='word_1_567' title='bbox 1914 3402 2034 3440; x_wconf 60' lang='lat' dir='ltr'>suae</span> <span class='ocrx_word' id='word_1_568' title='bbox 2058 3383 2246 3440; x_wconf 84' lang='lat' dir='ltr'>libero</span> <span class='ocrx_word' id='word_1_569' title='bbox 2287 3400 2506 3440; x_wconf 90' lang='lat' dir='ltr'>ornans</span> <span class='ocrx_word' id='word_1_570' title='bbox 2537 3384 2800 3453; x_wconf 89' lang='lat' dir='ltr'>arbitrio,</span> <span class='ocrx_word' id='word_1_571' title='bbox 2842 3386 3111 3457; x_wconf 87' lang='lat' dir='ltr'>paradisi</span> <span class='ocrx_word' id='word_1_572' title='bbox 3132 3388 3307 3443; x_wconf 90' lang='lat' dir='ltr'>bonis</span> <span class='ocrx_word' id='word_1_573' title='bbox 3340 3388 3565 3461; x_wconf 87' lang='lat' dir='ltr'>perfrui</span> 
     </span>
    </p>
   </div>
   <div class='ocr_carea' id='block_1_79' title="bbox 1914 3473 3563 3545">
    <p class='ocr_par' dir='ltr' id='par_1_79' title="bbox 1914 3473 3563 3545">
     <span class='ocr_line' id='line_1_80' title="bbox 1914 3473 3563 3545; baseline 0.003 -16"><span class='ocrx_word' id='word_1_574' title='bbox 1914 3474 2118 3544; x_wconf 89' lang='lat' dir='ltr'>voluit,</span> <span class='ocrx_word' id='word_1_575' title='bbox 2144 3474 2336 3531; x_wconf 91' lang='lat' dir='ltr'>solum</span> <span class='ocrx_word' id='word_1_576' title='bbox 2353 3473 2573 3544; x_wconf 90' lang='lat' dir='ltr'>jubens</span> <span class='ocrx_word' id='word_1_577' title='bbox 2597 3478 2658 3529; x_wconf 92' lang='lat' dir='ltr'>ut</span> <span class='ocrx_word' id='word_1_578' title='bbox 2689 3489 2725 3528; x_wconf 91' lang='lat' dir='ltr'>a</span> <span class='ocrx_word' id='word_1_579' title='bbox 2750 3473 3007 3530; x_wconf 79' lang='lat' dir='ltr'>scientiae</span> <span class='ocrx_word' id='word_1_580' title='bbox 3027 3474 3192 3545; x_wconf 89' lang='lat' dir='ltr'>ligno</span> <span class='ocrx_word' id='word_1_581' title='bbox 3225 3477 3563 3534; x_wconf 84' lang='lat' dir='ltr'>abstineret.</span> 
     </span>
    </p>
   </div>
   <div class='ocr_carea' id='block_1_80' title="bbox 1916 3563 3564 3638">
    <p class='ocr_par' dir='ltr' id='par_1_80' title="bbox 1916 3563 3564 3638">
     <span class='ocr_line' id='line_1_81' title="bbox 1916 3563 3564 3638; baseline 0.001 -17"><span class='ocrx_word' id='word_1_582' title='bbox 1916 3563 2190 3621; x_wconf 82' lang='lat' dir='ltr'>Mandata</span> <span class='ocrx_word' id='word_1_583' title='bbox 2236 3578 2377 3618; x_wconf 92' lang='lat' dir='ltr'>vero</span> <span class='ocrx_word' id='word_1_584' title='bbox 2422 3568 2907 3633; x_wconf 67' lang='lat' dir='ltr'>praetergressum</span> <span class='ocrx_word' id='word_1_585' title='bbox 2967 3580 3194 3637; x_wconf 90' lang='lat' dir='ltr'>suaque</span> <span class='ocrx_word' id='word_1_586' title='bbox 3263 3567 3564 3638; x_wconf 89' lang='lat' dir='ltr'>privatum</span> 
     </span>
    </p>
   </div>
   <div class='ocr_carea' id='block_1_81' title="bbox 1916 3650 3569 3728">
    <p class='ocr_par' dir='ltr' id='par_1_81' title="bbox 1916 3650 3569 3728">
     <span class='ocr_line' id='line_1_82' title="bbox 1916 3650 3569 3728; baseline 0.002 -20"><span class='ocrx_word' id='word_1_587' title='bbox 1916 3654 2103 3724; x_wconf 89' lang='lat' dir='ltr'>gratia</span> <span class='ocrx_word' id='word_1_588' title='bbox 2141 3668 2279 3707; x_wconf 92' lang='lat' dir='ltr'>cum</span> <span class='ocrx_word' id='word_1_589' title='bbox 2304 3651 2607 3723; x_wconf 89' lang='lat' dir='ltr'>despicere</span> <span class='ocrx_word' id='word_1_590' title='bbox 2632 3650 2829 3714; x_wconf 89' lang='lat' dir='ltr'>nollet,</span> <span class='ocrx_word' id='word_1_591' title='bbox 2863 3650 3126 3723; x_wconf 91' lang='lat' dir='ltr'>primum</span> <span class='ocrx_word' id='word_1_592' title='bbox 3157 3654 3404 3725; x_wconf 89' lang='lat' dir='ltr'>quidem</span> <span class='ocrx_word' id='word_1_593' title='bbox 3464 3671 3569 3728; x_wconf 91' lang='lat' dir='ltr'>per</span> 
     </span>
    </p>
   </div>
   <div class='ocr_carea' id='block_1_82' title="bbox 1914 3740 3569 3812">
    <p class='ocr_par' dir='ltr' id='par_1_82' title="bbox 1914 3740 3569 3812">
     <span class='ocr_line' id='line_1_83' title="bbox 1914 3740 3569 3812; baseline 0.001 -14"><span class='ocrx_word' id='word_1_594' title='bbox 1914 3743 2106 3812; x_wconf 84' lang='lat' dir='ltr'>legem</span> <span class='ocrx_word' id='word_1_595' title='bbox 2152 3747 2332 3812; x_wconf 91' lang='lat' dir='ltr'>atque</span> <span class='ocrx_word' id='word_1_596' title='bbox 2380 3740 2697 3812; x_wconf 85' lang='lat' dir='ltr'>prOphetas</span> <span class='ocrx_word' id='word_1_597' title='bbox 2749 3755 2888 3794; x_wconf 91' lang='lat' dir='ltr'>eum</span> <span class='ocrx_word' id='word_1_598' title='bbox 2946 3742 3180 3807; x_wconf 86' lang='lat' dir='ltr'>erudiit,</span> <span class='ocrx_word' id='word_1_599' title='bbox 3233 3744 3450 3799; x_wconf 92' lang='lat' dir='ltr'>deinde</span> <span class='ocrx_word' id='word_1_600' title='bbox 3512 3750 3569 3801; x_wconf 92' lang='lat' dir='ltr'>et</span> 
     </span>
    </p>
   </div>
   <div class='ocr_carea' id='block_1_83' title="bbox 1916 3828 3567 3903">
    <p class='ocr_par' dir='ltr' id='par_1_83' title="bbox 1916 3828 3567 3903">
     <span class='ocr_line' id='line_1_84' title="bbox 1916 3828 3567 3903; baseline 0.001 -15"><span class='ocrx_word' id='word_1_601' title='bbox 1916 3828 2421 3888; x_wconf 87' lang='lat' dir='ltr'>consubstantiale</span> <span class='ocrx_word' id='word_1_602' title='bbox 2448 3828 2555 3884; x_wconf 90' lang='lat' dir='ltr'>sibi</span> <span class='ocrx_word' id='word_1_603' title='bbox 2574 3829 2826 3883; x_wconf 90' lang='lat' dir='ltr'>Verbum</span> <span class='ocrx_word' id='word_1_604' title='bbox 2855 3845 2927 3884; x_wconf 82' lang='lat' dir='ltr'>ex</span> <span class='ocrx_word' id='word_1_605' title='bbox 2952 3830 3303 3888; x_wconf 85' lang='lat' dir='ltr'>intemerata</span> <span class='ocrx_word' id='word_1_606' title='bbox 3328 3832 3567 3903; x_wconf 89' lang='lat' dir='ltr'>Virgine</span> 
     </span>
    </p>
   </div>
   <div class='ocr_carea' id='block_1_84' title="bbox 1916 3916 3566 3989">
    <p class='ocr_par' dir='ltr' id='par_1_84' title="bbox 1916 3916 3566 3989">
     <span class='ocr_line' id='line_1_85' title="bbox 1916 3916 3566 3989; baseline 0.001 -13"><span class='ocrx_word' id='word_1_607' title='bbox 1916 3921 2084 3977; x_wconf 89' lang='lat' dir='ltr'>nasci</span> <span class='ocrx_word' id='word_1_608' title='bbox 2104 3918 2307 3984; x_wconf 88' lang='lat' dir='ltr'>voluit,</span> <span class='ocrx_word' id='word_1_609' title='bbox 2332 3918 2532 3989; x_wconf 87' lang='lat' dir='ltr'>itaque</span> <span class='ocrx_word' id='word_1_610' title='bbox 2562 3917 2622 3972; x_wconf 94' lang='lat' dir='ltr'><strong>in</strong></span> <span class='ocrx_word' id='word_1_611' title='bbox 2651 3916 2920 3973; x_wconf 90' lang='lat' dir='ltr'>humana</span> <span class='ocrx_word' id='word_1_612' title='bbox 2945 3932 3245 3989; x_wconf 89' lang='lat' dir='ltr'>apparens</span> <span class='ocrx_word' id='word_1_613' title='bbox 3289 3919 3566 3978; x_wconf 88' lang='lat' dir='ltr'>similitu-</span> 
     </span>
    </p>
   </div>
   <div class='ocr_carea' id='block_1_85' title="bbox 1915 4006 3569 4079">
    <p class='ocr_par' dir='ltr' id='par_1_85' title="bbox 1915 4006 3569 4079">
     <span class='ocr_line' id='line_1_86' title="bbox 1915 4006 3569 4079; baseline 0.001 -14"><span class='ocrx_word' id='word_1_614' title='bbox 1915 4010 2073 4077; x_wconf 90' lang='lat' dir='ltr'>dine,</span> <span class='ocrx_word' id='word_1_615' title='bbox 2089 4006 2423 4079; x_wconf 90' lang='lat' dir='ltr'>nostrisque</span> <span class='ocrx_word' id='word_1_616' title='bbox 2440 4006 2873 4062; x_wconf 88' lang='lat' dir='ltr'>communicans</span> <span class='ocrx_word' id='word_1_617' title='bbox 2889 4006 3269 4079; x_wconf 88' lang='lat' dir='ltr'>passionibus</span> <span class='ocrx_word' id='word_1_618' title='bbox 3291 4008 3569 4079; x_wconf 87' lang='lat' dir='ltr'>impassi—</span> 
     </span>
    </p>
   </div>
   <div class='ocr_carea' id='block_1_86' title="bbox 1916 4094 3569 4170">
    <p class='ocr_par' dir='ltr' id='par_1_86' title="bbox 1916 4094 3569 4170">
     <span class='ocr_line' id='line_1_87' title="bbox 1916 4094 3569 4170; baseline 0.001 -16"><span class='ocrx_word' id='word_1_619' title='bbox 1916 4097 2052 4154; x_wconf 88' lang='lat' dir='ltr'>bilis</span> <span class='ocrx_word' id='word_1_620' title='bbox 2074 4096 2199 4170; x_wconf 91' lang='lat' dir='ltr'>ipse</span> <span class='ocrx_word' id='word_1_621' title='bbox 2223 4112 2317 4161; x_wconf 91' lang='lat' dir='ltr'>,ac</span> <span class='ocrx_word' id='word_1_622' title='bbox 2348 4094 2443 4151; x_wconf 92' lang='lat' dir='ltr'>die</span> <span class='ocrx_word' id='word_1_623' title='bbox 2466 4094 2639 4151; x_wconf 89' lang='lat' dir='ltr'>tertia</span> <span class='ocrx_word' id='word_1_624' title='bbox 2660 4110 2973 4166; x_wconf 83' lang='lat' dir='ltr'>resurgens</span> <span class='ocrx_word' id='word_1_625' title='bbox 2993 4112 3029 4152; x_wconf 93' lang='lat' dir='ltr'>a</span> <span class='ocrx_word' id='word_1_626' title='bbox 3057 4097 3328 4165; x_wconf 89' lang='lat' dir='ltr'>mortuis,</span> <span class='ocrx_word' id='word_1_627' title='bbox 3362 4114 3569 4155; x_wconf 88' lang='lat' dir='ltr'>aman-</span> 
     </span>
    </p>
   </div>
   <div class='ocr_carea' id='block_1_87' title="bbox 1918 4184 3570 4258">
    <p class='ocr_par' dir='ltr' id='par_1_87' title="bbox 1918 4184 3570 4258">
     <span class='ocr_line' id='line_1_88' title="bbox 1918 4184 3570 4258; baseline 0.001 -15"><span class='ocrx_word' id='word_1_628' title='bbox 1918 4193 2002 4244; x_wconf 91' lang='lat' dir='ltr'>ter</span> <span class='ocrx_word' id='word_1_629' title='bbox 2022 4204 2084 4243; x_wconf 90' lang='lat' dir='ltr'>se</span> <span class='ocrx_word' id='word_1_630' title='bbox 2104 4185 2271 4242; x_wconf 90' lang='lat' dir='ltr'>nobis</span> <span class='ocrx_word' id='word_1_631' title='bbox 2290 4184 2706 4251; x_wconf 87' lang='lat' dir='ltr'>manifestavit,</span> <span class='ocrx_word' id='word_1_632' title='bbox 2731 4189 2910 4258; x_wconf 89' lang='lat' dir='ltr'>atque</span> <span class='ocrx_word' id='word_1_633' title='bbox 2931 4185 3009 4242; x_wconf 94' lang='lat' dir='ltr'>ad</span> <span class='ocrx_word' id='word_1_634' title='bbox 3025 4186 3206 4242; x_wconf 68' lang='lat' dir='ltr'>caelos</span> <span class='ocrx_word' id='word_1_635' title='bbox 3226 4187 3375 4243; x_wconf 90' lang='lat' dir='ltr'>abiit</span> <span class='ocrx_word' id='word_1_636' title='bbox 3408 4188 3570 4245; x_wconf 92' lang='lat' dir='ltr'>unde</span> 
     </span>
    </p>
   </div>
   <div class='ocr_carea' id='block_1_88' title="bbox 1917 4273 3572 4345">
    <p class='ocr_par' dir='ltr' id='par_1_88' title="bbox 1917 4273 3572 4345">
     <span class='ocr_line' id='line_1_89' title="bbox 1917 4273 3572 4345; baseline 0.001 -13"><span class='ocrx_word' id='word_1_637' title='bbox 1917 4276 2302 4332; x_wconf 90' lang='lat' dir='ltr'>descenderat</span> <span class='ocrx_word' id='word_1_638' title='bbox 2329 4289 2341 4328; x_wconf 91' lang='lat'><strong>:</strong></span> <span class='ocrx_word' id='word_1_639' title='bbox 2374 4273 2575 4345; x_wconf 90' lang='lat' dir='ltr'>ipsum</span> <span class='ocrx_word' id='word_1_640' title='bbox 2597 4289 2739 4329; x_wconf 90' lang='lat' dir='ltr'>vero</span> <span class='ocrx_word' id='word_1_641' title='bbox 2795 4290 3003 4330; x_wconf 91' lang='lat' dir='ltr'>rursus</span> <span class='ocrx_word' id='word_1_642' title='bbox 3041 4281 3358 4332; x_wconf 88' lang='lat' dir='ltr'>venturum</span> <span class='ocrx_word' id='word_1_643' title='bbox 3384 4277 3572 4334; x_wconf 90' lang='lat' dir='ltr'>credi-</span> 
     </span>
    </p>
   </div>
   <div class='ocr_carea' id='block_1_89' title="bbox 1919 4364 3571 4435">
    <p class='ocr_par' dir='ltr' id='par_1_89' title="bbox 1919 4364 3571 4435">
     <span class='ocr_line' id='line_1_90' title="bbox 1919 4364 3571 4435; baseline 0.002 -15"><span class='ocrx_word' id='word_1_644' title='bbox 1919 4382 2075 4431; x_wconf 87' lang='lat' dir='ltr'>mus,</span> <span class='ocrx_word' id='word_1_645' title='bbox 2130 4370 2191 4420; x_wconf 90' lang='lat' dir='ltr'>ut</span> <span class='ocrx_word' id='word_1_646' title='bbox 2254 4364 2607 4435; x_wconf 87' lang='lat' dir='ltr'>ﬁgmentum</span> <span class='ocrx_word' id='word_1_647' title='bbox 2663 4379 2842 4419; x_wconf 91' lang='lat' dir='ltr'>suum</span> <span class='ocrx_word' id='word_1_648' title='bbox 2872 4365 3204 4431; x_wconf 89' lang='lat' dir='ltr'>resuscitet,</span> <span class='ocrx_word' id='word_1_649' title='bbox 3259 4371 3315 4422; x_wconf 92' lang='lat' dir='ltr'>et</span> <span class='ocrx_word' id='word_1_650' title='bbox 3358 4366 3571 4423; x_wconf 91' lang='lat' dir='ltr'>reddat</span> 
     </span>
    </p>
   </div>
   <div class='ocr_carea' id='block_1_90' title="bbox 1921 4452 3571 4528">
    <p class='ocr_par' dir='ltr' id='par_1_90' title="bbox 1921 4452 3571 4528">
     <span class='ocr_line' id='line_1_91' title="bbox 1921 4452 3571 4528; baseline 0.002 -19"><span class='ocrx_word' id='word_1_651' title='bbox 1921 4453 2239 4525; x_wconf 91' lang='lat' dir='ltr'>unicuique</span> <span class='ocrx_word' id='word_1_652' title='bbox 2278 4452 2611 4509; x_wconf 91' lang='lat' dir='ltr'>secundum</span> <span class='ocrx_word' id='word_1_653' title='bbox 2642 4468 2827 4525; x_wconf 91' lang='lat' dir='ltr'>opera</span> <span class='ocrx_word' id='word_1_654' title='bbox 2856 4470 3003 4508; x_wconf 88' lang='lat' dir='ltr'>sua:</span> <span class='ocrx_word' id='word_1_655' title='bbox 3040 4452 3299 4525; x_wconf 90' lang='lat' dir='ltr'>idipsum</span> <span class='ocrx_word' id='word_1_656' title='bbox 3332 4471 3571 4528; x_wconf 88' lang='lat' dir='ltr'>quoque</span> 
     </span>
    </p>
   </div>
   <div class='ocr_carea' id='block_1_91' title="bbox 222 4517 1801 4614">
    <p class='ocr_par' dir='ltr' id='par_1_91' title="bbox 222 4530 1801 4614">
     <span class='ocr_line' id='line_1_92' title="bbox 222 4530 1801 4614; baseline 0.008 -31"><span class='ocrx_word' id='word_1_657' title='bbox 222 4538 414 4601; x_wconf 62' lang='lat' dir='ltr'>arrisit,</span> <span class='ocrx_word' id='word_1_658' title='bbox 470 4530 736 4586; x_wconf 70' lang='grc' dir='ltr'>ἀποδώσει</span> <span class='ocrx_word' id='word_1_659' title='bbox 790 4531 849 4587; x_wconf 73' lang='grc' dir='ltr'>δε</span> <span class='ocrx_word' id='word_1_660' title='bbox 901 4534 1099 4607; x_wconf 80' lang='grc' dir='ltr'>ἑκάστῳ</span> <span class='ocrx_word' id='word_1_661' title='bbox 1151 4540 1284 4591; x_wconf 84' lang='grc' dir='ltr'>κατὰ</span> <span class='ocrx_word' id='word_1_662' title='bbox 1330 4542 1395 4591; x_wconf 81' lang='grc' dir='ltr'>τὰ</span> <span class='ocrx_word' id='word_1_663' title='bbox 1446 4542 1571 4614; x_wconf 76' lang='grc' dir='ltr'>ἔργα</span> <span class='ocrx_word' id='word_1_664' title='bbox 1624 4542 1801 4604; x_wconf 75' lang='grc' dir='ltr'>αὐτοῦ,</span> 
     </span>
    </p>
   </div>
   <div class='ocr_carea' id='block_1_92' title="bbox 1916 4517 3570 4614">
    <p class='ocr_par' dir='ltr' id='par_1_92' title="bbox 1922 4517 3570 4610">
     <span class='ocr_line' id='line_1_93' title="bbox 1922 4517 3570 4610; baseline 0.001 -11"><span class='ocrx_word' id='word_1_665' title='bbox 1922 4544 2117 4599; x_wconf 89' lang='lat' dir='ltr'>scietis</span> <span class='ocrx_word' id='word_1_666' title='bbox 2135 4517 2315 4599; x_wconf 79' lang='lat' dir='ltr'>etiam</span> <span class='ocrx_word' id='word_1_667' title='bbox 2334 4558 2460 4606; x_wconf 91' lang='lat' dir='ltr'>vos,</span> <span class='ocrx_word' id='word_1_668' title='bbox 2501 4540 2708 4596; x_wconf 90' lang='lat' dir='ltr'>divino</span> <span class='ocrx_word' id='word_1_669' title='bbox 2747 4543 3209 4610; x_wconf 81' lang='lat' dir='ltr'>regenerationis</span> <span class='ocrx_word' id='word_1_670' title='bbox 3234 4542 3459 4599; x_wconf 91' lang='lat' dir='ltr'>lumine</span> <span class='ocrx_word' id='word_1_671' title='bbox 3484 4545 3570 4600; x_wconf 83' lang='lat' dir='ltr'>di-</span> 
     </span>
    </p>
   </div>
   <div class='ocr_carea' id='block_1_93' title="bbox 224 4621 1807 4693">
    <p class='ocr_par' dir='ltr' id='par_1_93' title="bbox 224 4621 1807 4693">
     <span class='ocr_line' id='line_1_94' title="bbox 224 4621 1807 4693; baseline 0.007 -20"><span class='ocrx_word' id='word_1_672' title='bbox 224 4624 420 4675; x_wconf 77' lang='grc' dir='ltr'>Εἰσισθε</span> <span class='ocrx_word' id='word_1_673' title='bbox 471 4627 561 4674; x_wconf 85' lang='grc' dir='ltr'>καὶ</span> <span class='ocrx_word' id='word_1_674' title='bbox 612 4624 753 4693; x_wconf 74' lang='grc' dir='ltr'>ὑμεῖς</span> <span class='ocrx_word' id='word_1_675' title='bbox 810 4625 859 4675; x_wconf 80' lang='grc' dir='ltr'>οἱ</span> <span class='ocrx_word' id='word_1_676' title='bbox 916 4621 966 4677; x_wconf 86' lang='grc' dir='ltr'>δ’</span> <span class='ocrx_word' id='word_1_677' title='bbox 1023 4626 1104 4677; x_wconf 85' lang='grc' dir='ltr'>ὅτι</span> <span class='ocrx_word' id='word_1_678' title='bbox 1163 4625 1464 4691; x_wconf 84' lang='grc' dir='ltr'>ἀξιωθέντες</span> <span class='ocrx_word' id='word_1_679' title='bbox 1518 4638 1610 4682; x_wconf 81' lang='grc' dir='ltr'>τοῦ</span> <span class='ocrx_word' id='word_1_680' title='bbox 1669 4634 1807 4684; x_wconf 88' lang='grc' dir='ltr'>θείου</span> 
     </span>
    </p>
   </div>
   <div class='ocr_carea' id='block_1_94' title="bbox 221 4711 1808 4793">
    <p class='ocr_par' dir='ltr' id='par_1_94' title="bbox 221 4711 1808 4793">
     <span class='ocr_line' id='line_1_95' title="bbox 221 4711 1808 4793; baseline 0.008 -33"><span class='ocrx_word' id='word_1_681' title='bbox 221 4715 365 4781; x_wconf 53' lang='grc' dir='ltr'>φωτὸς</span> <span class='ocrx_word' id='word_1_682' title='bbox 427 4720 518 4771; x_wconf 86' lang='grc' dir='ltr'>τῆς</span> <span class='ocrx_word' id='word_1_683' title='bbox 576 4711 976 4783; x_wconf 73' lang='grc' dir='ltr'>ἀναγεννήσεως,</span> <span class='ocrx_word' id='word_1_684' title='bbox 1044 4720 1134 4768; x_wconf 81' lang='grc' dir='ltr'>καὶ</span> <span class='ocrx_word' id='word_1_685' title='bbox 1189 4718 1465 4792; x_wconf 88' lang='grc' dir='ltr'>καθαρίσει</span> <span class='ocrx_word' id='word_1_686' title='bbox 1519 4723 1620 4793; x_wconf 81' lang='grc' dir='ltr'>γὰρ</span> <span class='ocrx_word' id='word_1_687' title='bbox 1687 4722 1808 4793; x_wconf 84' lang='grc' dir='ltr'>ύμῖν</span> 
     </span>
    </p>
   </div>
   <div class='ocr_carea' id='block_1_95' title="bbox 221 4799 1809 4883">
    <p class='ocr_par' dir='ltr' id='par_1_95' title="bbox 221 4799 1809 4883">
     <span class='ocr_line' id='line_1_96' title="bbox 221 4799 1809 4883; baseline 0.008 -32"><span class='ocrx_word' id='word_1_688' title='bbox 221 4799 422 4871; x_wconf 73' lang='grc' dir='ltr'>εὐαγοῦς</span> <span class='ocrx_word' id='word_1_689' title='bbox 462 4803 657 4862; x_wconf 85' lang='grc' dir='ltr'>πάθους</span> <span class='ocrx_word' id='word_1_690' title='bbox 702 4805 895 4864; x_wconf 87' lang='grc' dir='ltr'>παντὸς</span> <span class='ocrx_word' id='word_1_691' title='bbox 934 4804 963 4861; x_wconf 78' lang='grc' dir='ltr'>ἡ</span> <span class='ocrx_word' id='word_1_692' title='bbox 1011 4800 1237 4873; x_wconf 85' lang='grc' dir='ltr'>διάνοια,</span> <span class='ocrx_word' id='word_1_693' title='bbox 1275 4812 1405 4883; x_wconf 85' lang='grc' dir='ltr'>πρὸς</span> <span class='ocrx_word' id='word_1_694' title='bbox 1442 4813 1596 4883; x_wconf 81' lang='grc' dir='ltr'>κόρον</span> <span class='ocrx_word' id='word_1_695' title='bbox 1644 4807 1721 4875; x_wconf 77' lang='grc' dir='ltr'>δε,</span> <span class='ocrx_word' id='word_1_696' title='bbox 1766 4812 1809 4863; x_wconf 84' lang='grc' dir='ltr'>εἰ</span> 
     </span>
    </p>
   </div>
   <div class='ocr_carea' id='block_1_96' title="bbox 218 4893 1808 4972">
    <p class='ocr_par' dir='ltr' id='par_1_96' title="bbox 218 4893 1808 4972">
     <span class='ocr_line' id='line_1_97' title="bbox 218 4893 1808 4972; baseline 0.008 -32"><span class='ocrx_word' id='word_1_697' title='bbox 218 4894 299 4941; x_wconf 78' lang='grc' dir='ltr'>καὶ</span> <span class='ocrx_word' id='word_1_698' title='bbox 340 4895 409 4961; x_wconf 79' lang='grc' dir='ltr'>μὴ</span> <span class='ocrx_word' id='word_1_699' title='bbox 455 4895 603 4962; x_wconf 90' lang='grc' dir='ltr'>κόρος</span> <span class='ocrx_word' id='word_1_700' title='bbox 648 4893 873 4965; x_wconf 81' lang='grc' dir='ltr'>ὥρισται</span> <span class='ocrx_word' id='word_1_701' title='bbox 919 4895 1142 4960; x_wconf 88' lang='grc' dir='ltr'>τούτοις,</span> <span class='ocrx_word' id='word_1_702' title='bbox 1190 4903 1289 4947; x_wconf 83' lang='grc' dir='ltr'>τῶν</span> <span class='ocrx_word' id='word_1_703' title='bbox 1328 4898 1450 4971; x_wconf 91' lang='grc' dir='ltr'>παρ’</span> <span class='ocrx_word' id='word_1_704' title='bbox 1496 4898 1655 4951; x_wconf 73' lang='grc' dir='ltr'>αὑτοῦ</span> <span class='ocrx_word' id='word_1_705' title='bbox 1702 4920 1808 4972; x_wconf 91' lang='grc' dir='ltr'>χα-</span> 
     </span>
    </p>
   </div>
   <div class='ocr_carea' id='block_1_97' title="bbox 1921 4628 3572 4705">
    <p class='ocr_par' dir='ltr' id='par_1_97' title="bbox 1921 4628 3572 4705">
     <span class='ocr_line' id='line_1_98' title="bbox 1921 4628 3572 4705; baseline 0.001 -16"><span class='ocrx_word' id='word_1_706' title='bbox 1921 4632 2105 4704; x_wconf 88' lang='lat' dir='ltr'>gnati;</span> <span class='ocrx_word' id='word_1_707' title='bbox 2121 4631 2475 4705; x_wconf 88' lang='lat' dir='ltr'>purgabitur</span> <span class='ocrx_word' id='word_1_708' title='bbox 2490 4628 2644 4686; x_wconf 89' lang='lat' dir='ltr'>enim</span> <span class='ocrx_word' id='word_1_709' title='bbox 2656 4645 2811 4686; x_wconf 88' lang='lat' dir='ltr'>mens</span> <span class='ocrx_word' id='word_1_710' title='bbox 2822 4634 3020 4686; x_wconf 90' lang='lat' dir='ltr'>vestra</span> <span class='ocrx_word' id='word_1_711' title='bbox 3033 4631 3111 4686; x_wconf 90' lang='lat' dir='ltr'>ab</span> <span class='ocrx_word' id='word_1_712' title='bbox 3124 4633 3276 4687; x_wconf 89' lang='lat' dir='ltr'>omni</span> <span class='ocrx_word' id='word_1_713' title='bbox 3293 4634 3572 4704; x_wconf 90' lang='lat' dir='ltr'>passione</span> 
     </span>
    </p>
   </div>
   <div class='ocr_carea' id='block_1_98' title="bbox 1920 4717 3573 4794">
    <p class='ocr_par' dir='ltr' id='par_1_98' title="bbox 1920 4717 3573 4794">
     <span class='ocr_line' id='line_1_99' title="bbox 1920 4717 3573 4794; baseline -0.001 -15"><span class='ocrx_word' id='word_1_714' title='bbox 1920 4722 2095 4794; x_wconf 87' lang='lat' dir='ltr'>turpi,</span> <span class='ocrx_word' id='word_1_715' title='bbox 2125 4721 2368 4793; x_wconf 88' lang='lat' dir='ltr'>ejusque</span> <span class='ocrx_word' id='word_1_716' title='bbox 2394 4719 2569 4775; x_wconf 88' lang='lat' dir='ltr'>donis</span> <span class='ocrx_word' id='word_1_717' title='bbox 2591 4717 2982 4790; x_wconf 89' lang='lat' dir='ltr'>implebimini</span> <span class='ocrx_word' id='word_1_718' title='bbox 3014 4718 3093 4774; x_wconf 91' lang='lat' dir='ltr'>ad</span> <span class='ocrx_word' id='word_1_719' title='bbox 3138 4721 3488 4791; x_wconf 88' lang='lat' dir='ltr'>satietatem,</span> <span class='ocrx_word' id='word_1_720' title='bbox 3522 4722 3573 4778; x_wconf 91' lang='lat' dir='ltr'>si</span> 
     </span>
    </p>
   </div>
   <div class='ocr_carea' id='block_1_99' title="bbox 1918 4808 3574 4884">
    <p class='ocr_par' dir='ltr' id='par_1_99' title="bbox 1918 4808 3574 4884">
     <span class='ocr_line' id='line_1_100' title="bbox 1918 4808 3574 4884; baseline -0.001 -15"><span class='ocrx_word' id='word_1_721' title='bbox 1918 4818 2118 4870; x_wconf 90' lang='lat' dir='ltr'>tamen</span> <span class='ocrx_word' id='word_1_722' title='bbox 2151 4826 2359 4867; x_wconf 89' lang='lat' dir='ltr'>eorum</span> <span class='ocrx_word' id='word_1_723' title='bbox 2386 4809 2623 4864; x_wconf 89' lang='lat' dir='ltr'>satietas</span> <span class='ocrx_word' id='word_1_724' title='bbox 2653 4822 2785 4863; x_wconf 91' lang='lat' dir='ltr'>esse</span> <span class='ocrx_word' id='word_1_725' title='bbox 2811 4808 3016 4880; x_wconf 90' lang='lat' dir='ltr'>possit,</span> <span class='ocrx_word' id='word_1_726' title='bbox 3044 4813 3101 4865; x_wconf 90' lang='lat' dir='ltr'>et</span> <span class='ocrx_word' id='word_1_727' title='bbox 3120 4811 3415 4868; x_wconf 87' lang='lat' dir='ltr'>bonorum</span> <span class='ocrx_word' id='word_1_728' title='bbox 3439 4827 3574 4884; x_wconf 91' lang='lat' dir='ltr'>pro-</span> 
     </span>
    </p>
   </div>
   <div class='ocr_carea' id='block_1_100' title="bbox 1923 4896 3065 4957">
    <p class='ocr_par' dir='ltr' id='par_1_100' title="bbox 1923 4896 3065 4957">
     <span class='ocr_line' id='line_1_101' title="bbox 1923 4896 3065 4957; baseline -0.004 0"><span class='ocrx_word' id='word_1_729' title='bbox 1923 4901 2245 4957; x_wconf 90' lang='lat' dir='ltr'>missorum</span> <span class='ocrx_word' id='word_1_730' title='bbox 2272 4897 2682 4954; x_wconf 73' lang='lat' dir='ltr'>hzereditatem</span> <span class='ocrx_word' id='word_1_731' title='bbox 2703 4896 3065 4953; x_wconf 90' lang='lat' dir='ltr'>obtinebitis.</span> 
     </span>
    </p>
   </div>
   <div class='ocr_carea' id='block_1_101' title="bbox 219 4980 2147 5067">
    <p class='ocr_par' dir='ltr' id='par_1_101' title="bbox 219 4980 2147 5067">
     <span class='ocr_line' id='line_1_102' title="bbox 219 4980 2147 5067; baseline 0.006 -37"><span class='ocrx_word' id='word_1_732' title='bbox 219 4985 358 5050; x_wconf 82' lang='grc' dir='ltr'>ρίτων</span> <span class='ocrx_word' id='word_1_733' title='bbox 387 4981 780 5048; x_wconf 85' lang='grc' dir='ltr'>πλησθήσεσθε,</span> <span class='ocrx_word' id='word_1_734' title='bbox 812 4986 901 5033; x_wconf 83' lang='grc' dir='ltr'>καὶ</span> <span class='ocrx_word' id='word_1_735' title='bbox 933 4980 1140 5053; x_wconf 80' lang='grc' dir='ltr'>ἀγαθῶν</span> <span class='ocrx_word' id='word_1_736' title='bbox 1165 4993 1264 5036; x_wconf 84' lang='grc' dir='ltr'>τῶν</span> <span class='ocrx_word' id='word_1_737' title='bbox 1296 4988 1684 5061; x_wconf 77' lang='grc' dir='ltr'>ἐπηγγελμένων</span> <span class='ocrx_word' id='word_1_738' title='bbox 1712 4991 2147 5067; x_wconf 85' lang='grc' dir='ltr'>κληρονομήσετε.</span> 
     </span>
    </p>
   </div>
   <div class='ocr_carea' id='block_1_102' title="bbox 280 5104 1811 5182">
    <p class='ocr_par' dir='ltr' id='par_1_102' title="bbox 280 5104 1811 5182">
     <span class='ocr_line' id='line_1_103' title="bbox 280 5104 1811 5182; baseline 0.008 -24"><span class='ocrx_word' id='word_1_739' title='bbox 280 5104 352 5175; x_wconf 88' lang='grc'>(3)</span> <span class='ocrx_word' id='word_1_740' title='bbox 380 5104 537 5182; x_wconf 80' lang='lat' dir='ltr'>Idem</span> <span class='ocrx_word' id='word_1_741' title='bbox 557 5104 794 5182; x_wconf 77' lang='lat' dir='ltr'>Nicet_as</span> <span class='ocrx_word' id='word_1_742' title='bbox 817 5120 885 5182; x_wconf 84' lang='lat'>:_«</span> <span class='ocrx_word' id='word_1_743' title='bbox 910 5107 1251 5182; x_wconf 79' lang='lat' dir='ltr'>Sacerdotes</span> <span class='ocrx_word' id='word_1_744' title='bbox 1274 5114 1333 5163; x_wconf 86' lang='lat' dir='ltr'>et</span> <span class='ocrx_word' id='word_1_745' title='bbox 1356 5112 1644 5182; x_wconf 67' lang='lat' dir='ltr'>praesules</span> <span class='ocrx_word' id='word_1_746' title='bbox 1668 5114 1811 5171; x_wconf 86' lang='lat' dir='ltr'>ﬁde-</span> 
     </span>
    </p>
   </div>
   <div class='ocr_carea' id='block_1_103' title="bbox 222 5171 1812 5253">
    <p class='ocr_par' dir='ltr' id='par_1_103' title="bbox 222 5171 1812 5253">
     <span class='ocr_line' id='line_1_104' title="bbox 222 5171 1812 5253; baseline 0.009 -25"><span class='ocrx_word' id='word_1_747' title='bbox 222 5171 361 5230; x_wconf 79' lang='lat' dir='ltr'>libus</span> <span class='ocrx_word' id='word_1_748' title='bbox 377 5176 659 5247; x_wconf 56' lang='lat' dir='ltr'>praefecit,</span> <span class='ocrx_word' id='word_1_749' title='bbox 677 5175 886 5231; x_wconf 85' lang='lat' dir='ltr'>altaria</span> <span class='ocrx_word' id='word_1_750' title='bbox 900 5192 1004 5248; x_wconf 92' lang='lat' dir='ltr'>per</span> <span class='ocrx_word' id='word_1_751' title='bbox 1017 5177 1152 5234; x_wconf 88' lang='lat' dir='ltr'>loca</span> <span class='ocrx_word' id='word_1_752' title='bbox 1169 5171 1420 5237; x_wconf 77' lang='lat' dir='ltr'>Domino</span> <span class='ocrx_word' id='word_1_753' title='bbox 1440 5185 1716 5253; x_wconf 66' lang='lat' dir='ltr'>praeﬁxit,</span> <span class='ocrx_word' id='word_1_754' title='bbox 1742 5203 1812 5243; x_wconf 91' lang='lat' dir='ltr'>ac</span> 
     </span>
    </p>
   </div>
   <div class='ocr_carea' id='block_1_104' title="bbox 221 5254 1814 5374">
    <p class='ocr_par' dir='ltr' id='par_1_104' title="bbox 221 5254 1814 5374">
     <span class='ocr_line' id='line_1_105' title="bbox 221 5254 1814 5374; baseline 0.009 -74"><span class='ocrx_word' id='word_1_755' title='bbox 221 5259 436 5374; x_wconf 49' lang='lat' dir='ltr'>uagam</span> <span class='ocrx_word' id='word_1_756' title='bbox 474 5254 822 5303; x_wconf 87' lang='lat' dir='ltr'>sanctorum</span> <span class='ocrx_word' id='word_1_757' title='bbox 862 5256 1374 5307; x_wconf 88' lang='lat' dir='ltr'>sacramentorum</span> <span class='ocrx_word' id='word_1_758' title='bbox 1421 5255 1662 5312; x_wconf 89' lang='lat' dir='ltr'>tradidit</span> <span class='ocrx_word' id='word_1_759' title='bbox 1699 5258 1814 5314; x_wconf 87' lang='lat' dir='ltr'>for-</span> 
     </span>
     <span class='ocr_line' id='line_1_106' title="bbox 223 5330 509 5374; baseline -0.003 -2"><span class='ocrx_word' id='word_1_760' title='bbox 223 5330 275 5372; x_wconf 83' lang='lat' dir='ltr'><strong>m</strong></span> <span class='ocrx_word' id='word_1_761' title='bbox 335 5334 452 5374; x_wconf 88' lang='lat' dir='ltr'>am.</span> <span class='ocrx_word' id='word_1_762' title='bbox 484 5341 509 5371; x_wconf 73' lang='grc' dir='ltr'><strong><em>ι</em></strong></span> 
     </span>
    </p>
   </div>
   <div class='ocr_carea' id='block_1_105' title="bbox 223 5330 509 5375">
    <p class='ocr_par' dir='ltr' id='par_1_105' title="bbox 223 5330 509 5375">
     <span class='ocr_line' id='line_1_107' title="bbox 223 5330 509 5375; baseline -0.003 -3"><span class='ocrx_word' id='word_1_763' title='bbox 223 5330 452 5375; x_wconf 82' lang='lat' dir='ltr'>mmam.</span> <span class='ocrx_word' id='word_1_764' title='bbox 484 5341 509 5371; x_wconf 73' lang='grc' dir='ltr'><strong><em>ι</em></strong></span> 
     </span>
    </p>
   </div>
   <div class='ocr_carea' id='block_1_106' title="bbox 286 5389 1811 5470">
    <p class='ocr_par' dir='ltr' id='par_1_106' title="bbox 286 5389 1811 5470">
     <span class='ocr_line' id='line_1_108' title="bbox 286 5389 1811 5470; baseline 0.008 -25"><span class='ocrx_word' id='word_1_765' title='bbox 286 5390 359 5470; x_wconf 58' lang='grc' dir='ltr'>(εξ)</span> <span class='ocrx_word' id='word_1_766' title='bbox 381 5392 517 5470; x_wconf 74' lang='lat' dir='ltr'>Cum</span> <span class='ocrx_word' id='word_1_767' title='bbox 540 5406 651 5470; x_wconf 76' lang='lat' dir='ltr'>per</span> <span class='ocrx_word' id='word_1_768' title='bbox 665 5389 878 5470; x_wconf 74' lang='lat' dir='ltr'>viginti</span> <span class='ocrx_word' id='word_1_769' title='bbox 904 5407 1095 5470; x_wconf 86' lang='lat' dir='ltr'>annos</span> <span class='ocrx_word' id='word_1_770' title='bbox 1112 5392 1173 5449; x_wconf 91' lang='lat' dir='ltr'>in</span> <span class='ocrx_word' id='word_1_771' title='bbox 1199 5395 1439 5467; x_wconf 87' lang='lat' dir='ltr'>Scythia</span> <span class='ocrx_word' id='word_1_772' title='bbox 1458 5395 1811 5470; x_wconf 87' lang='lat' dir='ltr'>laborasset,</span> 
     </span>
    </p>
   </div>
   <div class='ocr_carea' id='block_1_107' title="bbox 229 5462 958 5519">
    <p class='ocr_par' dir='ltr' id='par_1_107' title="bbox 229 5462 958 5519">
     <span class='ocr_line' id='line_1_109' title="bbox 229 5462 958 5519; baseline 0.008 -6"><span class='ocrx_word' id='word_1_773' title='bbox 229 5462 283 5514; x_wconf 86' lang='lat' dir='ltr'>ut</span> <span class='ocrx_word' id='word_1_774' title='bbox 306 5467 439 5518; x_wconf 84' lang='lat' dir='ltr'>Acta</span> <span class='ocrx_word' id='word_1_775' title='bbox 468 5462 679 5519; x_wconf 86' lang='lat' dir='ltr'>Latina</span> <span class='ocrx_word' id='word_1_776' title='bbox 706 5462 958 5519; x_wconf 89' lang='lat' dir='ltr'>habent.</span> 
     </span>
    </p>
   </div>
   <div class='ocr_carea' id='block_1_108' title="bbox 290 5528 1811 5614">
    <p class='ocr_par' dir='ltr' id='par_1_108' title="bbox 290 5528 1811 5614">
     <span class='ocr_line' id='line_1_110' title="bbox 290 5528 1811 5614; baseline 0.01 -30"><span class='ocrx_word' id='word_1_777' title='bbox 290 5531 360 5603; x_wconf 81' lang='lat'>(5)</span> <span class='ocrx_word' id='word_1_778' title='bbox 399 5533 554 5590; x_wconf 86' lang='lat' dir='ltr'>Idem</span> <span class='ocrx_word' id='word_1_779' title='bbox 594 5533 870 5590; x_wconf 66' lang='lat' dir='ltr'>Hicetas:</span> <span class='ocrx_word' id='word_1_780' title='bbox 918 5554 941 5583; x_wconf 78' lang='grc' dir='ltr'>ι</span> <span class='ocrx_word' id='word_1_781' title='bbox 986 5534 1310 5609; x_wconf 85' lang='lat' dir='ltr'>Hierapolis</span> <span class='ocrx_word' id='word_1_782' title='bbox 1349 5530 1493 5596; x_wconf 86' lang='lat' dir='ltr'>urbs</span> <span class='ocrx_word' id='word_1_783' title='bbox 1542 5528 1811 5614; x_wconf 63' lang='lat' dir='ltr'>Phrygiis</span> 
     </span>
    </p>
   </div>
   <div class='ocr_carea' id='block_1_109' title="bbox 291 5656 1762 5732">
    <p class='ocr_par' dir='ltr' id='par_1_109' title="bbox 291 5656 1762 5732">
     <span class='ocr_line' id='line_1_111' title="bbox 291 5656 1762 5732; baseline 0.004 -16"><span class='ocrx_word' id='word_1_784' title='bbox 291 5656 367 5728; x_wconf 80' lang='grc' dir='ltr'>(ἀ)</span> <span class='ocrx_word' id='word_1_785' title='bbox 396 5658 769 5732; x_wconf 75' lang='grc' dir='ltr'>Ἐμπηστικός,</span> <span class='ocrx_word' id='word_1_786' title='bbox 799 5659 1073 5730; x_wconf 78' lang='lat' dir='ltr'>pestifer,</span> <span class='ocrx_word' id='word_1_787' title='bbox 1106 5676 1143 5719; x_wconf 89' lang='lat' dir='ltr'>a</span> <span class='ocrx_word' id='word_1_788' title='bbox 1168 5659 1355 5721; x_wconf 87' lang='lat' dir='ltr'>latina</span> <span class='ocrx_word' id='word_1_789' title='bbox 1384 5678 1531 5720; x_wconf 91' lang='lat' dir='ltr'>voce</span> <span class='ocrx_word' id='word_1_790' title='bbox 1559 5664 1762 5722; x_wconf 80' lang='lat' dir='ltr'>Pestis.</span> 
     </span>
    </p>
   </div>
   <div class='ocr_carea' id='block_1_110' title="bbox 1924 5110 3574 5193">
    <p class='ocr_par' dir='ltr' id='par_1_110' title="bbox 1924 5110 3574 5193">
     <span class='ocr_line' id='line_1_112' title="bbox 1924 5110 3574 5193; baseline -0.001 -22"><span class='ocrx_word' id='word_1_791' title='bbox 1924 5130 2145 5193; x_wconf 80' lang='lat' dir='ltr'>magna</span> <span class='ocrx_word' id='word_1_792' title='bbox 2163 5119 2339 5186; x_wconf 90' lang='lat' dir='ltr'>atque</span> <span class='ocrx_word' id='word_1_793' title='bbox 2358 5111 2619 5193; x_wconf 72' lang='lat' dir='ltr'>illustris,</span> <span class='ocrx_word' id='word_1_794' title='bbox 2640 5126 2825 5193; x_wconf 85' lang='lat' dir='ltr'>opum</span> <span class='ocrx_word' id='word_1_795' title='bbox 2849 5110 3133 5193; x_wconf 77' lang='lat' dir='ltr'>abundan</span> <span class='ocrx_word' id='word_1_796' title='bbox 3143 5110 3239 5175; x_wconf 90' lang='lat' dir='ltr'>tia,</span> <span class='ocrx_word' id='word_1_797' title='bbox 3257 5110 3574 5193; x_wconf 69' lang='lat' dir='ltr'>gloriaeque</span> 
     </span>
    </p>
   </div>
   <div class='ocr_carea' id='block_1_111' title="bbox 1920 5182 3575 5256">
    <p class='ocr_par' dir='ltr' id='par_1_111' title="bbox 1920 5182 3575 5256">
     <span class='ocr_line' id='line_1_113' title="bbox 1920 5182 3575 5256; baseline -0.002 -13"><span class='ocrx_word' id='word_1_798' title='bbox 1920 5182 2156 5256; x_wconf 77' lang='lat' dir='ltr'>fastigio</span> <span class='ocrx_word' id='word_1_799' title='bbox 2208 5182 2490 5256; x_wconf 79' lang='lat' dir='ltr'>superba,</span> <span class='ocrx_word' id='word_1_800' title='bbox 2546 5182 2765 5239; x_wconf 84' lang='lat' dir='ltr'>civium</span> <span class='ocrx_word' id='word_1_801' title='bbox 2805 5182 3139 5256; x_wconf 70' lang='lat' dir='ltr'>roboreac</span> <span class='ocrx_word' id='word_1_802' title='bbox 3197 5182 3575 5240; x_wconf 83' lang='lat' dir='ltr'>multitudine</span> 
     </span>
    </p>
   </div>
   <div class='ocr_carea' id='block_1_112' title="bbox 1921 5251 3579 5328">
    <p class='ocr_par' dir='ltr' id='par_1_112' title="bbox 1921 5251 3579 5328">
     <span class='ocr_line' id='line_1_114' title="bbox 1921 5251 3579 5328; baseline -0.001 -13"><span class='ocrx_word' id='word_1_803' title='bbox 1921 5251 2246 5315; x_wconf 59' lang='lat' dir='ltr'>nulli&#39;forte</span> <span class='ocrx_word' id='word_1_804' title='bbox 2272 5251 2413 5311; x_wconf 78' lang='lat' dir='ltr'>tunc</span> <span class='ocrx_word' id='word_1_805' title='bbox 2440 5270 2798 5325; x_wconf 88' lang='lat' dir='ltr'>magnarum</span> <span class='ocrx_word' id='word_1_806' title='bbox 2824 5269 2930 5326; x_wconf 90' lang='lat' dir='ltr'>per</span> <span class='ocrx_word' id='word_1_807' title='bbox 2959 5251 3256 5310; x_wconf 91' lang='lat' dir='ltr'>Orientem</span> <span class='ocrx_word' id='word_1_808' title='bbox 3278 5260 3579 5328; x_wconf 89' lang='lat' dir='ltr'>metropo-</span> 
     </span>
    </p>
   </div>
   <div class='ocr_carea' id='block_1_113' title="bbox 1919 5328 2724 5401">
    <p class='ocr_par' dir='ltr' id='par_1_113' title="bbox 1919 5328 2724 5401">
     <span class='ocr_line' id='line_1_115' title="bbox 1919 5328 2724 5401; baseline -0.012 -15"><span class='ocrx_word' id='word_1_809' title='bbox 1919 5330 2056 5387; x_wconf 92' lang='lat' dir='ltr'>leon</span> <span class='ocrx_word' id='word_1_810' title='bbox 2086 5329 2309 5401; x_wconf 89' lang='lat' dir='ltr'>primas</span> <span class='ocrx_word' id='word_1_811' title='bbox 2332 5328 2724 5401; x_wconf 79' lang='lat' dir='ltr'>concedens.»</span> 
     </span>
    </p>
   </div>
   <div class='ocr_carea' id='block_1_114' title="bbox 1995 5395 3578 5472">
    <p class='ocr_par' dir='ltr' id='par_1_114' title="bbox 1995 5395 3578 5472">
     <span class='ocr_line' id='line_1_116' title="bbox 1995 5395 3578 5472; baseline -0.001 -16"><span class='ocrx_word' id='word_1_812' title='bbox 1995 5395 2322 5472; x_wconf 66' lang='lat' dir='ltr'>(6)&#39;lterum</span> <span class='ocrx_word' id='word_1_813' title='bbox 2353 5398 2584 5472; x_wconf 83' lang='lat' dir='ltr'>Nicetas</span> <span class='ocrx_word' id='word_1_814' title='bbox 2614 5397 2713 5472; x_wconf 82' lang='lat' dir='ltr'>ait,</span> <span class='ocrx_word' id='word_1_815' title='bbox 2760 5418 2788 5447; x_wconf 81' lang='grc'>‹‹</span> <span class='ocrx_word' id='word_1_816' title='bbox 2821 5395 3177 5468; x_wconf 88' lang='lat' dir='ltr'>Hierapolim</span> <span class='ocrx_word' id='word_1_817' title='bbox 3218 5402 3578 5472; x_wconf 67' lang='lat' dir='ltr'>portentosas</span> 
     </span>
    </p>
   </div>
   <div class='ocr_carea' id='block_1_115' title="bbox 1945 5469 3580 5551">
    <p class='ocr_par' dir='ltr' id='par_1_115' title="bbox 1945 5469 3580 5551">
     <span class='ocr_line' id='line_1_117' title="bbox 1945 5469 3580 5551; baseline 0.001 -25"><span class='ocrx_word' id='word_1_818' title='bbox 1945 5469 2186 5551; x_wconf 86' lang='lat' dir='ltr'>cuidam</span> <span class='ocrx_word' id='word_1_819' title='bbox 2232 5470 2615 5551; x_wconf 58' lang='lat' dir='ltr'>infandaque</span> <span class='ocrx_word' id='word_1_820' title='bbox 2644 5469 2862 5551; x_wconf 66' lang='lat' dir='ltr'>viperas</span> <span class='ocrx_word' id='word_1_821' title='bbox 2901 5470 3362 5551; x_wconf 57' lang='lat' dir='ltr'>tamquampep</span> <span class='ocrx_word' id='word_1_822' title='bbox 3405 5470 3580 5527; x_wconf 85' lang='lat' dir='ltr'>addi-</span> 
     </span>
    </p>
   </div>
   <div class='ocr_carea' id='block_1_116' title="bbox 1924 5539 3577 5615">
    <p class='ocr_par' dir='ltr' id='par_1_116' title="bbox 1924 5539 3577 5615">
     <span class='ocr_line' id='line_1_118' title="bbox 1924 5539 3577 5615; baseline -0.001 -17"><span class='ocrx_word' id='word_1_823' title='bbox 1924 5549 2078 5600; x_wconf 90' lang='lat' dir='ltr'>ctam</span> <span class='ocrx_word' id='word_1_824' title='bbox 2088 5586 2102 5611; x_wconf 93' lang='lat'>,</span> <span class='ocrx_word' id='word_1_825' title='bbox 2118 5558 2368 5615; x_wconf 88' lang='lat' dir='ltr'>eamque</span> <span class='ocrx_word' id='word_1_826' title='bbox 2381 5539 2581 5599; x_wconf 81' lang='lat' dir='ltr'>hostiis</span> <span class='ocrx_word' id='word_1_827' title='bbox 2593 5554 2716 5597; x_wconf 90' lang='lat' dir='ltr'>non</span> <span class='ocrx_word' id='word_1_828' title='bbox 2728 5539 2954 5613; x_wconf 90' lang='lat' dir='ltr'>absque</span> <span class='ocrx_word' id='word_1_829' title='bbox 2966 5539 3269 5597; x_wconf 89' lang='lat' dir='ltr'>dementia</span> <span class='ocrx_word' id='word_1_830' title='bbox 3282 5540 3577 5613; x_wconf 83' lang='lat' dir='ltr'>placare.»</span> 
     </span>
    </p>
   </div>
  </div>
