4084 6216
523 301 626 354 195

596 425 662 479 Χ.
693 423 823 478 Haec
841 427 897 477 et
923 420 1013 475 his
1029 419 1203 490 plura
1221 417 1499 474 divinitus
1519 418 1820 489 apostolus
1845 417 2177 473 disserebat

523 513 760 585 publice
788 527 856 564 ac
887 509 1183 581 privatim.
1216 508 1269 563 Si
1295 523 1448 579 quos
1480 524 1619 563 vero
1648 523 1768 578 praa
1813 508 2039 563 caeteris
2087 507 2174 561 vi-

523 601 704 656 debat
734 600 1031 669 suscipere
1053 597 1298 652 verbum
1325 597 1483 661 fidei,
1509 613 1610 651 eos
1633 596 1993 652 admovebat
2012 610 2172 663 rege-

522 687 842 745 nerationis
893 686 1104 742 lumini
1161 687 1258 757 (7),
1313 693 1367 740 et
1417 687 1474 740 in
1528 685 1800 740 ordinem
1849 685 2171 756 recipiebat

520 777 948 832 sacerdotalem
981 776 1354 846 faciebatque
1385 775 1650 830 animata
1681 774 1894 831 Christi
1927 773 2168 844 templa.

518 868 602 922 Ita
627 866 865 921 feliciter
885 865 1364 937 progredientem
1389 866 1696 920 veritatem
1743 863 2019 919 inimicus
2039 863 2169 933 ejus

517 957 748 1024 videns,
778 955 1056 1010 cohibere
1088 971 1148 1008 se
1179 969 1296 1009 non
1320 955 1510 1026 potuit
1531 955 1674 1026 quin
1707 955 1758 1008 ei
1789 952 2170 1008 insidiaretur

517 1051 695 1116 atque
717 1043 1142 1099 oﬂ'endiculum
1175 1043 1472 1114 objiceret.
1498 1043 1589 1097 Eis
1610 1044 1812 1115 itaque
1836 1043 1935 1114 qui
1955 1040 2166 1096 tuncin

516 1134 747 1189 civitate
780 1134 1004 1204 primas
1032 1133 1315 1186 tenebant
1343 1148 1470 1187 sese
1497 1132 1828 1195 insinuans,
1881 1132 2165 1200 ipsorum-

514 1240 632 1295 que
649 1223 1118 1292 indignationem
1135 1220 1294 1276 velut
1310 1223 1504 1291 ignem
1527 1221 1883 1287 accendens,
1904 1219 2164 1291 primum

512 1312 938 1384 comprehendi
969 1312 1046 1367 ab
1068 1311 1148 1365 eis
1183 1311 1514 1382 Philippum
1549 1310 1702 1375 fecit,
1726 1308 2163 1364 multitudinem

511 1402 571 1457 in
605 1418 741 1456 eum
770 1400 964 1456 subito
995 1416 1396 1460 commovens.
1429 1405 1554 1455 tum
1588 1399 1638 1454 ei
1659 1398 1952 1470 quidquid
1976 1398 2166 1468 potuit

512 1491 828 1546 molestum
862 1496 1040 1562 atque
1064 1489 1296 1544 exitiale
1323 1489 1540 1546 intulit.
1568 1492 1715 1544 Nam
1733 1489 1835 1558 qui
1853 1503 1988 1542 eum
2004 1503 2159 1541 com-

512 1580 950 1652 prehenderant
977 1580 1123 1634 duro
1155 1578 1520 1632 incluserunt
1545 1577 1787 1641 carceri,
1840 1576 2162 1646 duriusque

511 1670 852 1724 ceciderunt
872 1684 939 1723 ac
962 1667 1333 1738 ﬂagellaruut
1353 1683 1367 1731 ;
1390 1666 1607 1722 deinde
1633 1665 1876 1721 funibus
1894 1665 2161 1736 pertalos

511 1757 768 1829 trajectis
799 1758 877 1828 (8)
919 1757 1355 1828 suspenderunt
1393 1757 1452 1810 in
1479 1755 1688 1812 altum.

585 2027 670 2080 Xl.
705 2028 770 2081 Et
797 2025 908 2081 hoc
947 2024 1194 2098 quidem
1242 2024 1579 2097 signiﬁcare
1639 2028 1875 2096 poterat
1937 2028 2158 2080 statum

510 2114 718 2180 animi,
747 2120 968 2170 rectam
1001 2114 1078 2169 ad
1111 2129 1368 2185 superna
1387 2114 1541 2168 viam
1573 2115 1824 2168 tenentis
1857 2129 1869 2168 :
1925 2129 2044 2168 non
2079 2113 2160 2168 ita

507 2210 706 2260 tamen
739 2220 878 2258 eum
910 2204 1133 2258 dimisit
1162 2204 1450 2258 Dominus
1485 2222 1496 2268 ;
1528 2201 1635 2258 sed
1681 2203 1969 2274 quoniam
2021 2208 2159 2258 tunc

509 2292 798 2364 temporis
832 2292 1070 2347 divinus
1102 2292 1410 2362 apostolus
1454 2291 1925 2346 Bartholomaeus
1977 2293 2157 2346 etiam

509 2381 806 2452 Hierapoli
833 2385 977 2440 erat.
1013 2396 1134 2434 una
1163 2396 1300 2434 cum
1329 2379 1456 2450 ipso
1490 2379 1876 2448 Evangelium
1927 2395 2158 2434 annun-

505 2471 680 2534 tians,
703 2469 998 2541 passionis
1015 2484 1150 2522 eum
1171 2473 1498 2523 consortem
1519 2484 1653 2523 esse
1674 2468 1856 2524 voluit
1877 2473 1940 2522 ut
1971 2468 2160 2524 fuerat

504 2558 971 2630 praedicationis.
995 2556 1094 2612 Illo
1113 2572 1274 2625 ergo,
1293 2557 1647 2621 utdiximus,
1670 2573 1965 2628 suspenso
1983 2573 2012 2612 e
2025 2557 2158 2612 talis

504 2649 662 2703 cruci
714 2646 1006 2702 addicitur
1064 2646 1526 2702 Bartholomceus
1590 2646 1690 2718 (9).
1741 2647 1923 2702 Soror
1976 2647 2156 2702 etiam

505 2738 830 2794 Mariamne
860 2737 997 2808 (10),
1029 2752 1277 2806 corpore
1304 2743 1355 2791 et
1375 2736 1578 2792 animo
1608 2736 1796 2805 virgo,
1822 2752 2015 2810 neque
2035 2753 2158 2792 ma-

503 2827 593 2897 gis
615 2832 832 2882 natura
862 2826 1028 2881 fratri
1059 2825 1380 2896 conjuncta
1422 2841 1604 2898 quam
1670 2825 1895 2894 animo,
1952 2825 2158 2881 aderat

502 2916 747 2987 patienti
778 2915 1066 2986 Philippo,
1100 2931 1238 2970 cum
1264 2930 1502 2986 quoque
1523 2914 1860 2985 patiebatur
1885 2931 1952 2969 ac
1981 2914 2156 2969 susti-

500 3004 678 3059 nebat
708 3003 1055 3057 cruciatum.
1090 3003 1241 3056 Dum
1268 3008 1464 3057 autem
1495 3003 1622 3056 haec
1650 3004 1874 3065 ﬁerent,
1908 3003 2154 3072 contigit

499 3107 594 3147 res
624 3091 872 3145 omnino
904 3106 1064 3144 nova
1085 3107 1096 3143 :
1118 3106 1410 3145 concussa
1427 3091 1752 3146 enimterra
1768 3096 2150 3145 ettremorem
2182 3123 2221 3179 ρ

500 3179 803 3235 insolitum
829 3179 1106 3249 patiente,
1127 3185 1477 3234 cunctorum
1501 3178 1717 3233 animis
1747 3178 2016 3234 incubuit
2038 3179 2151 3234 for-

500 3268 674 3336 mido,
687 3268 791 3339 qui
804 3266 1212 3322 oblectationis
1228 3283 1410 3322 causa
1427 3266 1504 3322 ad
1518 3267 1924 3338 spectaculum
1940 3283 2150 3324 conve-

497 3362 728 3414 nerant.
759 3357 1125 3414 Subvertitur
1150 3357 1418 3411 funditus
1435 3356 1600 3411 locus
1639 3355 1855 3424 omnis,
1889 3363 2066 3428 atque
2088 3357 2147 3413 in

495 3446 862 3520 profundum
903 3446 963 3501 in
997 3447 1384 3517 conspicuum
1421 3445 1707 3500 dehiscit:
1744 3445 1915 3500 simul
1948 3451 2147 3502 autem

496 3535 937 3593 absorbebatur
959 3535 1238 3608 populus,
1273 3539 1518 3606 eratque
1547 3535 1606 3590 in
1645 3534 1906 3607 periculo
1946 3536 2148 3592 miser-

495 3626 661 3682 rimre
688 3624 1058 3697 perditionis.

569 3904 685 3959 ΧΠ.
718 3905 865 3959 Cum
918 3902 1096 3972 igitur
1154 3916 1364 3958 omnes
1405 3900 1905 3972 obstupescerent,
1949 3917 2144 3975 neque

496 3992 809 4050 consilium
830 3991 1016 4047 ullum
1036 3991 1172 4046 utile
1184 3989 1524 4061 expedirent
1541 4007 1554 4057 ;
1569 3990 1833 4054 tandem,
1845 3991 1978 4046 licet
1990 4008 2140 4056 sero,

496 4086 871 4151 agnoverunt
892 4080 1220 4135 vindictam
1234 4095 1296 4134 se
1317 4079 1602 4134 sustinere
1620 4079 1898 4150 supplicii
1919 4084 1978 4136 et
1992 4080 2145 4151 inju-

494 4170 594 4226 riae
627 4168 896 4240 Philippo
926 4168 1125 4238 illatae,
1174 4183 1429 4239 eumque
1478 4167 1928 4224 circumstantes
1967 4186 2141 4226 suum

495 4257 883 4330 appellabant
900 4257 1280 4322 salvatorem,
1301 4262 1479 4328 atque
1505 4256 1802 4326 rogabant
1833 4256 2144 4316 dexteram

496 4347 580 4402 eis
597 4363 768 4402 suam
792 4347 1136 4418 porrigeret,
1159 4361 1354 4418 neque
1373 4345 1703 4417 despiceret
1720 4345 1944 4402 animas
1960 4347 2144 4418 ipsius

495 4435 677 4492 solius
709 4452 889 4492 causa
919 4435 1343 4508 periclitantes.
1385 4438 1666 4491 Narratur
1731 4439 1932 4491 autem
1985 4438 2144 4508 quod

495 4539 630 4580 cum
654 4525 736 4582 ita
757 4526 1101 4581 insisterent
1117 4525 1415 4598 precibus,
1437 4523 1743 4596 multaque
1775 4525 2143 4583 miserationi

495 4616 949 4672 commovendaa
994 4615 1213 4672 idonea
1237 4615 1519 4681 dicerent,
1542 4628 1737 4685 neque
1795 4614 1872 4670 ab
1911 4616 2142 4674 orando

495 4709 818 4772 cessarent,
876 4704 1155 4760 misertus
1225 4720 1430 4760 eorum
1481 4718 1612 4775 quae
1658 4702 1886 4759 fiebant
1948 4707 2136 4773 Iesus,

567 4810 646 4882 (7)
677 4812 742 4868 In
773 4811 1014 4867 Menaeis
1039 4811 1255 4867 Graecis
1285 4810 1534 4882 dicitur:
1565 4831 1586 4860 ι
1629 4811 1930 4882 Conversa
1974 4812 2144 4869 Nica-

494 4881 657 4954 noris
679 4883 1046 4954 proconsulis
1068 4899 1236 4949 uxor,
1257 4887 1316 4938 et
1335 4881 1588 4954 Stachys
1607 4881 1824 4937 domus
1841 4899 1876 4938 a
1893 4900 2141 4954 procon-

497 4953 622 5008 sule
636 4953 694 5008 et
705 4954 930 5026 populo
947 4956 1191 5009 incensa
1215 4957 1332 5008 n.ln
1349 4953 1486 5008 Aliis
1499 4953 1712 5026 Graecis
1729 4956 1880 5010 MSS.
1896 4953 2137 5012 dicitur:

567 5025 851 5098 «Stachys
889 5026 1057 5081 valde
1115 5026 1275 5080 dives
1303 5031 1359 5080 et
1425 5025 1586 5080 urbis
1644 5026 1984 5098 primarius,
2042 5026 2140 5098 qui

497 5095 688 5153 fuerat
717 5095 889 5152 annis
919 5101 1206 5164 40caecus,
1239 5102 1297 5153 et
1321 5113 1356 5153 a
1380 5103 1587 5153 sancto
1619 5095 1888 5169 Philippo
1930 5095 2143 5154 illumi-

496 5174 695 5225 natus.
729 5172 873 5223 »An
927 5168 1084 5241 idem
1153 5169 1403 5241 Stachys
1456 5169 1647 5224 factus
1704 5168 1872 5224 fuerit
1935 5177 2144 5241 postea

495 5241 812 5312 episcopus
837 5240 1214 5312 Byzantinus,
1245 5240 1539 5297 utMenaea
1568 5241 1820 5304 addunt.
1843 5240 2143 5298 examina-

494 5310 652 5384 bitur
679 5310 757 5367 ad
788 5313 847 5366 3t
885 5310 1178 5376 Octobris,
1197 5329 1318 5384 quo
1343 5311 1574 5369 colitur.

567 5383 648 5454 (8)
713 5385 934 5441 Citatus
997 5383 1233 5441 Nicetas’
1279 5400 1292 5443 :
1366 5403 1398 5438 ‹
1438 5383 1730 5441 Funiculis
1773 5399 1805 5440 e
1852 5384 2145 5441 calcaneis

1934 292 2188 350 MENSIS
2229 292 2469 349 MAIUS.

3779 300 3887 356 196

2205 419 2250 470 Α
2361 417 2412 470 Ι’.
2454 425 2632 472 Ταῦτα
2661 425 2748 473 καὶ
2790 420 2946 474 πλείω
2985 424 3177 474 τούτων
3211 419 3324 493 ἰδίᾳ
3366 428 3452 475 καὶ
3485 432 3628 498 κοινῇ
3664 434 3884 500 συνειρῶ

2286 506 2311 557 6
2345 508 2472 568 θεῖος
2518 507 2832 570 ἀπόστολος·
2861 510 2947 573 οὓς
2979 508 3038 563 δὲ
3069 509 3175 569 ἠδη
3223 521 3320 563 τῶν
3351 512 3513 564 ἄλλων
3557 515 3745 585 μᾶλλον
3791 514 3884 568 δε-

2284 601 2519 666 χομένων
2565 603 2648 650 τόν
2701 600 2850 671 λόγον
2895 609 2987 662 τῆς
3040 605 3278 671 πίστεως,
3331 609 3402 671 τῷ
3447 611 3538 662 τῆς
3587 603 3884 674 παλιγγενε-

2287 690 2399 745 σίας
2441 690 2656 750 τούτους
2703 698 2936 762 προσῆγε
2990 695 3135 761 φωτὶ,
3185 696 3274 741 καὶ
3321 699 3394 759 τῷ
3450 700 3546 743 τῶν
3597 691 3882 767 ἀρχιερέων

2281 775 2518 846 κατελεγε
2566 779 2818 848 τάγματι,
2872 783 2960 830 καὶ
3028 783 3179 839 ναοὺς
3232 778 3606 851 ἐψυχωμένους
3666 789 3880 855 Χριστῷ

2281 869 2366 915 καὶ
2430 864 2611 936 ἁγίους
2668 866 2943 940 ἀνήγειρεν.
3004 868 3154 919 Οὕτω
3206 870 3314 919 κατ’
3392 869 3514 921 εὐθὺ
3596 879 3879 940 χωροῦσαν

2281 956 2410 1028 ὀρῶν
2457 960 2550 1012 τὴν
2603 955 2844 1014 ἀληθειαν
2894 958 2918 1007 ὁ
2967 959 3131 1029 ταύτῃ
3181 955 3481 1028 βασκαίνων
3531 957 3742 1033 ἐχθρός,
3785 961 3880 1012 οὐκ

2281 1043 2466 1095 ἀνεκτά
2518 1043 2756 1108 ἐποιεῖτο,
2813 1045 2855 1096 εἰ
2909 1050 2979 1116 μη
3056 1046 3242 1117 σφάλοι
3300 1065 3353 1098 τε
3406 1051 3574 1098 αὐτῶν
3644 1055 3734 1100 καὶ
3785 1056 3879 1101 τοῦ

2279 1141 2459 1205 πρόσω
2510 1130 2849 1186 διακωλύσοι.
2902 1135 3159 1187 Ἐντεῦθεν
3208 1139 3328 1196 τοὺς
3381 1141 3496 1188 τότε
3543 1145 3730 1209 καιροῦ
3782 1143 3878 1199 τάς

2273 1231 2362 1283 τῆς
2413 1222 2603 1284 πόλεως
2661 1229 2929 1294 μετιόντας
2987 1223 3157 1295 ἀρχὰς
3209 1224 3458 1289 ὑπελθών,
3496 1231 3586 1278 καὶ
3633 1227 3717 1278 οἶα
3769 1235 3874 1299 πῦρ

2275 1312 2550 1384 ἀναφλέξας
2607 1313 2784 1375 αὐτοῖς
2859 1317 2916 1365 τό
2989 1313 3304 1382 ζηλότυπον,
3360 1315 3715 1387 συλληφθῆναι
3783 1321 3875 1389 μὲν

2274 1401 2359 1452 ὑπ’
2418 1402 2585 1453 αὑτων
2641 1403 3032 1474 παρασκευάζει
3084 1406 3170 1454 τὸν
3227 1403 3498 1469 Φίλιππον,
3556 1411 3759 1476 συχνὴν
3818 1405 3874 1458 ἐκ

2271 1497 2362 1540 τοῦ
2418 1487 2680 1561 αἰφνιδίου
2738 1491 2851 1542 κατ⁹
2901 1491 3060 1542 αὐτοῦ
3112 1499 3269 1565 χεῖρα
3309 1498 3551 1556 κινήσας,
3584 1492 3763 1564 ἐπάγει
3812 1491 3875 1547 δε

2271 1586 2424 1631 τοῦτο
2462 1585 2562 1631 πᾶν
2607 1583 2650 1632 εἳ
2691 1600 2739 1632 τι
2787 1579 3015 1654 λυπηρόν
3069 1587 3158 1633 καὶ
3210 1580 3457 1655 ὀλέθριον,
3496 1585 3875 1636 Κατατίθενται

2270 1671 2359 1739 μεν
2410 1670 2510 1741 γὰρ
2562 1670 2610 1720 οἱ
2666 1668 2999 1730 συλλαϐόντες
3056 1669 3212 1721 αὐτὸν
3269 1679 3469 1743 πικρῶς
3541 1670 3588 1722 ἐν
3668 1675 3870 1745 εἱρκτῇ,

2195 1773 2238 1827 B
2270 1763 2568 1832 πικρότερον
2628 1755 2686 1810 δὲ
2738 1767 3062 1829 μαστιγοῦσι
3115 1764 3206 1811 καὶ
3252 1764 3519 1824 παίουσιν,
3558 1757 3668 1812 εἶτα
3715 1781 3874 1833 σχοι-

2269 1851 2399 1908 νίοις
2447 1856 2544 1899 τῶν
2592 1846 2933 1920 ἀστραγάλων
2985 1847 3281 1919 ἐξάψαντες,
3314 1847 3397 1901 ἐπὶ
3446 1855 3703 1923 μετεώρου
3732 1855 3873 1904 κατά

2268 1935 2494 2007 κεφαλῆς
2523 1935 2806 2009 ἀναρτῶσι.

2341 2025 2440 2078 ΙΑ’.
2475 2029 2544 2078 T6
2577 2023 2635 2078 δε
2664 2027 2766 2100 ἄρα
2811 2030 2903 2084 τὴν
2935 2025 3015 2078 ἐπ’
3047 2026 3168 2078 εὐθὺ
3212 2030 3340 2098 πρὸς
3384 2029 3450 2079 τὰ
3479 2028 3582 2080 οἱνω
3627 2036 3716 2081 τοῦ
3746 2037 3869 2082 νοοῦ

2267 2120 2475 2186 πορείαν
2519 2118 2582 2175 ὡς
2628 2119 2686 2166 τὸ
2721 2115 2857 2176 εἰκός
2899 2117 3252 2188 ὑπεσήμαινε*
3287 2115 3382 2168 κᾶν
3429 2117 3523 2169 οὐκ
3575 2118 3645 2180 εἰς
3696 2122 3868 2190 ἔσχα-

2268 2223 2352 2256 τον
2409 2203 2598 2275 ἀφῆκεν
2647 2204 2802 2256 αὑτὸν
2849 2206 2874 2256 6
2931 2208 3115 2279 Κύριος
3164 2205 3566 2279 ἀπαράκλητον·
3601 2206 3706 2258 ἀλλ’
3757 2207 3866 2261 ἐπεὶ

2268 2291 2380 2344 κατ’
2443 2292 2598 2344 ἐκεῖνο
2658 2301 2747 2345 τοῦ
2805 2299 3002 2367 χρόνου
3058 2300 3147 2346 καὶ
3219 2295 3603 2370 Βαρθολομαῖος
3648 2299 3673 2348 6
3732 2299 3866 2360 θεῖος

2269 2380 2552 2443 ἀπόστολος
2599 2378 2965 2453 συνεπιδημῶν
3016 2380 3076 2442 ἦν
3123 2387 3285 2456 τούτῳ
3337 2393 3397 2456 τῇ
3446 2385 3741 2458 Ἱεραπόλει,
3774 2393 3867 2439 καὶ

2271 2471 2732 2542 συγκαταγγέλλων
2783 2475 2840 2523 τό
2902 2472 3230 2543 Εῦαγγέλιον,
3279 2476 3451 2546 ὥσπερ
3505 2472 3572 2532 δὴ
3628 2484 3719 2527 τοῦ
3765 2496 3865 2534 κη-

2267 2563 2547 2631 ρύγματος,
2598 2561 2730 2612 οὕτω
2774 2566 2863 2612 καὶ
2908 2570 2999 2613 τοῦ
3043 2564 3237 2622 πάθους
3285 2563 3422 2633 αὐτῷ
3469 2573 3698 2616 κοινωνεῖ
3725 2583 3738 2595 .
3771 2565 3866 2617 κά,

2266 2654 2432 2700 κείνου
2491 2658 2589 2701 τῶν
2660 2648 3025 2722 ἀστραγάλων,
3081 2653 3145 2712 ὡς
3224 2654 3429 2724 ἔφημεν,
3499 2653 3868 2724 ἀναρτηθέντος

2270 2742 2493 2812 σταυρὸν
2547 2739 2702 2799 αὐτὸς
2751 2745 3135 2811 κατακρίνεται.
3194 2746 3292 2794 Καὶ
3332 2743 3360 2798 ἡ
3417 2738 3613 2814 ἀδελφὴ
3667 2739 3726 2795 δὲ
3753 2751 3866 2798 Μα-

2264 2831 2475 2902 ριάμνη,
2511 2831 2539 2886 ἡ
2574 2825 2738 2900 μηδὲν
2784 2830 2938 2886 ἧττον
2988 2836 3086 2902 μία
3128 2835 3220 2888 τὴν
3253 2833 3406 2902 φύσιν
3451 2833 3480 2889 ἡ
3515 2836 3607 2890 τὴν
3648 2839 3862 2904 γνώμην

2265 2918 2425 2987 αὐτῷ,
2479 2919 2508 2975 ἡ
2573 2923 2661 2969 καὶ
2716 2922 2773 2970 τὸ
2833 2927 2984 2990 σῶμα
3050 2922 3294 2991 παρθένος
3351 2926 3438 2972 καὶ
3491 2926 3584 2979 τὴν
3649 2922 3859 2994 ψυχὴν,

2262 3014 2431 3079 παρῆν
2476 3010 2563 3077 μὲν
2609 3009 2873 3077 πάσχοντι
2919 3008 3153 3079 Φιλίππῳ
3197 3017 3266 3079 τῷ
3314 3006 3538 3080 ἀδελφῷ,
3571 3014 3625 3062 τό
3672 3008 3732 3064 δε
3758 3015 3858 3064 πά-

2264 3098 2348 3155 θος
2378 3098 2445 3155 ὼς
2489 3097 2594 3147 οἷον
2637 3115 2689 3148 τε
2737 3104 2797 3168 τῇ
2850 3102 3148 3171 προαιρέσει
3207 3099 3555 3170 συνεφείλκετο
3604 3105 3692 3152 καὶ
3737 3120 3862 3153 συν-

2261 3189 2538 3256 εμερίζετο.
2595 3187 2677 3238 Ἐν
2735 3188 2840 3256 ὅσῳ
2898 3183 2955 3238 δὲ
3002 3194 3168 3239 ταῦτα
3217 3186 3514 3261 ἐπράττετο,
3563 3193 3760 3260 γίνεταί
3807 3211 3860 3243 τι

2258 3281 2476 3347 πρᾶγμα
2550 3277 2744 3340 καινὸν,
2799 3280 2992 3327 σείεται
3059 3279 3147 3347 μὲν
3217 3275 3455 3349 ἐξαίφνης
3531 3280 3559 3336 ἠ
3630 3287 3696 3349 γῆ
3764 3285 3858 3332 καὶ

2258 3361 2493 3420 ἀσυνήθη
2562 3363 2737 3415 κλόνον
2804 3365 3106 3436 ὑφίσταται,
3167 3365 3318 3438 φόϐος
3374 3363 3431 3418 δὲ
3486 3375 3600 3429 ταῖς
3654 3367 3856 3420 ἐνείνων

2259 3447 2516 3512 διανοίαις
2564 3452 2864 3524 ἐνέσκηψεν,
2897 3456 3013 3506 ὅσοι
3061 3454 3238 3524 τέρψιν
3288 3453 3556 3508 ἐποιοῦντο
3601 3461 3689 3508 καὶ
3739 3459 3858 3510 θέα-

2256 3560 2372 3612 τρον
2424 3544 2489 3593 τά
2554 3543 2806 3614 ὁρώμενα,
2871 3545 2946 3614 (e)
3004 3540 3341 3615 διαδομείται
3392 3544 3530 3608 ἅπας
3585 3547 3611 3598 6
3677 3555 3860 3618 χῶρος

2257 3632 2462 3699 ἐκεῖνος,
2521 3636 2609 3683 καὶ
2659 3632 2729 3692 εἰς
2779 3630 2939 3702 βάθος
2997 3637 3179 3704 κατῄει
3247 3631 3563 3706 ἀσυμφανὲς,
3622 3654 3855 3706 συγκατ-

2256 3727 2449 3772 εσπᾶτο
2501 3717 2558 3772 δὲ
2607 3730 2678 3791 τῷ
2727 3716 2921 3792 ἐδάφει,
2959 3726 3046 3773 καὶ
3093 3728 3190 3782 πᾶς
3235 3724 3260 3774 6
3303 3721 3445 3787 λαός,
3477 3728 3568 3776 καὶ
3611 3727 3857 3778 οἴκτιστα

2253 3810 2646 3882 παραπολέσθαι
2677 3807 3110 3862 διεκινδύνευσεν.

2326 3897 2422 3952 ΙΒ’.
2471 3901 2778 3971 Ἀμηχανία
2819 3904 2990 3951 τοίνυν
3034 3898 3116 3951 ἐπὶ
3164 3907 3236 3969 τῷ
3279 3908 3423 3970 κακῷ
3473 3904 3668 3964 πάντας
3713 3901 3850 3974 εἶχε,

2252 3995 2341 4041 καὶ
2373 3987 2442 4048 εἰς
2472 3991 2663 4062 οἰπορον
2696 3989 2869 4048 αὐτοῖς
2916 3994 3218 4060 περιίστατο
3262 4010 3327 4041 τα
3353 3988 3684 4063 βουλεύματα
3707 4013 3719 4024 ·
3754 3992 3851 4063 ὀψε

2251 4086 2372 4149 γοῦν
2401 4083 2491 4130 καὶ
2535 4081 2626 4130 σὺν
2675 4082 2850 4148 χρόνῳ
2883 4077 3201 4148 αἰσθόμενοι,
3242 4081 3310 4140 ὡς
3355 4087 3444 4140 τῆς
3487 4080 3554 4140 εἰς
3597 4080 3849 4134 Φίλιππον

2252 4171 2504 4239 τιμωρίας
2557 4171 2646 4218 καὶ
2697 4165 2890 4240 ὕϐρεως
2936 4171 3029 4224 τὴν
3075 4163 3230 4224 δίκην
3287 4165 3508 4220 ἐντεῦθεν
3558 4170 3846 4242 ὑπέχουσι,

2253 4259 2582 4330 περιστάντες
2639 4264 2816 4308 τοῦτον
2877 4263 3089 4330 σωτῆρα
3163 4255 3464 4324 ἐπεϐοώντο,
3523 4265 3612 4311 καὶ
3669 4256 3847 4322 δεξιὰν

2254 4348 2533 4399 ὑποτείνειν
2585 4349 2714 4419 πρὸς
2758 4344 3020 4398 ἀνάσωσιν
3065 4349 3240 4417 ᾔτουν,
3274 4343 3412 4418 μηδὲ
3454 4350 3847 4421 καταπροέσθαι

2252 4435 2456 4507 ψυχας,
2490 4433 2572 4486 ἐπὶ
2620 4441 2758 4506 μόνῳ
2814 4434 3128 4493 σαλευούσας
3159 4434 3320 4504 αὐτῷ.
3355 4440 3572 4506 Λέγεται
3620 4435 3679 4489 δε
3730 4441 3848 4490 τοῦ·

2251 4545 2350 4577 των
2399 4525 2531 4576 οὕτω
2581 4531 2690 4583 ταῖς
2735 4520 2951 4580 δεήσεσι
3002 4527 3407 4594 προσκειμένων,
3440 4530 3528 4577 καὶ
3566 4525 3729 4578 πολλά
3762 4525 3846 4579 ἐπὶ

2251 4614 2368 4687 ἐλέῳ
2409 4614 2671 4684 λεγόντων,
2717 4617 2806 4663 καὶ
2845 4611 2937 4662 οὐκ
2987 4613 3244 4681 ἀνιέντων,
3287 4617 3372 4665 τόν
3425 4613 3649 4681 Ἰησοῦν,
3710 4617 3843 4668 οἷνωο

2254 4707 2333 4758 θεν
2387 4699 2474 4763 οὖς
2527 4701 2881 4774 φιλάνθρωπον
2931 4701 3272 4754 ὑποκλίναντα
3327 4708 3415 4756 καὶ
3470 4707 3528 4755 τὸ
3577 4709 3843 4776 γινόμενον

2247 4811 2532 4872 vinctum,
2561 4809 2621 4863 in
2651 4806 2890 4862 sublimi
2934 4822 3102 4863 verso
3133 4808 3193 4864 in
3233 4814 3449 4866 terram
3488 4812 3683 4882 capite
3715 4828 3845 4868 sus-

2247 4882 2657 5021 Ρϐὢίῖυὲιδξᾶἔω
2687 4949 2761 5005 de
2791 4953 2997 5005 sancto
3022 4949 3452 5006 Bartholomaeo
3476 4951 3652 5009 habet
3681 4953 3843 5011 Nice-

2249 5029 2375 5091 tas;
2409 5028 2465 5078 et
2493 5024 2550 5077 in
2583 5022 2707 5093 Vita
2739 5023 2808 5093 S.
2831 5022 3244 5076 Bartholomaei
3286 5022 3603 5093 Iosephus,
3634 5023 3841 5083 forsan

2249 5092 3150 5174 Hymnographus,‘illustranda
3174 5094 3249 5148 ad
3373 5092 3641 5174 Augusti.

2350 5171 2431 5234 t0)
2491 5165 2707 5221 Colitur
2759 5166 2818 5219 S.
2875 5165 3212 5232 Mariamna,
3266 5165 3472 5222 Nicetm
3523 5167 3722 5232 Maria,
3781 5173 3843 5223 t7

2249 5236 2649 5302 Februarii,ad
2670 5252 2850 5307 quem
2865 5237 3022 5292 diem
3043 5236 3173 5307 ejus
3195 5241 3376 5293 Actae
3397 5237 3574 5294 variis
3594 5239 3847 5297 collecta

2250 5310 2546 5366 dedimus.

565 5522 634 5591 (e)
693 5517 1047 5595 Λιαδονεῑται,
1090 5522 1320 5595 corrigo
1349 5517 1702 5595 διαδομιῑται,
1738 5524 1804 5578 ut
1855 5520 1902 5576 si
1951 5534 2154 5591 compa

2261 5533 2349 5574 1m
2397 5533 2434 5575 a
2485 5512 2678 5590 δομέω,
2737 5519 2794 5573 et
2841 5513 3213 5573 tantumdem
3258 5515 3454 5576 valeat
3490 5522 3670 5592 atque
3691 5519 3834 5578 sub-

491 5601 654 5650 verto
686 5611 721 5651 a
736 5593 1166 5651 fundamentis.
