4066 6224
212 298 291 353 197

1306 294 1475 351 VlTA
1515 293 1575 349 S.
1616 288 1930 347 PHILIPPI
1970 292 2351 351 APOSTOLI.

3419 302 3521 358 198

203 424 535 493 οἰκτηρήσαντα
572 418 882 492 ἐπιφανῆναι
913 419 1097 493 ἁθρόον
1139 420 1339 486 αὐτοῖς,
1385 424 1475 472 καὶ
1514 426 1576 491 τῇ
1635 417 1745 469 ἐπι-

1869 414 2183 489 benignam
2195 419 2338 491 ipsis
2351 435 2557 477 aurem
2571 422 2989 487 commodarit,
3006 423 3322 497 subitoque
3336 442 3521 499 appa-

200 516 343 583 μνείᾳ
376 511 599 581 λωφῆσαι
641 512 730 581 μεν
777 509 929 571 εὐθὺς
960 513 1025 561 τὰ
1072 507 1234 572 δεινὰ,
1290 511 1650 584 στηριχθῆναι
1688 503 1747 558 δε

200 606 243 652 τὸ
285 604 390 659 τέως
438 599 757 670 κλονούμενον
808 595 1019 670 ἔδαφος,
1074 604 1163 651 χαὶ
1219 607 1324 660 τοῖς
1376 598 1599 651 ἐντεῦθεν
1660 597 1750 648 θά-

198 708 317 741 νατον
361 687 567 747 ἐλεεινῶς
612 684 980 740 κινδυνεύουσι
1038 690 1296 761 θειοτέραν
1352 690 1469 740 τινὰ
1530 686 1749 757 ὀφθῆναι

200 783 272 833 τήν
314 774 539 847 δύναμιν,
608 776 859 847 κλίμακος
920 776 1022 839 ἕξιν
1094 776 1411 849 ἐπέχουσαν,
1499 781 1586 829 καὶ
1654 781 1750 833 τὴν

202 862 349 918 ἄνοδον
389 862 573 939 ῥᾳδίαν
627 870 988 940 παρέχουσαν.
1021 874 1186 920 Τοῦτο
1221 872 1443 927 πίστεως
1476 870 1604 940 πρὸς
1652 885 1750 917 σω-

198 962 347 1029 τηρίαν
399 952 518 1016 ὁδός
594 962 700 1015 τοῖς
757 954 1005 1016 ἀπίστοις
1054 955 1266 1027 ἐγένετο,
1328 960 1416 1008 καὶ
1466 960 1601 1027 μέγα
1660 959 1749 1027 μεν

196 1044 284 1115 ἅμα
314 1047 391 1095 τόν
436 1044 701 1107 Φίλιππον,
757 1045 973 1116 μείζονα
1019 1041 1078 1098 δὲ
1125 1050 1215 1097 καὶ
1260 1046 1313 1097 ὃν
1370 1044 1557 1105 ἐκεῖνος
1608 1042 1751 1119 ἰπρίο

196 1132 341 1185 οϐενεν
376 1132 584 1205 ἐκήρυξε
617 1136 823 1205 Κύριον.

252 1221 337 1276 II”.
367 1225 431 1273 Τὸ
465 1221 567 1274 ἀπὸ
609 1218 766 1275 τοῦδε
804 1218 891 1274 οὖν
945 1221 1146 1295 ἀφεῖναι
1189 1226 1279 1295 μεν
1331 1225 1380 1275 οἱ
1429 1226 1752 1294 σεσωσμένοι

194 1315 287 1371 τοὺς
330 1312 555 1382 μαθητὰς
607 1319 708 1362 τῶν
759 1307 964 1382 δεσμῶν
1014 1308 1108 1364 διὰ
1162 1309 1398 1373 σπουδῆς
1462 1309 1746 1373 ἐποιοῦντο,

194 1402 387 1451 καθεῖναι
436 1396 491 1451 δὲ
539 1402 759 1461 τούτους
789 1408 881 1451 τοῦ
912 1400 1063 1463 ξύλου
1093 1404 1219 1474 πρός
1250 1404 1416 1473 τάχος
1454 1401 1748 1471 ἠπείγοντο.

198 1492 276 1540 Καὶ
323 1487 492 1540 λύουσι
550 1490 644 1560 μεν
691 1492 781 1540 τόν
838 1489 1246 1561 Βαρθολομαῖον,
1302 1491 1327 1542 ό
1384 1489 1634 1551 Φίλιππος
1693 1486 1753 1542 δε

195 1580 374 1636 τούτους
426 1576 623 1647 ἐπέσχε
671 1585 769 1639 τῆς
818 1582 945 1650 πρὸς
1005 1578 1159 1631 αὐτόν
1208 1578 1580 1653 ἐγχειρήσεως·
1632 1575 1753 1651 ᾔδει

193 1668 272 1737 γὰρ
319 1668 427 1717 ὅσον
495 1669 645 1717 οὔπω
702 1662 1021 1739 ἐκδημήσων
1084 1672 1215 1741 πρός
1267 1673 1352 1720 τόν
1417 1669 1753 1740 ποθούμενον,

1856 508 2036 563 ruerit
2090 526 2104 563 :
2148 510 2434 583 quodque
2478 512 2850 583 apparitione
2880 512 2978 569 illa
3022 514 3221 569 statim
3274 517 3518 573 cessarit

1858 596 2209 667 periculum,
2242 599 2559 671 solumque
2576 604 2822 657 eatenus
2850 601 3174 657 tremulum
3199 605 3524 661 constiterit

1856 684 2104 754 ﬁrmum,
2123 687 2257 743 etiis
2275 688 2375 758 qui
2398 694 2656 745 mortem
2676 690 3522 762 exspectabantmiserabilem

1857 773 2115 830 divinior
2143 777 2427 848 quaedam
2454 778 2806 850 apparuerit
2835 780 3039 845 virtus,
3070 778 3366 836 scalarum
3396 780 3523 838 vice

1860 864 2139 929 serviens,
2172 866 2475 922 etfaciIem
2497 884 2740 924 sursum
2760 868 3035 939 praebens
3061 884 3405 925 ascensum.
3429 870 3525 927 At-

1858 966 1977 1023 que
2007 967 2080 1008 ea
2109 968 2203 1009 res
2233 953 2583 1012 inﬁdelibus
2617 955 2775 1013 facta
2814 959 2910 1014 via
2940 957 3080 1013 ﬁdei
3126 958 3204 1014 ad
3245 957 3522 1025 salutem,

1862 1056 2151 1112 magnum
2178 1043 2423 1115 quidem
2460 1060 2592 1101 esse
2623 1046 2978 1102 monstravit
3012 1046 3370 1121 Philippum,
3397 1064 3528 1105 ma-

1854 1128 2051 1199 jorem
2068 1147 2208 1187 vero
2231 1148 2365 1189 eum
2385 1149 2567 1206 quem
2581 1135 2707 1206 ipse
2722 1135 3156 1206 praedicaverat
3180 1137 3523 1194 Dominum.

1934 1221 2073 1274 XIII.
2113 1221 2221 1286 Qui
2239 1226 2438 1278 autem
2461 1223 2672 1280 salvati
2700 1230 2870 1281 erant
2885 1224 3248 1282 festinabant
3277 1226 3525 1299 quidem

1863 1307 2191 1380 discipulos
2210 1312 2471 1368 eximere
2495 1329 2526 1369 e
2554 1312 2832 1383 vinculis,
2856 1330 3082 1387 eosque
3108 1330 3139 1370 e
3164 1315 3527 1388 lignoquan-

1864 1398 2054 1452 tocius
2071 1399 2399 1470 deponere:
2418 1402 2521 1458 sed
2536 1418 2673 1459 cum
2686 1403 3174 1460 Bartholomaaum
3188 1403 3523 1471 solvissent,

1862 1487 2168 1557 prohibuit
2208 1490 2511 1563 Philippus
2552 1508 2623 1548 ne
2668 1492 2829 1548 idem
2858 1493 2970 1549 sibi
2997 1494 3276 1560 facerent,
3305 1493 3529 1550 sciebat

1860 1575 2019 1631 enim
2068 1592 2197 1633 sese
2219 1581 2475 1651 jamjam
2508 1581 2939 1651 emigraturum
2996 1583 3075 1639 ad
3124 1583 3291 1639 illum
3344 1598 3528 1655 quem

1865 1669 2247 1726 desiderabat
2305 1688 2317 1725 :
2360 1670 2617 1744 ideoque
2659 1687 2690 1727 e
2729 1672 2889 1744 ligno
2930 1672 3218 1743 pendens,
3259 1672 3355 1728 die
3406 1677 3528 1729 tota

197 1756 281 1805 ὅθεν
306 1760 382 1807 καὶ
415 1763 506 1807 τοῦ
558 1755 716 1818 ξύλου
747 1755 1137 1831 ἁπηωρημένος,
1184 1765 1288 1817 τοῖς
1331 1756 1427 1809 ἀνὰ
1472 1762 1565 1815 τὴν
1610 1756 1754 1809 πόλιν

1869 1758 2224 1830 loquebatur
2262 1775 2401 1816 cum
2424 1760 2657 1817 civibus
2687 1761 2761 1816 de
2788 1762 2977 1818 salute
2997 1763 3287 1834 ipsorum,
3309 1762 3529 1819 conﬁr-

202 1850 289 1916 περὶ
328 1854 412 1895 τῶν
452 1850 838 1897 συνοικούντων
888 1845 1006 1908 ὅλης
1038 1849 1234 1922 ἡμέρας
1264 1846 1442 1919 ὡμίλει
1470 1852 1561 1900 καὶ
1591 1843 1756 1900 διελέ-

207 1951 309 2001 γετο,
347 1943 399 2005 τῇ
469 1938 615 2009 πρὸς
669 1937 756 1987 τὸν
826 1937 1013 2009 Κύριον
1076 1939 1387 1995 πεποιθήσει
1443 1939 1536 1999 τὰς
1590 1936 1757 1989 αὐτῶν

216 2024 401 2095 στηρίξας
445 2024 665 2097 ψυχὰς,
723 2029 813 2077 καὶ
870 2026 1130 2100 ἱκετηρίαν
1174 2027 1300 2098 ὑπὲρ
1348 2029 1542 2079 τούτων
1584 2029 1759 2080 ποιού·

203 2130 330 2180 μενος,
370 2121 468 2173 τοῖς
523 2116 692 2188 ἱεροῖς
727 2116 871 2189 ἱερῶς
919 2115 1215 2173 συναπῆλθε
1242 2115 1451 2187 λογίοις,
1492 2121 1582 2169 καὶ
1628 2118 1758 2190 πρὸς

202 2201 241 2249 ὃν
274 2201 425 2270 ἠγάπα
460 2207 811 2274 μετεφοίτησε
868 2206 1075 2277 Κύριον,
1120 2203 1170 2257 ἓν
1228 2210 1375 2279 χειρὶ
1431 2208 1616 2259 τούτου
1663 2210 1757 2264 τὴν

196 2288 344 2341 ἑαυτοῦ
368 2291 549 2363 ψυχὴν
592 2294 960 2365 παραθέμενος.

250 2384 315 2433 1Δ.
370 2386 435 2433 Τό
490 2379 551 2433 δέ
621 2400 679 2452 γε
728 2387 900 2453 τίμιον
943 2382 1104 2435 αὐτοῦ
1156 2392 1307 2455 σῶμα
1337 2386 1480 2458 παρὰ
1512 2383 1761 2457 Βαρθολο-

194 2474 320 2537 μαῖον
362 2476 444 2522 καὶ
487 2472 813 2543 Μαριάμνης
865 2475 1024 2533 ὁσίως
1106 2474 1433 2545 κατενεχθεν,
1513 2473 1760 2549 λαμπρῶς

194 2575 233 2607 τε
274 2567 358 2609 τῶν
408 2560 481 2631 (f)
532 2561 628 2612 ἐπὶ
673 2568 808 2632 ταφῇ
881 2565 1251 2634 νενομισμένων
1332 2567 1521 2634 τυχόν,
1581 2564 1762 2634 ὕμνοις

195 2648 318 2717 ἱεροῖς
342 2654 426 2701 καὶ
451 2656 640 2721 τιμαῖς
670 2648 719 2700 ἕν
749 2649 990 2721 ἐπισήμῳ
1018 2655 1159 2721 τόπῳ
1183 2654 1439 2709 xman
1482 2657 1570 2704 καὶ
1620 2655 1759 2725 ἱερῷ,

190 2735 744 2809 τεσσαρεσκαιδεκάτην
822 2740 1033 2810 ἄγοντος
1102 2744 1216 2791 τότε
1286 2749 1375 2792 τοῦ
1447 2740 1757 2815 Νοεμϐρίου.

190 2824 535 2899 Βαρθολομαῖος
595 2824 656 2879 δε
708 2830 812 2902 ἄρα
859 2832 949 2880 καὶ
1001 2830 1281 2901 Μαριάμνη
1337 2828 1421 2881 ἕπὶ
1465 2828 1649 2905 βραχὺ
1691 2838 1760 2902 τῷ

187 2920 300 2985 τόπῳ
373 2920 800 2989 προσμείναντες,
869 2921 959 2968 καὶ
1012 2925 1083 2986 τῷ
1132 2922 1288 2989 τιμίῳ
1346 2915 1481 2989 τῷδε
1537 2918 1761 2991 λειψάνῳ

185 3005 237 3053 τὰ
281 3013 368 3056 τῶν
418 3006 604 3078 ὕμνων
645 3025 734 3057 και
763 3014 921 3079 τιμῶν
962 3002 1263 3073 ἀποδόντες,
1304 3013 1395 3059 καὶ
1439 3008 1590 3069 αὖθις
1632 3008 1758 3081 λαμ-

1869 1863 2162 1922 mansque
2192 1865 2401 1907 eorum
2434 1850 2671 1906 animos
2699 1850 3069 1907 exhortando
3090 1857 3148 1908 et
3174 1867 3382 1923 preces
3408 1866 3517 1923 pro

1867 1936 1936 1992 iis
1974 1936 2251 2008 fundens,
2286 1944 2489 1997 sancte
2526 1940 2679 1996 inter
2717 1945 2923 1997 sancta
2953 1942 3203 1997 excessit
3236 1941 3474 2013 eloquia
3506 1956 3522 2007 ;

1868 2031 2045 2099 atque
2058 2028 2135 2084 ad
2151 2028 2467 2084 Dominum
2480 2044 2662 2101 quem
2676 2034 2981 2085 amaverat
2996 2028 3244 2097 transiit,
3261 2030 3356 2086 ani
3366 2044 3526 2085 mam

1869 2132 2040 2172 suam
2081 2116 2141 2173 in
2171 2133 2388 2174 manus
2407 2116 2563 2173 illius
2604 2116 3060 2175 commendans.

1941 2384 2073 2440 XIV.
2116 2383 2531 2439 Venerandum
2572 2398 2753 2455 porro
2776 2382 2933 2439 illius
2970 2398 3187 2456 corpus
3222 2400 3259 2440 a
3290 2384 3529 2441 Bartho-

1869 2473 2082 2531 lomaao
2104 2478 2160 2530 et
2181 2474 2662 2538 Mariamne,cum
2681 2489 2751 2529 ea
2773 2473 3087 2545 splendide
3102 2474 3523 2547 persolvissent

1867 2579 2002 2637 quae
2030 2563 2230 2619 ﬁeriin
2259 2563 2581 2635 sepultnris
2604 2568 3063 2633 consueverunt,
3078 2563 3421 2635 depositum
3435 2568 3525 2620 est

1868 2669 2007 2709 cum
2032 2653 2277 2724 hymnis
2308 2658 2485 2725 atque
2516 2651 2826 2725 obsequiis
2856 2653 3040 2708 sacris
3071 2653 3131 2708 in
3159 2653 3289 2709 loco
3316 2658 3523 2710 sancto

1869 2759 1939 2799 ac
1967 2742 2218 2804 decenti,
2250 2741 2484 2797 decima
2503 2748 2719 2813 quarta
2743 2741 2839 2796 die
2872 2741 3241 2797 Novembris.
3273 2743 3519 2798 Bartho—

1867 2832 2119 2889 lommus
2150 2836 2352 2888 autem
2382 2836 2439 2886 et
2468 2831 2808 2897 Mai-iamne,
2842 2830 3079 2886 modico
3110 2830 3333 2886 ibidem
3364 2847 3524 2887 com-

1869 2922 2083 2978 morati
2108 2926 2394 2993 tempore,
2424 2936 2561 2976 cum
2582 2919 2795 2976 iterum
2812 2919 3157 2976 venerando
3186 2919 3525 2992 illicorpori

1868 3013 2237 3086 hymnorum
2267 3016 2445 3083 atque
2500 3009 2921 3081 exsequiarum
2959 3009 3123 3079 justa
3153 3008 3526 3080 splendidius

184 3097 393 3167 πρότερον
453 3095 797 3169 βεϐαιότερόν
870 3114 925 3148 τε
989 3100 1111 3158 τοὺς
1174 3102 1429 3170 παρόντας
1494 3102 1611 3171 περὶ
1667 3102 1756 3157 τὴν

1872 3100 2321 3174 persolvissent,
2349 3104 2406 3154 et
2426 3103 2747 3171 praasentes
2776 3098 3037 3171 amplius
3068 3098 3529 3155 conﬁrmassent

183 3185 332 3245 πίστιν
359 3181 701 3259 ἰδροίσαντες,
748 3191 841 3246 τῆς
871 3183 953 3237 ἐπὶ
994 3188 1058 3237 τὰ
1082 3185 1248 3238 οἰκεῖα
1292 3189 1518 3259 εἴχοντο,
1560 3191 1618 3239 τό
1670 3196 1761 3240 τοῦ

182 3275 382 3342 Χριστοῦ
432 3277 790 3347 κηρύττοντες
848 3274 1180 3345 Εὐαγγὲλιον,
1248 3281 1366 3328 Ὀτι
1441 3276 1581 3346 αὐτῷ
1638 3280 1761 3350 πρέ-

192 3377 257 3409 πιι
298 3368 438 3414 πᾶσα
486 3360 650 3427 δόξα,
694 3368 841 3435 τιμὴ,
872 3368 961 3416 καὶ
992 3366 1367 3437 προσκύνησις,
1417 3372 1505 3416 νῦν
1535 3370 1622 3418 καὶ
1662 3365 1762 3434 ἀεὶ,

185 3453 255 3500 καὶ
279 3451 341 3513 εἰς
368 3456 488 3514 τούς
515 3452 719 3514 αἰῶνας
748 3460 848 3504 τῶν
878 3452 1094 3508 αἰώνων.
1124 3452 1309 3526 ’Δμὴν.

1870 3191 1933 3247 in
1954 3190 2091 3255 ﬁde,
2120 3190 2196 3246 ad
2214 3189 2457 3261 propria
2480 3187 2693 3244 reversi
2718 3193 2876 3253 sunt,
2901 3187 3284 3259 praedicando
3307 3186 3530 3259 ubique

1876 3278 2264 3350 Evangelium
2323 3277 2529 3333 Christi
2584 3293 2597 3333 :
2647 3278 2793 3349 quia
2842 3278 2954 3349 ipsi
2998 3278 3280 3334 convenit
3331 3276 3530 3332 omnis

1877 3367 2083 3439 gloria,
2108 3368 2300 3423 honor
2323 3373 2379 3422 et
2394 3366 2684 3433 adoratio,
2708 3380 2871 3422 nunc
2886 3370 2943 3422 et
2964 3381 3201 3438 semper
3220 3366 3280 3422 in
3310 3364 3533 3422 saacula

1877 3455 2255 3513 smeulorum.
2292 3455 2504 3511 Amen.

245 3738 427 3819 (filia
480 3742 755 3819 corrigo,
806 3756 915 3812 pro
962 3738 1227 3814 ῖπιφανῆε
1275 3757 1453 3819 nam,_
1492 3741 1576 3797 ἔπι
1632 3753 1756 3819 ταφῂ

1869 3744 2178 3817 .egendum
2232 3742 2446 3801 suadet
2498 3757 2734 3809 sensus,
2765 3747 2823 3801 et
2870 3744 2953 3802 ita
3012 3745 3250 3802 videtur
3298 3743 3362 3801 in
3415 3738 3531 3794 MS.
3594 3786 3595 3789 η

188 3806 371 3868 Veneto
398 3806 714 3871 inveniss'e
735 3806 1031 3887 interpres
1056 3806 1181 3887 quo
1222 3829 1366 3871 usus
1397 3806 1787 3888 Lipomanu'sl
