4084 6216
563 212 661 269 199
1985 219 2244 276 MENSIS
2275 221 2518 277 MAIUS.
3811 239 3914 293 200

564 358 3898 395 _________________________________*_

1875 468 2560 560 ΥΠΟΜΝΗΜΑ

1257 650 1504 765 ΕΙΣ
1571 649 1889 767 ΤΟΝ
1952 649 2420 769 ΑΓΙΟΝ
2486 653 3201 776 ΙΑΚΩΒΟΝ

1710 858 1747 902 Α
1758 856 2121 904 ΠΟΣΤΟΛΟΝ
2163 857 2275 905 ΚΑΙ
2317 858 2765 910 ΑΔΕΛΦΟΘΕΟΝ

1720 1215 2744 1315 COMMENTARIUS

923 1440 1074 1560 ΙΝ
1162 1439 1831 1562 SANCTUM
1919 1439 2578 1564 JACOBUM
2678 1445 3528 1571 APOSTOLUM

1859 1673 1940 1727 ET
1978 1672 2304 1730 FRATREM
2346 1674 2590 1732 DOMINI

1287 1823 1438 1886 (Acta
1467 1822 1777 1873 Sanctorum
1812 1821 2051 1874 Bolland.
2092 1822 2160 1872 ad
2195 1822 2335 1873 diem
2371 1824 2394 1872 1
2461 1825 2597 1882 Maii.
2636 1826 2810 1878 Graece
2846 1832 2900 1878 et
2927 1828 3151 1893 Latine.)

2024 2081 2410 2139 PROLOGUS.

613 2231 652 2284 Ι.
696 2226 843 2282 Nihil
874 2230 960 2282 est
991 2227 1115 2281 viro
1161 2225 1316 2281 bono
1357 2229 1411 2280 et
1463 2224 1690 2280 virtutis
1721 2224 1974 2280 amatori
2021 2239 2192 2296 asque
2225 2272 2226 2275 η

2373 2226 2447 2278 Α’.
2505 2228 2625 2300 Οὐχ
2659 2229 2820 2293 οὕτως
2851 2227 2956 2289 ἡδύ
3007 2251 3057 2284 τι
3106 2240 3178 2302 τῷ
3210 2232 3461 2305 φιλαρέτῳ
3492 2237 3580 2285 καὶ
3618 2237 3755 2307 κόρῳ
3797 2253 3909 2305 μη-

533 2317 892 2389 jucundum,
912 2320 966 2371 et
981 2315 1146 2388 quod
1164 2314 1326 2370 nulla
1340 2315 1538 2370 minus
1551 2313 1814 2370 satietate
1831 2312 2146 2369 oﬂ‘endatm

2301 2312 2409 2368 δενὶ
2441 2315 2808 2388 λυμαινόμενον
2859 2323 2923 2381 ὡς
2951 2326 3130 2393 μνήμη
3183 2318 3413 2374 δικαίου’
3470 2327 3559 2373 καὶ
3615 2321 3802 2394 μᾶλλον
3857 2321 3905 2374 εἰ

538 2413 716 2479 atque
767 2406 910 2477 justi
950 2405 1259 2467 memoria,
1302 2409 1357 2460 et
1410 2404 1690 2468 maxime,
1747 2404 1794 2458 si
1849 2419 2063 2474 passus
2118 2418 2151 2456 s:

2301 2402 2392 2458 διὰ
2449 2412 2677 2478 Χριστὸν
2744 2411 3000 2472 παθόντος
3073 2416 3377 2469 κατέστηκε.
3442 2417 3542 2464 Καὶ
3598 2415 3698 2485 γὰρ
3765 2411 3899 2470 αὕτη

538 2502 779 2568 propter
804 2495 1123 2550 Christum.
1158 2492 1238 2549 Ea
1262 2491 1419 2548 enim
1447 2491 1612 2547 illum
1644 2492 1835 2560 magis
1870 2491 2084 2546 excitat
2110 2505 2151 2545 al

2299 2495 2476 2547 πλείων
2530 2496 2702 2570 ἐκείνῳ
2763 2503 2791 2557 ἧ
2863 2504 3069 2574 χρυσὸς
3146 2508 3254 2562 τοῖς
3309 2501 3743 2575 φιλοχρημάτοις,
3805 2507 3900 2554 καὶ

533 2586 816 2651 laetitiam,
837 2600 1021 2656 quam
1050 2599 1264 2639 aurum
1283 2581 1550 2654 pecuniae
1585 2587 1907 2646 amatores,
1937 2585 1994 2636 et
2026 2596 2146 2652 qua

2298 2587 2398 2637 ὅσα
2443 2590 2534 2644 τὴν
2579 2589 2713 2662 ὤραν
2767 2586 2902 2647 ἡδέα
2948 2593 3067 2652 τοὺς
3112 2590 3191 2662 (α)
3238 2589 3562 2662 φιλοκαίνους
3603 2591 3674 2651 εἰς
3716 2590 3901 2663 εὐφρο-

535 2691 771 2748 cunque
803 2680 941 2729 sunt
971 2673 1099 2728 visu
1139 2671 1508 2728 delectabilia
1536 2686 1832 2726 novarum
1863 2685 2061 2724 rerum
2089 2685 2148 2723 οι

2300 2677 2458 2733 σύνην
2503 2677 2805 2748 παρακαλεῖ.
2869 2679 3006 2731 Ἐπεὶ
3051 2676 3136 2732 οὖν
3166 2680 3271 2750 οὐχ
3316 2675 3470 2731 ἡδεῖα
3513 2685 3665 2751 μόνον
3718 2681 3746 2737 ἠ
3799 2688 3896 2732 τοῦ

533 2765 726 2836 pidos.
753 2764 917 2819 Adde
934 2763 1096 2835 quod
1119 2764 1252 2833 ipsa
1268 2760 1411 2832 justi
1439 2760 1729 2817 memoria
1749 2775 1870 2815 non
1891 2758 2087 2815 solum
2102 2775 2146 2812 es

2297 2762 2507 2817 δικαίου
2551 2771 2752 2839 μνήμη,
2813 2768 2940 2820 ἀλλὰ
2985 2773 3073 2820 καὶ
3127 2769 3240 2820 λίαν
3294 2767 3566 2840 ὠφέλιμος,
3618 2768 3775 2829 ζήλου
3840 2789 3899 2821 τι

528 2854 819 2924 jucunda,
845 2853 947 2907 sed
979 2853 1155 2907 etiam
1181 2850 1354 2907 valde
1388 2850 1544 2905 utilis
1577 2866 1590 2916 ;
1625 2865 1761 2904 cum
1793 2848 2054 2920 aliquem
2081 2862 2141 2902 ze

2295 2858 2498 2926 κέντρον
2537 2864 2651 2918 ταῖς
2696 2856 2904 2928 ψυχαῖς
2950 2857 3158 2923 ἐνιείσα,
3200 2863 3289 2909 καὶ
3329 2866 3429 2909 τῶν
3469 2861 3593 2910 ἰσων
3635 2858 3901 2910 ἅπτεσθαι

532 2950 588 2999 et
617 2942 1010 2998 aemulationis
1041 2939 1349 2994 stimulum
1398 2938 1676 2993 immittat
1718 2937 1956 3004 animis,
2008 2942 2062 2990 et
2109 2952 2143 2990 a

2298 2941 2650 3018 ὃιεγείρουσα·
2705 2951 2819 3018 φέρε
2865 2943 2931 3005 δὴ
2999 2953 3086 2999 καὶ
3152 2949 3297 3019 ἡμεῖς
3354 2950 3439 2999 τὸν
3497 2951 3657 3019 μέγαν
3716 2955 3902 3000 τοῦτον

531 3032 746 3088 similia
775 3029 1182 3099 aggredienda
1204 3026 1712 3097 excitet.Agedum
1741 3040 1880 3093 ergo
1899 3041 2007 3079 nos
2040 3039 2144 3094 quc

2297 3033 2539 3087 Ἰάκωϐον
2609 3037 2676 3098 εὶς
2731 3041 2886 3107 μέσον
2943 3039 3228 3108 προθέντες,
3287 3040 3371 3088 τὸν
3427 3035 3630 3097 ἀληθῶς
3684 3033 3901 3088 δίκαιον

529 3136 644 3192 que
670 3134 958 3188 magnum
981 3117 1270 3174 Iacobum
1292 3117 1350 3170 in
1378 3115 1641 3169 medium
1675 3114 2034 3169 adducentes
2056 3113 2142 3183 (qi

2296 3129 2416 3176 ὅντα
2462 3145 2515 3178 τε
2562 3131 2651 3178 καὶ
2704 3125 3099 3197 ὀνομαζόμενον
3143 3127 3192 3185 ὃς
3228 3130 3319 3176 καὶ
3355 3129 3413 3177 τὸ
3457 3122 3679 3196 ἀδελφός
3716 3125 3902 3177 καλεῖ-

525 3225 661 3264 vere
706 3215 792 3263 est
819 3209 1022 3263 Justus
1078 3211 1131 3261 et
1161 3204 1524 3271 nominatur,
1559 3208 1613 3257 et
1647 3208 1711 3257 ut
1750 3201 1955 3256 Christi
2003 3200 2138 3256 frate

2296 3216 2419 3266 σθαι
2476 3223 2710 3288 Χριστοῦ
2753 3211 3094 3288 διαφερόντως
3144 3214 3485 3279 πεπλούτηκε,
3541 3219 3719 3273 κοινὴν
3766 3215 3901 3287 ὠφέ-

515 3303 826 3355 vocaretur
845 3297 1058 3352 eximie
1080 3293 1490 3364 estassecuus)
1507 3307 1892 3347 communem
1910 3307 1981 3345 ex
1998 3290 2128 3346 rebl

2289 3302 2426 3356 λειαν
2500 3307 2564 3356 τὰ
2629 3304 2818 3357 ἐκείνου
2863 3312 2952 3356 καὶ
3009 3301 3204 3362 ἡδονὴν
3253 3305 3613 3375 ποιησώμεθα.
3677 3303 3899 3366 Πολλοῖς

516 3387 672 3442 illius
728 3386 1035 3441 utilitatem
1094 3383 1408 3454 capiamus
1456 3384 1513 3436 et
1567 3379 1957 3451 voluptatem.
2026 3382 2129 3434 Nai

2285 3398 2375 3465 μὲν
2419 3396 2517 3468 γὰρ
2566 3399 2654 3446 καὶ
2699 3395 2870 3456 ἄλλοις
2921 3393 3117 3466 ὑπῆρξε
3161 3403 3258 3445 τῶν
3307 3399 3425 3467 περὶ
3477 3398 3567 3452 τὴν
3608 3391 3894 3450 ἐκκλησια-

511 3477 647 3533 licet
670 3475 842 3531 multi
869 3475 989 3544 alii,
1018 3474 1119 3547 qui
1148 3473 1209 3528 in
1229 3471 1628 3527 ecclesiastica
1656 3468 1974 3524 scribenda
1991 3469 2124 3524 histc

2285 3489 2467 3542 στικὴν
2529 3486 2762 3558 ἱστορίαν
2815 3480 3215 3535 ἐσπουδακότων
3300 3487 3417 3556 περὶ
3507 3490 3597 3534 τοῦ
3669 3478 3888 3534 δικαίου

511 3566 599 3621 ria
630 3565 892 3620 studium
916 3567 1262 3635 posuerunt.
1295 3562 1367 3616 de
1385 3560 1497 3615 hoc
1514 3561 1679 3630 justo
1702 3557 2088 3622 narraverint,
2114 3576 2124 3612 ι

2425 3539 2432 3542 ’
2647 3542 2654 3558 Ι
3364 3539 3372 3556 Ι

2281 3576 2461 3626 τούτου
2518 3570 2809 3638 διεξελθεῖν,
2877 3577 2966 3623 καὶ
3029 3577 3129 3646 πρό
3191 3591 3249 3642 ’γε
3312 3574 3515 3624 πάντων
3562 3571 3885 3642 Ἑγησίππῳ

511 3661 646 3712 ante
678 3669 888 3710 omnes
931 3652 1296 3722 Hegesippus
1327 3655 1382 3705 et
1422 3649 1693 3706 Clemens
1727 3666 1739 3705 :
1775 3662 2033 3719 quorum
2072 3647 2124 3702 ill

2277 3669 2365 3716 καὶ
2417 3663 2688 3734 Κλήμεντι,
2744 3663 2810 3712 ὧν
2870 3663 2893 3712 ό
2951 3665 3040 3733 μέν
3097 3663 3144 3712 ἔν
3196 3681 3253 3732 γε
3308 3668 3378 3731 τῷ
3436 3665 3652 3732 πέμπτῳ
3711 3659 3881 3712 αὐτοῦ

507 3744 752 3818 quidem
778 3745 837 3799 in
867 3744 1077 3815 quinto
1102 3756 1212 3796 suo
1236 3740 1405 3802 libro,
1440 3740 1534 3794 hic
1564 3742 1763 3793 autem
1792 3735 1850 3791 in
1885 3742 2050 3792 sexta
2072 3753 2120 3791 ea

2277 3755 2629 3823 ὑπομνήματι,
2681 3753 2705 3801 ὁ
2762 3748 2820 3803 δὲ
2863 3748 2910 3801 ἐν
2956 3758 3015 3821 τῇ
3077 3750 3198 3822 ἕκτῃ
3247 3759 3346 3802 τῶν
3377 3749 3699 3821 καλόυμένων
3748 3751 3883 3801 ὑπο-

506 3851 664 3900 rum,
694 3850 830 3907 quae
869 3837 1158 3888 vocantur
1190 3833 1627 3901 Hypotyposes,
1658 3825 1947 3881 nonnulla
1982 3839 2054 3880 ex
2094 3826 2119 3880 ii

2275 3847 2570 3904 τυπώσεων,
2633 3843 2739 3892 ἔνια
2796 3848 2893 3890 τῶν
2962 3839 3101 3908 αὐτῷ
3156 3843 3523 3912 πεπραγμένων
3585 3837 3879 3890 ἀπολαϐόν-

508 3941 644 3998 quae
661 3924 738 3979 ab
760 3924 889 3994 ipso
911 3927 1078 3994 gesta
1100 3924 1255 3984 sunt,
1285 3923 1673 3982 assumentes,
1703 3915 1954 3987 posteris
1977 3915 2121 3970 tradi

2272 3951 2351 3992 τες
2419 3927 2720 4005 παρέδοσαν
2783 3935 2890 3988 τοῖς
2957 3928 3022 3988 εἰς
3078 3928 3311 4001 ὕστερον
3378 3926 3485 3979 ἀλλ’
3550 3923 3726 3988 οὐδεὶς
3808 3926 3884 3988 εἰς

507 4014 701 4069 derint
734 4031 746 4068 :
775 4028 952 4067 nemo
985 4017 1184 4066 tamen
1217 4024 1277 4062 se
1309 4006 1568 4062 extendit
1591 4005 1666 4060 ad
1699 4005 1927 4070 omnia,
1967 4020 2120 4076 nequ

2272 4021 2475 4072 ἅπαντα
2513 4022 2734 4078 καθῆκεν
2791 4018 2990 4082 ἑαυτὸν,
3051 4014 3174 4070 οὐδὲ
3230 4021 3296 4069 τὰ
3351 4019 3485 4069 κατὰ
3519 4021 3672 4090 μέρος
3711 4017 3880 4069 εἰπεῖν

506 4103 812 4159 contendit
835 4103 908 4157 de
923 4117 994 4156 eo
1010 4102 1204 4155 dicere
1232 4097 1595 4166 singulatim.
1630 4096 1820 4150 Causa
1845 4099 2041 4149 autem
2073 4112 2119 4150 es

2272 4110 2692 4182 ἐφιλοτιμήσατο.
2740 4112 2808 4160 Τὸ
2861 4104 2918 4159 δὲ
2968 4110 3152 4171 αἴτιον,
3204 4109 3283 4158 ὅτι
3321 4111 3392 4178 μὴ
3451 4103 3508 4159 δὲ
3566 4110 3652 4158 τὸν
3698 4103 3883 4178 ἄνδρα

506 4192 670 4264 quod
696 4207 817 4247 non
838 4190 946 4246 fuit
975 4204 1183 4245 eorum
1214 4186 1547 4242 institutum
1577 4184 1651 4238 de
1690 4184 1821 4254 ipso
1853 4183 2109 4238 scribere

2274 4203 2464 4251 σκοπὸν
2495 4201 2681 4250 ἔθεντο·
2738 4196 2844 4247 ἀλλ’
2876 4196 3021 4268 ἑτέρα
3068 4200 3157 4268 μὲν
3190 4205 3259 4266 τῷ
3307 4196 3441 4266 λόγῳ
3489 4196 3735 4258 ὑπόθεσις
3788 4192 3879 4265 ἦν,

507 4281 612 4337 sed
643 4286 768 4336 erat
804 4280 1048 4353 quidem
1082 4278 1164 4332 eis
1214 4275 1372 4331 aliud
1408 4273 1784 4347 propositum
1840 4286 2120 4341 argumeu

2270 4290 2318 4340 οἱ
2349 4285 2405 4340 δὲ
2437 4288 2482 4340 ἐν
2514 4297 2584 4358 τῷ
2615 4291 2756 4360 μέρει
2785 4292 2874 4337 τοῦ
2907 4282 3095 4356 ἀνδρὸς
3131 4283 3428 4357 ἐμέμνηντο,
3469 4290 3559 4336 καὶ
3593 4293 3758 4336 ταῦτα
3802 4281 3879 4343 δὴ

506 4375 631 4426 tum
665 4387 678 4425 :
708 4370 769 4425 in
827 4373 992 4441 parte
1041 4372 1258 4433 autem,
1312 4381 1450 4420 cum
1498 4363 1580 4419 ita
1632 4360 1964 4423 accidisset,
1999 4359 2119 4415 illiu

1312 4381 1450 4420 cum
1498 4363 1580 4419 ita
1632 4360 1964 4423 accidisset,
1999 4359 2157 4415 illius
2274 4378 2376 4430 ἀπὸ
2408 4386 2499 4431 τοῦ
2529 4359 2873 4452 παρήκοντος,

506 4459 930 4516 meminerunt.

2065 4591 2305 4648 CAPUT.

1360 4747 1596 4810 Patria,
1615 4743 1860 4814 epistola
1885 4742 2104 4814 scripta
2125 4749 2178 4799 et
2208 4741 2526 4800 elucidata.
2559 4739 2714 4795 Aliae
2743 4737 3007 4795 virtutes.

576 4903 641 4956 ll.
682 4897 908 4954 Jacobo
957 4910 1098 4965 ergo
1128 4891 1332 4948 divino
1362 4889 1553 4962 patria
1593 4889 1698 4944 fuit
1728 4887 1958 4949 Judaaa,
1985 4889 2155 4958 pater
2187 4911 2189 4930 ι

2335 4885 2410 4939 Β’.
2465 4882 2691 4953 Ἰακώϐῳ
2743 4886 2911 4933 τοίνυν
2964 4889 3036 4952 τῷ
3075 4883 3214 4952 θείῳ,
3257 4887 3446 4953 πατρὶς
3477 4879 3731 4950 Ἰουδαία,
3765 4905 3881 4938 πα-

499 4990 716 5062 Joseph
749 4988 846 5061 (t),
889 4985 991 5058 qui
1020 4988 1260 5056 propter
1290 4980 1586 5048 insignem
1627 4977 1904 5033 virtutem
1944 4981 2000 5031 et
2029 4991 2112 5032 mc

2266 4979 2358 5047 τὴρ
2393 4977 2605 5043 Ἰωσὴφ,
2659 4973 2712 5032 ὃς
2759 4967 2852 5022 διά
2884 4991 2936 5022 τε
2966 4974 3022 5022 τὸ
3063 4979 3160 5032 τῆς
3200 4969 3382 5044 ἀρετῆς
3422 4976 3618 5045 περιὸν.
3649 4978 3738 5026 καὶ
3773 4971 3879 5029 διὰ

497 5095 631 5136 rum
644 5073 1108 5140 bonitatem,fuit
1125 5085 1386 5143 sponsus
1404 5068 1674 5138 Virginis,
1693 5083 1828 5138 quae
1849 5065 2110 5121 Dominu:

2270 5067 2353 5120 τὴν
2386 5070 2483 5113 τῶν
2541 5067 2740 5129 τρόπων
2789 5064 3150 5132 χρηστότητα,
3209 5067 3271 5118 τῆ
3323 5064 3408 5112 τὸν
3452 5066 3681 5135 Χριστὸν
3721 5065 3883 5137 ἡμῶν

562 5257 844 5329 (1)ΗᾶΠο
864 5254 1208 5329 aliquorum
1238 5250 1576 5329 Graecorum
1609 5243 1960 5329 sententiam
1981 5257 2164 5329 supra
2276 5237 3166 5329 vel‘sa‘ltemnmaritusMariae,
3222 5244 3380 5329 natat
3437 5256 3510 5329 ex
3562 5245 3745 5300 amita
3784 5248 3896 5306 vel

491 5310 838 5399 reﬁcimus;
873 5310 1820 5399 ost'endimusquefuissenﬁlium
1865 5310 2159 5399 Cleoplias,
2273 5316 2590 5367 matertera
2616 5310 2903 5383 Deiparaa,
2937 5310 3189 5383 ideoque
3229 5310 3402 5368 dicta
3435 5313 3616 5371 Soror
3643 5316 3890 5378 Marias.

492 5384 592 5471 qui
630 5384 963 5454 secundum
1001 5396 1238 5468 aliquos
1279 5384 1405 5447 erat
1433 5389 1572 5444 dicti
1604 5389 1660 5442 S.
1692 5384 1931 5456 Iosephi
1961 5384 2159 5455 frater,

568 5525 650 5597 (a)
684 5521 990 5583 Φιλοκάλους
1024 5521 1254 5577 videtur
1278 5517 1491 5589 legisse
1512 5515 1801 5586 interpres
1820 5527 1942 5585 quo
1985 5511 2346 5584 Lipomanus
2372 5525 2517 5566 usus
2545 5508 2606 5564 in
2635 5523 2753 5564 ms.
2785 5506 3026 5565 Veneto.
