4084 6216
189 307 268 365 eoi
1211 293 1378 354 VITA
1416 297 1476 354 S.
1516 294 1759 355 JACOBI
1799 293 2112 354 FRATRIS
2153 298 2432 356 DOMINI.

3392 301 3505 359 202

186 435 506 508 γεννησαμένη
555 434 783 506 παρθένῳ
835 430 906 492 εἰς
959 423 1496 501 μνηστῆρα-ἐτέλευε.
1551 424 1737 498 Πρᾶξις

1852 429 2121 480 nostrum
2145 426 2174 479 ,1
2179 440 2348 481 esum
2362 425 2655 482 Christum
2675 425 2930 498 peperit.
2959 428 3136 482 Erant
3150 431 3352 485 autem
3368 429 3499 501 ejus

185 532 232 594 τῇ
283 523 452 580 κλήσει
503 521 876 594 συμϐαίνουσα.
937 517 1144 570 Ὠϐλίαν
1191 516 1292 588 γὰρ
1366 513 1520 565 αὐτόν
1561 513 1742 572 κεκλῆ-

187 614 288 664 σθαί
335 631 503 683 φασιν,
539 613 653 686 ὅπερ
705 606 774 668 δὴ
825 613 914 660 καὶ
958 605 1148 664 δηλοῦν
1188 607 1274 655 τόν
1308 599 1516 654 δίκαιον
1563 600 1741 674 βούλε-

185 721 253 752 ται
293 719 305 730 ⁶
351 700 604 772 ὀφθαλμός
657 699 770 751 λίαν
812 696 1035 770 βλέπων,
1086 700 1174 746 καὶ
1226 692 1395 754 ἐλέους
1447 696 1604 752 ὄντως
1650 699 1741 743 τοῦ

187 794 301 864 παρά
343 797 473 841 Θεοῦ
507 789 648 852 ἄξιος
691 808 703 820 ο
754 787 880 845 ἀκοὴ
927 787 1132 860 ῥήμασι
1188 785 1343 843 θείοις
1391 785 1449 833 τό
1496 783 1742 855 παράπαν

188 879 463 950 mser/ﬁve,
519 883 686 950 στόμα
729 880 795 939 ὦς
844 896 894 928 τι
941 875 1241 947 ἕντρύφημα
1281 869 1374 924 διὰ
1401 873 1590 930 παντὸς
1619 872 1742 941 ἔχον

183 972 254 1019 τόν
311 973 475 1039 νόμον,
542 973 662 1040 χεὶρ
726 970 856 1040 πρός
920 968 977 1016 τὸ
1046 963 1266 1015 εὖποιείν
1317 959 1392 1012 ἀεὶ
1444 963 1739 1031 κινουμένη,

183 1061 357 1129 γαστὴρ
413 1060 542 1130 πρὸς
593 1059 685 1117 τὰς
733 1056 916 1114 ἑαυτῆς
966 1054 1128 1126 ὁρμὰς
1178 1050 1307 1111 ὅλως
1348 1053 1740 1122 κατηργημένη.

182 1145 434 1217 Ἐμψύχων
475 1150 566 1218 μὲν
613 1148 714 1220 γὰρ
762 1149 852 1196 καὶ
884 1147 1020 1195 οἴνου
1073 1147 1293 1193 τοσοῦτο
1353 1140 1474 1212 παρ’
1506 1138 1616 1190 ὅλον
1656 1141 1742 1190 τὸν

183 1235 279 1306 βίον
307 1234 579 1306 ἀπέσχετο,
611 1238 680 1294 ὡς
726 1231 868 1304 ὕδωρ
909 1235 998 1304 μέν
1029 1231 1275 1301 ἡγεῖσθαι
1302 1232 1456 1280 ποτόν
1498 1224 1738 1290 ἣδιστον,

180 1330 344 1396 τροφὴν
373 1321 432 1376 δὲ
474 1326 649 1398 οῖρτον,
687 1328 775 1375 καὶ
823 1329 930 1383 τοῖς
974 1329 1074 1373 τῶν
1121 1318 1362 1390 δακρύων
1415 1321 1640 1387 σταγόσι
1683 1319 1740 1367 τό

179 1419 331 1487 μέτρον
380 1412 714 1486 ὑπερϐάλλειν
759 1419 853 1473 τῆς
900 1414 1101 1470 πόσεως
1149 1409 1300 1460 ῖσασι
1347 1409 1412 1458 τὰ
1456 1405 1740 1462 κατεσκληο

177 1509 280 1554 κότα
303 1508 488 1573 γόνατα
529 1510 626 1554 τοῦ
667 1499 901 1561 δικαίου,
941 1505 1031 1551 καὶ
1084 1500 1112 1556 ἠ
1161 1500 1359 1556 τούτοις
1407 1497 1510 1548 οἷον
1565 1496 1742 1546 ἐναπο-

179 1596 374 1645 θανοῡσα
403 1588 536 1664 δορὰ
580 1595 799 1650 καὶτῆς
845 1588 1036 1660 ψυχῆς
1083 1595 1403 1662 παρεστῶσα
1441 1589 1500 1637 τό
1544 1586 1739 1658 πρόθυ-

181 1701 253 1752 μον
290 1699 300 1709 ·
343 1681 493 1753 ῥάκος
555 1680 701 1750 αὐτῷ
756 1678 896 1750 φίλον
949 1677 1166 1748 ἔνδυμα,
1215 1681 1304 1727 καὶ
1349 1671 1540 1727 σινδὼν
1587 1675 1744 1731 ἡνίκα

187 1780 264 1821 τῶν
314 1773 446 1846 ἱερῶν
497 1768 783 1822 ἐπιϐαίνειν
836 1767 1005 1840 ἔμελλε

193 1860 237 1911 οὗ
272 1856 555 1934 διεκρίνετο,
609 1858 736 1910 ἀλλὰ
785 1861 874 1909 καὶ
927 1857 1020 1919 νὺξ
1072 1854 1270 1930 ἐνεργὸς
1341 1852 1388 1905 ἐν
1459 1860 1570 1914 τοῖς
1651 1861 1740 1904 τοῦ

201 1953 318 2019 φωτός
352 1952 537 2022 ἔργοις,
585 1952 677 2000 καὶ
725 1949 893 2020 ἡμέρα
929 1950 1020 2003 τὴν
1065 1948 1360 2014 νυκτερινὴν
1400 1945 1636 2015 ἡσυχίαν
1673 1950 1742 1993 τῶ

197 2037 392 2110 ἀταράχῷ
420 2046 512 2098 τῆς
546 2039 694 2098 ζωῆς
720 2039 1016 2108 ὑπεκρίνετο
1057 2049 1068 2060 ⁶
1118 2035 1351 2093 ποθεινός
1382 2039 1485 2092 τοῖς
1514 2031 1738 2101 οἰκείοις,

190 2134 273 2188 τοῖς
292 2127 561 2202 ἀλλοτρίοις
600 2123 889 2197 αἰδέσιμος,
932 2132 1004 2195 τῷ
1052 2125 1150 2197 γὰρ
1192 2122 1440 2194 φιλοτίμῳ
1493 2129 1584 2182 τῆς
1627 2119 1741 2193 ἀρε-

184 2224 256 2277 τῆς
285 2225 484 2269 τοσοῦτο
515 2220 598 2288 μὴ
633 2217 712 2267 ὅτι
763 2215 944 2286 φίλοις,
994 2211 1120 2264 ἀλλὰ
1165 2217 1253 2263 καὶ
1310 2219 1414 2271 τοῖς
1463 2219 1552 2271 τῆς
1600 2209 1742 2262 εὐσε-

181 2304 292 2366 ϐείας
318 2305 573 2378 ἀμυήτοις
603 2306 628 2356 6
662 2303 790 2377 ἀνὴρ
832 2302 1120 2374 ἐτετίμητο,
1149 2304 1212 2362 ὡς
1243 2300 1394 2362 ἐνίοις
1443 2299 1609 2352 αὐτῶν
1651 2305 1741 2351 καὶ

179 2398 219 2446 τὸ
246 2398 408 2447 τούτου
440 2392 764 2466 συγγράψαι
807 2394 1115 2466 μαρτύριον,
1165 2395 1256 2442 καὶ
1286 2394 1358 2462 μὴ
1402 2393 1552 2460 μόνον
1587 2385 1742 2449 δίκας

177 2482 338 2535 ἐκτίσαι
391 2488 549 2556 φάναι
599 2486 716 2543 τοὺς
764 2481 1030 2542 ἀνελόντας
1070 2483 1156 2532 τόν
1207 2484 1433 2546 Δίκαιον,
1486 2477 1611 2530 ἀλλὰ
1654 2483 1742 2530 καὶ

175 2573 297 2645 πολλῇ
326 2579 413 2632 την
438 2573 594 2626 πόλιν
620 2572 939 2646 χρησασθαι
967 2575 1228 2642 συμφορᾷ,
1252 2568 1370 2620 καθ’
1403 2569 1463 2626 ἦν
1495 2571 1552 2619 τό
1573 2570 1741 2639 μύσος

175 2664 298 2714 ἐκεῖνο
327 2663 650 2734 συμϐέϐηκε,
681 2668 935 2735 μαρτυρεῖ
965 2668 1036 2730 τῷ
1064 2659 1200 2730 λόγῳ
1231 2658 1483 2717 Ἰώσηπος
1508 2659 1554 2709 ἓν
1581 2677 1640 2728 γε
1670 2666 1740 2728 τῷ

172 2749 351 2820 εἰκοστῷ
381 2760 473 2812 τῆς
511 2750 932 2826 Ἀρχαιολογίας
978 2751 1354 2822 συγγράμματι
1384 2750 1449 2800 τὰ
1477 2750 1612 2799 κατὰ
1654 2751 1739 2798 τόν

172 2835 308 2912 ὲδόρα
335 2837 536 2902 διεξιών
545 2882 564 2894 .

229 3017 286 3070 Γ.
319 3024 412 3070 Καὶ
446 3026 609 3070 τοῦτο
641 3020 730 3090 μὲν
758 3012 824 3075 δὴ
855 3023 1102 3068 τοσοῦτον
1137 3034 1150 3045 '
1179 3017 1318 3077 ὅπως
1351 3012 1410 3068 δὲ
1449 3020 1538 3068 καὶ
1579 3014 1741 3067 τοῖλλα

1851 514 2116 569 actiones
2162 516 2391 571 nomini
2444 517 2907 572 convenientes:
2939 515 3104 571 aiunt
3145 517 3303 572 enim
3359 535 3500 575 eum

1851 603 2034 657 fuisse
2063 609 2342 659 vocatum
2365 605 2595 660 Obliam
2624 607 2700 676 (2)
2723 604 2888 677 quod
2912 605 3153 676 quidem
3181 606 3303 660 vult
3325 607 3498 677 signi-

1852 691 2297 765 ﬁcarejustum.
2325 694 2541 751 Oculus
2558 695 2686 765 ejus
2716 695 2863 750 lenis
2895 699 2952 750 et
2979 694 3271 766 placidus,
3296 701 3351 750 et
3377 712 3504 751 vere

1851 779 2072 852 dignus
2102 783 2206 854 qui
2247 788 2710 855 consequeretur
2752 799 2786 838 a
2821 786 2938 838 Deo
2984 783 3454 839 misericordiam
3489 802 3502 852 ;

1851 884 2027 925 aures
2056 870 2274 926 divinis
2306 871 2500 927 verbis
2538 871 2785 928 omnino
2815 877 3032 943 apertae
3067 885 3079 918 :
3120 887 3208 936 os,
3250 871 3311 930 in
3358 887 3503 944 quo,

1855 962 2144 1028 tanquam
2176 958 2390 1031 aliqua
2414 960 2657 1025 delicire,
2677 959 2770 1016 lex
2787 965 3240 1032 eratperpetuo:
3264 975 3502 1026 manus,

1851 1061 1982 1118 quae
2009 1063 2245 1120 semper
2265 1049 2662 1105 movebantur
2682 1048 2761 1105 ad
2776 1048 3276 1105 benefaciendum
3309 1065 3324 1106 :
3366 1065 3507 1106 ven-

1853 1141 1956 1202 ter,
1989 1137 2236 1193 omnino
2290 1137 2409 1192 suis
2456 1137 2766 1195 resistebat
2816 1138 3281 1210 appetitionibus
3315 1156 3327 1194 :
3363 1155 3504 1196 nam

1852 1225 1929 1282 ab
1945 1227 2224 1282 animatis
2252 1233 2307 1282 et
2333 1227 2468 1283 vino
2501 1232 2620 1283 tota
2650 1228 2771 1283 vita
2796 1242 2985 1299 usque
3023 1228 3172 1282 adeo
3198 1227 3502 1295 abstinuit,

1852 1321 1916 1371 ut
1953 1331 2176 1387 aquam
2217 1315 2458 1386 quidem
2498 1317 2863 1372 existimaret
2902 1321 3112 1388 potum
3142 1317 3502 1382 suavissum,

1850 1404 2370 1477 quemadmodum
2387 1408 2442 1460 et
2459 1404 2809 1461 alimentum
2831 1419 3073 1476 panem,
3100 1405 3506 1477 lacrymarum

1851 1497 2049 1563 guttas
2086 1493 2461 1550 abundanter
2499 1494 2755 1550 miscens
2794 1510 2933 1549 cum
2982 1496 3241 1566 potione.
3283 1498 3507 1551 Norunt

1849 1582 2152 1639 obdurata
2177 1582 2322 1652 justi
2361 1598 2578 1653 genua,
2595 1587 2651 1639 et
2681 1599 2889 1639 eorum
2905 1583 3062 1639 velut
3078 1589 3350 1640 emortua
3365 1599 3504 1655 caro

1850 1673 2035 1728 animi
2060 1672 2608 1744 promptitudinem.
2631 1673 2866 1729 Pannus
2884 1673 3069 1729 eratei
3086 1673 3506 1742 gratumindu-

1051 1784 1062 1796 °
1105 1765 1196 1828 νὺξ
1242 1764 1380 1834 αὐτῷ
1433 1769 1524 1816 καὶ
1575 1765 1737 1837 ἡμέρα

1854 1766 2189 1828 mentum,et
2201 1761 2418 1817 sindon
2430 1761 2697 1834 ,quando
2710 1767 2832 1817 erat
2845 1761 2918 1818 ad
2933 1778 3103 1818 sacra
3125 1778 3502 1818 ascensurus.

1853 1853 2002 1906 Inter
2027 1856 2263 1906 noctem
2294 1851 2529 1906 etdiem
2580 1851 2810 1906 nullum
2863 1856 2986 1907 erat
3038 1851 3091 1906 ei
3144 1851 3498 1908 discrimen:

1853 1940 1961 1996 sed
1986 1945 2168 1996 noctu
2196 1955 2433 2012 quoque
2463 1940 2610 1995 lucis
2649 1940 2966 1996 exercebat
3002 1955 3189 2012 opera
3223 1956 3236 2006 ;
3269 1949 3324 1996 et
3353 1941 3500 2010 dies,

1855 2031 1984 2085 vitae
2004 2029 2422 2101 tranquillitate
2436 2029 2814 2086 etturbarum
2829 2029 3504 2092 vacuitate,imitabatur

1850 2119 2028 2191 plane
2057 2119 2241 2174 noctis
2263 2118 2580 2176 silentium.
2624 2119 2756 2175 Suis
2787 2125 2911 2174 erat
2934 2119 3263 2190 jucundus,
3296 2119 3504 2175 alienis

1848 2208 2263 2264 venerandus:
2300 2213 2528 2264 tantam
2570 2208 2732 2264 enim
2780 2209 3022 2265 laudem
3071 2208 3319 2274 virtutis,
3379 2225 3504 2266 non

1849 2297 2043 2354 solum
2076 2299 2238 2370 apud
2298 2298 2546 2364 amicos,
2576 2300 2678 2354 sed
2730 2299 2910 2355 etiam
2963 2299 3126 2370 apud
3157 2299 3394 2370 pietatis
3428 2300 3504 2371 (3)

1851 2387 2060 2457 ignaro
2108 2387 2216 2443 fuit
2255 2387 2522 2450 affectus,
2556 2393 2617 2444 ut
2669 2387 2942 2443 nonnulli
2993 2404 3234 2461 quoque
3299 2405 3504 2445 eorum

1850 2477 1979 2547 ejus
2000 2477 2462 2549 conscripserint
2481 2478 2857 2548 martyrium,
2881 2480 2939 2532 et
2955 2477 3228 2544 dixerint,
3257 2493 3380 2533 non
3402 2493 3505 2534 eos

1853 2565 2049 2620 solum
2074 2565 2254 2620 fuisse
2278 2581 2510 2636 poenas,
2528 2565 2630 2636 qui
2652 2565 3330 2621 Justuminteremerunt
3356 2583 3371 2634 ;
3395 2566 3503 2621 sed

1850 2654 2146 2710 civitatem
2171 2670 2414 2726 quoque
2442 2670 2728 2726 magnam
2749 2653 3044 2725 accepisse
3075 2655 3500 2722 calamitatem,

1850 2744 1909 2800 in
1936 2761 2059 2816 qua
2088 2743 2523 2800 exsecrandum
2541 2743 2683 2797 illud
2710 2742 2956 2812 contigit
2971 2742 3220 2798 facinus.
3248 2744 3311 2798 Ei
3345 2744 3503 2815 quod

1849 2834 2004 2902 dico,
2036 2832 2146 2889 fert
2167 2832 2572 2888 testimonium
2595 2833 2912 2904 Iosephus,
2947 2831 3006 2887 in
3034 2831 3320 2888 vicesimo
3349 2832 3502 2889 libro

1847 2922 2280 2994 Antiquitatum
2308 2921 2371 2976 id
2401 2920 2680 2976 referens.

1921 3012 2015 3066 III.
2077 3011 2394 3077 Quomodo
2452 3015 2653 3066 autem
2698 3014 2758 3067 et
2794 3010 2929 3075 alia,
2981 3027 3112 3082 quae
3143 3010 3222 3067 ad
3268 3010 3500 3081 justum

175 3114 248 3157 τον
276 3103 473 3160 δικαίου
525 3104 625 3160 διὰ
681 3111 885 3179 μνήμης
922 3112 1029 3166 τοῖς
1073 3105 1358 3179 φιλαρέτοις
1415 3105 1536 3176 ὑμῖν
1581 3124 1737 3163 ποιη-

1852 3101 2160 3176 pertinent,
2185 3100 2357 3156 vobis
2388 3099 2612 3156 virtutis
2660 3099 2999 3155 amantibus
3054 3115 3162 3171 pro
3216 3099 3503 3170 dignitate

175 3197 337 3265 σόμεθα
381 3213 395 3262 ;
444 3197 607 3270 ’Δρτι
650 3199 740 3267 μὲν
781 3197 805 3247 6
852 3197 1042 3267 Κύριος
1092 3195 1211 3265 ὑμῖν
1257 3202 1347 3246 του
1394 3196 1530 3245 κατὰ
1570 3196 1742 3268 σάρκα

173 3290 468 3342 κεκοινώνηκε
532 3289 858 3356 μυστηρίου,
917 3288 1002 3335 καὶ
1058 3283 1083 3334 6
1137 3287 1299 3355 μέγας
1358 3283 1503 3344 οὗτος
1561 3283 1736 3336 Ἰάκω-

171 3369 231 3430 ϐος
251 3371 325 3424 ἐπὶ
373 3383 472 3426 τῶν
515 3374 713 3425 οἰάκων
763 3382 858 3434 τῆς
908 3381 1007 3424 τῶν
1031 3371 1398 3444 Ἰεροσολύμων
1429 3371 1737 3432 Έκκλησίας

170 3461 399 3522 καθέζεται
445 3480 457 3492 ’
494 3460 596 3515 δύο
644 3458 884 3514 δεόντων
925 3469 1024 3512 τῶν
1065 3459 1300 3531 ἀγόντων
1352 3460 1620 3535 ἄνθρωπον
1669 3461 1737 3521 εἰς

169 3549 404 3616 τελείωσιν,
468 3555 693 3624 Θεωρίας
771 3555 904 3622 φημὶ
988 3555 1078 3601 καὶ
1143 3550 1395 3623 πράξεως,
1454 3549 1507 3612 ἐξ
1566 3551 1633 3600 ὧν
1682 3551 1736 3602 αἱ

173 3634 314 3709 ἀρεταὶ
361 3644 414 3693 τό
462 3643 661 3716 κράτος
719 3639 1009 3711 εἰλήφασιν,
1069 3640 1365 3701 ἐξεταστέον
1417 3637 1464 3689 ἐν
1514 3638 1734 3711 ἑκατέρῳ

170 3732 238 3777 τοὺ
266 3725 438 3803 ἐοδρός
482 3735 542 3781 τό
599 3725 897 3800 εὐδόκιμον.
940 3727 1075 3780 Ἀλλ’
1116 3727 1318 3796 ἐπείπερ
1371 3723 1464 3779 διὰ
1525 3730 1735 3802 θεωρίας

172 3816 362 3885 μάλιστα
400 3823 527 3892 πρὸς
583 3822 715 3871 Θεὸν
746 3820 773 3876 ἠ
823 3816 1099 3882 ἀνάϐασις,
1150 3825 1353 3891 πρῶτον
1394 3820 1450 3868 τὸ
1485 3819 1730 3891 θεωρητι-

173 3909 239 3956 κὸν
273 3906 448 3960 ἐκείνου
491 3909 615 3960 καθ’
648 3910 768 3959 ὅσον
799 3909 904 3958 οἷον
935 3926 989 3958 τε
1018 3903 1374 3978 διεξέλθωμεν,
1411 3903 1520 3957 εἶτα
1549 3911 1636 3957 καὶ
1677 3910 1734 3958 τό

173 4000 416 4068 πρακτικόν
438 3998 505 4058 εἰς
551 3993 776 4068 δύναμιν
821 3995 1137 4068 ἐξετάσωμεν
1170 4011 1182 4024 '
1214 4003 1413 4069 χρῆναι
1443 3997 1540 4070 γὰρ
1589 4002 1737 4067 οἶμαι

173 4087 238 4133 τὸν
263 4084 589 4138 ἑπισκοπικόν
651 4084 911 4157 ὀφθαλμόν
967 4093 1038 4154 τῷ
1091 4086 1388 4158 θεωρητικῷ
1425 4085 1736 4156 εὐμνυεσθαι

173 4176 275 4244 πρὸς
302 4184 391 4226 τῷν
422 4175 612 4244 ἄλλων,
645 4175 688 4226 εἰ
718 4178 885 4226 καὶτὸ
916 4177 1200 4245 πρακτικόν
1224 4172 1463 4226 ἐπίϐασιν
1496 4169 1623 4226 εἶναι
1644 4181 1735 4226 τοῦ

174 4263 449 4335 θεωρητικοῦ
470 4283 600 4325 τινες
626 4263 991 4336 ὑπειλήφασιν.
1027 4263 1278 4316 Ἐνταῦθα
1302 4267 1469 4315 τοίνυν
1494 4259 1735 4316 δεδόσθω

171 4355 279 4402 κατὰ
304 4361 647 4426 συγχώρησιν
671 4356 728 4404 τὸ
759 4355 1072 4417 θεωρητικόν
1091 4353 1336 4420 ἡγεῖσθαι
1365 4360 1458 4413 τῆς
1481 4352 1733 4425 πράξεως,

173 4438 342 4517 ἐπείπερ
371 4452 441 4514 τῷ
469 4451 746 4516 πρακτικῷ
767 4450 857 4495 τοῦ
889 4437 1102 4494 δικαίου
1128 4449 1388 4500 συνῆπται
1408 4447 1497 4495 καὶ
1524 4446 1579 4495 τό
1605 4462 1736 4516 μαρ-

171 4530 337 4600 τυρίον.

227 4618 287 4671 Δ’.
318 4620 452 4672 ’Δλλ¹
510 4623 625 4673 ἔστι
675 4626 1002 4678 κατανοῆσαι
1057 4628 1257 4692 τρανῶς
1298 4618 1576 4672 ἐπίσκοπον
1615 4633 1732 4673 ποι-

175 4711 386 4773 μαίνοντα
432 4710 541 4780 μετ’
599 4709 898 4781 ἕπιστήμης
935 4712 993 4760 τὸ
1026 4714 1286 4781 ποίμνιον,
1317 4713 1404 4760 τόν
1459 4717 1520 4781 τῇ
1571 4712 1733 4762 καθο-

174 4790 265 4866 iure
296 4805 378 4848 τοῦ
405 4794 594 4871 ἀνδρὸς
625 4797 906 4869 Ἐπιστολῇ
964 4796 1368 4868 ἐντυγχανοντα.
1405 4802 1504 4848 Καὶ
1534 4804 1734 4869 πρῶτόν

1546 4883 1734 4944 δηλοῦ-

177 4899 220 4949 7:
256 4888 304 4935 τό
341 4887 387 4936 ἐν
430 4895 490 4960 τῇ
537 4886 794 4959 ἐπιγραφῇ
846 4884 1000 4938 καλὸν
1040 4889 1111 4958 μὴ
1159 4890 1444 4959 παροπτέον
1480 4903 1492 4914 ·

216 5059 300 5184 ’(2)
331 5062 548 5120 Obliam
578 5065 755 5118 etiam
775 5062 988 5133 legitur
1017 5061 1181 5134 apud
1214 5061 1553 5124 Eusebium,
1578 5063 1735 5118 unde

216 5145 257 5184 lc
294 5148 427 5184 ocus
460 5141 820 5184 accentus.et
844 5151 914 5184 ex
932 5135 1042 5184 hoc
1069 5135 1228 5184 anud
1254 5132 1526 5184 Ruﬁnum
1558 5141 1735 5184 alnuc

180 5124 427 5207 locus
460 5124 915 5207 acceptus,etex
931 5135 1042 5189 hoc
1058 5124 1228 5207 .apud
1254 5132 1526 5207 Rufinum
1558 5141 1736 5206 atquc

182 5197 760 5277 Nicephorumzverum
785 5205 938 5261 male
957 5207 1050 5260 hic
1073 5197 1315 5277 ponitur
1339 5197 1735 5277 Oblias,qu'asi

182 5275 430 5339 Signiﬁcat
456 5279 847 5332 Justum.cum
866 5275 1151 5332 Eusebius
1183 5279 1265 5330 sic
1277 5275 1496 5331 habeat
1511 5275 1734 5329 ἐκαλεῖτο

180 5345 350 5418 ρίκαιος
403 5353 492 5419 καὶ
545 5348 754 5408 Ὠϐλίας
791 5350 816 5400 6
866 5349 1004 5400 ἐστιν
1055 5348 1317 5405 ἂληνιστὶ
1366 5353 1588 5419 περιοχὴ
1643 5357 1735 5400 τοῦ

184 5417 279 5484 ξων
305 5424 384 5469 καὶ
407 5417 918 5484 δικαιοσύνηθηοιι
951 5421 1340 5474 commodum
1365 5417 1602 5474 sensum
1636 5420 1735 5474 ha-

182 5480 401 5562 !{eljcum
418 5507 617 5562 revera
639 5480 892 5562 Ophiias,
906 5491 1074 5561 juxta
1099 5494 1415 5546 Henricum
1436 5491 1732 5562 Valesium

186 5550 427 5632 Hebraice
443 5561 670 5619 dicatur
681 5550 799 5620 arx
809 5550 1321 5632 poﬁuliﬁicolaus
1337 5566 1532 5632 tamen
1555 5561 1733 5618 Felie-

185 5639 263 5682 τοι
279 5629 429 5688 lib.m
445 5633 753 5692 ﬁscellam.
771 5629 1011 5692 sacrum
1025 5633 1230 5691 mallet
1246 5632 1332 5690 sic
1347 5631 1485 5705 legi,
1504 5632 1734 5689 ἐκαλεῖτο

536 5738 774 5797 ΡΑτειοι..
815 5738 914 5797 Cn.
956 5737 1124 5800 CXV.

1848 3191 2292 3248 recensebimus
2306 3190 2334 3244 7
2345 3191 2675 3262 Postquam
2691 3189 2972 3246 Dominus
2984 3205 3218 3245 carnem
3240 3194 3503 3245 nostram

1848 3297 2152 3339 assumere
2177 3280 2461 3350 dignatus
2479 3278 2608 3345 fuit,
2635 3294 2894 3348 magnus
2922 3279 3016 3334 hic
3035 3279 3293 3334 Jacobus
3317 3277 3504 3334 tenuit

1846 3371 2082 3428 clavum
2116 3369 2386 3425 Ecclesiae
2417 3367 2970 3440 Hierosolymitanae
2993 3368 3087 3438 (4).
3123 3367 3270 3422 Cum
3301 3372 3502 3424 autem

1845 3460 1968 3516 duo
2000 3461 2134 3524 sint,
2163 3474 2298 3530 quae
2336 3456 2646 3513 hominem
2685 3457 2914 3512 ducunt
2943 3457 3020 3512 ad
3053 3457 3497 3528 perfectionem,

1845 3548 2288 3620 contemplatio,
2310 3547 2581 3618 inquam,
2600 3547 2844 3622 etacjjo,
2869 3562 2942 3601 ex
2963 3546 3184 3617 quibus
3209 3546 3330 3601 vim
3352 3545 3503 3601 acci-

1845 3639 2010 3710 piunt
2039 3639 2280 3693 virtutes
2308 3652 2322 3701 ;
2351 3634 2817 3690 examinandum
2843 3640 2953 3697 est,
2982 3651 3166 3706 quam
3223 3634 3319 3688 hic
3350 3638 3503 3689 esset

1844 3728 1904 3783 in
1959 3732 2208 3798 utroque
2257 3724 2523 3779 eximius.
2571 3723 2684 3778 Sed
2730 3723 3015 3793 quoniam
3074 3723 3337 3777 maxime
3397 3738 3502 3793 per

1845 3815 2408 3886 contemplationem
2461 3811 2536 3866 ad
2582 3812 2762 3865 Deum
2814 3817 2905 3866 est
2955 3827 3263 3873 ascensus,
3294 3810 3501 3881 quoad

1845 3907 1972 3977 ejus
2002 3903 2126 3958 fieri
2159 3906 2370 3974 potest,
2405 3901 2570 3972 prius
2597 3915 2908 3954 narremus
2937 3900 3011 3954 de
3038 3899 3193 3954 illius
3234 3905 3500 3954 contem-

1846 3994 2124 4068 platione,
2157 3992 2372 4047 deinde
2402 3989 2581 4046 etiam
2614 3989 2741 4060 ejus
2771 3989 3069 4045 actionem
3097 3987 3500 4057 ponderemus

1846 4099 1953 4155 pro
1984 4079 2540 4137 viribus.'Existimo
2570 4075 2730 4134 enim
2761 4081 3032 4148 oportere
3065 4075 3332 4148 episcopi
3363 4092 3499 4131 ocu-

1845 4171 1967 4227 lum
2009 4176 2144 4228 ante
2183 4169 2298 4225 alia
2335 4167 2619 4224 delectari
2656 4167 2712 4221 vi
2752 4165 3222 4237 contemplandi,
3264 4165 3498 4221 etiamsi

1844 4262 2139 4317 actionem
2165 4257 2408 4331 quidam
2439 4260 2724 4329 putarunt
2754 4270 2885 4310 esse
2914 4269 3231 4310 ascensum
3264 4253 3338 4308 ad
3361 4270 3500 4309 con-

1847 4355 1898 4406 te
1908 4367 1960 4404 ιι]
1970 4349 2315 4422 plationem.
2331 4345 2702 4402 Concedatur
2714 4360 2878 4416 ergo,
2892 4343 3053 4415 quod
3070 4343 3498 4414 contemplatio

1845 4439 2143 4511 praecedat
2182 4435 2501 4500 actionem,
2542 4432 3040 4506 quandoquidem
3084 4432 3228 4504 justi
3282 4431 3501 4488 actioni

1845 4529 2236 4600 conjunctum
2267 4531 2353 4581 est
2379 4525 2556 4579 etiam
2589 4521 2965 4594 martyrium.

1916 4618 2008 4673 IV.
2029 4615 2340 4683 Quomodo
2360 4614 2673 4687 epiSCOpus
2695 4626 2934 4682 gregem
2959 4626 3098 4667 cum
3121 4609 3367 4665 scientia
3393 4625 3504 4681 pa-

1844 4724 2000 4765 scere
2057 4706 2288 4771 debeat,
2344 4703 2393 4758 is
2459 4707 2654 4774 aperte
2723 4706 2917 4772 potest
2975 4699 3318 4769 intelligere,
3397 4699 3501 4770 qui

1845 4797 2209 4856 Catholicam
2226 4795 2274 4866 ej
2288 4811 2354 4848 us
2371 4789 2860 4861 legitEpistolam.
2882 4792 2946 4844 Et
2962 4789 3225 4860 primum
3255 4787 3501 4858 quidem

1844 4890 1926 4957 id,
1949 4886 2110 4961 quod
2167 4890 2254 4942 est
2300 4884 2360 4938 in
2423 4879 2807 4952 inscriptione
2868 4878 3194 4948 egregium,
3237 4891 3358 4932 non
3417 4882 3503 4931 est

1845 5059 2047 5115 Σαδὸὶκ
2101 5065 2189 5112 καὶ
2237 5058 2394 5130 ’.Ο-ἀμ,
2447 5057 2473 5108 ὅ
2523 5055 2673 5130 ἐστιν.
2725 5051 2948 5130 δίκαιοςΔ
2983 5057 3072 5104 καὶ
3125 5057 3350 5130 περιοχὴ
3407 5059 3499 5130 τοῦ

1843 5134 1968 5186 λαοῦ
2000 5151 2010 5188 :
2038 5122 2460 5187 nominabatur
2493 5127 2713 5184 Saddic
2753 5132 2808 5181 et
2839 5126 3056 5183 Osliam
3090 5122 3255 5195 qudd
3277 5122 3381 5178 est
3405 5122 3499 5192 ju-

1847 5212 1970 5261 stus
1997 5213 2050 5258 et
2090 5201 2341 5258 munitio
2382 5199 2609 5326 Populi.
2690 5269 2700 5278 _
2768 5267 2778 5277 .
3307 5264 3317 5275 _

1917 5276 1993 5326 (3i
2023 5276 2264 5326 Judmos
2296 5274 2372 5326 sci
2406 5273 2532 5326 icet.
2577 5270 3040 5325 Christianorum
3074 5270 3317 5326 mysteri

1917 5276 1993 5348 (3)
2023 5276 2264 5329 Judesos
2296 5270 2532 5335 scilicet,
2577 5270 3040 5325 Christianorum
3074 5270 3499 5338 mysteriorum

1846 5355 2612 5490 exgrirggaaceadverbum
2640 5429 2650 5466 :
2677 5431 2704 5462 «
2727 5413 2808 5490 Nu
2820 5425 2922 5490 per
2938 5408 3184 5490 quidem
3215 5409 3501 5466 Dominus

1845 5481 2133 5562 particeps
2145 5486 2317 5562 nobis
2333 5486 2520 5562 factus
2534 5489 2618 5562 e_s_t
2634 5483 2891 5562 mysteri
2901 5481 3472 5562 secundumcaruem
3485 5521 3498 5546 ,

1844 5552 1900 5618 et
1914 5552 2310 5632 magnushicJ
2323 5552 2833 5632 acobusEccl‘esitB
2847 5552 3399 5632 Hierosolymitanm
3421 5560 3504 5608 te-

1842 5625 2170 5701 nletclivum
2185 5647 2199 5699 ;
2217 5653 2244 5682 ››
2260 5646 2386 5702 quae
2401 5627 2563 5684 malui
2577 5625 2803 5683 clariori
2816 5625 3165 5699 paraphrasi
3178 5625 3502 5699 explicare.

3184 5730 3218 5806 Ἰ
