4066 6224
503 348 610 411 203
1915 342 2178 406 MENSIS
2219 340 2466 406 MAlUS.
3759 346 3872 408 204

500 475 1077 553 praetermittendum
1107 476 1414 547 ;protinus
1444 490 1628 543 enim,
1662 480 1738 543 et,
1767 478 1832 531 ut
1855 475 2085 541 dicitur,

2264 494 2346 528 ται
2376 477 2477 549 γὰρ
2533 475 2679 537 εὐθὺς
2732 474 2833 527 ἀπὸ
2884 480 3135 550 γραμμῆς
3178 481 3270 527 τοῦ
3320 474 3472 546 ἁγίου
3518 479 3576 529 τὸ
3606 480 3816 551 μέτριον
3856 515 3869 530 .

502 566 859 635 carceribus,
890 562 1260 633 signiﬁcatur
1287 566 1471 621 sancti
1496 565 1808 621 modestia.
1838 564 1931 619 Sic
1956 568 2108 619 autei

2267 567 2379 636 ἔχει
2419 563 2478 619 δὲ
2518 566 2682 628 οὕτως
2720 584 2730 594 ·
2764 588 2791 615 ‹‹
2826 564 3069 628 Ἰάκωϐος
3110 574 3243 618 Θεοῦ
3297 571 3386 618 καὶ
3439 573 3633 643 Κυρίου
3688 570 3870 627 Ἰησοῦ

502 657 683 713 habet
715 657 731 691 ¹
767 674 780 707 :
837 675 865 705 ς(
904 653 1158 709 Jacobus
1228 654 1326 709 Dei
1388 661 1443 709 et
1477 654 1711 709 Domini
1750 656 1880 709 Jesu
1947 652 2108 709 Chris

2266 663 2501 729 Χριστοῦ
2534 653 2738 721 δοῦλος,
2774 664 2889 717 ταῖς
2922 651 3131 708 δώδεκα
3163 655 3345 728 φυλαῖς
3388 665 3503 718 ταῖς
3556 657 3604 709 ἐν
3636 666 3695 731 τῇ
3742 656 3869 711 δια-

499 762 725 809 servus,
754 743 1073 799 duodecim
1105 742 1396 808 tribubus,
1426 760 1561 815 qua:
1613 748 1750 799 sunt
1802 743 1862 797 in
1925 742 2105 813 dispet

2270 750 2441 814 σπορᾲ
2478 750 2768 816 χαίρειν.»
2821 746 2962 807 Ἐξὸν
3010 748 3111 818 γὰρ
3163 748 3302 815 αὐτῷ
3350 745 3638 799 ἀπόστολον
3696 748 3868 800 καλεῖν

500 835 689 905 sione,
733 832 1007 888 salutem.
1052 853 1080 881 ι)
1132 835 1279 888 Nam
1342 849 1481 907 cum
1534 833 1585 888 ei
1637 832 1834 888 liceret
1890 831 2106 903 seipsui

2268 830 2466 897 ἑαυτὸν,
2496 835 2525 891 ἡ
2561 834 2864 901 ἐπίσκοπον,
2921 836 2949 893 ἦ
3003 840 3060 886 τό
3110 853 3169 905 γε
3217 836 3394 904 μεῖζον
3438 835 3595 888 εἰπεῖν
3644 833 3870 909 ἀδελφόν

497 939 713 981 vocare
742 922 1103 994 apostolum,
1129 926 1231 977 aut
1250 922 1622 993 episcopum,
1643 927 1744 977 aut
1765 921 1922 992 quod
1956 921 2103 990 maji

2267 929 2357 972 τοῦ
2400 927 2613 996 Κυρίου,
2654 925 2730 984 οἷς
2780 923 3025 995 ὀνόμασιν
3067 924 3219 975 αὑτὸν
3255 928 3344 975 καὶ
3391 924 3599 987 Παῦλος
3654 928 3870 999 γράφων

499 1018 589 1069 est
617 1012 862 1068 fratrem
881 1011 1132 1075 Domini,
1160 1012 1381 1082 quibus
1414 1010 1979 1081 nominibusipsum
2011 1026 2105 1081 qm

2268 1010 2521 1072 Γαλάταις
2569 1009 2829 1071 ἐδήλωσεν
2866 1030 2879 1043 ·
2931 1014 2957 1065 ὁ
3012 1010 3071 1065 δὲ
3127 1020 3231 1073 τοῖς
3278 1018 3653 1087 ταπεινοτέροις
3699 1018 3874 1085 φαίνε-

499 1119 616 1178 que
648 1102 867 1158 Paulus
899 1099 1257 1171 signiﬁcavit
1288 1101 1553 1157 scribens
1570 1101 1642 1156 ad
1683 1100 1964 1164 Galatas’,
1995 1099 2099 1153 vid

2268 1119 2353 1150 ται
2374 1105 2597 1175 χαίρων,
2628 1106 2713 1153 καὶ
2756 1098 2939 1154 δοῦλον
2983 1102 3160 1155 ἑαυτὸν
3204 1109 3438 1175 Χριστοῦ
3464 1110 3554 1154 τοῦ
3585 1110 3717 1155 Θεοῦ
3750 1110 3870 1165 ταῖς

500 1198 595 1249 tur
616 1190 893 1247 delectari
922 1189 1344 1245 humilioribus
1375 1208 1391 1261 ;
1428 1205 1488 1244 se
1524 1206 1651 1243 esse
1682 1204 1917 1244 servum
1950 1187 2106 1242 Chris

2268 1188 2451 1260 φυλαῖς
2498 1198 2589 1241 τοῦ
2621 1190 2832 1263 Ἰσραὴλ
2872 1188 3000 1243 εἶναι
3046 1192 3286 1263 γνωρίζει
3319 1211 3331 1223 ·
3362 1195 3423 1242 τῦ
3459 1188 3743 1244 ὶδιαίτατον
3775 1199 3872 1244 τοῦ

501 1280 905 1350 Deisigniﬁcat
938 1278 1198 1335 tribubus
1214 1278 1464 1343 lsraelis,
1484 1277 1575 1332 vel
1591 1278 1847 1333 maxime
1862 1276 2107 1348 propriui

2270 1275 2599 1331 διδασκάλου
2627 1282 2941 1354 παράσημον
2982 1286 3074 1338 τὴν
3104 1284 3545 1354 μετριοφροσῦνην
3574 1284 3730 1353 ἔχων,
3778 1287 3872 1333 καὶ

500 1370 771 1439 magistri
806 1369 1038 1437 insigne
1068 1366 1300 1422 habens
1335 1367 1834 1436 moderationem,
1864 1372 1919 1422 et
1949 1382 2020 1421 ea
2050 1365 2096 1419 si

2268 1372 2430 1440 ταύτῃ
2466 1375 2833 1441 σεμνυνόμενος
2857 1369 3045 1441 μᾶλλον
3077 1370 3105 1428 ἦ
3139 1379 3209 1440 τῷ
3236 1378 3331 1432 τῆς
3362 1369 3651 1433 ἐπισκοπῆς
3679 1376 3769 1423 καὶ
3794 1379 3867 1441 τῷ

497 1458 693 1528 magis
706 1458 970 1530 placens,
986 1472 1171 1529 quam
1185 1456 1568 1528 episcopatus
1583 1461 1762 1528 atque
1780 1455 2103 1511 fraternitat

1439 1460 1568 1512 atus
1583 1461 1762 1528 atque
1780 1454 2157 1511 fraternitatis
2265 1466 2359 1519 τῆς
2382 1454 2727 1529 ἀδελφότητος
2769 1459 3045 1532 ἀξιώματι.

498 1548 807 1618 dignitate.

569 1639 634 1691 V.
663 1636 778 1691 Sed
808 1650 937 1705 age,
968 1634 1279 1703 nonnulla,
1313 1650 1449 1706 quae
1477 1634 1756 1703 leguntur
1788 1634 1845 1688 in
1878 1631 2153 1703 Epistola,

2339 1634 2410 1690 E'.
2442 1635 2580 1690 Ἀλλ’
2632 1637 2770 1698 ὅπως
2800 1640 2908 1689 ἔνια
2936 1642 3025 1689 καὶ
3055 1645 3154 1689 τῶν
3202 1645 3265 1709 τῇ
3315 1637 3594 1710 Ἐπιστολῇ
3644 1641 3872 1712 φερομέ-

499 1730 789 1798 quantum
836 1724 1200 1789 conceditur,
1227 1740 1681 1796 persequamur,
1712 1739 1813 1794 per
1859 1738 1995 1794 qua:
2050 1737 2105 1777 er

2267 1745 2363 1776 νων
2402 1727 2537 1777 κατὰ
2567 1728 2623 1777 τό
2655 1724 2923 1798 ἐγχωροῦν
2969 1723 3324 1798 διεξέλθωμεν,
3382 1723 3459 1779 δι’
3504 1728 3570 1778 ὧν
3617 1728 3872 1785 εὔληπτον

500 1814 822 1871 manifesta
852 1812 1004 1869 illius
1054 1814 1272 1869 mentis
1322 1814 1568 1885 puritas,
1610 1818 1665 1868 et
1714 1816 1994 1867 accurata
2055 1809 2106 1863 de

2270 1817 2416 1866 ἔσται
2446 1819 2534 1866 καὶ
2565 1824 2655 1875 τῆς
2683 1812 2919 1877 διανοίας
2949 1817 3143 1868 ἐκείνου
3193 1820 3250 1868 τό
3299 1818 3524 1888 καθαρὸν
3566 1821 3653 1868 καὶ
3699 1819 3728 1874 ἠ
3778 1824 3872 1877 τῆς

500 1905 705 1959 ctrina.
738 1906 884 1959 Nam
916 1918 1054 1957 cum
1083 1902 1295 1957 fuisset
1326 1901 1385 1956 in
1433 1901 1728 1973 principio
1778 1898 2072 1971 Epistolas,
2100 1919 2106 1949 ι

2272 1900 2629 1964 διδασκαλίας
2661 1903 2917 1978 ἀκρίϐεια.
2964 1910 3062 1957 Καὶ
3088 1908 3188 1979 γὰρ
3236 1904 3283 1955 ἐν
3310 1912 3371 1977 τῇ
3416 1904 3558 1980 ἀρχῇ
3593 1914 3683 1966 τῆς
3721 1907 3874 1959 Ἐπι-

501 1992 940 2065 contemplante
985 1992 1168 2047 animi
1225 1991 1398 2047 oculo
1448 1992 1903 2053 considerasset,
1948 1993 2009 2043 ut
2070 2003 2107 2042 et

2273 1992 2457 2051 στολῆς
2512 1998 2780 2064 γενόμειος
2841 1998 2928 2067 κρὶ
2992 2000 3260 2055 σκοπήσας
3304 2002 3376 2064 τῷ
3426 1997 3722 2069 θεωρητικῷ
3772 2002 3872 2058 τῆς

499 2098 893 2153 consequens,
913 2081 1077 2152 quod
1092 2081 1362 2153 quisquis
1382 2079 1459 2135 ad
1482 2083 1663 2135 Deum
1679 2079 1923 2143 accedit,
1950 2076 2105 2132 incid

2270 2081 2456 2152 ψυχῆς
2489 2082 2754 2155 ὀφθαλμῷ,
2807 2084 2887 2135 ὅτι
2934 2086 3101 2135 πάντα
3151 2080 3217 2143 δὴ
3260 2087 3345 2135 τόν
3395 2092 3465 2154 τῷ
3499 2092 3612 2154 Θεῷ
3642 2104 3873 2159 προσερ-

500 2172 561 2226 in
594 2171 943 2226 tentationes
969 2169 1131 2241 (Boni
1162 2170 1321 2224 enim
1356 2169 1715 2240 principium
1750 2175 1805 2223 et
1835 2166 2027 2233 radix,
2068 2182 2106 2220 et

2272 2176 2493 2241 χύμενον
2551 2170 2830 2224 ἀκόλουθον
2908 2180 3217 2247 πειρασμοῖς
3299 2178 3624 2247 περιπίπτειν
3693 2172 3867 2247 (ἀρχὴ

503 2257 657 2315 Deus
690 2276 702 2314 :
737 2259 964 2314 bonum
996 2263 1221 2325 autem,
1248 2262 1334 2313 est
1362 2258 1547 2312 virtus
1591 2273 1602 2311 :
1638 2258 1736 2312 via
1771 2261 1991 2321 autem,
2018 2270 2109 2326 qui

2270 2264 2360 2331 μὲν
2390 2264 2490 2335 γὰρ
2547 2266 2635 2312 καὶ
2680 2263 2807 2335 ῥίζα
2856 2268 2946 2314 τοῦ
2994 2263 3193 2332 ἀγαθοῦ
3226 2264 3251 2313 ό
3290 2266 3428 2327 Θεὸς,
3483 2261 3676 2333 ἀγαθὸν
3725 2259 3785 2316 δε
3834 2266 3866 2322 ἠ

504 2350 614 2404 fert
641 2348 715 2403 ad
747 2347 1046 2410 virtutem,
1080 2351 1167 2401 est
1194 2362 1403 2417 aspera
1464 2352 1519 2402 et
1571 2346 1849 2412 difﬁcilis,
1873 2352 1929 2400 et
1969 2343 2110 2398 mult

2273 2348 2445 2421 ἀρετὴ,
2497 2353 2525 2408 ἡ
2577 2347 2635 2402 δέ
2672 2370 2727 2422 γε
2777 2356 2900 2425 πρὸς
2940 2350 3124 2424 ἀρετήν
3169 2356 3395 2426 φέρουσα
3436 2354 3660 2427 τραχεῖά
3688 2372 3738 2404 τε
3776 2359 3871 2405 καὶ

502 2436 683 2492 habet
710 2435 960 2491 adversa
992 2450 1005 2489 :
1041 2439 1097 2489 et
1120 2433 1255 2489 ideo
1282 2435 1474 2490 evenit
1513 2435 1780 2498 omnino,
1818 2439 1875 2490 ut
1926 2434 2029 2507 qui
2078 2452 2108 2491 a

2271 2442 2531 2512 προάντης
2555 2445 2644 2492 καὶ
2674 2440 2835 2492 πολλά
2863 2444 2927 2492 τὰ
2980 2440 3302 2513 ἀντικείμενα
3350 2444 3553 2512 ἔχουσα
3606 2457 3618 2469 ’
3655 2446 3742 2493 καὶ
3775 2440 3875 2494 διά

504 2526 693 2580 Deum
710 2524 1018 2591 accedunt,
1044 2524 1103 2578 in
1124 2539 1219 2578 res
1242 2522 1509 2579 incidant
1539 2523 1881 2595 inaequales)
1915 2527 2110 2582 :exho:

2272 2535 2423 2580 τοῦτο
2478 2529 2749 2601 συμϐαίνει
2798 2532 2997 2589 πάντως
3045 2538 3155 2590 τοῖς
3210 2534 3339 2601 πρὸς
3389 2533 3515 2583 Θεὸν
3568 2529 3876 2603 ἐρχομένοις

502 2618 657 2670 tatur
682 2616 922 2670 sanctos
951 2612 1027 2669 ad
1058 2612 1343 2667 invictam
1379 2612 1726 2683 patientiam
1754 2618 1810 2667 et
1840 2630 2108 2687 nunquai

2274 2616 2563 2689 ἀνωμάλοις
2592 2621 2870 2690 πράγμασι
2924 2619 3273 2691 περιπίπτειν)
3320 2636 3331 2648 ·
3370 2627 3527 2671 τοῦτο
3559 2616 3625 2678 δὴ
3672 2626 3874 2678 σκοπή-

504 2702 836 2767 cedentem,
854 2702 1043 2757 bonos
1078 2702 1315 2756 imitans
1333 2716 1651 2773 puerorum
1673 2708 2110 2774 praeceptores,i

2276 2723 2373 2766 σας
2418 2704 2606 2777 ἀλείφει
2647 2709 2764 2766 τοὺς
2815 2710 3033 2767 πιστοὺς
3080 2710 3210 2778 πρὸς
3265 2707 3525 2778 ὑπομονὴν
3577 2704 3870 2778 ἀνένδοτον,

505 2791 606 2864 qui
627 2790 1044 2847 convenienter
1058 2789 1291 2859 legibus
1308 2790 1724 2845 decertationis
1743 2791 1936 2846 sciunt
1958 2792 2111 2847 decet

2273 2797 2392 2855 τοὺς
2449 2798 2635 2865 σοφοὺς
2683 2798 2994 2866 μιμούμενος
3057 2792 3423 2869 παιδοτρίϐας,
3472 2800 3561 2848 καὶ
3606 2799 3739 2847 κατά
3782 2800 3874 2849 νό-

507 2884 652 2936 tare.
677 2880 821 2936 Dicit
841 2880 1001 2935 enim
1030 2899 1041 2938 :
1076 2900 1099 2929 ιι
1126 2881 1312 2935 Omne
1336 2880 1623 2947 gaudium
1657 2879 2009 2945 existimate,
2040 2881 2113 2936 fre

2274 2902 2400 2955 μους
2477 2883 2741 2945 ἀθλήσεως
2821 2884 2984 2944 καλῶς
3061 2888 3344 2956 γυμνάζειν
3422 2884 3798 2957 ἐπισταμένους
3857 2903 3870 2916 ⁸

508 2975 625 3027 tres
664 2970 799 3029 mei.
832 2968 1079 3040 quando
1110 2969 1167 3022 in
1203 2970 1551 3023 tentationes
1584 2968 1772 3023 varias
1813 2969 2114 3025 incideriti:

2276 2977 2405 3043 φησί
2432 2974 2531 3046 γάρ
2566 2993 2578 3003 ·
2608 2994 2633 3023 ‹‹
2661 2980 2840 3024 Πᾶσαν
2867 2976 3043 3044 χαρὰν
3074 2974 3369 3043 ἡγήσασθε,
3402 2971 3615 3047 ἀδελφοί
3640 2994 3762 3047 μου,
3794 2976 3872 3027 ὅτ’

511 3062 762 3115 scientes
779 3059 937 3129 quod
964 3058 1235 3128 probatio
1257 3058 1391 3111 lidei
1424 3064 1627 3112 vestra}
1653 3060 1994 3128 patientiam
2021 3076 2117 3131 ope

2274 3061 2333 3112 ἃν
2382 3069 2691 3134 πειρασμοῖς
2734 3067 3045 3136 περιπέσητε
3092 3063 3349 3125 ποικίλοις
3378 3081 3389 3093 ·
3424 3084 3451 3116 ‹
3496 3084 3585 3116 και
3625 3066 3654 3122 ἡ
3704 3064 3871 3129 αἰτία,

508 3148 781 3219 ratur(3):
802 3145 1108 3217 [patientia
1120 3153 1319 3199 autem
1341 3145 1663 3216 perfectum
1680 3162 1831 3216 opus
1850 3148 2110 3213 habeam

2274 3173 2300 3200 ‹‹
2338 3147 2568 3213 Εἰδότες,
2616 3156 2768 3222 φησὶ,
2820 3154 2897 3203 ὅτι
2946 3156 3003 3203 τό
3054 3148 3292 3223 δοκίμιον
3341 3154 3482 3223 ὑμῶν
3524 3161 3618 3214 τῆς
3647 3158 3877 3215 πίστεως

509 3237 568 3293 in
601 3236 764 3293 nullo
809 3234 1118 3290 deﬁciatis.
1156 3234 1210 3289 Si
1255 3234 1346 3288 cui
1403 3240 1603 3289 autem
1674 3242 1934 3291 vestrum
1994 3238 2115 3293 dee:

2271 3240 2532 3309 ὑπομονὴν
2565 3240 2942 3312 κατεργάζεται
3099 3260 3127 3290 ››
3174 3244 3301 3292 Εἶτα
3331 3245 3388 3293 τὸ
3418 3246 3535 3314 περὶ
3566 3247 3659 3300 τὴν
3689 3246 3874 3295 πίστιν

511 3326 819 3398 sapientia,
854 3329 1012 3397 petat
1034 3339 1069 3379 a
1091 3324 1231 3389 Deo,
1260 3322 1361 3394 qui
1392 3324 1494 3378 dat
1526 3323 1808 3378 omnibus
1861 3325 2117 3383 absoluti

2272 3327 2617 3399 ἀναμφίλογον
2674 3348 2727 3380 τε
2789 3333 2875 3380 καὶ
2916 3331 3164 3402 σταθερὸν
3216 3330 3529 3388 ὑποτίθησιν
3581 3350 3594 3363 ο
3648 3352 3675 3382 ι(
3735 3337 3874 3406 Ανὴρ

510 3421 565 3472 et
596 3430 715 3470 non
743 3413 1060 3486 exprobra.
1094 3432 1117 3463 n
1149 3412 1468 3468 Considera
1498 3418 1719 3478 autem,
1748 3430 1885 3469 cum
1940 3422 2116 3486 quant

2272 3415 2529 3489 δίψυχος,
2570 3417 2750 3489 λέγων,
2814 3416 3177 3479 ἀκατάστατος
3226 3416 3272 3470 ἐν
3325 3422 3523 3483 πάσαις
3579 3428 3690 3483 ταῖς
3727 3417 3876 3483 ὁδοῖς

506 3504 778 3560 hortatur
799 3502 1105 3575 sapientia.
1122 3504 1247 3557 Non
1265 3501 1423 3557 enim
1449 3500 1832 3559 solummodo
1851 3504 2153 3572 sustinere,
2272 3507 2450 3569 αὑτοῦ,
2492 3528 2519 3559 ››

508 3594 613 3649 sed
643 3593 819 3649 etiam
844 3591 1105 3662 gaudere
1129 3591 1536 3663 ingruentibus
1557 3591 1722 3662 jubet
1755 3594 2183 3652 tentationibus
2211 3613 2223 3663 ;
2256 3613 2357 3651 nec
2395 3596 2591 3651 solum
2624 3596 2908 3665 gaudere,
2944 3597 3046 3652 sed
3078 3597 3135 3652 id
3165 3596 3341 3653 etiam
3375 3613 3551 3653 omne
3582 3598 3872 3668 gaudium

506 3681 742 3738 ducere.
767 3681 966 3753 Neque
1001 3697 1137 3735 vero
1169 3680 1617 3753 dicitquaslibet
1643 3683 1991 3739 tentationes
2018 3704 2029 3753 ;
2057 3686 2160 3740 sed
2196 3707 2219 3737 ‹‹
2248 3684 2500 3751 Quando
2533 3686 2591 3739 in
2624 3686 2821 3741 varias
2854 3684 3179 3741 incideritis
3203 3686 3600 3757 tentationes].
3627 3709 3650 3738 ιο
3677 3690 3880 3744 Causa

507 3776 708 3828 autem
741 3776 828 3827 est
856 3788 867 3827 :
899 3790 927 3820 ‹‹
952 3770 1232 3834 Scientes,
1264 3770 1474 3842 inquit,
1508 3771 1671 3841 quod
1698 3772 1969 3842 probatio
2022 3773 2161 3830 ﬁdei
2200 3780 2409 3830 vestrae
2472 3774 2817 3845 patientiam
2868 3781 3168 3845 operatur.
3210 3797 3236 3825 »
3272 3775 3490 3831 Deinde
3535 3775 3869 3847 subjungit,

505 3861 567 3917 in
598 3861 715 3917 ﬁde
748 3860 961 3916 debere
992 3875 1123 3915 esse
1152 3859 1513 3925 ﬁrmitatem,
1544 3864 1599 3915 et
1621 3862 2042 3928 constantiam,
2075 3870 2131 3919 et
2161 3864 2385 3920 nullam
2419 3864 2875 3933 dubitationem,
2903 3862 3109 3919 dicens
3140 3880 3151 3919 :
3188 3886 3215 3916 ‹‹
3248 3863 3345 3919 Vir
3382 3864 3582 3920 animo
3620 3864 3870 3937 duplex,

505 3955 562 4007 ct
589 3950 883 4006 instabilis
914 3950 973 4004 in
1000 3948 1282 4004 omnibus
1316 3948 1423 4003 viis
1457 3948 1604 4006 suis.
1646 3969 1673 4001 »

575 4042 668 4095 Vl.
729 4039 897 4107 Quod
947 4042 1144 4094 autem
1201 4040 1409 4108 postea
1459 4036 1623 4100 dicit.
1682 4045 1968 4110 quantam
2020 4058 2157 4097 cum

2345 4041 2414 4106 ς’.
2464 4040 2529 4093 ⁸0
2577 4037 2635 4093 δὲ
2679 4042 2809 4113 μετὰ
2844 4048 3010 4093 ταῦτα
3054 4041 3208 4113 λέγει,
3262 4047 3423 4095 πόσον
3472 4046 3583 4115 ἔχει
3611 4043 3739 4115 μετὰ
3766 4045 3873 4114 χά-

506 4133 814 4185 venustate
851 4126 1037 4182 habet
1066 4126 1241 4181 etiam
1275 4124 1735 4195 profunditatem
1762 4128 1790 4182 ‘I
1820 4150 1841 4178 α
1870 4128 2112 4185 Glorietr

2267 4151 2407 4203 ριτος
2437 4136 2525 4183 καὶ
2564 4134 2621 4182 τό
2664 4130 2825 4202 βάθος
2857 4152 2868 4195 ;
2908 4152 2934 4182 α
2965 4134 3272 4202 Καυχάσθω
3288 4135 3411 4205 γὰρ,
3445 4135 3559 4204 ἔφη,
3594 4134 3619 4184 ό
3648 4136 3737 4204 μὲν
3769 4152 3872 4185 τα-

505 4219 686 4285 enim,
718 4217 922 4288 inquit,
968 4214 1208 4270 humilis
1266 4213 1505 4286 quidem
1561 4215 1617 4270 in
1666 4233 1773 4271 sua
1808 4217 2111 4274 altitudine

2268 4224 2433 4280 πεινὸς
2481 4218 2528 4271 ἐν
2573 4228 2644 4289 τῷ
2690 4217 2811 4290 ὕψει
2842 4220 3022 4285 αὑτοῦ,
3060 4222 3085 4271 ό
3114 4219 3171 4272 δὲ
3201 4220 3449 4282 πλούσιος
3499 4220 3547 4273 ἐν
3588 4228 3647 4293 τῇ
3691 4241 3872 4273 ταπειο

506 4306 668 4361 dives
704 4311 903 4361 autem
934 4305 991 4360 in
1022 4319 1133 4359 sua
1156 4302 1565 4359 humilitate.»
1597 4307 1744 4360 Nam
1771 4322 1908 4361 cum
1936 4306 2112 4362 diviti.

2272 4315 2418 4362 νώσει
2450 4308 2631 4363 αὐτοῦ.
2666 4333 2686 4357 ι
2727 4313 2850 4361 Επεὶ
2881 4311 2981 4383 γὰρ
3015 4311 3040 4361 ό
3080 4312 3169 4380 μεν
3220 4310 3443 4373 πλοῦτος
3490 4312 3755 4381 ἐπαγωγόν
3802 4310 3878 4373 εἰς

503 4395 748 4468 quidem
777 4394 1039 4450 alliciant
1078 4392 1155 4448 ad
1187 4392 1552 4464 superbiam,
1594 4401 1915 4466 paupertas
1956 4402 2109 4452 autei

2271 4397 2586 4466 ἀλαζονείαν,
2654 4399 2683 4456 ἡ
2740 4402 2888 4451 πενία
2948 4394 3007 4450 δὲ
3054 4401 3291 4450 ταπεινὸν
3341 4401 3430 4450 καὶ
3487 4398 3870 4473 μικρόψυχον·

504 4484 581 4540 ad
612 4483 1004 4539 humilitatem
1037 4486 1093 4537 et
1131 4481 1310 4537 animi
1343 4481 1771 4552 dejectionem;
1805 4484 1897 4539 ille
1951 4492 2110 4541 contr

2270 4489 2447 4547 ἐκεῖνος
2494 4487 2788 4539 τούναντίον
2843 4486 3033 4539 κελεύει
3084 4495 3247 4539 ποιεῖν
3302 4486 3436 4558 ὕψος
3475 4486 3660 4539 ἑαυτοῦ
3708 4495 3876 4540 ποιεῖ-

498 4573 664 4645 jubet
715 4572 929 4642 facere,
969 4570 1213 4626 divitem
1280 4571 1528 4642 quidem
1594 4589 1766 4628 suam
1800 4578 2104 4631 constitue:

2271 4578 2392 4627 σθαι
2438 4579 2495 4627 τό
2542 4578 2857 4649 μετριάζειν,
2891 4578 2977 4627 τὸν
3021 4579 3218 4632 πένητα
3258 4572 3317 4629 δὲ
3362 4576 3488 4628 αὐτὸ
3521 4583 3673 4628 τοῦτο
3710 4575 3877 4639 ἀξιω-

501 4663 871 4720 altitudinem
886 4661 943 4716 in
963 4661 1246 4716 modestis
1266 4660 1597 4717 actionibus
1622 4681 1634 4729 ;
1654 4678 1982 4735 pauperem
2018 4681 2107 4719 ver

2270 4685 2339 4737 μα
2380 4668 2608 4735 νομίζειν
2658 4664 2716 4715 οὐ
2760 4667 2817 4716 τὸ
2872 4668 3056 4735 τυχόν,
3110 4668 3167 4717 τὸ
3208 4669 3301 4723 τὴν
3352 4670 3525 4717 πενίαν
3572 4670 3734 4740 φέρειν
3782 4686 3876 4738 με-

499 4754 615 4808 hoc
632 4752 808 4822 ipsum
822 4750 1141 4805 existimare
1156 4750 1493 4819 dignitatem
1510 4766 1629 4805 non
1645 4768 1753 4807 con
1766 4753 2105 4809 temnendan

2272 4755 2581 4826 γαλοψῦχως
2618 4770 2632 4784 '
2668 4751 2802 4806 οὕτω
2840 4758 2929 4805 καὶ
2972 4758 3147 4805 πενίαν
3196 4759 3285 4806 καὶ
3336 4753 3577 4823 πλοῦτον,
3610 4759 3730 4807 ὄντα
3762 4764 3878 4818 τοῖς

503 4842 551 4896 si
578 4856 792 4911 magno
819 4845 873 4895 et
898 4838 1129 4894 excelso
1170 4838 1373 4893 animo
1406 4838 1553 4895 ferat
1592 4848 2024 4911 paupertatem.
2068 4845 2109 4896 lt

2268 4844 2468 4905 πολλοῖς
2526 4843 2763 4903 πολλάκις
2830 4843 2897 4902 εἰς
2950 4842 3229 4915 ἁμαρτίαν,
3285 4842 3411 4901 ὕλην
3472 4844 3538 4904 εἰς
3588 4852 3719 4897 Θεοῦ
3791 4846 3874 4897 θε-

501 4934 915 5002 paupertatem
947 4933 1001 4983 et
1022 4927 1274 4991 divitias,
1297 4944 1432 4999 quae
1456 4932 1594 4982 sunt
1613 4945 1768 4999 saape
1793 4930 1993 4985 multis
2024 4948 2107 4986 me

2267 4938 2475 5007 ραπείαν
2527 4934 2705 4989 τίθησι
2748 4937 2837 4983 καὶ
2894 4930 3178 5004 ἀμφότερα.
3240 4930 3458 4985 Ἔπειτα
3510 4932 3665 4985 πάλιν
3716 4929 3873 4995 εἰδὼς

498 5020 645 5075 teria
662 5018 739 5073 ad
752 5016 1143 5090 peccandum,
1166 5018 1472 5071 materiam
1490 5014 1665 5071 efﬁcit
1686 5018 1761 5071 ad
1785 5020 1877 5072 Dei
1901 5020 2104 5074 cultuu

2265 5025 2369 5082 οῖας
2417 5019 2597 5085 δόξης,
2631 5022 2764 5072 ὅσων
2805 5020 3012 5090 ἀγαθῶν
3048 5022 3280 5096 πρόξενοι
3313 5030 3415 5081 τοῖς
3446 5028 3790 5096 καρτεροῦσιν
3817 5025 3871 5075 οἱ

503 5108 723 5164 Deinde
754 5122 961 5162 rursus
1012 5122 1149 5160 cum
1184 5106 1374 5168 sciret,
1410 5105 1581 5175 cujus
1614 5106 1836 5173 gloriae.
1881 5112 1935 5161 et
1963 5125 2109 5179 qua:

2268 5115 2562 5184 πειρασμοὶ,
2629 5108 3081 5181 ἐπαναλαμϐάνων,
3138 5132 3165 5161 (ι
3216 5114 3504 5183 Μακάριος,
3555 5115 3735 5182 φησὶν,
3780 5113 3874 5163 οἶν-

502 5198 825 5254 multorum
854 5196 1152 5252 bonorum
1186 5196 1302 5249 sint
1342 5196 1690 5249 tentationes
1723 5196 2108 5252 conciliatrice

2265 5202 2459 5274 θρωπος
2512 5199 2566 5256 ὃς
2614 5200 2854 5270 ὑπομένει
2906 5202 3217 5271 πειρασμόν,
3253 5199 3333 5251 ὃτι
3390 5196 3610 5271 δόκιμος
3653 5204 3871 5270 γενόμε-

502 5287 570 5342 iis
600 5287 703 5358 qui
735 5302 796 5340 se
836 5284 1058 5341 fortiter
1093 5288 1322 5353 gerunt,
1356 5290 1622 5355 repetens
1652 5283 1793 5340 dicit
1828 5302 1839 5339 :
1880 5307 1899 5336 ε
1933 5285 2108 5342 Beatu

2259 5305 2362 5350 νος,
2395 5287 2617 5358 λήψεται
2647 5292 2730 5341 τὸν
2765 5292 3009 5361 στέφανον
3040 5297 3130 5349 τῆς
3162 5289 3302 5348 ζωῆς
3349 5304 3361 5318 ’
3418 5310 3443 5339 α
3495 5296 3567 5360 τῷ
3621 5308 3864 5363 μακαρι-

572 5411 589 5448 ¹
623 5410 743 5466 Jac.
778 5426 815 5473 ι,
850 5414 879 5467 1
923 5423 1091 5481 seqq.
1169 5411 1190 5444 ²
1221 5408 1407 5464 Galat.
1444 5414 1487 5477 Ι,
1528 5412 1610 5464 l9.

569 5529 653 5599 (5)
682 5527 821 5596 Quae
849 5526 943 5582 hic
974 5529 1327 5598 sequuntur,
1362 5525 1533 5582 uncis
1566 5524 1814 5597 inclusa,
1850 5525 2067 5583 desunt
2097 5526 2158 5583 in
2197 5530 2401 5584 nostro
2428 5544 2538 5583 ms.
2576 5528 2802 5585 Graeco.

572 5641 629 5721 ο)
667 5640 843 5699 Plura
872 5638 1177 5714 aliquanto
1205 5637 1503 5696 habentur
1531 5637 1593 5696 in
1631 5654 1745 5696 ms.
1778 5640 2017 5707 Veneto,
2049 5655 2184 5715 quin
2212 5639 2350 5699 vide
2374 5640 2435 5700 in
2464 5641 2738 5700 versione
2770 5639 2996 5706 Latina,
3025 5637 3045 5713 [
3081 5637 3280 5715 Juncis
3319 5638 3581 5700 inclusa.
