4084 6216
217 329 304 397 205'
1215 345 1381 402 VlTA
1420 347 1481 404 s.
1523 338 1773 405 JACOBI
1811 329 2129 406 FRATRIS
2172 349 2459 417 DOMINI.

3415 363 3524 424 206

223 474 312 538 σμῶ
355 469 440 518 καὶ
618 473 718 519 τῶν
772 470 1028 541 στεφάνων
1098 469 1275 524 ἐλπίδι
1341 472 1762 549 εὐπαραδέκτους

1878 472 2054 531 homo
2067 477 2167 549 qui
2187 481 2438 538 sustinet
2453 483 2830 542 tentationem
2854 503 2866 541 :
2883 487 3170 559 quoniam
3185 506 3322 548 cum
3350 493 3526 550 fuerit

219 560 315 614 τοὺς
365 560 665 628 πειρασμοῦς
722 566 829 620 τοῖς
884 559 1168 634 φιλαρέτοις
1238 558 1367 615 εἶναι
1432 567 1763 637 παρασκευά-

221 651 316 710 ζων,
343 654 522 718 μικροῦ
553 643 606 699 δὲ
653 655 742 700 καὶ
787 652 854 712 ὡς
897 651 1105 723 ἕρμαιον
1156 652 1334 714 αὐτοῖς
1379 656 1644 726 ἡγεῖσθαι,
1675 659 1761 707 καὶ

216 736 306 807 μεθ’
327 731 476 793 ἡδονῆ
491 757 510 797 ς
533 733 909 809 ὑποδέχεσθαι.

270 912 331 964 Ζ’.
370 913 438 964 0-3
466 918 567 986 μὴν
598 911 656 967 δὲ
703 920 758 969 τό
800 926 898 969 τῶν
927 919 1125 971 πολλῶν
1167 925 1395 994 νόσημα,
1427 924 1594 975 οἱκαὶ
1633 925 1767 985 ὅπως

215 997 332 1062 ιδίας
390 1000 709 1066 ἐκδικοῦντες
787 1009 1082 1079 ἐπιθυμίας,
1138 1009 1191 1061 ἐκ
1263 1015 1461 1083 φύσεως
1519 1008 1649 1065 εἶναι
1709 1017 1766 1065 τὸ

213 1090 484 1163 ἁμαρτάνειν
535 1092 765 1165 λὴουσι,
809 1102 899 1148 καὶ
951 1095 1074 1150 οὐδὲ
1124 1102 1210 1151 τὸν
1271 1103 1398 1153 Θεὸν
1452 1104 1620 1153 αἴτιον
1669 1111 1767 1154 τῶν

210 1188 351 1230 tua}?
424 1181 632 1234 ὀκνοῦσι
712 1186 962 1256 νομίζειν,
1034 1188 1300 1240 κατέλιπεν
1376 1188 1764 1264 ἀθεράπευτον·

210 1266 295 1318 ἀλλ’
342 1271 501 1342 ὥσπερ
583 1293 661 1335 τις
721 1277 938 1348 ἀριστος
1020 1277 1216 1350 ἰατρός.
1265 1287 1369 1339 τοῖς
1435 1281 1767 1352 φυλακτικοῐς

207 1362 433 1429 χρώμενος
463 1359 796 1433 βοηθήμασι,
825 1369 952 1437 πρὸς
987 1374 1078 1424 την
1119 1373 1268 1419 νόσον
1307 1371 1522 1420 ἵσταται
1551 1373 1764 1436 ταύτην,

211 1469 228 1495 (ς
259 1445 450 1514 Μηδεὶς,
481 1452 658 1519 lie/cev,
695 1455 1066 1527 πειραζόμενος
1108 1455 1312 1528 λεγέτω,
1352 1460 1431 1510 ὅτι
1461 1460 1592 1512 Ἀπὸ
1634 1467 1765 1512 Θεοῦ

208 1538 526 1609 πειράζομαι·
589 1543 614 1592 ό
665 1546 766 1614 γὰρ
822 1548 950 1606 Θεὸς
1019 1543 1333 1620 ἀπείραστός
1394 1546 1506 1600 ἐστι
1571 1558 1762 1615 κακῶν,

210 1628 402 1698 πειράζει
461 1625 520 1680 δε
584 1630 741 1693 αὐτὸς
811 1629 1014 1702 οὐδένα,
1066 1635 1279 1696 ἕκαστος
1337 1633 1395 1689 δὲ
1461 1639 1766 1710 πειράζεται

210 1715 286 1764 ὑπο
325 1724 408 1776 τῆς
462 1714 608 1781 ἰδίας
667 1719 943 1793 ἐπιθυμίας
997 1723 1316 1797 ἐξελκόμενος
1388 1731 1477 1779 καὶ
1531 1724 1765 1788 δελεαζό-

1873 564 2178 638 probatus,
2213 570 2458 643 accipiet
2487 589 2771 630 coronam
2804 575 2939 632 vitae
2973 594 2986 643 ;
3020 598 3047 629 »
3075 578 3446 639 beatitudine
3469 587 3526 640 et

1874 669 1980 724 spe
2013 671 2372 715 coronarum
2394 663 2673 730 efﬁciens,
2700 669 2761 720 ut
2782 665 2897 722 sint
2918 667 3247 734 viris,bonis
3267 677 3525 743 acceptas

1874 746 2246 814 tentationes,
2280 756 2334 805 et
2363 766 2464 807 eas
2495 755 2936 826 propemodum
2977 761 3266 830 tanquam
3290 758 3526 816 lucrum

1873 834 2228 907 existiment,
2274 846 2328 894 et
2367 856 2503 897 cum
2545 843 2842 916 voluptate
2883 847 3203 919 excipiant.

1947 922 2081 981 VII.
2111 928 2310 999 Neque
2340 929 2662 987 multorum
2693 933 2991 1003 morbum,
3023 936 3125 1008 qui
3159 953 3299 993 suas
3331 937 3532 995 defen-

1875 1011 2082 1069 dentes
2116 1017 2825 1092 cupiditates,peccatum
2848 1024 3055 1082 dicunt
3079 1042 3207 1082 esse
3233 1042 3268 1083 a
3291 1033 3528 1097 natura,

1876 1105 1933 1156 et
1970 1118 2162 1176 neque
2204 1114 2478 1164 verentur
2515 1110 2858 1168 existimare
2893 1116 3076 1170 Deum
3113 1132 3240 1172 esse
3279 1133 3530 1175 causam

1877 1191 2814 1269 malorum,reliquitincuratum:
2840 1202 2940 1257 sed
2959 1209 3244 1276 tanquam
3261 1206 3530 1263 medicus

1877 1284 2404 1350 praestantissimus
2437 1288 2670 1344 auxiliis
2705 1293 3132 1362 praeservativis
3163 1299 3354 1364 utens,
3391 1296 3532 1352 huic

1879 1367 2091 1424 morbo
2114 1371 2591 1436 resistit,dicens:
2618 1396 2646 1427 «
2680 1381 2862 1434 Nemo
2883 1383 2984 1452 qui
3008 1387 3264 1438 tentatur
3278 1384 3441 1440 dicat
3466 1389 3532 1439 :A

1877 1455 1996 1511 Deo
2021 1462 2226 1514 tentor.
2253 1461 2404 1516 Deus
2428 1465 2585 1520 enim
2608 1481 2728 1521 non
2754 1468 2829 1539 (6)
2851 1473 3104 1526 tentatur
3121 1488 3156 1526 a
3171 1472 3344 1528 malis
3370 1490 3384 1538 ;
3402 1472 3530 1545 ipse

1875 1550 2074 1601 autem
2098 1551 2280 1604 tentat
2305 1551 2640 1609 neminem:
2665 1559 3045 1630 unusquique
3076 1576 3211 1616 vero
3235 1566 3532 1618 tentatura

1875 1637 2116 1706 propria
2131 1640 2610 1712 concupiscentia
2622 1651 2907 1701 attractus
2923 1647 3531 1705 etinescatus.Deinde

1874 1727 2359 1797 concupiscentia
2380 1747 2517 1787 cum
2550 1735 2840 1806 concepit,
2861 1738 3014 1808 parit
3035 1744 3342 1810 peccatum
3369 1755 3534 1811 :pec-

214 1822 340 1870 μενος·
370 1803 472 1857 εἶτα
513 1809 544 1864 ἠ
606 1808 860 1882 ἐπιθυμία
911 1812 1243 1866 συλλαϐοῦσα
1271 1819 1436 1867 τίκτει
1484 1816 1761 1892 ἁμαρτίαν,

1878 1817 2076 1869 catum
2135 1822 2333 1873 autem
2365 1821 2710 1891 perfectum,
2743 1803 2898 1896 parit
2925 1832 3194 1882 mortem.
3230 1850 3258 1880 »
3303 1829 3392 1884 Sic
3444 1829 3532 1884 vir

217 1888 307 1946 ἣδε
342 1894 564 1968 ἁμαρτία
614 1897 1016 1954 ἀποτελεσθεῖσα
1062 1902 1277 1956 ἀποκῦει
1328 1908 1559 1961 θάνατον.
1597 1930 1617 1955 ‹
1656 1907 1764 1960 Οὖ-

224 2000 294 2042 7w;
326 1982 574 2050 ὁδίκαιος
621 1986 843 2052 δικαίως
881 1993 1072 2064 μεταξὺ
1123 1993 1402 2067 ἀνθρώπων
1433 1993 1648 2049 ἐδίκασε
1677 2004 1766 2051 καὶ

215 2077 326 2136 Θεοῦ,
373 2074 537 2148 ἐκείνῳ
590 2081 680 2149 μὲν
728 2079 784 2131 τό
843 2080 1069 2134 ἀναίτιον
1127 2092 1225 2134 τῶν
1283 2094 1454 2137 κακῶν
1496 2092 1762 2160 μαρτυρή·

210 2178 277 2220 σας
320 2167 395 2214 καὶ
445 2173 657 2237 σιωπᾲν
732 2174 919 2232 πείσας
967 2171 1209 2242 γλώσσας
1286 2174 1760 2248 μεγαλορρήμονας,

204 2256 282 2309 τοῖς
329 2250 617 2324 ἀνθρώποις
671 2253 732 2309 δὲ
789 2257 1139 2332 ἐπιγνώμονας
1196 2270 1286 2322 τῆς
1352 2263 1543 2315 ἑαυτῶν
1612 2263 1762 2317 ἀσθε-

201 2344 307 2400 νείας
341 2348 422 2394 καὶ
472 2353 584 2396 τῶν
635 2345 1018 2419 ἁμαρτημάτων
1067 2347 1197 2402 εἶναι
1241 2358 1484 2421 ποιήσας,
1544 2354 1762 2425 εὐλόγως

201 2445 241 2478 τε
276 2436 691 2504 παρασκευάσας,
723 2435 924 2497 ἑαυτοῖς
969 2438 1159 2510 μᾶλλον
1208 2446 1295 2493 καὶ
1344 2443 1402 2494 οῦ
1453 2451 1565 2513 Θεῷ
1609 2446 1674 2495 τὰ
1705 2442 1758 2496 ἐκ

202 2525 386 2589 πονηρᾶς
416 2525 697 2586 συνηθείας
722 2531 812 2577 καὶ
836 2527 1099 2601 ῥᾳθυμίας
1129 2528 1424 2604 ἐπιγράφειν
1457 2533 1753 2607 σφάλματα,

200 2612 266 2658 καὶ
291 2609 412 2660 οὕτω
454 2615 511 2664 τὸ
541 2623 957 2689 ταπεινοφρονεῖν
1004 2620 1276 2690 μανθάνειν
1306 2625 1395 2673 καὶ
1441 2629 1754 2696 συγγνώμην

201 2714 343 2749 αιτειν.

252 2785 314 2840 ΚΥ.
352 2787 566 2843 Ἐκεῖθεν
614 2792 699 2845 ὅτε
741 2796 826 2845 τόν
876 2791 1080 2848 δίκαιον
1126 2805 1292 2870 σοφῶς
1331 2797 1640 2874 ἀναιροῦντα
1667 2806 1754 2856 τὸν

198 2873 397 2946 ἑπόμενον
439 2878 523 2932 ἐπὶ
569 2889 634 2953 τῇ
685 2885 1004 2956 κατορθώσει
1047 2893 1135 2937 τοῦ
1186 2885 1386 2958 ἀγαθοῦ
1439 2898 1615 2963 τῦφον,
1665 2900 1754 2946 καὶ

195 2967 400 3019 πείθοντα
451 2978 522 3039 τῷ
585 2978 701 3040 Θεῷ
749 2973 937 3043 μᾶλλον
989 2975 1018 3033 ἡ
1078 2974 1277 3038 ἑαυτοῖς
1341 2977 1644 3049 λογίζεσθαι
1696 2987 1754 3036 τὸ

195 3058 475 3126 κατορθωθέν
510 3077 522 3087 ο
559 3082 588 3107 ι(
635 3065 717 3118 Μὴ
751 3061 1011 3115 πλανᾶσθε
1042 3067 1162 3136 γὰρ,
1199 3072 1377 3137 φησιν,
1411 3065 1624 3142 ἀδελφοί
1656 3093 1754 3144 μου

1871 1901 2069 1972 justus
2096 1905 2562 1978 justejudicavit
2590 1913 2738 1968 inter
2767 1913 3042 1970 homines
3081 1921 3138 1971 et
3176 1919 3361 1972 Deum
3392 1934 3403 1973 :
3446 1915 3529 1972 illi

1875 1992 2120 2062 quidem
2171 2013 2281 2051 suo
2315 1999 2648 2055 testimonio
2698 2001 2987 2068 tribuens,
3011 2005 3176 2076 quod
3203 2021 3324 2061 non
3375 2009 3532 2062 esset

1874 2088 2076 2137 auctor
2125 2084 2446 2145 malorum,
2473 2092 2527 2144 et
2581 2088 2799 2159 linguis
2851 2091 3208 2164 loquacibus
3289 2110 3530 2166 persua-

1873 2169 2041 2233 dens,
2097 2179 2161 2227 ut
2191 2178 2486 2243 tacerent;
2542 2177 2806 2234 efﬁciens
2860 2187 3080 2248 autem,
3134 2187 3200 2238 ut
3252 2183 3530 2239 homines

1873 2275 2043 2314 suam
2078 2271 2466 2331 agnoscerent
2507 2266 2973 2325 imbecillitatem
3007 2276 3058 2327 et
3093 2288 3204 2328 sua
3234 2279 3481 2344 peccata
3515 2292 3528 2341 ;

1871 2354 1926 2405 et
1957 2355 2022 2405 ut
2044 2353 2178 2417 sibi,
2203 2358 2258 2408 et
2283 2370 2404 2410 non
2439 2359 2577 2423 Deo,
2612 2358 2976 2414 ascriberent
3003 2360 3238 2428 delicta,
3269 2378 3403 2434 quae
3458 2378 3527 2418 ex

1868 2440 2029 2497 mala
2073 2445 2503 2501 consuetudine
2593 2449 2950 2518 proveniunt
3023 2455 3078 2505 et
3127 2451 3421 2518 socordia,
3474 2457 3532 2510 et

1869 2531 1956 2586 sic
1981 2530 2277 2590 discerent
2309 2550 2373 2591 se
2396 2535 2700 2593 humiliter
2713 2553 2936 2608 gerere,
2961 2543 3015 2595 et
3043 2543 3244 2612 petere
3266 2542 3534 2602 veniam.

1934 2799 2084 2854 VIII.
2110 2801 2398 2859 Praeterea
2418 2803 2649 2860 videbis
2667 2804 2897 2876 justum
2921 2807 3531 2880 sapienterperimen-

1863 2877 1983 2940 tem
2001 2888 2408 2955 arrogantiam
2427 2893 2480 2944 et
2495 2877 3279 2964 superbiam,qua;seqnitur
3293 2893 3524 2951 bonum

1866 2975 2020 3024 recte
2051 2977 2311 3039 gestum,
2345 2979 2401 3028 et
2428 2974 2882 3044 persuadentem
2941 2979 3057 3031 Deo
3089 2978 3287 3047 potius
3337 2993 3524 3050 quam

1869 3055 1978 3109 sibi
2012 3055 2152 3127 ipsis
2183 3058 2498 3129 ascribere,
2526 3059 2691 3130 quod
2724 3059 2898 3115 fuerit
2919 3064 3076 3116 recte
3107 3061 3351 3119 factum.
3382 3082 3410 3113 «
3442 3065 3524 3120 Ne

197 3139 441 3213 ἀγαπητοὶ,
498 3155 654 3200 πᾶσα
706 3147 859 3212 δόσις
907 3151 1073 3224 ἀγαθὴ
1129 3161 1218 3207 καὶ
1265 3164 1365 3208 πᾶν
1414 3155 1639 3232 δώρημα
1683 3167 1758 3214 τέ-

1878 3141 2072 3196 erretis
2125 3141 2324 3212 igitur,
2380 3145 2593 3216 inquit,
2649 3143 2863 3200 fratres
2897 3146 3011 3200 mei
3044 3145 3290 3201 dilecti:
3345 3163 3524 3204 omne

196 3229 298 3281 ὶειον
347 3237 529 3289 ἄνωθέν
586 3237 699 3290 ἐστι
751 3240 1060 3294 καταϐαῖνον
1117 3244 1216 3296 ἀπὸ
1266 3254 1356 3298 τοῦ
1409 3255 1609 3324 [Ἰατρὸς
1660 3260 1758 3303 τῶν

199 3327 362 3388 φώτων,
395 3332 512 3400 παρ’
565 3325 607 3399 ᾧ
656 3328 748 3380 οῦκ
802 3332 915 3382 ἔστι
962 3333 1266 3406 παραλλαγὴ
1316 3336 1344 3394 ἢ
1392 3349 1584 3410 τροπῆς
1632 3339 1759 3392 ἀπο-

201 3415 438 3484 σκίασμα·
470 3415 752 3488 βουληθεὶς
807 3419 1095 3479 ἀπεκύησεν
1151 3426 1289 3496 ἡμᾶς
1335 3425 1466 3499 λόγῳ
1518 3429 1760 3493 ἀληθείας

201 3499 251 3557 εἰς
289 3505 336 3552 τό
375 3502 500 3557 εἶναι
549 3509 688 3578 ἡμᾶς
726 3507 977 3581 ἀπαρχήν
1029 3532 1144 3564 τινα
1183 3523 1280 3565 τῶν
1331 3517 1490 3570 αὐτοῦ
1537 3526 1756 3593 κτισμά-

200 3604 293 3644 των.
324 3613 342 3638 ι
368 3599 542 3646 Ταῦτα
594 3601 685 3648 καὶ
728 3604 1054 3670 φρονήματος
1098 3600 1336 3656 ἀποκενοί
1369 3615 1550 3679 τῦφον,
1583 3617 1671 3662 καὶ
1702 3616 1759 3664 τὸ

202 3683 320 3730 Θεῐον
347 3687 656 3756 παρεκτικόν
699 3687 809 3757 ἅμα
839 3695 929 3739 τοῦ
974 3687 1174 3760 ἀγαθοῦ
1216 3698 1306 3745 καὶ
1354 3697 1603 3769 ἄτρεπτον
1634 3699 1761 3752 εἶναι

200 3773 270 3818 καὶ
292 3768 621 3826 ἀναλλοίωτον
665 3771 921 3844 δείκνυσι,
953 3784 1043 3831 καί⁵
1091 3783 1225 3844 ὅπως
1273 3782 1528 3857 ἐξαίρετον
1573 3791 1601 3848 ἢ
1637 3794 1762 3863 πρὸς

201 3857 252 3906 τὰ
295 3858 410 3911 οὖλα
459 3867 731 3935 κτίσματα
787 3872 898 3940 περὶ
956 3872 1041 3920 τόν
1097 3871 1360 3943 ἱνθρωπον
1415 3882 1646 3947 φαίνεται
1704 3885 1760 3932 τό

201 3942 502 4017 κηδεμονικόν
530 3954 676 4022 ἔχον.

257 4036 328 4090 ϐ’.
362 4043 501 4093 Μετά
552 4050 722 4094 ταῦτα
775 4048 864 4096 καὶ
920 4046 1244 4123 ἠθικωτέρων
1302 4051 1518 4107 ἅπτεται
1574 4077 1760 4130 παραι-

201 4128 368 4183 νέτιων,
417 4151 444 4177 «
474 4128 673 4196 Ἔστω,
705 4130 887 4200 λέγων,
933 4141 1034 4197 πᾶς
1077 4138 1343 4212 ἅνθρωπος
1371 4148 1541 4214 ταχὺς
1590 4147 1660 4207 εἰς
1703 4151 1760 4198 τό

203 4207 407 4287 ἀκοῦσαι,
443 4215 653 4290 βραδὺς
683 4219 754 4281 εἰς
783 4223 840 4272 τὸ
879 4221 1125 4293 λαλῆσαι,
1160 4225 1368 4301 βραδὺς
1401 4231 1469 4294 εἰς
1519 4232 1695 4308 ὀργήν.
1734 4257 1757 4286 ν

203 4301 250 4351 Εἰ
287 4309 377 4378 γὰρ
425 4311 481 4358 τὸ
521 4307 688 4379 λέγειν
735 4314 942 4382 ταχέως
980 4313 1210 4384 φυλακῆς
1261 4318 1423 4386 ἄξιον,
1458 4325 1514 4373 τὸ
1559 4328 1764 4396 ταχέως

205 4388 474 4463 ὀργίζεσθαι
521 4417 692 4457 πόσης
769 4399 962 4470 μᾶλλον
1033 4400 1202 4456 δεῖται
1280 4416 1370 4469 τῆς
1439 4409 1763 4484 ἀσφαλείας;

1869 3227 2098 3281 donum
2156 3230 2406 3296 bonum,
2437 3233 2492 3283 et
2542 3244 2722 3284 omne
2765 3229 2976 3285 datum
3017 3230 3363 3302 perfectum,
3418 3233 3524 3288 de-

1869 3326 2046 3383 super
2087 3311 2395 3368 descendlt
2442 3329 2478 3368 a
2538 3317 2702 3370 Patre
2749 3314 3070 3380 luminum,
3127 3317 3286 3388 apud
3339 3333 3523 3390 quem

1869 3411 1990 3451 non
2017 3401 2102 3451 est
2134 3397 2528 3454 vicissituddo
2558 3414 2668 3454 nec
2702 3400 3064 3469 mutationis,
3095 3401 3517 3459 obumbratio:

1870 3479 2077 3535 volens
2104 3481 2259 3536 enim
2283 3483 2607 3550 genuitnos
2628 3484 2806 3539 verbo
2823 3486 3174 3549 veritatis,ut
3200 3486 3386 3541 simus
3412 3503 3521 3544 nos

1871 3565 2143 3636 primitiae
2214 3567 2496 3637 quaedam
2543 3569 2669 3638 ejus
2725 3575 3147 3624 creaturarum.
3203 3593 3230 3620 »
3279 3573 3413 3627 Haec
3462 3576 3521 3627 et

1870 3651 2218 3705 exinaniunt
2265 3653 2689 3721 arrogantiam,
2732 3658 2788 3707 et
2814 3653 3136 3708 ostendunt
3161 3658 3342 3710 Deum
3386 3672 3518 3711 esse

1870 3735 2140 3789 datorem
2181 3734 2501 3800 bonorum,
2544 3742 2600 3791 et
2649 3751 2776 3790 esse
2821 3737 3274 3804 immutabilem,
3305 3755 3412 3794 nec
3457 3741 3519 3795 in

1870 3834 2005 3874 eum
2038 3819 2246 3872 cadere
2268 3817 2680 3874 alterationem
2714 3835 2728 3872 :
2755 3821 3038 3892 quodque
3059 3823 3107 3875 is
3130 3828 3217 3875 est
3246 3822 3521 3887 eximius,

1871 3902 1920 3956 si
1952 3902 2292 3957 conferatur
2321 3918 2455 3958 cum
2501 3903 2674 3958 rebus
2704 3904 2935 3973 creatis,
2969 3909 3027 3960 et
3058 3905 3389 3962 maximam
3443 3907 3526 3962 vi-

1871 3987 2043 4042 detur
2068 4002 2269 4056 gerere
2309 4003 2517 4043 curam
2547 3989 2828 4044 hominis.

1945 4073 2026 4125 IX.
2058 4073 2338 4127 Posthaac
2371 4073 2600 4128 accedit
2624 4074 2699 4128 ad
2757 4073 3224 4139 admonitiones,
3256 4091 3389 4146 quae
3444 4075 3525 4132 ad

1874 4172 2070 4212 mores
2097 4158 2289 4226 magis
2320 4159 2615 4230 pertinent
2646 4174 2656 4212 :
2688 4179 2716 4211 «
2742 4160 2840 4223 Sit,
2866 4158 3092 4228 dicens,
3120 4159 3319 4214 omnis
3341 4161 3524 4216 homo

1873 4241 2044 4298 velox
2067 4241 2144 4296 ad
2167 4241 2560 4309 audiendum,
2583 4244 2786 4299 tardus
2811 4243 2886 4300 ad
2921 4244 3313 4316 loquendum,
3332 4249 3391 4300 et
3411 4249 3526 4301 tar-

1873 4327 1985 4381 dus
2016 4326 2086 4381 ad
2117 4326 2288 4382 iram.
2329 4349 2349 4376 ι
2387 4328 2439 4383 Si
2464 4329 2622 4383 enim
2653 4328 2823 4383 velox
2857 4345 3055 4383 sermo
3085 4334 3176 4384 est
3206 4331 3522 4395 cavendus,

1876 4418 2102 4486 quanto
2134 4412 2325 4481 magis
2348 4411 2694 4468 adhibenda
2725 4418 2814 4467 est
2841 4414 3136 4482 cautio,ne
3164 4414 3277 4469 cito
3307 4415 3528 4471 irasca-

207 4478 319 4553 Ὀρα
362 4480 416 4536 δε
456 4490 546 4538 καὶ
615 4495 710 4538 τοῦ
765 4492 900 4541 κατά
955 4489 1190 4550 ἀληθειαν
1238 4504 1579 4571 Χριστιανοῦ,
1627 4507 1762 4566 οἵους

211 4562 243 4586 ξ’,
338 4570 385 4586 κ,
577 4578 586 4586 ι
890 4585 900 4586 κ

1878 4478 1957 4557 τ’ἱς
1981 4501 2008 4558 ?
2033 4500 2178 4556 Vide
2211 4506 2432 4565 autem,
2465 4501 2774 4573 quomodo
2806 4503 3062 4572 liguram
3103 4502 3224 4559 veri
3253 4504 3528 4574 exprimit

208 4562 312 4620 εἶναι
338 4570 463 4642 λέγει
503 4578 622 4634 τοῦς
663 4585 1025 4652 χαρακτῆρας.
1062 4602 1089 4632 ι(
1131 4590 1402 4656 Θρησκεία
1447 4591 1652 4662 καθαρά
1679 4597 1769 4644 καὶ

209 4654 425 4726 ἀμίαντος
470 4671 543 4734 τῷ
598 4671 712 4734 Θεῷ
766 4671 854 4718 καὶ
924 4674 1090 4744 Πατρὶ
1145 4673 1276 4731 αῦτη
1327 4673 1464 4728 ἐστίν
1498 4695 1510 4707 °
1565 4680 1769 4733 ἐπισκέ-

213 4750 401 4801 πτεσθαι
450 4751 703 4825 ὀρφανοὺς
762 4760 851 4807 καὶ
901 4765 1075 4832 χήρας
1130 4760 1178 4812 ἓν
1235 4771 1296 4836 τῇ
1355 4765 1524 4836 θλίψει
1578 4769 1765 4837 αὐτῶν,

210 4835 395 4890 ἄσπιλον
441 4842 619 4894 ἑαυτὸν
664 4852 836 4915 τηρεῖν
866 4845 965 4899 ἀπὸ
996 4858 1087 4901 τοῦ
1130 4858 1353 4926 κόσμου.
1383 4874 1411 4905 ι(
1447 4857 1660 4920 Ἐπίσης
1690 4880 1768 4914 κε-

209 4927 313 4976 λεύει
364 4936 444 4982 καὶ
500 4941 590 4985 τοῦ
644 4939 847 5006 κόσμου
901 4935 1245 5011 ἀφίστασθαι,
1290 4949 1378 4996 καὶ
1422 4954 1492 5016 τῷ
1546 4948 1767 5007 πλησίον

209 5021 592 5081 προστίθεσθαι·
653 5031 769 5084 ταῖς
837 5027 936 5098 γάρ
1014 5027 1273 5097 ἀληθείας,
1346 5040 1462 5087 τότε
1543 5044 1768 5109 γνησίως

209 5109 293 5161 τοῖς
342 5103 573 5179 ἀδελφοῖς
622 5114 1057 5187 συμπαθήσομεν,
1112 5121 1192 5171 ότε
1254 5129 1344 5182 τῆς
1401 5131 1491 5176 τοῦ
1563 5132 1765 5200 κόσμου

211 5199 523 5261 προσπαθείας
581 5200 784 5263 ἑαυτοῖς
874 5202 1247 5280 ἀπορῥήξομεν.
1318 5219 1401 5283 Τῷ
1461 5211 1518 5267 δὲ
1586 5217 1763 5285 εἰπεῖν,

213 5299 232 5325 σι
259 5285 330 5339 Μή
378 5284 422 5335 ἓν
458 5290 928 5362 προσωπολητξιίαις
974 5298 1140 5367 ἔχετε,
1173 5296 1408 5373 ἀδελφοὶ,
1439 5309 1534 5363 τὴν
1584 5311 1764 5359 πίστιν

215 5375 286 5418 τοῦ
308 5377 483 5447 Κυρίου
513 5379 655 5450 ἡμῶν
687 5381 865 5438 Ἰησοῦ
893 5390 1128 5456 Χριστοῦ
1169 5398 1262 5452 τῆς
1293 5387 1467 5459 δόξης,
1503 5416 1532 5447 ››
1561 5400 1617 5448 τὸ
1649 5397 1767 5449 κατ’

275 5512 425 5579 'Jac.
463 5533 523 5594 ιι,
553 5521 578 5575 1
615 5537 782 5597 seqq.

1879 4590 2213 4647 Christiani.
2245 4614 2271 4640 «
2304 4590 2522 4660 Religio
2555 4607 2708 4662 pura
2747 4595 2802 4646 et
2845 4592 3231 4648 immaculata
3272 4593 3425 4648 Patri
3473 4595 3530 4648 et

1881 4680 1998 4734 Deo
2023 4679 2151 4734 haec
2183 4683 2270 4734 est
2303 4697 2315 4734 :
2358 4679 2591 4734 visitare
2618 4679 2920 4751 orphanos
2946 4683 3002 4734 et
3029 4679 3240 4735 viduas
3267 4681 3324 4735 in
3349 4681 3530 4736 afﬂic-

1879 4767 2038 4824 tione
2075 4784 2305 4834 eorum,
2341 4767 2797 4824 immaculatum
2858 4769 3124 4841 seipsum
3173 4785 3530 4825 conservare

1879 4873 1914 4913 a
1943 4857 2188 4912 mundo.
2224 4879 2251 4906 ››
2283 4860 2362 4912 Ex
2393 4873 2568 4929 aequo
2592 4858 2766 4928 jubet
2804 4862 2860 4913 et
2889 4875 2924 4913 a
2965 4858 3193 4913 mundo
3232 4859 3526 4923 recedere,

1879 4952 1936 5001 et
1965 4947 2037 5001 ad
2087 4948 2492 5018 propinquum
2526 4946 2850 5001 accedere:
2889 4952 3026 5002 tunc
3075 4948 3232 5001 enim
3282 4965 3415 5001 vere
3462 4963 3530 5002 ac

1879 5037 2102 5091 sincere
2143 5037 2390 5090 fratrum
2425 5036 2855 5101 miserebimur,
2891 5037 3131 5107 quando
3158 5053 3268 5090 nos
3292 5052 3532 5106 separa-

1877 5125 2076 5180 biinus
2108 5125 2184 5180 ab
2208 5125 2512 5179 affectione
2545 5124 2945 5178 inmundum.
2977 5125 3234 5178 Dicendo
3268 5131 3466 5178 autem
3485 5126 3529 5192 ⁸,

1883 5237 1906 5267 (ι
1940 5218 2018 5270 Ne
2049 5216 2106 5269 in
2124 5229 2515 5286 personarum
2533 5213 2982 5284 acceptionibus
3001 5213 3295 5277 habeatis,
3319 5212 3530 5268 fratres

1879 5305 2060 5360 ﬁdem
2109 5303 2339 5360 Domini
2369 5305 2550 5358 nostri
2580 5303 2718 5357 Jesu
2751 5301 2958 5356 Christi
2982 5299 3202 5370 gloriae,
3240 5322 3267 5349 ››
3299 5301 3448 5356 tollit
3470 5301 3531 5356 id

1879 5395 2040 5468 quod
2071 5394 2137 5450 ﬁt
2165 5394 2242 5450 ad
2267 5393 2746 5457 ostentationem,
2781 5391 3004 5447 docens
3034 5407 3109 5448 ne
3157 5392 3432 5448 vivamus
3472 5398 3536 5451 ut

278 5633 347 5709 (6)
384 5639 600 5700 Clarius
625 5641 740 5700 hoc
768 5657 841 5700 ex
869 5643 1069 5703 Graeco
1094 5662 1276 5722 quam
1304 5651 1472 5726 quod
1506 5653 1711 5714 Latina
1737 5655 1935 5715 versio
1969 5653 2146 5714 habet
2177 5670 2190 5710 :
2225 5673 2255 5709 (ς
2273 5653 2429 5712 Deus
2452 5651 2611 5711 enim
2638 5653 2958 5712 intentator
2996 5651 3296 5711 malorum
3364 5656 3474 5712 est.
3502 5673 3533 5706 ιι
