4084 6216
531 319 641 380 207

1957 306 2218 377 MENSIS
2258 317 2504 378 MAIUS.

3786 324 3892 384 208

528 448 881 521 placeamus
945 445 1467 518 ominibus,neque
1485 458 1828 517 quaeramus
1846 442 2093 514 gloriam
2118 458 2155 496 e'

2298 442 2515 508 ἐπῢεξιν
2562 448 2825 517 γινόμενον
2874 442 3090 516 ἀναιρεῖ,
3147 440 3419 496 διδάσκων
3474 448 3545 517 μή
3596 448 3723 521 πρὸς
3770 448 3889 524 ἀρέ-

527 536 1151 601 hominibus,humilia
1171 542 1227 591 et
1246 536 1475 607 abjecta
1490 534 1814 604 cogitantes
1839 551 1850 588 :
1868 533 1974 588 sed
1998 534 2155 587 Deun

2297 552 2470 586 σκειαν
2529 533 2679 607 βιοῦν
2742 532 3087 607 ἀνθρωπίνην,
3147 532 3285 605 μηδέ
3358 538 3443 591 τὴν
3503 534 3554 596 ἐξ
3612 536 3887 608 ἀνθρώπων

528 627 723 683 solum
750 641 1041 692 amemus,
1076 630 1131 680 et
1161 626 1291 698 ejus
1321 624 1487 697 quod
1517 624 1577 679 lit
1606 623 1934 679 habeamus
1982 623 2181 693 ipsum

523 716 981 781 laudatorem,et
995 715 1539 770 remunerationem
1555 714 1632 769 ab
1653 729 1723 768 eo
1742 720 2178 785 exspectemus.

524 804 787 860 Dicendo
816 820 954 860 vero
985 820 1123 860 eum
1154 804 1347 875 legem
1382 804 1626 875 implere
1658 803 1904 871 regiam,
1929 800 2179 874 quidili-

522 894 606 963 git
635 894 976 965 proximum
1010 894 1159 949 sicut
1182 894 1689 965 seipsum,excitat
1717 893 1789 947 ad
1819 890 2065 946 fratrum
2094 888 2177 944 di-

519 981 855 1048 lectionem,
899 999 968 1038 ex
1000 983 1129 1053 ejus
1186 983 1289 1055 qui
1346 982 1539 1052 legem
1596 981 1813 1036 tulerat
1866 979 2171 1049 dignitate,

521 1072 717 1129 sciens
751 1072 931 1143 hujus
959 1072 1232 1144 praecepti
1264 1070 1733 1142 magnitudinem
1766 1073 1821 1124 et
1852 1068 2173 1141 pulchritu-

518 1162 719 1219 dinem
748 1178 759 1217 :
793 1167 848 1218 et
870 1161 1033 1234 quod
1057 1161 1229 1232 plena
1256 1161 1403 1231 legis
1434 1158 1802 1230 adimpletio,
1825 1163 1915 1215 est
1944 1156 2175 1215 dilectio

516 1251 578 1309 in
609 1252 950 1324 proximum
983 1270 995 1304 :
1040 1254 1096 1307 et
1124 1251 1235 1307 hoc
1256 1251 1457 1323 ipsum
1485 1256 1571 1305 est
1594 1265 1834 1305 summa
1850 1248 2171 1305 bonorum.

588 1522 654 1578 X.
688 1520 1003 1587 Quomodo
1033 1523 1233 1576 autem
1274 1522 1474 1575 movet
1527 1518 1604 1574 ad
1652 1516 2172 1573 misericordiam?

514 1604 760 1667 Terrens
794 1608 1252 1665 immisericordi
1282 1614 1338 1664 et
1366 1606 1706 1673 inevitabili,
1742 1607 1900 1679 quod
1926 1607 2041 1662 illic
2062 1610 2168 1672 est,

509 1700 758 1772 judicio.
793 1723 821 1749 «
848 1700 1168 1763 Judicium,
1197 1698 1411 1771 inquit,
1445 1697 1571 1753 sine
1638 1696 2050 1753 misericordia
2093 1696 2167 1763 ei,

2293 621 2553 683 ἐπιζητεῖν
2587 621 2761 691 δόξαν,
2797 622 3114 694 χαμαίζηλα
3162 632 3473 698 φρονοῦντας
3514 630 3600 677 καὶ
3650 631 3880 680 ταπεινά·

2292 711 2420 765 ἀλλὰ
2473 718 2599 767 Θεὸν
2658 718 2809 785 μόνον
2870 715 3048 784 φιλεῖν,
3107 719 3195 765 καὶ
3266 712 3533 771 ἐπαινέτην
3603 718 3742 787 ἔχειν
3794 726 3883 770 τού

2287 806 2574 873 γινομένου,
2610 807 2698 853 καὶ
2756 802 2877 874 παρ’
2934 801 3091 853 αὑτοῦ
3138 805 3230 859 τὴν
3279 798 3548 853 ἀντίδοσιν
3588 801 3883 877 ἀπεκδέχε-

2290 893 2433 943 σθαι.
2491 900 2574 962 Τῷ
2626 888 2685 943 δε
2732 896 2821 943 καὶ
2875 896 3026 963 νόμον
3077 894 3231 962 φάναι
3281 890 3557 963 βασιλικόν
3598 892 3885 967 ἐκπληροῦν

2286 983 2372 1031 τόν
2420 980 2703 1052 ἀγαπῶντα
2754 984 2839 1032 τόν
2889 981 3110 1037 πλησίον
3159 983 3222 1040 ὡς
3270 980 3468 1046 ἑαυτὸν,
3502 986 3626 1055 πρὸς
3661 987 3752 1040 τὴν
3784 992 3885 1035 τῶν

2288 1065 2519 1141 ἀδελφῶν
2564 1068 2771 1140 ἀγάπην
2822 1065 3097 1142 διερεθίζει
3141 1078 3212 1140 τῷ
3252 1069 3509 1142 ἀξιώματι
3549 1079 3639 1123 τού
3677 1075 3889 1145 νομοθε-

2286 1160 2563 1229 τήσαντος,
2596 1166 2689 1220 τῆς
2734 1157 2939 1219 ἐντολῆς
2985 1162 3173 1218 ταύτης
3226 1156 3381 1219 εἰδὼς
3433 1163 3489 1211 τό
3538 1162 3749 1232 μέγεθος
3795 1167 3888 1214 καὶ

2285 1249 2342 1297 τὸ
2390 1246 2589 1313 κάλλος,
2622 1252 2710 1300 καὶ
2741 1250 2821 1301 ὃτι
2866 1247 3124 1320 πλήρωμα
3170 1252 3328 1319 νόμου
3378 1251 3408 1307 ἡ
3459 1254 3585 1323 πρὸς
3624 1253 3709 1302 τόν
3754 1251 3890 1309 πλη-

2287 1339 2397 1387 σίον
2430 1335 2625 1408 ἀγάπη,
2654 1342 2744 1390 καὶ
2775 1344 2926 1390 τοῦτο
2958 1334 3024 1396 δὴ
3072 1345 3224 1389 τοῦτο
3254 1346 3353 1388 τῶν
3399 1337 3605 1409 ἀγαθῶν
3639 1343 3693 1391 τό
3725 1342 3885 1413 κεφά-

2282 1422 2446 1478 λαιόν.

2354 1515 2411 1568 l'.
2452 1514 2630 1577 Ὀπως
2674 1512 2733 1567 δὲ
2780 1521 2869 1567 καὶ
2915 1519 3040 1589 πρὸς
3094 1515 3225 1567 ἂεον
3276 1512 3560 1587 διεγείρει;
3595 1518 3748 1570 Μάλα
3794 1538 3885 1571 σοι

2283 1612 2387 1676 φῶς
2426 1600 2685 1657 δυσωπῶν
2730 1613 2800 1675 τῷ
2834 1604 3035 1661 ἀνηλεεῖ
3079 1610 3167 1656 καὶ
3215 1603 3565 1678 ἀπαρακλήτῳ
3608 1616 3703 1668 τῆς
3752 1607 3885 1660 ἐκεῖ·

2284 1694 2364 1744 θεν
2417 1698 2652 1767 κρίσεως.
2690 1714 2717 1746 «
2750 1694 2972 1747 ’Ava7aov
2997 1696 3098 1768 γὰρ
3155 1697 3245 1765 ἔφη
3305 1700 3397 1751 τὴν
3446 1700 3620 1767 κρίσιν
3678 1704 3746 1765 τῷ
3803 1702 3877 1769 μὴ

514 1790 617 1863 qui
651 1806 771 1845 non
802 1789 933 1844 fecit
955 1789 1424 1844 misericordiam
1450 1804 1463 1843 :
1496 1811 1523 1837 »
1544 1803 1648 1859 per
1672 1788 1783 1843 hoc
1814 1786 2155 1851 concedens,

2280 1787 2561 1840 ποιήσαντι
2603 1782 2755 1835 ἔλεον·
2793 1804 2820 1832 ››
2853 1788 2941 1835 καὶ
2988 1784 3436 1853 κατακαυχᾶσθαι
3466 1783 3596 1836 ἔλεον
3637 1790 3876 1858 κρίσεως,

514 1884 579 1935 ut
604 1878 1013 1935 misericordia
1026 1877 1308 1948 glorietur
1334 1877 1462 1947 plus
1485 1877 1992 1950 quamjudicium,
2028 1893 2170 1949 qua-

514 1972 685 2025 tenus
708 1966 789 2023 illi
810 1967 914 2023 dat
944 1968 1274 2023 victoriam.
1312 1967 1462 2031 Quin
1493 1966 1672 2022 etiam
1712 1966 1794 2021 ita
1824 1966 1957 2022 dicit
1988 1966 2169 2022 ﬁdem

514 2074 667 2129 opus
715 2056 936 2112 habere
967 2057 1221 2121 actione,
1250 2055 1403 2110 sicut
1457 2071 1675 2127 corpus
1720 2061 1851 2125 eget
1900 2055 2110 2127 spiritu
2151 2074 2163 2113 :

515 2146 749 2217 absque
784 2162 855 2201 ea
880 2151 1080 2201 autem
1103 2160 1231 2199 esse
1251 2148 1551 2199 mortuam
1573 2153 1631 2199 et
1652 2144 1938 2211 inutilem,
1968 2150 2167 2201 utnon

513 2234 893 2291 conﬁdamus
918 2234 979 2289 in
1001 2250 1071 2289 eo
1099 2232 1292 2288 solum
1315 2232 1477 2304 quod
1505 2233 1897 2299 credamus,et
1919 2234 2169 2291 inaniter

512 2323 852 2393 gloriemur.
888 2325 1006 2377 Hoc
1033 2326 1234 2377 autem
1266 2321 1480 2393 probat
1508 2323 1727 2387 statim,
1770 2322 2073 2378 Abraham
2114 2330 2168 2379 et

513 2411 678 2468 Raab
723 2411 1026 2468 adducens
1056 2412 1117 2466 in
1156 2411 1564 2467 testimonium
1600 2432 1611 2471 :
1676 2412 1846 2467 illum
1899 2413 2165 2485 quidem,

512 2502 617 2574 qui
640 2517 777 2556 cum
795 2500 913 2556 ﬁde
934 2501 1099 2556 Isaac
1117 2516 1354 2573 quoque
1382 2500 1628 2567 obtulit;
1651 2501 1805 2557 hanc
1827 2506 2026 2557 autem
2040 2519 2167 2574 quae

510 2575 919 2663 speculatores
966 2606 1071 2662 per
1103 2589 1283 2645 aliam
1325 2588 1481 2644 viam
1524 2591 1870 2646 transmisit.
1908 2594 1971 2647 Et
2017 2592 2167 2664 quid

510 2696 665 2752 opus
690 2684 797 2746 est,
827 2684 890 2734 ut
919 2678 1155 2748 singula
1175 2694 1521 2734 enumerem
1543 2680 1570 2734 ‘I
1594 2680 1698 2734 Vix
1725 2679 1904 2734 ullam
1930 2685 2163 2757 praeter-

513 2769 677 2825 misit
702 2785 775 2825 ex
802 2768 1120 2824 virtutibus
1154 2767 1501 2835 moralibus,
1530 2768 1607 2823 ad
1633 2784 1820 2840 quam
1857 2785 1979 2824 non
2023 2770 2163 2826 inci-

512 2858 721 2916 taverit
753 2858 940 2914 virum
972 2858 1137 2929 pium
1169 2873 1237 2913 ac
1268 2857 1633 2927 religiosum,
1662 2874 1799 2913 cum
1823 2858 2009 2915 multa
2037 2876 2169 2931 pro-

508 2947 841 3014 babilitate,
882 2946 1067 3017 gratia
1092 2962 1163 3000 ac
1200 2945 1591 3015 jucunditate.
1628 2946 1679 2999 Is
1705 2946 1921 3016 linguae
1972 2947 2165 3019 legem

509 3036 761 3101 dedit,ut
782 3034 885 3105 qui
916 3038 974 3088 et
1002 3034 1060 3088 in
1091 3038 1358 3105 tempore
1386 3033 1722 3101 tacendum,
1748 3036 1877 3090 etin
1900 3042 2165 3108 tempore

2281 1876 2444 1943 τούτῳ
2494 1869 2680 1933 διδούς
2732 1874 2861 1945 ἤπερ
2904 1874 3064 1945 ἐκείνη
3118 1875 3182 1924 τὰ
3232 1877 3530 1947 νικητήρια.
3590 1873 3747 1926 Ἀλλὰ
3790 1882 3876 1927 καὶ

2279 1966 2372 2020 τὴν
2419 1967 2595 2014 πίστιν
2644 1962 2778 2013 οὕτω
2825 1958 3033 2014 δεῖσθαί
3064 1982 3194 2033 φησι
3242 1970 3336 2023 τῆς
3368 1962 3618 2036 πράξεως,
3650 1966 3715 2025 ὡς
3770 1961 3881 2017 δεῖ·

2278 2071 2365 2102 ται
2413 2054 2471 2103 τό
2557 2060 2710 2123 σῶμα
2780 2060 2871 2103 του
2944 2054 3269 2123 πνεύματος·
3330 2055 3525 2114 ταύτης
3583 2049 3641 2105 δὲ
3708 2060 3885 2126 χωρὶς

2278 2143 2458 2212 νεκρὰν
2511 2141 2615 2192 οἷον
2670 2142 2927 2213 ὑπάρχειν
2981 2140 3140 2198 αὐτὴν
3197 2145 3286 2192 καὶ
3336 2140 3579 2199 ἀνόνητον
3611 2160 3622 2171 ⁶
3675 2144 3756 2194 ἱνα
3803 2149 3877 2217 μὴ

2277 2232 2333 2281 τό
2388 2232 2648 2281 πιστεύειν
2702 2234 2854 2301 μόνον
2905 2230 3257 2305 ἐπιθαρρῶμεν
3315 2236 3403 2283 καὶ
3457 2227 3549 2282 διά
3602 2242 3751 2294 κενῆς
3801 2232 3889 2304 ἐγ-

2278 2320 2620 2390 καυχὼμεθα.
2700 2324 2799 2371 Καὶ
2857 2322 3021 2372 πείθει
3093 2328 3243 2372 τούτο
3322 2320 3501 2391 λέγων,
3565 2322 3711 2384 εὐθὺς
3794 2328 3887 2375 τὸν

2279 2407 2517 2480 Ἀϐραὰμ
2583 2413 2671 2460 καὶ
2740 2414 2832 2467 τὴν
2908 2408 3065 2461 Ῥαάϐ
3140 2412 3386 2482 παράγων
3451 2411 3515 2470 εἰς
3584 2415 3881 2488 μάρτυρας,

2278 2500 2363 2549 τόν
2396 2502 2484 2568 μεν
2531 2500 2660 2569 μετὰ
2707 2505 2801 2559 τῆς
2845 2504 3065 2559 πίστεως
3113 2505 3197 2550 καὶ
3246 2504 3331 2551 τόν
3372 2500 3555 2552 Ἰσαὰκ
3607 2507 3885 2575 προσενέγ-

2276 2606 2450 2651 κοντα,
2482 2592 2573 2645 τὴν
2620 2584 2677 2639 δε
2726 2595 2834 2649 τοῖς
2884 2594 3236 2650 κατασκόποις
3278 2586 3350 2639 δι’
3386 2589 3559 2664 ἐτέρας
3604 2588 3731 2641 ὀδοῦ
3781 2611 3882 2643 πα-

2276 2678 2685 2752 ραπεμφθεῖσαν.
2742 2683 2840 2729 Καὶ
2892 2682 2942 2729 τί
2983 2696 3047 2749 με
3091 2674 3171 2729 δεῖ
3219 2680 3285 2729 τὰ
3336 2680 3450 2731 καθ’
3501 2680 3716 2731 ἕκαστον
3764 2680 3881 2753 ἀρι-

2282 2768 2563 2838 θμεῖσθαι;
2599 2762 2797 2838 σχεδόν
2847 2769 2946 2839 γὰρ
3001 2763 3123 2818 οὐδὲ
3180 2771 3302 2838 μίαν
3350 2767 3562 2821 ὑπέλιπε
3612 2778 3711 2821 τῶν
3763 2771 3882 2827 ἐθι-

2277 2864 2378 2906 χών
2434 2854 2642 2928 ἀρετ-ων,
2709 2860 2837 2927 πρὸς
2894 2854 2954 2913 ἣν
3025 2856 3117 2907 οὐκ
3184 2858 3393 2930 ἠρέθισε
3460 2860 3546 2909 τὸν
3620 2858 3877 2930 φιλόθεον,

2277 2947 2407 3016 μετά
2451 2944 2639 2996 πολλοῦ
2667 2954 2757 2996 τού
2798 2946 3015 2996 πιθανοῦ
3065 2950 3154 2996 καὶ
3195 2955 3288 3006 τῆς
3318 2948 3561 3020 χάριτος.
3598 2948 3763 3011 Οὗτος
3812 2959 3876 3023 τῇ

2276 3033 2486 3105 γλώσσῃ
2544 3036 2730 3106 θεσμόν
2781 3033 3019 3103 ἐπέθηκε,
3055 3042 3254 3107 σιωπᾲν
3302 3055 3355 3088 τε
3384 3040 3520 3088 κατά
3562 3042 3738 3113 καιρόν
3786 3046 3883 3092 καὶ

512 3123 835 3179 dicendum
867 3128 1144 3177 accurate
1170 3122 1423 3177 doceret.
1450 3127 1501 3177 ls
1538 3128 1781 3195 paterne
1811 3124 2155 3197 docetsequi

2275 3122 2432 3193 λέγειν
2486 3122 2938 3197 ἀκριϐωσάμενος·
2987 3122 3131 3185 οὗτος
3190 3134 3283 3187 τῆς
3334 3129 3423 3198 μὲν
3475 3126 3711 3189 ἀληθείας
3754 3132 3881 3201 ἒχε-

507 3213 751 3285 quidem
780 3212 1110 3280 veritatem,
1146 3228 1181 3266 a
1212 3212 1363 3267 falso
1394 3218 1591 3268 autem
1625 3212 1941 3268 abstinere.
1987 3215 2163 3271 Porro

506 3308 702 3358 autem
732 3301 998 3371 linguam
1026 3316 1259 3373 quoque
1296 3301 1654 3357 maledicam
1681 3307 1735 3357 et
1764 3303 2161 3359 calumniatri-

505 3407 636 3446 cem
668 3390 995 3462 plurimum
1014 3395 1268 3446 accusat.
1288 3391 1436 3446 Etde
1464 3392 1804 3464 propinquo
1820 3391 2159 3449 clanculum

501 3479 833 3546 detrahere,
863 3480 1164 3536 autetiam
1196 3495 1333 3536 eum
1370 3480 1655 3551 judicare,
1681 3481 1754 3537 ab
1798 3482 2011 3538 animis
2055 3483 2160 3539 ho-

501 3569 736 3624 minum
763 3568 973 3641 procul
1000 3568 1333 3641 propulsat.

570 3659 666 3715 XI.
693 3661 883 3715 Tuum
913 3674 1064 3730 opus
1095 3662 1206 3725 est,
1241 3674 1275 3714 ο
1305 3659 1460 3715 Juste
1482 3658 1693 3715 divites
1733 3676 1974 3733 quoque
2028 3678 2154 3717 rur-

498 3765 597 3805 sus
641 3753 698 3804 et
719 3763 1014 3821 pauperes
1055 3748 1572 3804 admonerezillos
1593 3750 2153 3822 quidemhneconﬁ-

494 3838 641 3896 dant
666 3840 724 3894 in
756 3837 965 3894 divitiis
998 3853 1011 3889 :
1045 3838 1156 3894 hos
1183 3843 1407 3903 autem,
1443 3844 1505 3894 ut
1533 3838 1694 3895 mala
1716 3839 1905 3895 ferant
1932 3842 2151 3912 patien.

494 3930 601 3995 ter,
632 3934 694 3984 ut
719 3928 817 3999 qui
849 3928 962 3983 sint
985 3928 1305 3983 tolerantia
1327 3928 1627 4000 accepturi
1652 3929 2005 3995 mercedem,
2026 3946 2151 4001 qua:

489 4032 611 4075 non
657 4023 845 4088 potest
899 4018 1248 4073 auferrizet
1305 4017 1414 4071 illis
1470 4017 1717 4089 quidem
1780 4016 2147 4075 inﬁdelitatis

487 4112 909 4175 argumentum
961 4106 1199 4161 divitias
1246 4106 1519 4176 objicere,
1546 4112 1607 4161 ut
1636 4106 1737 4176 qui
1762 4107 1821 4161 in
1848 4107 1934 4161 eis
1968 4108 2146 4163 confi-

486 4195 652 4265 dant,
682 4198 883 4250 etnon
913 4195 970 4249 in
1000 4194 1101 4249 Dei
1124 4193 1272 4260 sinu,
1298 4194 1401 4265 qui
1432 4209 1745 4265 nunquam
1764 4195 2143 4265 exhauritur;

484 4284 580 4341 his
606 4288 826 4347 autem,
857 4289 1146 4356 tanquam
1177 4283 1534 4355 prophetam
1564 4284 1935 4349 annuntiare,
1980 4288 2143 4357 quod

484 4389 594 4447 pro
647 4372 865 4429 foribus
898 4377 1013 4429 stat
1051 4372 1099 4427 is
1125 4372 1229 4443 qui
1254 4372 1503 4443 judicat.
1541 4372 1687 4431 Illud
1736 4377 1957 4439 autem,
2021 4392 2141 4432 non

481 4462 811 4535 perjurium
827 4460 1145 4529 solum,sed
1164 4462 1251 4515 vel
1270 4460 1461 4533 ipsum
1474 4462 1741 4533 omninoj
1755 4464 2139 4533 usjurandum

478 4550 764 4609 declinari
786 4550 1023 4620 debere,
1057 4550 1368 4621 cujusnam
1408 4551 1673 4615 alterius,
1704 4568 1889 4624 quam
1919 4553 2138 4625 linguas

472 4642 648 4713 justas
695 4640 868 4695 fuerit
896 4638 1243 4709 admonitio,
1276 4640 1519 4696 dicentis
1553 4642 1572 4675 ‘
1606 4658 1618 4697 :
1656 4664 1680 4691 ‹‹
1711 4644 1849 4697 Ante
1906 4644 2133 4711 omnia,

475 4730 684 4786 fratres
717 4731 851 4795 mei,
882 4729 1063 4785 nolite
1095 4730 1341 4785 omnino
1375 4730 1597 4801 jurarc,
1631 4747 1825 4803 neque
1858 4748 1961 4803 per
2018 4750 2137 4789 c03-

475 4817 619 4884 lum,
655 4836 849 4892 neque
888 4835 990 4890 per
1025 4824 1259 4881 terram,
1292 4835 1487 4892 neque
1531 4821 1714 4875 ullum
1771 4821 1928 4877 aliud
1973 4823 2135 4893 jura-

474 4914 745 4965 mentum
778 4926 789 4962 :
821 4909 891 4965 sit
923 4914 1125 4965 autem
1167 4914 1445 4974 vestrum,
1481 4909 1643 4964 Certe
1682 4916 1853 4983 certe,
1888 4917 1959 4977 et,
2002 4914 2131 4967 Non

472 5014 616 5065 non,
666 5015 739 5054 ne
767 4998 873 5053 sub
916 4998 1143 5069 judicio
1198 4998 1507 5053 decidatis.
1571 5019 1595 5049 ι)
1632 5001 1758 5069 Eos,
1824 5001 1926 5071 qui
1994 5007 2133 5058 sunt

470 5104 681 5145 sereno
710 5094 766 5144 et
791 5088 1109 5160 tranquillo
1142 5088 1359 5153 animo,
1395 5089 1585 5153 docet,
1652 5094 1711 5143 ut
1736 5106 1796 5144 se
1856 5092 2130 5147 muniant

467 5178 736 5235 oratione
771 5193 784 5243 ;
816 5194 938 5245 eos,
971 5178 1073 5249 qui
1095 5181 1409 5247 aegrotant,
1444 5182 1501 5232 ut
1534 5177 1665 5233 oleo
1706 5185 1946 5235 utantur
1990 5197 2127 5235 cum

464 5268 736 5322 oratione
794 5266 1110 5322 sacerdotis
1166 5266 1242 5321 ad
1288 5266 1650 5331 unctionem,
1680 5274 1735 5323 et
1764 5268 1821 5323 id
1866 5270 2128 5326 habeant

463 5370 573 5427 pro
602 5356 793 5412 morbi
826 5356 1147 5422 medicina,
1175 5360 1373 5428 utpote
1397 5357 1558 5427 quod
1586 5359 1795 5423 oratio,
1832 5360 1924 5414 cui
1942 5376 2126 5432 opera

457 5449 661 5515 {eruat
691 5444 983 5501 auxilium
1012 5445 1277 5502 maxima
1304 5444 1485 5519 possit
1516 5445 1767 5502 efﬁcere.
1794 5448 1945 5515 Quid
1965 5464 2120 5523 opus

529 5616 551 5653 ⁴
580 5616 707 5674 Jac.
743 5631 797 5675 v.
836 5615 928 5673 l2.

2276 3214 2419 3277 σθαι,
2455 3221 2544 3263 τού
2594 3209 2824 3282 ψεύδους
2878 3209 2935 3265 δὲ
2985 3219 3074 3265 καὶ
3108 3220 3231 3286 μίαν
3274 3213 3571 3286 ἀπέχεσθαι
3615 3228 3883 3290 πατρικῶς

2273 3297 2558 3353 διδάσκει·
2594 3302 2651 3353 ού
2703 3307 2806 3373 μὴν
2854 3300 2985 3353 ἀλλά
3030 3309 3117 3354 καὶ
3168 3312 3263 3365 τῆς
3312 3304 3595 3375 φιλοψόγου
3644 3306 3877 3376 γλώττης

2270 3395 2357 3442 καὶ
2392 3388 2638 3443 διαϐόλου
2687 3391 2905 3443 πλεῖστα
2944 3400 3243 3465 κατηγορεῖ,
3276 3398 3365 3445 καὶ
3396 3398 3451 3445 τό
3481 3392 3647 3467 λάθρα
3678 3392 3735 3447 δὲ
3778 3404 3874 3447 τοῦ

2267 3480 2486 3537 πλησίον
2529 3480 2851 3549 καταλαλεῖν,
2884 3481 2913 3539 ἦ
2948 3487 3037 3533 καὶ
3081 3488 3268 3556 κρίνειν
3300 3492 3394 3546 τῆς
3438 3492 3537 3535 τῶν
3587 3482 3870 3557 ἀνθρώπων

2268 3566 2503 3632 διανοίας
2532 3572 2736 3644 μακρὰν
2770 3568 3074 3626 ἀπωθεῖται.

2335 3660 2437 3714 ΙΑ’.
2482 3664 2572 3712 Σον
2621 3663 2787 3734 ἔργον,
2833 3657 2872 3711 ὦ
2921 3657 3114 3726 δίκαιε,
3151 3665 3238 3713 καὶ
3291 3664 3347 3713 τὸ
3397 3661 3663 3724 πλουσίοις
3712 3660 3869 3728 αὖθις

2262 3754 2350 3801 καὶ
2389 3753 2575 3807 πένησι
2610 3755 2942 3824 παραινέσαι,
2975 3753 3092 3811 τοὺς
3134 3748 3216 3802 ἐπὶ
3261 3759 3332 3821 τῷ
3385 3750 3589 3823 πλούτῳ
3641 3758 3711 3824 μὴ
3764 3774 3865 3806 πε-

2260 3840 2513 3907 ποιθέναι,
2545 3842 2665 3900 τοὺς
2715 3836 2773 3891 δε
2820 3841 3170 3913 μακροθύμως
3216 3845 3380 3913 φέρειν
3427 3843 3494 3902 ὡς
3542 3841 3864 3914 ληψομένους

2259 3930 2447 3999 μισθόν
2506 3936 2600 3990 τῆς
2674 3930 2938 4000 ύπομονῆς
3010 3926 3381 4004 ἀναφαίρετον”
3439 3928 3697 3993 κάκείνοις
3767 3936 3862 4004 μεν

2258 4017 2467 4089 ἔλεγχον
2522 4026 2615 4079 τῆς
2664 4015 2907 4078 ἀπιστίας
2962 4021 3046 4070 τόν
3098 4017 3316 4071 πλοῦτον
3377 4022 3591 4087 τιθέναι,
3648 4020 3735 4073 ἅτε
3789 4019 3862 4081 δὴ

2258 4106 2333 4159 ἐπ’
2385 4108 2520 4177 αύτῷ
2570 4106 2890 4181 θαρρήσασι,
2924 4112 3012 4159 καὶ
3060 4112 3130 4179 μὴ
3185 4108 3391 4171 κόλποις
3446 4118 3551 4171 τοῖς
3592 4108 3866 4183 μηδέποτε

2256 4201 2604 4268 κενουμένοιςο
2665 4204 2775 4258 τοῖς
2834 4193 2892 4248 δε
2948 4199 3032 4249 οἱα
3088 4204 3353 4271 προφήτης
3426 4199 3865 4270 εὐαγγελίζεσθαι

2254 4289 2353 4359 πρό
2403 4295 2500 4337 τῶν
2549 4288 2713 4359 θυρῶν
2756 4285 2968 4338 ἑστάναι
3015 4290 3100 4338 τὸν
3152 4292 3514 4360 κρίναντα.Τὸ
3567 4285 3625 4341 δε
3655 4294 3727 4361 μὴ
3764 4295 3862 4348 τὴν

2253 4374 2537 4450 ἐπιορκίαν,
2589 4374 2715 4427 ἀλλά
2764 4380 2853 4427 καὶ
2908 4375 3061 4428 αὐτόν
3112 4379 3197 4427 τόν
3256 4378 3405 4451 ὅρκον
3456 4378 3626 4439 ἁπλῶς
3685 4377 3862 4452 ἐκτρέ-

2254 4467 2460 4530 πεσθαι,
2504 4470 2637 4527 τίνος
2690 4464 2847 4526 ἄλλης
2902 4466 2928 4524 ἦ
2982 4473 3075 4527 τῆς
3126 4462 3339 4528 δικαίας
3381 4466 3615 4536 γλώττης
3664 4474 3859 4542 παραί·

2248 4575 2402 4618 νεσις,
2456 4558 2551 4629 πρὸ
2606 4558 2807 4607 πάντων
2858 4554 3147 4626 λεγούσης·
3212 4576 3239 4606 (ι
3296 4552 3537 4628 Ἀδελφοί
3589 4577 3711 4629 μου,
3775 4564 3851 4631 μὴ

2248 4643 2457 4717 ὀμνύετε
2504 4645 2648 4710 ὅλως,
2697 4649 2765 4716 μή
2828 4664 2879 4696 τε
2930 4649 3014 4697 τόν
3074 4644 3309 4716 οὐρανόν,
3348 4651 3419 4719 μή
3476 4666 3528 4699 τε
3576 4653 3670 4705 τὴν
3724 4657 3850 4720 γῆν,

2245 4740 2315 4808 μή
2350 4755 2401 4788 τε
2432 4735 2580 4787 ἄλλον
2626 4736 2773 4807 ὅρκον
2803 4737 2917 4786 τινά
2944 4753 2955 4765 ·
2992 4738 3124 4787 ἔστω
3165 4733 3223 4788 δὲ
3269 4738 3409 4807 ὑμῶν
3440 4756 3494 4789 το
3541 4743 3645 4790 Ναὶ
3696 4744 3801 4790 Ναί
3831 4761 3844 4773 ·

2242 4830 2332 4877 καὶ
2364 4829 2419 4878 τό
2466 4824 2538 4876 Ού
2572 4824 2646 4877 Ού
2677 4844 2687 4855 ·
2724 4825 2806 4876 ἵνα
2853 4830 2921 4896 μὴ
2962 4825 3031 4885 εἰς
3081 4826 3357 4898 ύπόκρισιν
3405 4832 3614 4885 πέσητε.
3650 4850 3676 4880 ››
3711 4834 3850 4890 Τοὺς

2242 4912 2585 4986 ἔνθυμούντας
2635 4913 2913 4985 ἀσφάλειαν
2968 4914 3163 4966 ἑαυτῶν
3207 4918 3475 4967 ποιεῖσθαι
3527 4922 3620 4975 τὴν
3674 4938 3847 4992 προσ-

2241 5008 2403 5075 ευχὴν
2455 4999 2723 5067 διδάσκει,
2757 5006 2875 5065 τούς
2922 5012 3202 5064 νοσοῦντας
3250 5003 3401 5075 ἐλαίῳ
3444 5007 3573 5076 μετά
3618 5026 3845 5080 προσευ-

2238 5101 2341 5164 χῆς
2374 5094 2537 5165 ἱερέως
2582 5091 2653 5151 εἰς
2698 5090 2910 5163 ἀλοιφὴν
2938 5095 3201 5165 χρῆσθαι,
3234 5099 3323 5145 καί
3373 5102 3524 5146 τοῦτο
3564 5103 3659 5156 τῆς
3684 5101 3843 5148 νόσου

2237 5189 2399 5233 ποιεῖν
2446 5184 2612 5253 ἴαμα·
2645 5184 2710 5243 ὡς
2758 5188 2844 5241 τῆς
2876 5182 3040 5252 εὐχῆς
3094 5184 3197 5257 ἄρα
3246 5191 3336 5243 τῆς
3385 5180 3479 5235 διὰ
3523 5192 3622 5235 τῶν
3678 5187 3843 5258 ἔργων

2238 5269 2613 5343 βοηθουμένης,
2653 5269 2864 5343 ἐνεργεῖν
2922 5274 2985 5323 τὰ
3027 5276 3252 5343 μέγιστα
3306 5269 3613 5345 δυναμένης.
3665 5280 3727 5326 Τί
3784 5271 3844 5327 δὲ

2235 5362 2341 5432 χρὴ
2379 5361 2445 5411 τὰ
2472 5368 2562 5420 τῆς
2610 5360 2839 5431 γλυκείας
2870 5364 3056 5421 ταύτης
3088 5361 3395 5422 Ἐπιστολῆς
3436 5366 3601 5415 πάντα
3652 5360 3842 5417 διαλα-

2236 5450 2359 5515 ϐεῖν,
2402 5448 2509 5513 ἐξόν
2556 5452 2889 5523 ἐντυγχάνειν
2947 5450 3077 5525 αὐτῇ
3132 5459 3202 5522 τῷ
3253 5450 3548 5526 βουλομένῳ
3598 5451 3836 5507 κάκεῖθεν
