4084 6216
241 328 328 384 209
1277 323 1446 382 VITA
1485 323 1544 380 S.
1576 321 1820 380 IACOBI
1849 320 2172 381 FRATRIS
2201 323 2469 382 DOMINI.

3455 291 3565 386 elo

236 459 289 516 ὡς
330 451 378 504 ἐκ
415 458 588 520 πηγῆς
623 448 894 523 ἀρύεσθαι,
943 455 1031 503 καὶ
1088 452 1404 522 γευσάμενον
1442 452 1769 503 πιστοῦσθαι

1905 453 1992 507 est
2040 451 2245 508 omnia
2273 451 2567 525 persequi,
2617 465 2754 524 quae
2811 450 2940 507 haec
2978 452 3238 510 continet
3279 455 3558 527 Epistola,

233 547 302 594 καὶ
333 542 478 599 οὕτως
510 538 790 612 ἀξιόχρεων
838 541 1082 616 μάρτυρα
1127 542 1366 612 γίνεσθαι
1409 548 1508 593 τῶν
1541 538 1789 595 Ἰακώϐου

231 631 372 686 καλῶν
405 647 418 696 ;

1901 556 2040 596 cum
2090 556 2224 596 eam
2275 540 2467 612 possit
2514 541 2617 614 qui
2648 540 2785 597 velit
2810 539 3025 610 legere,
3054 544 3112 597 et
3137 542 3293 598 illinc
3321 544 3559 603 haurire

1901 633 2195 701 tanquam
2226 646 2299 686 ex
2348 630 2526 701 fonte,
2561 634 2617 687 et
2666 630 2966 701 gustando
2996 630 3166 688 factis
3196 632 3470 703 probare,
3503 638 3560 692 et

1898 717 1982 774 ita
2012 717 2130 774 ﬁde
2160 719 2381 788 dignus
2413 735 2545 776 esse
2577 720 2736 777 testis
2768 733 2996 789 eorum,
3028 735 3165 794 quae
3196 719 3440 797 pulchre
3471 723 3563 779 di-

1899 810 2114 863 cuntur
2146 825 2179 862 u
2213 807 2440 865 Jacobo
2470 809 2498 864 ?

1707 931 1932 988 CAPUT
1973 932 2036 986 ΙΙ.

370 1045 642 1114 Synodus
662 1043 1090 1113 Hierosolymis
1119 1043 1343 1100 habita.
1375 1038 1728 1097 [Eslimalio
1767 1037 2098 1108 singularis
2136 1041 2302 1107 apud
2323 1043 2620 1111 apostolos
2647 1047 2703 1098 et
2721 1043 3377 1116 Judmos.Marlyrium.

281 1152 364 1206 lB'.
400 1152 554 1204 Ἐστι
592 1148 650 1204 δε
700 1151 972 1204 κάντεῦθεν
1011 1154 1068 1203 τὸ
1123 1150 1410 1224 ἀξιόχρεων
1461 1148 1651 1200 ἐκείνου
1700 1150 1788 1197 καὶ

224 1241 414 1294 δυνατὸν
454 1241 500 1293 ἐν
549 1242 684 1313 λόγῳ
733 1243 933 1314 μαθεῖν.
989 1245 1220 1300 Ζητησις
1259 1243 1388 1292 κατά
1436 1243 1528 1296 τὴν
1581 1237 1787 1291 Ἀντιό-

220 1351 346 1402 χειαν
382 1335 606 1388 κατέστη
649 1334 790 1394 ποτε,
824 1331 867 1383 εἰ
899 1327 981 1382 δεῖ
1010 1333 1132 1390 τοὺς
1181 1327 1234 1391 ἐξ
1280 1327 1432 1380 ἐθνῶν
1473 1330 1787 1400 προσιόντας

219 1429 276 1489 τῷ
324 1421 449 1491 λόγῳ
479 1429 576 1481 τῆς
624 1422 844 1492 χάριτος
891 1422 1025 1471 κατά
1071 1423 1128 1471 τὸ
1184 1421 1296 1478 ἔθος
1342 1421 1570 1478 Μωσέως
1608 1416 1785 1468 λοιπὸν

218 1511 596 1582 περιτέμνεσθαι.
644 1512 708 1561 Οἱ
755 1509 838 1561 ἐπὶ
889 1518 984 1570 τῆς
1028 1511 1306 1580 Ἀντιόχου
1346 1512 1520 1559 τοίνυν
1571 1502 1784 1577 ἀδελφοὶ

1973 1148 2085 1201 ΧΠ.
2155 1148 2338 1205 Porro
2397 1154 2596 1206 autem
2645 1151 2786 1206 hinc
2841 1166 3083 1224 quoque
3142 1153 3277 1211 sciri
3335 1161 3554 1227 potest,

1898 1241 2123 1307 quanta
2167 1241 2319 1293 esset
2352 1237 2480 1308 ejus
2513 1238 2882 1296 auctoritatis
2918 1245 2973 1297 et
2999 1240 3237 1298 dicendi
3280 1241 3553 1301 facultas.

1897 1325 2024 1380 Fuit
2079 1324 2408 1398 aliquando
2459 1327 2713 1400 quaestio
2769 1329 3118 1400 Antiochiae,
3151 1346 3229 1387 an
3259 1337 3558 1404 oporteret

1895 1427 1998 1468 eos
2011 1415 2113 1486 qui
2132 1431 2201 1470 ex
2221 1417 2496 1486 gentibus
2513 1418 2590 1474 ad
2611 1417 2863 1475 verbum
2885 1421 3145 1476 veritatis
3165 1421 3552 1487 accedebant,

1895 1520 2060 1559 more
2091 1506 2349 1563 Mosaico
2379 1507 2660 1581 deinceps
2677 1511 3363 1568 circumcidere.Fratres
3389 1528 3552 1583 ergo,

218 1609 305 1660 τοῖς
354 1603 474 1651 κατὰ
548 1601 622 1650 τὰ
697 1599 1031 1672 Ἰεροσόλυμα
1089 1597 1392 1657 ἀποστόλοις
1457 1601 1548 1654 τὴν
1609 1600 1771 1668 κρίσιν

1892 1593 1993 1664 qui
2024 1597 2552 1662 erantAntiochiae,
2583 1574 2868 1670 apostolis
2887 1602 3402 1658 commorantibus
3428 1574 3555 1659 Hie;

220 1689 479 1760 ἐπέτρεψαν,
537 1689 748 1741 Παύλου
807 1693 895 1740 καὶ
948 1687 1188 1760 Βαρνάϐα
1230 1684 1605 1739 διακονούντων
1656 1687 1784 1756 πρὸς

222 1783 264 1829 τό
312 1781 629 1851 ζητούμενον.
677 1785 780 1838 Τῆς
829 1774 888 1830 δὲ
941 1777 990 1829 ἐν
1041 1776 1419 1852 Ἱεροσολύμοις
1467 1774 1782 1834 Ἐκκλησίας

231 1868 282 1928 εὶς
301 1877 426 1920 τοῦτο
459 1869 960 1941 συναθροισθείσης,
993 1871 1081 1918 καὶ
1128 1869 1322 1940 Πέτρου
1374 1873 1465 1917 τοῦ
1515 1874 1612 1916 τῶν
1658 1863 1781 1915 ἀπο·

239 1957 378 2008 στόλων
422 1964 636 2031 πρώτου
691 1961 1071 2032 προεστηκότος
1128 1965 1224 2018 τῆς
1280 1961 1525 2019 πίστεως,
1573 1958 1658 2006 καὶ
1720 1955 1786 2004 τά

233 2055 301 2108 τῆς
342 2047 595 2110 εὐσεϐείας
647 2051 924 2119 σπέρματα
983 2045 1405 2106 καταϐάλλοντος·
1465 2064 1491 2095 ‹‹
1564 2039 1786 2118 ’Ἄνδρες

225 2134 412 2209 ἀδελφοὶ,
444 2143 605 2209 φησιν
635 2139 662 2189 ὁ
710 2136 969 2201 Ἰάκωϐος,
1018 2141 1221 2208 Συμεων
1269 2134 1563 2206 ἐξηγήσατο
1612 2135 1785 2194 καθὼς

220 2236 380 2298 πρῶτον
432 2231 457 2278 ό
507 2231 643 2289 Θεὸς
678 2225 997 2297 ἐπεσκέψατο
1044 2225 1215 2277 λαϐεῖν
1268 2224 1323 2287 ἐξ
1356 2224 1510 2276 ἐθνῶν
1542 2223 1660 2274 λαόν
1711 2228 1782 2292 τῷ

218 2315 392 2387 ¹Ξνόμοιτι
441 2316 624 2379 αὐτοῦ,
680 2320 770 2367 καὶ
816 2318 981 2386 τούτῷ
1029 2321 1392 2386 συμφωνοῦσιν
1420 2315 1468 2365 οἰ
1497 2311 1642 2382 λόγοι
1681 2318 1780 2362 τῶν

215 2414 466 2478 προφητῶν.
524 2428 553 2456 ››
591 2405 720 2458 Εἶτα
775 2403 968 2466 ἐπιθεὶς
994 2407 1056 2456 τά
1109 2412 1199 2456 τοῦ
1240 2408 1506 2477 προφήτου
1545 2403 1774 2475 ῥήματα,

214 2500 293 2552 τοῖς
340 2497 675 2567 ζητουμένοις
722 2499 871 2554 ὅντως
923 2493 1285 2565 ἐπεψηφίζετο⁸
1343 2515 1369 2542 ί(
1433 2495 1603 2566 κρίνω
1656 2489 1776 2562 ἐγὼ,

212 2580 356 2651 λέγων,
401 2589 468 2656 μή
523 2583 869 2656 παρενοχλεῖν
917 2590 1027 2644 τοῖς
1069 2581 1170 2634 ἀπὸ
1210 2591 1309 2634 τῶν
1359 2580 1512 2633 ἐθνῶν
1545 2580 1778 2654 ἐπιστρέ-

214 2689 361 2740 seuera
399 2673 479 2725 ἐπὶ
519 2677 610 2725 τόν
655 2677 797 2736 Θεὸν,
841 2671 971 2724 ἀλλά
1028 2671 1315 2724 ἐπιστεῖλαι
1354 2670 1526 2730 αὐτοῖς
1575 2668 1777 2740 ἀπέχε-

213 2763 308 2812 σθαι
361 2761 454 2816 ἀπὸ
497 2773 597 2815 τῶν
643 2762 1014 2835 ἀλισγημάτων
1070 2769 1169 2813 τῶν
1219 2757 1464 2824 εἰδώλων,
1511 2767 1602 2820 τῆς
1643 2777 1775 2831 πορ-

204 2855 331 2914 νείας,
385 2858 470 2905 καὶ
522 2861 617 2905 τοῦ
661 2854 897 2924 αἳματος,
947 2855 1036 2903 καὶ
1092 2857 1182 2903 τοῦ
1234 2856 1468 2903 πνικτοῦ.
1509 2870 1538 2899 »
1597 2848 1776 2908 Ούτως

1889 1685 2212 1756 rosolymis
2237 1688 2633 1758 permiserunt
2655 1690 2972 1760 judicium,
3003 1691 3180 1748 Paulo
3211 1699 3264 1748 et
3284 1692 3557 1750 Barnaba

1894 1774 1984 1827 usi
2013 1775 2297 1832 ministris
2328 1777 2406 1833 ad
2437 1781 2900 1850 proponendum
2926 1781 2987 1836 id
3009 1781 3082 1836 de
3103 1797 3224 1854 quo
3246 1783 3554 1855 quaereba-

1894 1867 2006 1918 tur.
2036 1864 2183 1921 Cum
2212 1882 2350 1922 vero
2382 1884 2518 1940 quae
2569 1869 3000 1943 Hierosolymis
3026 1878 3152 1927 erat
3183 1872 3436 1928 Ecclesia
3473 1870 3552 1927 ad

1892 1950 2008 2009 hoc
2026 1958 2178 2010 esset
2194 1963 2582 2028 congregata,
2601 1963 2656 2015 et
2671 1961 2868 2015 Petrus
2890 1961 3120 2030 primus
3139 1961 3551 2032 apostolorum

1892 2049 2172 2114 praeesset
2201 2044 2339 2100 ﬁdei
2372 2090 2386 2114 ,
2420 2052 2474 2102 et
2522 2047 2744 2120 jaceret
2801 2049 3033 2106 semina
3067 2050 3339 2122 pietatis:
3373 2072 3401 2100 «
3434 2048 3550 2105 Viri

1895 2131 2122 2202 fratres,
2169 2135 2361 2208 inquit
2384 2137 2661 2203 Jacobus,
2708 2139 2910 2194 Simon
2943 2139 3549 2212 exposuitquomodo

1893 2222 2154 2293 primum
2174 2225 2326 2280 Deus
2352 2226 2604 2283 visitavit
2621 2245 2852 2285 sumere
2869 2245 2939 2284 ex
2959 2229 3234 2299 gentibus
3254 2229 3550 2301 populum

1891 2313 2118 2368 nomini
2138 2331 2247 2370 suo
2277 2332 2289 2380 ;
2324 2321 2379 2371 et
2406 2317 2455 2372 ei
2483 2319 2860 2374 consentiunt
2885 2318 3192 2390 prophetas
3206 2321 3248 2373 ⁵.
3276 2341 3302 2368 ››
3325 2318 3548 2374 Deinde

1890 2416 2028 2456 cum
2047 2403 2650 2475 subjunxissetverba
2666 2408 2836 2463 unius
2857 2409 3186 2480 prophetae,
3214 2408 3288 2464 de
3317 2408 3389 2463 iis
3411 2425 3548 2480 quae

1888 2491 2314 2561 quaerebantur
2337 2494 2491 2551 hanc
2524 2497 2650 2551 tulit
2681 2499 3033 2554 sententiam
3063 2515 3076 2552 :
3111 2517 3138 2549 «
3169 2497 3378 2553 Judico
3407 2513 3542 2567 ego,

1889 2577 2117 2645 dicens,
2153 2597 2272 2636 non
2321 2598 2454 2638 esse
2509 2583 2782 2640 molestia
2813 2585 3156 2641 eiﬁciendos
3185 2601 3312 2655 eos,
3339 2587 3441 2658 qui
3475 2601 3546 2642 ex

1888 2668 2162 2737 gentibus
2193 2670 2270 2725 ad
2301 2671 2490 2727 Deum
2521 2678 2946 2729 convertuntur
2978 2690 2991 2729 :
3024 2674 3131 2729 sed
3159 2674 3545 2730 scribendum

1887 2756 1964 2813 ad
1994 2765 2194 2820 eos,ut
2219 2775 2281 2814 se
2307 2759 2646 2818 abstineant
2675 2778 2710 2817 a
2737 2763 3346 2818 contaminationibus
3364 2763 3543 2818 simu-

1885 2845 2207 2913 lacrorum,
2223 2847 2630 2915 fornicatione,
2647 2858 2701 2906 et
2719 2853 3030 2922 sanguine,
3051 2856 3107 2908 et
3124 2851 3416 2908 suﬂ‘ocato
3436 2853 3478 2905 ⁶.
3508 2871 3538 2904 ι)

205 2940 296 3009 ἔφη,
356 2948 438 2994 καὶ
503 2945 527 2994 ό
577 2943 730 3013 λόγος
783 2945 928 3014 ἔργον
986 2940 1201 3012 ἐγένετο,
1247 2943 1337 2990 καὶ
1393 2941 1450 2990 τό
1499 2940 1640 3011 παρά
1686 2943 1771 2989 τοῦ

1888 2935 1979 2991 Sic
2027 2935 2190 3004 dixit,
2245 2943 2299 2996 et
2339 2942 2505 3013 quod
2530 2942 2779 3007 dixerat,
2812 2942 3138 2998 deductum
3169 2946 3260 2998 est
3301 2941 3380 2998 ad
3406 2941 3543 2997 effe-

206 3026 412 3081 Ἰακῶϐον
468 3031 739 3103 ψηφισθὲν
795 3031 867 3093 εἰς
919 3033 1079 3082 τύπον
1127 3035 1232 3089 τοῖς
1275 3027 1587 3088 ἀποστόλοις
1627 3025 1777 3101 ἐγρά-

207 3137 316 3187 ῖετο,
366 3125 448 3172 καὶ
488 3130 548 3192 τῇ
607 3120 898 3192 Ἐκκλησία
955 3115 1296 3194 παρεδίδοτο·
1351 3118 1484 3170 οὕτω
1525 3121 1614 3168 καὶ
1652 3116 1773 3190 παρ’

207 3207 349 3267 αὐτοῖς
377 3205 484 3281 εἶχε
513 3218 630 3271 τοῖς
671 3209 977 3267 ἀποστόλοις
1011 3210 1036 3260 ὁ
1070 3207 1197 3280 ἀνὴρ
1230 3211 1287 3260 τὸ
1320 3204 1620 3279 αἰδέσιμόν.

259 3299 341 3353 ΙΓ’.
390 3299 523 3353 Ἀλλ’
564 3304 710 3352 ἔστιν
769 3299 994 3352 ἀκούσαι
1045 3303 1134 3351 καὶ
1167 3297 1371 3351 Παύλου
1405 3297 1489 3349 οἵα
1517 3302 1633 3370 περὶ
1683 3296 1772 3348 αύ-

206 3393 274 3436 τον
309 3388 548 3452 Γαλάταις
590 3388 921 3442 ἐπέσταλκεν.
979 3409 1002 3438 ‹‹
1045 3388 1311 3452 Ἀνῆλθον,
1356 3391 1507 3459 φησὶ,
1565 3385 1636 3448 εἰς
1683 3385 1770 3438 Ἱε-

204 3476 428 3549 ροσόλυμα
471 3481 760 3552 ἱστορῆσαι
812 3482 1024 3550 Πέτρον,
1079 3479 1244 3550 ἕτερον
1295 3473 1352 3529 δὲ
1406 3485 1503 3528 τῶν
1545 3473 1769 3528 ἀποστό-

203 3560 277 3612 λων
314 3565 396 3615 οὐκ
444 3565 603 3630 εἶδον,
660 3566 704 3618 εἰ
749 3571 820 3638 μὴ
854 3568 1112 3630 Ἰάκωϐεν,
1147 3569 1232 3618 τὸν
1280 3561 1501 3636 ἀδελφόν
1533 3571 1624 3616 τοῦ
1660 3571 1766 3616 Κυ-

203 3655 307 3721 ρίου,
347 3675 370 3700 n
401 3656 465 3716 ὡς
493 3654 723 3726 μεγάλου
771 3659 908 3716 τινὸς
940 3658 1078 3716 ὄντος
1115 3659 1203 3705 καὶ
1244 3653 1389 3715 ἀξίου
1421 3658 1630 3725 μνήμης
1675 3659 1764 3704 τοῦ

205 3739 453 3795 θεάσασθαι
507 3749 596 3795 τόν
653 3743 922 3798 Ἰάκωϐον.
974 3745 1095 3805 Οἶος
1145 3740 1204 3796 δέ
1236 3744 1346 3795 ἐστι
1385 3747 1473 3795 καὶ
1518 3742 1658 3812 αύτῷ
1697 3750 1766 3812 τῷ

206 3828 354 3900 Παύλῳ
415 3841 680 3907 παραινῶν
745 3835 770 3883 ὁ
820 3831 1086 3894 Ἰάκωϐος,
1147 3833 1171 3884 ὁ
1221 3835 1283 3883 τά
1358 3840 1456 3883 τῶν
1528 3831 1765 3904 Πράξεων

206 3915 329 3968 ἐπιὼν
374 3932 538 3992 σαφῶς
593 3925 812 3975 εἵσεται.
859 3942 886 3972 (ι
939 3926 1219 3993 Γενομένων
1257 3925 1358 3993 γὰρ
1413 3923 1578 3992 ἡμῶν,
1635 3926 1764 3993 φησί

206 4006 224 4053 ὁ
266 4013 469 4075 Λουκάς,
523 4012 591 4072 εἰς
645 4011 999 4084 Ἱεροσόλυμα,
1052 4009 1366 4074 ἀπεδέξαντο
1406 4012 1544 4078 ἡμᾶς
1584 4011 1765 4070 πάντες

206 4095 241 4144 οἱ
288 4094 498 4170 ἀδελφοί·
563 4109 626 4172 τῇ
688 4097 746 4153 δε
790 4099 1004 4173 ἐπιούσῃ
1058 4101 1289 4159 εἰσῆλθεν
1345 4102 1370 4151 ὁ
1425 4100 1627 4162 Παῦλος
1669 4103 1762 4151 σὺν

206 4184 301 4254 ἡμῖν
349 4195 468 4263 πρὸς
526 4188 792 4253 Ἰάκωϐον,
861 4192 1048 4252 πάντες
1117 4209 1171 4242 τε
1231 4195 1568 4264 παρεγένοντο
1633 4193 1762 4262 πρὸς

205 4274 328 4326 αὐτόν
395 4282 439 4330 οἱ
511 4278 875 4354 πρεσϐύτερον

205 4358 455 4434 ἐξηγήσατο
501 4370 620 4421 καθ’
676 4369 723 4420 ἓν
769 4369 982 4420 ἕκαστον
1021 4369 1088 4418 ὧν
1138 4369 1347 4436 dress;
1401 4371 1612 4425 ἐποίησε
1654 4375 1763 4427 τοῖς

960 4284 1046 4331 ιιαὶ
1124 4279 1493 4351 ἀσπασάμενος

206 4452 363 4504 ἔθνεσιν
418 4453 508 4508 διὰ
555 4465 652 4518 τῆς
697 4454 968 4518 διακονίας
1007 4457 1186 4509 αὑτοῦ.
1233 4459 1298 4509 Οἱ
1347 4453 1406 4509 δὲ
1449 4455 1760 4518 ἀκούσαντες

209 4535 414 4603 ἐδόξαζον
486 4550 573 4598 τὸν
630 4551 781 4609 Θεὸν,
843 4545 1063 4606 εἶπόντες
1108 4555 1181 4617 τῷ
1245 4546 1449 4616 Παύλῳ·
1519 4553 1758 4618 Θεωρεῖς,

210 4624 377 4702 ἀδελφε,
423 4641 581 4688 πόσαι
625 4632 879 4711 μυριάδες
924 4636 1052 4689 εἰσὶν
1098 4634 1144 4687 ἐν
1188 4643 1297 4697 τοῖς
1332 4632 1614 4698 Ἰουδαίοις
1663 4644 1761 4687 τῶν

207 4729 592 4792 πεπιστευκότων,
677 4729 762 4776 καὶ
856 4727 1038 4785 πάντες
1119 4724 1350 4785 ζηλωταὶ
1427 4732 1519 4777 τοῦ
1602 4729 1760 4798 νόμου

208 4805 516 4880 ὑπάρχουσιν⁹
571 4816 960 4885 κατηχήθησαν
1009 4810 1069 4866 δὲ
1117 4819 1234 4887 περὶ
1275 4822 1390 4878 σοῦ,
1424 4816 1504 4866 ὅτι
1535 4814 1762 4868 ἀποστα-

211 4899 299 4946 σίαν
340 4897 605 4966 διδάσκεις
636 4903 736 4956 ἀπὸ
768 4907 994 4965 Μωσέως
1042 4907 1161 4965 τούς
1213 4905 1343 4955 κατά
1386 4907 1448 4956 τά
1492 4906 1608 4962 ἔθνη
1638 4905 1760 4956 πάν-

211 5000 280 5044 τας
322 4988 615 5055 Ἰουδαίους.
668 4993 824 5047 Ἀλλά
862 5001 1013 5045 τούτο
1066 4998 1286 5051 ποίησον
1338 4996 1362 5045 ὃ
1415 5013 1498 5046 σοι
1526 4993 1756 5066 λέγομεν·

214 5071 446 5141 ἀγθίσθητι
489 5087 580 5134 σὺν
623 5083 694 5154 (c)
734 5090 838 5143 τοῖς
889 5079 1036 5134 οὖσιν
1085 5079 1343 5154 ἀδελφοῖς,
1387 5088 1476 5135 καὶ
1527 5079 1759 5141 δαπάνη-

217 5178 300 5229 σον,
342 5174 422 5220 καὶ
447 5177 733 5241 γνώσονται
761 5174 840 5225 ὅτι
883 5176 1000 5246 περὶ
1043 5173 1109 5223 ὧν
1148 5177 1484 5244 κατήχηνται
1513 5178 1630 5244 περὶ
1663 5180 1758 5226 σοῦ

216 5248 333 5305 οὐδέν
378 5255 496 5314 ἔστι.
550 5280 578 5313 >>
622 5264 827 5323 Πάντως
857 5257 917 5314 δὲ
941 5259 1188 5316 Ἰακώϐου
1225 5258 1340 5314 δέον
1376 5261 1753 5336 ὑπολαμϐάνειν

264 5427 418 5489 ‘Act.
455 5451 542 5507 xv,
588 5441 670 5505 ιι,
720 5442 801 5495 15.
882 5440 903 5475 ο
941 5437 1092 5496 Ibid.
1138 5442 1219 5496 19.
1293 5439 1312 5473 τ
1355 5437 1544 5496 Galat.
1589 5456 1624 5507 ι,
1673 5409 1756 5496 ι’9.

1886 3029 2045 3080 ctum
2067 3049 2078 3080 :
2104 3031 2159 3083 et
2181 3029 2344 3100 quod
2372 3032 2648 3087 alacobo
2676 3031 2865 3088 fuerat
2890 3031 3217 3098 decretum,
3249 3031 3542 3104 scriptum

1885 3119 1976 3168 est
2005 3115 2082 3170 ab
2113 3119 2423 3188 apostolis,
2457 3125 2513 3176 et
2545 3120 2813 3177 Ecclesiae
2854 3137 2962 3192 pro
2991 3120 3182 3177 forma
3212 3119 3321 3176 fuit
3361 3119 3540 3176 tradio

1885 3205 2030 3258 tum.
2064 3207 2250 3263 Tanta
2276 3209 2436 3275 apud
2479 3210 2789 3281 apostolos
2819 3209 2929 3266 fuit
2958 3210 3086 3281 ejus
3112 3209 3464 3266 reverentia.

1956 3294 2088 3348 Xltl.
2134 3296 2246 3351 Sed
2270 3296 2403 3354 licet
2433 3300 2612 3355 etiam
2645 3299 2872 3366 audire,
2901 3300 3193 3372 quidnam
3220 3298 3434 3356 Paulus
3461 3296 3536 3353 de

1880 3394 1951 3437 eo
1982 3384 2202 3441 scribat
2232 3386 2310 3441 ad
2341 3387 2576 3444 Galatas
2605 3406 2618 3444 :
2654 3409 2681 3440 «
2714 3389 2987 3455 Ascendi,
3022 3389 3236 3461 inquit,
3271 3388 3544 3444 Hieroso-

1876 3475 2106 3542 lymam
2125 3475 2201 3530 ad
2228 3475 2553 3533 videndum
2569 3478 2825 3534 Petrum.
2854 3478 3049 3534 Alium
3073 3482 3270 3534 autem
3304 3481 3543 3550 aposto-

1877 3552 2002 3616 lum
2033 3578 2153 3618 non
2182 3563 2325 3629 vidi,
2365 3564 2476 3619 nisi
2507 3567 2798 3622 Iacobum
2847 3566 3091 3623 fratrem
3132 3566 3371 3622 Domini
3401 3567 3423 3601 ’τ
3459 3581 3472 3620 :
3507 3584 3534 3618 ν

1875 3654 2077 3720 utpote
2105 3651 2268 3722 quod
2301 3668 2394 3708 res
2439 3660 2592 3709 esset
2624 3671 2864 3723 magna,
2900 3660 2955 3709 et
2977 3655 3162 3724 digna
3207 3670 3342 3727 quas
3374 3668 3542 3710 man-

1875 3737 2116 3794 daretur
2131 3742 2455 3809 memoriae,
2477 3743 2669 3798 videre
2683 3745 2994 3799 Jacobum.
3026 3743 3317 3808 Qualibus
3336 3747 3539 3798 autem

1876 3827 2308 3885 monitionibus
2338 3831 2416 3886 ad
2463 3831 2708 3887 Paulum
2743 3849 2884 3887 usus
2916 3833 2990 3887 sit
3014 3832 3292 3896 Jacobus,
3329 3835 3533 3901 aperte

1877 3916 2165 3990 sciet,qui
2193 3918 2395 3989 legerit
2417 3920 2596 3975 Actus
2628 3920 3040 3992 apostolorum
3093 3962 3106 3975 .
3157 3941 3185 3968 «
3231 3918 3382 3974 Cum
3427 3933 3538 3976 nos

1874 4007 2032 4060 enim
2081 4007 2299 4080 (inquit
2344 4009 2557 4082 Lucas)
2616 4011 2981 4065 venissemus
3037 4008 3536 4080 Hierosolymam,

1873 4106 2231 4170 exceperunt
2256 4115 2365 4154 nos
2396 4115 2606 4156 omnes
2636 4100 2864 4156 fratres.
2892 4099 3171 4173 Sequenti
3198 4105 3399 4155 autem
3431 4097 3525 4155 die

1871 4185 2174 4256 ingressus
2224 4193 2312 4244 est
2358 4189 2580 4246 Paulus
2631 4189 2949 4246 nobiscum
2985 4189 3064 4245 ad
3108 4188 3420 4254 Jacobum,
3471 4192 3526 4244 et

1575 4278 1760 4340 αύτούς
1795 4291 1840 4345 ι)
1872 4292 2083 4332 omnes
2112 4285 2493 4335 accesserunt
2517 4279 2847 4351 presbyteri
2885 4298 2897 4338 ε
2927 4295 3082 4351 quos
3115 4294 3254 4334 cum
3286 4277 3537 4334 salutas-

1873 4370 1980 4434 set,
1997 4367 2625 4438 exposuitsingulatim
2650 4367 3127 4440 unumquodque
3149 4381 3380 4431 eorum,
3401 4381 3533 4438 quas

1871 4455 2026 4510 Deus
2075 4455 2210 4511 fecit
2250 4457 2525 4526 gentibus
2573 4472 2678 4527 per
2727 4456 3125 4512 ministerium
3182 4471 3382 4511 suum.
3444 4455 3530 4511 Illi

1873 4549 2074 4600 autem
2103 4560 2242 4601 cum
2295 4545 2640 4616 audiissent,
2676 4545 3160 4616 gloriﬁcaverunt
3188 4546 3397 4610 Deum,
3450 4543 3536 4600 di-

1872 4639 2072 4690 centes
2121 4634 2301 4691 Paulo
2353 4634 2588 4705 :Vides,
2630 4634 2810 4692 frater
2861 4652 3050 4708 quam
3101 4634 3291 4691 multa
3345 4633 3537 4691 millia

1874 4729 2012 4779 sunt
2040 4725 2189 4780 inter
2205 4724 2444 4780 Judeeos
2484 4740 2692 4780 eorum
2732 4725 2835 4796 qui
2875 4724 3275 4787 crediderunt,
3313 4725 3368 4778 et
3397 4726 3534 4779 sunt

1871 4827 2084 4869 omnes
2116 4813 2261 4883 legis
2291 4813 2669 4869 aemulatores
2718 4830 2730 4869 :
2765 4814 2838 4870 de
2867 4819 2918 4870 te
2951 4818 3151 4870 autem
3191 4811 3528 4878 audierunt,

1872 4903 2036 4975 quod
2069 4907 2129 4959 tu
2159 4903 2341 4958 doces
2374 4919 2409 4958 a
2431 4905 2584 4960 Mose
2615 4903 3010 4958 defectionem
3030 4901 3268 4959 Iudaeos
3299 4916 3532 4956 omnes-

1871 4994 1973 5066 qui
2007 4997 2146 5050 sunt
2175 4993 2234 5048 in
2274 4993 2574 5063 gentibus.
2621 4993 2733 5049 Sed
2764 4992 2857 5049 fac
2895 4993 3029 5057 hoc,
3058 4991 3223 5064 quod
3248 4990 3357 5047 tibi
3387 4989 3526 5057 dici,

1871 5099 2055 5138 mus:
2090 5087 2228 5139 sunt
2276 5082 2451 5138 nobis
2507 5082 2616 5138 viri
2662 5088 2939 5154 quatuor,
2991 5086 3194 5138 votum
3238 5078 3527 5136 habentes

1872 5187 2054 5244 super
2079 5187 2176 5227 se:
2207 5172 2300 5227 his
2331 5171 2676 5244 assumptis,
2720 5169 3028 5227 sanctiﬁca
3065 5175 3118 5225 te
3145 5184 3284 5225 cum
3312 5167 3446 5234 illis,
3471 5171 3527 5227 et

1869 5261 2151 5333 impende
2181 5260 2243 5316 in
2265 5259 2401 5327 illis,
2443 5264 2508 5318 ut
2536 5259 2752 5318 radant
2789 5260 2986 5334 capita
3023 5274 3038 5316 :
3075 5262 3132 5316 et
3160 5261 3528 5330 cognoscent

258 5604 324 5677 (c)
361 5611 529 5670 Etiam
557 5614 652 5672 hic
678 5614 847 5674 locus
881 5631 953 5674 ex
977 5618 1102 5674 Act.
1141 5632 1236 5674 xxi
1269 5617 1463 5691 magis
1483 5615 1711 5691 integre
1731 5615 1990 5676 habetur
2029 5615 2091 5673 in
2121 5614 2336 5675 eadem
2364 5613 2660 5674 versione.
