4084 6216
224 261 306 318 213
1288 262 1457 319 VITA
1487 263 1549 319 S.
1580 260 1824 323 JACOBI
1852 260 2172 320 FRATRIS
2203 265 2472 323 DOMINI.

3457 267 3569 327 2H

158 378 170 392 ’
219 388 424 458 ἐξηγεῖτο
454 386 639 461 (ἱερεύς
664 384 723 440 δὲ
754 383 813 445 ἦν
866 390 982 441 τότε
1027 389 1051 439 6
1100 387 1320 451 Ἀνανος
1351 406 1365 422 ·
1400 390 1557 447 ἡνίκα
1596 388 1788 451 Παῦλος

1910 405 2044 446 rum
2071 389 2195 446 dux
2223 396 2348 448 erat
2386 397 2628 449 Anauus
2684 392 2823 465 (t2),
2876 392 3033 463 (Erat
3079 394 3279 450 autem
3323 399 3567 451 Ananus

218 476 603 547 ἐπιϐοησάμενος
651 482 892 551 Καίσαρα
957 481 1088 552 πρὸς
1142 477 1341 550 Ῥώμην
1398 480 1496 530 ύπὸ
1557 488 1646 531 τοῦ
1708 486 1800 531 Πι-

217 574 322 623 στοῦ
352 562 631 637 δεσμώτης
673 564 933 619 ἐστέλλετο
984 569 1131 641 παρὰ
1176 568 1409 642 Νέρωνα)
1456 583 1469 597 '
1502 568 1645 620 οὗτοι
1673 575 1798 639 γοῦν

214 659 251 708 οἱ
301 663 393 707 τῶν
445 658 688 706 τοιούτων
770 657 1035 729 αἱρέσεων,
1106 665 1197 716 τῆς
1258 654 1469 718 ἐλπίδος
1547 658 1663 708 καθ’
1738 657 1798 715 ἣν

214 744 373 813 Παύλῳ
434 750 530 800 τὴν
600 742 873 803 ἐπιϐουλὴν
930 744 1175 817 ἐξήρτυον
1244 745 1649 818 ἁμαρτάνοντες,
1713 745 1796 798 ἐπὶ

210 832 427 886 Ἰάκωϐον
458 837 756 905 τρέπονται,
800 838 884 886 τόν
918 832 1137 907 ἀδελφὸν
1167 844 1261 887 τοῦ
1310 840 1503 910 Κυρίου
1540 854 1550 864 ·
1581 844 1797 887 τοιαῦτα

341 922 519 983 αύτοῐς
574 928 663 974 καὶ
715 925 831 975 κατ’
890 922 1080 976 ἐκείνου
1138 923 1437 997 τετολμητο.
1501 930 1600 977 Καὶ
1638 930 1795 997 μέσον

211 1012 378 1063 ἑαυτῶν
428 1009 779 1073 ἀπολαϐόντες
818 1014 903 1064 τὸν
956 1018 1183 1083 Δίκαισν,
1234 1016 1453 1085 ἄρνησιν
1492 1022 1586 1076 τῆς
1617 1014 1683 1073 εἰς
1708 1017 1793 1065 τόν

208 1104 410 1171 Χριστόν
441 1104 674 1162 πίστεως
726 1100 808 1153 ἐπὶ
859 1106 1045 1163 παντὸς
1076 1110 1166 1154 τοῦ
1197 1102 1321 1155 λαοῦ
1370 1104 1640 1166 ἐξεζητουν
1690 1102 1794 1155 αύ-

207 1194 291 1253 τόν,
344 1194 431 1242 και
486 1192 613 1261 παρ’
658 1190 820 1242 αύτοῦ
860 1194 1198 1245 ἐπυνθάνοντο
1234 1210 1245 1221 ·
1280 1193 1407 1245 Εἰπὲ
1448 1196 1593 1265 ἡμῖν,
1636 1190 1675 1243 ὦ
1707 1197 1795 1245 Δί-

205 1298 317 1343 καιε,
370 1279 628 1348 λέγοντες,
680 1285 755 1341 τίς
807 1279 945 1333 ἐστιν
996 1284 1025 1341 ἡ
1081 1284 1213 1357 θύρα
1258 1290 1349 1335 τοῦ
1382 1283 1581 1340 Ἰησοῦ.
1621 1282 1679 1334 Ὀ
1711 1279 1790 1349 δὲ,

204 1372 523 1441 πιστούμενος
570 1374 667 1427 τὴν
717 1369 919 1422 ἐκείνων
960 1376 1151 1442 φωνὴν,
1192 1376 1281 1423 καὶ
1340 1368 1565 1440 δίκαιος,
1617 1374 1789 1447 ὥσπερ

202 1465 307 1527 γοῦν
343 1456 593 1521 ἐκαλεῖτο,
652 1468 878 1530 φανῆναι
940 1458 1269 1532 βουλόμενος,
1324 1458 1535 1514 δικαίαν
1564 1466 1651 1513 καὶ
1699 1467 1791 1520 τὴν

208 1551 346 1618 φωνὴν
377 1543 632 1613 δίδωσιν,
669 1548 838 1611 Οὗτός
868 1548 1027 1617 ἐστιν,
1074 1549 1252 1620 λέγων,
1283 1552 1308 1602 6
1349 1553 1468 1612 Υἱός
1516 1558 1607 1604 τοῦ
1659 1560 1793 1605 Θεοῦ

206 1636 382 1697 Ἰησοῦς
413 1638 437 1687 6
468 1640 724 1709 Χριστός,
760 1640 898 1698 Τινὲς
950 1640 1040 1709 μὲν
1070 1635 1156 1690 οὖν
1198 1639 1361 1691 αύτὼν
1405 1647 1511 1701 τοῖς
1556 1642 1655 1692 ύπὸ
1701 1647 1791 1692 τοῦ

1911 484 2050 535 tunc
2080 482 2359 537 sacerdos
2389 483 2523 553 (13),
2557 482 2804 554 quando
2836 482 3058 536 Paulus
3086 482 3385 553 appellato
3441 485 3567 540 Cae-

1910 584 2061 634 sare,
2093 569 2347 625 Romam
2377 587 2412 626 a
2441 574 2607 627 Festo
2634 572 2891 637 vinctus,
2926 570 3144 626 missus
3174 576 3262 626 est
3291 572 3369 627 ad
3393 572 3568 629 Nero-

1906 660 2071 729 nem)
2103 675 2241 715 cum
2272 665 2473 716 essent
2523 660 2783 718 frustrati
2829 675 2931 732 spe
2985 659 3359 727 insidiarum,
3413 676 3566 732 quas

1908 752 2242 803 struxerant
2284 750 2572 805 adversus
2598 750 2872 815 Paulum,
2902 752 3331 805 convertuntur
3358 752 3567 806 contra

1904 836 2195 892 Iacobum
2228 838 2464 894 fratrem
2499 840 2751 894 Domini.
2788 841 2922 895 Ilmc
2950 842 3148 894 autem
3176 837 3237 892 in
3279 836 3448 893 illum
3474 837 3567 894 fa-

1905 940 2035 980 cere
2053 926 2181 981 ausi
2202 932 2360 982 sunt.
2382 930 2529 983 Cum
2545 931 2776 984 Iustum
2800 927 3253 999 intercepissent
3274 926 3566 993 medium,

1908 1015 2185 1084 petebant
2211 1016 2289 1071 ab
2318 1032 2385 1071 eo
2415 1018 2796 1087 negationem
2813 1016 2953 1072 ﬁdei
2972 1016 3033 1072 in
3054 1016 3344 1072 Christum
3361 1031 3567 1072 coram

1905 1108 2024 1159 toto
2057 1104 2279 1175 populo
2308 1109 2383 1169 ,et
2408 1121 2479 1161 ex
2501 1106 2632 1178 ipso
2657 1111 2815 1172 sunt,
2854 1105 3134 1162 sciscitati
3164 1105 3296 1161 :Dic
3310 1103 3508 1173 nobis,
3530 1121 3563 1160 o

1901 1195 2081 1261 Juste,
2112 1193 2392 1259 dicentes,
2415 1195 2725 1267 quodnam
2755 1200 2842 1251 est
2869 1195 3085 1251 ostium
3115 1196 3250 1250 Jesu
3282 1193 3417 1264 (14).
3467 1193 3565 1250 Ille

1901 1299 2043 1339 vero
2074 1283 2321 1339 verbum
2344 1300 2552 1340 eorum
2585 1286 2968 1351 conﬁrmans,
3018 1288 3074 1339 et
3098 1282 3291 1355 qualis
3323 1282 3565 1339 diceba-

1903 1379 1998 1431 tur
2025 1374 2230 1429 Justus
2261 1374 2465 1429 volens
2487 1374 2686 1435 videri,
2741 1375 2967 1445 justam
3028 1372 3295 1428 similiter
3347 1387 3561 1428 vocem

1902 1462 2115 1527 emisit,
2147 1463 2248 1518 Hic
2269 1470 2373 1529 est,
2406 1464 2705 1535 inquiens,
2730 1463 2907 1519 Filius
2941 1462 3041 1518 Dei
3062 1464 3233 1517 Jesus
3277 1460 3562 1517 Christus.

1900 1556 2091 1624 Atque
2118 1552 2383 1608 nonnulli
2410 1553 2654 1625 quidem
2683 1552 3000 1608 credebant
3032 1552 3101 1607 iis
3127 1567 3265 1623 quae
3284 1550 3561 1606 diceban-

1904 1648 1993 1697 tur
2046 1657 2083 1697 a
2127 1641 2343 1698 Iacobo
2399 1659 2412 1708 ;
2464 1641 2567 1698 alii
2625 1646 2821 1698 autem
2876 1641 3120 1697 minime
3148 1639 3487 1704 credebant,
3507 1642 3564 1695 et

209 1724 427 1778 Ἰακώϐου
460 1725 761 1797 λεγομένοις
786 1729 1115 1789 πιστεύοντες
1148 1724 1279 1786 ἦσαν
1314 1749 1325 1761 ·
1360 1731 1409 1781 οἱ
1442 1725 1501 1782 δὲ
1532 1730 1788 1788 ἠπίστουν

1905 1731 2319 1786 convenienter
2343 1747 2466 1787 non
2490 1734 2665 1787 rectae
2693 1729 2995 1787 traditioni
3023 1734 3078 1785 et
3134 1728 3335 1785 errori.
3389 1727 3565 1795 Quae-

210 1833 250 1865 τε
269 1821 342 1866 καὶ
372 1814 647 1885 ἀνι-ελεγον
678 1818 811 1868 κατὰ
836 1814 1134 1890 παράδοσιν
1163 1818 1255 1869 ούκ
1277 1818 1434 1890 ὀρθήν
1462 1819 1552 1871 καί
1574 1819 1789 1877 πλάνην·

220 1905 260 1952 αἱ
300 1906 381 1977 γὰρ
437 1906 681 1976 αἱρέσεις
736 1903 890 1957 αὗται
937 1908 1079 1979 παρὰ
1128 1904 1409 1970 Ἰουδαίοις
1445 1911 1534 1977 (ὡς
1574 1912 1640 1961 τὰ
1684 1911 1795 1961 θεῖά

221 2012 314 2061 eam
354 1994 544 2064 Λογια)
607 1998 725 2047 οὔτε
781 1993 1066 2048 ἀνάστασιν
1111 1995 1435 2070 ἐπρέσϐευον,
1489 2001 1604 2050 οὔτε
1643 1996 1795 2072 ἐρχό-

208 2100 321 2150 μενον
347 2080 652 2135 ἀποδοῦναι
692 2084 900 2155 ἑκάστῳ
940 2088 1075 2137 κατὰ
1103 2089 1170 2137 τα
1223 2089 1350 2159 ἔργα
1402 2086 1584 2141 αὐτοῦ.
1614 2087 1794 2140 Πολλοὶ

202 2191 345 2241 pater
368 2177 452 2225 καὶ
487 2169 590 2225 διὰ
636 2178 722 2225 τόν
753 2173 997 2227 Ἰάκωϐον
1042 2183 1115 2245 τῷ
1145 2184 1241 2228 τῶν
1268 2182 1613 2229 πιστευόντων
1643 2185 1793 2251 χορῷ

204 2263 551 2327 στηετάττοντο,
596 2268 689 2314 καὶ
750 2263 968 2338 θόρυϐος
1018 2264 1175 2326 πολὺς
1224 2270 1344 2326 τούς
1391 2268 1654 2337 ἄρχοντας
1679 2265 1794 2337 εἶχε

206 2359 282 2401 τών
310 2348 585 2404 Ἰουδαίων
616 2352 707 2404 ἅτε
740 2350 825 2405 διό
857 2362 954 2405 τῶν
986 2359 1281 2425 Φαρισαίων
1325 2362 1414 2408 καὶ
1441 2360 1789 2431 Γραμματέων

210 2446 499 2510 εασκόντων,
525 2444 610 2494 ὅτι
638 2438 931 2496 κινδυνεύει
952 2449 1054 2505 πᾶς
1076 2446 1101 2496 6
1122 2444 1262 2509 λαός,
1288 2446 1494 2503 Ἰησοῦν
1518 2449 1602 2497 τόν
1628 2453 1791 2518 Χρισ-

215 2535 282 2580 τόν
314 2528 646 2603 προσδοκῶν.

266 2618 352 2671 ΙΖ’.
412 2620 801 2695 Προσελθόντες
857 2629 1133 2694 τοιγαροῦν
1188 2623 1415 2696 Ἰακώϐῳ
1476 2642 1488 2654 ·
1546 2632 1789 2700 Παρακαο

210 2708 363 2780 λοῦμέν
402 2729 478 2775 σε,
530 2716 735 2775 Δίκαιε,
769 2711 910 2783 μάλα
953 2708 1132 2775 δεινῶς
1184 2712 1374 2784 atrior,
1426 2713 1647 2785 ἐπίσχες
1702 2717 1787 2767 τόν

208 2796 327 2863 λαόν,
376 2798 581 2873 ἐπείπερ
632 2798 897 2859 ἐπλανήθη
954 2801 1025 2863 εἰς
1089 2802 1291 2861 Ἰησοῦν
1347 2804 1416 2864 ὡς
1458 2803 1613 2855 αύτόν
1667 2807 1790 2857 ὄντα

207 2892 406 2959 Χριστόν
440 2908 452 2921 ·
503 2888 615 2941 ἀλλ’
677 2891 813 2952 ὅπως
867 2895 1055 2963 πείσῃς
1102 2895 1218 2952 τούς
1266 2894 1400 2944 κατὰ
1446 2898 1538 2949 τὴν
1590 2895 1786 2966 ἡμέραν

205 2984 279 3027 τοῦ
324 2980 519 3049 Πάσχα
566 2983 689 3052 περὶ
737 2987 831 3031 τοῦ
877 2981 1054 3037 Ἰησοῦ
1088 2980 1515 3053 συνεληλυθότας,
1549 2987 1619 3053 μὴ
1654 2982 1785 3035 πλα-

207 3068 371 3118 νᾶσθαι
418 3074 539 3142 περὶ
586 3068 751 3120 αὐτοῦ
785 3087 799 3100 ·
833 3074 917 3122 σοὶ
964 3072 1064 3143 ⁴γὰρ
1113 3072 1299 3130 πάντες
1346 3072 1628 3141 πειθόμεθα
1658 3090 1668 3100 ·
1696 3077 1785 3125 καὶ

206 3162 542 3230 μαρτυροῦμεν
584 3176 693 3226 σοι,
748 3158 896 3229 ἡμεῖς
945 3178 997 3211 τε
1045 3163 1134 3212 καὶ
1182 3166 1283 3222 πᾶς
1326 3160 1352 3211 6
1390 3158 1531 3224 λαός,
1585 3162 1665 3212 ὅτι
1705 3158 1786 3213 δία

207 3263 331 3305 καιος
379 3243 441 3313 εἰ,
486 3252 577 3299 καὶ
627 3250 907 3317 πρόσωπον
940 3251 996 3299 ού
1028 3247 1306 3319 λαμϐάνεις
1337 3268 1348 3280 ·
1374 3254 1468 3307 τὴν
1493 3255 1785 3324 μαρτυρίαν

206 3336 390 3397 ταύτην,
425 3338 483 3387 τὸ
519 3332 732 3387 δίκαιον
766 3332 911 3403 εἶναι,
941 3342 1029 3389 καὶ
1070 3341 1126 3389 τὸ
1178 3343 1451 3411 πρόσωπον
1482 3344 1552 3411 μὴ
1581 3338 1787 3411 λαμϐά-

208 3440 307 3483 νειν,
358 3427 544 3476 τούτου
586 3428 755 3497 χάριν
802 3424 974 3497 ἐκείνῳ
1005 3432 1430 3499 προσενέγκοντες
1486 3430 1544 3479 ἶν’
1602 3430 1657 3480 ἐκ
1695 3437 1784 3481 τοῦ

212 3505 392 3565 δικαίου
430 3514 672 3584 χλέψῶσι
701 3514 890 3586 μᾶλλον
939 3516 1114 3583 αὑτὸν,
1164 3522 1253 3568 καὶ
1285 3522 1542 3590 πρόσωπα
1585 3518 1784 3570 ἐκείνων

212 3600 351 3653 λαϐεῖν
381 3604 713 3656 ἀναπείσωσι
768 3613 829 3677 τῇ
881 3605 1125 3678 κολακείᾳ
1175 3603 1545 3680 διαφθαρέντα.
1582 3608 1784 3661 Ἐπὶτό

213 3695 451 3762 πτερύγιον
477 3690 589 3760 οὖν,
629 3700 806 3766 φησὶν,
842 3693 1035 3757 ἀναϐὰς
1071 3699 1228 3754 στῆθι
1280 3704 1371 3749 τοῦ
1426 3699 1585 3772 ἱεροῦ,
1627 3698 1707 3749 ἵνα
1727 3699 1786 3771 ᾑς

212 3780 425 3851 ἐπιφανὴς
481 3790 555 3852 τῷ
612 3782 739 3853 λαῷ,
772 3788 861 3836 καὶ
888 3782 1121 3836 ἀκουστά
1161 3804 1255 3837 σου
1299 3784 1365 3837 τὰ
1394 3786 1607 3859 ῥήματα
1634 3791 1787 3859 γένη-

210 3886 278 3919 ται
305 3909 316 3920 .
343 3867 432 3923 διὰ
455 3875 561 3945 γὰρ
592 3876 650 3924 τό
678 3874 880 3945 Πάσχα
912 3873 1319 3932 συνεληλύθασιν
1353 3878 1407 3926 αἱ
1450 3876 1605 3947 φυλαὶ
1652 3876 1783 3929 άπα-

214 3976 285 4009 rat
322 3964 444 4031 μετὰ
480 3971 582 4015 τῶν
636 3962 833 4017 ἐνθνῶν.
878 3962 1146 4022 Ἔστησαν
1172 3961 1257 4017 οὖν
1294 3966 1343 4016 οῖ
1374 3984 1426 4017 τε
1458 3972 1787 4040 Γραμματείς

211 4053 282 4100 καὶ
308 4054 351 4101 οἱ
375 4058 655 4125 Φαρισαῖοι
685 4056 770 4104 τὸν
833 4052 1071 4106 Ἰάκωϐον
1119 4053 1203 4105 ἐπὶ
1252 4057 1312 4105 τὸ
1365 4057 1639 4129 πτερύγιον
1693 4063 1785 4107 τοῦ

214 4137 327 4207 ἱεροῦ
383 4158 395 4169 ⁸
452 4146 541 4194 καὶ
603 4150 740 4214 φωνῇ
793 4147 1132 4216 γεγωνοτέρᾳ,
1191 4148 1384 4209 Δίκαιε,
1431 4145 1648 4216 ἔφησαν,
1702 4150 1785 4197 σοὶ

213 4229 370 4289 πάντες
415 4230 676 4303 όφεῧομεν
729 4233 999 4284 πείθεσθαι
1057 4251 1070 4264 ο
1115 4230 1314 4304 ἐπείπερ
1378 4234 1402 4283 6
1445 4232 1567 4295 λαός
1618 4232 1786 4286 ὀπίσω

214 4314 439 4372 πλανᾶται
464 4329 557 4373 τοῦ
612 4321 811 4385 Ἰησοῦ,
864 4320 917 4373 ὃν
963 4323 1147 4383 πάντες
1195 4320 1278 4374 ἐπὶ
1312 4326 1528 4374 Ποντίου
1564 4324 1786 4375 Πιλάτου

215 4414 409 4482 σταυρόν
436 4411 868 4483 ύπομεμενηκότα
906 4416 1227 4482 γινώσκομεν

214 4501 275 4555 τίς
299 4500 324 4555 ἡ
358 4500 485 4572 θύρα
506 4509 601 4553 τοῦ
626 4499 823 4557 Ἰησοῦ.

273 4586 369 4644 ΙΗ’.
419 4590 559 4642 Ἐπεὶ
606 4585 694 4641 ούν
727 4590 752 4641 6
784 4591 963 4661 καιρός
1015 4589 1181 4642 ὶκάλει
1219 4592 1305 4642 τὸν
1348 4588 1568 4663 ἀριστέα
1599 4599 1787 4651 στῆναι

1271 4427 1284 4466 :
1320 4409 1631 4484 ἀπάγγειλον
1664 4414 1787 4485 ἡμῖν

218 4772 549 4841 connectens
578 4767 825 4840 periodo
838 4767 1046 4841 priori,
1085 4768 1159 4824 de
1192 4768 1538 4825 honoriﬁcis
1568 4786 1788 4841 cogno-

220 4840 409 4917 m_entis_
435 4838 659 4917 Iacobo
687 4855 792 4917 per
820 4838 1056 4917 Iudaees
1087 4841 1339 4917 additis,_
1361 4842 1457 4906 ait,
1491 4845 1557 4917 ᾡς
1588 4838 1786 4917 οῖ’προο

220 4913 351 4985 sine:
380 4906 600 4967 δηλοῦσι
630 4906 936 4985 πᾉεξοὶῄαύτοῦ
969 4913 1129 4985 sicut
1156 4913 1466 4982 prophetae
1494 4914 1563 4970 de
1602 4930 1665 4971 eo
1692 4906 1785 4971 ile-

222 4979 423 5055 ctarant
456 5001 471 5036 :
504 4999 613 5055 nec
654 4979 825 5038 facile
856 4987 948 5037 est
977 4979 1281 5055 explicare
1307 5000 1459 5055 quos
1490 4984 1618 5040 istic
1650 4987 1787 5041 Pro-

223 5048 402 5171 phetas
430 5054 721 5123 signiﬁcet
752 5070 764 5108 :
799 5048 1072 5125 suspicor
1098 5048 1394 5126 applicata
1420 5055 1471 5110 ei
1502 5057 1784 5128 quadam

241 5135 348 5171 oca.
379 5141 502 5171 num
530 5126 678 5171 alias
712 5125 786 5171 de
815 5126 1021 5171 Maesia
1046 5127 1158 5171 snh
1192 5128 1430 5171 nnminp
1452 5127 1607 5171 Juin
1631 5132 1784 5171 imm.

241 5135 348 5199 cca,
379 5141 502 5195 quas
530 5126 678 5180 alias
712 5125 786 5180 de
806 5126 1021 5199 ‘Itlessia
1046 5125 1430 5199 subinomine
1452 5125 1607 5182 Ju'sti
1628 5132 1784 5182 inve-

224 5196 433 5250 niuntur
468 5220 479 5249 :
524 5204 585 5271 ut
623 5214 758 5251 cum
786 5196 995 5271 dicitur
1042 5197 1355 5271 Sapientiae
1386 5213 1423 5252 II
1459 5213 1471 5252 :
1507 5217 1535 5247 «
1571 5200 1781 5271 Oppri-

227 5276 429 5321 mamus
455 5273 508 5322 et
527 5269 1068 5323 circumveniamus
1093 5270 1352 5324 Justum.
1387 5291 1414 5317 »

285 5334 383 5405 (t2)
411 5339 723 5412 Iosephus,
766 5338 1013 5412 libatur,
1043 5356 1173 5412 cap.
1208 5343 1260 5404 8,
1284 5340 1461 5412 trium
1493 5340 1786 5397 duntaxat

229 5400 493 5464 haéreseon
539 5400 826 5475 meminit,
878 5400 1155 5476 Pha'risze‘,
1192 5400 1532 5481 sadduceae,
1575 5418 1631 5467 et
1684 5416 1781 5468 Es-

232 5489 397 5562 srenaa‘:
429 5487 485 5562 at
514 5490 735 5562 septem
786 5498 831 5562 a_
850 5499 911 5537 se
944 5483 1109 5562 prius
1141 5482 1565 5562 descriptas__in
1616 5486 1784 5541 Com-

234 5553 497 5626 mentariis
526 5553 618 5626 hic
663 5555 743 5609 ait
792 5553 1182 5626 HegeSippus,
1225 5554 1317 5609 cui
1343 5553 1680 5623 credimus,
1728 5561 1784 5613 et

229 5616 517 5693 Iosephum
543 5625 741 5685 locum
770 5616 1246 5700 tresvpraééipuas
1276 5625 1644 5687 nominasse.

1903 1819 2044 1875 dam
2072 1819 2230 1875 enim
2261 1820 2517 1876 haereses
2540 1820 2703 1892 apud
2734 1820 2973 1875 Iudaeos
3004 1822 3091 1887 (ut
3123 1817 3327 1873 divina
3356 1817 3586 1873 dicunt

1906 1908 2174 1981 Eloquia)
2216 1924 2409 1981 neque
2455 1910 2729 1965 tenebant
2784 1907 3303 1971 resurrectionem,
3362 1921 3558 1977 neque

1904 1998 2226 2054 credebant
2251 2002 2433 2054 Deum
2479 2005 2818 2063 venturum,
2850 2003 2911 2053 ut
2942 1996 3215 2053 redderet
3236 1994 3557 2067 unicuique

1904 2089 2233 2143 secundum
2265 2104 2450 2160 opera
2472 2104 2599 2143 sua.
2633 2090 2821 2159 Atque
2851 2085 3018 2141 multi
3050 2085 3295 2157 quidem
3320 2089 3561 2155 pr0pter

1900 2177 2396 2233 Jacobumrelati
2453 2183 2592 2233 sunt
2643 2177 2703 2232 in
2760 2191 3082 2231 numerum
3134 2172 3556 2229 credentium:

1902 2282 2125 2336 magna
2150 2272 2350 2322 autem
2382 2265 2778 2322 murmuratio
2813 2270 3019 2321 exorta
3044 2268 3135 2319 est
3187 2262 3337 2318 inter
3398 2262 3558 2333 prin-

1900 2357 2060 2428 cipes
2088 2357 2454 2422 Judaeorum,
2486 2361 2692 2429 utpote
2723 2354 2887 2428 quod
2916 2354 3181 2409 dicerent
3206 2351 3487 2408 Pharisaei
3504 2354 3561 2409 et

1900 2446 2119 2501 Scriba:
2150 2447 2208 2501 in
2248 2446 2577 2518 periculum
2630 2445 2827 2500 venire
2867 2444 3215 2500 universum
3241 2440 3556 2514 populum,

1899 2541 2342 2606 exspectantem
2368 2536 2570 2591 Jesum
2596 2534 2917 2589 Christum.

1968 2625 2100 2681 XVI.
2134 2627 2278 2681 Cum
2302 2639 2445 2693 ergo
2494 2623 2884 2679 accessissent
2934 2621 3013 2678 ad
3051 2619 3346 2676 Iacobum
3407 2636 3421 2674 :
3474 2618 3554 2675 Te

1898 2713 2072 2769 valde
2087 2729 2397 2783 rogamus,
2418 2729 2453 2768 o
2474 2714 2656 2777 Juste,
2683 2711 2982 2775 dicebant,
3007 2709 3220 2765 cohibe
3234 2706 3550 2779 populum:

1896 2803 1956 2859 in
1986 2819 2244 2859 errorem
2272 2802 2431 2857 enim
2459 2802 2735 2857 inductus
2778 2804 2866 2857 est
2919 2800 2994 2855 de
3047 2798 3210 2862 Jesu,
3236 2796 3401 2868 quod
3425 2796 3553 2867 ipse

1897 2894 1970 2948 sit
1999 2892 2262 2949 Christus
2290 2912 2301 2951 :
2336 2895 2392 2946 et
2420 2892 2533 2955 fac,
2564 2896 2626 2946 ut
2672 2890 2743 2946 iis
2797 2888 2904 2961 qui
2934 2888 3028 2943 die
3068 2886 3315 2942 Paschae
3343 2900 3554 2941 conve-

1898 2982 2105 3047 nerint,
2136 2982 2211 3037 de
2233 2984 2367 3037 Jesu
2390 2980 2770 3053 persuadeas,
2812 2994 2886 3035 ne
2928 2977 3004 3033 de
3060 2976 3192 3048 ipso
3246 2974 3550 3031 fallantur.

1820 3104 1859 3158 Ο
1893 3070 2014 3126 Tibi
2046 3071 2201 3126 enim
2229 3086 2334 3125 nos
2387 3069 2686 3126 credimus
2733 3074 2790 3124 et
2846 3067 2951 3124 tibi
2996 3065 3241 3158 ferimus
3289 3064 3555 3120 testimo-

1895 3160 2084 3226 nium,
2112 3168 2167 3217 et
2193 3160 2500 3216 universus
2536 3158 2818 3231 populus,
2872 3156 3038 3228 quod
3093 3155 3173 3209 sis
3222 3155 3447 3226 justus,
3497 3155 3555 3209 et

1894 3265 2215 3322 personam
2251 3266 2370 3305 non
2402 3248 2661 3321 accipias
2692 3264 2704 3302 :
2741 3248 2853 3302 hoc
2884 3250 3087 3303 autem
3118 3242 3551 3309 testimonium,

1894 3340 2051 3411 quod
2081 3344 2233 3395 esset
2243 3340 2459 3410 justus,
2478 3344 2532 3393 et
2562 3352 2877 3408 personam
2921 3350 3043 3390 non
3072 3333 3388 3404 acciperet,
3416 3330 3553 3386 ideo

1895 3429 1979 3484 illi
2014 3429 2373 3493 tribuebant,
2407 3432 2467 3483 ut
2487 3444 2559 3484 ex
2580 3427 2693 3481 hoc
2721 3425 2869 3481 Iusti
2900 3423 3143 3479 nomine
3169 3437 3307 3478 eum
3352 3420 3433 3477 ad
3490 3435 3554 3476 se

1896 3518 2216 3585 allicerent,
2257 3522 2314 3573 et
2369 3516 2809 3589 persuaderent,
2852 3518 2919 3569 ut
2956 3512 3195 3568 illorum
3257 3524 3552 3582 personas

1895 3610 2205 3679 acciperet,
2245 3609 2559 3677 corruptus
2586 3603 3006 3660 assentatione.
3052 3602 3355 3657 Asendens
3386 3614 3549 3670 ergo,

1893 3696 2193 3769 inquiunt,
2221 3701 2310 3750 sta
2333 3711 2519 3766 supra
2543 3692 2747 3764 templi
2767 3691 3173 3763 pinuaculum,
3203 3694 3264 3744 ut
3289 3688 3552 3744 cernaris

1895 3803 1931 3842 a
1962 3790 2082 3843 toto
2105 3784 2348 3858 populo,
2374 3789 2429 3838 et
2444 3783 2623 3839 verba
2643 3789 2744 3838 tua
2759 3780 3082 3836 audiantur
3105 3795 3117 3833 :
3141 3794 3284 3834 nam
3310 3780 3551 3848 propter

1896 3876 2124 3931 Pascha
2180 3876 2587 3929 convenerunt
2651 3886 2862 3926 omnes
2909 3868 3098 3924 tribus
3161 3882 3299 3921 cum
3363 3864 3548 3935 genti-

1893 3966 2007 4021 bus
2039 3964 2175 4033 (t5).
2206 3965 2547 4020 Statuerunt
2575 3976 2715 4030 ergo
2764 3958 2985 4014 Scriba:
3016 3961 3072 4013 et
3123 3953 3405 4011 Pharisaei
3455 3955 3551 4008 Ja-

1894 4054 2110 4110 cobum
2129 4068 2311 4124 supra
2338 4051 2537 4123 templi
2564 4049 2975 4122 pinuaculum,
2999 4052 3055 4103 et
3074 4046 3195 4103 alta
3211 4059 3350 4099 voce
3389 4042 3549 4099 dixe-

1895 4149 2033 4199 runt
2074 4158 2085 4197 :
2121 4143 2305 4209 Juste,
2341 4141 2635 4196 debemus
2666 4154 2878 4195 omnes
2921 4136 3024 4192 tibi
3080 4133 3343 4191 credere.
3393 4133 3551 4197 Quo-

1895 4234 2059 4289 niam
2092 4232 2267 4302 igitur
2283 4230 2544 4304 populus
2560 4234 2717 4285 errat
2732 4231 2867 4298 post
2883 4228 2912 4281 J
2919 4241 3111 4291 esum,
3139 4239 3318 4297 quem
3336 4236 3550 4278 omnes

1897 4323 2121 4379 scimus
2142 4338 2391 4394 passum
2433 4335 2561 4377 esse
2606 4324 2861 4375 mortem
2904 4316 3017 4372 sub
3077 4313 3278 4370 Pontio
3337 4311 3547 4378 Pilato,

1897 4413 2066 4468 nobis
2094 4411 2360 4476 enuntia,
2393 4409 2539 4482 quid
2569 4408 2671 4465 tibi
2693 4407 2967 4464 videatur
2994 4404 3069 4461 de
3094 4406 3253 4461 Jesu.

1967 4591 2163 4648 XVIII.
2196 4592 2343 4647 Cum
2370 4604 2511 4660 ergo
2535 4591 2769 4660 tempus
2818 4588 3080 4651 vocaret,
3138 4585 3202 4640 ut
3244 4580 3335 4639 vir
3380 4578 3550 4637 fortis

1967 4769 2077 4842 (t2)
2112 4769 2213 4842 Hic
2253 4769 2534 4824 Actorum
2567 4781 2699 4842 igitur
2729 4768 2786 4821 et
2804 4764 3085 4836 deinceps
3113 4765 3364 4820 vocatur
3391 4762 3550 4818 Ana-

1895 4838 2361 4913 nias,'princeps
2393 4838 2789 4913 sacerdotum.

1966 4902 2044 4993 (4)
2079 4902 2330 4993 :O_stiu_m
2378 4911 2522 4993 poni
2557 4910 2809 4993 videtur
2831 4922 2968 4993 “pro
3013 4906 3353 4993 exitu‘seur
3379 4902 3496 4993 ﬁne
3516 4922 3541 4993 ξ

1894 4974 2283 5041 intendebant
2308 4974 2488 5046 enim,
2515 4986 2575 5035 ut
2592 4974 3368 5051 simpliciterrespondeudo
3382 4974 3547 5046 quod

1895 5056 2134 5111 obiisset
2154 5055 2213 5109 in
2239 5069 2411 5109 cruce
2434 5049 2731 5107 videretur
2752 5051 2881 5120 ejus
2918 5049 3290 5120 divinitatem
3304 5060 3541 5120 negare.

1966 5132 2078 5194 (I5)
2113 5129 2239 5182 Non
2265 5126 2455 5180 solum
2490 5116 2987 5194 quarumcunque
3015 5119 3277 5194 tribuum
3318 5116 3546 5172 Israeli-

1896 5190 1998 5270 tas‘,
2029 5190 2131 5253 sed
2154 5197 2331 5270 etiam
2356 5190 2603 5270 gentiles
2626 5194 2703 5249 ad
2720 5190 3542 5270 diem—festumundequaque

1895 5262 2096 5325 solitos
2125 5262 2595 5338 Hierosolymam
2628 5264 2974 5338 ascendere,
3011 5262 3210 5317 notius
3245 5276 3316 5338 e_x
3354 5262 3544 5338 Evan—

1894 5341 2049 5410 gelio
2084 5344 2193 5406 est,
2222 5330 2407 5410 quam
2436 5343 2498 5393 ut
2520 5334 3133 5410 contra_Scaligeru_m
3163 5330 3542 5410 probari-de-

1890 5402 2031 5468 beat
2060 5431 2071 5469 :
2107 5402 2275 5482 cujus
2306 5411 2483 5466 etiam
2515 5407 2795 5482 scrupulo
2822 5407 2895 5482 de
2923 5402 3200 5482 gentibus
3236 5402 3542 5482 templum

1893 5500 2015 5539 non
2053 5474 2519 5551 ingredientibus
2549 5474 2719 5536 facile
2769 5477 3208 5551 satisfacitipse
3236 5474 3541 5551 locus,p_i_n

1893 5572 2027 5611 eam
2058 5545 2290 5626 partem
2310 5558 2709 5627 prospectum
2738 5549 3075 5627 h_abens,ad
3103 5545 3291 5623 quam
3313 5545 3541 5621 gentili-

1890 5628 2007 5685 bus
2027 5623 2269 5700 quoque
2297 5623 2387 5685 fas
2416 5623 2592 5685 fu'erit
2619 5623 2921 5685 accedere.
