4066 6224
468 298 579 366 215
1885 299 2133 359 MENSIS

2170 298 2411 361 MAIUS.
2488 336 2498 346 ι
3728 308 3835 365 216

473 434 771 490 resisteret
788 429 1119 495 mendacio,
1138 445 1261 486 non
1278 433 1367 486 est
1396 430 1726 493 cunctatus,
1750 443 1947 501 neque
1966 432 2128 483 metu

2160 428 2204 482 A
2235 432 2373 482 κατὰ
2428 436 2519 482 τοῦ
2567 427 2816 501 ψεύδους.
2869 432 2928 484 οῦ
2984 433 3176 505 μελλων
3242 431 3303 493 ἧν
3353 428 3476 487 οὐδὲ
3522 430 3692 507 δειλίᾳ
3738 439 3833 493 τὴν

473 523 738 596 prodidit
767 522 1076 577 veritatem
1107 540 1119 575 :
1151 520 1254 575 sed
1277 526 1332 575 et
1352 520 1556 574 animo
1587 524 1641 572 et
1673 518 1878 587 lingua
1905 517 2128 573 liberri—

2237 518 2476 577 ἀλήθειαν
2534 516 2844 591 προδιδοὺς,
2901 522 3027 574 ἀλλὰ
3079 530 3166 575 καὶ
3223 525 3409 597 ψυχὴν
3462 530 3550 576 καὶ
3601 525 3833 595 γλῶτταν

476 630 631 676 mus,
661 619 714 667 et
745 626 1029 681 magnam
1059 610 1318 681 protinus
1340 624 1545 663 vocem
1579 608 1889 661 emittens:
1922 629 1948 656 «
1975 604 2128 670 Quid

2238 607 2656 681 ἐλευθερώτατος,
2704 616 2791 663 καὶ
2848 613 3076 683 μεγάλην
3107 614 3254 674 εὐθὺς
3300 616 3445 686 ἀφεὶς
3494 620 3586 673 τὴν
3618 619 3785 687 φωνήν
3815 630 3831 648 ⁸

475 718 564 754 me
591 702 832 770 rogatis,
861 700 1071 770 inquit,
1102 700 1174 753 de
1199 698 1331 752 Jesu
1354 699 1381 753 ?
1410 698 1543 769 Ipse
1572 696 1737 751 sedet
1770 696 1827 749 in
1860 694 2005 749 coelo
2051 694 2127 748 ad

2239 703 2359 749 «Τί
2407 718 2470 769 με
2513 698 2733 771 ἐρωτᾶτε
2778 706 2895 774 περὶ
2938 710 3029 755 τοῦ
3064 704 3245 761 Ἰησοῦ
3288 723 3299 771 ;
3343 704 3522 775 λέγων,
3558 711 3644 757 καὶ
3675 704 3838 764 αὑτός

475 791 781 846 dexteram
816 788 1042 843 virtutis
1082 788 1267 842 Patris
1313 788 1422 850 sui,
1460 791 1738 841 venturus
1776 783 2024 856 posthac
2068 782 2126 836 in

2236 789 2459 844 κάθηται
2513 788 2560 839 ἐν
2610 798 2679 860 τῷ
2736 790 2935 862 οὐρανῷ
2989 790 3036 842 ἐν
3079 790 3227 857 δεξιᾷ
3277 801 3371 857 τῆς
3425 791 3689 866 δυνάμεως
3737 801 3833 845 τοῦ

476 880 735 935 nubibus
764 878 911 942 caeli,
944 877 1252 947 utjudicet
1277 877 1483 931 orbem
1511 881 1676 930 terrae
1726 875 1784 928 in
1813 872 2062 944 justitia.
2098 894 2125 920 »

2238 882 2436 951 Πατρός
2467 878 2648 944 αὐτοῦ,
2696 879 2976 951 ἐρχόμενος
3027 885 3155 953 μετά
3206 892 3371 935 ταῦτα
3424 886 3506 937 ἐπὶ
3552 893 3651 935 τῶν
3694 902 3840 955 νεφε-

476 972 625 1025 Cum
653 968 820 1023 multi
843 972 1040 1023 autem
1074 966 1328 1021 fuissent
1358 964 1627 1037 persuasi
1651 964 1728 1019 ab
1759 964 1867 1019 hoc
1918 960 2126 1017 Jacobi

2234 964 2333 1017 λῶν
2383 975 2472 1019 τοῦ
2526 968 2745 1042 οὐρανοῦ
2794 979 2967 1045 κρῖναι
3021 977 3115 1030 τὴν
3168 972 3469 1046 οἰκουμένην
3526 972 3573 1026 έν
3633 970 3842 1026 δικαιο-

476 1057 837 1122 testimonio,
894 1057 1341 1126 clamarentque
1392 1059 1448 1110 et
1499 1054 1783 1121 dicerent,
1846 1052 2127 1108 Hosanna

2238 1056 2388 1127 σύνη.
2437 1078 2457 1105 ι
2497 1062 2595 1110 Καὶ
2620 1059 2816 1110 πολλῶν
2848 1060 3337 1136 πληροφορηθέντων
3384 1062 3466 1115 ἐπὶ
3514 1071 3573 1136 τῇ
3636 1083 3839 1138 μαρτυ-

475 1148 617 1203 Filio
650 1147 869 1202 David:
910 1144 1143 1200 Scribas
1187 1149 1241 1198 et
1296 1143 1623 1198 Pharisaeos
1680 1141 1863 1197 subiit
1906 1156 2126 1210 magna

2234 1148 2324 1218 ρίᾳ
2352 1149 2515 1219 ταύτῃ
2548 1154 2639 1199 τοῦ
2670 1148 2941 1213 Ἰακώϐου,
2975 1152 3271 1224 κραζόντων
3303 1171 3356 1204 τε
3398 1156 3489 1204 καὶ
3534 1152 3785 1223 λεγόντων
3819 1170 3835 1187 ο

475 1238 624 1307 ejus,
649 1234 808 1306 quod
834 1234 1060 1289 factum
1086 1233 1295 1297 fuerat,
1330 1231 1698 1303 poenitentia,
1758 1235 1814 1286 et
1867 1231 2018 1286 inter
2064 1246 2126 1285 se

2232 1234 2457 1287 Ὠσαννᾶ
2494 1245 2566 1307 τῷ
2616 1242 2719 1307 Υίῴ
2762 1236 2946 1303 Δαϐἱδ,
2995 1239 3154 1299 πολλὴ
3200 1245 3322 1302 τοὺς
3360 1247 3688 1314 Γραμματείς
3725 1246 3841 1294 τότε

476 1323 760 1380 dicebant
792 1322 969 1378 :Male
1002 1322 1268 1385 fecimus,
1299 1321 1402 1392 qui
1423 1320 1533 1376 tale
1558 1319 1959 1375 testimonium
1995 1321 2127 1374 Jesu

2234 1330 2323 1376 καὶ
2378 1330 2700 1397 Φαρισαίους
2752 1327 2917 1399 εἰσῄει
2976 1331 3221 1399 μετάνοια
3278 1337 3370 1383 τοῦ
3426 1331 3758 1404 πραχθέντος
3822 1348 3837 1360 ·

477 1412 932 1485 praebuerimus.
956 1410 1227 1480 Agedum
1244 1425 1385 1479 ergo
1405 1410 1690 1465 Jacobum
1753 1408 2124 1479 dejiciamus,

2234 1417 2320 1465 καὶ
2398 1418 2523 1488 πρός
2603 1414 2869 1483 ἀλλήλους,
2955 1424 3137 1480 Κακὼς
3217 1417 3557 1491 έποίοσαμεν,
3643 1420 3836 1491 ἔλεγον,

477 1507 540 1558 ut
567 1500 827 1573 populus
860 1505 1017 1555 metu
1044 1500 1375 1555 retardatus
1405 1514 1526 1554 non
1549 1498 1751 1553 credat
1775 1498 1934 1552 Jesu.
1978 1497 2123 1551 Cum

2238 1506 2486 1561 σοιαύτην
2535 1510 2826 1577 μαρτυρίαν
2877 1513 3243 1580 παρασχόντες
3281 1517 3350 1579 τῷ
3397 1510 3573 1567 Ἰησοῦ
3626 1526 3638 1538 ⁸
3691 1507 3843 1563 δεῦτε

479 1592 562 1646 sic
582 1590 889 1654 dixissent,
906 1605 1125 1660 magna
1148 1604 1287 1645 voce
1308 1588 1679 1644 clamarunt:
1712 1586 1753 1641 Ο
1780 1586 1791 1641 l
1826 1603 1860 1642 ο
1887 1591 1897 1637 ε
1923 1588 2126 1642 Justus

2235 1600 2533 1667 τοιγαροῦν,
2565 1594 2933 1667 καταλάϐωμεν
2978 1600 3063 1647 τόν
3096 1596 3362 1661 Ἰάκωϐον,
3405 1598 3466 1650 ἶν’
3498 1600 3523 1649 6
3554 1597 3673 1659 λαός
3699 1599 3839 1650 οὕτω

479 1695 720 1754 quoque
747 1679 979 1735 erravit.

2237 1681 2374 1753 φόϐῳ
2414 1686 2807 1755 περισχεθέντες
2838 1689 2909 1756 μὴ
2944 1689 3274 1739 πιστεύσωσι
3304 1695 3376 1757 τῷ
3422 1687 3619 1746 Ἰησοῦ.
3655 1688 3843 1750 Οὕτως

2160 1784 2203 1839 Β
2239 1771 2457 1832 εἰπόντες
2483 1778 2617 1845 μέγα
2659 1792 2707 1825 τι
2760 1772 3080 1846 βεϐοῆκασιν
3129 1792 3143 1806 ⁸
3174 1775 3242 1828 Ὢ.
3274 1776 3286 1831 l
3316 1781 3354 1827 ὤ
3388 1776 3400 1831 !
3442 1782 3531 1829 καὶ
3560 1779 3585 1829 ό
3625 1782 3843 1839 Δίκαιος

2238 1860 2499 1919 ἐπλανήθη
2514 1902 2527 1917 .

553 1949 683 2003 XIX.
712 1949 858 2003 Cum
888 1960 1027 2015 ergo
1066 1943 1479 2001 ascendissent
1504 1943 1564 1997 in
1591 1939 1794 2012 templi
1819 1938 2131 2030 Apinnacu—

2310 1950 2395 2003 ΙΘ’
2464 1949 2743 2005 Ἀναϐάντε
2854 1949 2877 1967 ⁷
2964 1952 2975 1969 ³
3127 1957 3136 1969 “
3323 1958 3333 1971 ’
3524 1956 3537 1973 ’
3588 1960 3598 1974 “

2404 1991 2415 2003 .
2698 1993 2709 2005 .
2752 1973 2773 2014 ς
2820 1973 2906 2005 ουν
2956 1958 3039 2006 επὶ
3088 1974 3144 2007 το
3182 1974 3456 2030 πτερυγιον
3487 1958 3634 2017 ενθυς
3682 1977 3841 2010 κατα-

478 2035 622 2102 lum,
657 2052 793 2091 eum
818 2035 1020 2090 statim
1050 2033 1357 2105 dejiciunt.
1385 2033 1452 2086 Et
1489 2047 1562 2086 ne
1590 2031 1673 2085 sic
1728 2028 1973 2100 quidem
2031 2027 2128 2083 de-

2240 2039 2488 2092 ϐάλλουσι
2521 2058 2532 2070 ·
2575 2046 2663 2093 καὶ
2711 2038 2850 2113 μηδὲ
2893 2043 3029 2094 οὕτω
3067 2052 3160 2105 τῆς
3214 2050 3402 2117 μανίας
3452 2047 3684 2110 στάντες,
3734 2046 3843 2100 ἔλε-

481 2126 753 2180 sistentes
779 2125 857 2179 ab
888 2123 1145 2187 insania,
1187 2121 1463 2177 dicebant
1491 2136 1502 2174 :
1529 2122 1767 2176 Justum
1797 2117 2130 2174 obruamus

2238 2150 2329 2202 γον
2365 2145 2379 2160 ⁸
2423 2132 2728 2204 Λιθάσωμεν
2782 2135 2866 2184 τὸν
2916 2137 3146 2188 Δίκαιον.
3200 2140 3301 2187 Καὶ
3340 2134 3563 2208 ἤρξαντο
3605 2135 3839 2197 λιθάζειν

478 2212 799 2285 lapidibus.
836 2215 899 2267 Et
938 2213 1247 2281 coeperunt
1276 2209 1336 2264 in
1392 2224 1532 2263 eum
1576 2206 1832 2280 jaculari
1875 2206 2127 2278 lapides,

2241 2219 2417 2288 αὐτὸν,
2485 2218 2687 2295 ἐπείπερ
2761 2220 3102 2284 καταϐληθεὶς
3185 2223 3280 2275 οὐκ
3358 2223 3623 2289 ἀπέθανεν,
3710 2224 3848 2278 ἀλλὰ

480 2301 768 2374 quoniam
796 2300 1058 2370 dejectus
1074 2314 1196 2354 non
1210 2302 1335 2353 erat
1357 2301 1651 2354 mortuus.
1677 2295 1789 2353 Sed
1808 2312 2132 2352 conversus

2246 2313 2507 2380 στραφεὶς,
2541 2311 2579 2360 ὡ
2617 2310 2805 2381 ψυχῆς
2832 2311 2982 2382 ἁγίας
3012 2311 3023 2365 ι
3058 2313 3240 2369 τίθησι
3283 2314 3346 2365 τὰ
3383 2318 3596 2385 γόνατα,
3629 2314 3787 2386 λέγων
3821 2330 3844 2347 ⁸

481 2391 549 2457 (O
581 2394 852 2446 sanctam
878 2388 1180 2444 animam!
1210 2388 1362 2459 )ﬁgit
1413 2385 1577 2441 humi
1630 2401 1829 2457 genua
1874 2385 2080 2441 dicens
2114 2401 2129 2440 :

2247 2399 2401 2467 Κύριε
2449 2400 2544 2451 Θεε
2604 2400 2786 2473 Πάτερ,
2845 2401 2967 2471 ἄφες
3016 2401 3214 2465 αὐτοῖς,
3268 2401 3326 2453 οὐ
3396 2405 3495 2475 γὰρ
3549 2385 3731 2455 οἴδασι
3787 2407 3848 2455 τί

485 2479 735 2536 Domine
765 2479 922 2534 Deus
968 2478 1157 2543 Pater,
1210 2476 1431 2532 dimitte
1493 2476 1597 2541 eis,
1657 2474 1927 2530 nesciunt
1974 2473 2131 2529 enim

2243 2493 2456 2538 ποιοῦσι
2484 2506 2496 2518 υ
2534 2490 2626 2545 τήν
2657 2486 2818 2545 αὐτὴν
2863 2496 2935 2558 τῷ
2986 2490 3218 2561 Στεφάνῳ
3263 2494 3426 2562 φωνὴν
3484 2490 3622 2563 ἀφεὶς
3674 2496 3762 2543 καὶ
3813 2493 3846 2543 ὁ

483 2568 628 2641 quid
660 2567 885 2624 faciunt
916 2583 930 2633 ;
962 2566 1237 2623 eamdem
1259 2581 1490 2631 vocem,
1535 2580 1719 2637 quam
1770 2563 2130 2634 Stephanus,

2247 2577 2376 2635 θεῖος
2407 2576 2664 2636 Ἰάκωϐος.
2718 2578 2899 2639 Οὖτως
2949 2574 3036 2630 οὖν
3094 2578 3491 2633 λιθοϐολούντων
3542 2580 3720 2645 αὐτόν,
3774 2579 3855 2643 εἷς

483 2658 720 2714 divinus
749 2672 991 2729 quoque
1018 2656 1291 2711 emittens
1319 2653 1600 2711 Jacobus.
1652 2652 1802 2707 Cum
1860 2652 1941 2707 sic
1993 2668 2133 2721 ergo

2245 2672 2344 2716 τῶν
2395 2667 2582 2738 ἱερέων,
2631 2674 2728 2717 τῶν
2776 2668 2899 2718 υἱῶν
2936 2666 3185 2740 Ῥηχαυὶ,
3236 2671 3351 2720 υἱοῦ
3407 2668 3695 2741 Ῥαχαϐην,
3744 2679 3852 2722 τῶν

484 2762 622 2803 eum
649 2750 997 2818 appeterent
1020 2744 1342 2815 lapidibus,
1372 2759 1529 2799 unus
1577 2759 1648 2798 ex
1705 2741 2131 2805 sacerdotibus,

2248 2756 2346 2805 ὑπὸ
2394 2754 2638 2829 Ἰερεμίου
2693 2764 2783 2807 τοῦ
2835 2762 3102 2828 προφήτου
3146 2763 3600 2830 μαρτυρουμένων,
3664 2760 3853 2833 ἓκραξσ

483 2839 587 2908 qui
618 2840 785 2891 erant
806 2834 909 2889 ﬁlii
937 2834 1213 2899 Recham,
1250 2832 1353 2887 lilii
1394 2831 1735 2898 Rechabim,
1790 2831 1865 2885 de
1915 2830 2133 2901 quibus

2246 2842 2402 2915 λέγων
2443 2858 2457 2873 ’
2493 2847 2798 2911 Παύσασθε,
2847 2850 2899 2897 τί
2948 2848 3181 2899 ποιεῖσθε
3211 2864 3225 2911 ;
3260 2850 3475 2918 εὔχεται
3525 2849 3650 2922 ὑπὲρ
3700 2830 3851 2916 ημῶν

485 2925 597 2981 fert
626 2925 1030 2979 testimonium
1046 2922 1330 2978 Jeremias
1356 2922 1467 2993 (16)
1498 2922 1804 2992 propheta,
1838 2919 2133 2987 clamavit,

2250 2934 2274 2984 6
2307 2938 2532 2995 Δίκαιος.
2569 2938 2669 2987 Καί
2694 2953 2769 2994 τις
2799 2934 2986 2999 αὐτῶν,
3035 2934 3137 2987 ἀπό
3176 2944 3274 2987 τῶν
3318 2940 3543 3008 κναφέων
3582 2930 3650 2989 ’τό
3699 2938 3853 3000 ξύλον

485 3014 691 3070 dicens
724 3030 737 3068 :
772 3015 1009 3095 Cessate
1038 3029 1049 3067 :
1074 3012 1220 3083 quid
1246 3011 1440 3067 facitis
1463 3011 1490 3065 ?
1537 3011 1742 3066 Justus
1799 3026 1908 3081 pro
1968 3009 2133 3064 nobis

2249 3021 2436 3091 λαϐὼν,
2470 3022 2517 3074 έν
2647 3023 2933 3084 ἀπεπίαςον
2981 3027 3045 3076 τὰ
3093 3027 3295 3097 ἱμάτια,
3343 3025 3523 3097 ἐπάγει
3570 3026 3681 3079 λίαν
3711 3030 3856 3079 κατά

486 3108 781 3175 ΡΓθοᾶῐυΓ·
807 3101 1060 3169 Ουίάἃω
1109 3107 1309 3157 ἃυίθω
1358 3117 1428 3156 ex
1472 3101 1578 3165 eis»
1620 3104 1859 3170 accepto
1884 3098 2037 3155 Ϊυείθ
2068 3114 2137 3153 ΒΧ
2179 3125 2219 3181 C
2248 3119 2341 3173 τῆς
2382 3112 2605 3183 κεφαλῆς
2645 3112 2804 3164 αὐτοῦ
2835 3133 2846 3145 ’
2881 3118 2970 3165 καὶ
3014 3114 3173 3175 οὕτως
3216 3116 3241 3166 6
3269 3119 3471 3175 Δίκαιος
3500 3111 3855 3187 παραδίδωσι

486 3191 727 3249 ofﬁcina
755 3190 1014 3255 fullonis,
1039 3206 1161 3263 quo
1207 3189 1645 3261 comprimebat
1692 3192 1898 3253 vestes,
1951 3187 2133 3243 valide

2247 3205 2341 3258 τὴν
2370 3200 2575 3272 ψυχήν.
2612 3205 2713 3254 Καὶ
2764 3200 2998 3263 λαϐόντες
3030 3203 3186 3255 αὐτὸν
3214 3204 3475 3256 θάπτουσι
3500 3203 3721 3262 πλησίον
3751 3211 3853 3257 τοῦ

488 3280 701 3351 inﬂigit
721 3282 849 3351 ejus
878 3280 1057 3352 capiti
1091 3295 1104 3335 :
1137 3283 1196 3336 et
1221 3280 1303 3335 sic
1328 3282 1530 3335 Justus
1560 3278 1801 3335 tradidit
1850 3278 2132 3333 animam.

2248 3296 2370 3342 ναοῦ
2392 3297 2484 3341 τοῦ
2523 3294 2669 3344 Θεοῦ.

489 3373 677 3438 Quem
706 3375 1061 3443 acceperunt
1116 3374 1171 3425 et
1218 3369 1574 3442 sepelierunt
1618 3383 1796 3440 prope
1846 3366 2140 3440 templum

489 3462 610 3517 Dei.

558 3552 664 3615 XX,
696 3548 1045 3621 Quicunque
1066 3551 1267 3605 autem
1316 3550 1501 3611 erant,
1548 3547 1611 3603 in
1658 3545 1885 3603 civitate
1936 3546 2133 3602 mode-

2323 3539 2425 3595 IK'.
2458 3539 2613 3593 Ὀσοι
2656 3537 2713 3592 δε
2768 3549 2866 3593 τῶν
2919 3544 3051 3595 κατὰ
3096 3546 3190 3601 τὴν
3239 3542 3385 3595 πόλιν
3447 3542 3852 3614 ἐπιεικέστατοι,

485 3638 597 3695 rati
626 3642 684 3693 et
703 3637 895 3709 probi,
923 3642 977 3693 et
1007 3636 1535 3708 videbanturleges
1562 3640 1836 3692 accurate
1880 3651 2133 3706 servare,

2250 3632 2444 3681 καὶτά
2490 3635 2606 3704 περὶ
2658 3634 2779 3691 τοὺς
2835 3636 3024 3703 νόμους
3072 3630 3299 3706 ἀκριϐεῖς
3351 3628 3588 3703 ἐδόκουν,
3648 3631 3858 3707 βαρέως

487 3728 593 3782 hoc
618 3726 1159 3797 tuleruntgraviter,
1193 3731 1248 3781 et
1278 3726 1432 3781 clam
1458 3726 1699 3781 mittunt
1720 3725 1795 3780 ad
1816 3724 2133 3796 Agrippam

2252 3722 2467 3789 ἤνεγκαν
2520 3718 2605 3771 ἐπὶ
2650 3722 2817 3790 τούτῳ
2860 3737 2872 3749 ·
2903 3725 2992 3772 καὶ
3036 3724 3307 3791 πέμπουσι
3362 3724 3534 3794 κρύφα
3582 3726 3712 3795 πρός
3763 3726 3854 3775 τόν

486 3817 634 3887 (erat
651 3818 807 3872 enim
824 3816 872 3871 is
888 3814 1532 3883 successortetrarchiaa
1550 3814 1818 3884 Herodis)
1837 3818 2133 3883 rogantes,

2252 3807 2545 3879 Ἀγρίππαν
2585 3808 2747 3874 (οὗτος
2790 3811 2891 3882 γὰρ
2931 3816 3026 3870 τῆς
3078 3807 3316 3881 Ἡρώδου
3366 3817 3683 3886 τετραρχίας
3733 3808 3858 3863 διά-

487 3912 552 3961 ut
574 3906 855 3962 scriberet
884 3906 962 3961 ad
994 3910 1291 3971 Ananum,
1322 3920 1395 3960 ne
1436 3904 1575 3960 talia
1623 3903 1885 3960 auderet.
1941 3903 2133 3975 Neque

2254 3894 2414 3969 δοχος
2464 3894 2545 3968 ἦν)
2602 3897 2864 3960 ἀξιοῦνται
2921 3897 3209 3951 ἐπιστεῖλαι
3239 3900 3454 3971 Ἀνάνῳ,
3506 3906 3577 3972 μὴ
3630 3907 3856 3952 τοιαῦτα

487 3996 646 4051 enim
678 4002 831 4051 recte
862 3995 1068 4050 fecisse
1098 3994 1393 4059 dicebant,
1440 3993 1604 4065 quod
1662 3992 1877 4049 fecerat
1920 4008 2133 4061 magno

2251 3987 2462 4058 τολμᾷν,
2496 3984 2634 4059 μηδὲ
2673 3990 2774 4059 γὰρ
2806 3991 2863 4039 τό
2903 3990 3039 4039 κατὰ
3081 3992 3167 4040 τὸν
3220 3993 3381 4061 μέγαν
3439 3996 3619 4041 τοῦτον
3674 3990 3856 4043 Ἰάκωο

486 4085 723 4140 Jacobo.
759 4083 1013 4149 Quidam
1044 4088 1246 4138 autem
1277 4099 1348 4137 ex
1370 4083 1455 4137 eis
1489 4082 1701 4137 Albino
1732 4098 1976 4153 quoque
2005 4097 2133 4153 pro-

2252 4076 2337 4127 ϐον
2367 4076 2530 4148 ὀρθῶς
2561 4075 2912 4150 καταπρᾶξαι.
2959 4080 3098 4137 Τινὲς
3147 4073 3205 4129 δε
3258 4078 3425 4129 αὐτῶν
3484 4084 3678 4148 καὶτῷ
3725 4077 3854 4133 Ἀλ-

488 4174 764 4228 cedentes
785 4173 1050 4238 obviam,
1081 4171 1330 4227 venienti
1358 4170 1711 4226 Alexandria
1734 4172 1950 4242 (ipsum
1980 4169 2133 4225 enim

2250 4166 2371 4239 ϐίνῳ
2425 4168 2827 4230 ὑπαντήσαντες,
2891 4164 2991 4217 ἀπὸ
3040 4173 3130 4226 τῆς
3188 4163 3581 4240 Ἀλεξανδρείας
3636 4164 3856 4221 ὁδοιπο-

488 4265 627 4331 post
656 4262 889 4315 Festum
925 4260 1099 4328 elegit
1153 4258 1347 4315 Caesar
1396 4262 1844 4330 procuratorem
1898 4257 2133 4327 Iudae)

2246 4262 2423 4331 ρόῦντι
2467 4254 2646 4326 (αὐτόν
2676 4258 2775 4327 γὰρ
2806 4258 2937 4327 μετὰ
2985 4263 3187 4315 Φῆστον
3241 4255 3608 4329 ἐχειροτόνησε
3640 4264 3852 4330 Καῖσαρ

489 4365 622 4406 eum
644 4348 877 4416 docent,
910 4364 1031 4403 non
1057 4347 1229 4403 licere
1252 4350 1464 4403 Anano
1490 4346 1720 4419 absque
1750 4348 1877 4417 ejus
1908 4350 2133 4402 senten-

2246 4355 2341 4408 τῆς
2393 4340 2653 4404 Ἰουδαίας
2707 4346 3002 4419 ἐπίτροπον)
3060 4341 3387 4397 διδάσκουσι
3438 4351 3509 4417 μὴ
3562 4345 3744 4409 ἐξεῖναι
3777 4356 3851 4418 τῷ

487 4437 570 4493 tia
602 4436 807 4492 sedere
838 4437 896 4491 in
930 4437 1197 4492 concilio.
1228 4436 1692 4506 Albinusigitur,
1748 4436 1997 4491 credens
2065 4436 2133 4490 iis

2170 4476 2215 4531 D
2248 4434 2440 4506 Ἀνάνῳ
2468 4438 2638 4506 χωρὶς
2662 4438 2866 4505 γνώμης
2912 4437 3070 4485 αὐτοῦ
3102 4436 3321 4485 καθίσαι
3354 4431 3643 4509 συνέδριον.
3678 4435 3855 4487 Ἀλϐῖ-

487 4526 588 4598 qui
622 4526 914 4591 dixerant,
950 4526 1131 4581 iratus
1185 4526 1358 4581 scribi
1414 4527 1491 4581 ad
1550 4527 1848 4587 Ananum,
1903 4525 2133 4580 minans

2170 4521 2211 4531 ”
2245 4544 2327 4584 νος
2361 4521 2417 4576 δὲ
2446 4532 2555 4585 τοῖς
2587 4523 2791 4575 εἰποῦσι
2824 4525 3077 4591 πεισθεὶς,
3126 4525 3314 4597 γράφει
3356 4526 3466 4594 μετ’
3517 4524 3676 4598 ὀργῆς
3718 4530 3855 4599 πρὸς

486 4632 621 4670 eum
656 4615 938 4670 daturum
970 4630 1179 4686 pcnnas
1206 4615 1455 4670 admissi
1481 4615 1778 4671 facinoris.
1830 4616 1940 4669 Rex
1998 4630 2133 4670 vero

2245 4618 2331 4667 τόν
2362 4612 2598 4677 Ἄνανον,
2628 4608 2780 4673 δίκας
2806 4610 3022 4663 ἀπειλῶν
3054 4614 3311 4684 ὑποσχεῖν
3340 4613 3493 4666 αὐτὸν
3522 4622 3615 4666 τοῦ
3640 4611 3856 4669 τοιοῦδε

484 4705 765 4776 Agrippa,
786 4708 993 4759 Anano
1015 4703 1285 4776 deposito
1312 4720 1348 4760 a
1377 4704 1727 4771 sacerdotio,
1756 4720 1891 4759 cum
1936 4704 2133 4759 fuisset

2246 4703 2591 4775 τολμήματος.
2628 4700 2918 4773 Ἀγρίππας
2946 4704 3119 4772 μέντοι
3150 4702 3174 4753 ὁ
3210 4700 3477 4774 βασιλεὺς,
3531 4702 3721 4775 ἀφελὼν
3754 4712 3854 4768 τῆς

483 4792 725 4849 Ponifex
757 4808 877 4848 non
918 4792 1111 4865 plures
1164 4809 1345 4864 quam
1402 4799 1519 4849 tres
1569 4808 1827 4858 menses,
1885 4792 2133 4849 alterum

2248 4794 2529 4867 ἱερωσύνης
2552 4793 2638 4842 τὸν
2661 4789 3133 4863 Ἀνανον,ἀ⁸ρξαντα
3157 4800 3325 4863 μῆνας
3352 4791 3410 4844 οὐ
3442 4791 3647 4856 πλείους
3668 4801 3849 4868 τριῶν,

484 4882 613 4951 ejus
639 4881 772 4938 loco
794 4882 1114 4937 constituit.
1149 4882 1298 4938 Mala
1356 4888 1549 4938 autem
1596 4887 1864 4938 extrema
1913 4882 2133 4939 invase-

2244 4883 2409 4953 ἕτερον
2434 4879 2539 4932 ἀντ’
2570 4878 2760 4931 ἐκείνου
2795 4883 3100 4937 κατέστηκε.
3117 4882 3194 4933 Τὰ
3215 4885 3389 4953 μέντοι
3414 4890 3584 4933 κακῶν
3615 4884 3849 4951 ἔσχατα,

482 4975 620 5026 runt
649 4970 879 5027 Judaeos
902 4975 1034 5039 post
1064 4974 1317 5026 mortem
1344 4971 1575 5026 Jacobi:
1600 4972 1814 5027 horum
1837 4971 2000 5027 testis
2049 4976 2133 5028 est

2242 4974 2372 5043 μετα
2394 4975 2483 5028 τὴν
2510 4967 2757 5022 Ἰακώϐου
2789 4968 3043 5037 τελευτὴν,
3072 4967 3369 5031 Ἰουδαίους
3399 4969 3672 5042 κατείληφε
3705 4984 3719 5000 ⁶
3753 4976 3848 5025 καὶ

483 5060 773 5133 Josephus
803 5060 1064 5126 Judaeus,
1106 5059 1208 5132 qui
1234 5060 1381 5115 nihil
1410 5060 1620 5116 celavit
1646 5061 1929 5116 veritatis.

2242 5062 2443 5133 μάρτυς
2470 5060 2663 5111 τούτων
2688 5053 2944 5121 Ἰουδαῖος
2976 5058 3248 5127 Ἰώσηπος,
3281 5056 3448 5131 μηδὲν
3479 5070 3569 5121 τῆς
3600 5058 3845 5123 ἀληθείας

2242 5146 2694 5223 ὑποκρυψάμενος.

556 5330 667 5401 (l6)
697 5333 795 5385 Ast
814 5328 1172 5401 Rechabitae,
1213 5327 1287 5401 _de
1334 5327 1552 5401 quibus
1602 5326 1905 5401 Hieremiae
1956 5343 2124 5401 xxxv,
2240 5330 2334 5381 tur
2363 5326 2517 5401 ﬁlius
2543 5325 2794 5401 Rechab,
2821 5324 3197 5401 adductusin
3224 5324 3385 5381 hunc
3412 5341 3843 5401 erroremgcum

483 5396 903 5455 ex'Ma'dianitis
948 5400 1098 5455 inter
1116 5396 1783 5455 Judmoshabitantibus
1807 5405 1992 5460 erant,
2022 5398 2124 5462 uti,
2241 5414 2458 5453 nomen
2490 5399 2603 5453 hoc
2635 5397 2751 5452 fere
2786 5398 3037 5468 potuerit
3064 5396 3241 5452 etiam
3272 5414 3341 5452 ex
3368 5399 3616 5453 Aaronis
3666 5397 3841 5454 fami-

484 5486 555 5524 ex
586 5487 620 5542 x
654 5474 1045 5525 Numerorum
1078 5471 1251 5542 liquet
1276 5490 1289 5532 ;
1310 5472 1622 5542 quomodo
1654 5486 1795 5542 ergo
1818 5486 1887 5523 ex
1944 5470 2129 5542 iis_sa-
2237 5468 2315 5524 lia
2341 5469 2736 5542 aliquis,sicut
2758 5468 3067 5542 exAJudreis
3092 5469 3587 5542 multigesserunt
3614 5485 3839 5525 nomen

484 5540 754 5615 cerdotes
774 5542 1020 5615 ierant?
1042 5539 1347 5615 Glossema
1380 5542 1557 5615 igitur
1582 5541 1695 5595 hoc
1722 5540 1795 5594 de
1838 5555 1946 5615 suo
1968 5540 2128 5609 adje-
2236 5539 2518 5607 Ismaelis,
2550 5556 2698 5615 quos
2728 5539 3046 5597 ridiculum
3073 5542 3223 5595 foret
3251 5540 3584 5598 Ismaelitas
3616 5542 3838 5598 dicere.

484 5612 625 5670 cerit
654 5612 742 5669 vel
769 5612 1134 5686 Hegesippus
1162 5613 1253 5673 vel
1282 5612 1588 5681 Eusebius,
1622 5627 1693 5668 eo
1714 5611 1879 5687 quod
1910 5610 2127 5685 legere-
