4066 6224
212 330 304 386 2n
1344 329 1510 386 vm
1547 298 1624 386 si
1652 327 1889 387 ACACII
1930 329 2401 388 CAPPADOCIS.

3444 327 3551 382 218

275 451 370 507 ΚΑ¹
424 458 598 505 Ταῦτα
665 454 800 505 οὕτω
864 452 1134 521 συνῆλθεν,
1188 458 1277 507 καὶ
1330 456 1617 529 προσετέθη
1682 463 1775 508 τοῖ‹

1972 458 2098 513 XXI.
2130 457 2260 512 Haec
2315 457 2395 512 ita
2458 458 2791 520 evenerunt,
2855 456 3104 511 Sanctus
3158 452 3397 509 additus
3460 454 3549 509 est

214 544 364 613 ἁγίοις
394 544 417 593 6
466 542 625 612 άγιος,
658 550 769 603 τοῖς
797 545 1056 615 μάρτυσιν
1088 546 1113 595 6
1162 547 1380 616 μάρτυς,
1415 551 1522 605 τοῖς
1565 541 1789 603 δικαίοις

211 635 231 684 6
283 628 476 691 ὃικαιος
523 636 611 683 καὶ
660 632 725 681 ὧν
779 638 867 684 καὶ
910 632 1285 704 ὀνομαζόμενος
1316 649 1328 663 ⁸

209 729 388 790 πρῶτος
472 722 559 770 τὸν
627 724 946 793 μαρτυρικὸν
1028 718 1420 794 ἀναδησάμενος
1506 725 1776 793 στέφανον,

208 810 289 860 Ἤν
328 810 416 879 μὲν
465 811 568 882 γὰρ
622 811 926 881 προφθάσας
976 812 1023 862 ἐν
1080 807 1345 873 διακόνοις
1386 813 1704 880 όΣτέφανος,
1738 809 1785 861 ἐν

208 897 493 958 ἀποστόλοις
542 899 566 949 6
594 896 871 951 Ζεϐεδαίου
905 898 1145 961 Ἰάκωϐος
1169 917 1180 929 ⁸
1214 907 1301 951 νῦν
1347 896 1405 953 δὲ
1437 901 1461 952 ὀ
1509 898 1786 973 ἀρχιερεὺς

204 994 265 1056 τῷ
310 992 490 1059 πρώτῳ
552 985 788 1060 ἀρχιερεῖ
840 996 1051 1061 Χριστῷ
1104 990 1475 1056 ἠκολούθησεν,
1509 991 1534 1041 6
1582 991 1785 1062 μάρτυς

201 1085 260 1146 τῷ
304 1078 425 1151 ὑπὲρ
476 1084 572 1128 τοῦ
622 1080 823 1149 κόσμου
872 1081 1058 1139 παντὸς
1106 1082 1162 1131 τὸ
1212 1081 1344 1152 αἷμα
1390 1081 1448 1131 τὸ
1492 1076 1629 1131 ἴδιον
1660 1080 1782 1131 ὑπο·

204 1168 390 1233 σχόντι.
452 1170 638 1217 Πόσων
694 1186 779 1219 σοι
834 1169 978 1219 θείων
1027 1166 1333 1239 ἀξιωμάτων
1389 1188 1545 1221 πόσοι
1609 1187 1781 1239 χρεω-

202 1256 425 1305 στοῦνταί
472 1273 561 1306 σοι
618 1258 879 1327 στέφανοι,
910 1265 981 1327 τῷ
1034 1259 1267 1329 μαθητῇ,
1299 1265 1371 1309 τῶ
1419 1259 1677 1330 ἀρχιερεῖ,
1709 1266 1780 1328 τῷ

198 1339 388 1414 δικαίῳ,
434 1352 507 1414 τῷ
558 1342 836 1418 θεαὸέλφῳ,
881 1355 954 1418 τῷ
1003 1349 1249 1421 μάρτυρι,
1299 1356 1369 1418 τῷ
1426 1349 1452 1400 ὃ
1492 1367 1542 1400 τι
1590 1349 1650 1399 ἄν
1702 1368 1783 1410 τις

197 1435 315 1485 εἴποι
354 1442 452 1485 τῶν
500 1433 714 1505 ἀγαθῶν
768 1434 823 1487 ἐκ
868 1442 1173 1512 περιουσίας
1230 1440 1427 1509 ἔχοντι,
1489 1437 1558 1499 εἰς
1623 1434 1780 1499 δόξαν

198 1527 417 1595 Πατέρος,
476 1526 607 1575 Υὶοῦ
656 1528 745 1576 καὶ
805 1525 953 1597 ἁγίου
1006 1530 1317 1599 Πνεῦματος,
1375 1536 1467 1589 τῆς
1522 1533 1643 1598 μιᾶς
1692 1532 1781 1579 καὶ

196 1608 476 1685 ἀχωρίστον
532 1617 814 1677 Θεότητος,
924 1619 1108 1688 πρέπει
1136 1622 1288 1669 πᾶσα
1319 1613 1469 1681 δόξα,
1502 1621 1649 1688 τιμὴ,
1690 1621 1780 1668 καὶ

196 1700 608 1776 μεγαλοπρέπεια,
641 1711 730 1755 νῦν
772 1710 861 1757 καὶ
905 1704 1005 1771 ἀεὶ,
1037 1711 1126 1759 καὶ
1158 1706 1227 1769 εἰς
1258 1710 1379 1767 τοὺς
1411 1706 1781 1767 ἀτελευτήτους

197 1789 356 1851 αἰῶνας
384 1800 484 1844 τῶν
516 1792 741 1847 αἰώνων.
771 1791 958 1866 Ἀμήν.

1373 632 1422 684 ἐν
1482 633 1789 693 ἐπισκόποις

1898 548 2134 610 sanctis,
2156 552 2374 618 Martyr
2399 546 2783 618 martyribus,
2800 544 2974 617 justis
3002 543 3103 616 qui
3121 545 3313 598 Justus
3338 547 3463 599 erat
3492 546 3549 598 et

1895 636 2343 698 nominabatur,
2372 635 2590 707 quippe
2622 635 2849 706 primus
2906 633 3053 689 inter
3088 632 3401 703 episcopos
3442 632 3549 688 fuit

1894 726 2220 798 martyrica
2244 740 2466 781 corona
2504 724 2833 779 redimitus.
2866 727 3013 778 Nam
3067 722 3215 776 inter
3264 720 3548 775 diaconos

1892 814 2136 887 quidem
2166 815 2471 885 praecessit
2500 814 2855 885 Stephanus,
2873 812 3022 868 inter
3048 809 3350 882 apostolos
3376 808 3548 864 Zebe—

1891 902 1995 959 daai
2025 904 2318 959 Jacobus:
2350 919 2507 958 nunc
2540 908 2738 959 autem
2781 901 3043 975 pontifex
3075 900 3374 955 Christum
3434 898 3550 969 pri-

1892 1010 2060 1049 mum
2082 992 2422 1049 Pontiﬁcem
2452 996 2541 1047 est
2572 998 2806 1048 secutus
2832 1009 2846 1059 ;
2881 997 3097 1063 martyr
3127 1006 3285 1053 eum,
3318 988 3422 1060 qui
3445 1001 3549 1058 pro

1889 1084 2170 1138 universo
2213 1082 2441 1138 mundo
2506 1081 2813 1155 pr0prium
2878 1080 3131 1154 prrebuit
3164 1078 3545 1146 sanguinem.

1891 1172 2080 1237 Quam
2121 1171 2441 1227 multarum
2468 1172 2808 1227 divinarum
2836 1169 3128 1241 dignitatu
3159 1184 3335 1241 quam
3354 1164 3545 1223 multis

1888 1260 1994 1316 tibi
2020 1260 2233 1316 debita:
2262 1269 2400 1316 sunt
2421 1277 2672 1326 coronae,
2706 1260 3023 1331 discipulo,
3051 1257 3334 1331 pontiﬁci,
3353 1256 3542 1327 justo,

1891 1350 1989 1405 Dei
2020 1348 2207 1419 fratri,
2235 1348 2519 1421 martyri?
2546 1350 2646 1421 qui
2665 1349 2960 1421 quidquid
2979 1348 3123 1403 boni
3149 1346 3365 1401 dixerit
3415 1343 3546 1416 qui-

1889 1438 2102 1508 spiam,
2136 1438 2321 1493 habes
2347 1454 2419 1494 ex
2451 1438 2819 1495 abundantia
2847 1456 2859 1493 :
2895 1438 2973 1493 ad
3027 1436 3281 1508 gioriam
3333 1434 3541 1499 Patris,

1892 1528 2011 1582 Filii
2037 1532 2091 1583 et
2119 1527 2368 1599 Spiritus
2394 1529 2602 1595 sancti,
2627 1544 2762 1600 quae
2794 1535 2879 1583 est
2926 1544 3049 1584 una
3091 1531 3148 1582 et
3171 1523 3541 1596 inseparabi-

1887 1616 1959 1673 lis
1982 1616 2279 1681 divinitas,
2310 1622 2549 1689 etquam
2592 1619 2761 1674 decet
2776 1617 2973 1674 omnis
2991 1618 3177 1672 honor
3198 1619 3253 1669 et
3271 1612 3545 1682 magniﬁ-

1890 1705 2099 1770 centia,
2134 1720 2293 1763 nunc
2324 1712 2379 1763 et
2410 1722 2664 1780 semper,
2696 1714 2753 1764 et
2790 1709 2850 1764 in
2891 1707 3109 1763 saecula
3158 1704 3537 1760 saeculorum.

1891 1798 2101 1850 Amen.

809 2028 1459 2117 ΜΑΡΤΥΡΙΟΝ
1499 2028 1738 2115 ΤΟΥ
1776 2028 2132 2118 ΑΓΙΟΥ
2171 2032 2367 2115 ΚΑΙ
2410 2021 2939 2118 ΕΝΔΟΞΟΥ

1307 2212 1932 2262 ΜΕΓΑΛΟΜΑΡἸὙΡΟΣ
1968 2214 2100 2261 ΤΟΥ
2137 2214 2422 2262 ΧΡΙΣΤΟΥ

409 2397 888 2568 AKA
914 2396 1482 2573 ΚΙΟΥ
1586 2393 3300 2571 ΚΑΠΠΑΔΟΚΟΣ.

953 2813 1358 2870 MARTYRIUM
1389 2811 1635 2869 SANCTI
1668 2814 1750 2868 ET
1778 2809 2053 2867 EGREGII
2082 2809 2351 2867 CHRISTI
2392 2809 2740 2866 MARTYRIS

869 3001 1443 3146 ACACI
1459 3003 1525 3144 Ι
1634 2996 2855 3146 CAPPADOCIS

506 3312 720 3377 (Surius
755 3311 825 3363 ad
857 3312 997 3361 diem
1027 3313 1054 3361 8
1084 3311 1207 3362 Maii
1238 3329 1249 3372 ;
1286 3311 1465 3361 Graece
1498 3323 1643 3361 nunc
1672 3310 1905 3373 primum
1935 3309 2112 3372 prodit
2145 3323 2226 3360 ex.
2267 3308 2385 3359 cod.
2420 3308 2547 3374 Reg.
2580 3309 2729 3360 Paris
2758 3310 2897 3368 1334,
2930 3323 3051 3360 saec.
3090 3311 3199 3371 xu.)

251 3550 312 3606 A'.
350 3556 539 3627 Τρίτον
592 3559 745 3604 τοῦτο
798 3559 890 3604 τοῦ
948 3551 1233 3623 μισοκάλου
1286 3554 1377 3604 καὶ
1426 3554 1772 3623 παμπόνηρον
1812 3548 1853 3605 C

194 3634 439 3709 δράκοντος
494 3641 723 3693 λαίλαπι
774 3646 1081 3703 κινήσαντος
1138 3643 1274 3693 κατὰ
1325 3648 1425 3693 τῶν
1486 3648 1577 3692 τοῦ
1637 3647 1772 3693 Θεοῦ

196 3723 359 3781 δουλων
410 3730 494 3784 ἐπὶ
562 3731 892 3803 Μαξιμιανοῦ
946 3737 1036 3782 τοῦ
1096 3730 1329 3802 γαμϐροῦ
1380 3729 1770 3796 Διοκλητιανοῦ,

196 3819 288 3869 υἱοῦ
334 3818 390 3872 δί
442 3825 535 3872 καὶ
598 3820 992 3891 ὑπερασπιστοῦ
1046 3827 1137 3872 τοῦ
1183 3825 1403 3882 Σατανᾶ,
1454 3819 1633 3879 εὐθέως
1685 3823 1772 3872 καὶ

196 3908 246 3956 τὰ
284 3913 473 3982 πονηρὰ
524 3913 628 3961 καὶ
671 3907 831 3967 ἀσεϐῆ
890 3905 1231 3982 διατάγματα
1281 3911 1462 3961 τούτου
1508 3912 1642 3960 κατά
1674 3914 1773 3960 πᾶ-

198 4013 273 4045 σαν
316 4004 489 4070 χώραν
558 3996 912 4069 ἕπεφοίτησεν,
966 4000 1086 4050 ἔνθα
1136 4002 1499 4073 προσέττατεν,
1535 3999 1668 4050 ὥστε
1723 3996 1771 4049 ἐν

195 4086 313 4159 πάση
354 4088 516 4151 πόλει,
588 4089 633 4139 εἴ
688 4106 767 4149 τις
818 4091 889 4159 μὴ
953 4085 1196 4159 βούλοιτο
1244 4095 1305 4159 τῇ
1370 4090 1614 4161 θεραπείᾳ
1669 4094 1769 4139 τῶν

197 4173 297 4224 θεῶν
348 4180 648 4249 προσιέναι,
693 4182 873 4229 τοῦτον
925 4174 1293 4250 ἀπαραιτήτως
1342 4178 1485 4249 πάσῃ
1539 4180 1770 4249 τιμωρίᾳ

196 4261 541 4324 ὑποϐληθῆναι.
587 4270 683 4318 Καὶ
731 4272 897 4317 ταῦτα
946 4269 1036 4337 μὲν
1082 4269 1207 4338 πρὸς
1268 4270 1388 4328 τοὺς
1436 4265 1530 4328 ἔξω
1580 4268 1772 4339 οἷρχον-

196 4369 269 4412 τας
314 4352 607 4421 ἐθέσπισεν,
659 4354 796 4425 φόϐῳ
839 4356 1009 4407 πάντα
1055 4361 1143 4408 καὶ
1194 4352 1437 4407 κινδύνου
1487 4353 1769 4427 βασιλικοῦ

196 4444 386 4510 γέμοντα
412 4462 423 4473 ’
457 4448 593 4519 πρὸς
624 4440 682 4496 δὲ
727 4448 927 4507 τούτοις
958 4450 1047 4497 καὶ
1077 4454 1184 4507 τοῖς
1216 4454 1306 4498 τοῦ
1351 4453 1578 4518 στρατοῦ
1609 4446 1767 4497 αὐτοῦ

198 4529 389 4601 ἡγεμόσι
429 4542 605 4586 ταῦτα
655 4534 1060 4606 παρηγγέλλετο,
1092 4537 1225 4587 ὥστε
1273 4538 1317 4586 εἰ
1358 4555 1439 4596 τις
1467 4543 1566 4587 τῶν
1614 4554 1770 4609 στρα-

199 4630 362 4671 τιωτῶν
416 4627 487 4684 μὴ
546 4624 735 4696 ὑπείκῃ
791 4632 901 4685 τοίς
958 4626 1333 4699 προστάγμασι
1376 4632 1467 4677 τοῦ
1514 4623 1770 4697 βασιλέως

201 4703 253 4766 εἰς
300 4713 384 4767 τὴν
434 4713 714 4784 θεραπείαν
767 4719 866 4763 τῶν
915 4714 1059 4778 θεῶν,
1117 4712 1305 4785 μᾶλλον
1367 4708 1426 4765 δὲ
1482 4710 1763 4786 δαιμόνων,

201 4803 350 4848 τοῦτον
404 4797 623 4873 δέσμιον
677 4806 786 4863 τοῖς
836 4801 930 4864 ἔξω
980 4797 1351 4875 δικαστηρίοις
1399 4799 1652 4856 δίδοσθαι
1698 4804 1769 4865 είς

203 4892 446 4959 τιμωρίαν.

257 4974 317 5025 θ’.
367 4976 447 5031 Ἐν
492 4981 662 5050 τούτῳ
712 4983 881 5032 τοίνυν
930 4986 1000 5049 τῷ
1052 4988 1219 5054 καιρῷ
1264 4985 1352 5033 καὶ
1390 4984 1457 5033 τὰ
1503 4984 1639 5034 κατά
1679 4985 1764 5034 τὸν

204 5066 421 5137 μακάριον
476 5073 569 5120 καὶ
625 5069 776 5140 ἅγιον
821 5070 1063 5143 μάρτυρα
1102 5078 1195 5122 τοῦ
1247 5078 1481 5144 Χριστοῦ
1523 5072 1765 5125 Ἀκάκιον

205 5152 270 5199 τόν
315 5151 509 5218 ἀληθῶς
577 5159 884 5229 φερωνύμως
951 5166 1015 5230 τῇ
1090 5160 1202 5230 θείᾳ
1259 5159 1442 5233 πράξει
1498 5180 1767 5236 μαρτυρη-

208 5236 326 5291 θέντα
370 5248 454 5296 καὶ
484 5241 653 5316 μηδὲν
696 5253 787 5298 τοῦ
838 5254 1001 5299 κακοῦ
1053 5253 1390 5320 μετασχόντα
1419 5250 1449 5308 ἡ
1496 5250 1765 5324 πράξαντά

205 5342 241 5376 τι
276 5339 356 5393 τῆς
410 5340 640 5408 πονηρᾶς
690 5339 777 5387 καὶ
826 5344 1205 5411 κακεντρεχοῦς
1258 5338 1417 5391 αὐτοῦ
1472 5347 1719 5412 μηχανῆς
1748 5357 1759 5370 ·

208 5414 321 5478 οὗτος
364 5417 419 5473 δί
454 5420 515 5480 ἦν
561 5425 587 5475 6
633 5424 801 5496 ἅγιος,
831 5429 1003 5497 γένους
1053 5430 1144 5499 μεν
1189 5424 1571 5493 Καππαδοκῶν,
1606 5438 1666 5501 τῇ
1704 5425 1763 5481 δὲ

208 5505 316 5577 ᾐκῐλ
364 5517 697 5585 στρατιώτης,
730 5521 790 5585 τῇ
841 5510 900 5567 δὲ
936 5516 1178 5590 προθέσει
1228 5514 1458 5579 ἀθλητὴς
1513 5524 1600 5569 τοῦ
1632 5525 1761 5593 Χρι-

211 5601 310 5645 στοῦ
338 5616 349 5627 ·
378 5604 465 5653 καὶ
518 5608 683 5671 ταῦτα
728 5601 959 5677 ἐκόσμει,
1008 5608 1098 5658 καὶ
1149 5609 1309 5677 γένος,
1340 5609 1425 5661 καὶ
1461 5612 1754 5683 στρατείαν,

1955 3549 1996 3605 Ι.
2024 3549 2171 3605 Cum
2203 3549 2370 3606 tertio
2420 3548 2721 3607 bonorum
2752 3552 3021 3607 omnium
3051 3551 3266 3623 hostis,
3296 3554 3350 3608 et
3377 3548 3544 3608 omni

1885 3655 1956 3695 ex
1987 3644 2152 3712 parte
2192 3639 2675 3711 improbissimus
2708 3640 2885 3697 draco
2934 3641 3221 3707 diabolus,
3258 3642 3543 3699 adversus

1884 3728 1987 3783 Dei
2020 3744 2222 3784 servos
2251 3728 2553 3784 turbinem
2583 3730 3002 3787 commovisset
3051 3731 3165 3786 sub
3222 3732 3544 3787 Maximino

1886 3817 2230 3873 Diocletiani
2258 3833 2502 3888 genero,
2532 3824 2588 3875 et
2620 3820 2808 3891 ipsius
2840 3821 3073 3877 Satanae
3127 3820 3250 3875 ﬁlio
3294 3836 3363 3875 ac
3411 3836 3545 3892 pro-

1886 3912 2235 3979 pugnatore,
2270 3906 2468 3963 statim
2497 3907 2685 3980 impia
2710 3910 2839 3980 ejus
2872 3908 3067 3965 edicta
3094 3925 3193 3979 per
3211 3925 3422 3964 omnes
3454 3925 3542 3964 re-

1883 3996 2091 4066 giones
2120 3996 2305 4052 missa
2337 4001 2492 4052 sunt.
2528 3997 2738 4053 Edictis
2766 4003 2965 4054 autem
2996 3997 3107 4053 illis
3133 3998 3193 4053 id
3246 3998 3543 4070 praecipie-

1882 4086 2078 4153 batur,
2118 4088 2265 4143 utin
2294 4089 2454 4145 omni
2516 4090 2680 4155 urbe,
2714 4090 2762 4144 si
2829 4090 2962 4161 quis
2995 4094 3167 4155 esset,
3203 4089 3304 4161 qui
3362 4088 3544 4146 nollet

1882 4175 2136 4233 deorum
2185 4178 2481 4235 culturam
2531 4180 2716 4249 obire,
2756 4180 2880 4235 sine
2934 4180 3283 4235 remissione
3341 4179 3543 4250 aliqua

1882 4266 2166 4321 omnibus
2180 4268 2488 4339 suppliciis
2502 4285 2571 4325 ac
2591 4270 2898 4325 tormentis
2912 4269 3321 4339 subjiceretur.
3340 4269 3543 4325 Edicta

1883 4369 2022 4409 vero
2046 4355 2177 4426 ipsa
2204 4356 2369 4412 omni
2399 4362 2618 4413 terrore
2648 4364 2703 4413 et
2734 4357 3035 4427 regalibus
3071 4356 3246 4411 minis
3292 4373 3361 4411 ac
3391 4355 3545 4429 peri-

1882 4443 2028 4498 culis
2053 4443 2267 4501 referta
2298 4451 2483 4502 erant.
2517 4447 2606 4501 Ad
2662 4447 2789 4502 haec
2842 4452 2898 4503 et
2951 4446 3236 4502 exercitus
3282 4446 3541 4501 ducibus

1882 4539 2249 4605 praeceptum
2280 4534 2409 4602 fuit,
2442 4540 2501 4591 ut
2523 4535 2570 4590 si
2600 4536 2737 4608 quis
2778 4551 2808 4590 e
2837 4535 3122 4591 militibus
3166 4536 3541 4607 imperatoris

1881 4622 2095 4690 edicto,
2127 4624 2285 4696 quod
2314 4625 2391 4681 ad
2422 4625 2672 4680 deorum
2707 4624 2795 4680 vel
2826 4626 2903 4680 ad
2961 4626 3307 4681 daamonum
3339 4624 3539 4696 potius

1881 4713 2176 4770 culturam
2234 4714 2566 4785 pertineret,
2624 4730 2743 4769 non
2795 4714 3081 4780 obediret,
3139 4713 3233 4769 ille
3290 4713 3541 4769 vinculis

1881 4800 2586 4867 astrictus,tribunalibus
2618 4803 2696 4859 ad
2724 4803 3017 4876 supplicia
3044 4803 3394 4876 perferenda
3428 4808 3540 4860 tra-

1784 4914 1845 4973 D
1880 4890 2140 4947 deretur.

1947 4981 2014 5035 ll.
2042 4981 2330 5053 Tempore
2353 4980 2447 5036 illo
2467 4981 2653 5037 sancti
2674 4982 2866 5038 Acacii
2896 4981 3176 5054 martyris
3198 4981 3351 5037 facta
3380 4980 3540 5037 efﬂo-

1876 5076 2139 5137 ruerunt,
2170 5070 2274 5143 qui
2304 5071 2386 5126 rei
2431 5071 2563 5143 ipsa
2613 5086 2835 5127 nomen
2884 5087 3061 5126 suum
3102 5069 3537 5143 comprobavit,

1875 5177 2013 5218 cum
2039 5160 2182 5216 nihil
2213 5161 2459 5217 omnino
2494 5161 2793 5218 malorum
2838 5162 3183 5216 daemonum
3242 5159 3539 5232 particeps

1873 5249 2067 5316 fuerit,
2097 5265 2293 5324 neque
2318 5250 2651 5323 quidquam
2670 5250 2872 5322 egerit,
2895 5248 3059 5322 quod
3083 5265 3220 5305 cum
3260 5248 3541 5307 malitiosi

1872 5338 2095 5395 diaboli
2150 5340 2445 5395 machinis
2474 5339 2838 5397 conveniret.
2867 5338 2967 5395 Hic
2999 5340 3083 5395 vir
3123 5339 3540 5396 sanctissimus

1870 5427 1979 5486 fuit
2008 5444 2222 5498 genere
2255 5430 2601 5502 Cappadox,
2630 5434 2685 5485 et
2707 5428 3053 5485 conditione
3073 5428 3319 5503 quidem
3342 5430 3539 5500 miles,

1869 5523 1927 5575 at
1968 5518 2275 5591 proposito
2315 5524 2372 5575 et
2421 5520 2743 5585 voluntate,
2774 5517 2988 5575 Christi
3031 5520 3256 5576 athleta
3293 5537 3304 5585 ;
3343 5520 3538 5591 itaque

1867 5612 1924 5666 et
1951 5623 2157 5680 genus,
2190 5614 2246 5668 et
2268 5608 2494 5668 ordinis
2518 5608 2871 5684 dignitatem
2912 5609 3239 5669 exornavit.
3277 5612 3415 5683 Ejus
3460 5611 3543 5670 i'a’
