4066 6224
444 299 553 355 219

1868 297 2125 355 MENSIS
2163 298 2411 357 MAIUS.

3712 307 3820 363 220

449 430 613 481 ctum
640 424 755 479 hoc
797 426 978 480 modo
1016 440 1077 479 se
1107 424 1320 483 habuit
1351 442 1362 480 :
1393 424 1541 481 Cum
1577 426 1808 482 Firmus
1857 424 2106 498 quidam

2226 431 2311 477 καὶ
2343 425 2563 499 ἀξίωμα.
2596 430 2673 480 Τά
2704 424 2762 481 δὲ
2792 426 2907 480 κατ’
2939 426 3094 479 αὐτόν
3125 428 3289 490 οὕτως
3318 430 3430 499 ἔχει
3460 431 3543 480 τόν
3588 434 3776 502 τρόπον
3803 473 3817 487 .

449 514 723 569 militaris
746 514 966 569 ordinis
989 520 1141 569 esset
1164 514 1438 570 tribunus
1462 532 1668 571 eorum
1691 517 1791 589 qui
1818 518 2107 571 Romano-

450 604 811 672 rumlingua
837 604 1041 669 Martii,
1067 603 1265 659 Graece
1304 621 1444 660 vero
1490 604 1688 681 Ἀρειοι
1731 605 2103 674 dicebantur,

452 698 509 748 et
539 691 650 746 sub
677 708 745 746 eo
772 691 1010 747 tribuno
1042 694 1307 749 centurio
1363 700 1517 750 esset
1572 695 1840 760 Aeacius,
1880 694 2108 749 Firmus

450 783 576 853 ipse
609 780 877 849 singulos
911 781 1122 836 milites
1155 782 1231 837 ad
1264 800 1325 837 se
1373 784 1694 840 accersitos
1726 785 2009 847 teutabat,
2047 785 2111 836 ut

450 887 632 943 quem
664 871 936 926 animum
962 872 1220 945 quisque
1252 873 1521 939 haberet,
1546 874 1800 947 experiri
1840 891 1909 929 ac
1958 873 2107 928 scire

450 964 672 1033 posset.
718 961 984 1033 Cumque
1041 962 1259 1017 multos
1312 964 1528 1035 prrtim
1578 963 2104 1026 assentationibus,

450 1050 666 1121 partim
700 1049 877 1104 minis
892 1050 969 1105 ad
997 1050 1295 1107 idolorum
1318 1053 1797 1124 superstitionem
1828 1058 2004 1123 atque
2027 1052 2109 1106 in-

448 1139 689 1195 teritum
721 1139 1039 1207 allexisset,
1073 1146 1462 1213 posteaquam
1498 1142 1721 1197 tribuni
1748 1141 1995 1197 tentatio
2032 1141 2106 1195 ad

446 1228 733 1284 Acacium
789 1229 1080 1300 pervenit,
1130 1234 1265 1285 tunc
1316 1230 1528 1286 beatus
1560 1231 1654 1285 ille
1701 1230 1860 1285 clara
1919 1246 2103 1285 voce:

445 1318 831 1387 Christianus,
866 1318 1078 1390 inquit,
1116 1335 1227 1389 ego
1250 1327 1426 1375 natus
1448 1320 1529 1375 fui
1560 1340 1571 1379 :
1602 1320 1801 1391 itaque
1834 1319 2107 1373 Christia-

445 1423 559 1462 nus
597 1411 650 1461 et
683 1423 839 1469 sum,
868 1413 923 1461 et
950 1424 1069 1473 ero,
1098 1409 1352 1464 Domino
1384 1426 1518 1464 meo
1548 1412 1683 1465 Jesu
1739 1409 1966 1464 Christo
1997 1408 2109 1463 hoc

443 1496 817 1567 approbante
848 1518 859 1549 ;
891 1514 1032 1551 nam
1066 1503 1120 1553 et
1146 1514 1220 1553 ex
1247 1498 1612 1570 parentibus,
1640 1502 1697 1553 et
1747 1514 1817 1552 ex
1871 1497 2111 1569 majori-

439 1586 555 1641 bus
587 1585 929 1641 Christianis
956 1594 1133 1641 natus
1165 1604 1318 1642 sum.
1357 1590 1471 1643 Hoc
1503 1604 1644 1642 cum
1697 1586 1792 1641 ille
1845 1585 2108 1649 dixisset,

442 1680 499 1731 et
529 1675 757 1729 Firmus
788 1674 961 1729 tertio
994 1690 1128 1729 eum
1157 1680 1426 1741 tentaret,
1464 1692 1534 1730 ac
1595 1675 1779 1731 modo
1824 1674 2109 1746 gravibus

2223 520 2433 589 Φηρμου
2505 520 2642 578 τινός
2720 518 3133 589 ταξιαρχοῦντος
3205 526 3302 568 τῶν
3376 516 3651 590 λεγομένων
3730 526 3821 570 τοῦ

2222 603 2446 678 ἀριθμοῦ
2490 609 2625 658 κατά
2673 609 2762 677 μὲν
2803 612 2897 664 τὴν
2948 615 3046 657 τῶν
3094 606 3357 678 Ῥωμαίων
3397 606 3629 679 γλῶτταν
3678 615 3821 681 Μαρ-

2220 700 2435 761 τησίων,
2492 695 2835 767 καλουμένων,
2897 699 3032 748 κατά
3101 693 3159 749 δὲ
3236 701 3329 754 τὴν
3404 705 3503 749 τῶν
3573 696 3819 754 Ἑλλήνων

2221 784 2450 857 ’Λρείων,
2509 789 2915 858 στρατευομένου
2998 782 3055 838 δὲ
3114 786 3275 837 αὐτοῦ
3327 793 3396 856 τῷ
3454 784 3657 858 ἀριθμῷ
3713 805 3823 837 κεν-

2218 878 2484 949 τυρίωνος,
2542 879 2627 926 καὶ
2682 877 2899 927 ἕκαστον
2950 884 3047 926 τῶν
3099 884 3429 947 στρατιωτῶν
3487 874 3824 949 προσκαλου-

2219 968 2369 1035 μένου
2420 971 2509 1015 τοῦ
2556 969 2791 1038 Φήρμου,
2850 970 2938 1016 καὶ
2986 968 3301 1037 πειρωμένου
3350 967 3414 1016 τὰ
3470 972 3561 1026 τῆς
3606 970 3822 1037 γνώμης

2219 1052 2460 1117 ἑκάστου,
2507 1058 2596 1105 καὶ
2649 1054 2867 1116 πολλοὺς
2918 1056 2986 1106 τὰ
3030 1058 3119 1126 μὲν
3150 1053 3462 1116 κολακείαις,
3498 1056 3563 1106 τά
3618 1051 3675 1107 δὲ
3729 1059 3823 1105 καὶ

2221 1141 2454 1204 ἀπειλαῖς
2507 1139 2837 1205 δελεάζοντος
2898 1143 2963 1204 εἰς
3020 1148 3112 1201 τὴν
3174 1142 3447 1209 ἀπώλειαν,
3482 1146 3545 1205 ὡς
3598 1145 3822 1215 ἔφθασεν

2219 1236 2308 1283 καὶ
2368 1232 2433 1292 εἰς
2490 1232 2642 1285 αὐτόν
2702 1236 2728 1291 ἡ
2789 1240 2943 1306 πεῖρα
2990 1241 3080 1285 τοῦ
3137 1235 3409 1308 ἄρχοντος,
3466 1235 3739 1307 ἀνέκραγεν
3795 1234 3822 1284 6

3313 1324 3445 1395 Ἐγὼ
3506 1325 3827 1397 Χριστιανός

2220 1413 2515 1482 ἐγεννήθην,
2574 1417 2663 1463 καὶ
2715 1412 2840 1484 εἰμὶ,
2898 1418 2986 1464 καὶ
3048 1415 3253 1484 ἔσομαι,
3314 1420 3404 1464 τοῦ
3467 1418 3659 1486 Κυρίου
3718 1431 3824 1485 μου

2219 1324 2488 1395 Μακάριος
2558 1331 2694 1395 φωνῇ
2774 1322 2967 1396 μεγάλη
3049 1323 3207 1394 λέγων
3241 1340 3253 1352 ⁸

2220 1498 2397 1557 Ἰησοῦ
2446 1508 2678 1573 Χριστοῦ
2726 1509 2874 1553 τοῦτο
2918 1501 3386 1573 παρακελευομένου
3433 1506 3523 1553 καὶ
3569 1502 3821 1563 θέλοντος·

2220 1594 2309 1640 καὶ
2358 1592 2456 1663 γὰρ
2532 1595 2622 1641 καὶ
2676 1595 2861 1660 γονέων
2918 1596 3007 1641 καὶ
3058 1595 3234 1661 γένους
3286 1598 3607 1662 Χριστιανοῦ
3666 1591 3775 1662 εἰμι
3807 1607 3830 1625 ο

2221 1686 2373 1730 τοῦτο
2426 1675 2513 1730 οὖν
2562 1684 2734 1750 τρίτον
2790 1677 3072 1751 ἀπόπειραν
3140 1684 3447 1751 ποιοῦμένου
3522 1687 3613 1732 τοῦ
3684 1686 3829 1753 Φήρο

446 1763 644 1828 minis,
666 1763 844 1817 modo
863 1764 1173 1833 promissis
1196 1765 1535 1835 ingentibus
1555 1770 1897 1837 promptam
1926 1764 2108 1819 animi

2226 1787 2321 1839 μου
2364 1773 2453 1819 καὶ
2503 1770 2622 1819 ποτε
2669 1771 2758 1839 μεν
2806 1766 2985 1839 ἀπειλῇ
3050 1766 3259 1840 βαρείᾳ,
3306 1772 3427 1820 ποτε
3477 1765 3535 1821 δὲ
3585 1773 3828 1841 μείζοσιν

448 1852 812 1909 alacritatem
845 1858 901 1907 et
931 1853 1059 1922 ejus
1087 1854 1488 1909 constantiam
1519 1853 1848 1918 debilitare,
1874 1852 2110 1907 etillum

450 1943 527 1999 ad
562 1958 623 1995 se
652 1940 881 1996 trahere
906 1950 1240 2010 conaretur,
1270 1944 1350 1998 ita
1376 1949 1655 1999 constans
1686 1948 1741 1998 et
1787 1941 2112 1997 immobilis

451 2032 510 2088 in
543 2030 745 2085 Christi
770 2030 1143 2087 confessione
1173 2033 1385 2088 beatus
1416 2032 1511 2087 ille
1552 2033 1823 2104 perstitit,
1858 2036 1921 2087 ut
1950 2031 2113 2085 dein-

452 2138 591 2191 ceps
621 2120 847 2173 Firmus
882 2128 1122 2175 coactus
1153 2122 1342 2185 fuerit,
1380 2126 1556 2193 prout
1586 2121 1781 2177 edicto
1821 2120 1983 2189 regio
2018 2120 2111 2190 ju-

450 2209 725 2272 bebatur,
753 2208 949 2263 virum
980 2214 1252 2265 sanctum
1312 2210 1593 2266 Acacium
1647 2209 1901 2265 vinculis
1944 2210 2113 2265 astri-

452 2304 631 2363 ctum,
663 2296 741 2354 ad
776 2298 1091 2353 Bibianum
1132 2300 1457 2370 quemdam
1506 2298 1754 2363 mittere,
1782 2300 1885 2370 qui
1932 2298 2113 2353 totius

452 2390 738 2447 exercitus
768 2388 1089 2460 imperium
1121 2387 1594 2445 administrabat.

522 2481 612 2534 IlI.
658 2480 805 2535 Cum
839 2478 1019 2549 igitur
1040 2477 1136 2533 hic
1165 2493 1274 2549 pro
1306 2476 1590 2533 tribunali
1619 2476 1871 2542 sederet,
1902 2480 1958 2533 et
2008 2492 2112 2533 eos

458 2568 926 2642 interrogaturus
955 2572 1129 2631 esset,
1162 2568 1265 2638 qui
1289 2566 1391 2621 Dei
1419 2566 1853 2621 confessionem
1882 2566 2116 2637 proﬁte-

456 2657 695 2723 bantur,
718 2658 1058 2714 Antoninus
1079 2656 1273 2711 scriba
1293 2657 1367 2711 ad
1388 2655 1701 2711 Bibianum
1732 2656 1859 2711 haec
1876 2654 2111 2711 detulit:

455 2747 645 2803 Pridie
676 2748 856 2817 hujus
888 2746 1025 2810 diei,
1062 2744 1295 2800 Bibiane
1327 2761 1564 2816 ρηοδες,
1610 2746 1837 2800 Firmus
1884 2760 2111 2809 eorum,

455 2838 557 2910 qui
604 2838 787 2893 Martii
828 2836 1128 2903 dicuntur,
1161 2834 1527 2890 tribunatum
1575 2850 1806 2904 gerens,
1838 2835 2115 2890 Acacium

456 2928 864 2983 centurionem
912 2926 1176 2980 vinctum
1226 2924 1387 2978 misit
1412 2924 1490 2978 ad
1545 2928 1895 2995 potestatem
1930 2930 2113 2987 tuam,

457 3016 684 3088 quippe
716 3016 812 3087 qui
843 3014 1232 3069 dominorum
1283 3018 1628 3068 nostrorum
1660 3018 1715 3067 et
1762 3013 2116 3068 invictarum

2222 1858 2578 1928 ὑποσχέσεσιν
2625 1856 2909 1929 ἐκμαλάξειε
2958 1857 3117 1909 αὐτοῦ
3148 1862 3205 1909 τό
3251 1860 3515 1931 πρόθυμον
3566 1856 3830 1930 βουλομέ-

2222 1966 2309 1998 νου
2369 1952 2457 1998 καὶ
2514 1946 2813 2011 ἐξέλκοντος,
2872 1950 3057 2018 ἔμεινεν
3118 1946 3397 2008 ἀσάλευτος
3454 1949 3478 1999 ό
3551 1948 3828 2019 Μακάριος

2223 2043 2285 2107 τῇ
2343 2036 2610 2108 ὁμολογίᾳ,
2663 2038 2726 2096 ὡς
2778 2035 2954 2087 λοιπόν
3009 2034 3404 2106 ἀναγκασθῆναι
3475 2040 3562 2088 τὸν
3615 2042 3826 2108 Φῆρμον

2223 2130 2312 2176 καὶ
2386 2128 2520 2178 κατά
2599 2129 2656 2177 τό
2708 2130 3023 2200 πρόσταγμα
3088 2128 3146 2177 τὸ
3208 2124 3481 2197 βασιλικόν
3551 2122 3825 2197 δεδεμένον

2224 2212 2529 2267 ἀποστεῖλαι
2581 2218 2667 2266 τόν
2718 2215 2862 2286 οἶγιον
2912 2215 3152 2267 Ἀκάκιον
3200 2214 3420 2285 Βιϐιανῷ
3468 2234 3571 2267 τινι
3625 2223 3695 2267 τῶ
3743 2211 3833 2267 δι-

2224 2308 2396 2356 έποντι
2426 2308 2512 2363 τὴν
2534 2304 2755 2357 καθόλου
2783 2312 2874 2357 τοῦ
2902 2312 3128 2378 στρατοῦ
3156 2304 3323 2368 ἀξίαν.

2298 2483 2369 2538 Γ¹.
2412 2486 2610 2536 Τούτου
2656 2483 2743 2536 οὖν
2790 2484 3127 2545 καθεσθέντος
3177 2487 3274 2558 πρὸ
3327 2491 3418 2535 τοῦ
3452 2482 3687 2556 βήματος
3734 2489 3834 2536 καὶ

2226 2572 2543 2648 ἔπερῶτησιν
2600 2574 2872 2646 μέλλοντας
2931 2576 3197 2627 ποιεῖσθαι
3248 2582 3348 2625 τῶν
3408 2574 3479 2634 εἰς
3554 2577 3640 2626 τὸν
3697 2578 3834 2627 Θεὸν

2224 2669 2315 2721 τὴν
2369 2664 2642 2736 ὁμολογίαν
2684 2663 3008 2735 ἐσχηκότων,
3068 2663 3365 2725 Ἀντωνῖνος
3426 2668 3839 2739 κομενταρὴσιος

3406 2773 3528 2825 μου,
3586 2762 3646 2825 τῇ
3700 2775 3743 2824 χ
3750 2756 3835 2814 θὶς

2226 2844 2395 2916 ἡμέρᾳ
2446 2850 2653 2917 Φῆρμος
2710 2845 2734 2894 ό
2788 2842 3052 2914 τριϐοῦνος
3106 2851 3205 2894 τῶν
3276 2842 3555 2915 λεγομένων
3614 2850 3833 2916 Μαρτη-

2228 2751 2464 2825 ἀναφέρει
2524 2763 2593 2824 τῷ
2646 2753 2866 2823 Βιϐιανῷ
2935 2753 3112 2825 λέγων·
3170 2756 3327 2826 Κύριέ

2229 2938 2355 2984 σίων
2410 2933 2648 2986 Ἀκάκιόν
2702 2953 2817 2985 τινα
2872 2939 3191 3005 στρατιώτην
3256 2937 3378 2985 ὄντα
3427 2940 3517 2984 τοῦ
3572 2936 3827 3004 νουμέρου

2228 3022 2386 3073 αὑτοῦ
2436 3020 2649 3094 δέσμιον
2702 3022 3032 3096 παρέπεμψεν
3076 3026 3204 3093 πρὸς
3258 3027 3353 3081 τὴν
3412 3028 3507 3080 σὴν
3561 3020 3827 3088 ἐξουσίαν,

458 3110 866 3173 Augustorum
895 3104 1087 3158 edicto
1124 3118 1327 3173 parere
1366 3102 1639 3165 noluerit,
1668 3117 1738 3157 eo
1766 3103 1931 3173 quod
1954 3102 2111 3156 Chri-

2228 3113 2291 3171 ὡς
2340 3116 2411 3183 μὴ
2465 3110 2789 3184 βουληθέντα
2846 3109 2977 3174 εἶξαι
3002 3120 3072 3182 τῷ
3102 3114 3471 3185 προστάγματι
3500 3119 3599 3163 τῶν
3632 3107 3829 3162 δεσπο-

461 3194 791 3249 stianorum
826 3192 1173 3261 religionem
1200 3197 1502 3262 sequatur.
1528 3190 1851 3261 Diligentur
1875 3207 2117 3263 quoque

459 3298 703 3337 causam
726 3281 906 3353 ipsius
929 3280 1007 3336 ad
1040 3286 1092 3335 te
1136 3279 1388 3351 scripsit.
1423 3279 1698 3335 Bibianus
1755 3284 1893 3335 tunc
1922 3279 2068 3335 dixit
2102 3296 2114 3331 :

460 3371 810 3436 Beciteutur,
835 3386 964 3441 quae
996 3369 1073 3425 ad
1100 3386 1194 3423 me
1229 3368 1447 3441 scripta
1475 3374 1614 3423 sunt
1636 3368 1713 3424 ab
1735 3369 1963 3439 optimo
1994 3369 2118 3423 viro

457 3459 652 3514 Firmo
700 3458 957 3514 tribuno.
985 3458 1246 3513 Recitata
1287 3462 1486 3513 autem
1533 3462 1690 3521 sunt,
1725 3473 1860 3528 quae
1900 3458 2118 3529 scripta

458 3552 630 3604 erant
659 3550 717 3603 in
740 3548 897 3604 hanc
917 3548 1293 3604 sententiam.
1316 3548 1558 3603 Flaccus
1601 3546 1834 3601 Firmus
1880 3546 2117 3601 Bibiano

461 3637 599 3693 duci
629 3637 878 3692 salutem
916 3653 927 3691 :
956 3637 1242 3693 Acacium
1275 3636 1681 3691 centurionem
1732 3634 1847 3689 sub
1876 3650 1970 3690 me
2023 3635 2108 3689 tri-

456 3726 623 3782 buno
667 3726 1040 3790 militantem,
1072 3726 1443 3797 multumque
1469 3742 1505 3780 a
1534 3724 1705 3780 nobis
1729 3724 1948 3797 partim
1996 3723 2118 3779 ille-

458 3815 668 3886 cebris,
691 3815 909 3888 partim
936 3814 1275 3887 promissis,
1305 3814 1518 3886 partim
1553 3814 1730 3869 etiam
1762 3814 1941 3869 minis
1976 3829 2113 3884 pro-

457 3910 759 3974 vocatum,
789 3911 910 3961 uta
933 3903 1396 3961 Christianorum
1424 3908 1583 3959 secta
1603 3903 1949 3972 discederet,
1976 3919 2111 3958 cum

457 4009 518 4049 se
550 3994 948 4049 Christianum
980 4009 1109 4049 esse
1148 3998 1535 4058 asseveraret,
1569 3998 1625 4047 et
1675 3992 1735 4047 in
1780 4008 1849 4047 ea
1880 3992 2112 4047 contes-

458 4083 625 4138 sione
685 4088 1023 4138 constanter
1066 4086 1460 4153 permaneret,
1490 4096 1602 4149 ego
1633 4081 1989 4136 invictorum
2044 4095 2114 4135 ac

454 4170 958 4241 triumphantium
1026 4170 1456 4240 imperatorum
1536 4172 1871 4224 nostrorum
1927 4168 2113 4239 jussis

455 4258 762 4324 obediens,
795 4258 962 4314 illum
989 4259 1254 4314 vinctum
1277 4258 1352 4313 ad
1400 4264 1453 4314 te
1503 4258 1658 4322 misi,
1691 4257 1794 4329 qui
1840 4263 2108 4313 tormen-

455 4347 529 4404 tis
547 4363 616 4403 ac
643 4347 944 4420 suppliciis
968 4347 1182 4419 subjici
1202 4346 1399 4415 debet,
1423 4352 1487 4403 ut
1514 4346 1744 4419 legibus
1774 4346 1917 4420 ipsis
1975 4346 2113 4403 obe-

456 4434 594 4492 diat.

528 4721 617 4778 ιν.
660 4722 777 4777 Hac
804 4720 1049 4794 epistola
1096 4722 1354 4791 recitata,
1381 4721 1663 4778 Bibianus
1710 4722 2108 4779 dixitzAddu-

456 4816 624 4867 catur
666 4811 932 4875 Aeacius,
990 4826 1170 4883 quem
1216 4810 1492 4867 tribunus
1533 4811 1692 4868 dicit.
1753 4811 1934 4867 Adest
1992 4812 2108 4877 ille,

458 4900 669 4972 inquit,
687 4900 1016 4955 Antoninus
1037 4900 1613 4955 Commentariorum
1629 4900 2108 4972 praefectusAca-

458 4989 583 5045 cius
605 5004 747 5044 vero
773 4994 909 5044 tunc
957 4988 1073 5044 illic
1122 4989 1272 5043 stetit
1321 4988 1533 5043 ridenti
1589 4989 1753 5044 vultu
1784 5005 1802 5042 :
1834 5005 1969 5061 quae
2023 5005 2112 5044 res

458 5079 730 5133 futurum
758 5078 887 5150 ejus
920 5077 1022 5132 viri
1055 5077 1340 5145 gaudium
1393 5076 1701 5146 ﬁgurabat.
1726 5078 1914 5133 Judex
1941 5079 2115 5149 igitur

459 5167 541 5222 illi
590 5168 785 5223 dixit:
821 5166 1136 5232 Quodnam
1192 5166 1299 5221 tibi
1350 5181 1570 5221 nomen
1632 5165 2115 5238 estiﬂespondit

460 5256 555 5313 ille
592 5274 604 5313 :
640 5256 912 5329 Optabile
944 5261 1001 5312 et
1032 5256 1175 5311 mihi
1203 5261 1254 5311 et
1302 5256 1405 5311 toti
1458 5257 1653 5327 generi
1707 5272 1840 5312 meo
1892 5273 2115 5313 nomen

462 5350 549 5402 est
575 5361 611 5401 a
642 5347 874 5401 Christo
902 5345 1234 5401 derivatum
1268 5367 1280 5399 :
1315 5344 1461 5400 illud
1493 5361 1652 5410 vero,
1687 5361 1801 5416 quo
1845 5346 2114 5401 humano

462 5451 576 5491 usu
609 5435 896 5505 appellor,
931 5434 1184 5490 Acacius
1217 5438 1321 5490 est.
1364 5434 1451 5490 Ad
1486 5435 1613 5491 haec
1642 5435 1866 5490 Judex:
1904 5436 2114 5501 Quare,

464 5524 678 5593 inquit,
704 5525 955 5577 Aeacius
1015 5523 1385 5589 nominatus,
1430 5530 1491 5581 ut
1542 5524 1667 5595 ipse
1720 5522 1889 5593 dicis,
1925 5523 2119 5580 malus

466 5626 624 5669 nunc
655 5627 736 5679 es,
766 5627 890 5672 non
939 5611 1229 5671 obediens
1272 5613 1443 5671 editis
1486 5614 1917 5686 imperatorum
1946 5613 1974 5673 ?
2002 5616 2122 5673 Hoc

2226 3209 2324 3252 τῶν
2381 3202 2525 3273 ἡμῶν
2585 3221 2682 3253 των
2750 3200 3019 3259 ἀηττήτων
3090 3201 3421 3273 Αὑγούστων,
3478 3208 3539 3272 τῇ
3597 3196 3656 3251 δὲ
3721 3208 3825 3251 τῶν

2226 3297 2554 3362 Χριστιανῶν
2611 3292 2860 3363 θρησκείᾳ
2915 3289 3366 3356 ἔξακολουθοῦντα,
3416 3287 3637 3361 ἀκριϐῶς
3684 3290 3821 3361 γρά-

2225 3377 2326 3449 ψας
2369 3384 2458 3430 καὶ
2511 3383 2603 3437 τὴν
2651 3379 2821 3431 αἰτίαν
2880 3382 3038 3431 αὐτοῦ
3094 3388 3155 3451 τῇ
3223 3388 3286 3452 σῇ
3347 3378 3523 3453 ἀρετῇ.
3589 3376 3829 3439 Βιειανός

2227 3464 2377 3519 εἶπεν·
2428 3468 2835 3540 Ἀναγνωσθητω
2885 3473 3126 3541 πρότερον
3184 3472 3247 3521 τά
3299 3473 3560 3541 γραφέντα
3610 3475 3671 3539 τῇ
3723 3465 3823 3539 ἐμῇ

2225 3558 2541 3609 καθοσιώσει
2588 3560 2730 3630 παρά
2776 3564 2865 3609 τοῦ
2914 3562 3095 3629 κυρίου
3142 3577 3241 3629 μου
3282 3562 3373 3619 καὶ,
3411 3556 3645 3629 ἐναρέτου
3690 3560 3827 3626 Φὴρ·

2225 3663 2324 3715 μου
2372 3652 2462 3696 τοῦ
2506 3644 2818 3718 ταξιαρχου·
2851 3650 2940 3697 καὶ
2980 3648 3211 3717 παρευθὺ
3256 3643 3576 3715 ἀνεγνώσθη.
3629 3642 3723 3696 Ἦν
3766 3639 3829 3695 δε

3272 3741 3343 3792 Φῆ
3349 3753 3378 3807 ρ
3385 3753 3475 3805 μος
3539 3740 3611 3802 τῷ
3689 3735 3831 3784 κατά

3582 3822 3827 3874 ’Λκάκιον

2224 3736 2290 3785 τα
2356 3738 2617 3809 γραφέντα
2688 3742 2922 3787 τοιαῦτα’
2981 3734 3195 3795 Φλάϐιος

2224 3824 2393 3875 πάντα
2475 3844 2563 3895 μοι
2637 3822 2901 3896 σεϐασμίῳ
2985 3822 3205 3894 Βιϐιανῷ
3276 3828 3504 3897 χαίρειν.

2227 3919 2548 3985 στρατιώτην
2594 3920 2685 3965 τοῦ
2715 3912 2940 3986 ἀριθμοῦ
2986 3915 3318 3985 τυγχάνοντα
3346 3920 3437 3964 τοῦ
3478 3911 3564 3964 ὑπ’
3611 3910 3696 3983 ἐμὶ
3724 3930 3830 3963 πο·-

2223 4001 2286 4054 λὰ
2327 4002 2450 4075 παρ’
2503 4005 2645 4070 ἡμῶν
2676 4011 2828 4055 τοῦτο
2877 4006 2965 4074 μεν
3004 4002 3294 4062 κολακείαις
3352 4006 3441 4054 καὶ
3494 4002 3828 4072 ὑποσχέσεσι

2224 4096 2605 4165 προτραπέντα,
2656 4100 2807 4144 τοῦτο
2867 4088 2925 4144 δὲ
2980 4097 3069 4143 καὶ
3119 4090 3353 4152 ἀπειλαῖς
3403 4092 3827 4162 ὑπομνησθέντα,

2226 4184 2543 4253 Χριστιανὸν
2586 4178 2643 4234 δὲ
2691 4182 2873 4233 ἑαυτόν
2903 4181 3114 4252 λέγοντα
3142 4186 3231 4233 καὶ
3283 4180 3501 4241 ἀκλινῶς
3548 4184 3664 4253 περὶ
3708 4182 3827 4231 τοῦ·

2223 4290 2313 4323 του
2367 4273 2574 4343 ἔχοντα,
2635 4271 2842 4343 πληρῶν
2895 4273 2953 4322 τό
3018 4274 3338 4343 πρόσταγμα
3390 4278 3489 4322 τῶν
3555 4268 3827 4327 ἀηττήτων

2224 4362 2591 4433 τροπαιούχων
2652 4360 2908 4434 βασιλέων
2960 4362 3125 4432 ἡμῶν,
3180 4358 3458 4412 ἀπέστειλα
3504 4354 3719 4430 δέσμιον
3759 4365 3824 4429 τῇ

2228 4457 2291 4522 σῇ
2353 4449 2677 4525 στερρότητι,
2733 4448 2997 4522 ὀφείλοντα
3070 4457 3271 4523 πρῶτον
3331 4447 3675 4521 ἐρωτηθῆναι,
3731 4443 3829 4498 εἶθ’

2226 4540 2391 4602 οὕτως
2424 4538 2689 4612 στρέϐλαις
2714 4538 3073 4597 ὑποϐληθῆναι
3096 4542 3185 4591 καὶ
3218 4542 3516 4612 τιμωρίαις,
3550 4537 3687 4598 ὅπως
3715 4536 3825 4610 εἴξῃ

2224 4637 2329 4691 τοῖς
2358 4638 2454 4682 τῶν
2487 4629 2880 4703 αὐτοκρατόρων
2910 4633 3105 4700 νόμοις.

2296 4718 2365 4774 Δ’,
2439 4719 2888 4789 Ἀναγνωσθείσης
2959 4714 3018 4770 δὲ
3086 4724 3179 4779 τῆς
3232 4715 3530 4781 ἐπιστολῆς,
3590 4714 3833 4777 Βιϐιανὸς

2221 4808 2376 4879 λέγει’
2434 4808 2757 4879 Εἰσαχθήτω
2834 4807 3076 4866 Ἀκάκιος
3147 4807 3172 4857 ό
3249 4810 3338 4857 καὶ
3406 4804 3828 4877 ίπιζητούμενος.

2222 4882 2521 4957 Ἀντωνῖνος
2590 4901 2993 4969 κομενταρησιος
3072 4894 3247 4966 λέγει·
3322 4894 3564 4963 Ἐστηκε,
3646 4897 3818 4967 κύριε.

2224 4989 2433 5047 Σταθεὶς
2488 4982 2546 5037 δὲ
2603 4986 2627 5036 ό
2683 4991 2935 5057 μακάριος
2987 4986 3233 5045 Ἀκάκιος
3288 4987 3387 5058 πρὸ
3444 4990 3536 5035 τοῦ
3591 4982 3831 5055 βήματος

2224 5075 2485 5137 Βιϐιανοῦ,
2545 5071 2684 5145 εἶχεν
2738 5078 2794 5125 τό
2848 5078 3124 5147 πρόσωπον
3177 5076 3349 5146 ὥσπερ
3402 5068 3558 5146 ῥόδον
3609 5069 3829 5145 μειδιῶν

2226 5170 2311 5218 καὶ
2370 5164 2641 5225 ἀνθοῦντα,
2696 5160 2803 5222 ἤδη
2856 5164 3333 5235 προεικονιζόμενος
3376 5169 3468 5220 την
3512 5165 3687 5235 χαρὰν
3733 5165 3831 5220 τὴν

2226 5254 2511 5328 μέλλουσαν
2539 5252 2693 5305 αὐτόν
2726 5250 3102 5324 διαδέχεσθαι.
3138 5256 3286 5322 Λέγει
3320 5252 3457 5322 αὐτῷ
3490 5253 3514 5304 ό
3547 5248 3828 5310 δικαστής

2227 5349 2313 5405 Τίς
2366 5343 2605 5395 καλεὶσαι
2639 5360 2651 5410 ;
2680 5343 2739 5395 Ὀ
2790 5343 2939 5414 ἅγιος
2981 5343 3223 5399 Ἀκάκιος
3272 5338 3405 5393 εἶπεν
3435 5359 3447 5370 ·
3480 5344 3550 5393 Τό
3596 5341 3832 5392 ποθεινόν

2231 5438 2390 5505 ὄνομα
2434 5436 2548 5505 ἐμοί
2594 5453 2647 5485 τε
2692 5438 2781 5485 καὶ
2819 5437 2971 5485 παντὶ
3016 5440 3087 5501 τῷ
3132 5435 3264 5501 γένει
3311 5450 3411 5502 μου
3472 5434 3827 5504 Χριστιανός*

2230 5528 2289 5576 -ό
2346 5520 2404 5576 δὲ
2452 5532 2541 5585 τῆς
2569 5528 2810 5596 χρήσεως
2882 5530 2977 5582 τῆς
3033 5524 3159 5594 πρὸς
3208 5520 3508 5593 ἀνθρώπους
3566 5522 3830 5579 Ἀκάκιος.

2232 5614 2292 5667 Ὀ
2347 5610 2610 5677 δικαστὴς
2674 5610 2808 5667 εἶπεν
2837 5633 2850 5646 ·
2908 5616 3009 5667 Καὶ
3069 5608 3164 5665 διὰ
3230 5614 3302 5675 τί,
3352 5615 3531 5683 φησὶν,
3588 5609 3836 5671 ’Δκάκιος
