4084 6216
234 232 320 290 ﬁt

1400 230 1570 291 VITA
1602 228 1663 286 S.
1701 225 1935 297 ACAGII
1978 226 2446 293 CAPPADOCIS.

3504 240 3612 295 222

228 360 518 431 λεγόμενος,
598 364 769 422 καθὼς
821 361 1001 433 λέγεις,
1060 364 1221 422 κακός
1280 364 1467 432 φαίνει,
1521 361 1591 430 μὴ
1670 356 1817 408 πειθό

1951 356 2107 413 enim
2135 358 2494 428 signiﬁcant,
2518 377 2653 433 quae
2672 361 2847 417 nobis
2863 377 2898 417 a
2921 363 3113 417 Firmo
3132 362 3369 419 tribuno
3387 365 3608 436 scripta

224 470 363 521 μενος
422 457 544 511 τοῖς
610 454 965 525 θεσπίσμασιν
1032 461 1129 503 τῶν
1193 450 1587 522 αὐτοκρατόρων
1632 463 1645 513 ;
1688 452 1839 496 τοῦτο

223 544 314 611 γὰρ
368 545 461 591 καὶ
525 548 783 613 σημαίνει
831 546 896 593 τὰ
950 545 1207 614 γραφέντα
1260 544 1381 611 ημῖν
1440 540 1582 612 παρὰ
1620 542 1836 607 Φόρμου

222 638 303 681 τοῦ
354 630 697 702 ταξιάρχου.
738 632 797 683 Ὀ
841 633 985 703 ἅγιος
1033 632 1278 692 Ἀκάκιος
1326 627 1484 681 εἶπεν·
1537 628 1840 696 Κατασοφί-

222 721 439 791 ζειμου,
502 721 547 769 ὦ
616 718 875 773 δικαστά’
938 720 1036 793 ἐγὼ
1104 717 1163 772 δέ
1219 740 1303 772 σοι
1353 720 1502 791 λέγω,
1562 720 1637 769 ὅτι
1703 718 1839 767 κατὰ

219 816 365 860 τοῦτο
414 809 629 881 μᾶλλον
674 810 922 873 Ἀκάκιος
978 811 1212 883 λέγομαι)
1256 808 1314 862 οὐ
1362 811 1463 882 γαρ
1521 807 1645 859 θελω
1684 826 1837 879 μετα-

220 906 360 969 σχεῖν
401 907 500 959 τῆς
533 905 732 961 κακίας
766 906 855 952 καὶ
908 905 1160 973 πονηρίας
1198 909 1297 951 τῶν
1329 898 1519 951 ἀθλίων
1569 902 1657 948 καὶ
1689 899 1836 968 αἱμο-

792 994 821 1049 ἣ
877 1000 975 1042 τῶν
1033 993 1237 1052 τούτοις
1292 990 1601 1060 πειθομένων
1662 985 1835 1044 Ἑλλήο

895 1076 1048 1132 εἶπεν·
1107 1081 1267 1132 Πόθεν
1320 1080 1613 1151 ὁρμώμενος
1698 1076 1832 1127 οὕτω

1365 1168 1608 1228 Ἀκάκιος
1674 1161 1826 1218 εἶπεν·

218 989 369 1059 ϐόρων
428 985 715 1061 δαιμόνων

214 1098 321 1131 νων.
408 1077 471 1129 Ὀ
531 1074 806 1140 δικαστὴς

213 1170 591 1241 κσταθρασύνη
681 1178 753 1240 τῷ
804 1169 934 1240 λόγῳ
969 1168 1072 1236 ;Ὀ
1146 1170 1288 1239 οῐγιος

212 1260 267 1307 Τί
311 1258 414 1327 γαρ
461 1265 632 1309 τοῦτο
672 1267 819 1331 ποιῇ,
869 1260 945 1311 ὅτι
993 1257 1179 1329 ἐρωτᾷς
1228 1263 1346 1330 περὶ
1392 1265 1484 1317 τῆς
1528 1252 1826 1329 πατρίδος;

210 1345 262 1397 Ὀ
351 1342 632 1407 δικαστῆς
712 1344 885 1401 εἶπεν·
942 1344 1155 1405 Ἐπειδὴ
1241 1350 1474 1420 ἔμπειροι
1548 1350 1829 1417 γεγόναμεν

212 1440 292 1486 καὶ
344 1438 409 1487 τα
463 1438 577 1494 ἢθη
662 1446 760 1489 τών
817 1436 1085 1509 πατρίδων
1131 1436 1474 1508 ἐπιστάμεθα,
1529 1432 1621 1487 δια
1675 1444 1826 1487 τοῦτο

215 1523 524 1597 ἐπηρώτησά
591 1546 681 1595 σε,
744 1528 825 1578 ἱνα
860 1530 988 1599 πρὸς
1038 1530 1094 1578 τό
1134 1523 1259 1586 ἦθος
1297 1535 1391 1587 τῆς
1436 1521 1693 1598 πατρίδος
1732 1544 1826 1576 σου

216 1612 454 1678 ἀκούσας,
498 1616 657 1667 οὕτω
710 1621 799 1668 καὶ
845 1622 1138 1689 χρήσωμαι
1190 1614 1236 1667 ἐν
1268 1623 1339 1685 τῷ
1394 1619 1612 1689 παρόντι
1662 1634 1825 1687 προσ-

1950 453 2105 503 sunt.
2136 451 2278 504 Tum
2314 450 2559 506 Aeacius
2589 470 2599 505 :
2637 452 2925 523 Captiosis
2960 453 3339 507 sermonibus
3368 470 3605 509 mecum

1947 537 2094 605 agis,
2123 554 2158 592 o
2184 538 2364 609 judex
2399 557 2411 605 ;
2448 557 2653 594 verum
2685 556 2795 608 ego
2820 540 2923 595 tibi
2956 539 3192 594 afﬁrmo
3222 540 3299 594 ob
3322 558 3453 596 eam
3474 558 3605 599 rem

1940 626 2162 695 justius
2208 644 2301 683 me
2356 629 2641 685 Acacium
2690 629 3009 693 nominari,
3057 628 3222 700 quod
3256 628 3438 684 nolim
3488 632 3603 686 daa-

1945 732 2196 772 monum
2215 718 2461 774 istorum
2486 720 2841 787 sanguinem
2860 719 3196 773 vorantium
3218 718 3455 773 malitias
3480 736 3606 790 par-

1945 804 2131 877 ticeps
2162 806 2306 873 ﬁeri,
2341 824 2535 879 neque
2567 825 2702 863 cum
2746 807 2964 863 Graecis
2997 809 3467 873 communicare,
3502 808 3606 880 qui

1946 894 2161 950 talibus
2192 896 2630 969 obtemperant.
2664 896 2939 967 Atjudex
2967 897 3114 952 dixit
3148 913 3159 951 :
3198 897 3511 952 Undenam
3545 903 3606 953 tu

1944 999 2026 1049 es,
2059 984 2162 1057 qui
2205 992 2322 1041 tam
2378 987 2689 1043 temerario
2740 1002 3015 1042 sermone
3051 990 3103 1041 te
3128 986 3320 1057 jactas
3351 986 3378 1039 ?
3419 986 3604 1054 Quor-

1944 1090 2099 1137 sum,
2128 1075 2321 1146 inquit
2348 1076 2612 1144 Aeacius,
2640 1077 2714 1132 de
2746 1076 2936 1149 patria
2969 1092 3061 1130 me
3094 1074 3422 1147 interrogas
3446 1078 3473 1132 ?
3500 1076 3604 1133 Cui

1935 1162 2121 1233 judex
2154 1180 2165 1215 :
2196 1165 2487 1230 Quoniam
2518 1181 2717 1220 rerum
2748 1182 2920 1220 usum
2950 1166 3265 1229 habemus,
3296 1169 3353 1220 et
3378 1165 3601 1236 patria-

1939 1268 2073 1308 rum
2131 1270 2323 1309 mores
2372 1260 2525 1311 recte
2578 1256 2875 1319 novimus,
2931 1260 3242 1326 propterea
3301 1254 3413 1309 hoc
3460 1271 3496 1311 a
3549 1261 3601 1310 te

1937 1342 2207 1413 quaesivi,
2238 1350 2299 1399 ut
2326 1360 2434 1416 pro
2461 1345 2590 1415 ejus
2615 1344 2845 1416 patriae,
2870 1360 2942 1399 ex
2973 1360 3093 1416 qua
3124 1347 3179 1399 tu
3214 1361 3297 1411 es,
3332 1344 3600 1400 moribus

1938 1446 2008 1484 ac
2047 1432 2333 1501 dignitate
2373 1450 2465 1488 me
2499 1435 2558 1488 in
2598 1434 2711 1489 hac
2750 1433 3077 1505 quaastione
3127 1436 3597 1505 praestem.Tum

1935 1521 2187 1574 Aeacius
2241 1537 2253 1575 :
2314 1522 2555 1587 Genere,
2615 1522 2825 1595 inquit,
2886 1523 3145 1577 Acbivus
3177 1539 3331 1587 sum,
3363 1522 3419 1576 in
3452 1524 3600 1593 Cap-

1938 1608 2192 1678 padocia
2224 1626 2361 1665 vero
2392 1616 2566 1665 natus
2608 1631 2618 1669 :
2670 1627 2792 1682 quo
2823 1610 2955 1666 loco
2994 1627 3138 1673 eum
3174 1616 3450 1683 parentes
3483 1611 3599 1666 mei

218 1706 445 1775 τάγματι.
495 1705 561 1758 Ὀ
636 1706 788 1777 ἅγιος
855 1707 1097 1767 Ἀκάκιος
1162 1707 1314 1757 εἶπεν
1383 1709 1518 1756 Γενει
1565 1707 1653 1776 μὲν
1718 1703 1817 1775 εἰμὶ

1935 1698 2288 1765 habitarent,
2324 1700 2400 1754 ad
2448 1700 2771 1755 exercitum
2828 1701 2980 1764 veni,
3019 1701 3113 1756 ubi
3157 1707 3211 1756 et
3244 1700 3465 1756 multos
3522 1716 3595 1757 ex

224 1792 437 1864 Ἄρηός,
508 1794 807 1865 ἐγεννήθην
855 1793 913 1848 δὲ
971 1795 1019 1847 ἐν
1081 1791 1465 1865 Καππαδοκίᾳ·
1516 1792 1678 1844 ἐκεῖσε
1718 1797 1821 1844 τοία

230 1904 302 1934 ννν
346 1890 427 1937 καὶ
493 1891 603 1942 τὴν
672 1890 983 1943 κατοίκησιν
1035 1894 1132 1937 τῶν
1189 1890 1372 1957 γονέων
1409 1904 1510 1956 μου
1574 1882 1822 1955 ἐχόντων,

230 1972 296 2023 ἐπι
340 1980 631 2049 στρατείαν
685 1974 860 2042 ἦλθον,
913 1978 1025 2028 ὅθεν
1070 1975 1303 2048 μάλιστα
1346 1980 1435 2026 καὶ
1478 1972 1690 2033 πολλοὺς
1724 1982 1823 2024 τῶν

225 2073 621 2138 σνστρατιωτῶν
684 2085 788 2137 μου
843 2064 1192 2139 προλαϐόντας
1238 2066 1508 2138 μάρτυρας
1557 2070 1647 2115 τοῦ
1698 2071 1825 2135 Χρι-

220 2162 327 2204 στοῦ
378 2157 659 2229 γνωρίζω,
729 2154 853 2208 ἀλλά
922 2160 1011 2207 καὶ
1063 2160 1296 2227 γείτονας
1352 2159 1439 2206 καὶ
1516 2154 1824 2211 συνηλικιώ-

216 2259 295 2302 τας
338 2262 462 2313 μον.
526 2244 812 2316 Βούλομαι
858 2242 944 2297 οὖν
1014 2247 1225 2305 ἐκείνοις
1281 2245 1327 2296 α’
1373 2242 1824 2316 μᾶλλονκολουθῆ-

218 2348 315 2398 σαι,
368 2335 509 2406 εἰπερ
564 2341 687 2397 τοῖς
717 2334 1005 2407 λεγομένοις
1053 2339 1179 2407 νόμο
1237 2332 1315 2395 ιςὰ
1341 2334 1558 2406 ρπὺμών
1630 2333 1824 2407 ανθρώ-

215 2440 308 2472 πων
354 2421 598 2477 ἀκοῦσαι
649 2431 760 2486 τοῖς
816 2427 924 2496 μετ’
970 2424 1137 2477 αὐτῶν
1178 2426 1529 2499 φθειρομένοις
1577 2431 1640 2496 τῇ
1691 2442 1822 2496 παρ-

217 2512 393 2585 αλλαγῇ
430 2522 527 2566 τοῦ
559 2512 699 2587 βίον
729 2517 936 2570 τούτου.

273 2604 348 2659 Ε’.
428 2603 490 2656 Ὁ
578 2603 843 2665 δικαστὴς
896 2602 1049 2658 εἶπεν
1121 2609 1204 2663 Μὴ
1273 2609 1515 2678 νομίσῃς,
1584 2605 1816 2670 Ἀκοίκιε,

214 2694 294 2753 τὰς
330 2698 615 2766 τυχούσας
678 2714 735 2747 σε
770 2701 1024 2769 τιμωρίας
1055 2692 1389 2758 ἐκδέξασθαι·
1443 2700 1532 2747 καὶ
1585 2699 1685 2770 γὰρ
1731 2700 1820 2747 καὶ

214 2784 264 2832 τὸ
303 2787 525 2859 πάτριόν
572 2805 677 2838 σου
724 2783 957 2860 ληρῶδες
998 2792 1087 2839 καὶ
1140 2785 1400 2857 ἀπότομον
1450 2788 1636 2860 θάρσος
1666 2793 1818 2837 τοῦτο

218 2875 364 2933 ζητεῖ.
422 2873 596 2927 Ὥστε
656 2875 747 2926 οὖν
784 2877 954 2928 πάντα
1013 2896 1106 2929 σου
1167 2881 1253 2929 τὸν
1306 2876 1557 2948 λογισμόν
1630 2876 1816 2928 ἐκεῖνον

212 2963 373 3034 ῥίψας,
430 2963 667 3023 θέλησον
720 2968 1085 3039 πειθαρχῆσαι
1134 2975 1236 3027 τοῖς
1293 2973 1472 3038 νόμοις
1514 2975 1612 3018 τῶν
1657 2966 1816 3038 βασι·

1932 1787 2083 1842 meis
2131 1789 2635 1845 commilitonibus
2693 1795 2832 1844 ante
2888 1807 2980 1845 me
3032 1790 3237 1845 Christi
3303 1794 3596 1861 martyres

1931 1877 2114 1932 fuisse
2131 1880 2332 1949 accepi
2357 1895 2369 1933 :
2399 1878 2545 1951 quin
2567 1879 2745 1934 etiam
2771 1879 2994 1934 vicinos
3018 1885 3071 1934 et
3105 1879 3366 1951 aequales
3402 1895 3590 1943 meos,

1933 1968 2079 2021 tales
2112 1966 2291 2022 fuisse
2318 1966 2571 2037 cognovi
2604 1985 2616 2022 :
2647 1968 2865 2040 quibus
2895 1976 2949 2022 et
2987 1969 3295 2037 signorum
3334 1968 3593 2037 gratiam

1932 2060 2065 2127 post
2091 2056 2361 2127 ipsorum
2389 2062 2642 2112 mortem
2675 2074 2709 2112 a
2740 2059 2855 2113 Deo
2887 2057 3017 2129 ipso
3047 2057 3416 2129 impartitam
3443 2056 3600 2111 vidi-

1932 2161 2084 2200 mus.
2108 2145 2239 2201 lllos
2262 2146 2437 2215 igitur
2456 2146 2622 2218 sequi
2645 2146 2847 2211 malui,
2872 2163 3057 2219 quam
3082 2162 3182 2201 eas
3206 2163 3357 2219 quas
3384 2162 3491 2200 vos
3514 2146 3597 2200 le-

1931 2249 2033 2305 ges
2059 2235 2274 2301 dicitis,
2316 2252 2453 2292 cum
2502 2237 2786 2292 humanae
2829 2236 2945 2292 illas
2978 2237 3110 2301 sint,
3172 2242 3229 2292 et
3283 2253 3401 2291 una
3454 2251 3593 2289 cum

1928 2323 2276 2381 hominibus
2302 2330 2435 2397 post
2464 2325 2596 2381 vitae
2618 2326 2799 2397 hujus
2848 2342 3159 2383 excessum
3194 2340 3589 2397 corrumpan-

1933 2418 2048 2469 tur.

2000 2614 2063 2666 V.
2091 2611 2179 2666 Ad
2212 2611 2337 2667 haec
2362 2612 2544 2682 judex
2575 2630 2587 2667 :
2621 2616 2700 2669 Ne
2724 2617 2895 2685 putes
2931 2613 3265 2669 mediocres
3299 2612 3610 2669 cruciatus

1928 2701 2031 2758 tibi
2064 2701 2368 2773 parandos
2394 2718 2526 2757 esse
2556 2718 2570 2767 ;
2621 2702 2838 2757 etenim
2877 2703 2988 2757 ista
3019 2703 3223 2773 patriae
3259 2708 3372 2757 tuae
3405 2719 3595 2771 nuga-

1928 2792 2072 2847 citas
2101 2798 2157 2848 et
2198 2792 2348 2847 mira
2379 2790 2681 2847 temeritas
2709 2792 2825 2847 hoc
2875 2793 3270 2863 expostulant.
3306 2793 3387 2847 Ne
3418 2793 3596 2863 igitur

1926 2880 2055 2936 haec
2100 2880 2358 2951 patiaris,
2414 2880 2606 2952 abjice
2656 2896 2867 2936 omnes
2892 2883 3035 2935 istas
3082 2881 3489 2950 cogitationes,
3536 2885 3595 2937 et

1929 2970 2360 3042 imperatorum
2403 2970 2636 3040 legibus
2687 2970 3055 3042 obtempera,
3102 2971 3353 3026 deorum
3411 2971 3594 3028 cultui

214 3050 320 3103 25".»
349 3062 409 3124 τῇ
450 3059 590 3125 πρὸς
633 3058 758 3116 τοῦς
790 3056 929 3115 θεοὺς
979 3058 1241 3129 θεραπείᾳ,
1301 3054 1374 3108 δι’
1406 3057 1495 3117 οὓς
1532 3065 1815 3128 κρατοῦσιν

1932 3061 2216 3126 serviens,
2236 3076 2494 3132 quorum
2515 3068 2662 3115 nutu
2682 3060 2951 3115 omnium
2979 3059 3224 3116 victores
3244 3077 3312 3116 ac
3335 3065 3593 3116 rectores

214 3142 254 3190 οἱ
301 3146 364 3193 τα
421 3147 603 3196 πάντα
635 3153 873 3206 νικῶντες
926 3151 1013 3197 καὶ
1065 3142 1323 3207 διέποντες
1381 3145 1697 3217 Αὖγουστοι,
1730 3146 1817 3199 αἰ-

218 3226 460 3291 δεσθῆναι
505 3231 568 3286 δὲ
613 3239 705 3287 καὶ
750 3236 888 3305 ἡμᾶς
934 3240 1023 3287 καὶ
1069 3240 1127 3287 τό
1175 3235 1328 3309 βῆμα
1384 3238 1552 3308 ἡμῶν,
1606 3242 1695 3289 καὶ
1747 3242 1817 3309 μὴ

214 3324 417 3393 νόμίσης
474 3320 614 3375 εἶναι
670 3325 873 3376 πάντων
914 3332 1304 3401 φρονιμώτερος,
1361 3324 1577 3399 ἀπονοίᾳ
1623 3325 1822 3397 ἀκαίρῳ

218 3416 551 3482 κεχρημένος,
613 3413 683 3472 εἰς
736 3415 1004 3485 ἄνθρωπόν
1063 3436 1195 3481 τινα,
1243 3420 1311 3477 ὣς
1367 3436 1522 3488 φασιν
1568 3412 1820 3468 ὑπόδικον

217 3506 308 3558 τοῖς
343 3507 523 3572 νόμοις
555 3508 918 3574 γεγενημένον,
968 3506 1057 3565 τὰς
1092 3502 1303 3566 ἐλπίδας
1345 3509 1505 3577 ἔχων.
1554 3513 1612 3556 Ὁ
1666 3506 1808 3576 άγιος

218 3584 446 3653 'Axaizto;
525 3593 690 3663 λέγει·
775 3593 1004 3664 Σφάλλει,
1064 3591 1315 3660 δικαστά,
1391 3592 1564 3655 δεινὴν
1625 3595 1820 3653 πλάνην

218 3687 295 3728 τοῦ
343 3688 547 3735 Σατανᾶ
593 3683 941 3757 πλανώμενος·
989 3687 1047 3738 οὐ
1105 3689 1206 3761 γὰρ
1255 3684 1347 3739 διὰ
1392 3691 1483 3744 τὴν
1543 3687 1819 3759 θεραπείαν

218 3776 301 3818 τῶν
330 3772 471 3839 θεῶν,
518 3770 594 3825 ὧν
629 3778 810 3846 λέγεις,
843 3785 1124 3850 κρατοῦσιν
1164 3780 1212 3830 οὶ
1253 3777 1509 3851 βασιλεῖς,
1562 3776 1689 3827 ἀλλὰ
1719 3773 1811 3827 διὰ

220 3862 299 3913 τὴν
350 3869 712 3935 συγχώρησιν
761 3873 851 3917 τοῦ
895 3866 1092 3938 ἀγαθοῦ
1141 3872 1229 3920 καὶ
1270 3868 1637 3938 εὐσπλάγχνου
1685 3873 1818 3919 Θεοῦ

218 3956 296 3997 τοῦ
346 3953 412 4001 τὰ
462 3956 640 4005 πάντα
669 3960 983 4017 ποιήσαντος
1030 3961 1119 4008 καὶ
1168 3954 1629 4029 διακυϐερνωντος·
1662 3959 1720 4007 τὸ
1757 3952 1817 4010 δὲ

220 4040 280 4095 εἰς
314 4040 587 4115 ἄνθρωπον
646 4041 919 4111 ὑπόδικον,
961 4048 1031 4109 ὡς
1072 4051 1135 4099 σὺ
1177 4046 1359 4118 λέγεις,
1409 4052 1554 4121 ἔχειν
1590 4069 1673 4121 με,
1732 4044 1818 4101 δι-

217 4132 388 4196 καστα,
451 4135 552 4195 τὰς
608 4131 847 4200 ἐλπίδας,
905 4138 1089 4207 γνῶθι,
1147 4139 1224 4189 ὅτι
1277 4140 1549 4211 ἄνθρωπος
1598 4144 1688 4212 μὲν
1739 4138 1814 4193 δι’

218 4215 337 4284 ἡμᾶς
387 4220 411 4271 ό
476 4222 678 4296 Κύριος
728 4226 872 4297 ἡμῶν
923 4225 1126 4288 Ἰησους
1179 4232 1405 4300 Χριστός
1456 4229 1679 4301 ἐπεφάνη
1738 4240 1810 4301 τῷ

217 4308 399 4379 κόσμῳ,
450 4312 535 4363 ἳνα
600 4319 745 4385 σώσῃ
805 4316 963 4386 ἡμᾶς’
1020 4320 1146 4377 Θεὸς
1198 4313 1257 4369 δὲ
1307 4319 1374 4368 ὡν
1424 4317 1667 4381 ἀληθινὸς
1718 4325 1808 4372 καὶ

1929 3150 2180 3220 Augusti
2208 3165 2409 3204 rerum
2441 3150 2749 3221 potiuntur
2784 3165 2796 3205 :
2845 3165 2955 3205 nos
2983 3149 3163 3205 etiam
3218 3154 3274 3203 et
3328 3149 3592 3205 tribunal

1930 3240 2043 3295 hoc
2069 3243 2342 3294 nostrum
2366 3254 2652 3305 reverere,
2674 3254 2868 3311 neque
2888 3244 3061 3311 putes
3083 3246 3137 3295 te
3168 3238 3441 3294 omnium
3464 3256 3593 3296 esse

1931 3328 2490 3400 prudentissimum,
2526 3328 2856 3384 temeritate
2905 3328 3014 3383 ista
3045 3329 3390 3400 importuna
3433 3344 3593 3385 nunc

1932 3417 2300 3485 abutentem,
2329 3421 2386 3471 et
2412 3417 2470 3471 in
2528 3417 2771 3472 homine
2798 3416 2917 3481 illo,
2952 3434 3132 3489 quem
3164 3417 3358 3489 poenis
3386 3434 3593 3473 secun-

1931 3506 2077 3562 dum
2108 3506 2302 3575 legem
2340 3506 2591 3561 decretis
2621 3506 2956 3576 subjectum
2986 3506 3164 3561 fuisse
3207 3506 3394 3574 aiunt,
3455 3524 3593 3580 spes

1931 3601 2065 3650 tuas
2097 3594 2511 3650 collocantem.
2571 3598 2758 3660 Erras,
2791 3594 2983 3667 inquit
3014 3595 3282 3662 Aeacius,
3318 3613 3353 3651 o
3380 3597 3587 3666 judex,

1932 3683 2300 3755 gravissimis
2352 3686 2585 3740 Satanae
2634 3682 2879 3739 fallaciis
2922 3684 3209 3756 deceptus
3239 3704 3255 3756 ;
3282 3702 3402 3740 non
3430 3686 3590 3742 enim

1931 3779 2172 3845 propter
2202 3788 2406 3828 eorum
2441 3773 2712 3837 deorum,
2754 3788 2908 3844 quos
2943 3779 3005 3828 tu
3035 3773 3206 3841 dicis,
3234 3774 3459 3829 cultum
3482 3774 3589 3829 im-

1928 3862 2094 3935 perio
2126 3862 2387 3918 Caesares
2414 3861 2663 3930 Augusti
2691 3861 3015 3930 potiuntur,
3066 3862 3170 3917 sed
3209 3862 3452 3931 benigni
3488 3863 3587 3918 Dei

1927 3953 2131 4007 omnia
2153 3950 2539 4020 gubernantis
2569 3949 2951 4006 concessione
2984 3951 3096 4006 hoc
3119 3949 3387 4005 efficitur.
3414 3951 3586 4017 Quod

1928 4045 2129 4096 autem
2151 4040 2317 4106 dicis,
2348 4041 2405 4095 in
2423 4040 2666 4097 homine
2683 4040 3086 4096 condemnato
3103 4043 3187 4107 (ut
3205 4039 3331 4111 ipse
3350 4041 3464 4099 ais)
3488 4057 3584 4097 me

1925 4146 2091 4202 spem
2133 4131 2478 4199 collocasse,
2518 4134 2663 4188 scito
2692 4133 2902 4187 Jesum
2942 4132 3265 4187 Dominum
3307 4136 3585 4189 nostrum

1918 4221 2229 4277 hominem
2268 4221 2457 4278 nostri
2488 4238 2670 4279 causa
2710 4220 2956 4288 factum,
2999 4222 3061 4276 in
3093 4222 3391 4277 mundum
3422 4222 3585 4279 hunc

1918 4309 2173 4376 venisse,
2191 4311 2437 4367 utnobis
2457 4310 2710 4367 salutem
2733 4311 2902 4368 daret
2934 4327 2946 4366 :
2967 4311 3225 4383 quicum
3244 4311 3403 4367 idem
3424 4317 3585 4369 esset

220 4395 362 4463 φέρων
406 4403 501 4457 τὴν
554 4399 850 4476 ἀπόρρητον
903 4404 1060 4456 αὐτοῦ
1112 4405 1426 4477 οἰκονομίαν,
1483 4408 1544 4466 ἦν
1604 4408 1697 4460 οῦκ
1746 4411 1805 4461 οἶν

1931 4416 2089 4455 verus
2118 4400 2291 4465 Deus,
2331 4400 2481 4456 mira
2506 4400 2775 4474 quadam
2804 4404 2861 4457 et
2883 4400 3182 4457 immensa
3208 4402 3582 4475 providentia

221 4476 402 4559 δυνήσῃ
436 4488 667 4543 ἀκοῦσαι
714 4496 743 4551 ἦ
790 4502 1001 4564 γνῶναι,
1042 4495 1084 4546 εἰ
1128 4500 1201 4567 μὴ
1254 4506 1453 4570 πρῶτον
1502 4497 1681 4550 ἑαυτὸν
1729 4499 1807 4551 εὖ.

221 4578 444 4647 τρεπίσης
490 4588 555 4651 τῇ
608 4586 803 4634 πίστει·
854 4592 958 4643 πῶς
1004 4584 1065 4634 οἶν
1109 4584 1224 4637 κατ’
1275 4583 1423 4647 ἀξίαν
1476 4582 1806 4660 διηγήσομαί

225 4674 306 4729 σογ
344 4671 508 4728 ;Θεός
536 4672 640 4743 γὰρ
682 4672 749 4721 ὡν
797 4671 1055 4738 ἀληθινός,
1105 4674 1173 4735 ὦς
1221 4677 1363 4746 ἔφην,
1392 4680 1484 4734 τὴν
1517 4680 1670 4749 φύσιν
1715 4683 1805 4731 καὶ

226 4752 392 4813 Aemo;
446 4755 743 4831 ἀδιαίρετος
792 4762 1067 4836 ὑπάρχων,
1119 4768 1209 4815 καί
1262 4761 1532 4827 συναίδιος
1588 4766 1663 4819 ἀεὶ
1712 4776 1803 4820 τοῦ

228 4840 424 4910 Πατρός,
477 4852 525 4898 ἐν
578 4847 751 4913 ἰδίοις,
808 4852 890 4903 ὅτε
947 4852 1215 4917 ἠθέλησεν,
1249 4862 1451 4926 καιροῖς
1489 4855 1711 4909 ἐτέλεσεν
1743 4863 1800 4910 τό

228 4948 354 5001 οργον
401 4944 490 4997 τῆς
544 4939 795 5012 ἡμετέρας
844 4946 1126 5014 σωτηρίας,
1180 4947 1268 4994 καὶ
1308 4952 1403 5005 τῆς
1441 4951 1802 5019 κατακρίσεως

228 5030 286 5072 mi
326 5032 535 5098 Σατανᾶ,
603 5037 693 5082 τοῦ
773 5029 860 5083 ἀπ’
918 5030 1089 5105 ἀρχῆς
1148 5030 1543 5105 βασκαίνοντος,
1599 5036 1802 5095 ἠλευθέ-

232 5128 360 5183 ετρεν.

305 5290 383 5372 ς’.
410 5292 466 5345 ’0
505 5292 760 5359 δικαστὴς
804 5295 958 5351 εἶπεν
1017 5303 1115 5352 Καὶ
1173 5300 1217 5353 εἰ
1263 5303 1376 5353 κατ’
1419 5302 1578 5356 αὐτοῦ
1621 5307 1792 5378 πράσ-

235 5393 388 5431 σονσιν
432 5386 478 5435 οἱ
532 5384 787 5456 βασιλεῖς,
845 5397 951 5449 πῶς
1011 5388 1104 5442 οὐκ
1159 5388 1427 5463 ἀμείϐεται
1481 5396 1697 5458 τούτους
1766 5398 1791 5449 ό

234 5469 426 5535 Χριστός
456 5476 621 5540 σον,ό
670 5480 763 5535 τὴν
814 5477 1133 5550 οἰκονομίαν,
1183 5482 1357 5555 ὥσπερ
1410 5485 1475 5533 σὺ
1517 5485 1662 5555 ἔφης,
1716 5481 1791 5537 δι’

235 5553 352 5625 ἡμᾶς
377 5558 653 5634 βαστάσας,
704 5569 808 5640 εἴγε
850 5570 992 5624 ἐστὶν
1033 5572 1163 5633 Θεὸς
1194 5569 1436 5635 ἀληθινὸς
1492 5578 1581 5627 καὶ
1632 5570 1787 5631 δυνα-

1914 4489 2250 4546 humanam
2290 4491 2549 4563 suscepit
2579 4496 2878 4556 naturam,
2913 4496 2969 4547 et
3008 4507 3142 4547 eam
3164 4493 3224 4547 in
3258 4509 3318 4548 se
3349 4491 3578 4549 habuit-

1856 4582 1859 4587 ‘
1916 4578 1981 4633 Id
2002 4595 2138 4635 vero
2170 4584 2229 4635 tu
2253 4595 2447 4652 neque
2475 4596 2859 4651 cognoscere,
2886 4597 3081 4654 neque
3099 4582 3305 4639 audire
3332 4583 3578 4657 poteris,

1915 4668 2024 4722 nisi
2040 4669 2201 4740 prius
2222 4670 2478 4741 teipsum
2494 4670 2630 4725 ﬁdei
2646 4670 2995 4727 Christianae
3017 4672 3578 4728 accommodaveris-

1914 4758 2061 4813 Cum
2089 4759 2246 4815 enim
2279 4765 2511 4823 natura,
2532 4759 2752 4825 utdixi,
2788 4766 2945 4816 esset
2964 4777 3140 4817 verus
3165 4764 3345 4826 Deus,
3370 4762 3579 4817 etVer-

1913 4846 2055 4902 bum
2077 4847 2291 4904 aPatre
2307 4864 2425 4904 non
2441 4849 2723 4913 divisum,
2744 4848 2848 4903 sed
2881 4865 3016 4905 cum
3044 4849 3143 4905 illo
3169 4867 3405 4924 semper
3427 4868 3577 4908 core-

1915 4940 2143 4991 ternum
2157 4980 2169 5002 ,
2186 4938 2459 5009 propriis,
2475 4938 2695 5010 quibus
2710 4937 2838 5009 ipse
2854 4938 3055 5005 voluit,
3091 4940 3457 5011 temporibus
3475 4956 3575 4995 no-

1914 5030 2048 5080 strm
2076 5026 2283 5082 salutis
2314 5043 2466 5098 opus
2506 5027 2766 5099 perfecit,
2803 5033 2858 5083 et
2887 5044 2922 5084 a
2952 5028 3188 5084 Satanae
3220 5028 3433 5101 ipsius,
3467 5028 3573 5099 qui

1910 5114 1988 5170 ab
2012 5114 2178 5170 initio
2206 5116 2378 5171 nobis
2405 5116 2715 5183 inviderat,
2751 5117 3253 5175 condemnatione
3280 5134 3348 5175 ac
3382 5118 3569 5173 servi-

1912 5209 2029 5259 tute
2066 5220 2174 5260 nos
2205 5205 2499 5261 liberavit.

1980 5293 2068 5347 VI.
2093 5294 2179 5349 Ad
2212 5295 2339 5351 haec
2365 5295 2551 5366 judex
2584 5295 2731 5352 dixit
2760 5314 2774 5352 ;
2810 5296 2866 5353 Si
2897 5297 3279 5369 imperatores
3303 5296 3571 5370 ipsicon-

1906 5386 1994 5438 tra
2020 5398 2158 5440 eum
2185 5384 2427 5451 faciunt,
2448 5391 2621 5441 curet
2650 5386 2783 5442 illos
2812 5402 2932 5443 non
2966 5386 3427 5459 punitChristus
3462 5388 3570 5445 iste

1905 5478 2063 5541 tuus,
2091 5474 2213 5547 qui,
2248 5480 2309 5531 ut
2339 5476 2463 5547 ipse
2496 5476 2661 5539 dicis,
2698 5477 3039 5534 humanam
3072 5482 3347 5535 naturam
3383 5486 3569 5536 nostri

1901 5578 2086 5621 causa
2126 5564 2443 5639 suscepit?
2482 5566 2675 5624 Facile
2731 5567 2892 5626 enim
2918 5568 3316 5643 imperatores
3351 5572 3566 5645 punire
