4084 6216
483 241 590 324 '223

1899 265 2039 325 ΜΕΝ
2045 264 2151 322 SIS
2187 263 2430 325 MAIUS.

3731 265 3849 322 224

484 397 698 468 potest,
731 391 779 449 si
827 396 917 448 est
947 390 1102 447 Deus
1148 407 1284 447 vere
1312 395 1542 464 potens.
1583 395 1664 447 Ex
1711 391 1827 448 hoc
1858 392 2012 464 ipso,
2046 391 2138 445 in-

2247 395 2325 453 τός
2365 391 2466 460 ;“Ο
2519 391 2667 464 ἅγιος
2716 391 2958 455 Ἀκάκιος
2990 388 3144 444 εἶπεν·
3199 390 3290 444 Ἐκ
3341 391 3526 443 τούτου
3557 391 3656 466 γὰρ
3703 391 3850 463 μᾶλ-

485 482 614 556 quit
660 481 930 546 Aeacius,
972 496 1130 546 eum,
1176 497 1245 536 ae
1294 481 1422 552 ejus
1462 480 1793 537 bonitatem
1847 485 1903 535 et
1931 486 2137 551 poten-

484 571 630 627 tiam
661 584 1022 638 cognoscere
1044 573 1234 640 potes,
1270 570 1432 641 quod
1457 586 1590 624 cum
1613 568 1846 641 injuriae
1869 567 1949 622 illi
1973 566 2134 631 fiant,

485 675 603 716 non
636 657 838 713 statim
868 673 1081 728 poenas
1112 657 1284 713 vobis
1311 658 1503 723 refert,
1539 658 1643 714 sed
1683 657 1904 712 diutius
1935 671 2140 728 exspe-

482 754 617 811 ctat,
654 751 714 802 ut
743 763 851 802 vos
880 749 1112 803 Graecos
1140 747 1443 819 pceniteat,
1480 748 1584 819 qui
1623 747 1846 803 cultum
1878 752 1934 802 et
1962 760 2141 801 vene-

482 837 775 892 rationem
793 838 910 891 Deo
924 842 1371 907 congruentem,
1391 838 1765 893 daemonibus
1787 836 2030 892 aﬂertis.
2051 834 2140 889 Ad

479 926 606 980 haec
637 931 693 980 et
718 942 1046 992 servorum,
1082 926 1183 998 qui
1222 927 1271 982 ei
1315 927 1465 995 grati
1498 932 1658 991 sunt,
1689 927 2038 982 electionem
2070 940 2139 980 ac

480 1031 870 1088 progressum
891 1015 1006 1070 hoc
1035 1016 1215 1071 modo
1255 1016 1609 1088 compellere
1636 1016 1781 1072 vult.
1803 1019 2003 1085 Itaque
2029 1017 2139 1069 hac

481 1104 858 1177 providentia
888 1105 1084 1160 utitur.
1109 1108 1256 1160 Nam
1289 1105 1335 1159 si
1366 1105 1564 1160 statim
1589 1104 1758 1160 vobis
1781 1119 2026 1176 poenam
2052 1103 2137 1158 in-

480 1193 628 1250 ferre
661 1193 851 1258 vellet,
887 1199 942 1250 et
971 1211 1077 1249 vos
1100 1194 1214 1266 ipsi
1249 1193 1309 1249 in
1339 1199 1693 1265 perpetuum
1719 1193 2059 1264 periissetis,
2084 1197 2140 1248 et

480 1282 674 1356 ipsius
688 1284 840 1338 servi
860 1282 1155 1338 manifesti
1173 1298 1292 1337 non
1307 1282 1516 1338 ﬂerent
1535 1299 1548 1347 ;
1570 1281 1715 1354 quin
1735 1281 1812 1337 eti
1832 1299 1914 1337 im
1937 1281 2140 1352 gratias

479 1371 668 1444 ipsius
717 1373 977 1443 potentia
1045 1371 1235 1428 otiosa
1301 1372 1754 1443 permansisset.
1826 1371 2142 1436 Quomodo

484 1461 642 1516 enim
675 1462 962 1518 Dominus
997 1467 1198 1516 noster
1228 1460 1480 1530 gloriose
1511 1461 1745 1516 laudari
1777 1465 1995 1532 posset,
2031 1459 2143 1515 nisi

484 1549 770 1606 diuturna
808 1552 864 1605 in
899 1551 1104 1606 vestris
1137 1549 1459 1606 sceleribus
1495 1549 1815 1622 puniendis
1859 1549 2143 1621 patientia

483 1643 745 1696 uteretur
782 1640 810 1696 ?
841 1640 1008 1696 Nune
1051 1656 1190 1696 vero
1216 1639 1346 1694 haec
1374 1640 1449 1694 ita
1505 1639 1630 1694 ﬁeri
1663 1638 1967 1711 permittit,
1999 1645 2059 1693 ut
2089 1638 2145 1692 et

2243 481 2346 544 λον,
2405 479 2656 548 δικαστὰ,
2710 481 2918 554 ὀφείλεις
2953 487 3210 557 γνωρίσαι
3264 480 3440 547 αὐτόν,
3474 485 3563 533 καὶ
3592 487 3681 539 τήν
3710 480 3853 554 ἀγα-

2248 573 2443 629 θός-ητα
2472 573 2650 632 αὐτοῦ,
2703 576 2793 623 καὶ
2823 577 2916 630 τὴν
2968 569 3212 643 δύναμιν,
3261 573 3341 624 ὅτι
3391 576 3480 623 καὶ
3511 569 3852 643 ὑϐριζόμενος

2245 661 2338 712 οὐκ
2397 660 2575 721 εὐθέως
2633 658 3057 714 ἀνταποδίδωσιν
3108 663 3252 734 ἡμῖν,
3306 657 3652 733 ἐκδεχόμενος
3706 662 3852 732 ὑμῶν

2245 759 2340 803 τῶν
2396 751 2642 808 Ἐλληνων
2701 757 2794 810 τὴν
2855 754 3128 824 μετάνοιαν
3183 756 3273 802 καὶ
3343 750 3692 824 ἐπιστποφὴν,
3747 759 3854 803 τῶν

2245 843 2303 892 τό
2362 840 2501 910 αύτῷ
2557 845 2747 913 πρέπον
2804 840 2959 901 σέϐας
3001 847 3109 902 τοῖς
3160 837 3382 912 δαίμοσι
3430 844 3853 914 προσφερόντων·

2247 932 2319 982 ἔτι
2370 927 2427 982 δε
2484 935 2573 982 καὶ
2633 939 2730 982 τῶν
2813 931 3216 1005 εύαρεστούντων
3274 929 3412 999 αύτῷ
3491 926 3688 980 δούλων
3754 933 3858 986 τήν

2247 1018 2460 1091 ἐκλογὴν
2520 1024 2605 1071 καὶ
2667 1025 2936 1093 προκοπὴν
2982 1019 3289 1092 βουλόμενος
3347 1018 3631 1082 ἐκτελέσαι,
3689 1017 3860 1078 ούτως

2247 1109 2594 1182 ᾠκονόμησεν.
2649 1109 2710 1162 Εἰ
2753 1112 2854 1184 γὰρ
2911 1107 3155 1168 ἠϐούλετο
3209 1109 3395 1169 εύθέως
3451 1109 3572 1179 ύμῖν
3620 1102 3861 1159 ἀποδοῦ-

2244 1219 2329 1251 ναι
2357 1205 2446 1251 καὶ
2485 1201 2616 1271 ὑμᾶς
2649 1197 2974 1251 ἀπόλλυσθαι
3015 1199 3256 1267 αἰωνίως,
3307 1203 3395 1250 καὶ
3445 1199 3494 1250 οἱ
3539 1193 3719 1249 δοῦλοι
3763 1194 3862 1247 wi-

2246 1295 2339 1340 τοῦ
2397 1288 2488 1340 οὐκ
2539 1288 2765 1359 ἐγίνοντο
2827 1293 3054 1361 φανεροὶ,
3107 1287 3234 1339 ἀλλὰ
3273 1291 3361 1339 καὶ
3412 1289 3441 1344 ἡ
3501 1282 3720 1358 δύναμις
3762 1291 3866 1344 τῆς

2247 1379 2469 1450 χάριτος
2522 1378 2689 1430 αὐτοῦ¹
2728 1377 2862 1451 ἀργὴ
2914 1375 3159 1450 διέμενεν.
3218 1382 3317 1429 Καὶ
3369 1384 3472 1436 πῶς
3520 1376 3661 1447 εἶχεν
3703 1371 3870 1436 δοξα-

2252 1469 2440 1526 σθῆναι
2488 1468 2513 1518 ό
2566 1471 2750 1541 Κύριος
2799 1470 2944 1539 ἡμῶν
2999 1468 3208 1527 Ἰησοῦς
3268 1468 3518 1540 Χριστός,
3572 1464 3615 1517 εἰ
3669 1469 3738 1536 μὴ
3806 1460 3871 1521 ἧν

2249 1558 2585 1628 μακρόθυμος
2636 1558 2718 1607 ἐπί
2772 1562 2886 1617 ταῖς
2933 1560 3213 1627 πονηρίαις
3264 1555 3406 1626 ὑμῶν
3442 1561 3586 1621 ;Νῦν
3629 1549 3687 1605 δὲ
3725 1572 3870 1623 συγ-

2250 1652 2419 1717 χωρεῖ
2457 1652 2622 1697 ταῦτα
2669 1645 2832 1705 οὕτως
2870 1646 3130 1716 γενέσθαι,
3175 1644 3257 1696 ἶνα
3301 1649 3390 1695 καὶ
3441 1644 3589 1714 ὑμεῖς
3640 1643 3755 1694 ὅσοι
3805 1641 3870 1694 ού

483 1744 607 1797 vos,
640 1730 740 1804 qui
770 1746 888 1785 non
911 1730 1267 1801 resipiscitis,
1307 1728 1411 1784 sed
1442 1729 1788 1784 diuturnam
1821 1728 2011 1799 ipsius
2041 1744 2138 1800 pa-

2251 1741 2560 1806 μετανοεῐτε,
2612 1733 2739 1784 ἀλλά
2785 1736 3198 1794 καταπτύσαντες
3244 1740 3335 1792 τῆς
3382 1731 3578 1803 ἀνοχῆς
3626 1737 3715 1783 καὶ
3769 1740 3871 1792 τῆς

479 1820 745 1875 tientiam
765 1823 1131 1890 respuentes,
1152 1818 1212 1874 in
1227 1822 1424 1874 vestra
1455 1818 1680 1873 saevitia
1722 1817 2055 1890 persistitis,
2086 1821 2143 1874 et

478 1908 557 1964 ab
588 1925 658 1964 eo
690 1908 881 1978 magis
915 1907 1231 1980 magisque
1261 1907 1681 1972 desciscentes,
1724 1907 1802 1963 ad
1833 1906 2140 1963 interitum

477 1998 829 2072 properatis,
874 2003 1067 2052 vestra
1103 1997 1281 2069 culpa
1330 1995 1838 2066 eondemnemini,
1899 2001 1957 2051 et
2007 2011 2136 2062 nos,

478 2087 583 2160 qui
613 2087 741 2157 ejus
771 2087 1086 2158 imperium
1115 2087 1495 2156 agnovimus,
1558 2089 1846 2158 perpetuo
1874 2101 2011 2141 cum
2039 2086 2140 2142 illo

477 2175 775 2231 vivamus.
794 2177 1138 2241 Quinetiam
1154 2175 1341 2247 ipsius
1375 2174 1562 2245 gloria
1582 2174 1642 2229 in
1658 2174 1768 2229 illis
1790 2174 2139 2233 hominibus

480 2265 850 2321 manifestior
865 2265 981 2328 ﬁet,
1004 2265 1108 2336 qui
1135 2264 1358 2320 scelera
1383 2279 1492 2320 sua
1512 2269 2030 2335 recognoscentes,
2055 2265 2140 2320 vi-

483 2357 609 2410 tam
635 2353 1106 2409 emendaverint.

551 2445 668 2500 Vll.
709 2447 869 2500 Tunc
900 2443 1184 2499 Bibianus
1215 2459 1227 2498 :
1265 2443 1503 2500 Litteras
1533 2442 1731 2499 forsan
1757 2443 2032 2510 didicisti,
2056 2443 2136 2500 ob

481 2533 662 2608 idque
705 2533 789 2588 sie
828 2533 1040 2588 diserte
1069 2533 1419 2605 respondes.
1463 2536 1608 2590 Nam
1637 2548 1745 2605 per
1789 2533 1936 2589 deos
1974 2533 2138 2606 ipsos

483 2638 823 2679 sermonem
876 2622 1091 2678 rationi
1115 2627 1585 2679 consentaneum
1612 2621 1900 2689 habuisti,
1937 2629 1998 2678 ut
2025 2624 2136 2680 ho-

481 2713 713 2768 minum
745 2710 996 2767 salutem
1024 2711 1136 2767 sub
1168 2712 1268 2768 Dei
1316 2711 1580 2784 potentia
1611 2727 1740 2768 esse
1765 2712 2132 2768 ostenderes.

479 2802 561 2857 Ex
585 2802 697 2858 hoc
720 2801 875 2874 ipso,
909 2801 1100 2874 inquit
1129 2802 1399 2865 Aeacius,
1433 2800 1526 2856 Dei
1559 2802 1830 2857 omnium
1863 2802 2140 2857 domina-

478 2893 619 2949 toris
649 2892 975 2965 potentiam
1016 2897 1071 2948 et
1098 2893 1354 2961 gratiam
1395 2906 1719 2961 agnoscere
1759 2896 1949 2963 potes,
1972 2891 2136 2964 quod

477 2997 615 3037 eum
647 2997 767 3036 non
799 2981 1106 3038 didicerim
1137 2981 1358 3038 litteras
1397 2980 1546 3047 illas,
1581 2996 1717 3052 quae
1750 2980 1923 3035 vobis
1963 2980 2136 3035 valde

476 3159 814 3216 divinarum
846 3161 1195 3216 Litterarum
1245 3158 1560 3214 lectionem
1605 3159 1965 3223 necessaria,
2009 3157 2135 3230 ipse

478 3251 631 3306 Deus
649 3265 757 3322 pro
788 3250 964 3306 nobis
984 3248 1430 3306 miserabilibus
1447 3246 1568 3301 suis
1587 3247 1770 3302 servis
1796 3247 2132 3319 respondet,

478 3338 734 3412 facitque
762 3344 829 3395 ut
859 3339 937 3397 ab
961 3338 1248 3395 omnibus
1277 3335 1648 3402 hominibus,
1680 3335 1828 3409 quin
1865 3337 2046 3392 etiam
2072 3340 2137 3392 ut

477 3434 533 3485 et
563 3445 599 3486 a
633 3429 804 3485 vobis
849 3428 1017 3501 ipsis,
1051 3427 1154 3501 qui
1178 3425 1388 3482 eruditi
1421 3426 1580 3490 estis,
1613 3425 1953 3482 laudemur.
1990 3429 2135 3482 Nam

478 3523 534 3575 et
561 3518 638 3574 ab
669 3518 835 3574 initio
874 3534 1014 3573 cum
1040 3514 1510 3588 dispensationis
1540 3515 1759 3570 divinae
1785 3531 1936 3588 opus
1963 3516 2141 3588 perﬁ-

477 3615 651 3675 ceret,
683 3613 741 3664 et
768 3624 945 3664 suum
985 3605 1177 3679 ipsius
1203 3620 1456 3674 regnum
1496 3605 1626 3660 orbi
1655 3611 1947 3661 terrarum
1989 3622 2141 3678 pras-

478 3698 803 3755 dicandum
837 3700 1090 3764 curaret,
1121 3711 1242 3751 non
1271 3695 1617 3751 hominibus
1633 3711 1845 3767 genere
1873 3700 1974 3751 aut
1995 3695 2138 3750 divi-

479 3789 588 3854 tiis,
612 3786 968 3844 orationisve
985 3784 1416 3841 autlitterarum
1431 3784 1705 3840 facultate
1721 3785 2139 3856 praestantibus

479 3879 554 3934 ad
584 3875 884 3948 Evangelii
901 3875 990 3930 sui
1019 3874 1527 3947 praedicationem,
1547 3874 1649 3929 sed
1671 3874 2069 3945 piscatoribus
2087 3883 2142 3930 et

478 3967 836 4038 publicanis,
863 3981 931 4021 ac
956 3964 1322 4036 pauperibus
1343 3964 1707 4036 quibusdam
1725 3979 1869 4018 usus
1897 3968 2002 4018 est.
2025 3966 2140 4019 Hoc

480 4054 849 4120 autemfecit,
886 4059 949 4110 ut
969 4054 1097 4125 ejus
1129 4055 1417 4126 potentia,
1445 4069 1581 4125 quas
1614 4059 1873 4107 mentem
1896 4069 2138 4108 omnem

477 4149 814 4216 exsuperat,
849 4150 1330 4214 cognosceretur,
1361 4147 1569 4200 sancto
1601 4159 1670 4199 ac
1695 4142 1897 4198 divino
1920 4142 2140 4215 Spiritu

477 4235 607 4306 ejus
646 4233 974 4306 discipulos
1013 4233 1356 4304 adjuvante.

548 4323 690 4380 VIII.
737 4326 861 4380 Post
889 4323 1212 4395 haacjudex
1240 4322 1556 4379 :Omittens
1578 4321 1890 4394 ego,quod
1920 4337 2142 4395 oppor-

2251 1825 2617 1899 μακροθυμίας
2675 1822 2834 1875 αὐτοῦ
2888 1821 3122 1895 ἐμμένετε
3161 1831 3222 1894 τῇ
3281 1821 3517 1893 ὠμότητι
3569 1822 3709 1894 ὑμῶν
3764 1826 3868 1872 καὶ

2251 1921 2312 1986 τῇ
2362 1911 2653 1965 ἀποστάσει
2705 1919 2800 1975 τῆς
2840 1910 3088 1972 ἀπωλείας
3127 1911 3567 1983 αύτοκατάκριτοι
3605 1911 3866 1981 γίνησθε,

2250 2007 2339 2055 καὶ
2391 2005 2541 2075 ἡμεῖς
2591 1998 2650 2054 δὲ
2699 2001 2752 2054 ἐκ
2799 2004 3088 2074 προθέσεως
3149 2005 3242 2058 τὴν
3328 1997 3634 2053 δεσποτείαν
3691 2000 3868 2051 αὐτοῦ

2251 2091 2560 2163 ἐπιγνόντες,
2611 2091 2852 2151 ζήσωμεν
2885 2087 3071 2152 ἀίδίως
3104 2093 3197 2142 σύν
3248 2089 3388 2158 αύτῷ
3442 2094 3531 2141 καὶ
3566 2090 3592 2146 ἦ
3629 2085 3761 2150 δόξα
3804 2085 3868 2140 δί

2249 2181 2405 2234 αὐτοῦ
2452 2183 2715 2254 φανερωθῇ
2782 2177 2875 2233 διὰ
2944 2189 3042 2232 τῶν
3126 2181 3505 2252 μετανοούντων
3567 2176 3864 2252 ἀνθρώπων

2247 2276 2336 2323 καὶ
2367 2267 2747 2343 διορθουμένων
2770 2273 2858 2322 τόν
2881 2269 3073 2322 ἑαυτῶν
3106 2267 3242 2342 βίον.

2317 2449 2390 2505 Ζ’.
2449 2449 2683 2511 Βιϐιανός
2742 2451 2896 2502 εἶπενο
2973 2451 3205 2518 Ἀκάκιε,
3284 2451 3464 2522 ἔμαθες

2246 2541 2325 2592 ὅτι
2373 2540 2536 2601 οὕτως
2566 2544 2848 2613 προσόχως
2882 2538 3157 2613 ἀποκρίνῃ·
3192 2542 3267 2612 μὰ
3296 2544 3417 2602 τούς
3449 2542 3597 2600 θεούς
3644 2536 3870 2610 ἐνδεχό-

3540 2451 3865 2522 γράμματα»

2245 2649 2391 2703 μενον
2447 2629 2600 2701 λόγον
2650 2627 2820 2695 εἶπας,
2879 2630 2998 2681 ὅσον
3037 2633 3095 2681 τό
3143 2629 3230 2682 ὑπ’
3278 2629 3516 2692 ἐξουσίαν
3570 2626 3698 2681 εἶναι
3727 2633 3871 2682 Θεοῦ

2246 2724 2338 2778 τὴν
2399 2727 2498 2772 τῶν
2565 2717 2843 2793 ἀνθρώπων
2917 2723 3200 2793 σωτηρίαν.
3257 2717 3314 2771 Ὁ
3368 2718 3518 2790 ἅγιος
3606 2718 3865 2780 Ἀκάκιος

2248 2811 2402 2862 εἶπενο
2457 2809 2542 2862 Ἐν
2592 2811 2759 2879 τούτῳ
2809 2811 2910 2882 γὰρ
2968 2807 3182 2880 μᾶλλον,
3236 2809 3274 2859 ὧ
3325 2805 3575 2873 δικαστά,
3637 2807 3865 2880 ὀφείλεις

2245 2903 2501 2972 γνωρίσαι
2552 2901 2642 2956 τὴν
2699 2894 2921 2969 δύναμιν
2970 2903 3059 2949 καὶ
3097 2902 3185 2956 τὴν
3231 2899 3392 2972 χάριν
3444 2904 3532 2949 τοῦ
3587 2901 3718 2950 Θεοῦ
3762 2905 3864 2949 τοῦ

2192 2989 2447 3062 ,πάντων
2478 2988 2622 3058 ἡμῶν
2656 2991 2935 3054 Δεσπότου,
2991 2987 3070 3039 ὅτι
3101 2991 3171 3059 μὴ
3207 2988 3458 3058 μαθόντος
3488 2989 3551 3038 τὰ
3597 2982 3868 3038 δοκοῦντα

475 3070 770 3142 optabiles
788 3070 1080 3136 videntur,
1115 3069 1225 3125 nisi
1259 3076 1486 3126 tantum
1515 3084 1711 3140 pauca
1741 3068 2024 3140 quaedam
2059 3068 2134 3123 ad
2173 3069 2215 3125 C

2246 3077 2365 3148 ὑμῖν
2416 3071 2854 3148 περισπούδαστα
2903 3077 3208 3148 γράμματα,
3276 3075 3319 3128 εἰ
3368 3080 3438 3148 μή
3497 3078 3649 3147 μόνον
3707 3075 3865 3147 ὀλίγα

2245 3168 2375 3237 πρός
2421 3168 2512 3222 τὴν
2545 3163 2835 3235 ἀνάγνωσιν
2880 3173 2980 3216 τῶν
3043 3167 3187 3218 θείων
3237 3171 3470 3239 Γραφῶν,
3523 3165 3678 3227 αὐτὸς
3724 3167 3861 3240 ὑπὲρ

2246 3255 2390 3327 ἡμῶν
2447 3262 2545 3306 τῶν
2597 3253 2816 3306 ἐλεεινῶν
2875 3250 3074 3306 δούλων
3132 3253 3292 3307 αὐτοῦ
3359 3254 3605 3326 ἀπολογεῖ
3655 3273 3708 3306 τε
3761 3259 3858 3308 καὶ

2247 3351 2384 3396 ποιεῖ
2433 3344 2531 3395 ὑπὸ
2589 3345 2792 3395 πάντων
2846 3341 3147 3415 ἀνθρώπων,
3217 3343 3344 3395 ἀλλά
3397 3349 3485 3396 καὶ
3557 3344 3643 3415 ὑφ’
3711 3344 3860 3416 ὑμῶν

2247 3441 2345 3484 τῶν
2399 3429 2816 3504 πεπαιδευμένων
2870 3431 3212 3485 ἐπαινεῖσθαι⁶
3262 3437 3351 3484 καὶ
3402 3435 3500 3505 γὰρ
3534 3431 3620 3484 ἀπ’
3675 3431 3861 3506 ἀρχῆς

2249 3520 2454 3595 πληρῶν
2503 3526 2596 3580 την
2648 3521 2944 3594 οἰκονομιαν
2994 3526 3083 3574 καὶ
3135 3521 3328 3594 μέλλων
3371 3524 3656 3594 κηρύσσειν
3683 3520 3732 3573 ἐν
3780 3531 3858 3593 τῷ

2248 3615 2427 3682 κόσμῳ
2463 3616 2556 3670 τὴν
2615 3610 2800 3663 ἑαυτοῦ
2848 3609 3144 3683 βασιλείαν,
3192 3611 3285 3663 ούκ
3332 3610 3601 3683 ἐχρήσατο
3652 3609 3862 3684 ἀνθρώ-

2249 3718 2366 3762 ποις
2407 3704 2437 3759 ἤ
2471 3705 2624 3772 γένει,
2667 3701 2694 3759 ἦ
2748 3700 2973 3771 πλούτῳ,
3025 3704 3055 3758 ἤ
3099 3699 3257 3772 λόγῳ,
3297 3704 3326 3758 ἤ
3369 3702 3650 3773 γράμμασι
3692 3697 3862 3753 δυνα-

2249 3796 2356 3850 τοῖς
2394 3793 2517 3864 πρός
2567 3794 2622 3842 τό
2668 3794 2918 3864 κήρυγμα
2970 3797 3062 3841 τοῦ
3119 3789 3458 3861 Εύαγγελίου,
3503 3789 3607 3841 ἀλλ’
3649 3789 3858 3842 ἁλιεῦσι

2247 3884 2336 3931 καὶ
2388 3879 2647 3944 τελώναις,
2692 3885 2780 3932 καὶ
2833 3878 3088 3939 παντελῶς
3140 3879 3190 3930 ἐν
3241 3887 3486 3950 πτωχαίς
3531 3883 3861 3953 περιουσίαις

2249 3967 2534 4042 ἐχρήσατο.
2591 3976 2753 4021 Τοῦτο
2809 3965 2866 4020 δὲ
2915 3967 3154 4025 ἐποίησεν
3200 3969 3224 4020 ό
3286 3969 3640 4043 φιλάνθρωπος
3699 3973 3854 4035 Θεὸς,

2251 4060 2332 4110 ἳνα
2379 4060 2407 4116 ἡ
2463 4057 2860 4133 ὑπερϐάλλουσα
2907 4060 3072 4110 πάντα
3115 4066 3231 4110 νοῦν
3265 4054 3487 4130 δύναμις
3518 4058 3677 4110 αὐτοῦ
3720 4079 3853 4128 γνω-

2246 4151 2430 4222 ρισθῇ,
2459 4157 2550 4200 τοῦ
2584 4151 2720 4201 θείου
2751 4153 2839 4200 καὶ
2883 4147 3028 4220 ἁγίου
3079 4150 3372 4219 Πνεύματος
3417 4151 3465 4198 ἐν
3508 4154 3642 4200 πᾶσι
3674 4167 3857 4222 συνερ-

2247 4245 2464 4309 γοῦντος
2490 4237 2684 4299 αὐτοῖς.

2321 4326 2397 4380 Η.
2467 4327 2523 4380 Ὀ
2581 4324 2837 4386 δικαστὴς
2890 4333 3045 4378 εἶπεν⁸
3113 4325 3245 4397 Ἐγὼ
3301 4324 3460 4387 ἐάσας
3515 4329 3572 4377 τό
3626 4331 3854 4399 καίριον⁹

482 4418 617 4471 tune
652 4413 795 4470 mihi
826 4413 1168 4469 faciendum
1202 4417 1308 4478 est,
1359 4415 1556 4468 tecum
1595 4427 1806 4483 nugor,
1840 4412 1943 4485 qui
2003 4413 2134 4469 talia

2249 4419 2316 4477 ὡς
2342 4417 2497 4469 εἰπεῖν
2526 4417 2666 4490 ληρώ
2713 4418 2840 4488 μετὰ
2893 4423 2986 4468 σοῦ
3029 4422 3247 4466 τοιαῦτα
3277 4411 3660 4486 διαλεγόμενος·
3703 4413 3858 4478 οἶδας

479 4503 741 4560 disseris.
769 4505 852 4560 Tu
883 4504 996 4559 scis
1019 4502 1451 4574 imperatorum
1498 4501 1693 4558 edicta
1722 4500 1886 4557 omni
1921 4507 2138 4560 terrore

478 4594 658 4668 plena
681 4593 854 4650 vobis
881 4591 1188 4665 proposita
1211 4608 1360 4658 esse,
1390 4596 1454 4647 ut
1486 4607 1594 4647 vos
1612 4591 1922 4648 Christiani
1948 4593 2139 4648 homi-

479 4699 585 4741 nes
610 4684 697 4740 vel
727 4681 1090 4746 saeritieetis,
1134 4687 1190 4738 et
1215 4683 1362 4738 deos
1395 4682 1558 4754 ipsos
1597 4680 1826 4748 colatis,
1860 4682 1920 4736 in
1952 4683 2140 4738 omni-

481 4773 597 4829 bus
626 4773 806 4829 rebus
830 4772 1066 4828 vosillis
1092 4771 1472 4843 subjicientes
1505 4775 1686 4843 atque
1719 4786 1790 4827 eo
1823 4771 2005 4826 modo
2037 4772 2139 4827 ho—

480 4881 656 4921 nores
720 4864 798 4921 ab
852 4863 966 4919 illis
1035 4863 1344 4936 reportetis
1420 4878 1432 4918 :
1503 4861 1614 4927 vel,
1673 4861 1720 4916 si
1802 4861 2138 4918 sacrificare

479 4955 804 5019 nolueritis,
859 4951 1366 5018 condemnemini,
1400 4956 1456 5008 et
1495 4950 1800 5023 suppliciis
1849 4967 1918 5008 ae
1946 4951 2138 5024 pmnis

478 5043 901 5117 subjiciamini.
954 5042 1144 5099 Velim
1197 5041 1375 5112 igitur
1428 5040 1613 5106 dicas,
1658 5056 1803 5098 num
1839 5041 1952 5097 diis
1994 5042 2138 5114 ipsis

481 5135 798 5205 saeriﬁces,
821 5138 876 5189 et
906 5133 1139 5204 legibus
1157 5133 1556 5204 obtemperes,
1582 5145 1658 5186 an
1690 5135 1744 5186 te
1760 5129 1818 5186 id
1843 5129 2136 5187 facturum

476 5238 677 5294 neges.
707 5223 1036 5296 Respondit
1065 5221 1316 5278 Aeacius
1345 5239 1358 5277 :
1405 5222 1569 5292 Saepe
1589 5223 1643 5276 et
1669 5235 1704 5275 a
1739 5219 1932 5276 Firmo
1963 5219 2137 5276 inter-

477 5317 744 5382 rogatus,
763 5312 1164 5369 Christianum
1189 5327 1282 5367 me
1304 5326 1434 5366 esse
1457 5308 1768 5366 confessus
1793 5325 1948 5365 sum.
1966 5309 2135 5374 Quod

481 5415 622 5470 ergo
673 5401 808 5467 dixi,
843 5401 1055 5457 iterum
1109 5400 1264 5466 dico,
1317 5415 1412 5456 me
1459 5398 1856 5456 Christianum
1901 5413 2051 5466 esse,
2084 5403 2138 5454 et

481 5491 734 5563 impuris
765 5491 1144 5546 daemonibus
1197 5506 1320 5548 non
1362 5488 1717 5546 sacrificare.
1753 5488 1894 5557 Ego,
1950 5488 2138 5560 inquit

477 5579 686 5651 iudex,
706 5579 887 5640 etiam
914 5595 1076 5638 nunc
1089 5583 1325 5640 atatem
1342 5580 1519 5639 istam
1549 5585 1712 5639 tuam
1733 5577 2141 5638 misericordia

2249 4502 2326 4570 δε,
2363 4507 2439 4557 ὅτι
2486 4510 2676 4566 παντὸς
2727 4503 2884 4576 φόϐου
2937 4506 3062 4576 ἡμῖν
3108 4503 3219 4555 ἔστι
3259 4508 3485 4575 γέμοντα
3525 4507 3589 4556 τὰ
3619 4509 3854 4578 προστάο

2246 4614 2425 4667 γματα
2469 4603 2566 4646 τῶν
2611 4594 3022 4667 αὐτοκρατόρων,
3056 4595 3190 4645 ὥστε
3233 4594 3262 4650 ἠ
3317 4595 3530 4653 θύοντας
3558 4599 3649 4646 καὶ
3704 4596 3853 4669 θερα-

2248 4687 2496 4745 πεύοντας
2525 4686 2639 4743 τούς
2688 4685 2832 4744 θεοὺς
2881 4684 3012 4753 ὑμᾶς
3063 4686 3179 4743 τοὺς
3228 4686 3577 4754 Χριστιανούς
3631 4681 3678 4734 ἐν
3721 4689 3859 4736 πᾶσί

2247 4775 2329 4826 ὅτε
2385 4776 2643 4833 ὑπηκόους
2710 4772 2891 4832 αύτούς
2961 4775 3261 4842 γενουιένους
3343 4777 3431 4824 καὶ
3505 4775 3660 4844 τιμὰς
3728 4773 3854 4847 παρ’

2249 4863 2416 4916 αὐτῶν
2465 4863 2794 4934 κομίζεσθαι,
2843 4865 2964 4921 τούς
3010 4857 3068 4914 δὲ
3117 4867 3189 4933 μὴ
3245 4864 3461 4922 θύοντας
3507 4864 3854 4936 τιμωρεῖσθαι

2247 4956 2382 5005 κατὰ
2407 4955 2615 5025 κράτος.
2656 4954 2809 5012 Θύεις
2836 4946 2922 5002 οὖν
2954 4958 3066 5012 τοῖς
3099 4953 3231 5012 θεοῖς
3282 4956 3370 5002 καὶ
3404 4952 3706 5022 πειθαρχεῐς
3740 4959 3854 5012 τοῖς

2245 5048 2418 5114 νόμοις
2471 5050 2570 5092 τῶν
2606 5038 2882 5111 βασιλέων,
2926 5043 2952 5098 ἧ
3009 5038 3178 5112 ἀκμὴν
3239 5038 3522 5110 ἀντιλέγεις
3556 5056 3569 5104 ;
3601 5039 3658 5092 Ὀ
3702 5042 3854 5110 οῖγιος

2244 5133 2492 5190 Ἀκάκιος
2531 5125 2684 5181 εἶπεν
2748 5134 2846 5181 Καὶ
2905 5127 2987 5180 ἐπὶ
3058 5133 3270 5202 Φήρμου
3339 5127 3584 5189 πολλάκις
3660 5127 3854 5203 ἐπερω-

2246 5223 2437 5285 τηθεὶς,
2483 5218 2798 5291 ὡμολόγησα
2823 5221 3133 5292 Χριστιανὸν
3179 5217 3357 5269 ἑαυτὸν
3385 5225 3534 5284 εἶναι,
3586 5223 3675 5269 καὶ
3701 5217 3852 5271 πάλιν

2245 5311 2376 5381 λέγω
2406 5309 2482 5360 ὃτι
2535 5311 2850 5380 Χριστιανός
2895 5306 3019 5378 εἰμι,
3049 5311 3138 5358 καὶ
3181 5305 3239 5358 ού
3287 5307 3392 5358 θύω
3435 5301 3685 5379 δαίμοσιν
3729 5304 3852 5359 ἀκα-

2251 5399 2458 5472 θάρτοις
2509 5398 2651 5450 ποτέ.
2704 5394 2762 5447 Ὀ
2804 5391 3057 5454 δικαστὴς
3114 5401 3268 5447 εἶπεν·
3323 5395 3458 5466 Ἐγὼ
3518 5396 3594 5447 ἔτι
3647 5397 3706 5446 τό
3758 5401 3851 5456 τῆς

2249 5486 2456 5549 ἡλικίας
2507 5504 2600 5538 σου
2653 5489 2836 5560 μέτρον
2881 5485 3135 5556 οἰκτείρω·
3185 5484 3287 5557 ὁρῶ
3333 5485 3433 5556 γὰρ
3485 5503 3542 5537 σε
3579 5487 3650 5556 μη
3701 5483 3850 5537 πλέον

2252 5579 2418 5631 εἰκοσι
2446 5579 2536 5630 καὶ
2585 5576 2619 5629 ε’
2669 5573 2792 5628 ἐτῶν
2841 5576 2978 5628 ὄντα·
3009 5570 3148 5627 ἀλλὰ»
3177 5576 3271 5626 καὶ
3303 5575 3362 5628 τὸ
3389 5580 3482 5627 τοῦ
3531 5578 3850 5649 στρατιώτου
