4066 6224
231 285 326 352 Z25
1379 297 1542 357 VITA
1581 299 1640 378 S'.
1683 295 1919 358 ACACII
1957 299 2431 358 CAPPADOCIS.

3489 305 3592 361 226

227 429 409 492 σχῆμα
442 417 732 486 αἰδεσθεὶς,
783 421 877 475 ούκ
917 422 1148 483 ἠθέλησα
1195 427 1472 500 τιμωρίαις
1523 445 1578 478 σε
1627 426 1818 479 ὑποϐα-

1929 442 2280 498 prosequor.
2313 426 2486 481 Video
2509 424 2666 481 enim
2689 429 2742 480 te
2764 440 2885 481 non
2906 425 3160 496 amplius
3176 443 3357 498 quam
3382 429 3589 500 viginti

220 510 316 561 λεῐν
352 528 362 538 ·
418 509 507 562 ἐὰν
552 507 610 562 δὲ
662 510 889 583 ἐμμένεις
947 521 1008 584 τῇ
1062 518 1234 585 μωρίᾳ
1267 512 1454 587 ἐκείνη,
1507 514 1822 588 ἀναγκάσεις

216 619 276 670 με
306 606 398 650 τού
430 603 707 671 ἐπαγαγεῖν
738 621 821 652 σοι
854 600 1120 673 βασάνους
1150 605 1339 677 πικρὰς
1367 609 1456 655 καὶ
1484 603 1818 668 ἀνηκέστους.

229 689 268 740 Ο
297 689 445 758 οἶγιος
495 689 739 750 Ἀκάκιος
784 687 918 742 εἶπεν
952 709 963 721 ’
995 691 1060 743 *Ο
1117 690 1316 761 βούλει,
1370 698 1504 745 ποίει
1552 697 1600 746 ἐν
1642 697 1819 766 τάχει,

217 775 355 848 κάγὼ
387 781 495 850 γὰρ
527 778 552 830 ὃ
581 787 669 830 νῦν
715 789 846 831 ποιῶ
890 780 984 831 ούκ
1030 784 1139 832 ἔστι
1192 785 1384 854 μωρὸν,
1419 781 1544 834 ἀλλὰ
1569 789 1658 835 xui
1689 786 1822 835 πάνυ

216 872 486 939 φρόνιμον,
524 871 608 919 ἵνα
630 873 717 920 τὸν
746 872 1041 926 ποιήσαντά
1067 889 1128 940 με
1160 876 1248 922 καὶ
1273 874 1434 945 μέχρι
1461 880 1552 922 τοῦ
1581 880 1668 922 νύν
1700 893 1823 946 προ-

211 960 490 1027 νοούμενον
529 977 619 1028 μοι
669 963 741 1030 μὴ
804 957 1177 1029 ἐγκαταλείπω.
1235 963 1321 1011 τὸν
1373 966 1526 1032 μόνον
1581 960 1822 1019 ἀληθινὸν

213 1052 364 1101 ϐίον.
395 1054 454 1096 Ὀ
488 1043 750 1109 δικαστὴς
776 1045 912 1100 εἶπεν
955 1065 967 1077 ·
997 1055 1111 1110 Πῶς
1135 1054 1287 1120 μόνον
1327 1049 1445 1121 ἑφης
1485 1046 1613 1102 εἶναι
1643 1049 1822 1121 ἀληθι-

208 1139 290 1186 νόν
320 1140 476 1200 Θεὸν,
525 1138 677 1188 ὁπότε
717 1136 899 1208 λέγεις,
948 1141 1037 1190 τὸν
1077 1141 1308 1212 Χριστόν
1336 1141 1453 1191 Υὶὸν
1485 1135 1612 1191 εἶναι
1639 1147 1772 1192 Θεοῦ
1807 1156 1818 1205 ;

208 1223 414 1295 ἀνάγκη
443 1231 612 1294 πᾶσα,
660 1225 704 1277 εἰ
747 1227 862 1286 Υἱός
893 1231 980 1278 καὶ
1033 1229 1146 1286 ἶσος
1177 1229 1252 1284 ε’ίη
1285 1236 1356 1297 τῷ
1385 1232 1568 1303 Πατρὶ²
1613 1224 1708 1280 δύο
1733 1227 1823 1279 αύ-

205 1318 328 1374 τούς
373 1311 530 1380 εἶναι,
557 1313 737 1367 λοιπον
765 1320 855 1366 καὶ
887 1315 1010 1386 ούχὶ
1041 1317 1127 1368 ἕνα
1154 1321 1298 1370 Θέον.
1337 1319 1434 1368 Δύο
1463 1313 1591 1368 εἶναι
1621 1321 1710 1370 xui
1733 1318 1824 1368 αύ-

204 1409 283 1456 τοὶ
323 1404 564 1474 λέγοντες
608 1407 772 1466 θεοὺς,
803 1413 912 1466 πῶς
940 1413 1027 1456 νῦν
1053 1407 1140 1457 ἕνα
1179 1408 1418 1477 ἑκφωνεῖς
1445 1423 1457 1473 ;
1488 1407 1824 1478 Ἀναγκάζεις

205 1512 267 1562 με
305 1496 416 1563 γὰρ
441 1493 740 1566 ληρολογεῖν
770 1497 900 1567 μετὰ
932 1502 1048 1562 σοῦ,
1082 1495 1246 1556 οὕτως
1275 1498 1504 1568 ἔκθεσμα
1542 1502 1630 1547 καὶ
1661 1494 1823 1570 ἀνάρ-

205 1601 391 1654 μοστα
429 1583 644 1654 ὁμιλῶν.

1929 517 2196 588 quinque
2227 531 2417 571 annos
2456 520 2682 570 natum.
2720 515 2871 580 Quin
2904 514 3086 569 etiam
3143 515 3455 573 militarem
3503 519 3589 575 di-

1933 607 2217 673 gnitatem
2240 605 2544 670 reveritus,
2576 603 2736 658 nolui
2767 610 2816 658 te
2853 605 3054 658 statim
3101 605 3407 660 tormentis
3449 609 3585 664 sub-

1926 694 2123 765 jicere.
2156 696 2227 748 At
2253 693 2299 748 si
2331 693 2555 748 diutius
2585 694 2646 748 in
2673 695 2782 749 ista
2842 699 2938 748 tua
2980 694 3217 748 insania
3283 697 3581 764 persistes,

1933 799 2108 852 coges
2141 800 2234 838 me
2264 782 2705 838 inevitabilibus
2724 783 3030 839 tormentis
3073 789 3124 838 te
3159 783 3471 854 subjicere.
3501 785 3587 841 Ad

1931 873 2061 928 haec
2094 874 2335 928 Acacius
2364 890 2376 928 :
2412 873 2582 938 Quod
2613 873 2750 927 volo
2773 873 2963 928 facere
2991 889 3111 928 non
3155 873 3426 943 stultum,
3487 873 3592 930 sed

1931 962 2106 1018 valde
2135 962 2393 1034 prudens
2419 967 2472 1018 et
2504 964 2619 1018 Deo
2651 967 2887 1032 gratum
2919 978 3070 1034 opus
3099 967 3202 1027 est,
3226 967 3287 1018 ut
3309 963 3587 1035 eum,qui

1933 1067 2028 1107 me
2059 1052 2298 1117 creavit,
2332 1055 2388 1107 et
2417 1053 2490 1107 ad
2522 1052 2677 1106 hunc
2709 1068 2888 1122 usqus
2903 1052 3060 1106 diem
3077 1051 3448 1123 providentia
3480 1069 3590 1109 sua

1933 1146 2278 1214 prosecutus
2322 1145 2427 1205 est,
2488 1156 2610 1196 non
2651 1141 2924 1196 deseram
2981 1154 2993 1194 :
3053 1140 3242 1206 illum,
3310 1141 3580 1213 inquam,

1931 1231 2151 1302 ipsum,
2184 1230 2288 1302 qui
2319 1229 2478 1286 solus
2509 1235 2596 1285 est
2627 1246 2799 1285 verus
2828 1230 3005 1285 Deus.
3030 1229 3366 1298 Quomodo,
3395 1231 3590 1303 inquit

1927 1318 2132 1390 judex,
2157 1319 2358 1374 dixisti
2385 1319 2580 1374 solum
2608 1335 2739 1375 esse
2771 1335 2979 1374 verum
3011 1321 3216 1387 Deum,
3253 1336 3391 1375 cum
3421 1320 3588 1376 dicas

1933 1404 2226 1459 Christum
2262 1404 2361 1459 Dei
2383 1403 2595 1460 Filium
2621 1419 2748 1459 esse
2778 1403 2805 1457 ‘I
2836 1403 3089 1458 Omnino
3135 1405 3293 1460 enim
3346 1421 3586 1462 necesse

1932 1498 2039 1555 est,
2071 1497 2130 1548 at
2162 1493 2210 1548 si
2241 1493 2445 1548 Filium
2475 1498 2580 1557 est,
2626 1498 2679 1547 et
2722 1491 2870 1547 Patri
2925 1509 3034 1564 par
3057 1495 3127 1547 sit
3164 1513 3178 1561 ;
3212 1499 3266 1548 et
3317 1494 3399 1549 ita
3461 1511 3584 1550 non

1932 1597 2112 1646 unus,
2147 1582 2252 1636 sed
2273 1581 2394 1637 duo
2420 1582 2536 1636 sint
2563 1581 2664 1636 dii.
2690 1581 2837 1636 Cum
2864 1581 3041 1651 igitur
3063 1589 3117 1637 et
3142 1582 3418 1654 ipsiduos
3436 1585 3585 1640 Deos

205 1681 446 1748 dicatis,
478 1697 664 1753 quare
699 1698 860 1737 nunc
892 1697 1076 1738 unum
1110 1685 1293 1738 Deum
1336 1683 1600 1755 profers?
1631 1683 1804 1754 Cogis
1842 1681 2002 1738 enim
2043 1695 2136 1736 me
2176 1685 2372 1736 tecum
2412 1679 2643 1750 nugari,
2675 1695 2810 1735 cum
2847 1680 2959 1736 ista
2999 1685 3060 1736 tu
3114 1697 3273 1737 nunc
3315 1680 3582 1738 absurda

207 1777 259 1826 et
285 1769 664 1825 inconcinna
693 1771 862 1826 dicas
890 1787 904 1826 :

277 1859 366 1912 8'.
412 1859 472 1910 Ὀ
502 1859 652 1930 άγιος
691 1859 937 1921 Ἀκάκιος
992 1856 1124 1914 εἶπεν
1162 1881 1174 1893 υ

204 1957 271 2018 τῷ
327 1950 692 2022 σταυρωθέντι
750 1947 830 2000 ἐπὶ
885 1955 1100 2002 Ποντίου
1161 1949 1407 2016 Πιλάτου,
1464 1947 1684 2010 δοθῆναί
1731 1971 1820 2024 μοι

204 2037 356 2108 λόγον
394 2034 490 2089 διὰ
542 2045 633 2089 τοῦ
665 2040 964 2109 Πνεύματος
1007 2039 1168 2091 αὐτοῦ
1218 2047 1309 2091 τοῦ
1359 2039 1511 2111 ἁγίου
1560 2043 1690 2114 πρὸς
1728 2045 1821 2099 τὴν

205 2125 540 2199 ἐπερώτησιν
583 2129 779 2184 ταύτην
830 2134 920 2179 τοῦ
967 2123 1304 2200 διασαφῆσαι
1333 2128 1496 2186 αὑτήν
1531 2146 1543 2158 '
1573 2130 1632 2181 ού
1661 2133 1762 2203 γὰρ
1788 2132 1818 2188 ἠ

203 2217 464 2287 ττνχοῦσά
522 2213 662 2266 ἐστιν
712 2215 842 2272 αὕτη
897 2217 1236 2290 ἐπερώτησις,
1291 2225 1402 2280 πῶς
1443 2215 1540 2270 δύο
1593 2217 1823 2289 λέγοντες

207 2307 384 2367 θεοὺς,
443 2304 534 2356 ἕνα
586 2312 894 2376 προσκυνεῖν
946 2309 1072 2357 Θεὸν
1124 2305 1540 2378 ἐπαγγελλόμεθα
1588 2327 1599 2338 '
1633 2308 1732 2377 ἐγὼ
1765 2305 1824 2360 δέ

207 2412 301 2446 σοι
331 2393 486 2462 λέγω,
527 2389 775 2459 δικαστά,
810 2399 898 2445 καὶ
949 2399 1006 2445 τὸ
1060 2401 1265 2467 Πνεῦμα
1323 2399 1379 2447 τὸ
1433 2395 1582 2466 ἅγιον
1625 2394 1823 2469 ἀχώρι-

209 2501 339 2534 στον
375 2478 508 2533 εἶναί
547 2490 639 2532 τοῦ
691 2486 889 2555 Πατρός
932 2488 1024 2534 καὶ
1073 2491 1163 2535 τοῦ
1217 2485 1359 2548 Tim),
1417 2489 1506 2536 xui
1563 2482 1691 2536 εἶναι
1733 2489 1822 2555 μὲν

206 2576 335 2644 τρία
385 2576 650 2645 πρόσωπα
688 2571 737 2622 ἐν
769 2577 913 2646 τρισὶ
960 2578 1357 2646 προσηγορίαις,
1401 2578 1525 2645 μίαν
1567 2568 1625 2624 δὲ
1671 2567 1822 2623 δύνα-

206 2681 302 2733 μιν
361 2666 452 2711 καὶ
503 2661 723 2717 θεότητα
774 2664 968 2712 τούτων
1013 2672 1112 2713 τῶν
1166 2663 1427 2734 ὀνομάτων
1493 2663 1752 2736 ύπάρχειν
1807 2676 1818 2688 °

209 2751 302 2800 ἕνα
331 2746 392 2803 δὲ
429 2749 646 2819 λέγομεν
678 2752 806 2802 Θεὸν
854 2752 1046 2820 ἔχοντα
1077 2755 1160 2802 καὶ
1217 2755 1405 2822 Λόγον,
1453 2755 1542 2803 καὶ
1582 2751 1700 2802 ἄνευ
1732 2756 1824 2801 τοῦ

210 2840 444 2898 ζωτικοῦ
503 2839 799 2910 Πνεύματος
861 2844 932 2911 μὴ
999 2837 1148 2895 εἶναι.
1211 2837 1414 2911 Δίδωμι
1468 2837 1528 2891 δέ
1587 2859 1670 2891 σοι
1735 2843 1824 2890 καὶ

211 2923 524 2998 ὑπόδειγμα
552 2925 821 3000 ἐγχωροῦν
877 2930 998 2980 ὅσον
1042 2932 1170 3000 πρὸς
1219 2933 1311 2987 τὴν
1342 2930 1598 3001 ἡμετέραν
1630 2927 1822 3001 ἀνθρω-

211 3023 368 3073 πίνην
403 3013 634 3087 δύναμιν
681 3015 730 3067 ἐν
777 3020 943 3089 τούτῳ
990 3035 1003 3048 ·
1058 3020 1230 3094 ὥσπερ
1285 3021 1310 3070 6
1369 3017 1672 3090 βασιλεύςό
1711 3025 1818 3082 νῦν,

213 3107 265 3157 ὃν
307 3111 375 3157 σὺ
414 3104 720 3178 ἐπιγράψεις
764 3102 1046 3174 δεσπότην,
1090 3105 1188 3178 ἐγὼ
1225 3110 1324 3183 γὰρ
1366 3109 1634 3180 ἄνθρωπον
1666 3106 1820 3158 αὐτὸν

212 3194 359 3265 λέγω,
423 3192 556 3244 ἄλλα
592 3198 681 3244 καὶ
733 3200 904 3269 κρίσει
959 3199 1158 3267 μείζονι
1217 3199 1568 3268 ύποκείμενον,
1618 3199 1730 3267 ἔχει
1763 3192 1820 3247 δε

211 3285 318 3334 νὶὁν
377 3288 470 3334 xui
513 3281 738 3352 λέγεται,
778 3283 821 3335 εἰ
872 3286 1052 3356 τύχοι,
1099 3285 1249 3346 οὖτος
1297 3286 1641 3357 Μαξιμιανὸς,
1690 3286 1715 3336 6
1759 3280 1818 3335 δε

213 3375 321 3434 υἱὸς
374 3373 542 3424 αὐτοῦ
584 3373 882 3437 Μαξέντιος,
925 3377 1014 3424 καὶ
1071 3373 1169 3426 εἰσὶ
1220 3371 1316 3426 δύο
1346 3377 1435 3446 μὲν
1479 3380 1757 3448 πρόσωπα,
1785 3374 1814 3431 ἡ

215 3457 270 3513 δε
322 3464 480 3532 φύσις
534 3462 725 3526 αὐτῶν,
779 3462 920 3514 τοῦτ’
968 3465 1107 3514 ἔστιν
1148 3473 1240 3525 τῆς
1275 3463 1690 3536 ἀνθρωπότητος,
1722 3468 1818 3535 μία

211 3555 294 3602 xui
328 3553 359 3608 ἡ
423 3550 675 3623 βασιλεία
727 3557 821 3622 μία
870 3556 959 3603 καὶ
1009 3548 1305 3625 ἀδιαίρετος
1350 3561 1441 3604 τοῦ
1491 3556 1684 3625 πατρὸς
1729 3556 1818 3603 xui

215 3648 303 3691 τοῦ
341 3642 463 3692 υἱοῦ
501 3658 514 3669 ⁸
549 3647 767 3713 τιμᾶται
797 3643 898 3714 γὰρ
932 3643 956 3691 6
1013 3643 1121 3702 υἱὸς
1170 3639 1263 3694 διὰ
1302 3645 1387 3694 τὸν
1431 3647 1648 3714 πατέρα,
1677 3642 1817 3693 καὶὸ

217 3734 388 3802 πατὴρ
432 3725 531 3781 διὰ
583 3733 667 3781 τὸν
717 3731 826 3780 υἱόν
862 3746 874 3758 ·
909 3732 992 3781 τὸν
1042 3730 1195 3782 αὐτόν
1250 3728 1316 3788 δὴ
1367 3736 1552 3804 τρόπον
1593 3735 1678 3782 xui
1737 3728 1818 3782 ἐπὶ

217 3826 304 3869 τοῦ
355 3827 492 3871 Θεοῦ
528 3827 622 3880 τῆς
655 3820 794 3880 θείας
845 3818 1028 3880 οὐσίας
1058 3824 1181 3891 μίας
1211 3821 1373 3882 οὔσης
1403 3826 1490 3872 xui
1541 3819 1814 3891 ἀτρέπτου,

219 3913 347 3959 Θεοῦ
377 3927 429 3959 τε
455 3913 662 3960 καὶτοῦ
686 3913 859 3978 Λόγου
883 3908 1063 3972 αύτού,
1097 3914 1185 3960 xui
1212 3916 1301 3961 τοῦ
1332 3913 1625 3982 Πνεύματος
1657 3908 1817 3960 αὑτοῦ

215 4003 300 4046 τοῦ
333 3995 485 4066 ἁγίου
512 4014 525 4026 ⁸
559 3997 634 4058 εἷς
653 4001 741 4048 καὶ
762 3995 958 4059 ἀληθὴς
989 4002 1112 4059 Θεὸς
1132 4000 1157 4049 6
1183 3999 1306 4073 παρ’
1334 4001 1477 4071 ἡμῶν
1500 3999 1818 4072 προσκυνού-

220 4103 333 4153 μενο
345 4105 385 4145 ς.

1229 1864 1466 1914 Πιστεύω
1521 1870 1594 1932 τῷ
1641 1864 1817 1920 Ἰησοῦ
1851 1863 1898 1919 Β

2002 1860 2088 1914 ΙΧ.
2130 1861 2276 1914 Tum
2317 1858 2558 1914 Aeacius
2592 1879 2604 1914 :
2639 1857 2759 1928 Ego
2807 1858 3005 1924 credo,
3065 1863 3121 1914 et
3167 1858 3228 1913 in
3276 1858 3436 1926 Jesu,
3480 1858 3583 1932 qui

1930 1948 2041 2003 sub
2074 1947 2273 2002 Pontio
2301 1946 2480 2002 Pilato
2524 1946 2841 2002 cruciﬁxus
2869 1946 2993 2013 fuit,
3039 1963 3203 2018 spem
3235 1946 3450 2012 habeo,
3496 1948 3581 2003 fu-

1930 2042 2220 2103 turum,ut
2241 2036 2387 2091 mihi
2407 2053 2509 2108 per
2523 2041 2795 2092 sanctum
2813 2036 2942 2107 ejus
2969 2035 3256 2108 Spiritum
3288 2038 3580 2093 sermonis

1929 2126 2180 2182 facultas
2199 2132 2572 2196 suggeratur,
2593 2141 2713 2198 qua
2732 2126 3172 2197 interrogationi
3195 2131 3309 2182 tuae
3338 2142 3584 2198 respon-

1928 2215 2089 2281 dere,
2119 2221 2174 2272 et
2201 2216 2594 2286 quaestionem
2639 2222 2804 2270 tuam
2843 2215 3140 2286 explicare
3172 2216 3422 2287 possim.
3453 2217 3584 2272 Non

1929 2305 2190 2376 vulgaris
2225 2305 2468 2376 quaastio
2498 2304 2624 2360 haec
2658 2311 2969 2377 est,quare
2983 2321 3120 2359 cum
3139 2304 3293 2360 duos
3321 2305 3588 2360 nomine-

1929 2410 2085 2463 mus,
2132 2409 2320 2448 unum
2354 2396 2536 2448 Deum
2579 2409 2615 2448 a
2644 2393 2818 2448 nobis
2859 2393 2972 2449 coli
3001 2393 3409 2464 proﬁteamur.
3444 2397 3583 2450 Dico

1928 2481 2105 2552 igitur
2134 2481 2234 2536 tibi
2266 2487 2322 2536 et
2353 2483 2635 2554 Spiritum
2659 2489 2936 2536 sanctum
2961 2497 2996 2537 a
3015 2484 3180 2538 Patre
3198 2488 3254 2537 et
3288 2482 3428 2538 Filio
3452 2499 3584 2537 esse

1927 2569 2414 2642 inseparabilem,
2461 2586 2531 2624 ac
2557 2575 2669 2625 tres
2698 2569 2944 2642 quidem
3009 2586 3294 2642 personas
3343 2586 3470 2626 esse
3523 2573 3584 2626 iu

1928 2659 2116 2714 tribus
2145 2658 2656 2730 appellationibus,
2701 2659 2806 2714 sed
2865 2675 3048 2715 unam
3110 2663 3309 2714 tamen
3367 2659 3582 2714 horum

1928 2747 2246 2803 nominum
2306 2748 2632 2818 potentiam
2681 2763 2812 2802 esse
2855 2764 2924 2803 ac
2958 2747 3348 2803 divinitatem.
3382 2750 3582 2802 Unum

1929 2841 2130 2892 autem
2171 2837 2428 2890 dicimus
2465 2839 2668 2902 Deum,
2700 2836 3020 2892 habentem
3074 2842 3129 2891 et
3185 2835 3461 2902 Verbum,
3525 2839 3582 2890 et

1927 2925 2213 2998 Spiritum
2261 2933 2554 2982 sanctum.
2632 2926 3142 2982 Absurdissimum
3193 2927 3352 2981 enim
3396 2930 3580 2992 esset,

1930 3016 2117 3070 Deum
2142 3015 2268 3070 sine
2299 3015 2508 3083 Verbo,
2567 3019 2625 3069 et
2676 3015 2802 3070 sine
2860 3014 3022 3070 vitali
3081 3015 3294 3085 Spiritu
3358 3012 3578 3068 dicere.

1928 3103 2112 3175 quue
2143 3103 2418 3175 exemplo
2450 3102 2552 3158 tibi
2574 3104 2910 3171 ostendam,
2950 3103 3027 3160 ad
3060 3104 3215 3159 hanc
3236 3103 3431 3175 ipsam
3452 3118 3579 3158 rem

1928 3192 2347 3264 explicandam
2378 3193 2853 3258 accommodato,
2886 3198 3181 3264 quatenus
3195 3191 3476 3247 humanae
3503 3192 3587 3247 fa~

1927 3281 2159 3337 cultatis
2177 3282 2437 3338 conditio
2452 3281 3222 3353 patitur.Quemadmodum
3236 3281 3582 3352 imperator,

1928 3371 2021 3442 qui
2042 3387 2199 3427 nunc
2220 3378 2326 3434 est,
2346 3386 2528 3442 quem
2545 3376 2608 3426 tu
2630 3372 3084 3440 dominum,ego
3099 3386 3238 3425 vero
3270 3370 3577 3426 hominem

1926 3460 2082 3526 dico,
2124 3465 2180 3514 et
2231 3460 2443 3531 majori
2491 3460 2717 3530 judicio
2758 3461 3115 3530 subjectum,
3158 3464 3216 3515 et
3254 3459 3410 3515 ﬁlius
3449 3461 3580 3530 ejus

1928 3549 2199 3621 (quorum
2235 3550 2338 3619 qui
2369 3555 2536 3620 pater
2567 3553 2672 3613 est,
2707 3549 3102 3604 Maximianus
3147 3548 3382 3614 dicitur,
3427 3547 3584 3604 tilius

1927 3645 2126 3694 autem
2155 3638 2484 3694 Maxentius
2511 3637 2865 3708 appellatur)
2899 3637 3020 3692 duo
3040 3637 3280 3708 quidem
3305 3637 3389 3692 illi
3425 3642 3584 3706 sunt,

1927 3726 2311 3798 sedipsorum
2331 3733 2520 3782 tamen
2535 3726 3586 3797 naturae,humanaa,inquam,condi-

1927 3816 2104 3872 tionis
2122 3815 2268 3870 ratio
2287 3831 2403 3870 una
2424 3814 2974 3886 est,imperiumque
2991 3814 3172 3884 patris
3195 3820 3251 3870 et
3275 3814 3374 3868 tilii
3392 3829 3582 3868 unum

1928 3911 1982 3960 et
2007 3903 2398 3976 inseparabile
2419 3904 2766 3968 ;honoratur
2782 3910 2836 3959 et
2850 3905 3006 3958 enim
3021 3903 3178 3957 ﬁlius
3203 3919 3307 3974 per
3325 3907 3579 3974 patrem,

1926 4000 1982 4051 et
2012 4000 2177 4066 pater
2211 4009 2313 4065 per
2344 3992 2548 4047 ﬁlium.
2588 3992 2810 4048 Eodem
2843 3992 3024 4048 modo
3048 3997 3102 4048 et
3136 3995 3286 4047 Deus
3319 3990 3586 4047 conside-

1927 4089 2090 4140 ratur
2126 4098 2304 4141 :nam
2337 4097 2473 4136 cum
2505 4080 2705 4136 divina
2731 4083 2936 4147 Patris,
2972 4081 3160 4151 Verbi,
3223 4086 3279 4136 et
3329 4080 3583 4152 Spiritus

222 4175 408 4230 sancti
458 4175 746 4242 essentia,
813 4189 936 4232 una
965 4175 1296 4250 eademque
1329 4175 1844 4242 sitimmutabilis,
1887 4178 2199 4245 propterea
2238 4185 2410 4237 unus,
2440 4175 2495 4226 et
2522 4185 2654 4226 vere
2685 4170 2838 4227 Deus
2869 4176 2975 4236 est,
3031 4171 3134 4244 qui
3187 4187 3222 4227 a
3274 4169 3448 4226 nobis
3492 4186 3586 4227 co-

220 4261 370 4321 litur.

285 4351 343 4405 l'.
370 4351 431 4403 Ὀ
473 4347 738 4412 δικαστὴς
782 4349 917 4405 εἶπεν
946 4368 960 4383 ⁸
999 4353 1252 4416 Πολλάκις
1303 4357 1392 4405 xui
1451 4352 1533 4406 ἐπὶ
1591 4357 1646 4406 τό
1694 4373 1817 4428 προ-

2001 4351 2073 4406 Χ.
2115 4349 2203 4405 Ad
2262 4349 2390 4404 haec
2428 4347 2651 4419 judex:
2689 4349 2872 4420 Saepe,
2935 4348 3148 4421 inquit,
3206 4353 3259 4406 te
3315 4349 3587 4406 hortatus

221 4446 438 4512 κείμενον
493 4439 617 4512 ἐμοῦ
674 4442 1095 4516 προτρεψαμένου
1139 4462 1214 4509 σε,
1270 4447 1334 4495 σὺ
1379 4450 1488 4504 τοῖς
1515 4443 1690 4516 λόγοις
1723 4463 1817 4495 σου

222 4535 414 4591 τούτοις
437 4537 549 4589 τοῖς
595 4527 764 4600 μηδέν
821 4549 877 4583 σε
917 4532 1171 4604 ὠφελοῦσι
1221 4531 1524 4605 μεταϐαλεῖν
1578 4553 1642 4605 με
1692 4531 1815 4605 βού-

221 4616 289 4669 λει
314 4635 326 4645 ·
353 4621 606 4675 πείσθητι
636 4615 723 4670 οὖν
777 4640 886 4690 μοι,
927 4627 1016 4673 καὶ
1059 4623 1235 4686 θῦσον,
1276 4626 1365 4673 καὶ
1407 4620 1649 4692 ἐπίγνωθι
1698 4625 1818 4683 τοὺς

220 4715 483 4780 πατρῴους
537 4709 700 4772 θεοὺς,
754 4705 825 4760 δι’
876 4708 962 4770 ούς
1013 4712 1077 4762 τὰ
1125 4712 1292 4761 πάντα
1343 4714 1653 4768 συνέστηκεν
1684 4709 1816 4763 ’ἐπὶ

218 4796 336 4847 πολὺ
383 4799 487 4868 γάρ
547 4816 642 4848 σου
691 4796 998 4869 ἐφεισάμην.
1045 4797 1103 4850 εΟ
1159 4799 1302 4870 ἅγιος
1352 4800 1594 4859 Ἀκάκιος
1639 4799 1770 4871 λέγει
1800 4818 1810 4833 ·

215 4891 292 4942 Μή
325 4905 391 4958 με
440 4891 670 4957 νομίσῃς
717 4884 890 4957 φόϐοις
937 4894 1150 4939 κτυπεῖν
1197 4905 1209 4917 ·
1255 4890 1395 4958 ἔχεις
1443 4891 1501 4939 τὸ
1535 4891 1685 4960 σῶμά
1714 4909 1814 4959 μου

1638 4980 1723 5027 τὸν
1757 4973 1816 5030 δὲ

214 5063 460 5136 λογισμόν
495 5074 587 5123 τῆς
626 5062 817 5133 ψυχῆς
844 5083 946 5134 μου
978 5068 1092 5117 οὔτε
1131 5068 1217 5129 σύ,
1261 5068 1375 5117 οὔτε
1407 5067 1430 5116 6
1479 5065 1812 5140 αὐτοκράτωρ

216 4974 282 5035 εἰς
305 4977 580 5046 μάστιγας
610 4976 811 5043 ἕτοιμον
846 4993 857 5004 ο
904 4978 970 5037 ὡς
1005 4975 1202 5048 βούλει,
1250 4985 1368 5048 χρῶ
1408 4976 1547 5047 αύτῷ
1582 4997 1593 5008 ο

216 5169 322 5221 σου,
372 5157 490 5205 οὔτε
542 5153 572 5209 ἡ
635 5157 906 5225 παρουσία
961 5161 1061 5204 τῶν
1121 5150 1381 5224 δαιμόνων
1436 5174 1529 5206 σου
1591 5151 1815 5206 δύναται

210 5241 518 5315 μετατρέψαι
565 5239 651 5292 ἐπὶ
698 5243 758 5292 τὸ
792 5240 984 5312 φαῦλον
1029 5261 1173 5294 ποτε.
1227 5242 1285 5294 Ὀ
1340 5239 1592 5304 δικαστὴς
1628 5239 1760 5295 εἶπεν
1792 5259 1809 5276 ⁸

213 5329 344 5382 Ἐπεὶ
397 5326 486 5383 οὖν
542 5329 709 5389 οὕτως
763 5327 963 5401 βούλει,
1023 5329 1221 5402 ἀνάγκη
1281 5351 1370 5403 μοι
1402 5339 1546 5384 πᾶσα
1580 5332 1645 5392 εἰς
1672 5331 1810 5383 αἰκι-

216 5423 363 5488 σμοὺς
401 5427 662 5494 χωρῆσαι
704 5420 841 5469 κατὰ
873 5426 969 5470 σοῦ
1016 5424 1107 5472 καὶ
1136 5423 1192 5471 τὸ
1223 5424 1541 5494 πρόσταγμα
1565 5424 1622 5472 τὸ
1651 5419 1808 5493 βασι-

213 5505 339 5560 λικὸν
364 5510 645 5585 πληρῶσαι
679 5524 694 5538 '
730 5504 989 5561 ἀδύνατον
1035 5511 1136 5585 γάρ
1194 5529 1250 5563 σε
1309 5512 1522 5584 τοιαύτη
1582 5509 1811 5574 ἐξετάσει

216 5595 540 5669 ὑποπεσόντα,
608 5597 971 5678 ἀναχωρῆσαι
1035 5598 1196 5664 οὕτως
1259 5599 1656 5666 καταπαίξαντα
1715 5607 1808 5655 τοῦ

1931 4457 2089 4510 sum,
2118 4443 2180 4495 ut
2205 4438 2278 4495 ad
2307 4453 2433 4493 rem
2461 4436 2837 4508 propositam
2861 4437 3073 4494 redeas
3107 4457 3119 4508 ;
3149 4444 3210 4495 at
3232 4443 3292 4494 tu
3324 4439 3449 4494 istis
3473 4438 3587 4494 tuis

1931 4527 2307 4584 sermonibus
2354 4525 2577 4582 nullam
2635 4525 2736 4581 tibi
2803 4526 3112 4582 utilitatem
3173 4527 3585 4596 aﬂ'erentibus,

1929 4619 2130 4673 studes
2158 4633 2250 4672 me
2281 4632 2315 4670 a
2340 4615 2646 4687 proposito
2676 4613 2988 4670 abducere.
3026 4619 3136 4672 Fac
3161 4617 3359 4687 igitur,
3420 4616 3587 4688 quod

1927 4708 2058 4780 ipse
2115 4706 2269 4770 dico,
2293 4712 2350 4760 et
2377 4703 2733 4760 sacriﬁcium
2783 4704 3021 4771 offeras,
3052 4723 3120 4762 ac
3170 4707 3393 4778 patrios
3439 4707 3586 4761 deos

1927 4811 2237 4863 agnoscas,
2269 4810 2368 4865 per
2385 4810 2536 4866 quos
2550 4792 2755 4848 omnia
2779 4792 2902 4848 hth
2926 4796 3331 4851 constiterunt.
3359 4795 3586 4850 Diutius

1925 4886 2085 4940 enim
2115 4884 2218 4939 tibi
2243 4883 2500 4955 peperci.
2523 4881 2622 4938 Cui
2645 4882 2912 4937 Aeacius:
2936 4886 3013 4939 Ne
3040 4891 3234 4954 putes,
3271 4885 3586 4940 terroribus

1925 4974 2054 5029 istis
2085 4990 2178 5028 me
2209 4971 2546 5044 perculsum
2576 4971 2665 5026 iri.
2698 4973 2780 5024 En
2811 4971 2998 5026 habes
3029 4989 3245 5044 corpus
3273 4990 3472 5029 meum
3506 4972 3586 5028 ad

1923 5061 2162 5132 ﬂagella
2212 5059 2565 5131 excipienda
2622 5058 3065 5130 paratissimum
3108 5078 3120 5128 ;
3156 5067 3309 5116 utere
3349 5061 3468 5129 illo,
3522 5064 3586 5118 ut

1925 5152 2063 5207 libet
2093 5156 2385 5206 :mentem
2402 5165 2539 5203 vero
2560 5148 2815 5204 etanimi
2851 5148 2965 5204 mei
2989 5150 3355 5221 propositum
3388 5165 3582 5221 neque

1925 5246 2005 5303 tu,
2037 5256 2227 5312 neque
2245 5240 2566 5310 imperator
2598 5242 2731 5293 tuus
2752 5253 2948 5310 neque
2966 5239 3313 5294 daemonum
3339 5244 3582 5294 tuorum

1923 5330 2239 5402 praesentia
2258 5342 2526 5399 unquam
2549 5333 2892 5397 pervertere,
2917 5333 2971 5383 et
2988 5327 3065 5384 ad
3098 5327 3290 5383 scelus
3323 5327 3586 5399 compel-

1922 5419 2039 5475 lere
2072 5416 2298 5490 poterit.
2332 5418 2494 5471 Tunc
2524 5412 2812 5486 illijudex
2852 5435 2864 5474 :
2903 5418 3072 5487 Ergo,
3107 5416 3354 5487 quando
3385 5419 3451 5470 tu
3494 5416 3584 5474 ita

1921 5507 2030 5576 vis,
2057 5505 2305 5565 omnino
2334 5519 2580 5562 necesse
2611 5508 2700 5561 est
2729 5504 3076 5560 verberibus
3106 5521 3175 5562 ac
3203 5505 3509 5562 tormentis
3532 5511 3583 5564 te

1922 5597 2240 5671 subjicere,
2272 5599 2330 5654 et
2352 5592 2728 5669 imperatoris
2779 5594 3038 5653 edictum
3105 5594 3373 5671 exsequi.
3433 5593 3583 5654 Nam
