4066 6224
512 344 617 403 227
1905 340 2164 401 MENSIS

2229 341 2446 401 MAIUS
2464 383 2478 399 .

3774 349 3885 406 228

514 474 643 529 ﬁeri
677 489 794 528 non
818 478 1031 545 potest,
1060 477 1125 527 ut
1178 471 1271 528 tali
1326 473 1644 546 quaestioni
1702 474 2023 544 subjectus,
2081 470 2149 524 εἰ(

2282 467 2653 545 δικαστηρίου.
2704 476 2804 525 Καὶ
2860 474 3112 545 θυμωθεὶς
3149 473 3174 525 ὁ
3218 474 3401 548 ἄρχων
3445 476 3575 549 πρὸς
3602 478 3695 533 τήν
3734 477 3883 539 τάξιν

513 564 737 625 redeas,
770 563 1064 633 judicium
1094 566 1364 618 nostrum
1407 564 1684 619 illudens.
1742 567 1901 619 Tunc
1950 577 2164 633 praeses

513 652 709 707 furore
738 652 1014 723 percitus,
1045 658 1101 707 et
1128 652 1429 708 cohortem
1446 652 1662 708 affatus
1684 653 1913 722 :Figite,
1948 650 2161 723 inquit,

513 746 771 813 quatuor
803 748 1015 807 vectes,
1045 747 1100 796 et
1128 741 1186 796 in
1211 741 1323 796 illis
1345 744 1625 797 Acacium
1656 742 1913 811 alligate,
1938 739 2167 794 crudis-

512 845 627 899 que
654 830 846 885 nervis
891 829 1075 901 ipsius
1115 836 1279 899 terga
1310 837 1361 885 et
1406 838 1669 886 ventrem
1723 830 2045 894 verberate,
2104 834 2166 883 ut

511 919 704 974 discat
736 919 852 974 alia
908 935 1028 974 non
1080 919 1314 989 nugari,
1365 936 1559 992 neque
1610 924 1771 992 putet
1822 935 1882 973 se
1938 917 2163 989 aliquid

512 1008 681 1074 scire,
747 1025 885 1063 cum
917 1008 1059 1063 nihil
1100 1010 1264 1064 sciat.
1301 1009 1617 1064 Videamus
1662 1025 1739 1064 an
1766 1008 1955 1081 ipsius
2012 1008 2163 1061 Deus

511 1097 799 1153 auxilium
831 1098 881 1152 ei
908 1097 1135 1161 afferat,
1160 1098 1409 1169 ejusque
1454 1114 1626 1153 mens
1662 1114 1730 1153 ac
1787 1096 2159 1169 propositum

509 1202 692 1257 quam
722 1186 961 1241 firmum
990 1186 1436 1241 etimmutabile
1458 1188 1549 1253 sit,
1577 1186 1971 1257 experiamur.
2014 1183 2160 1239 Cum

509 1274 685 1343 igitur
741 1275 989 1329 Acacius
1020 1275 1077 1329 in
1110 1274 1222 1329 illis
1255 1275 1524 1330 vectibus
1575 1275 1852 1345 alligatus
1874 1277 2027 1328 esset
2060 1289 2072 1337 ;
2107 1276 2162 1326 et

2277 559 2429 630 λέγει·
2493 562 2697 623 Πήξατε
2747 566 3007 637 τέσσαρας
3065 563 3259 625 παλους
3316 566 3366 615 ἐν
3412 572 3473 636 τῇ
3529 573 3595 637 γῇ
3638 570 3727 617 καὶ
3777 568 3886 619 ἐκεῖ

2277 646 2588 711 ἐνδήσαντες
2664 652 2838 719 αὐτὸν,
2920 672 3117 727 νευροις
3185 654 3344 725 ὠμοῖς
3403 656 3689 727 χρήσασθε
3740 656 3881 726 αύτῷ

2274 738 2390 790 καθ’
2432 738 2645 814 ἑκάτερα
2696 746 2824 814 μέρη
2869 746 3026 793 νώτου
3075 747 3165 794 καὶ
3204 742 3418 810 κοιλίας,
3476 744 3558 793 ἳνα
3608 746 3747 815 μάθῃ
3805 749 3875 815 μὴ

2274 826 2515 899 φλυαρεῖν
2569 840 2803 881 τοσαυτα
2840 835 2929 881 καὶ
2980 832 3207 902 νομίζειν
3240 828 3431 883 εἰδέναι
3462 850 3531 895 τι,
3566 828 3732 903 μηδεν
3765 833 3883 885 ἔπι-

2276 918 2539 987 στάμενος.
2591 921 2823 980 Δεθέντος
2873 916 2931 971 δὲ
2969 919 3129 971 αὑτοῦ
3174 922 3220 971 ἓν
3266 927 3370 980 τοῖς
3406 923 3663 993 τέσσαρσι
3695 921 3885 983 πάλοις

2273 1010 2360 1056 καὶ
2409 1010 2795 1078 μαστιζομένου
2867 1005 3109 1081 σφοδρῶς
3153 1009 3271 1061 καθ’
3328 1008 3543 1083 ἑκάτερα
3602 1014 3729 1082 μέρη
3785 1019 3881 1063 τοῦ

2275 1098 2532 1164 σώματος,
2576 1098 2705 1155 αὕτη
2766 1103 2896 1170 μόνη
2953 1097 3145 1169 ἐγένετο
3201 1098 3322 1171 παρ’
3372 1100 3531 1151 αὐτοῦ
3580 1105 3738 1171 φωνή·
3776 1100 3883 1159 Ἰη-

2275 1190 2369 1235 σοῦ
2428 1189 2644 1257 Χριστε,
2707 1186 2892 1259 βοήθει
2944 1207 3054 1260 μοι,
3112 1197 3182 1259 τῷ
3226 1196 3447 1259 ταπεινῷ
3501 1185 3671 1260 δούλῳ
3731 1189 3877 1244 σουέ

2276 1274 2448 1344 Κύριε,
2482 1279 2553 1345 μή
2584 1294 2646 1347 με
2677 1274 3050 1349 ἐγκαταλείπης
3084 1276 3096 1330 1

510 1365 639 1431 eius
699 1369 863 1433 terga
913 1364 1176 1435 undique
1233 1365 1706 1427 verberarentur,
1739 1364 1895 1420 hanc
1949 1361 2137 1417 solam
2190 1375 2391 1416 vocem
2443 1363 2535 1419 ille
2585 1366 2941 1421 emittebat:
3006 1366 3249 1432 Christe,
3281 1382 3461 1439 opem
3516 1366 3672 1424 feras
3724 1368 3879 1424 mihi

508 1453 723 1508 humili
755 1469 927 1507 servo
968 1459 1106 1518 tuo;
1134 1452 1377 1508 Domine
1412 1453 1588 1514 Deus,
1632 1469 1703 1507 ne
1736 1468 1830 1507 me
1869 1450 2270 1522 derelinquas.

575 1543 667 1598 XI.
699 1546 843 1598 Cum
876 1558 1015 1597 vero
1044 1558 1144 1597 sex
1182 1542 1490 1598 carnifices
1520 1541 1783 1597 vicissim
1842 1540 2005 1595 illum
2039 1554 2163 1594 ver-

506 1632 805 1695 berarent,
840 1638 894 1686 et
925 1632 1053 1702 ejus
1075 1632 1320 1703 sanguis
1352 1631 1412 1685 in
1441 1636 1653 1686 terram
1677 1630 1916 1686 abunde
1946 1627 2163 1683 diffun-

504 1722 761 1787 deretur,
792 1726 1103 1792 totumque
1131 1736 1348 1792 corpus
1376 1720 1720 1776 vulneribus
1753 1717 2161 1775 acerbissimis
2192 1753 2236 1807 Β

505 1812 797 1865 laniatum
839 1816 1013 1879 esset,
1049 1810 1226 1881 judex
1266 1811 1396 1881 ipse
1428 1826 1563 1865 cum
1597 1808 1966 1864 miserabiles
2031 1806 2160 1861 illas

508 1900 719 1971 plagas
744 1899 986 1963 videret,
1015 1905 1071 1954 et
1102 1900 1379 1971 martyris
1411 1904 1668 1954 mentem
1701 1914 1769 1953 ac
1794 1897 2159 1952 voluntatem

505 1995 873 2044 constantem
899 1996 1074 2060 atque
1092 1989 1461 2044 immobilem
1487 2005 1614 2044 esse
1634 1986 2158 2042 animadverteret:

507 2082 681 2142 Num,
715 2078 924 2149 inquit,
960 2094 1117 2132 nunc
1157 2077 1519 2133 sacriﬁcabis
1550 2078 1754 2132 ?ltane
1791 2078 1971 2131 miser
2021 2075 2156 2139 dici,

504 2182 688 2237 quam
716 2168 946 2220 amicus
974 2169 1405 2237 imperatorum
1438 2182 1567 2221 esse
1597 2166 1897 2220 maluisti?
1922 2164 2008 2219 Ad
2030 2164 2159 2218 haec

503 2255 648 2310 dixit
708 2254 989 2310 Acacius:
1024 2256 1419 2327 Nequaquam
1469 2270 1579 2323 ego
1605 2254 1916 2310 sacriﬁco:
1964 2254 2159 2308 habeo

502 2346 659 2401 enim
694 2344 1009 2399 Dominum
1041 2360 1241 2399 meum
1263 2345 1452 2399 Jesum
1487 2344 1781 2401 Christum
1807 2360 1986 2415 opem
2013 2342 2158 2397 mihi

501 2433 820 2501 ferentem;
854 2436 1054 2505 itaque
1084 2434 1211 2489 istis
1236 2436 1348 2489 tuis
1377 2434 1737 2490 cruciatibus
1761 2434 2155 2491 robustiorem

502 2539 570 2579 ac
602 2524 1033 2595 promptiorem
1063 2539 1155 2578 me
1182 2524 1516 2580 reddidisti.
1548 2527 1840 2579 Hactenus
1860 2525 2021 2579 enim
2046 2530 2157 2580 tor-

500 2620 838 2669 mentorum
854 2613 1238 2684 exspectatio,
1256 2614 1458 2685 aliqua
1484 2630 1555 2669 ex
1578 2619 1743 2684 parte
1770 2613 2154 2683 cogitationes

499 2720 667 2760 meas
696 2703 1089 2777 perturbabat
1123 2720 1135 2759 :
1166 2720 1304 2758 cum
1336 2720 1472 2759 vero
1504 2705 1592 2759 vis
1624 2704 1789 2759 illata
1820 2708 1927 2770 est,
1961 2704 2153 2761 ethaac

501 2793 621 2864 pati
657 2793 831 2865 ccepi,
862 2809 966 2865 per
1027 2794 1231 2848 Jesum
1288 2792 1582 2849 Christum
1640 2792 1784 2848 mihi
1828 2794 2151 2865 potentiam

500 2882 1605 2951 suggerentem,robustissimusfactus
1624 2888 1841 2947 sum,et
1856 2883 1931 2938 ad
1946 2883 2152 2938 omnia

498 2976 798 3027 tormenta
831 2971 1206 3042 suscipienda
1238 2971 1670 3042 paratissimus.
1706 2975 1822 3027 Deo
1854 2972 1983 3042 ipso
2025 2971 2149 3025 sine

496 3061 867 3115 dubitatione
930 3060 1127 3131 aliqua
1168 3062 1455 3115 conlisus.
1504 3063 1647 3115 Tum
1699 3060 1885 3130 judex
1936 3075 1947 3110 :
2008 3062 2126 3115 Ista

497 3150 708 3220 inquit,
752 3149 918 3212 dicis,
951 3150 1237 3220 quoniam
1294 3150 1527 3218 majora
1557 3154 1849 3204 tormenta
1882 3149 1980 3204 tibi
2028 3165 2148 3205 non

497 3237 685 3293 intuli.
742 3238 851 3294 Sed
885 3254 996 3307 ego
1024 3238 1413 3293 temeritatem
1447 3239 1627 3292 istam
1654 3243 1819 3293 tuam
1847 3239 2143 3308 dejiciam.

496 3330 576 3382 Eo
608 3328 785 3393 enim,
815 3328 977 3399 quod
1002 3326 1288 3381 hactenus
1324 3326 1427 3381 tibi
1460 3328 1715 3398 peperci,
1743 3328 2055 3395 audacem,
2088 3335 2150 3385 ut

494 3415 663 3479 dicis,
699 3422 747 3471 te
774 3416 1018 3471 reddidi.
1054 3415 1153 3469 Cui
1183 3416 1431 3471 Aeacius
1462 3433 1473 3470 :
1510 3415 1620 3470 Fac
1638 3416 1938 3472 celerrime
1977 3419 2147 3490 quid-

493 3504 638 3577 quid
670 3506 778 3560 vis.
808 3506 968 3570 Quos
992 3506 1147 3560 enim
1178 3506 1474 3561 cruciatus
1504 3505 1869 3562 mihinfferre
1896 3507 2143 3577 cogitas,

495 3594 575 3648 illi
633 3594 941 3650 utilitatem
985 3594 1129 3649 mihi
1180 3594 1428 3650 aﬂerent
1468 3611 1478 3650 :
1515 3600 1571 3651 et
1600 3611 1719 3667 quo
1753 3596 1988 3667 majora
2033 3602 2145 3652 tor-

492 3689 692 3738 menta
722 3683 1058 3747 adhibebis,
1086 3699 1155 3738 eo
1175 3684 1467 3756 majorem
1498 3685 1727 3739 Domini
1752 3687 1864 3739 mei
1891 3687 2143 3756 gratiam

492 3773 708 3828 invitus
741 3773 883 3828 mihi
915 3772 1279 3829 conciliabis.
1310 3776 1460 3839 Haec,
1490 3774 1903 3845 inquitjudex,
1943 3774 2143 3846 loque-

488 3863 590 3928 ris,
622 3863 910 3935 quoniam
926 3880 1140 3934 corpus
1154 3867 1323 3918 tuum
1342 3864 1613 3919 nondum
1628 3863 1968 3919 verberibus
1993 3864 2145 3920 lace-

491 3958 686 4008 ratum
736 3957 841 4008 est.
889 3954 1035 4007 Tum
1070 3952 1318 4007 Acacius
1361 3969 1373 4007 :
1414 3955 1544 4008 Jam
1584 3953 1728 4022 dixi,
1780 3959 1843 4008 ut
1892 3954 2139 4019 faceres,

490 4042 776 4115 quidquid
790 4042 1024 4111 vis,non
1039 4042 1194 4096 enim
1213 4042 1458 4112 impuris
1471 4042 1841 4098 daemonibus
1854 4044 2141 4108 sacriﬁco,

489 4146 684 4202 neque
717 4129 1006 4184 voluntati
1050 4135 1181 4192 ture,
1213 4134 1315 4185 aut
1340 4130 1520 4199 patris
1550 4131 1634 4186 tui
1656 4133 1890 4186 Satanas
1914 4148 2142 4187 morem

488 4234 649 4289 gero.
682 4220 775 4272 His
803 4218 1039 4283 auditis,
1069 4218 1251 4288 judex
1282 4224 1619 4274 commotus
1636 4220 1811 4274 dixit:
1848 4220 2142 4276 Plnmbeis

482 4308 701 4362 aminis
756 4306 884 4377 ejus
918 4307 1194 4363 maxillas
1226 4308 1592 4373 contundite,
1628 4324 1701 4363 ne
1762 4310 1870 4364 iste
1931 4316 2140 4368 nostra

483 4398 771 4452 diuturna
800 4398 858 4451 in
882 4412 1018 4451 eum
1056 4398 1335 4468 patientia
1370 4397 1681 4453 temerario
1714 4398 1896 4454 modo
1931 4400 2143 4456 abuta-

482 4489 594 4539 tur.
638 4484 775 4539 Post
805 4485 930 4540 lieec
969 4487 1219 4541 Aeacius
1265 4504 1275 4541 :
1309 4489 1391 4541 En
1422 4486 1644 4543 factum
1676 4492 1784 4552 est,
1818 4490 1981 4561 quod
2045 4506 2141 4545 vo-

479 4573 863 4646 luisti,neque
887 4575 1224 4647 quidquam
1239 4576 1495 4647 amplius
1513 4577 1961 4648 profecisti;non
1981 4582 2141 4635 enim

481 4662 655 4718 malae
681 4669 838 4719 artes
870 4669 981 4718 ture
1016 4681 1213 4720 meam
1240 4665 1297 4720 in
1331 4666 1629 4721 Christum
1670 4667 2021 4724 charitatem
2045 4686 2143 4725 su-

478 4752 797 4824 perabunt.
836 4753 1134 4817 Sacriﬁca,
1166 4754 1356 4825 inquit
1380 4754 1751 4824 judex,etab
1779 4756 2141 4814 imminenti-

480 4842 589 4895 bus
638 4842 878 4913 reliquis
911 4844 1217 4898 tormentis
1262 4843 1410 4898 liber
1443 4851 1592 4899 esto.
1631 4847 1954 4917 Respondit
2002 4857 2145 4903 Aca-

485 4932 610 4988 cius
644 4949 657 4987 :
693 4935 1008 5004 Nunquam
1031 4933 1117 5004 (ut
1144 4933 1287 5005 dixi)
1318 4935 1671 4989 sacrificabo
1697 4940 1957 4991 :tantum
1983 4938 2141 4993 enim

481 5022 857 5078 imminentes
886 5025 1184 5079 cruciatus
1215 5023 1504 5094 despicio,
1546 5032 1840 5095 quantum
1881 5033 1936 5081 et
1976 5034 2143 5081 ante-

484 5112 759 5169 cedentes
786 5129 905 5169 non
939 5114 1164 5179 curavi,
1208 5112 1324 5167 Deo
1356 5114 1490 5184 ipso
1521 5114 1667 5169 mihi
1726 5116 1959 5171 animos
2004 5132 2140 5186 sug-

485 5206 742 5274 gerente.

556 5381 668 5435 XII.
697 5380 786 5435 Ad
839 5380 967 5435 haec
993 5379 1177 5450 judex
1213 5396 1225 5435 :
1281 5379 1614 5449 Quomodo,
1644 5381 1833 5453 inquit
1856 5384 1915 5436 tu
1965 5381 2132 5437 miles

481 5472 659 5540 atque
688 5469 1013 5535 illiteratus,
1049 5469 1129 5524 ita
1154 5484 1401 5525 causam
1432 5475 1596 5526 tuam
1628 5471 1755 5541 agis
1779 5470 1807 5527 ?
1847 5469 1948 5525 Cui
1986 5472 2129 5527 Aca-

482 5558 608 5614 cius
630 5574 644 5614 :
668 5560 919 5614 Putasne
943 5559 1188 5631 propria
1202 5560 1413 5615 virtute
1428 5575 1539 5616 nos
1559 5560 1688 5616 haec
1717 5560 2079 5632 respondere
2102 5560 2129 5617 ‘?

480 5646 737 5720 Minime,
762 5647 1032 5723 inquam,
1063 5662 1175 5705 nos
1199 5647 1330 5705 haec
1354 5648 1625 5717 facimus,
1661 5648 1767 5706 sed
1796 5649 2129 5725 locupleset

2133 3102 2146 3126 ’
2184 3104 2224 3158 C

2347 1539 2443 1595 IA'.
2499 1547 2598 1595 Καὶ
2633 1542 2951 1615 ἀλλαγέντων
2993 1543 3070 1597 ἐπ’
3109 1545 3245 1615 αύτῷ
3285 1544 3338 1607 ἔξ
3387 1541 3587 1616 δημίων
3637 1554 3734 1597 τῶν
3783 1552 3878 1599 καὶ

2273 1635 2565 1682 τυπτόντων
2624 1633 2800 1698 αὐτὸν,
2848 1639 2937 1685 καὶ
2984 1642 3074 1685 τοῦ
3132 1636 3353 1706 αἵματος
3420 1634 3578 1686 αὑτοῦ
3622 1640 3715 1692 τὴν
3770 1644 3875 1707 γῆν

2274 1718 2661 1792 πληρώσαντος,
2708 1728 2797 1775 καὶ
2854 1723 2971 1775 ὅλου
3005 1732 3094 1775 τοῦ
3149 1730 3386 1796 σωματος
3435 1726 3591 1776 αὐτοῦ
3630 1733 3877 1795 χαλεπῶς

2273 1804 2589 1870 διατεθέντος
2642 1819 2744 1871 τοῖς
2806 1814 3117 1887 τραύμασιν,
3182 1814 3206 1863 ὁ
3262 1809 3519 1873 δικαστὴς
3597 1815 3726 1887 ὀρῶν
3809 1818 3874 1866 τὸ

2270 1899 2435 1958 πάθος
2491 1899 2696 1952 ἐλεεινὸν
2778 1906 3111 1973 γεγενημένον
3184 1907 3273 1953 καὶ
3332 1906 3414 1953 τὸν
3471 1902 3717 1974 λογισμὸν
3777 1911 3874 1955 τοῦ

2269 1989 2532 2060 μάρτυρος
2614 1989 2986 2061 ἀμετακίνητον
3065 1995 3205 2056 ὄντα,
3287 1990 3422 2061 λέγει
3498 1996 3627 2063 πρὸς
3689 1991 3869 2043 αὐτὸν·

2270 2078 2445 2143 Θύεις,
2515 2078 2742 2143 Ἀκάκιε,
2800 2083 2829 2138 ἧ
2890 2079 3060 2151 ἀκμὴν
3110 2078 3425 2151 ἀντιλέγειςς
3479 2084 3543 2132 σύ
3594 2083 3693 2154 γὰρ
3760 2080 3871 2139 ἣλω

2269 2164 2447 2227 ἄθλιος
2491 2167 2679 2238 μᾶλλον
2734 2177 2953 2240 φανῆναι
3008 2174 3038 2227 ἤ
3092 2169 3236 2241 φίλος
3279 2172 3517 2239 γενέσθαι
3560 2176 3658 2221 τῶν
3702 2167 3875 2242 βασι-

2472 2255 2529 2306 Ὀ
2588 2256 2732 2327 άγιος
2788 2258 3029 2319 Ἀκάκιος
3084 2258 3238 2329 λέγει·
3291 2258 3366 2309 Ού
3417 2260 3522 2310 θύω
3561 2262 3705 2318 ποτέ·
3755 2262 3871 2330 ἔχω

2266 2346 2365 2417 γὰρ
2400 2347 2485 2395 τὸν
2538 2349 2726 2418 Κύριον
2756 2366 2856 2419 μου
2902 2349 3111 2404 Ἰησοῦν
3170 2350 3396 2421 Χριστὸν
3428 2350 3512 2398 τὸν
3568 2345 3871 2419 βοηθοῦντά

2268 2252 2411 2305 λέων.

2264 2452 2355 2503 μοι
2391 2431 2489 2485 ἀεί·
2536 2432 2619 2505 ἐμὲ
2661 2439 2761 2509 γὰρ
2795 2436 2849 2487 ἐκ
2898 2445 2995 2488 τῶν
3046 2436 3289 2508 βασάνων
3340 2456 3433 2489 σου
3466 2439 3652 2489 τούτων
3696 2437 3870 2508 ἰσχυ-

2263 2526 2483 2595 ρωτερον
2564 2524 2753 2595 μᾶλλον
2832 2530 2920 2577 καὶ
3004 2525 3414 2600 θαρσαλεώτερον
3507 2529 3865 2588 κατέστησας·

2264 2611 2355 2671 ἕως
2407 2613 2506 2684 γὰρ
2559 2612 2678 2686 ἄρτι
2708 2615 2737 2671 ἡ
2798 2610 3097 2687 προσδοκία
3141 2623 3236 2667 τῶν
3287 2611 3466 2666 δεινῶν
3500 2614 3593 2666 κᾶν
3633 2615 3681 2667 ἐν
3719 2620 3870 2687 μέρει

2262 2704 2346 2751 τὸν
2401 2700 2649 2774 λογισμόν
2700 2724 2801 2773 μου
2851 2704 3141 2778 ἐτάραττεν,
3191 2709 3432 2777 γενομένη
3491 2701 3549 2757 δὲ
3601 2706 3630 2762 ἠ
3708 2712 3870 2779 πεῖρα

2261 2799 2351 2842 τοῦ
2382 2794 2581 2853 πάθους
2637 2798 2724 2845 καὶ
2772 2792 3043 2864 ἐνεχθεῖσα
3082 2791 3175 2846 διὰ
3222 2799 3306 2846 τὸν
3371 2791 3753 2867 ἐνδυναμοῦντά
3800 2814 3870 2867 με

2263 2883 2450 2953 Κύριον
2508 2882 2711 2938 Ἰησοῦν
2765 2887 3014 2956 Χριστὸν,
3077 2880 3282 2957 σφόδρα
3346 2903 3407 2955 με
3490 2890 3867 2955 γενναιωτατον

2260 2967 2498 3026 ἐποίησεν
2555 2976 2686 3045 πρὸς
2739 2979 2911 3023 πᾶσαν
2974 2978 3224 3045 τιμωρίαν
3282 2977 3638 3025 πιστεύσαντα
3696 2970 3865 3025 ἀδια-

2258 3063 2449 3129 κρίτως
2502 3068 2573 3129 τῷ
2648 3069 2780 3131 Θεῷ·
2838 3061 2894 3112 Ὀ
2952 3058 3213 3122 δικαστὴς
3265 3060 3418 3114 εἶπεν·
3478 3060 3688 3120 Ἐπειδὴ
3765 3064 3866 3125 τὰς

2256 3151 2493 3219 μειζονάς
2556 3169 2640 3200 σοι
2696 3156 2952 3222 τιμωρίας
3020 3148 3269 3204 οὐδέποτε
3342 3151 3622 3223 ἐπήγαγον,
3689 3160 3866 3204 ταῦτα

2256 3236 2437 3307 λέγεις·
2495 3240 2593 3309 ἐγὼ
2636 3258 2730 3291 σου
2786 3244 2844 3291 τὸ
2906 3243 3099 3313 θράσος
3150 3243 3385 3314 καθαιρῶ
3436 3246 3611 3294 τούτο·
3674 3245 3866 3313 φεισά-

2255 3345 2402 3397 μενος
2454 3330 2553 3401 γάρ
2590 3348 2703 3393 σου,
2759 3330 3041 3403 θαρσαλέον
3092 3350 3167 3393 σε,
3226 3334 3292 3391 ὡς
3339 3330 3520 3402 λέγεις,
3570 3336 3857 3387 πεποίηκα.

2253 3415 2311 3467 Ὀ
2360 3416 2782 3487 οἷγιοςἈκάκιος
2812 3419 2966 3489 λέγει·
3024 3424 3165 3471 Ποίει
3220 3416 3313 3471 διὰ
3354 3423 3552 3492 τάχους
3595 3421 3621 3471 ὅ
3671 3419 3857 3481 θέλεις·

2254 3506 2310 3566 οἷς
2338 3510 2439 3578 γὰρ
2483 3508 2712 3578 νομίζεις
2762 3506 3023 3579 βασάνους
3071 3528 3161 3579 μοι
3210 3507 3438 3579 ἐπάγειν,
3494 3510 3567 3571 εἰς
3613 3509 3858 3581 ὠφέλειάν

2252 3600 2351 3668 μού
2401 3597 2550 3648 εἰσιν·
2584 3602 2674 3649 καὶ
2725 3598 2846 3649 ὅσον
2895 3599 3137 3670 μειζονάς
3169 3618 3258 3671 μοι
3307 3604 3556 3673 επιφέρεις
3592 3599 3854 3665 κολάσεις,

2253 3694 2498 3738 τοσοῦτον
2555 3691 2644 3737 καὶ
2692 3685 2738 3737 ἓν
2793 3694 2863 3758 τῷ
2919 3688 3096 3761 Κυρίῳ
3151 3691 3313 3759 χάριν
3360 3690 3496 3739 οἴκων
3535 3689 3760 3763 χαρίζῃ.
3793 3689 3856 3741 ’0

2254 3774 2515 3835 δικαστὴς
2568 3774 2721 3845 λέγει·
2780 3782 2955 3827 Ταῦτα
3011 3776 3194 3841 λαλεῖς,
3268 3776 3499 3841 Ἀκάκιε,
3556 3774 3735 3835 ἐπειδὴ
3792 3781 3855 3830 τὸ

2256 3868 2405 3937 σῶμά
2439 3884 2531 3916 σου
2564 3863 2769 3917 οὐδέπω
2824 3864 3107 3927 κατεξάνθη
3136 3872 3244 3927 τοῖς
3296 3866 3580 3939 αἰκισμοῖς.
3604 3865 3661 3918 Ὀ
3705 3866 3859 3938 ἅγιος

2253 3955 2496 4014 Ἀκάκιος
2552 3951 2704 4006 εἶπεν·
2761 3960 2859 4007 Καὶ
2904 3952 3010 4012 ἤδη
3056 3974 3139 4007 σοι
3191 3958 3333 4027 ἔφην,
3385 3961 3473 4007 καὶ
3503 3955 3654 4008 πάλιν
3697 3956 3854 4026 λέγω,

2252 4045 2441 4097 ποίειό
2489 4042 2659 4103 θέλεις·
2710 4044 2767 4094 οὐ
2819 4046 2922 4095 θύω
2952 4048 3051 4117 γὰρ
3098 4041 3319 4115 δαίμοσι
3366 4043 3697 4117 ἀκαθάρτοις,
3735 4048 3860 4098 οὔτε

2251 4138 2353 4205 μὴν
2401 4140 2532 4185 ποιῶ
2576 4136 2633 4184 τὸ
2691 4132 2886 4205 θέλημά
2932 4152 3043 4198 σου,
3089 4130 3211 4185 οὐδὲ
3243 4141 3333 4185 τοῦ
3364 4139 3559 4207 πατρὸς
3611 4153 3726 4203 σου,
3760 4142 3859 4186 τοῦ

2253 4229 2471 4276 Σατανᾶ.
2530 4222 2588 4275 Ὀ
2642 4219 2899 4282 δικαστὴς
2944 4218 3099 4275 εἶπεν·
3142 4222 3381 4275 Θλάσατε
3427 4223 3587 4275 αὐτοῦ
3618 4226 3706 4283 τὰς
3738 4242 3861 4275 σιαα

2250 4322 2415 4385 γῶνας
2461 4308 2784 4383 μολιϐδίσιν,
2834 4314 2915 4363 ἱνα
2957 4317 3025 4384 μὴ
3070 4308 3502 4372 ἀπαυθαδίζηται
3532 4320 3592 4384 τῇ
3627 4314 3860 4387 ἡμετέρᾳ

2254 4402 2330 4454 ἐπ’
2362 4403 2503 4472 αύτῷ
2554 4403 2912 4475 μακροθυμίᾳ.
2966 4406 3065 4453 Καὶ
3099 4403 3283 4453 τούτου
3333 4400 3381 4451 ἐν
3439 4404 3593 4472 τάχει
3644 4407 3859 4475 γενομέ-

2252 4512 2361 4555 νου,
2424 4494 2448 4542 ὀ
2502 4491 2649 4561 οἷγιος
2699 4490 2947 4550 Ἀκάκιος
2994 4487 3146 4542 εἶπεν·
3203 4486 3314 4542 Ἴδε
3364 4494 3452 4541 καὶ
3505 4490 3551 4540 ἐν
3603 4494 3769 4562 τούτῳ
3827 4493 3860 4544 ὅ

2254 4581 2533 4644 ἠθελησας,
2572 4583 2841 4641 ἐποίησας,
2892 4581 3122 4653 τύραννε,
3177 4584 3266 4630 καὶ
3319 4576 3469 4631 οὐδὲν
3524 4579 3671 4632 πλέον
3722 4580 3858 4653 ὠφέο

2253 4671 2444 4731 λησας·
2503 4670 2560 4723 ού
2609 4673 2709 4743 γὰρ
2758 4674 3059 4727 νικήσουσιν
3116 4671 3169 4720 αἱ
3216 4674 3553 4739 κακοτεχνίαι
3612 4689 3703 4721 σου
3758 4675 3858 4729 τὴν

2256 4761 2321 4820 εἰς
2372 4764 2598 4832 Χριστόν
2642 4778 2742 4831 μου
2799 4757 3024 4828 ἀγάπην.
3058 4757 3116 4809 Ὀ
3172 4754 3432 4819 δικαστὴς
3481 4755 3633 4810 εἶπεν·
3674 4767 3857 4812 Θύσον

2252 4849 2429 4901 λοιπὸν
2475 4853 2564 4899 καὶ
2614 4846 2941 4917 ἀπαλλάγηθι
3002 4855 3101 4897 τῶν
3150 4856 3411 4918 μενουσῶν
3469 4866 3526 4899 σε
3579 4846 3852 4920 βασάνων,

2252 4938 2308 4991 Ὀ
2356 4940 2498 5009 ἅγιος
2566 4938 2812 4997 Ἀκάκιος
2888 4935 3041 5007 λέγει’
3104 4933 3258 4989 Εἶπον
3332 4956 3431 4998 σοι,
3495 4934 3534 4987 ὦ
3594 4934 3854 5007 δικαστά,

2250 5028 2516 5091 πολλάκις,
2580 5029 2658 5077 ὅτι
2716 5026 2772 5076 οὗ
2835 5026 2938 5077 θύω
2986 5022 3208 5097 δαίμοσί
3258 5042 3397 5077 ποτε*
3450 5033 3698 5077 τοσοῦτον
3744 5030 3854 5099 γὰρ

2247 5126 2344 5168 τῶν
2383 5116 2674 5188 μελλουσῶν
2732 5114 2975 5187 βασάνων
3031 5119 3354 5180 κατέπτυσα,
3418 5116 3538 5167 ὅσον
3597 5121 3685 5166 καὶ
3747 5124 3854 5167 τῶν

2246 5203 2353 5264 ἤδη
2388 5204 2757 5279 προλαϐουσῶν
2788 5204 2881 5256 οὐκ
2930 5205 3222 5277 ἐφρόντισα,
3255 5213 3344 5257 τοῦ
3405 5212 3537 5258 Θεοῦ
3567 5224 3666 5276 μου
3717 5225 3855 5279 χορ.

2245 5300 2491 5366 ηγούντός
2524 5314 2611 5367 μοι
2652 5299 2744 5352 τὴν
2782 5291 3029 5365 δύναμιν,

2314 5382 2410 5439 ΙΒ’.
2469 5384 2526 5435 Ὀ
2581 5380 2843 5443 δικαστὴς
2892 5379 3049 5435 εἶπεν·
3102 5389 3215 5443 Πῶς
3257 5401 3584 5455 στρατιωτης
3636 5385 3703 5433 ὧν
3757 5387 3852 5437 καὶ

2242 5472 2601 5547 ἀγράμματος,
2664 5473 2894 5538 Ἀκάκιε,
2959 5472 3117 5533 ούτως
3197 5471 3410 5544 ἑτοίμως
3466 5471 3847 5542 ἀπολογῆσαις

2238 5562 2296 5615 '0
2349 5563 2495 5635 ἇγιος
2549 5563 2795 5624 Ἀκάκιος
2874 5558 3032 5613 εἶπεν·
3110 5566 3173 5614 Τί
3222 5563 3323 5635 γάρ
3360 5578 3373 5628 ;
3406 5564 3635 5634 νομίζεις
3702 5562 3850 5633 ἡμᾶς

2244 5650 2618 5728 ἀπολογεῖσθαι
2669 5650 2723 5717 ἕξ
2774 5646 2909 5713 ἰδίας
2958 5649 3188 5725 σκέψεως
3234 5652 3265 5710 ἡ
3301 5652 3624 5727 μαθήσεως;
3659 5650 3838 5727 Οὐχί·
