  <div class='ocr_page' id='page_1' title='image "/cluster/home/n/w/nwhite01/storage/ocr_20150623/115/hvd.32044073502262/121.png"; bbox 0 0 4066 6224; ppageno 0'>
   <div class='ocr_carea' id='block_1_1' title="bbox 503 258 3870 362">
    <p class='ocr_par' dir='ltr' id='par_1_1' title="bbox 503 258 3870 362">
     <span class='ocr_line' id='line_1_1' title="bbox 503 258 3870 362; baseline 0.003 -19"><span class='ocrx_word' id='word_1_1' title='bbox 503 288 607 344; x_wconf 72' lang='lat'>231</span> <span class='ocrx_word' id='word_1_2' title='bbox 1664 352 1671 362; x_wconf 48' lang='grc'>,</span> <span class='ocrx_word' id='word_1_3' title='bbox 1888 280 2160 340; x_wconf 83' lang='lat' dir='ltr'>MENSIS</span> <span class='ocrx_word' id='word_1_4' title='bbox 2199 280 2461 353; x_wconf 63' lang='lat' dir='ltr'>Minus.</span> <span class='ocrx_word' id='word_1_5' title='bbox 2573 310 2580 316; x_wconf 91' lang='lat'><strong>-</strong></span> <span class='ocrx_word' id='word_1_6' title='bbox 2716 312 2719 315; x_wconf 97' lang='lat'><strong><em>-</em></strong></span> <span class='ocrx_word' id='word_1_7' title='bbox 3694 258 3870 353; x_wconf 39' lang='lat'><strong>&#39;232</strong></span> 
     </span>
    </p>
   </div>
   <div class='ocr_carea' id='block_1_2' title="bbox 502 408 2108 490">
    <p class='ocr_par' dir='ltr' id='par_1_2' title="bbox 502 408 2108 478">
     <span class='ocr_line' id='line_1_2' title="bbox 502 408 2108 478; baseline -0.005 -9"><span class='ocrx_word' id='word_1_8' title='bbox 502 412 698 478; x_wconf 84' lang='lat' dir='ltr'>Aeaci,</span> <span class='ocrx_word' id='word_1_9' title='bbox 729 410 1012 467; x_wconf 84' lang='lat' dir='ltr'>robustus</span> <span class='ocrx_word' id='word_1_10' title='bbox 1044 412 1099 465; x_wconf 91' lang='lat' dir='ltr'>et</span> <span class='ocrx_word' id='word_1_11' title='bbox 1128 408 1314 466; x_wconf 82' lang='lat' dir='ltr'>fortis.</span> <span class='ocrx_word' id='word_1_12' title='bbox 1348 409 1468 464; x_wconf 89' lang='lat' dir='ltr'>Vox</span> <span class='ocrx_word' id='word_1_13' title='bbox 1512 409 1712 466; x_wconf 89' lang='lat' dir='ltr'>autem</span> <span class='ocrx_word' id='word_1_14' title='bbox 1760 408 1858 466; x_wconf 89' lang='lat' dir='ltr'>illa</span> <span class='ocrx_word' id='word_1_15' title='bbox 1914 409 2023 466; x_wconf 84' lang='lat' dir='ltr'>fuit</span> <span class='ocrx_word' id='word_1_16' title='bbox 2081 410 2108 465; x_wconf 74' lang='lat' dir='ltr'>i1</span> 
     </span>
    </p>
   </div>
   <div class='ocr_carea' id='block_1_3' title="bbox 2259 408 3865 490">
    <p class='ocr_par' dir='ltr' id='par_1_3' title="bbox 2268 408 3865 490">
     <span class='ocr_line' id='line_1_3' title="bbox 2268 408 3865 490; baseline 0.008 -29"><span class='ocrx_word' id='word_1_17' title='bbox 2268 412 2419 468; x_wconf 82' lang='grc' dir='ltr'>θῆναι</span> <span class='ocrx_word' id='word_1_18' title='bbox 2461 412 2510 463; x_wconf 83' lang='grc' dir='ltr'>ἐν</span> <span class='ocrx_word' id='word_1_19' title='bbox 2542 409 2717 487; x_wconf 78' lang='grc' dir='ltr'><strong>εἰρήνῃ</strong></span> <span class='ocrx_word' id='word_1_20' title='bbox 2750 414 2839 465; x_wconf 86' lang='grc' dir='ltr'>καὶ</span> <span class='ocrx_word' id='word_1_21' title='bbox 2871 408 3001 466; x_wconf 83' lang='grc' dir='ltr'>εἷναί</span> <span class='ocrx_word' id='word_1_22' title='bbox 3040 432 3104 486; x_wconf 81' lang='grc' dir='ltr'>με</span> <span class='ocrx_word' id='word_1_23' title='bbox 3150 414 3293 490; x_wconf 79' lang='grc' dir='ltr'>παρὰ</span> <span class='ocrx_word' id='word_1_24' title='bbox 3325 416 3429 483; x_wconf 82' lang='grc' dir='ltr'>σοὶ,</span> <span class='ocrx_word' id='word_1_25' title='bbox 3463 415 3542 468; x_wconf 87' lang='grc' dir='ltr'>ὅτι</span> <span class='ocrx_word' id='word_1_26' title='bbox 3592 424 3688 471; x_wconf 84' lang='grc' dir='ltr'>σοῦ</span> <span class='ocrx_word' id='word_1_27' title='bbox 3727 417 3865 474; x_wconf 74' lang='grc' dir='ltr'>ἔστιν</span> 
     </span>
    </p>
   </div>
   <div class='ocr_carea' id='block_1_4' title="bbox 500 497 2106 579">
    <p class='ocr_par' dir='ltr' id='par_1_4' title="bbox 500 499 2106 572">
     <span class='ocr_line' id='line_1_4' title="bbox 500 499 2106 572; baseline -0.004 -13"><span class='ocrx_word' id='word_1_28' title='bbox 500 503 683 572; x_wconf 89' lang='lat' dir='ltr'>clara,</span> <span class='ocrx_word' id='word_1_29' title='bbox 716 508 778 556; x_wconf 90' lang='lat' dir='ltr'>ut</span> <span class='ocrx_word' id='word_1_30' title='bbox 808 500 1113 556; x_wconf 87' lang='lat' dir='ltr'>carniﬁces</span> <span class='ocrx_word' id='word_1_31' title='bbox 1145 506 1201 554; x_wconf 91' lang='lat' dir='ltr'>et</span> <span class='ocrx_word' id='word_1_32' title='bbox 1226 499 1323 554; x_wconf 87' lang='lat' dir='ltr'>alii</span> <span class='ocrx_word' id='word_1_33' title='bbox 1351 499 1524 554; x_wconf 87' lang='lat' dir='ltr'>vincti</span> <span class='ocrx_word' id='word_1_34' title='bbox 1554 515 1688 555; x_wconf 83' lang='lat' dir='ltr'>eam</span> <span class='ocrx_word' id='word_1_35' title='bbox 1720 500 2028 555; x_wconf 82' lang='lat' dir='ltr'>audientes</span> <span class='ocrx_word' id='word_1_36' title='bbox 2060 519 2106 555; x_wconf 65' lang='lat' dir='ltr'>at</span> 
     </span>
    </p>
   </div>
   <div class='ocr_carea' id='block_1_5' title="bbox 2259 497 3865 579">
    <p class='ocr_par' dir='ltr' id='par_1_5' title="bbox 2265 497 3865 579">
     <span class='ocr_line' id='line_1_5' title="bbox 2265 497 3865 579; baseline 0.008 -28"><span class='ocrx_word' id='word_1_37' title='bbox 2265 504 2293 557; x_wconf 80' lang='grc' dir='ltr'><em>ἡ</em></span> <span class='ocrx_word' id='word_1_38' title='bbox 2344 497 2568 572; x_wconf 75' lang='grc' dir='ltr'>δύναμις</span> <span class='ocrx_word' id='word_1_39' title='bbox 2615 506 2703 553; x_wconf 86' lang='grc' dir='ltr'>καὶ</span> <span class='ocrx_word' id='word_1_40' title='bbox 2738 504 2765 560; x_wconf 80' lang='grc' dir='ltr'>ἡ</span> <span class='ocrx_word' id='word_1_41' title='bbox 2822 499 2953 566; x_wconf 77' lang='grc' dir='ltr'>δόξα</span> <span class='ocrx_word' id='word_1_42' title='bbox 2994 503 3065 566; x_wconf 84' lang='grc' dir='ltr'>εἰς</span> <span class='ocrx_word' id='word_1_43' title='bbox 3111 508 3232 566; x_wconf 82' lang='grc' dir='ltr'>τοὺς</span> <span class='ocrx_word' id='word_1_44' title='bbox 3284 504 3490 567; x_wconf 83' lang='grc' dir='ltr'>αἰῶνας.</span> <span class='ocrx_word' id='word_1_45' title='bbox 3549 506 3729 579; x_wconf 80' lang='grc' dir='ltr'>Ἀμην.</span> <span class='ocrx_word' id='word_1_46' title='bbox 3767 517 3865 564; x_wconf 82' lang='grc' dir='ltr'>Καὶ</span> 
     </span>
    </p>
   </div>
   <div class='ocr_carea' id='block_1_6' title="bbox 501 587 2107 669">
    <p class='ocr_par' dir='ltr' id='par_1_6' title="bbox 501 587 2107 661">
     <span class='ocr_line' id='line_1_6' title="bbox 501 587 2107 661; baseline -0.002 -13"><span class='ocrx_word' id='word_1_47' title='bbox 501 593 875 658; x_wconf 83' lang='lat' dir='ltr'>mirarentur,</span> <span class='ocrx_word' id='word_1_48' title='bbox 901 606 970 645; x_wconf 84' lang='lat' dir='ltr'>ac</span> <span class='ocrx_word' id='word_1_49' title='bbox 990 589 1278 645; x_wconf 89' lang='lat' dir='ltr'>dicerent:</span> <span class='ocrx_word' id='word_1_50' title='bbox 1300 587 1600 661; x_wconf 86' lang='lat' dir='ltr'>Numquid</span> <span class='ocrx_word' id='word_1_51' title='bbox 1613 594 1669 644; x_wconf 90' lang='lat' dir='ltr'>et</span> <span class='ocrx_word' id='word_1_52' title='bbox 1687 590 1876 644; x_wconf 89' lang='lat' dir='ltr'>nubes</span> <span class='ocrx_word' id='word_1_53' title='bbox 1905 589 2107 661; x_wconf 83' lang='lat' dir='ltr'>loquut</span> 
     </span>
    </p>
   </div>
   <div class='ocr_carea' id='block_1_7' title="bbox 2258 587 3864 669">
    <p class='ocr_par' dir='ltr' id='par_1_7' title="bbox 2264 589 3864 669">
     <span class='ocr_line' id='line_1_7' title="bbox 2264 589 3864 669; baseline 0.015 -31"><span class='ocrx_word' id='word_1_54' title='bbox 2264 589 2539 662; x_wconf 70' lang='grc' dir='ltr'>εὐξαμένου</span> <span class='ocrx_word' id='word_1_55' title='bbox 2609 596 2769 643; x_wconf 64' lang='grc' dir='ltr'>αὐτοῦ</span> <span class='ocrx_word' id='word_1_56' title='bbox 2843 601 3024 658; x_wconf 89' lang='grc' dir='ltr'>ταῦτα,</span> <span class='ocrx_word' id='word_1_57' title='bbox 3085 599 3221 665; x_wconf 77' lang='grc' dir='ltr'>φωνὴ</span> <span class='ocrx_word' id='word_1_58' title='bbox 3297 597 3489 662; x_wconf 72' lang='grc' dir='ltr'>ἐγένετο</span> <span class='ocrx_word' id='word_1_59' title='bbox 3544 594 3597 647; x_wconf 69' lang='grc' dir='ltr'>ἐκ</span> <span class='ocrx_word' id='word_1_60' title='bbox 3661 599 3864 669; x_wconf 62' lang='grc' dir='ltr'>νεφέλης</span> 
     </span>
    </p>
   </div>
   <div class='ocr_carea' id='block_1_8' title="bbox 500 676 2106 759">
    <p class='ocr_par' dir='ltr' id='par_1_8' title="bbox 500 680 2106 753">
     <span class='ocr_line' id='line_1_8' title="bbox 500 680 2106 753; baseline -0.002 -14"><span class='ocrx_word' id='word_1_61' title='bbox 500 682 740 739; x_wconf 80' lang='lat' dir='ltr'>tur?An</span> <span class='ocrx_word' id='word_1_62' title='bbox 770 697 1039 753; x_wconf 85' lang='lat' dir='ltr'>unquam</span> <span class='ocrx_word' id='word_1_63' title='bbox 1074 680 1186 736; x_wconf 88' lang='lat' dir='ltr'>tale</span> <span class='ocrx_word' id='word_1_64' title='bbox 1219 680 1366 752; x_wconf 90' lang='lat' dir='ltr'>quid</span> <span class='ocrx_word' id='word_1_65' title='bbox 1418 680 1693 735; x_wconf 88' lang='lat' dir='ltr'>auditum</span> <span class='ocrx_word' id='word_1_66' title='bbox 1742 686 1855 746; x_wconf 90' lang='lat' dir='ltr'>est,</span> <span class='ocrx_word' id='word_1_67' title='bbox 1890 687 1947 733; x_wconf 86' lang='lat' dir='ltr'>ut</span> <span class='ocrx_word' id='word_1_68' title='bbox 1995 696 2106 735; x_wconf 81' lang='lat' dir='ltr'>nun</span> 
     </span>
    </p>
   </div>
   <div class='ocr_carea' id='block_1_9' title="bbox 2252 676 3858 759">
    <p class='ocr_par' dir='ltr' id='par_1_9' title="bbox 2261 676 3858 759">
     <span class='ocr_line' id='line_1_9' title="bbox 2261 676 3858 759; baseline 0.009 -31"><span class='ocrx_word' id='word_1_69' title='bbox 2261 676 2344 743; x_wconf 78' lang='grc' dir='ltr'>(ἦν</span> <span class='ocrx_word' id='word_1_70' title='bbox 2384 681 2542 751; x_wconf 83' lang='grc' dir='ltr'>γάρό</span> <span class='ocrx_word' id='word_1_71' title='bbox 2593 679 2692 754; x_wconf 78' lang='grc' dir='ltr'>ἀὴρ</span> <span class='ocrx_word' id='word_1_72' title='bbox 2746 687 3181 753; x_wconf 77' lang='grc' dir='ltr'>συγκεχυμένος)·</span> <span class='ocrx_word' id='word_1_73' title='bbox 3218 682 3407 755; x_wconf 69' lang='grc' dir='ltr'>Ἴσχυι</span> <span class='ocrx_word' id='word_1_74' title='bbox 3450 691 3538 737; x_wconf 80' lang='grc' dir='ltr'>καὶ</span> <span class='ocrx_word' id='word_1_75' title='bbox 3590 682 3858 759; x_wconf 80' lang='grc' dir='ltr'>ἀνδρίζου.</span> 
     </span>
    </p>
   </div>
   <div class='ocr_carea' id='block_1_10' title="bbox 499 767 2105 845">
    <p class='ocr_par' dir='ltr' id='par_1_10' title="bbox 499 768 2105 844">
     <span class='ocr_line' id='line_1_10' title="bbox 499 768 2105 844; baseline -0.003 -16"><span class='ocrx_word' id='word_1_76' title='bbox 499 772 613 844; x_wconf 89' lang='lat' dir='ltr'>ipsi</span> <span class='ocrx_word' id='word_1_77' title='bbox 628 771 970 827; x_wconf 87' lang='lat' dir='ltr'>audivimus</span> <span class='ocrx_word' id='word_1_78' title='bbox 984 770 1010 824; x_wconf 73' lang='lat' dir='ltr'>‘I</span> <span class='ocrx_word' id='word_1_79' title='bbox 1026 773 1156 825; x_wconf 72' lang='lat' dir='ltr'>Haec</span> <span class='ocrx_word' id='word_1_80' title='bbox 1173 769 1537 834; x_wconf 89' lang='lat' dir='ltr'>dicentes,de</span> <span class='ocrx_word' id='word_1_81' title='bbox 1552 786 1619 824; x_wconf 87' lang='lat' dir='ltr'>ea</span> <span class='ocrx_word' id='word_1_82' title='bbox 1649 784 1710 824; x_wconf 90' lang='lat' dir='ltr'>re</span> <span class='ocrx_word' id='word_1_83' title='bbox 1742 768 2105 839; x_wconf 86' lang='lat' dir='ltr'>ambigeban</span> 
     </span>
    </p>
   </div>
   <div class='ocr_carea' id='block_1_11' title="bbox 2258 767 3864 845">
    <p class='ocr_par' dir='ltr' id='par_1_11' title="bbox 2262 767 3864 845">
     <span class='ocr_line' id='line_1_11' title="bbox 2262 767 3864 845; baseline 0.007 -27"><span class='ocrx_word' id='word_1_84' title='bbox 2262 767 2503 820; x_wconf 76' lang='grc' dir='ltr'>Ἀκάκιε·</span> <span class='ocrx_word' id='word_1_85' title='bbox 2541 768 2636 841; x_wconf 86' lang='grc' dir='ltr'>ἐγὼ</span> <span class='ocrx_word' id='word_1_86' title='bbox 2696 773 2796 844; x_wconf 86' lang='grc' dir='ltr'>γάρ</span> <span class='ocrx_word' id='word_1_87' title='bbox 2856 772 2963 844; x_wconf 85' lang='grc' dir='ltr'>εἰμι</span> <span class='ocrx_word' id='word_1_88' title='bbox 3028 774 3243 825; x_wconf 86' lang='grc' dir='ltr'>πάντοτε</span> <span class='ocrx_word' id='word_1_89' title='bbox 3300 776 3430 845; x_wconf 77' lang='grc' dir='ltr'>μετὰ</span> <span class='ocrx_word' id='word_1_90' title='bbox 3488 783 3620 827; x_wconf 82' lang='grc' dir='ltr'>σου·</span> <span class='ocrx_word' id='word_1_91' title='bbox 3656 778 3723 837; x_wconf 80' lang='grc' dir='ltr'>ὡς</span> <span class='ocrx_word' id='word_1_92' title='bbox 3776 784 3864 830; x_wconf 85' lang='grc' dir='ltr'>καὶ</span> 
     </span>
    </p>
   </div>
   <div class='ocr_carea' id='block_1_12' title="bbox 499 854 2105 934">
    <p class='ocr_par' dir='ltr' id='par_1_12' title="bbox 499 858 2105 931">
     <span class='ocr_line' id='line_1_12' title="bbox 499 858 2105 931; baseline -0.002 -15"><span class='ocrx_word' id='word_1_93' title='bbox 499 863 658 917; x_wconf 79' lang='lat' dir='ltr'>Multi</span> <span class='ocrx_word' id='word_1_94' title='bbox 690 876 828 915; x_wconf 91' lang='lat' dir='ltr'>vero</span> <span class='ocrx_word' id='word_1_95' title='bbox 860 876 930 914; x_wconf 91' lang='lat' dir='ltr'>ex</span> <span class='ocrx_word' id='word_1_96' title='bbox 954 861 1041 925; x_wconf 91' lang='lat' dir='ltr'>iis,</span> <span class='ocrx_word' id='word_1_97' title='bbox 1075 862 1175 931; x_wconf 89' lang='lat' dir='ltr'>qui</span> <span class='ocrx_word' id='word_1_98' title='bbox 1206 859 1381 913; x_wconf 89' lang='lat' dir='ltr'>vincti</span> <span class='ocrx_word' id='word_1_99' title='bbox 1413 858 1801 923; x_wconf 84' lang='lat' dir='ltr'>ducebantur,</span> <span class='ocrx_word' id='word_1_100' title='bbox 1835 874 1972 913; x_wconf 91' lang='lat' dir='ltr'>cum</span> <span class='ocrx_word' id='word_1_101' title='bbox 2030 858 2105 912; x_wconf 78' lang='lat' dir='ltr'>ha</span> 
     </span>
    </p>
   </div>
   <div class='ocr_carea' id='block_1_13' title="bbox 2258 854 3864 934">
    <p class='ocr_par' dir='ltr' id='par_1_13' title="bbox 2258 854 3864 934">
     <span class='ocr_line' id='line_1_13' title="bbox 2258 854 3864 934; baseline 0.006 -26"><span class='ocrx_word' id='word_1_102' title='bbox 2258 861 2370 917; x_wconf 80' lang='grc' dir='ltr'>τοὺς</span> <span class='ocrx_word' id='word_1_103' title='bbox 2424 854 2646 929; x_wconf 71' lang='grc' dir='ltr'>δημίους</span> <span class='ocrx_word' id='word_1_104' title='bbox 2701 865 2791 911; x_wconf 81' lang='grc' dir='ltr'>καὶ</span> <span class='ocrx_word' id='word_1_105' title='bbox 2848 864 2965 922; x_wconf 84' lang='grc' dir='ltr'>τούς</span> <span class='ocrx_word' id='word_1_106' title='bbox 3024 858 3301 934; x_wconf 77' lang='grc' dir='ltr'>δεσμώτας</span> <span class='ocrx_word' id='word_1_107' title='bbox 3372 862 3694 926; x_wconf 84' lang='grc' dir='ltr'>ἀκούσαντας</span> <span class='ocrx_word' id='word_1_108' title='bbox 3771 871 3864 923; x_wconf 75' lang='grc' dir='ltr'>τὴν</span> 
     </span>
    </p>
   </div>
   <div class='ocr_carea' id='block_1_14' title="bbox 497 947 2103 1025">
    <p class='ocr_par' dir='ltr' id='par_1_14' title="bbox 497 947 2103 1019">
     <span class='ocr_line' id='line_1_14' title="bbox 497 947 2103 1019; baseline -0.002 -14"><span class='ocrx_word' id='word_1_109' title='bbox 497 950 824 1015; x_wconf 87' lang='lat' dir='ltr'>audissent,</span> <span class='ocrx_word' id='word_1_110' title='bbox 858 950 917 1004; x_wconf 92' lang='lat' dir='ltr'>in</span> <span class='ocrx_word' id='word_1_111' title='bbox 950 949 1049 1003; x_wconf 91' lang='lat' dir='ltr'>Dei</span> <span class='ocrx_word' id='word_1_112' title='bbox 1086 947 1291 1003; x_wconf 88' lang='lat' dir='ltr'>Filium</span> <span class='ocrx_word' id='word_1_113' title='bbox 1320 947 1720 1013; x_wconf 88' lang='lat' dir='ltr'>crediderunt,</span> <span class='ocrx_word' id='word_1_114' title='bbox 1748 954 1806 1003; x_wconf 93' lang='lat' dir='ltr'>et</span> <span class='ocrx_word' id='word_1_115' title='bbox 1834 947 1911 1003; x_wconf 91' lang='lat' dir='ltr'>ad</span> <span class='ocrx_word' id='word_1_116' title='bbox 1930 952 2103 1019; x_wconf 54' lang='lat' dir='ltr'>mart;</span> 
     </span>
    </p>
   </div>
   <div class='ocr_carea' id='block_1_15' title="bbox 2258 947 3864 1025">
    <p class='ocr_par' dir='ltr' id='par_1_15' title="bbox 2258 948 3864 1025">
     <span class='ocr_line' id='line_1_15' title="bbox 2258 948 3864 1025; baseline 0.006 -29"><span class='ocrx_word' id='word_1_117' title='bbox 2258 951 2426 1017; x_wconf 74' lang='grc' dir='ltr'>φωνὴν</span> <span class='ocrx_word' id='word_1_118' title='bbox 2485 948 2768 1019; x_wconf 76' lang='grc' dir='ltr'>θαύμάζειν</span> <span class='ocrx_word' id='word_1_119' title='bbox 2825 955 2914 1001; x_wconf 83' lang='grc' dir='ltr'>καὶ</span> <span class='ocrx_word' id='word_1_120' title='bbox 2967 950 3163 1021; x_wconf 86' lang='grc' dir='ltr'>λέγειν·</span> <span class='ocrx_word' id='word_1_121' title='bbox 3214 951 3351 1025; x_wconf 73' lang='grc' dir='ltr'>Ἀρα</span> <span class='ocrx_word' id='word_1_122' title='bbox 3406 957 3491 1004; x_wconf 71' lang='grc' dir='ltr'>καὶ</span> <span class='ocrx_word' id='word_1_123' title='bbox 3550 953 3725 1025; x_wconf 78' lang='grc' dir='ltr'>νεφέλη</span> <span class='ocrx_word' id='word_1_124' title='bbox 3772 954 3864 1006; x_wconf 89' lang='grc' dir='ltr'>λα-</span> 
     </span>
    </p>
   </div>
   <div class='ocr_carea' id='block_1_16' title="bbox 494 1034 2100 1112">
    <p class='ocr_par' dir='ltr' id='par_1_16' title="bbox 494 1036 2100 1110">
     <span class='ocr_line' id='line_1_16' title="bbox 494 1036 2100 1110; baseline -0.002 -16"><span class='ocrx_word' id='word_1_125' title='bbox 494 1040 574 1095; x_wconf 92' lang='lat' dir='ltr'>ris</span> <span class='ocrx_word' id='word_1_126' title='bbox 602 1039 786 1110; x_wconf 89' lang='lat' dir='ltr'>pedes</span> <span class='ocrx_word' id='word_1_127' title='bbox 836 1054 895 1093; x_wconf 92' lang='lat' dir='ltr'>se</span> <span class='ocrx_word' id='word_1_128' title='bbox 945 1037 1313 1108; x_wconf 90' lang='lat' dir='ltr'>abjicientes,</span> <span class='ocrx_word' id='word_1_129' title='bbox 1349 1052 1485 1092; x_wconf 90' lang='lat' dir='ltr'>eum</span> <span class='ocrx_word' id='word_1_130' title='bbox 1542 1042 1844 1107; x_wconf 83' lang='lat' dir='ltr'>rogarunt,</span> <span class='ocrx_word' id='word_1_131' title='bbox 1876 1042 1937 1092; x_wconf 89' lang='lat' dir='ltr'>ut</span> <span class='ocrx_word' id='word_1_132' title='bbox 1986 1036 2100 1091; x_wconf 87' lang='lat' dir='ltr'>Chr</span> 
     </span>
    </p>
   </div>
   <div class='ocr_carea' id='block_1_17' title="bbox 2258 1034 3864 1112">
    <p class='ocr_par' dir='ltr' id='par_1_17' title="bbox 2258 1034 3864 1112">
     <span class='ocr_line' id='line_1_17' title="bbox 2258 1034 3864 1112; baseline 0.006 -26"><span class='ocrx_word' id='word_1_133' title='bbox 2258 1034 2417 1100; x_wconf 80' lang='grc' dir='ltr'>λιῐ;ἣ</span> <span class='ocrx_word' id='word_1_134' title='bbox 2472 1037 2707 1095; x_wconf 75' lang='grc' dir='ltr'>ἠκούσθη</span> <span class='ocrx_word' id='word_1_135' title='bbox 2768 1042 2909 1107; x_wconf 73' lang='grc' dir='ltr'>ποτὲ,</span> <span class='ocrx_word' id='word_1_136' title='bbox 2961 1041 3029 1101; x_wconf 85' lang='grc' dir='ltr'>ὡς</span> <span class='ocrx_word' id='word_1_137' title='bbox 3067 1047 3153 1091; x_wconf 77' lang='grc' dir='ltr'>νῦν</span> <span class='ocrx_word' id='word_1_138' title='bbox 3209 1041 3536 1112; x_wconf 73' lang='grc' dir='ltr'>ἠκούσαμεν;</span> <span class='ocrx_word' id='word_1_139' title='bbox 3574 1048 3673 1095; x_wconf 85' lang='grc' dir='ltr'>Καὶ</span> <span class='ocrx_word' id='word_1_140' title='bbox 3738 1040 3864 1102; x_wconf 71' lang='grc' dir='ltr'>διη-</span> 
     </span>
    </p>
   </div>
   <div class='ocr_carea' id='block_1_18' title="bbox 496 1124 2102 1203">
    <p class='ocr_par' dir='ltr' id='par_1_18' title="bbox 496 1125 1756 1197">
     <span class='ocr_line' id='line_1_18' title="bbox 496 1125 1756 1197; baseline -0.002 -14"><span class='ocrx_word' id='word_1_141' title='bbox 496 1128 706 1183; x_wconf 71' lang='lat' dir='ltr'>stiana:</span> <span class='ocrx_word' id='word_1_142' title='bbox 730 1127 857 1182; x_wconf 81' lang='lat' dir='ltr'>ﬁdei</span> <span class='ocrx_word' id='word_1_143' title='bbox 889 1127 1221 1182; x_wconf 83' lang='lat' dir='ltr'>doctrinam</span> <span class='ocrx_word' id='word_1_144' title='bbox 1249 1125 1396 1196; x_wconf 88' lang='lat' dir='ltr'>ipsis</span> <span class='ocrx_word' id='word_1_145' title='bbox 1416 1133 1756 1197; x_wconf 84' lang='lat' dir='ltr'>exponeret.</span> 
     </span>
    </p>
   </div>
   <div class='ocr_carea' id='block_1_19' title="bbox 2260 1124 3866 1203">
    <p class='ocr_par' dir='ltr' id='par_1_19' title="bbox 2260 1124 3866 1203">
     <span class='ocr_line' id='line_1_19' title="bbox 2260 1124 3866 1203; baseline 0.005 -27"><span class='ocrx_word' id='word_1_146' title='bbox 2260 1130 2445 1199; x_wconf 83' lang='grc' dir='ltr'>πόρουν</span> <span class='ocrx_word' id='word_1_147' title='bbox 2490 1130 2604 1198; x_wconf 83' lang='grc' dir='ltr'>περὶ</span> <span class='ocrx_word' id='word_1_148' title='bbox 2648 1129 2853 1182; x_wconf 88' lang='grc' dir='ltr'>τούτου.</span> <span class='ocrx_word' id='word_1_149' title='bbox 2890 1127 3070 1180; x_wconf 83' lang='grc' dir='ltr'>Πολλοὶ</span> <span class='ocrx_word' id='word_1_150' title='bbox 3111 1124 3170 1181; x_wconf 78' lang='grc' dir='ltr'>δε</span> <span class='ocrx_word' id='word_1_151' title='bbox 3219 1138 3318 1181; x_wconf 86' lang='grc' dir='ltr'>τῶν</span> <span class='ocrx_word' id='word_1_152' title='bbox 3374 1126 3655 1203; x_wconf 74' lang='grc' dir='ltr'>δεσμωτῶν</span> <span class='ocrx_word' id='word_1_153' title='bbox 3698 1132 3866 1185; x_wconf 83' lang='grc' dir='ltr'>ἀκού-</span> 
     </span>
    </p>
   </div>
   <div class='ocr_carea' id='block_1_20' title="bbox 496 1214 3862 1291">
    <p class='ocr_par' dir='ltr' id='par_1_20' title="bbox 496 1214 3862 1291">
     <span class='ocr_line' id='line_1_20' title="bbox 496 1214 3862 1291; baseline 0.001 -22"><span class='ocrx_word' id='word_1_154' title='bbox 496 1237 678 1279; x_wconf 88' lang='grc' dir='ltr'>σαντες</span> <span class='ocrx_word' id='word_1_155' title='bbox 723 1224 906 1279; x_wconf 87' lang='grc' dir='ltr'>ταῦτα,</span> <span class='ocrx_word' id='word_1_156' title='bbox 943 1215 1253 1268; x_wconf 85' lang='grc' dir='ltr'>ἐπίστευσαν</span> <span class='ocrx_word' id='word_1_157' title='bbox 1303 1223 1375 1285; x_wconf 84' lang='grc' dir='ltr'>τῷ</span> <span class='ocrx_word' id='word_1_158' title='bbox 1424 1214 1557 1286; x_wconf 85' lang='grc' dir='ltr'>λόγῳ</span> <span class='ocrx_word' id='word_1_159' title='bbox 1607 1219 1696 1267; x_wconf 83' lang='grc' dir='ltr'>καὶ</span> <span class='ocrx_word' id='word_1_160' title='bbox 1740 1222 1855 1285; x_wconf 74' lang='grc' dir='ltr'>Θεῷ</span> <span class='ocrx_word' id='word_1_161' title='bbox 1908 1218 1998 1266; x_wconf 86' lang='grc' dir='ltr'>καὶ</span> <span class='ocrx_word' id='word_1_162' title='bbox 2046 1217 2373 1287; x_wconf 74' lang='grc' dir='ltr'>προσέπεσαν</span> <span class='ocrx_word' id='word_1_163' title='bbox 2416 1224 2488 1285; x_wconf 81' lang='grc' dir='ltr'>τῷ</span> <span class='ocrx_word' id='word_1_164' title='bbox 2542 1220 2782 1291; x_wconf 79' lang='grc' dir='ltr'>μακαρίῳ</span> <span class='ocrx_word' id='word_1_165' title='bbox 2822 1218 3052 1290; x_wconf 77' lang='grc' dir='ltr'>μάρτυρι</span> <span class='ocrx_word' id='word_1_166' title='bbox 3084 1217 3333 1290; x_wconf 84' lang='grc' dir='ltr'>Ἀκακίῳ,</span> <span class='ocrx_word' id='word_1_167' title='bbox 3367 1218 3647 1286; x_wconf 80' lang='grc' dir='ltr'>ἀξιοῦντες,</span> <span class='ocrx_word' id='word_1_168' title='bbox 3682 1222 3862 1288; x_wconf 72' lang='grc' dir='ltr'>αὐτόν,</span> 
     </span>
    </p>
   </div>
   <div class='ocr_carea' id='block_1_21' title="bbox 496 1304 1658 1375">
    <p class='ocr_par' dir='ltr' id='par_1_21' title="bbox 496 1304 1658 1375">
     <span class='ocr_line' id='line_1_21' title="bbox 496 1304 1658 1375; baseline -0.004 -15"><span class='ocrx_word' id='word_1_169' title='bbox 496 1310 764 1366; x_wconf 83' lang='grc' dir='ltr'>εκτεθῆναι</span> <span class='ocrx_word' id='word_1_170' title='bbox 792 1306 969 1366; x_wconf 73' lang='grc' dir='ltr'>αὐτοῖς</span> <span class='ocrx_word' id='word_1_171' title='bbox 999 1309 1085 1357; x_wconf 88' lang='grc' dir='ltr'>τόν</span> <span class='ocrx_word' id='word_1_172' title='bbox 1115 1304 1264 1375; x_wconf 87' lang='grc' dir='ltr'>λόγον</span> <span class='ocrx_word' id='word_1_173' title='bbox 1294 1313 1388 1366; x_wconf 85' lang='grc' dir='ltr'>τῆς</span> <span class='ocrx_word' id='word_1_174' title='bbox 1415 1309 1658 1366; x_wconf 87' lang='grc' dir='ltr'>πίστεως.</span> 
     </span>
    </p>
   </div>
   <div class='ocr_carea' id='block_1_22' title="bbox 565 1390 2171 1470">
    <p class='ocr_par' dir='ltr' id='par_1_22' title="bbox 565 1390 2151 1465">
     <span class='ocr_line' id='line_1_22' title="bbox 565 1390 2151 1465; baseline -0.004 -13"><span class='ocrx_word' id='word_1_175' title='bbox 565 1398 695 1452; x_wconf 83' lang='lat' dir='ltr'>XIV.</span> <span class='ocrx_word' id='word_1_176' title='bbox 726 1398 886 1451; x_wconf 90' lang='lat' dir='ltr'>Tunc</span> <span class='ocrx_word' id='word_1_177' title='bbox 914 1394 1094 1464; x_wconf 84' lang='lat' dir='ltr'>igitur</span> <span class='ocrx_word' id='word_1_178' title='bbox 1126 1400 1347 1465; x_wconf 82' lang='lat' dir='ltr'>martyr</span> <span class='ocrx_word' id='word_1_179' title='bbox 1374 1394 1624 1449; x_wconf 82' lang='lat' dir='ltr'>Aeacius</span> <span class='ocrx_word' id='word_1_180' title='bbox 1674 1408 1795 1448; x_wconf 89' lang='lat' dir='ltr'>una</span> <span class='ocrx_word' id='word_1_181' title='bbox 1850 1408 1985 1447; x_wconf 91' lang='lat' dir='ltr'>cum</span> <span class='ocrx_word' id='word_1_182' title='bbox 2040 1390 2151 1447; x_wconf 89' lang='lat' dir='ltr'>illis</span> 
     </span>
    </p>
   </div>
   <div class='ocr_carea' id='block_1_23' title="bbox 2259 1390 3865 1470">
    <p class='ocr_par' dir='ltr' id='par_1_23' title="bbox 2333 1391 3865 1470">
     <span class='ocr_line' id='line_1_23' title="bbox 2333 1391 3865 1470; baseline 0.007 -25"><span class='ocrx_word' id='word_1_183' title='bbox 2333 1391 2429 1446; x_wconf 84' lang='grc' dir='ltr'>ΙΔ’.</span> <span class='ocrx_word' id='word_1_184' title='bbox 2470 1396 2597 1445; x_wconf 86' lang='grc' dir='ltr'>Τότε</span> <span class='ocrx_word' id='word_1_185' title='bbox 2642 1402 2767 1465; x_wconf 89' lang='grc' dir='ltr'>γοῦν</span> <span class='ocrx_word' id='word_1_186' title='bbox 2816 1396 2841 1446; x_wconf 99' lang='lat'>6</span> <span class='ocrx_word' id='word_1_187' title='bbox 2871 1396 3021 1466; x_wconf 88' lang='grc' dir='ltr'>οἷγιος</span> <span class='ocrx_word' id='word_1_188' title='bbox 3063 1398 3260 1470; x_wconf 78' lang='grc' dir='ltr'>μάρτυς</span> <span class='ocrx_word' id='word_1_189' title='bbox 3313 1400 3405 1450; x_wconf 80' lang='grc' dir='ltr'>σὺν</span> <span class='ocrx_word' id='word_1_190' title='bbox 3452 1398 3624 1461; x_wconf 77' lang='grc' dir='ltr'>αὐτοῖς</span> <span class='ocrx_word' id='word_1_191' title='bbox 3668 1397 3865 1456; x_wconf 76' lang='grc' dir='ltr'>ὁδεύων</span> 
     </span>
    </p>
   </div>
   <div class='ocr_carea' id='block_1_24' title="bbox 492 1481 2098 1562">
    <p class='ocr_par' dir='ltr' id='par_1_24' title="bbox 492 1481 2098 1555">
     <span class='ocr_line' id='line_1_24' title="bbox 492 1481 2098 1555; baseline -0.006 -12"><span class='ocrx_word' id='word_1_192' title='bbox 492 1486 602 1543; x_wconf 88' lang='lat' dir='ltr'>iter</span> <span class='ocrx_word' id='word_1_193' title='bbox 634 1486 858 1541; x_wconf 89' lang='lat' dir='ltr'>faciens</span> <span class='ocrx_word' id='word_1_194' title='bbox 891 1502 901 1539; x_wconf 92' lang='lat'>:</span> <span class='ocrx_word' id='word_1_195' title='bbox 942 1486 1125 1554; x_wconf 90' lang='lat' dir='ltr'>«Ego,</span> <span class='ocrx_word' id='word_1_196' title='bbox 1158 1482 1369 1555; x_wconf 89' lang='lat' dir='ltr'>inquit,</span> <span class='ocrx_word' id='word_1_197' title='bbox 1390 1482 1636 1555; x_wconf 89' lang='lat' dir='ltr'>paulum</span> <span class='ocrx_word' id='word_1_198' title='bbox 1681 1482 1963 1553; x_wconf 90' lang='lat' dir='ltr'>temporis</span> <span class='ocrx_word' id='word_1_199' title='bbox 1983 1481 2098 1536; x_wconf 57' lang='lat' dir='ltr'>mili</span> 
     </span>
    </p>
   </div>
   <div class='ocr_carea' id='block_1_25' title="bbox 2262 1481 3868 1562">
    <p class='ocr_par' dir='ltr' id='par_1_25' title="bbox 2262 1481 3868 1562">
     <span class='ocr_line' id='line_1_25' title="bbox 2262 1481 3868 1562; baseline 0.006 -29"><span class='ocrx_word' id='word_1_200' title='bbox 2262 1483 2463 1553; x_wconf 81' lang='grc' dir='ltr'>ἔλεγεν”</span> <span class='ocrx_word' id='word_1_201' title='bbox 2520 1482 2652 1554; x_wconf 80' lang='grc' dir='ltr'>Ἐγὼ</span> <span class='ocrx_word' id='word_1_202' title='bbox 2696 1486 2806 1556; x_wconf 74' lang='grc' dir='ltr'>μὲν,</span> <span class='ocrx_word' id='word_1_203' title='bbox 2858 1481 3091 1558; x_wconf 76' lang='grc' dir='ltr'>ἀδελφοὶ,</span> <span class='ocrx_word' id='word_1_204' title='bbox 3144 1485 3194 1538; x_wconf 82' lang='grc' dir='ltr'>ἐν</span> <span class='ocrx_word' id='word_1_205' title='bbox 3247 1486 3405 1559; x_wconf 84' lang='grc' dir='ltr'>ὀλίγῳ</span> <span class='ocrx_word' id='word_1_206' title='bbox 3472 1494 3647 1561; x_wconf 80' lang='grc' dir='ltr'>χρόνῳ</span> <span class='ocrx_word' id='word_1_207' title='bbox 3700 1489 3868 1562; x_wconf 78' lang='grc' dir='ltr'>ἐγενό-</span> 
     </span>
    </p>
   </div>
   <div class='ocr_carea' id='block_1_26' title="bbox 493 1573 2099 1652">
    <p class='ocr_par' dir='ltr' id='par_1_26' title="bbox 493 1573 2099 1648">
     <span class='ocr_line' id='line_1_26' title="bbox 493 1573 2099 1648; baseline -0.003 -17"><span class='ocrx_word' id='word_1_208' title='bbox 493 1576 599 1643; x_wconf 89' lang='lat' dir='ltr'>fui,</span> <span class='ocrx_word' id='word_1_209' title='bbox 616 1577 714 1631; x_wconf 90' lang='lat' dir='ltr'>sed</span> <span class='ocrx_word' id='word_1_210' title='bbox 734 1576 895 1648; x_wconf 90' lang='lat' dir='ltr'>apud</span> <span class='ocrx_word' id='word_1_211' title='bbox 912 1574 1253 1630; x_wconf 88' lang='lat' dir='ltr'>sacerdotes</span> <span class='ocrx_word' id='word_1_212' title='bbox 1275 1573 1581 1637; x_wconf 84' lang='lat' dir='ltr'>educatus,</span> <span class='ocrx_word' id='word_1_213' title='bbox 1598 1573 1735 1644; x_wconf 93' lang='lat' dir='ltr'>quin</span> <span class='ocrx_word' id='word_1_214' title='bbox 1750 1574 1926 1627; x_wconf 90' lang='lat' dir='ltr'>etiam</span> <span class='ocrx_word' id='word_1_215' title='bbox 1961 1587 2099 1641; x_wconf 87' lang='lat' dir='ltr'>gent</span> 
     </span>
    </p>
   </div>
   <div class='ocr_carea' id='block_1_27' title="bbox 2262 1573 3868 1652">
    <p class='ocr_par' dir='ltr' id='par_1_27' title="bbox 2262 1574 3868 1652">
     <span class='ocr_line' id='line_1_27' title="bbox 2262 1574 3868 1652; baseline 0.007 -31"><span class='ocrx_word' id='word_1_216' title='bbox 2262 1591 2359 1641; x_wconf 89' lang='grc' dir='ltr'>μην</span> <span class='ocrx_word' id='word_1_217' title='bbox 2420 1579 2766 1645; x_wconf 77' lang='grc' dir='ltr'>στρατιώτης,</span> <span class='ocrx_word' id='word_1_218' title='bbox 2812 1574 3055 1636; x_wconf 71' lang='grc' dir='ltr'>αὐξηθεὶς</span> <span class='ocrx_word' id='word_1_219' title='bbox 3103 1576 3171 1637; x_wconf 86' lang='grc' dir='ltr'>εἰς</span> <span class='ocrx_word' id='word_1_220' title='bbox 3232 1584 3417 1651; x_wconf 84' lang='grc' dir='ltr'>χεῖρας</span> <span class='ocrx_word' id='word_1_221' title='bbox 3476 1580 3681 1652; x_wconf 83' lang='grc' dir='ltr'>ἱερέων·</span> <span class='ocrx_word' id='word_1_222' title='bbox 3733 1579 3868 1632; x_wconf 87' lang='grc' dir='ltr'>ἀλλὰ</span> 
     </span>
    </p>
   </div>
   <div class='ocr_carea' id='block_1_28' title="bbox 494 1661 2100 1738">
    <p class='ocr_par' dir='ltr' id='par_1_28' title="bbox 494 1661 2100 1732">
     <span class='ocr_line' id='line_1_28' title="bbox 494 1661 2100 1732; baseline -0.004 -10"><span class='ocrx_word' id='word_1_223' title='bbox 494 1683 523 1721; x_wconf 92' lang='lat' dir='ltr'>e</span> <span class='ocrx_word' id='word_1_224' title='bbox 554 1665 963 1721; x_wconf 81' lang='lat' dir='ltr'>sacerdotibus</span> <span class='ocrx_word' id='word_1_225' title='bbox 994 1664 1240 1730; x_wconf 91' lang='lat' dir='ltr'>ducens,</span> <span class='ocrx_word' id='word_1_226' title='bbox 1274 1662 1522 1718; x_wconf 90' lang='lat' dir='ltr'>memini</span> <span class='ocrx_word' id='word_1_227' title='bbox 1561 1662 1767 1718; x_wconf 89' lang='lat' dir='ltr'>audire</span> <span class='ocrx_word' id='word_1_228' title='bbox 1824 1661 1982 1732; x_wconf 89' lang='lat' dir='ltr'>ipsos</span> <span class='ocrx_word' id='word_1_229' title='bbox 2023 1661 2100 1715; x_wconf 77' lang='lat' dir='ltr'>ha</span> 
     </span>
    </p>
   </div>
   <div class='ocr_carea' id='block_1_29' title="bbox 2260 1661 3866 1738">
    <p class='ocr_par' dir='ltr' id='par_1_29' title="bbox 2260 1664 3866 1738">
     <span class='ocr_line' id='line_1_29' title="bbox 2260 1664 3866 1738; baseline 0.007 -28"><span class='ocrx_word' id='word_1_230' title='bbox 2260 1665 2345 1712; x_wconf 82' lang='grc' dir='ltr'>καὶ</span> <span class='ocrx_word' id='word_1_231' title='bbox 2396 1664 2540 1731; x_wconf 84' lang='grc' dir='ltr'>γένος</span> <span class='ocrx_word' id='word_1_232' title='bbox 2603 1664 2741 1733; x_wconf 83' lang='grc' dir='ltr'>ἔχων</span> <span class='ocrx_word' id='word_1_233' title='bbox 2804 1665 3081 1736; x_wconf 78' lang='grc' dir='ltr'>ἱερατικὸν,</span> <span class='ocrx_word' id='word_1_234' title='bbox 3141 1668 3409 1738; x_wconf 81' lang='grc' dir='ltr'>μέμνημαι</span> <span class='ocrx_word' id='word_1_235' title='bbox 3480 1667 3647 1719; x_wconf 82' lang='grc' dir='ltr'>αύτών</span> <span class='ocrx_word' id='word_1_236' title='bbox 3702 1665 3866 1722; x_wconf 79' lang='grc' dir='ltr'>διδα-</span> 
     </span>
    </p>
   </div>
   <div class='ocr_carea' id='block_1_30' title="bbox 493 1748 2099 1826">
    <p class='ocr_par' dir='ltr' id='par_1_30' title="bbox 493 1749 2099 1825">
     <span class='ocr_line' id='line_1_30' title="bbox 493 1749 2099 1825; baseline -0.004 -15"><span class='ocrx_word' id='word_1_237' title='bbox 493 1755 795 1823; x_wconf 88' lang='lat' dir='ltr'>docentes,</span> <span class='ocrx_word' id='word_1_238' title='bbox 826 1752 1347 1825; x_wconf 89' lang='lat' dir='ltr'>quemadmodum</span> <span class='ocrx_word' id='word_1_239' title='bbox 1376 1751 1530 1807; x_wconf 92' lang='lat' dir='ltr'>Deus</span> <span class='ocrx_word' id='word_1_240' title='bbox 1556 1751 1702 1823; x_wconf 89' lang='lat' dir='ltr'>ipse,</span> <span class='ocrx_word' id='word_1_241' title='bbox 1727 1765 1865 1805; x_wconf 89' lang='lat' dir='ltr'>cum</span> <span class='ocrx_word' id='word_1_242' title='bbox 1895 1749 2099 1805; x_wconf 87' lang='lat' dir='ltr'>homin</span> 
     </span>
    </p>
   </div>
   <div class='ocr_carea' id='block_1_31' title="bbox 2257 1748 3863 1826">
    <p class='ocr_par' dir='ltr' id='par_1_31' title="bbox 2260 1752 3863 1826">
     <span class='ocr_line' id='line_1_31' title="bbox 2260 1752 3863 1826; baseline 0.008 -28"><span class='ocrx_word' id='word_1_243' title='bbox 2260 1752 2501 1815; x_wconf 92' lang='grc' dir='ltr'>σκόντων,</span> <span class='ocrx_word' id='word_1_244' title='bbox 2571 1752 2649 1802; x_wconf 86' lang='grc' dir='ltr'>ὅτι</span> <span class='ocrx_word' id='word_1_245' title='bbox 2704 1754 2728 1803; x_wconf 94' lang='lat'>6</span> <span class='ocrx_word' id='word_1_246' title='bbox 2786 1752 3137 1826; x_wconf 85' lang='grc' dir='ltr'>φιλάνθρωπος</span> <span class='ocrx_word' id='word_1_247' title='bbox 3193 1758 3315 1817; x_wconf 86' lang='grc' dir='ltr'>Θεὸς</span> <span class='ocrx_word' id='word_1_248' title='bbox 3369 1755 3523 1807; x_wconf 80' lang='grc' dir='ltr'>θέλων</span> <span class='ocrx_word' id='word_1_249' title='bbox 3581 1761 3665 1809; x_wconf 85' lang='grc' dir='ltr'>τόν</span> <span class='ocrx_word' id='word_1_250' title='bbox 3714 1756 3863 1811; x_wconf 73' lang='grc' dir='ltr'>ἐκπε-</span> 
     </span>
    </p>
   </div>
   <div class='ocr_carea' id='block_1_32' title="bbox 492 1819 2098 1917">
    <p class='ocr_par' dir='ltr' id='par_1_32' title="bbox 492 1838 2098 1916">
     <span class='ocr_line' id='line_1_32' title="bbox 492 1838 2098 1916; baseline -0.003 -18"><span class='ocrx_word' id='word_1_251' title='bbox 492 1844 595 1916; x_wconf 91' lang='lat' dir='ltr'>qui</span> <span class='ocrx_word' id='word_1_252' title='bbox 620 1860 650 1898; x_wconf 94' lang='lat' dir='ltr'>e</span> <span class='ocrx_word' id='word_1_253' title='bbox 677 1842 959 1915; x_wconf 90' lang='lat' dir='ltr'>paradiso</span> <span class='ocrx_word' id='word_1_254' title='bbox 987 1842 1303 1909; x_wconf 83' lang='lat' dir='ltr'>exciderat,</span> <span class='ocrx_word' id='word_1_255' title='bbox 1333 1841 1587 1897; x_wconf 82' lang='lat' dir='ltr'>salutem</span> <span class='ocrx_word' id='word_1_256' title='bbox 1643 1839 1805 1905; x_wconf 90' lang='lat' dir='ltr'>dare,</span> <span class='ocrx_word' id='word_1_257' title='bbox 1835 1844 1890 1894; x_wconf 90' lang='lat' dir='ltr'>et</span> <span class='ocrx_word' id='word_1_258' title='bbox 1936 1838 2014 1894; x_wconf 89' lang='lat' dir='ltr'>ab</span> <span class='ocrx_word' id='word_1_259' title='bbox 2057 1838 2098 1893; x_wconf 77' lang='lat' dir='ltr'>ir</span> 
     </span>
    </p>
   </div>
   <div class='ocr_carea' id='block_1_33' title="bbox 2253 1819 3859 1917">
    <p class='ocr_par' dir='ltr' id='par_1_33' title="bbox 2259 1837 3859 1917">
     <span class='ocr_line' id='line_1_33' title="bbox 2259 1837 3859 1917; baseline 0.008 -30"><span class='ocrx_word' id='word_1_260' title='bbox 2259 1840 2415 1889; x_wconf 89' lang='grc' dir='ltr'>σόντα</span> <span class='ocrx_word' id='word_1_261' title='bbox 2459 1837 2512 1889; x_wconf 81' lang='grc' dir='ltr'>ἐκ</span> <span class='ocrx_word' id='word_1_262' title='bbox 2556 1848 2646 1891; x_wconf 83' lang='grc' dir='ltr'>τοῦ</span> <span class='ocrx_word' id='word_1_263' title='bbox 2695 1838 3022 1915; x_wconf 78' lang='grc' dir='ltr'>παραδείσου</span> <span class='ocrx_word' id='word_1_264' title='bbox 3058 1851 3225 1895; x_wconf 72' lang='grc' dir='ltr'>σῶσαι</span> <span class='ocrx_word' id='word_1_265' title='bbox 3271 1849 3360 1895; x_wconf 84' lang='grc' dir='ltr'>καὶ</span> <span class='ocrx_word' id='word_1_266' title='bbox 3394 1843 3669 1917; x_wconf 70' lang='grc' dir='ltr'>ἀναγαγεῖν</span> <span class='ocrx_word' id='word_1_267' title='bbox 3701 1846 3859 1899; x_wconf 68' lang='grc' dir='ltr'>αὐτόν</span> 
     </span>
    </p>
   </div>
   <div class='ocr_carea' id='block_1_34' title="bbox 491 1923 2097 1997">
    <p class='ocr_par' dir='ltr' id='par_1_34' title="bbox 491 1928 2097 1996">
     <span class='ocr_line' id='line_1_34' title="bbox 491 1928 2097 1996; baseline -0.003 -8"><span class='ocrx_word' id='word_1_268' title='bbox 491 1932 631 1988; x_wconf 83' lang='lat' dir='ltr'>feris</span> <span class='ocrx_word' id='word_1_269' title='bbox 662 1949 797 1987; x_wconf 89' lang='lat' dir='ltr'>cum</span> <span class='ocrx_word' id='word_1_270' title='bbox 827 1932 1078 1988; x_wconf 91' lang='lat' dir='ltr'>educere</span> <span class='ocrx_word' id='word_1_271' title='bbox 1101 1930 1295 1996; x_wconf 90' lang='lat' dir='ltr'>vellet,</span> <span class='ocrx_word' id='word_1_272' title='bbox 1331 1930 1489 1985; x_wconf 88' lang='lat' dir='ltr'>misit</span> <span class='ocrx_word' id='word_1_273' title='bbox 1543 1930 1602 1985; x_wconf 93' lang='lat' dir='ltr'>in</span> <span class='ocrx_word' id='word_1_274' title='bbox 1640 1929 1800 1984; x_wconf 89' lang='lat' dir='ltr'>hunc</span> <span class='ocrx_word' id='word_1_275' title='bbox 1846 1928 2097 1983; x_wconf 77' lang='lat' dir='ltr'>mundun</span> 
     </span>
    </p>
   </div>
   <div class='ocr_carea' id='block_1_35' title="bbox 2253 1923 3859 1997">
    <p class='ocr_par' dir='ltr' id='par_1_35' title="bbox 2254 1923 3859 1997">
     <span class='ocr_line' id='line_1_35' title="bbox 2254 1923 3859 1997; baseline 0.007 -21"><span class='ocrx_word' id='word_1_276' title='bbox 2254 1924 2307 1976; x_wconf 84' lang='grc' dir='ltr'>ἐκ</span> <span class='ocrx_word' id='word_1_277' title='bbox 2358 1934 2446 1977; x_wconf 90' lang='grc' dir='ltr'>τοῦ</span> <span class='ocrx_word' id='word_1_278' title='bbox 2494 1923 2650 1997; x_wconf 75' lang='grc' dir='ltr'>ᾅδου,</span> <span class='ocrx_word' id='word_1_279' title='bbox 2704 1928 2996 1983; x_wconf 82' lang='grc' dir='ltr'>ἀπέστειλεν</span> <span class='ocrx_word' id='word_1_280' title='bbox 3050 1935 3135 1983; x_wconf 88' lang='grc' dir='ltr'>τόν</span> <span class='ocrx_word' id='word_1_281' title='bbox 3195 1929 3465 1985; x_wconf 79' lang='grc' dir='ltr'>συναίδιον</span> <span class='ocrx_word' id='word_1_282' title='bbox 3517 1934 3676 1986; x_wconf 74' lang='grc' dir='ltr'>αὑτοῦ</span> <span class='ocrx_word' id='word_1_283' title='bbox 3734 1939 3859 1988; x_wconf 81' lang='grc' dir='ltr'>Υίὸν</span> 
     </span>
    </p>
   </div>
   <div class='ocr_carea' id='block_1_36' title="bbox 490 2017 2096 2092">
    <p class='ocr_par' dir='ltr' id='par_1_36' title="bbox 490 2017 2096 2088">
     <span class='ocr_line' id='line_1_36' title="bbox 490 2017 2096 2088; baseline -0.003 -11"><span class='ocrx_word' id='word_1_284' title='bbox 490 2028 854 2078; x_wconf 70' lang='lat' dir='ltr'>comternnm</span> <span class='ocrx_word' id='word_1_285' title='bbox 912 2020 1167 2076; x_wconf 90' lang='lat' dir='ltr'>Verbum</span> <span class='ocrx_word' id='word_1_286' title='bbox 1218 2037 1416 2075; x_wconf 88' lang='lat' dir='ltr'>suum.</span> <span class='ocrx_word' id='word_1_287' title='bbox 1447 2020 1697 2074; x_wconf 90' lang='lat' dir='ltr'>Veniens</span> <span class='ocrx_word' id='word_1_288' title='bbox 1738 2018 1915 2088; x_wconf 83' lang='lat' dir='ltr'>igitur</span> <span class='ocrx_word' id='word_1_289' title='bbox 1967 2017 2096 2072; x_wconf 73' lang='grc' dir='ltr'>Ρὶιὶι</span> 
     </span>
    </p>
   </div>
   <div class='ocr_carea' id='block_1_37' title="bbox 2252 2017 3858 2092">
    <p class='ocr_par' dir='ltr' id='par_1_37' title="bbox 2252 2018 3858 2092">
     <span class='ocr_line' id='line_1_37' title="bbox 2252 2018 3858 2092; baseline 0.008 -27"><span class='ocrx_word' id='word_1_290' title='bbox 2252 2020 2341 2066; x_wconf 85' lang='grc' dir='ltr'>καὶ</span> <span class='ocrx_word' id='word_1_291' title='bbox 2402 2020 2569 2087; x_wconf 83' lang='grc' dir='ltr'>Λόγον</span> <span class='ocrx_word' id='word_1_292' title='bbox 2624 2018 2695 2081; x_wconf 89' lang='grc' dir='ltr'>εἰς</span> <span class='ocrx_word' id='word_1_293' title='bbox 2751 2023 2836 2070; x_wconf 88' lang='grc' dir='ltr'>τόν</span> <span class='ocrx_word' id='word_1_294' title='bbox 2889 2025 3107 2092; x_wconf 80' lang='grc' dir='ltr'>κόσμον,</span> <span class='ocrx_word' id='word_1_295' title='bbox 3167 2026 3255 2073; x_wconf 86' lang='grc' dir='ltr'>καὶ</span> <span class='ocrx_word' id='word_1_296' title='bbox 3300 2021 3454 2074; x_wconf 82' lang='grc' dir='ltr'>ἐλθὼν</span> <span class='ocrx_word' id='word_1_297' title='bbox 3508 2024 3533 2075; x_wconf 91' lang='grc' dir='ltr'>ό</span> <span class='ocrx_word' id='word_1_298' title='bbox 3586 2027 3703 2085; x_wconf 72' lang='grc' dir='ltr'>Υἱός</span> <span class='ocrx_word' id='word_1_299' title='bbox 3761 2034 3858 2078; x_wconf 88' lang='grc' dir='ltr'>τοῦ</span> 
     </span>
    </p>
   </div>
   <div class='ocr_carea' id='block_1_38' title="bbox 489 2106 2095 2188">
    <p class='ocr_par' dir='ltr' id='par_1_38' title="bbox 489 2106 2095 2181">
     <span class='ocr_line' id='line_1_38' title="bbox 489 2106 2095 2181; baseline -0.003 -16"><span class='ocrx_word' id='word_1_300' title='bbox 489 2112 605 2177; x_wconf 90' lang='lat' dir='ltr'>Dei,</span> <span class='ocrx_word' id='word_1_301' title='bbox 631 2126 874 2167; x_wconf 88' lang='lat' dir='ltr'>carnem</span> <span class='ocrx_word' id='word_1_302' title='bbox 901 2111 1162 2181; x_wconf 90' lang='lat' dir='ltr'>suscepit</span> <span class='ocrx_word' id='word_1_303' title='bbox 1214 2126 1282 2164; x_wconf 88' lang='lat' dir='ltr'>ex</span> <span class='ocrx_word' id='word_1_304' title='bbox 1328 2112 1534 2165; x_wconf 86' lang='lat' dir='ltr'>sancta</span> <span class='ocrx_word' id='word_1_305' title='bbox 1576 2107 1808 2176; x_wconf 81' lang='lat' dir='ltr'>Virgine</span> <span class='ocrx_word' id='word_1_306' title='bbox 1862 2106 2095 2172; x_wconf 69' lang='lat' dir='ltr'>Maria,t</span> 
     </span>
    </p>
   </div>
   <div class='ocr_carea' id='block_1_39' title="bbox 2252 2106 3858 2188">
    <p class='ocr_par' dir='ltr' id='par_1_39' title="bbox 2253 2107 3858 2188">
     <span class='ocr_line' id='line_1_39' title="bbox 2253 2107 3858 2188; baseline 0.007 -33"><span class='ocrx_word' id='word_1_307' title='bbox 2253 2110 2385 2156; x_wconf 85' lang='grc' dir='ltr'>Θεοῦ</span> <span class='ocrx_word' id='word_1_308' title='bbox 2435 2115 2724 2178; x_wconf 88' lang='grc' dir='ltr'>σαρκοῦται</span> <span class='ocrx_word' id='word_1_309' title='bbox 2771 2107 2825 2159; x_wconf 84' lang='grc' dir='ltr'>ἐκ</span> <span class='ocrx_word' id='word_1_310' title='bbox 2864 2116 2959 2171; x_wconf 85' lang='grc' dir='ltr'>τῆς</span> <span class='ocrx_word' id='word_1_311' title='bbox 3006 2110 3154 2181; x_wconf 80' lang='grc' dir='ltr'>ἁγίας</span> <span class='ocrx_word' id='word_1_312' title='bbox 3204 2113 3465 2184; x_wconf 81' lang='grc' dir='ltr'>Παρθένου</span> <span class='ocrx_word' id='word_1_313' title='bbox 3516 2118 3721 2188; x_wconf 84' lang='grc' dir='ltr'>Μαρίας</span> <span class='ocrx_word' id='word_1_314' title='bbox 3762 2120 3858 2168; x_wconf 78' lang='grc' dir='ltr'>καὶ</span> 
     </span>
    </p>
   </div>
   <div class='ocr_carea' id='block_1_40' title="bbox 487 2196 2093 2275">
    <p class='ocr_par' dir='ltr' id='par_1_40' title="bbox 487 2196 2093 2272">
     <span class='ocr_line' id='line_1_40' title="bbox 487 2196 2093 2272; baseline -0.003 -18"><span class='ocrx_word' id='word_1_315' title='bbox 487 2201 681 2271; x_wconf 80' lang='lat' dir='ltr'>ﬁgura</span> <span class='ocrx_word' id='word_1_316' title='bbox 728 2215 1027 2272; x_wconf 89' lang='lat' dir='ltr'>apparens</span> <span class='ocrx_word' id='word_1_317' title='bbox 1079 2203 1141 2252; x_wconf 91' lang='lat' dir='ltr'>ut</span> <span class='ocrx_word' id='word_1_318' title='bbox 1197 2198 1402 2262; x_wconf 89' lang='lat' dir='ltr'>homo,</span> <span class='ocrx_word' id='word_1_319' title='bbox 1457 2212 1695 2252; x_wconf 90' lang='lat' dir='ltr'>crucem</span> <span class='ocrx_word' id='word_1_320' title='bbox 1755 2196 2093 2262; x_wconf 78' lang='lat' dir='ltr'>sustinuit,t</span> 
     </span>
    </p>
   </div>
   <div class='ocr_carea' id='block_1_41' title="bbox 2250 2196 3856 2275">
    <p class='ocr_par' dir='ltr' id='par_1_41' title="bbox 2252 2198 3856 2275">
     <span class='ocr_line' id='line_1_41' title="bbox 2252 2198 3856 2275; baseline 0.007 -32"><span class='ocrx_word' id='word_1_321' title='bbox 2252 2198 2496 2265; x_wconf 73' lang='grc' dir='ltr'>σχήματι</span> <span class='ocrx_word' id='word_1_322' title='bbox 2563 2201 2735 2266; x_wconf 79' lang='grc' dir='ltr'>φανεὶς</span> <span class='ocrx_word' id='word_1_323' title='bbox 2790 2199 2858 2259; x_wconf 83' lang='grc' dir='ltr'>ὡς</span> <span class='ocrx_word' id='word_1_324' title='bbox 2912 2199 3198 2271; x_wconf 80' lang='grc' dir='ltr'>ἄνθρωπος,</span> <span class='ocrx_word' id='word_1_325' title='bbox 3279 2204 3502 2275; x_wconf 86' lang='grc' dir='ltr'>σταυρὸν</span> <span class='ocrx_word' id='word_1_326' title='bbox 3587 2204 3856 2275; x_wconf 78' lang='grc' dir='ltr'>ὑπέμεινεν</span> 
     </span>
    </p>
   </div>
   <div class='ocr_carea' id='block_1_42' title="bbox 486 2280 2092 2366">
    <p class='ocr_par' dir='ltr' id='par_1_42' title="bbox 486 2286 2092 2361">
     <span class='ocr_line' id='line_1_42' title="bbox 486 2286 2092 2361; baseline -0.002 -18"><span class='ocrx_word' id='word_1_327' title='bbox 486 2289 714 2353; x_wconf 84' lang='lat' dir='ltr'>Adami,</span> <span class='ocrx_word' id='word_1_328' title='bbox 740 2290 843 2361; x_wconf 88' lang='lat' dir='ltr'>qui</span> <span class='ocrx_word' id='word_1_329' title='bbox 869 2290 981 2343; x_wconf 89' lang='lat' dir='ltr'>Deo</span> <span class='ocrx_word' id='word_1_330' title='bbox 1002 2303 1120 2343; x_wconf 90' lang='lat' dir='ltr'>non</span> <span class='ocrx_word' id='word_1_331' title='bbox 1144 2286 1507 2352; x_wconf 84' lang='lat' dir='ltr'>obediverat,</span> <span class='ocrx_word' id='word_1_332' title='bbox 1538 2291 1848 2356; x_wconf 88' lang='lat' dir='ltr'>peccatum</span> <span class='ocrx_word' id='word_1_333' title='bbox 1873 2300 1978 2357; x_wconf 92' lang='lat' dir='ltr'>per</span> <span class='ocrx_word' id='word_1_334' title='bbox 2006 2301 2092 2340; x_wconf 87' lang='lat' dir='ltr'>crt</span> 
     </span>
    </p>
   </div>
   <div class='ocr_carea' id='block_1_43' title="bbox 2250 2280 3856 2366">
    <p class='ocr_par' dir='ltr' id='par_1_43' title="bbox 2250 2280 3856 2366">
     <span class='ocr_line' id='line_1_43' title="bbox 2250 2280 3856 2366; baseline 0.008 -34"><span class='ocrx_word' id='word_1_335' title='bbox 2250 2280 2497 2345; x_wconf 80' lang='grc' dir='ltr'>ἑκουσίως</span> <span class='ocrx_word' id='word_1_336' title='bbox 2551 2281 2623 2336; x_wconf 75' lang='grc' dir='ltr'>δι’</span> <span class='ocrx_word' id='word_1_337' title='bbox 2692 2288 2849 2357; x_wconf 77' lang='grc' dir='ltr'>ἡμᾶς,</span> <span class='ocrx_word' id='word_1_338' title='bbox 2909 2289 2990 2339; x_wconf 84' lang='grc' dir='ltr'>ἵνα</span> <span class='ocrx_word' id='word_1_339' title='bbox 3045 2296 3136 2340; x_wconf 85' lang='grc' dir='ltr'>τοῦ</span> <span class='ocrx_word' id='word_1_340' title='bbox 3195 2286 3370 2361; x_wconf 81' lang='grc' dir='ltr'>’Λδάμ</span> <span class='ocrx_word' id='word_1_341' title='bbox 3426 2296 3519 2349; x_wconf 80' lang='grc' dir='ltr'>τὴν</span> <span class='ocrx_word' id='word_1_342' title='bbox 3578 2298 3856 2366; x_wconf 68' lang='grc' dir='ltr'>παρακοήν</span> 
     </span>
    </p>
   </div>
   <div class='ocr_carea' id='block_1_44' title="bbox 486 2369 2092 2450">
    <p class='ocr_par' dir='ltr' id='par_1_44' title="bbox 486 2374 2092 2450">
     <span class='ocr_line' id='line_1_44' title="bbox 486 2374 2092 2450; baseline -0.002 -17"><span class='ocrx_word' id='word_1_343' title='bbox 486 2378 568 2433; x_wconf 91' lang='lat' dir='ltr'>cis</span> <span class='ocrx_word' id='word_1_344' title='bbox 598 2378 826 2450; x_wconf 88' lang='lat' dir='ltr'>lignum</span> <span class='ocrx_word' id='word_1_345' title='bbox 854 2378 1212 2440; x_wconf 83' lang='lat' dir='ltr'>emendaret,</span> <span class='ocrx_word' id='word_1_346' title='bbox 1235 2381 1291 2432; x_wconf 88' lang='lat' dir='ltr'>et</span> <span class='ocrx_word' id='word_1_347' title='bbox 1311 2374 2092 2432; x_wconf 76' lang='lat' dir='ltr'>condemnationisremissit</span> 
     </span>
    </p>
   </div>
   <div class='ocr_carea' id='block_1_45' title="bbox 2249 2369 3855 2450">
    <p class='ocr_par' dir='ltr' id='par_1_45' title="bbox 2249 2369 3855 2450">
     <span class='ocr_line' id='line_1_45' title="bbox 2249 2369 3855 2450; baseline 0.008 -30"><span class='ocrx_word' id='word_1_348' title='bbox 2249 2370 2398 2422; x_wconf 88' lang='grc' dir='ltr'>πάλιν</span> <span class='ocrx_word' id='word_1_349' title='bbox 2457 2369 2550 2424; x_wconf 77' lang='grc' dir='ltr'>διὰ</span> <span class='ocrx_word' id='word_1_350' title='bbox 2602 2372 2754 2435; x_wconf 80' lang='grc' dir='ltr'>ξύλου</span> <span class='ocrx_word' id='word_1_351' title='bbox 2813 2384 2904 2428; x_wconf 89' lang='grc' dir='ltr'>τοῦ</span> <span class='ocrx_word' id='word_1_352' title='bbox 2969 2385 3198 2450; x_wconf 86' lang='grc' dir='ltr'>σταυροῦ</span> <span class='ocrx_word' id='word_1_353' title='bbox 3258 2380 3473 2437; x_wconf 77' lang='grc' dir='ltr'>ἰάσηται</span> <span class='ocrx_word' id='word_1_354' title='bbox 3538 2386 3626 2432; x_wconf 84' lang='grc' dir='ltr'>καὶ</span> <span class='ocrx_word' id='word_1_355' title='bbox 3684 2377 3855 2435; x_wconf 74' lang='grc' dir='ltr'>δώσει</span> 
     </span>
    </p>
   </div>
   <div class='ocr_carea' id='block_1_46' title="bbox 484 2460 2090 2545">
    <p class='ocr_par' dir='ltr' id='par_1_46' title="bbox 484 2464 2090 2539">
     <span class='ocr_line' id='line_1_46' title="bbox 484 2464 2090 2539; baseline -0.002 -17"><span class='ocrx_word' id='word_1_356' title='bbox 484 2483 622 2522; x_wconf 92' lang='lat' dir='ltr'>nem</span> <span class='ocrx_word' id='word_1_357' title='bbox 653 2468 705 2522; x_wconf 91' lang='lat' dir='ltr'>ei</span> <span class='ocrx_word' id='word_1_358' title='bbox 736 2467 1119 2529; x_wconf 87' lang='lat' dir='ltr'>condonaret,</span> <span class='ocrx_word' id='word_1_359' title='bbox 1146 2467 1276 2539; x_wconf 85' lang='lat' dir='ltr'>ipse</span> <span class='ocrx_word' id='word_1_360' title='bbox 1299 2482 1405 2537; x_wconf 89' lang='lat' dir='ltr'>pro</span> <span class='ocrx_word' id='word_1_361' title='bbox 1438 2465 1611 2520; x_wconf 89' lang='lat' dir='ltr'>nobis</span> <span class='ocrx_word' id='word_1_362' title='bbox 1633 2469 1832 2520; x_wconf 89' lang='lat' dir='ltr'>noster</span> <span class='ocrx_word' id='word_1_363' title='bbox 1856 2464 2090 2520; x_wconf 75' lang='lat' dir='ltr'>Domini</span> 
     </span>
    </p>
   </div>
   <div class='ocr_carea' id='block_1_47' title="bbox 2246 2460 3852 2545">
    <p class='ocr_par' dir='ltr' id='par_1_47' title="bbox 2247 2460 3852 2545">
     <span class='ocr_line' id='line_1_47' title="bbox 2247 2460 3852 2545; baseline 0.009 -35"><span class='ocrx_word' id='word_1_364' title='bbox 2247 2460 2386 2529; x_wconf 82' lang='grc' dir='ltr'>αύτῲ</span> <span class='ocrx_word' id='word_1_365' title='bbox 2440 2466 2532 2519; x_wconf 84' lang='grc' dir='ltr'>τὴν</span> <span class='ocrx_word' id='word_1_366' title='bbox 2585 2464 2766 2535; x_wconf 72' lang='grc' dir='ltr'>ἄφεσιν</span> <span class='ocrx_word' id='word_1_367' title='bbox 2834 2473 2927 2528; x_wconf 81' lang='grc' dir='ltr'>τῆς</span> <span class='ocrx_word' id='word_1_368' title='bbox 2982 2463 3295 2529; x_wconf 73' lang='grc' dir='ltr'>καταδίκης.</span> <span class='ocrx_word' id='word_1_369' title='bbox 3357 2468 3518 2529; x_wconf 81' lang='grc' dir='ltr'>Αύτὸς</span> <span class='ocrx_word' id='word_1_370' title='bbox 3570 2466 3656 2521; x_wconf 72' lang='grc' dir='ltr'>οὖν</span> <span class='ocrx_word' id='word_1_371' title='bbox 3716 2472 3852 2545; x_wconf 70' lang='grc' dir='ltr'>ὑπὲρ</span> 
     </span>
    </p>
   </div>
   <div class='ocr_carea' id='block_1_48' title="bbox 484 2549 2090 2629">
    <p class='ocr_par' dir='ltr' id='par_1_48' title="bbox 484 2552 2089 2625">
     <span class='ocr_line' id='line_1_48' title="bbox 484 2552 2089 2625; baseline -0.002 -16"><span class='ocrx_word' id='word_1_372' title='bbox 484 2556 745 2611; x_wconf 83' lang='lat' dir='ltr'>debitum</span> <span class='ocrx_word' id='word_1_373' title='bbox 782 2555 1017 2611; x_wconf 88' lang='lat' dir='ltr'>solvens</span> <span class='ocrx_word' id='word_1_374' title='bbox 1052 2578 1063 2619; x_wconf 85' lang='lat'><strong>;</strong></span> <span class='ocrx_word' id='word_1_375' title='bbox 1102 2572 1240 2611; x_wconf 89' lang='lat' dir='ltr'>nam</span> <span class='ocrx_word' id='word_1_376' title='bbox 1266 2571 1337 2610; x_wconf 92' lang='lat' dir='ltr'>eo</span> <span class='ocrx_word' id='word_1_377' title='bbox 1364 2554 1524 2625; x_wconf 87' lang='lat' dir='ltr'>quod</span> <span class='ocrx_word' id='word_1_378' title='bbox 1557 2552 1617 2607; x_wconf 94' lang='lat' dir='ltr'>in</span> <span class='ocrx_word' id='word_1_379' title='bbox 1634 2568 1807 2608; x_wconf 89' lang='lat' dir='ltr'>cruce</span> <span class='ocrx_word' id='word_1_380' title='bbox 1831 2552 1983 2607; x_wconf 84' lang='lat' dir='ltr'>ﬁxus</span> <span class='ocrx_word' id='word_1_381' title='bbox 2010 2552 2089 2606; x_wconf 82' lang='lat' dir='ltr'>fui</span> 
     </span>
    </p>
   </div>
   <div class='ocr_carea' id='block_1_49' title="bbox 2242 2549 3848 2629">
    <p class='ocr_par' dir='ltr' id='par_1_49' title="bbox 2247 2549 3848 2629">
     <span class='ocr_line' id='line_1_49' title="bbox 2247 2549 3848 2629; baseline 0.01 -31"><span class='ocrx_word' id='word_1_382' title='bbox 2247 2549 2391 2616; x_wconf 79' lang='grc' dir='ltr'>ἡμῶν</span> <span class='ocrx_word' id='word_1_383' title='bbox 2422 2554 2479 2602; x_wconf 83' lang='lat'>1&#39;6</span> <span class='ocrx_word' id='word_1_384' title='bbox 2523 2557 2677 2626; x_wconf 85' lang='grc' dir='ltr'>χρέος</span> <span class='ocrx_word' id='word_1_385' title='bbox 2725 2551 2952 2615; x_wconf 76' lang='grc' dir='ltr'>ἀποδούς</span> <span class='ocrx_word' id='word_1_386' title='bbox 2991 2557 3015 2607; x_wconf 93' lang='grc' dir='ltr'>ό</span> <span class='ocrx_word' id='word_1_387' title='bbox 3064 2560 3253 2625; x_wconf 84' lang='grc' dir='ltr'>Κύριος</span> <span class='ocrx_word' id='word_1_388' title='bbox 3303 2559 3464 2629; x_wconf 71' lang='grc' dir='ltr'>ἡμῶν,</span> <span class='ocrx_word' id='word_1_389' title='bbox 3512 2563 3601 2611; x_wconf 81' lang='grc' dir='ltr'>καὶ</span> <span class='ocrx_word' id='word_1_390' title='bbox 3646 2556 3741 2612; x_wconf 82' lang='grc' dir='ltr'>διὰ</span> <span class='ocrx_word' id='word_1_391' title='bbox 3790 2566 3848 2614; x_wconf 89' lang='grc' dir='ltr'>τό</span> 
     </span>
    </p>
   </div>
   <div class='ocr_carea' id='block_1_50' title="bbox 480 2640 2086 2721">
    <p class='ocr_par' dir='ltr' id='par_1_50' title="bbox 480 2641 2086 2716">
     <span class='ocr_line' id='line_1_50' title="bbox 480 2641 2086 2716; baseline -0.002 -17"><span class='ocrx_word' id='word_1_392' title='bbox 480 2644 969 2716; x_wconf 88' lang='lat' dir='ltr'>chirographum,</span> <span class='ocrx_word' id='word_1_393' title='bbox 1001 2644 1164 2716; x_wconf 91' lang='lat' dir='ltr'>quod</span> <span class='ocrx_word' id='word_1_394' title='bbox 1200 2648 1410 2700; x_wconf 88' lang='lat' dir='ltr'>contra</span> <span class='ocrx_word' id='word_1_395' title='bbox 1458 2658 1567 2698; x_wconf 91' lang='lat' dir='ltr'>nos</span> <span class='ocrx_word' id='word_1_396' title='bbox 1615 2645 1758 2707; x_wconf 91' lang='lat' dir='ltr'>erat,</span> <span class='ocrx_word' id='word_1_397' title='bbox 1792 2641 2052 2708; x_wconf 90' lang='lat' dir='ltr'>discidit,</span> <span class='ocrx_word' id='word_1_398' title='bbox 2084 2671 2086 2687; x_wconf 74' lang='grc' dir='ltr'>ι</span> 
     </span>
    </p>
   </div>
   <div class='ocr_carea' id='block_1_51' title="bbox 2246 2640 3852 2721">
    <p class='ocr_par' dir='ltr' id='par_1_51' title="bbox 2247 2640 3852 2721">
     <span class='ocr_line' id='line_1_51' title="bbox 2247 2640 3852 2721; baseline 0.009 -33"><span class='ocrx_word' id='word_1_399' title='bbox 2247 2640 2652 2712; x_wconf 73' lang='grc' dir='ltr'>προσηλωθῆναι</span> <span class='ocrx_word' id='word_1_400' title='bbox 2683 2651 2753 2713; x_wconf 80' lang='grc' dir='ltr'>τῷ</span> <span class='ocrx_word' id='word_1_401' title='bbox 2806 2652 3035 2719; x_wconf 78' lang='grc' dir='ltr'>σταυρῷ,</span> <span class='ocrx_word' id='word_1_402' title='bbox 3072 2650 3272 2716; x_wconf 86' lang='grc' dir='ltr'>σχίσας</span> <span class='ocrx_word' id='word_1_403' title='bbox 3319 2651 3376 2699; x_wconf 85' lang='grc' dir='ltr'>τό</span> <span class='ocrx_word' id='word_1_404' title='bbox 3409 2649 3523 2699; x_wconf 84' lang='grc' dir='ltr'>καθ’</span> <span class='ocrx_word' id='word_1_405' title='bbox 3555 2650 3700 2720; x_wconf 75' lang='grc' dir='ltr'>ἡμῶν</span> <span class='ocrx_word' id='word_1_406' title='bbox 3729 2670 3852 2721; x_wconf 88' lang='grc' dir='ltr'>χει-</span> 
     </span>
    </p>
   </div>
   <div class='ocr_carea' id='block_1_52' title="bbox 481 2730 2087 2808">
    <p class='ocr_par' dir='ltr' id='par_1_52' title="bbox 481 2730 2087 2806">
     <span class='ocr_line' id='line_1_52' title="bbox 481 2730 2087 2806; baseline -0.002 -17"><span class='ocrx_word' id='word_1_407' title='bbox 481 2740 797 2806; x_wconf 88' lang='lat' dir='ltr'>peccatum</span> <span class='ocrx_word' id='word_1_408' title='bbox 820 2732 1112 2798; x_wconf 85' lang='lat' dir='ltr'>dissolvit,</span> <span class='ocrx_word' id='word_1_409' title='bbox 1134 2737 1191 2788; x_wconf 91' lang='lat' dir='ltr'>et</span> <span class='ocrx_word' id='word_1_410' title='bbox 1223 2734 1466 2805; x_wconf 90' lang='lat' dir='ltr'>propria</span> <span class='ocrx_word' id='word_1_411' title='bbox 1506 2736 1690 2786; x_wconf 86' lang='lat' dir='ltr'>morte</span> <span class='ocrx_word' id='word_1_412' title='bbox 1729 2730 1945 2786; x_wconf 84' lang='lat' dir='ltr'>delevit</span> <span class='ocrx_word' id='word_1_413' title='bbox 1981 2746 2087 2787; x_wconf 87' lang='lat' dir='ltr'>mo:</span> 
     </span>
    </p>
   </div>
   <div class='ocr_carea' id='block_1_53' title="bbox 2247 2730 3853 2808">
    <p class='ocr_par' dir='ltr' id='par_1_53' title="bbox 2247 2730 3853 2808">
     <span class='ocr_line' id='line_1_53' title="bbox 2247 2730 3853 2808; baseline 0.009 -30"><span class='ocrx_word' id='word_1_414' title='bbox 2247 2732 2505 2802; x_wconf 76' lang='grc' dir='ltr'>ρόγραφον</span> <span class='ocrx_word' id='word_1_415' title='bbox 2565 2736 2654 2782; x_wconf 83' lang='grc' dir='ltr'>καὶ</span> <span class='ocrx_word' id='word_1_416' title='bbox 2728 2730 2891 2794; x_wconf 90' lang='grc' dir='ltr'>λύσας</span> <span class='ocrx_word' id='word_1_417' title='bbox 2960 2738 3051 2791; x_wconf 80' lang='grc' dir='ltr'>τὴν</span> <span class='ocrx_word' id='word_1_418' title='bbox 3113 2734 3389 2808; x_wconf 75' lang='grc' dir='ltr'>ἁμαρτίαν,</span> <span class='ocrx_word' id='word_1_419' title='bbox 3450 2741 3538 2788; x_wconf 79' lang='grc' dir='ltr'>καὶ</span> <span class='ocrx_word' id='word_1_420' title='bbox 3604 2734 3696 2790; x_wconf 77' lang='grc' dir='ltr'>διὰ</span> <span class='ocrx_word' id='word_1_421' title='bbox 3755 2748 3853 2792; x_wconf 92' lang='grc' dir='ltr'>τοῦ</span> 
     </span>
    </p>
   </div>
   <div class='ocr_carea' id='block_1_54' title="bbox 479 2816 2085 2902">
    <p class='ocr_par' dir='ltr' id='par_1_54' title="bbox 479 2818 2085 2892">
     <span class='ocr_line' id='line_1_54' title="bbox 479 2818 2085 2892; baseline -0.005 -14"><span class='ocrx_word' id='word_1_422' title='bbox 479 2827 617 2888; x_wconf 90' lang='lat' dir='ltr'>tem,</span> <span class='ocrx_word' id='word_1_423' title='bbox 651 2828 707 2878; x_wconf 92' lang='lat' dir='ltr'>et</span> <span class='ocrx_word' id='word_1_424' title='bbox 731 2822 951 2878; x_wconf 86' lang='lat' dir='ltr'>inferos</span> <span class='ocrx_word' id='word_1_425' title='bbox 981 2821 1319 2892; x_wconf 85' lang='lat' dir='ltr'>expoliavit,</span> <span class='ocrx_word' id='word_1_426' title='bbox 1339 2836 1695 2892; x_wconf 90' lang='lat' dir='ltr'>omnemque</span> <span class='ocrx_word' id='word_1_427' title='bbox 1726 2818 1945 2875; x_wconf 89' lang='lat' dir='ltr'>diaboli</span> <span class='ocrx_word' id='word_1_428' title='bbox 1977 2825 2085 2891; x_wconf 56' lang='lat' dir='ltr'>poti</span> 
     </span>
    </p>
   </div>
   <div class='ocr_carea' id='block_1_55' title="bbox 2246 2816 3852 2902">
    <p class='ocr_par' dir='ltr' id='par_1_55' title="bbox 2246 2816 3852 2902">
     <span class='ocr_line' id='line_1_55' title="bbox 2246 2816 3852 2902; baseline 0.009 -35"><span class='ocrx_word' id='word_1_429' title='bbox 2246 2816 2435 2868; x_wconf 82' lang='grc' dir='ltr'>οἰκείου</span> <span class='ocrx_word' id='word_1_430' title='bbox 2488 2820 2709 2871; x_wconf 90' lang='grc' dir='ltr'>θανάτου</span> <span class='ocrx_word' id='word_1_431' title='bbox 2761 2823 3066 2885; x_wconf 84' lang='grc' dir='ltr'>θανατώσας</span> <span class='ocrx_word' id='word_1_432' title='bbox 3106 2827 3189 2875; x_wconf 90' lang='grc' dir='ltr'>τόν</span> <span class='ocrx_word' id='word_1_433' title='bbox 3240 2826 3476 2886; x_wconf 84' lang='grc' dir='ltr'>θάνατον,</span> <span class='ocrx_word' id='word_1_434' title='bbox 3518 2832 3607 2879; x_wconf 85' lang='grc' dir='ltr'>καὶ</span> <span class='ocrx_word' id='word_1_435' title='bbox 3649 2836 3852 2902; x_wconf 75' lang='grc' dir='ltr'>νεκρω-</span> 
     </span>
    </p>
   </div>
   <div class='ocr_carea' id='block_1_56' title="bbox 477 2905 2083 2983">
    <p class='ocr_par' dir='ltr' id='par_1_56' title="bbox 477 2910 2083 2983">
     <span class='ocr_line' id='line_1_56' title="bbox 477 2910 2083 2983; baseline -0.004 -15"><span class='ocrx_word' id='word_1_436' title='bbox 477 2917 686 2968; x_wconf 89' lang='lat' dir='ltr'>statem</span> <span class='ocrx_word' id='word_1_437' title='bbox 729 2912 994 2968; x_wconf 83' lang='lat' dir='ltr'>confudit</span> <span class='ocrx_word' id='word_1_438' title='bbox 1026 2917 1205 2983; x_wconf 88' lang='lat' dir='ltr'>atque</span> <span class='ocrx_word' id='word_1_439' title='bbox 1262 2910 1605 2966; x_wconf 87' lang='lat' dir='ltr'>inﬁrmavit.</span> <span class='ocrx_word' id='word_1_440' title='bbox 1649 2910 1913 2981; x_wconf 85' lang='lat' dir='ltr'>Cumque</span> <span class='ocrx_word' id='word_1_441' title='bbox 1946 2914 2083 2963; x_wconf 79' lang='lat' dir='ltr'>totui</span> 
     </span>
    </p>
   </div>
   <div class='ocr_carea' id='block_1_57' title="bbox 2244 2905 3850 2983">
    <p class='ocr_par' dir='ltr' id='par_1_57' title="bbox 2246 2905 3850 2982">
     <span class='ocr_line' id='line_1_57' title="bbox 2246 2905 3850 2982; baseline 0.009 -25"><span class='ocrx_word' id='word_1_442' title='bbox 2246 2925 2343 2967; x_wconf 88' lang='grc' dir='ltr'>σας</span> <span class='ocrx_word' id='word_1_443' title='bbox 2386 2911 2471 2958; x_wconf 86' lang='grc' dir='ltr'>τὸν</span> <span class='ocrx_word' id='word_1_444' title='bbox 2498 2905 2654 2979; x_wconf 71' lang='grc' dir='ltr'>ᾅδην,</span> <span class='ocrx_word' id='word_1_445' title='bbox 2688 2915 2775 2962; x_wconf 85' lang='grc' dir='ltr'>καὶ</span> <span class='ocrx_word' id='word_1_446' title='bbox 2818 2916 3184 2982; x_wconf 76' lang='grc' dir='ltr'>καταισχύνας</span> <span class='ocrx_word' id='word_1_447' title='bbox 3222 2919 3311 2967; x_wconf 81' lang='grc' dir='ltr'>καὶ</span> <span class='ocrx_word' id='word_1_448' title='bbox 3355 2912 3701 2978; x_wconf 78' lang='grc' dir='ltr'>ἐξουδενὼσας</span> <span class='ocrx_word' id='word_1_449' title='bbox 3750 2924 3850 2978; x_wconf 78' lang='grc' dir='ltr'>τὴν</span> 
     </span>
    </p>
   </div>
   <div class='ocr_carea' id='block_1_58' title="bbox 475 2990 2081 3080">
    <p class='ocr_par' dir='ltr' id='par_1_58' title="bbox 475 3000 2081 3072">
     <span class='ocr_line' id='line_1_58' title="bbox 475 3000 2081 3072; baseline -0.001 -17"><span class='ocrx_word' id='word_1_450' title='bbox 475 3001 701 3058; x_wconf 91' lang='lat' dir='ltr'>diaboli</span> <span class='ocrx_word' id='word_1_451' title='bbox 763 3002 1082 3056; x_wconf 83' lang='lat' dir='ltr'>exercitum</span> <span class='ocrx_word' id='word_1_452' title='bbox 1142 3000 1540 3072; x_wconf 85' lang='lat' dir='ltr'>proﬂigasset,</span> <span class='ocrx_word' id='word_1_453' title='bbox 1573 3005 1899 3070; x_wconf 65' lang='lat' dir='ltr'>portasque</span> <span class='ocrx_word' id='word_1_454' title='bbox 1947 3013 2081 3053; x_wconf 71' lang='lat' dir='ltr'>teret</span> 
     </span>
    </p>
   </div>
   <div class='ocr_carea' id='block_1_59' title="bbox 2243 2990 3849 3080">
    <p class='ocr_par' dir='ltr' id='par_1_59' title="bbox 2243 2990 3849 3080">
     <span class='ocr_line' id='line_1_59' title="bbox 2243 2990 3849 3080; baseline 0.008 -33"><span class='ocrx_word' id='word_1_455' title='bbox 2243 2990 2464 3068; x_wconf 78' lang='grc' dir='ltr'>δύναμιν</span> <span class='ocrx_word' id='word_1_456' title='bbox 2512 3004 2686 3050; x_wconf 84' lang='grc' dir='ltr'>πᾶσαν</span> <span class='ocrx_word' id='word_1_457' title='bbox 2736 3007 2826 3051; x_wconf 84' lang='grc' dir='ltr'>τοῦ</span> <span class='ocrx_word' id='word_1_458' title='bbox 2882 2997 3128 3054; x_wconf 83' lang='grc' dir='ltr'>διαϐόλου</span> <span class='ocrx_word' id='word_1_459' title='bbox 3184 3008 3271 3055; x_wconf 81' lang='grc' dir='ltr'>καὶ</span> <span class='ocrx_word' id='word_1_460' title='bbox 3323 3007 3499 3067; x_wconf 88' lang='grc' dir='ltr'>πάσης</span> <span class='ocrx_word' id='word_1_461' title='bbox 3540 3014 3629 3066; x_wconf 82' lang='grc' dir='ltr'>τῆς</span> <span class='ocrx_word' id='word_1_462' title='bbox 3684 3026 3849 3080; x_wconf 89' lang='grc' dir='ltr'>στρα-</span> 
     </span>
    </p>
   </div>
   <div class='ocr_carea' id='block_1_60' title="bbox 475 3086 2081 3169">
    <p class='ocr_par' dir='ltr' id='par_1_60' title="bbox 475 3086 2073 3158">
     <span class='ocr_line' id='line_1_60' title="bbox 475 3086 2073 3158; baseline -0.003 -13"><span class='ocrx_word' id='word_1_463' title='bbox 475 3090 885 3158; x_wconf 85' lang='lat' dir='ltr'>confregisset,</span> <span class='ocrx_word' id='word_1_464' title='bbox 909 3105 979 3145; x_wconf 88' lang='lat' dir='ltr'>ac</span> <span class='ocrx_word' id='word_1_465' title='bbox 999 3093 1197 3144; x_wconf 88' lang='lat' dir='ltr'>vectes</span> <span class='ocrx_word' id='word_1_466' title='bbox 1217 3088 1437 3143; x_wconf 85' lang='lat' dir='ltr'>ferreos</span> <span class='ocrx_word' id='word_1_467' title='bbox 1462 3087 1851 3152; x_wconf 89' lang='lat' dir='ltr'>contrivisset,</span> <span class='ocrx_word' id='word_1_468' title='bbox 1879 3086 2073 3141; x_wconf 91' lang='lat' dir='ltr'>triduo</span> 
     </span>
    </p>
   </div>
   <div class='ocr_carea' id='block_1_61' title="bbox 2239 3086 3845 3169">
    <p class='ocr_par' dir='ltr' id='par_1_61' title="bbox 2239 3087 3845 3169">
     <span class='ocr_line' id='line_1_61' title="bbox 2239 3087 3845 3169; baseline 0.007 -32"><span class='ocrx_word' id='word_1_469' title='bbox 2239 3090 2375 3146; x_wconf 87' lang='grc' dir='ltr'>τείας</span> <span class='ocrx_word' id='word_1_470' title='bbox 2427 3087 2608 3154; x_wconf 82' lang='grc' dir='ltr'>αύτοῦ,</span> <span class='ocrx_word' id='word_1_471' title='bbox 2672 3088 2964 3151; x_wconf 85' lang='grc' dir='ltr'>συνθλάσας</span> <span class='ocrx_word' id='word_1_472' title='bbox 3019 3110 3073 3143; x_wconf 86' lang='grc' dir='ltr'>τε</span> <span class='ocrx_word' id='word_1_473' title='bbox 3130 3091 3295 3154; x_wconf 85' lang='grc' dir='ltr'>πύλας</span> <span class='ocrx_word' id='word_1_474' title='bbox 3348 3093 3554 3165; x_wconf 88' lang='grc' dir='ltr'>χαλκας</span> <span class='ocrx_word' id='word_1_475' title='bbox 3603 3100 3690 3148; x_wconf 87' lang='grc' dir='ltr'>καὶ</span> <span class='ocrx_word' id='word_1_476' title='bbox 3742 3117 3845 3169; x_wconf 83' lang='grc' dir='ltr'>μο-</span> 
     </span>
    </p>
   </div>
   <div class='ocr_carea' id='block_1_62' title="bbox 475 3171 2081 3259">
    <p class='ocr_par' dir='ltr' id='par_1_62' title="bbox 475 3173 2081 3246">
     <span class='ocr_line' id='line_1_62' title="bbox 475 3173 2081 3246; baseline -0.002 -14"><span class='ocrx_word' id='word_1_477' title='bbox 475 3177 724 3233; x_wconf 90' lang='lat' dir='ltr'>mortuis</span> <span class='ocrx_word' id='word_1_478' title='bbox 756 3192 1093 3246; x_wconf 90' lang='lat' dir='ltr'>resurgens,</span> <span class='ocrx_word' id='word_1_479' title='bbox 1130 3176 1399 3231; x_wconf 91' lang='lat' dir='ltr'>humano</span> <span class='ocrx_word' id='word_1_480' title='bbox 1431 3177 1632 3245; x_wconf 90' lang='lat' dir='ltr'>generi</span> <span class='ocrx_word' id='word_1_481' title='bbox 1658 3175 2011 3244; x_wconf 89' lang='lat' dir='ltr'>resurgendi</span> <span class='ocrx_word' id='word_1_482' title='bbox 2042 3173 2081 3229; x_wconf 66' lang='grc' dir='ltr'>ἴε</span> 
     </span>
    </p>
   </div>
   <div class='ocr_carea' id='block_1_63' title="bbox 2240 3171 3846 3259">
    <p class='ocr_par' dir='ltr' id='par_1_63' title="bbox 2240 3173 3846 3259">
     <span class='ocr_line' id='line_1_63' title="bbox 2240 3173 3846 3259; baseline 0.009 -34"><span class='ocrx_word' id='word_1_483' title='bbox 2240 3174 2402 3245; x_wconf 81' lang='grc' dir='ltr'>χλοῦς</span> <span class='ocrx_word' id='word_1_484' title='bbox 2436 3173 2690 3249; x_wconf 67' lang='grc' dir='ltr'>σιδηροῦς</span> <span class='ocrx_word' id='word_1_485' title='bbox 2725 3180 3011 3251; x_wconf 70' lang='grc' dir='ltr'>συντρίψας</span> <span class='ocrx_word' id='word_1_486' title='bbox 3044 3177 3137 3233; x_wconf 87' lang='grc' dir='ltr'>διὰ</span> <span class='ocrx_word' id='word_1_487' title='bbox 3182 3189 3274 3243; x_wconf 79' lang='grc' dir='ltr'>τῆς</span> <span class='ocrx_word' id='word_1_488' title='bbox 3305 3182 3455 3254; x_wconf 81' lang='grc' dir='ltr'>ἁγίας</span> <span class='ocrx_word' id='word_1_489' title='bbox 3484 3188 3573 3236; x_wconf 86' lang='grc' dir='ltr'>καὶ</span> <span class='ocrx_word' id='word_1_490' title='bbox 3620 3192 3846 3259; x_wconf 81' lang='grc' dir='ltr'>τριημέ-</span> 
     </span>
    </p>
   </div>
   <div class='ocr_carea' id='block_1_64' title="bbox 474 3262 2080 3344">
    <p class='ocr_par' dir='ltr' id='par_1_64' title="bbox 474 3262 2073 3337">
     <span class='ocr_line' id='line_1_64' title="bbox 474 3262 2073 3337; baseline -0.003 -16"><span class='ocrx_word' id='word_1_491' title='bbox 474 3265 750 3321; x_wconf 89' lang='lat' dir='ltr'>cultatem</span> <span class='ocrx_word' id='word_1_492' title='bbox 770 3265 1336 3337; x_wconf 57' lang='lat' dir='ltr'>prwbuit,utomnes</span> <span class='ocrx_word' id='word_1_493' title='bbox 1349 3263 1629 3319; x_wconf 89' lang='lat' dir='ltr'>omnibus</span> <span class='ocrx_word' id='word_1_494' title='bbox 1655 3262 1868 3318; x_wconf 85' lang='lat' dir='ltr'>futuris</span> <span class='ocrx_word' id='word_1_495' title='bbox 1895 3262 2073 3318; x_wconf 69' lang='lat' dir='ltr'>saecul</span> 
     </span>
    </p>
   </div>
   <div class='ocr_carea' id='block_1_65' title="bbox 2238 3262 3844 3344">
    <p class='ocr_par' dir='ltr' id='par_1_65' title="bbox 2238 3264 3844 3344">
     <span class='ocr_line' id='line_1_65' title="bbox 2238 3264 3844 3344; baseline 0.009 -30"><span class='ocrx_word' id='word_1_496' title='bbox 2238 3282 2329 3337; x_wconf 91' lang='grc' dir='ltr'>ρου</span> <span class='ocrx_word' id='word_1_497' title='bbox 2388 3264 2547 3317; x_wconf 83' lang='grc' dir='ltr'>αύτοῦ</span> <span class='ocrx_word' id='word_1_498' title='bbox 2619 3265 2965 3337; x_wconf 80' lang='grc' dir='ltr'>ἀναστάσεως,</span> <span class='ocrx_word' id='word_1_499' title='bbox 3018 3270 3303 3342; x_wconf 80' lang='grc' dir='ltr'>χαρίζεται</span> <span class='ocrx_word' id='word_1_500' title='bbox 3384 3280 3453 3342; x_wconf 87' lang='grc' dir='ltr'>τῷ</span> <span class='ocrx_word' id='word_1_501' title='bbox 3529 3278 3661 3344; x_wconf 84' lang='grc' dir='ltr'>γένει</span> <span class='ocrx_word' id='word_1_502' title='bbox 3737 3286 3844 3328; x_wconf 85' lang='grc' dir='ltr'>τῶν</span> 
     </span>
    </p>
   </div>
   <div class='ocr_carea' id='block_1_66' title="bbox 472 3350 2078 3426">
    <p class='ocr_par' dir='ltr' id='par_1_66' title="bbox 472 3352 2078 3423">
     <span class='ocr_line' id='line_1_66' title="bbox 472 3352 2078 3423; baseline -0.001 -15"><span class='ocrx_word' id='word_1_503' title='bbox 472 3352 823 3409; x_wconf 88' lang='lat' dir='ltr'>viveremus.</span> <span class='ocrx_word' id='word_1_504' title='bbox 848 3353 947 3409; x_wconf 88' lang='lat' dir='ltr'>Hic</span> <span class='ocrx_word' id='word_1_505' title='bbox 974 3354 1130 3408; x_wconf 90' lang='lat' dir='ltr'>enim</span> <span class='ocrx_word' id='word_1_506' title='bbox 1162 3352 1423 3407; x_wconf 90' lang='lat' dir='ltr'>mundus</span> <span class='ocrx_word' id='word_1_507' title='bbox 1442 3355 1519 3408; x_wconf 90' lang='lat' dir='ltr'>ad</span> <span class='ocrx_word' id='word_1_508' title='bbox 1546 3352 1725 3408; x_wconf 91' lang='lat' dir='ltr'>breve</span> <span class='ocrx_word' id='word_1_509' title='bbox 1746 3358 1978 3423; x_wconf 90' lang='lat' dir='ltr'>tempus</span> <span class='ocrx_word' id='word_1_510' title='bbox 2005 3368 2078 3406; x_wconf 75' lang='lat' dir='ltr'>ma</span> 
     </span>
    </p>
   </div>
   <div class='ocr_carea' id='block_1_67' title="bbox 2238 3350 3844 3426">
    <p class='ocr_par' dir='ltr' id='par_1_67' title="bbox 2238 3350 3844 3426">
     <span class='ocr_line' id='line_1_67' title="bbox 2238 3350 3844 3426; baseline 0.009 -24"><span class='ocrx_word' id='word_1_511' title='bbox 2238 3350 2517 3426; x_wconf 84' lang='grc' dir='ltr'>ἀνθρώπων</span> <span class='ocrx_word' id='word_1_512' title='bbox 2572 3359 2664 3413; x_wconf 84' lang='grc' dir='ltr'>τὴν</span> <span class='ocrx_word' id='word_1_513' title='bbox 2721 3355 3010 3410; x_wconf 81' lang='grc' dir='ltr'>ἀνάστασιν</span> <span class='ocrx_word' id='word_1_514' title='bbox 3066 3364 3155 3411; x_wconf 87' lang='grc' dir='ltr'>καὶ</span> <span class='ocrx_word' id='word_1_515' title='bbox 3203 3364 3296 3418; x_wconf 76' lang='grc' dir='ltr'>τὴν</span> <span class='ocrx_word' id='word_1_516' title='bbox 3371 3361 3529 3426; x_wconf 76' lang='grc' dir='ltr'>ζωὴν,</span> <span class='ocrx_word' id='word_1_517' title='bbox 3593 3364 3675 3415; x_wconf 86' lang='grc' dir='ltr'>ἶνα</span> <span class='ocrx_word' id='word_1_518' title='bbox 3749 3385 3844 3417; x_wconf 82' lang='grc' dir='ltr'>και</span> 
     </span>
    </p>
   </div>
   <div class='ocr_carea' id='block_1_68' title="bbox 470 3440 2076 3521">
    <p class='ocr_par' dir='ltr' id='par_1_68' title="bbox 470 3440 2076 3507">
     <span class='ocr_line' id='line_1_68' title="bbox 470 3440 2076 3507; baseline -0.001 -10"><span class='ocrx_word' id='word_1_519' title='bbox 470 3446 592 3507; x_wconf 87' lang='lat' dir='ltr'>net,</span> <span class='ocrx_word' id='word_1_520' title='bbox 627 3449 681 3498; x_wconf 86' lang='lat' dir='ltr'>et</span> <span class='ocrx_word' id='word_1_521' title='bbox 711 3442 854 3497; x_wconf 92' lang='lat' dir='ltr'>nihil</span> <span class='ocrx_word' id='word_1_522' title='bbox 886 3448 989 3497; x_wconf 88' lang='lat' dir='ltr'>est.</span> <span class='ocrx_word' id='word_1_523' title='bbox 1021 3464 1049 3494; x_wconf 88' lang='lat'>»</span> <span class='ocrx_word' id='word_1_524' title='bbox 1074 3444 1208 3497; x_wconf 67' lang='lat' dir='ltr'>HERC</span> <span class='ocrx_word' id='word_1_525' title='bbox 1233 3442 1438 3496; x_wconf 89' lang='lat' dir='ltr'>omnia</span> <span class='ocrx_word' id='word_1_526' title='bbox 1463 3457 1594 3496; x_wconf 90' lang='lat' dir='ltr'>cum</span> <span class='ocrx_word' id='word_1_527' title='bbox 1623 3440 1704 3495; x_wconf 91' lang='lat' dir='ltr'>illi</span> <span class='ocrx_word' id='word_1_528' title='bbox 1737 3440 2076 3497; x_wconf 87' lang='lat' dir='ltr'>audivissen</span> 
     </span>
    </p>
   </div>
   <div class='ocr_carea' id='block_1_69' title="bbox 2237 3440 3843 3521">
    <p class='ocr_par' dir='ltr' id='par_1_69' title="bbox 2238 3442 3843 3521">
     <span class='ocr_line' id='line_1_69' title="bbox 2238 3442 3843 3521; baseline 0.008 -29"><span class='ocrx_word' id='word_1_529' title='bbox 2238 3442 2579 3515; x_wconf 76' lang='grc' dir='ltr'>συνζήσωμεν</span> <span class='ocrx_word' id='word_1_530' title='bbox 2631 3447 2815 3508; x_wconf 84' lang='grc' dir='ltr'>πάντες</span> <span class='ocrx_word' id='word_1_531' title='bbox 2863 3447 3003 3517; x_wconf 83' lang='grc' dir='ltr'>αύτῲ</span> <span class='ocrx_word' id='word_1_532' title='bbox 3052 3448 3118 3508; x_wconf 87' lang='grc' dir='ltr'>εἰς</span> <span class='ocrx_word' id='word_1_533' title='bbox 3166 3452 3286 3510; x_wconf 87' lang='grc' dir='ltr'>τοῦς</span> <span class='ocrx_word' id='word_1_534' title='bbox 3333 3449 3607 3521; x_wconf 80' lang='grc' dir='ltr'>μέλλοντας</span> <span class='ocrx_word' id='word_1_535' title='bbox 3647 3452 3843 3516; x_wconf 83' lang='grc' dir='ltr'>αἰῶνας</span> 
     </span>
    </p>
   </div>
   <div class='ocr_carea' id='block_1_70' title="bbox 470 3529 2076 3605">
    <p class='ocr_par' dir='ltr' id='par_1_70' title="bbox 470 3529 2076 3588">
     <span class='ocr_line' id='line_1_70' title="bbox 470 3529 2076 3588; baseline -0.004 -1"><span class='ocrx_word' id='word_1_536' title='bbox 470 3532 543 3587; x_wconf 92' lang='lat' dir='ltr'>ad</span> <span class='ocrx_word' id='word_1_537' title='bbox 569 3531 775 3587; x_wconf 88' lang='lat' dir='ltr'>Christi</span> <span class='ocrx_word' id='word_1_538' title='bbox 798 3531 974 3587; x_wconf 86' lang='lat' dir='ltr'>ﬁdem</span> <span class='ocrx_word' id='word_1_539' title='bbox 1010 3531 1283 3587; x_wconf 88' lang='lat' dir='ltr'>conversi</span> <span class='ocrx_word' id='word_1_540' title='bbox 1315 3537 1471 3585; x_wconf 90' lang='lat' dir='ltr'>sunt.</span> <span class='ocrx_word' id='word_1_541' title='bbox 1516 3529 1807 3588; x_wconf 87' lang='lat' dir='ltr'>Postridie</span> <span class='ocrx_word' id='word_1_542' title='bbox 1840 3546 1973 3586; x_wconf 92' lang='lat' dir='ltr'>vero</span> <span class='ocrx_word' id='word_1_543' title='bbox 2028 3546 2076 3584; x_wconf 77' lang='lat' dir='ltr'>Ut</span> 
     </span>
    </p>
   </div>
   <div class='ocr_carea' id='block_1_71' title="bbox 2234 3529 3840 3605">
    <p class='ocr_par' dir='ltr' id='par_1_71' title="bbox 2234 3534 3840 3605">
     <span class='ocr_line' id='line_1_71' title="bbox 2234 3534 3840 3605; baseline 0.009 -24"><span class='ocrx_word' id='word_1_544' title='bbox 2234 3538 2333 3582; x_wconf 85' lang='grc' dir='ltr'>τῶν</span> <span class='ocrx_word' id='word_1_545' title='bbox 2378 3534 2593 3588; x_wconf 81' lang='grc' dir='ltr'>αἰώνων.</span> <span class='ocrx_word' id='word_1_546' title='bbox 2648 3540 2827 3587; x_wconf 87' lang='grc' dir='ltr'>Ταῦτα</span> <span class='ocrx_word' id='word_1_547' title='bbox 2880 3542 3050 3588; x_wconf 86' lang='grc' dir='ltr'>τοίνυν</span> <span class='ocrx_word' id='word_1_548' title='bbox 3100 3536 3430 3605; x_wconf 86' lang='grc' dir='ltr'>ἀκούσαντες,</span> <span class='ocrx_word' id='word_1_549' title='bbox 3485 3544 3669 3603; x_wconf 81' lang='grc' dir='ltr'>πάντες</span> <span class='ocrx_word' id='word_1_550' title='bbox 3726 3541 3840 3596; x_wconf 75' lang='grc' dir='ltr'>ἐπί-</span> 
     </span>
    </p>
   </div>
   <div class='ocr_carea' id='block_1_72' title="bbox 472 3620 2078 3701">
    <p class='ocr_par' dir='ltr' id='par_1_72' title="bbox 472 3620 2078 3693">
     <span class='ocr_line' id='line_1_72' title="bbox 472 3620 2078 3693; baseline -0.001 -18"><span class='ocrx_word' id='word_1_551' title='bbox 472 3621 578 3677; x_wconf 91' lang='lat' dir='ltr'>ctis</span> <span class='ocrx_word' id='word_1_552' title='bbox 609 3628 871 3693; x_wconf 89' lang='lat' dir='ltr'>tempore</span> <span class='ocrx_word' id='word_1_553' title='bbox 929 3637 998 3676; x_wconf 92' lang='lat' dir='ltr'>eo</span> <span class='ocrx_word' id='word_1_554' title='bbox 1052 3622 1111 3675; x_wconf 93' lang='lat' dir='ltr'>in</span> <span class='ocrx_word' id='word_1_555' title='bbox 1166 3620 1314 3691; x_wconf 92' lang='lat' dir='ltr'>loco,</span> <span class='ocrx_word' id='word_1_556' title='bbox 1350 3622 1410 3675; x_wconf 88' lang='lat' dir='ltr'>in</span> <span class='ocrx_word' id='word_1_557' title='bbox 1462 3636 1577 3692; x_wconf 90' lang='lat' dir='ltr'>quo</span> <span class='ocrx_word' id='word_1_558' title='bbox 1634 3625 1819 3685; x_wconf 88' lang='lat' dir='ltr'>erant,</span> <span class='ocrx_word' id='word_1_559' title='bbox 1854 3620 2078 3675; x_wconf 81' lang='lat' dir='ltr'>viderut</span> 
     </span>
    </p>
   </div>
   <div class='ocr_carea' id='block_1_73' title="bbox 2234 3620 3840 3701">
    <p class='ocr_par' dir='ltr' id='par_1_73' title="bbox 2236 3623 3840 3701">
     <span class='ocr_line' id='line_1_73' title="bbox 2236 3623 3840 3701; baseline 0.009 -29"><span class='ocrx_word' id='word_1_560' title='bbox 2236 3640 2458 3673; x_wconf 85' lang='grc' dir='ltr'>στευσαν</span> <span class='ocrx_word' id='word_1_561' title='bbox 2490 3632 2560 3693; x_wconf 81' lang='grc' dir='ltr'>τῷ</span> <span class='ocrx_word' id='word_1_562' title='bbox 2613 3623 2749 3695; x_wconf 78' lang='grc' dir='ltr'>λόγῳ</span> <span class='ocrx_word' id='word_1_563' title='bbox 2797 3634 2888 3677; x_wconf 84' lang='grc' dir='ltr'>τοῦ</span> <span class='ocrx_word' id='word_1_564' title='bbox 2921 3635 3176 3701; x_wconf 86' lang='grc' dir='ltr'>Χριστοῦ,</span> <span class='ocrx_word' id='word_1_565' title='bbox 3208 3638 3307 3681; x_wconf 87' lang='grc' dir='ltr'>τῶν</span> <span class='ocrx_word' id='word_1_566' title='bbox 3342 3627 3400 3683; x_wconf 59' lang='grc' dir='ltr'>δι</span> <span class='ocrx_word' id='word_1_567' title='bbox 3446 3635 3840 3687; x_wconf 87' lang='grc' dir='ltr'>πιστευσάντων</span> 
     </span>
    </p>
   </div>
   <div class='ocr_carea' id='block_1_74' title="bbox 468 3706 2074 3794">
    <p class='ocr_par' dir='ltr' id='par_1_74' title="bbox 468 3706 2074 3782">
     <span class='ocr_line' id='line_1_74' title="bbox 468 3706 2074 3782; baseline -0.002 -18"><span class='ocrx_word' id='word_1_568' title='bbox 468 3710 770 3782; x_wconf 90' lang='lat' dir='ltr'>quosdam</span> <span class='ocrx_word' id='word_1_569' title='bbox 794 3709 1108 3782; x_wconf 90' lang='lat' dir='ltr'>splendida</span> <span class='ocrx_word' id='word_1_570' title='bbox 1131 3716 1288 3765; x_wconf 92' lang='lat' dir='ltr'>veste</span> <span class='ocrx_word' id='word_1_571' title='bbox 1306 3709 1545 3764; x_wconf 88' lang='lat' dir='ltr'>indutos</span> <span class='ocrx_word' id='word_1_572' title='bbox 1566 3711 1621 3764; x_wconf 89' lang='lat' dir='ltr'>et</span> <span class='ocrx_word' id='word_1_573' title='bbox 1652 3708 1885 3764; x_wconf 89' lang='lat' dir='ltr'>militari</span> <span class='ocrx_word' id='word_1_574' title='bbox 1914 3706 2074 3763; x_wconf 89' lang='lat' dir='ltr'>habit</span> 
     </span>
    </p>
   </div>
   <div class='ocr_carea' id='block_1_75' title="bbox 2235 3706 3841 3794">
    <p class='ocr_par' dir='ltr' id='par_1_75' title="bbox 2235 3707 3841 3794">
     <span class='ocr_line' id='line_1_75' title="bbox 2235 3707 3841 3794; baseline 0.009 -34"><span class='ocrx_word' id='word_1_575' title='bbox 2235 3713 2359 3769; x_wconf 75' lang='grc' dir='ltr'>τινὲς</span> <span class='ocrx_word' id='word_1_576' title='bbox 2414 3707 2529 3763; x_wconf 73' lang='grc' dir='ltr'>ἰδού</span> <span class='ocrx_word' id='word_1_577' title='bbox 2584 3711 2631 3763; x_wconf 80' lang='grc' dir='ltr'>ἐν</span> <span class='ocrx_word' id='word_1_578' title='bbox 2684 3721 2745 3785; x_wconf 77' lang='grc' dir='ltr'>τῇ</span> <span class='ocrx_word' id='word_1_579' title='bbox 2808 3714 3026 3790; x_wconf 72' lang='grc' dir='ltr'>ἐπιούσῃ</span> <span class='ocrx_word' id='word_1_580' title='bbox 3083 3717 3273 3790; x_wconf 76' lang='grc' dir='ltr'>ἑσπέρᾳ</span> <span class='ocrx_word' id='word_1_581' title='bbox 3324 3718 3372 3770; x_wconf 83' lang='grc' dir='ltr'>ἐν</span> <span class='ocrx_word' id='word_1_582' title='bbox 3420 3729 3481 3792; x_wconf 71' lang='grc' dir='ltr'>τῇ</span> <span class='ocrx_word' id='word_1_583' title='bbox 3525 3731 3652 3794; x_wconf 73' lang='grc' dir='ltr'>μονῇ</span> <span class='ocrx_word' id='word_1_584' title='bbox 3711 3726 3841 3776; x_wconf 84' lang='grc' dir='ltr'>ἔνθα</span> 
     </span>
    </p>
   </div>
   <div class='ocr_carea' id='block_1_76' title="bbox 470 3797 2076 3883">
    <p class='ocr_par' dir='ltr' id='par_1_76' title="bbox 470 3797 2076 3870">
     <span class='ocr_line' id='line_1_76' title="bbox 470 3797 2076 3870; baseline -0.001 -17"><span class='ocrx_word' id='word_1_585' title='bbox 470 3803 712 3855; x_wconf 89' lang='lat' dir='ltr'>ornatos</span> <span class='ocrx_word' id='word_1_586' title='bbox 738 3815 875 3854; x_wconf 91' lang='lat' dir='ltr'>cum</span> <span class='ocrx_word' id='word_1_587' title='bbox 901 3798 1115 3854; x_wconf 91' lang='lat' dir='ltr'>Acacio</span> <span class='ocrx_word' id='word_1_588' title='bbox 1138 3798 1263 3869; x_wconf 90' lang='lat' dir='ltr'>ipso</span> <span class='ocrx_word' id='word_1_589' title='bbox 1282 3798 1613 3870; x_wconf 89' lang='lat' dir='ltr'>loquentes.</span> <span class='ocrx_word' id='word_1_590' title='bbox 1639 3797 1893 3862; x_wconf 88' lang='lat' dir='ltr'>Quidam</span> <span class='ocrx_word' id='word_1_591' title='bbox 1920 3806 2076 3852; x_wconf 79' lang='lat' dir='ltr'>auter</span> 
     </span>
    </p>
   </div>
   <div class='ocr_carea' id='block_1_77' title="bbox 2231 3797 3837 3883">
    <p class='ocr_par' dir='ltr' id='par_1_77' title="bbox 2231 3800 3837 3883">
     <span class='ocr_line' id='line_1_77' title="bbox 2231 3800 3837 3883; baseline 0.009 -34"><span class='ocrx_word' id='word_1_592' title='bbox 2231 3800 2429 3870; x_wconf 83' lang='grc' dir='ltr'>ἔμειναν</span> <span class='ocrx_word' id='word_1_593' title='bbox 2483 3800 2530 3852; x_wconf 79' lang='grc' dir='ltr'>ἐν</span> <span class='ocrx_word' id='word_1_594' title='bbox 2580 3810 2640 3874; x_wconf 74' lang='grc' dir='ltr'>τῇ</span> <span class='ocrx_word' id='word_1_595' title='bbox 2701 3808 2849 3855; x_wconf 83' lang='grc' dir='ltr'>νυκτὶ</span> <span class='ocrx_word' id='word_1_596' title='bbox 2907 3804 3066 3878; x_wconf 75' lang='grc' dir='ltr'>ἐκείνῃ</span> <span class='ocrx_word' id='word_1_597' title='bbox 3125 3803 3266 3858; x_wconf 80' lang='grc' dir='ltr'>εἶδον</span> <span class='ocrx_word' id='word_1_598' title='bbox 3341 3806 3837 3883; x_wconf 69' lang='grc' dir='ltr'>λαμπροφοροῦντάς</span> 
     </span>
    </p>
   </div>
   <div class='ocr_carea' id='block_1_78' title="bbox 466 3886 2072 3971">
    <p class='ocr_par' dir='ltr' id='par_1_78' title="bbox 466 3887 2072 3959">
     <span class='ocr_line' id='line_1_78' title="bbox 466 3887 2072 3959; baseline -0.002 -16"><span class='ocrx_word' id='word_1_599' title='bbox 466 3903 535 3943; x_wconf 87' lang='lat' dir='ltr'>ex</span> <span class='ocrx_word' id='word_1_600' title='bbox 563 3888 655 3943; x_wconf 92' lang='lat' dir='ltr'>his</span> <span class='ocrx_word' id='word_1_601' title='bbox 684 3889 780 3959; x_wconf 92' lang='lat' dir='ltr'>qui</span> <span class='ocrx_word' id='word_1_602' title='bbox 804 3904 906 3943; x_wconf 91' lang='lat' dir='ltr'>eos</span> <span class='ocrx_word' id='word_1_603' title='bbox 944 3888 1235 3951; x_wconf 87' lang='lat' dir='ltr'>viderant,</span> <span class='ocrx_word' id='word_1_604' title='bbox 1268 3887 1686 3942; x_wconf 82' lang='lat' dir='ltr'>existimabant</span> <span class='ocrx_word' id='word_1_605' title='bbox 1715 3887 1906 3942; x_wconf 84' lang='lat' dir='ltr'>Acacii</span> <span class='ocrx_word' id='word_1_606' title='bbox 1956 3902 2072 3941; x_wconf 85' lang='lat' dir='ltr'>con</span> 
     </span>
    </p>
   </div>
   <div class='ocr_carea' id='block_1_79' title="bbox 2230 3886 3836 3971">
    <p class='ocr_par' dir='ltr' id='par_1_79' title="bbox 2230 3886 3836 3971">
     <span class='ocr_line' id='line_1_79' title="bbox 2230 3886 3836 3971; baseline 0.011 -34"><span class='ocrx_word' id='word_1_607' title='bbox 2230 3905 2371 3949; x_wconf 88' lang='grc' dir='ltr'>τινας</span> <span class='ocrx_word' id='word_1_608' title='bbox 2418 3886 2633 3962; x_wconf 76' lang='grc' dir='ltr'>ἄνδρας,</span> <span class='ocrx_word' id='word_1_609' title='bbox 2670 3896 2915 3963; x_wconf 79' lang='grc' dir='ltr'>σχήματι</span> <span class='ocrx_word' id='word_1_610' title='bbox 2965 3902 3320 3965; x_wconf 82' lang='grc' dir='ltr'>στρατιωτικῷ</span> <span class='ocrx_word' id='word_1_611' title='bbox 3368 3897 3836 3971; x_wconf 67' lang='grc' dir='ltr'>περιϐεϐλημένους</span> 
     </span>
    </p>
   </div>
   <div class='ocr_carea' id='block_1_80' title="bbox 465 3976 2071 4061">
    <p class='ocr_par' dir='ltr' id='par_1_80' title="bbox 465 3976 2071 4051">
     <span class='ocr_line' id='line_1_80' title="bbox 465 3976 2071 4051; baseline -0.002 -20"><span class='ocrx_word' id='word_1_612' title='bbox 465 3976 765 4033; x_wconf 87' lang='lat' dir='ltr'>militones</span> <span class='ocrx_word' id='word_1_613' title='bbox 797 3986 974 4051; x_wconf 88' lang='lat' dir='ltr'>atque</span> <span class='ocrx_word' id='word_1_614' title='bbox 1006 3978 1233 4033; x_wconf 89' lang='lat' dir='ltr'>amicos</span> <span class='ocrx_word' id='word_1_615' title='bbox 1261 3993 1414 4042; x_wconf 90' lang='lat' dir='ltr'>esse,</span> <span class='ocrx_word' id='word_1_616' title='bbox 1446 3976 1548 4048; x_wconf 90' lang='lat' dir='ltr'>qui</span> <span class='ocrx_word' id='word_1_617' title='bbox 1575 3980 1903 4032; x_wconf 89' lang='lat' dir='ltr'>metuentes</span> <span class='ocrx_word' id='word_1_618' title='bbox 1934 3976 2071 4047; x_wconf 65' lang='lat' dir='ltr'>impt</span> 
     </span>
    </p>
   </div>
   <div class='ocr_carea' id='block_1_81' title="bbox 2225 3976 3831 4061">
    <p class='ocr_par' dir='ltr' id='par_1_81' title="bbox 2228 3976 3831 4061">
     <span class='ocr_line' id='line_1_81' title="bbox 2228 3976 3831 4061; baseline 0.011 -36"><span class='ocrx_word' id='word_1_619' title='bbox 2228 3980 2317 4027; x_wconf 81' lang='grc' dir='ltr'>καὶ</span> <span class='ocrx_word' id='word_1_620' title='bbox 2367 3976 2672 4047; x_wconf 82' lang='grc' dir='ltr'>ὁμιλοῦντας</span> <span class='ocrx_word' id='word_1_621' title='bbox 2725 3980 2864 4051; x_wconf 73' lang='grc' dir='ltr'>αὐτῷ</span> <span class='ocrx_word' id='word_1_622' title='bbox 2887 4001 2898 4012; x_wconf 92' lang='grc'><strong>·</strong></span> <span class='ocrx_word' id='word_1_623' title='bbox 2928 3988 3017 4033; x_wconf 83' lang='grc' dir='ltr'>καὶ</span> <span class='ocrx_word' id='word_1_624' title='bbox 3069 3985 3117 4033; x_wconf 79' lang='grc' dir='ltr'>οἱ</span> <span class='ocrx_word' id='word_1_625' title='bbox 3146 3986 3236 4054; x_wconf 73' lang='grc' dir='ltr'>μὲν</span> <span class='ocrx_word' id='word_1_626' title='bbox 3284 3992 3383 4035; x_wconf 84' lang='grc' dir='ltr'>τῶν</span> <span class='ocrx_word' id='word_1_627' title='bbox 3414 3982 3625 4038; x_wconf 70' lang='grc' dir='ltr'>εἰδότων</span> <span class='ocrx_word' id='word_1_628' title='bbox 3660 3987 3831 4061; x_wconf 79' lang='grc' dir='ltr'>ἐνόμι-</span> 
     </span>
    </p>
   </div>
   <div class='ocr_carea' id='block_1_82' title="bbox 464 4064 2070 4146">
    <p class='ocr_par' dir='ltr' id='par_1_82' title="bbox 464 4065 2070 4137">
     <span class='ocr_line' id='line_1_82' title="bbox 464 4065 2070 4137; baseline -0.002 -16"><span class='ocrx_word' id='word_1_629' title='bbox 464 4071 746 4133; x_wconf 89' lang='lat' dir='ltr'>ratorem,</span> <span class='ocrx_word' id='word_1_630' title='bbox 804 4066 994 4122; x_wconf 86' lang='lat' dir='ltr'>noctis</span> <span class='ocrx_word' id='word_1_631' title='bbox 1042 4072 1309 4137; x_wconf 89' lang='lat' dir='ltr'>tempore</span> <span class='ocrx_word' id='word_1_632' title='bbox 1363 4066 1644 4121; x_wconf 82' lang='lat' dir='ltr'>Acacium</span> <span class='ocrx_word' id='word_1_633' title='bbox 1693 4065 1965 4120; x_wconf 89' lang='lat' dir='ltr'>viserent.</span> <span class='ocrx_word' id='word_1_634' title='bbox 2008 4065 2070 4118; x_wconf 80' lang='lat' dir='ltr'>Al</span> 
     </span>
    </p>
   </div>
   <div class='ocr_carea' id='block_1_83' title="bbox 2223 4064 3829 4146">
    <p class='ocr_par' dir='ltr' id='par_1_83' title="bbox 2228 4064 3829 4146">
     <span class='ocr_line' id='line_1_83' title="bbox 2228 4064 3829 4146; baseline 0.011 -31"><span class='ocrx_word' id='word_1_635' title='bbox 2228 4064 2315 4124; x_wconf 80' lang='grc' dir='ltr'>ζον</span> <span class='ocrx_word' id='word_1_636' title='bbox 2347 4066 2517 4137; x_wconf 69' lang='grc' dir='ltr'>φίλους</span> <span class='ocrx_word' id='word_1_637' title='bbox 2552 4068 2712 4120; x_wconf 85' lang='grc' dir='ltr'>αύτοῦ</span> <span class='ocrx_word' id='word_1_638' title='bbox 2744 4066 2871 4121; x_wconf 81' lang='grc' dir='ltr'>εἶναι</span> <span class='ocrx_word' id='word_1_639' title='bbox 2914 4078 3307 4146; x_wconf 85' lang='grc' dir='ltr'>συστρατιώτας</span> <span class='ocrx_word' id='word_1_640' title='bbox 3345 4078 3433 4126; x_wconf 85' lang='grc' dir='ltr'>καὶ</span> <span class='ocrx_word' id='word_1_641' title='bbox 3481 4078 3549 4137; x_wconf 83' lang='grc' dir='ltr'>ὡς</span> <span class='ocrx_word' id='word_1_642' title='bbox 3596 4074 3690 4129; x_wconf 81' lang='grc' dir='ltr'>διὰ</span> <span class='ocrx_word' id='word_1_643' title='bbox 3736 4083 3829 4132; x_wconf 88' lang='grc' dir='ltr'>τόν</span> 
     </span>
    </p>
   </div>
   <div class='ocr_carea' id='block_1_84' title="bbox 462 4151 2068 4235">
    <p class='ocr_par' dir='ltr' id='par_1_84' title="bbox 462 4151 2068 4226">
     <span class='ocr_line' id='line_1_84' title="bbox 462 4151 2068 4226; baseline -0.004 -16"><span class='ocrx_word' id='word_1_644' title='bbox 462 4170 603 4211; x_wconf 88' lang='lat' dir='ltr'>vero</span> <span class='ocrx_word' id='word_1_645' title='bbox 629 4154 924 4211; x_wconf 90' lang='lat' dir='ltr'>visionem</span> <span class='ocrx_word' id='word_1_646' title='bbox 955 4154 1219 4226; x_wconf 89' lang='lat' dir='ltr'>aliquam</span> <span class='ocrx_word' id='word_1_647' title='bbox 1246 4152 1507 4209; x_wconf 90' lang='lat' dir='ltr'>divinam</span> <span class='ocrx_word' id='word_1_648' title='bbox 1546 4169 1682 4209; x_wconf 89' lang='lat' dir='ltr'>eam</span> <span class='ocrx_word' id='word_1_649' title='bbox 1726 4151 1910 4207; x_wconf 81' lang='lat' dir='ltr'>fuisse</span> <span class='ocrx_word' id='word_1_650' title='bbox 1961 4152 2068 4208; x_wconf 69' lang='grc' dir='ltr'>ὀίω</span> 
     </span>
    </p>
   </div>
   <div class='ocr_carea' id='block_1_85' title="bbox 2222 4151 3828 4235">
    <p class='ocr_par' dir='ltr' id='par_1_85' title="bbox 2227 4152 3828 4235">
     <span class='ocr_line' id='line_1_85' title="bbox 2227 4152 3828 4235; baseline 0.01 -31"><span class='ocrx_word' id='word_1_651' title='bbox 2227 4152 2504 4226; x_wconf 78' lang='grc' dir='ltr'>βασιλικόν</span> <span class='ocrx_word' id='word_1_652' title='bbox 2552 4156 2705 4227; x_wconf 81' lang='grc' dir='ltr'>φόϐον</span> <span class='ocrx_word' id='word_1_653' title='bbox 2760 4156 3055 4215; x_wconf 75' lang='grc' dir='ltr'>ἐληλυθέναι</span> <span class='ocrx_word' id='word_1_654' title='bbox 3098 4161 3148 4213; x_wconf 83' lang='grc' dir='ltr'>ἐν</span> <span class='ocrx_word' id='word_1_655' title='bbox 3196 4167 3342 4215; x_wconf 88' lang='grc' dir='ltr'>νυκτὶ</span> <span class='ocrx_word' id='word_1_656' title='bbox 3372 4168 3500 4235; x_wconf 87' lang='grc' dir='ltr'>πρὸς</span> <span class='ocrx_word' id='word_1_657' title='bbox 3532 4166 3685 4218; x_wconf 68' lang='grc' dir='ltr'>αὐτόν</span> <span class='ocrx_word' id='word_1_658' title='bbox 3732 4176 3828 4220; x_wconf 85' lang='grc' dir='ltr'>τοῦ</span> 
     </span>
    </p>
   </div>
   <div class='ocr_carea' id='block_1_86' title="bbox 460 4240 2066 4324">
    <p class='ocr_par' dir='ltr' id='par_1_86' title="bbox 460 4242 2064 4315">
     <span class='ocr_line' id='line_1_86' title="bbox 460 4242 2064 4315; baseline -0.001 -16"><span class='ocrx_word' id='word_1_659' title='bbox 460 4242 630 4299; x_wconf 91' lang='lat' dir='ltr'>bant.</span> <span class='ocrx_word' id='word_1_660' title='bbox 647 4247 790 4301; x_wconf 90' lang='lat' dir='ltr'>Cum</span> <span class='ocrx_word' id='word_1_661' title='bbox 806 4248 1007 4300; x_wconf 90' lang='lat' dir='ltr'>autem</span> <span class='ocrx_word' id='word_1_662' title='bbox 1020 4249 1226 4315; x_wconf 91' lang='lat' dir='ltr'>postea</span> <span class='ocrx_word' id='word_1_663' title='bbox 1241 4246 1412 4298; x_wconf 90' lang='lat' dir='ltr'>nocte</span> <span class='ocrx_word' id='word_1_664' title='bbox 1428 4243 1772 4314; x_wconf 82' lang='lat' dir='ltr'>Byzantium</span> <span class='ocrx_word' id='word_1_665' title='bbox 1788 4243 2064 4298; x_wconf 88' lang='lat' dir='ltr'>venissen</span> 
     </span>
    </p>
   </div>
   <div class='ocr_carea' id='block_1_87' title="bbox 2225 4240 3831 4324">
    <p class='ocr_par' dir='ltr' id='par_1_87' title="bbox 2225 4240 3831 4324">
     <span class='ocr_line' id='line_1_87' title="bbox 2225 4240 3831 4324; baseline 0.009 -30"><span class='ocrx_word' id='word_1_666' title='bbox 2225 4240 2615 4314; x_wconf 68' lang='grc' dir='ltr'>ἐπισκέψασθαι</span> <span class='ocrx_word' id='word_1_667' title='bbox 2668 4245 2859 4299; x_wconf 73' lang='grc' dir='ltr'>αύτόνο</span> <span class='ocrx_word' id='word_1_668' title='bbox 2916 4251 2965 4300; x_wconf 80' lang='grc' dir='ltr'>οἱ</span> <span class='ocrx_word' id='word_1_669' title='bbox 3022 4245 3081 4301; x_wconf 69' lang='grc' dir='ltr'>δὲ</span> <span class='ocrx_word' id='word_1_670' title='bbox 3145 4250 3307 4324; x_wconf 76' lang='grc' dir='ltr'>ἕτεροι</span> <span class='ocrx_word' id='word_1_671' title='bbox 3370 4251 3623 4306; x_wconf 84' lang='grc' dir='ltr'>ὀπτασίαν</span> <span class='ocrx_word' id='word_1_672' title='bbox 3706 4262 3831 4310; x_wconf 80' lang='grc' dir='ltr'>τινὰ</span> 
     </span>
    </p>
   </div>
   <div class='ocr_carea' id='block_1_88' title="bbox 462 4331 2068 4417">
    <p class='ocr_par' dir='ltr' id='par_1_88' title="bbox 462 4332 2068 4402">
     <span class='ocr_line' id='line_1_88' title="bbox 462 4332 2068 4402; baseline -0.001 -14"><span class='ocrx_word' id='word_1_673' title='bbox 462 4338 519 4388; x_wconf 90' lang='lat' dir='ltr'>et</span> <span class='ocrx_word' id='word_1_674' title='bbox 543 4332 721 4388; x_wconf 87' lang='lat' dir='ltr'>simul</span> <span class='ocrx_word' id='word_1_675' title='bbox 746 4334 805 4387; x_wconf 92' lang='lat' dir='ltr'>in</span> <span class='ocrx_word' id='word_1_676' title='bbox 836 4348 1021 4389; x_wconf 89' lang='lat' dir='ltr'>unam</span> <span class='ocrx_word' id='word_1_677' title='bbox 1051 4334 1298 4387; x_wconf 89' lang='lat' dir='ltr'>domum</span> <span class='ocrx_word' id='word_1_678' title='bbox 1349 4332 1599 4402; x_wconf 88' lang='lat' dir='ltr'>conjecti</span> <span class='ocrx_word' id='word_1_679' title='bbox 1654 4335 1874 4400; x_wconf 87' lang='lat' dir='ltr'>essent,</span> <span class='ocrx_word' id='word_1_680' title='bbox 1906 4348 2068 4388; x_wconf 87' lang='lat' dir='ltr'>rursu</span> 
     </span>
    </p>
   </div>
   <div class='ocr_carea' id='block_1_89' title="bbox 2222 4331 3828 4417">
    <p class='ocr_par' dir='ltr' id='par_1_89' title="bbox 2223 4331 3828 4417">
     <span class='ocr_line' id='line_1_89' title="bbox 2223 4331 3828 4417; baseline 0.01 -34"><span class='ocrx_word' id='word_1_681' title='bbox 2223 4331 2512 4407; x_wconf 76' lang='grc' dir='ltr'>ἀπόρρητον</span> <span class='ocrx_word' id='word_1_682' title='bbox 2561 4332 2691 4387; x_wconf 86' lang='grc' dir='ltr'>εἶναι</span> <span class='ocrx_word' id='word_1_683' title='bbox 2738 4336 2927 4409; x_wconf 77' lang='grc' dir='ltr'>ἔλεγον.</span> <span class='ocrx_word' id='word_1_684' title='bbox 2969 4338 3128 4390; x_wconf 85' lang='grc' dir='ltr'>Πάλιν</span> <span class='ocrx_word' id='word_1_685' title='bbox 3180 4336 3238 4392; x_wconf 70' lang='grc' dir='ltr'>δὲ</span> <span class='ocrx_word' id='word_1_686' title='bbox 3286 4348 3348 4412; x_wconf 72' lang='grc' dir='ltr'>τῇ</span> <span class='ocrx_word' id='word_1_687' title='bbox 3405 4340 3619 4417; x_wconf 73' lang='grc' dir='ltr'>ἐπιούσῃ</span> <span class='ocrx_word' id='word_1_688' title='bbox 3672 4351 3828 4400; x_wconf 82' lang='grc' dir='ltr'>νυκτὶ</span> 
     </span>
    </p>
   </div>
   <div class='ocr_carea' id='block_1_90' title="bbox 458 4419 2064 4507">
    <p class='ocr_par' dir='ltr' id='par_1_90' title="bbox 458 4420 2064 4494">
     <span class='ocr_line' id='line_1_90' title="bbox 458 4420 2064 4494; baseline -0.002 -19"><span class='ocrx_word' id='word_1_689' title='bbox 458 4420 736 4477; x_wconf 87' lang='lat' dir='ltr'>viderunt</span> <span class='ocrx_word' id='word_1_690' title='bbox 766 4422 1008 4478; x_wconf 90' lang='lat' dir='ltr'>eosdem</span> <span class='ocrx_word' id='word_1_691' title='bbox 1026 4422 1269 4491; x_wconf 90' lang='lat' dir='ltr'>angelos</span> <span class='ocrx_word' id='word_1_692' title='bbox 1290 4437 1428 4477; x_wconf 90' lang='lat' dir='ltr'>cum</span> <span class='ocrx_word' id='word_1_693' title='bbox 1449 4420 1662 4477; x_wconf 83' lang='lat' dir='ltr'>Acacio</span> <span class='ocrx_word' id='word_1_694' title='bbox 1697 4422 2030 4494; x_wconf 89' lang='lat' dir='ltr'>loquentes,</span> <span class='ocrx_word' id='word_1_695' title='bbox 2060 4446 2064 4472; x_wconf 88' lang='lat' dir='ltr'>t</span> 
     </span>
    </p>
   </div>
   <div class='ocr_carea' id='block_1_91' title="bbox 2220 4419 3826 4507">
    <p class='ocr_par' dir='ltr' id='par_1_91' title="bbox 2223 4419 3826 4507">
     <span class='ocr_line' id='line_1_91' title="bbox 2223 4419 3826 4507; baseline 0.01 -36"><span class='ocrx_word' id='word_1_696' title='bbox 2223 4419 2447 4484; x_wconf 85' lang='grc' dir='ltr'>ἐλθόντες</span> <span class='ocrx_word' id='word_1_697' title='bbox 2490 4421 2538 4475; x_wconf 83' lang='grc' dir='ltr'>ἐν</span> <span class='ocrx_word' id='word_1_698' title='bbox 2585 4432 2656 4494; x_wconf 85' lang='grc' dir='ltr'>τῷ</span> <span class='ocrx_word' id='word_1_699' title='bbox 2687 4426 2952 4497; x_wconf 80' lang='grc' dir='ltr'>Βυζαντίῳ</span> <span class='ocrx_word' id='word_1_700' title='bbox 2997 4432 3085 4479; x_wconf 82' lang='grc' dir='ltr'>καὶ</span> <span class='ocrx_word' id='word_1_701' title='bbox 3134 4426 3407 4500; x_wconf 81' lang='grc' dir='ltr'>βληθέντες</span> <span class='ocrx_word' id='word_1_702' title='bbox 3437 4433 3567 4503; x_wconf 86' lang='grc' dir='ltr'>ὁμοῦ</span> <span class='ocrx_word' id='word_1_703' title='bbox 3608 4432 3656 4485; x_wconf 83' lang='grc' dir='ltr'>ἐν</span> <span class='ocrx_word' id='word_1_704' title='bbox 3695 4438 3826 4507; x_wconf 83' lang='grc' dir='ltr'>οἴκῳ</span> 
     </span>
    </p>
   </div>
   <div class='ocr_carea' id='block_1_92' title="bbox 458 4508 2064 4597">
    <p class='ocr_par' dir='ltr' id='par_1_92' title="bbox 458 4509 2064 4584">
     <span class='ocr_line' id='line_1_92' title="bbox 458 4509 2064 4584; baseline 0.001 -19"><span class='ocrx_word' id='word_1_705' title='bbox 458 4509 726 4575; x_wconf 82' lang='lat' dir='ltr'>vulnera,</span> <span class='ocrx_word' id='word_1_706' title='bbox 760 4529 895 4584; x_wconf 66' lang='lat' dir='ltr'>qua:</span> <span class='ocrx_word' id='word_1_707' title='bbox 922 4516 1091 4567; x_wconf 88' lang='lat' dir='ltr'>erant</span> <span class='ocrx_word' id='word_1_708' title='bbox 1117 4511 1176 4566; x_wconf 91' lang='lat' dir='ltr'>in</span> <span class='ocrx_word' id='word_1_709' title='bbox 1202 4510 1357 4566; x_wconf 90' lang='lat' dir='ltr'>illius</span> <span class='ocrx_word' id='word_1_710' title='bbox 1388 4527 1650 4582; x_wconf 89' lang='lat' dir='ltr'>corpore,</span> <span class='ocrx_word' id='word_1_711' title='bbox 1687 4527 1841 4583; x_wconf 88' lang='lat' dir='ltr'>aqua</span> <span class='ocrx_word' id='word_1_712' title='bbox 1866 4512 2064 4568; x_wconf 83' lang='lat' dir='ltr'>ferven</span> 
     </span>
    </p>
   </div>
   <div class='ocr_carea' id='block_1_93' title="bbox 2219 4508 3825 4597">
    <p class='ocr_par' dir='ltr' id='par_1_93' title="bbox 2222 4508 3825 4597">
     <span class='ocr_line' id='line_1_93' title="bbox 2222 4508 3825 4597; baseline 0.01 -36"><span class='ocrx_word' id='word_1_713' title='bbox 2222 4508 2292 4562; x_wconf 82' lang='grc' dir='ltr'>ἐνὶ</span> <span class='ocrx_word' id='word_1_714' title='bbox 2343 4510 2390 4562; x_wconf 87' lang='grc' dir='ltr'>ἐν</span> <span class='ocrx_word' id='word_1_715' title='bbox 2434 4520 2495 4584; x_wconf 76' lang='grc' dir='ltr'>τῇ</span> <span class='ocrx_word' id='word_1_716' title='bbox 2549 4513 2770 4586; x_wconf 72' lang='grc' dir='ltr'>φυλακῇ,</span> <span class='ocrx_word' id='word_1_717' title='bbox 2829 4513 2966 4567; x_wconf 76' lang='grc' dir='ltr'>εἶδον</span> <span class='ocrx_word' id='word_1_718' title='bbox 3022 4516 3173 4569; x_wconf 87' lang='grc' dir='ltr'>πάλιν</span> <span class='ocrx_word' id='word_1_719' title='bbox 3218 4522 3340 4580; x_wconf 84' lang='grc' dir='ltr'>τοῦς</span> <span class='ocrx_word' id='word_1_720' title='bbox 3388 4520 3571 4582; x_wconf 75' lang='grc' dir='ltr'>αύτούς</span> <span class='ocrx_word' id='word_1_721' title='bbox 3620 4520 3825 4597; x_wconf 80' lang='grc' dir='ltr'>ἄνδρας</span> 
     </span>
    </p>
   </div>
   <div class='ocr_carea' id='block_1_94' title="bbox 459 4599 2065 4679">
    <p class='ocr_par' dir='ltr' id='par_1_94' title="bbox 459 4599 2065 4673">
     <span class='ocr_line' id='line_1_94' title="bbox 459 4599 2065 4673; baseline 0.001 -18"><span class='ocrx_word' id='word_1_722' title='bbox 459 4599 787 4666; x_wconf 85' lang='lat' dir='ltr'>abluentes,</span> <span class='ocrx_word' id='word_1_723' title='bbox 810 4617 1070 4672; x_wconf 90' lang='lat' dir='ltr'>eumque</span> <span class='ocrx_word' id='word_1_724' title='bbox 1100 4606 1396 4665; x_wconf 87' lang='lat' dir='ltr'>curantes,</span> <span class='ocrx_word' id='word_1_725' title='bbox 1430 4602 1512 4656; x_wconf 82' lang='lat' dir='ltr'>ita</span> <span class='ocrx_word' id='word_1_726' title='bbox 1536 4606 1596 4656; x_wconf 91' lang='lat' dir='ltr'>ut</span> <span class='ocrx_word' id='word_1_727' title='bbox 1632 4616 1865 4666; x_wconf 91' lang='lat' dir='ltr'>omnes,</span> <span class='ocrx_word' id='word_1_728' title='bbox 1902 4602 2003 4673; x_wconf 91' lang='lat' dir='ltr'>qui</span> <span class='ocrx_word' id='word_1_729' title='bbox 2054 4619 2065 4655; x_wconf 71' lang='grc' dir='ltr'>ι</span> 
     </span>
    </p>
   </div>
   <div class='ocr_carea' id='block_1_95' title="bbox 2219 4599 3825 4679">
    <p class='ocr_par' dir='ltr' id='par_1_95' title="bbox 2220 4601 3825 4679">
     <span class='ocr_line' id='line_1_95' title="bbox 2220 4601 3825 4679; baseline 0.009 -28"><span class='ocrx_word' id='word_1_730' title='bbox 2220 4602 2338 4656; x_wconf 79' lang='grc' dir='ltr'>ἤτοι</span> <span class='ocrx_word' id='word_1_731' title='bbox 2391 4603 2575 4672; x_wconf 81' lang='grc' dir='ltr'>οἰγίους</span> <span class='ocrx_word' id='word_1_732' title='bbox 2625 4601 2873 4674; x_wconf 80' lang='grc' dir='ltr'>ἀγγέλους</span> <span class='ocrx_word' id='word_1_733' title='bbox 2928 4605 3233 4676; x_wconf 86' lang='grc' dir='ltr'>ὁμιλοῦντας</span> <span class='ocrx_word' id='word_1_734' title='bbox 3289 4608 3428 4679; x_wconf 82' lang='grc' dir='ltr'>αύτῷ</span> <span class='ocrx_word' id='word_1_735' title='bbox 3482 4617 3567 4663; x_wconf 73' lang='grc' dir='ltr'>καὶ</span> <span class='ocrx_word' id='word_1_736' title='bbox 3626 4632 3825 4666; x_wconf 84' lang='grc' dir='ltr'>καταν-</span> 
     </span>
    </p>
   </div>
   <div class='ocr_carea' id='block_1_96' title="bbox 459 4687 2065 4771">
    <p class='ocr_par' dir='ltr' id='par_1_96' title="bbox 459 4690 2057 4762">
     <span class='ocr_line' id='line_1_96' title="bbox 459 4690 2057 4762; baseline 0.001 -19"><span class='ocrx_word' id='word_1_737' title='bbox 459 4692 620 4754; x_wconf 89' lang='lat' dir='ltr'>tunc,</span> <span class='ocrx_word' id='word_1_738' title='bbox 654 4696 710 4746; x_wconf 91' lang='lat' dir='ltr'>et</span> <span class='ocrx_word' id='word_1_739' title='bbox 761 4690 1064 4762; x_wconf 90' lang='lat' dir='ltr'>superiore</span> <span class='ocrx_word' id='word_1_740' title='bbox 1109 4698 1280 4746; x_wconf 91' lang='lat' dir='ltr'>nocte</span> <span class='ocrx_word' id='word_1_741' title='bbox 1329 4690 1458 4746; x_wconf 93' lang='lat' dir='ltr'>illos</span> <span class='ocrx_word' id='word_1_742' title='bbox 1510 4690 1793 4755; x_wconf 88' lang='lat' dir='ltr'>viderant,</span> <span class='ocrx_word' id='word_1_743' title='bbox 1824 4690 2057 4745; x_wconf 89' lang='lat' dir='ltr'>diceren</span> 
     </span>
    </p>
   </div>
   <div class='ocr_carea' id='block_1_97' title="bbox 2216 4687 3822 4771">
    <p class='ocr_par' dir='ltr' id='par_1_97' title="bbox 2218 4687 3822 4771">
     <span class='ocr_line' id='line_1_97' title="bbox 2218 4687 3822 4771; baseline 0.011 -33"><span class='ocrx_word' id='word_1_744' title='bbox 2218 4687 2462 4751; x_wconf 87' lang='grc' dir='ltr'>τλοῦντας</span> <span class='ocrx_word' id='word_1_745' title='bbox 2517 4688 2677 4742; x_wconf 77' lang='grc' dir='ltr'>ὕδατι</span> <span class='ocrx_word' id='word_1_746' title='bbox 2732 4693 2900 4764; x_wconf 86' lang='grc' dir='ltr'>θερμῴ</span> <span class='ocrx_word' id='word_1_747' title='bbox 2956 4697 3021 4746; x_wconf 74' lang='grc' dir='ltr'>τὰ</span> <span class='ocrx_word' id='word_1_748' title='bbox 3086 4699 3362 4769; x_wconf 89' lang='grc' dir='ltr'>τραύματα</span> <span class='ocrx_word' id='word_1_749' title='bbox 3428 4707 3519 4751; x_wconf 89' lang='grc' dir='ltr'>τοῦ</span> <span class='ocrx_word' id='word_1_750' title='bbox 3576 4708 3822 4771; x_wconf 80' lang='grc' dir='ltr'>σώματος</span> 
     </span>
    </p>
   </div>
   <div class='ocr_carea' id='block_1_98' title="bbox 457 4776 2063 4862">
    <p class='ocr_par' dir='ltr' id='par_1_98' title="bbox 457 4779 2063 4849">
     <span class='ocr_line' id='line_1_98' title="bbox 457 4779 2063 4849; baseline 0.001 -16"><span class='ocrx_word' id='word_1_751' title='bbox 457 4794 590 4833; x_wconf 87' lang='lat' dir='ltr'>vere</span> <span class='ocrx_word' id='word_1_752' title='bbox 621 4785 964 4835; x_wconf 88' lang='lat' dir='ltr'>sanctorum</span> <span class='ocrx_word' id='word_1_753' title='bbox 996 4780 1347 4849; x_wconf 84' lang='lat' dir='ltr'>angelorum</span> <span class='ocrx_word' id='word_1_754' title='bbox 1372 4779 1659 4836; x_wconf 89' lang='lat' dir='ltr'>visionem</span> <span class='ocrx_word' id='word_1_755' title='bbox 1685 4779 1923 4849; x_wconf 91' lang='lat' dir='ltr'>martyri</span> <span class='ocrx_word' id='word_1_756' title='bbox 1939 4779 2063 4835; x_wconf 74' lang='lat' dir='ltr'>obla</span> 
     </span>
    </p>
   </div>
   <div class='ocr_carea' id='block_1_99' title="bbox 2212 4776 3818 4862">
    <p class='ocr_par' dir='ltr' id='par_1_99' title="bbox 2218 4776 3818 4862">
     <span class='ocr_line' id='line_1_99' title="bbox 2218 4776 3818 4862; baseline 0.009 -34"><span class='ocrx_word' id='word_1_757' title='bbox 2218 4776 2374 4829; x_wconf 74' lang='grc' dir='ltr'>αὐτοῦ</span> <span class='ocrx_word' id='word_1_758' title='bbox 2426 4782 2513 4829; x_wconf 87' lang='grc' dir='ltr'>καὶ</span> <span class='ocrx_word' id='word_1_759' title='bbox 2569 4780 2942 4852; x_wconf 82' lang='grc' dir='ltr'>θεραπεύοντας</span> <span class='ocrx_word' id='word_1_760' title='bbox 2989 4785 3163 4849; x_wconf 69' lang='grc' dir='ltr'>αὐτόν,</span> <span class='ocrx_word' id='word_1_761' title='bbox 3214 4787 3282 4847; x_wconf 82' lang='grc' dir='ltr'>ὡς</span> <span class='ocrx_word' id='word_1_762' title='bbox 3328 4791 3524 4849; x_wconf 86' lang='grc' dir='ltr'>πάντας</span> <span class='ocrx_word' id='word_1_763' title='bbox 3564 4791 3818 4862; x_wconf 86' lang='grc' dir='ltr'>θεασαμέ-</span> 
     </span>
    </p>
   </div>
   <div class='ocr_carea' id='block_1_100' title="bbox 457 4864 3811 4947">
    <p class='ocr_par' dir='ltr' id='par_1_100' title="bbox 457 4864 3811 4947">
     <span class='ocr_line' id='line_1_100' title="bbox 457 4864 3811 4947; baseline 0.003 -24"><span class='ocrx_word' id='word_1_764' title='bbox 457 4870 579 4925; x_wconf 89' lang='lat' dir='ltr'>tam</span> <span class='ocrx_word' id='word_1_765' title='bbox 610 4867 807 4924; x_wconf 80' lang='lat' dir='ltr'>fuisse.</span> <span class='ocrx_word' id='word_1_766' title='bbox 2215 4885 2328 4926; x_wconf 84' lang='grc' dir='ltr'>νους</span> <span class='ocrx_word' id='word_1_767' title='bbox 2372 4872 2487 4919; x_wconf 84' lang='grc' dir='ltr'>τότε</span> <span class='ocrx_word' id='word_1_768' title='bbox 2514 4871 2577 4919; x_wconf 82' lang='grc' dir='ltr'>τα</span> <span class='ocrx_word' id='word_1_769' title='bbox 2618 4864 2895 4943; x_wconf 74' lang='grc' dir='ltr'>παράδοξα</span> <span class='ocrx_word' id='word_1_770' title='bbox 2933 4875 3020 4923; x_wconf 83' lang='grc' dir='ltr'>καὶ</span> <span class='ocrx_word' id='word_1_771' title='bbox 3051 4880 3111 4944; x_wconf 74' lang='grc' dir='ltr'>τῇ</span> <span class='ocrx_word' id='word_1_772' title='bbox 3163 4879 3387 4947; x_wconf 74' lang='grc' dir='ltr'>προτέρα</span> <span class='ocrx_word' id='word_1_773' title='bbox 3442 4882 3588 4929; x_wconf 79' lang='grc' dir='ltr'>νυκτὶ</span> <span class='ocrx_word' id='word_1_774' title='bbox 3631 4880 3811 4932; x_wconf 79' lang='grc' dir='ltr'>εἰπεῖν·</span> 
     </span>
    </p>
   </div>
   <div class='ocr_carea' id='block_1_101' title="bbox 2216 4954 3815 5043">
    <p class='ocr_par' dir='ltr' id='par_1_101' title="bbox 2216 4954 3815 5043">
     <span class='ocr_line' id='line_1_101' title="bbox 2216 4954 3815 5043; baseline 0.009 -36"><span class='ocrx_word' id='word_1_775' title='bbox 2216 4954 2480 5009; x_wconf 88' lang='grc' dir='ltr'>Ὀπτασία</span> <span class='ocrx_word' id='word_1_776' title='bbox 2559 4976 2633 5017; x_wconf 86' lang='grc' dir='ltr'>τις</span> <span class='ocrx_word' id='word_1_777' title='bbox 2709 4958 2867 5029; x_wconf 82' lang='grc' dir='ltr'>ἁγίων</span> <span class='ocrx_word' id='word_1_778' title='bbox 2952 4960 3179 5032; x_wconf 82' lang='grc' dir='ltr'>ἀγγέλων</span> <span class='ocrx_word' id='word_1_779' title='bbox 3233 4972 3303 5033; x_wconf 83' lang='grc' dir='ltr'>τῷ</span> <span class='ocrx_word' id='word_1_780' title='bbox 3384 4965 3515 5039; x_wconf 83' lang='grc' dir='ltr'>ἁγίῳ</span> <span class='ocrx_word' id='word_1_781' title='bbox 3581 4971 3815 5043; x_wconf 82' lang='grc' dir='ltr'>μάρτυρι</span> 
     </span>
    </p>
   </div>
   <div class='ocr_carea' id='block_1_102' title="bbox 2213 5049 2425 5115">
    <p class='ocr_par' dir='ltr' id='par_1_102' title="bbox 2213 5049 2425 5115">
     <span class='ocr_line' id='line_1_102' title="bbox 2213 5049 2425 5115; baseline 0.024 -20"><span class='ocrx_word' id='word_1_782' title='bbox 2213 5049 2425 5115; x_wconf 79' lang='grc' dir='ltr'>ἐγένετο.</span> 
     </span>
    </p>
   </div>
   <div class='ocr_carea' id='block_1_103' title="bbox 526 5124 2132 5219">
    <p class='ocr_par' dir='ltr' id='par_1_103' title="bbox 526 5124 2102 5197">
     <span class='ocr_line' id='line_1_103' title="bbox 526 5124 2102 5197; baseline 0.001 -16"><span class='ocrx_word' id='word_1_783' title='bbox 526 5124 632 5181; x_wconf 85' lang='lat' dir='ltr'>XV.</span> <span class='ocrx_word' id='word_1_784' title='bbox 678 5126 959 5182; x_wconf 91' lang='lat' dir='ltr'>Postridie</span> <span class='ocrx_word' id='word_1_785' title='bbox 988 5142 1129 5182; x_wconf 84' lang='lat' dir='ltr'>vero</span> <span class='ocrx_word' id='word_1_786' title='bbox 1156 5142 1294 5181; x_wconf 90' lang='lat' dir='ltr'>cum</span> <span class='ocrx_word' id='word_1_787' title='bbox 1334 5129 1555 5197; x_wconf 79' lang='lat' dir='ltr'>martyr</span> <span class='ocrx_word' id='word_1_788' title='bbox 1587 5124 1647 5181; x_wconf 92' lang='lat' dir='ltr'>in</span> <span class='ocrx_word' id='word_1_789' title='bbox 1678 5141 1974 5182; x_wconf 92' lang='lat' dir='ltr'>carcerem</span> <span class='ocrx_word' id='word_1_790' title='bbox 2017 5127 2102 5182; x_wconf 85' lang='lat' dir='ltr'>in-</span> 
     </span>
    </p>
   </div>
   <div class='ocr_carea' id='block_1_104' title="bbox 2206 5124 3812 5219">
    <p class='ocr_par' dir='ltr' id='par_1_104' title="bbox 2285 5130 3812 5219">
     <span class='ocr_line' id='line_1_104' title="bbox 2285 5130 3812 5219; baseline 0.01 -34"><span class='ocrx_word' id='word_1_791' title='bbox 2285 5132 2376 5186; x_wconf 66' lang='lat' dir='ltr'>lE&#39;.</span> <span class='ocrx_word' id='word_1_792' title='bbox 2418 5141 2489 5193; x_wconf 80' lang='grc' dir='ltr'>Τῆ</span> <span class='ocrx_word' id='word_1_793' title='bbox 2552 5130 2610 5187; x_wconf 73' lang='grc' dir='ltr'>δε</span> <span class='ocrx_word' id='word_1_794' title='bbox 2666 5134 2883 5209; x_wconf 76' lang='grc' dir='ltr'>ἐπιούσῄ</span> <span class='ocrx_word' id='word_1_795' title='bbox 2952 5139 3121 5212; x_wconf 43' lang='grc' dir='ltr'>ἡμρᾳ</span> <span class='ocrx_word' id='word_1_796' title='bbox 3178 5139 3453 5213; x_wconf 83' lang='grc' dir='ltr'>βληθέντος</span> <span class='ocrx_word' id='word_1_797' title='bbox 3511 5152 3601 5198; x_wconf 90' lang='grc' dir='ltr'>τοῦ</span> <span class='ocrx_word' id='word_1_798' title='bbox 3657 5148 3812 5219; x_wconf 83' lang='grc' dir='ltr'>ἁγίου</span> 
     </span>
    </p>
   </div>
   <div class='ocr_carea' id='block_1_105' title="bbox 446 5213 2052 5309">
    <p class='ocr_par' dir='ltr' id='par_1_105' title="bbox 446 5213 2046 5287">
     <span class='ocr_line' id='line_1_105' title="bbox 446 5213 2046 5287; baseline 0.001 -18"><span class='ocrx_word' id='word_1_799' title='bbox 446 5216 725 5271; x_wconf 86' lang='lat' dir='ltr'>teriorem</span> <span class='ocrx_word' id='word_1_800' title='bbox 749 5213 1066 5286; x_wconf 90' lang='lat' dir='ltr'>conjectus,</span> <span class='ocrx_word' id='word_1_801' title='bbox 1100 5215 1383 5287; x_wconf 89' lang='lat' dir='ltr'>etjudicis</span> <span class='ocrx_word' id='word_1_802' title='bbox 1408 5215 1578 5285; x_wconf 90' lang='lat' dir='ltr'>jussu</span> <span class='ocrx_word' id='word_1_803' title='bbox 1609 5215 1771 5283; x_wconf 93' lang='lat' dir='ltr'>ligno</span> <span class='ocrx_word' id='word_1_804' title='bbox 1800 5232 1869 5271; x_wconf 91' lang='lat' dir='ltr'>ac</span> <span class='ocrx_word' id='word_1_805' title='bbox 1899 5215 2046 5271; x_wconf 87' lang='lat' dir='ltr'>ferre</span> 
     </span>
    </p>
   </div>
   <div class='ocr_carea' id='block_1_106' title="bbox 2207 5213 3813 5309">
    <p class='ocr_par' dir='ltr' id='par_1_106' title="bbox 2210 5224 3813 5309">
     <span class='ocr_line' id='line_1_106' title="bbox 2210 5224 3813 5309; baseline 0.012 -38"><span class='ocrx_word' id='word_1_806' title='bbox 2210 5224 2470 5297; x_wconf 88' lang='grc' dir='ltr'>μάρτυρος</span> <span class='ocrx_word' id='word_1_807' title='bbox 2498 5224 2749 5277; x_wconf 82' lang='grc' dir='ltr'>Ἀκακίου</span> <span class='ocrx_word' id='word_1_808' title='bbox 2794 5226 2867 5287; x_wconf 85' lang='grc' dir='ltr'>εἰς</span> <span class='ocrx_word' id='word_1_809' title='bbox 2918 5231 3011 5285; x_wconf 79' lang='grc' dir='ltr'>τὴν</span> <span class='ocrx_word' id='word_1_810' title='bbox 3065 5226 3332 5305; x_wconf 80' lang='grc' dir='ltr'>ἐνδοτέραν</span> <span class='ocrx_word' id='word_1_811' title='bbox 3368 5232 3597 5304; x_wconf 72' lang='grc' dir='ltr'>φυλακὴν</span> <span class='ocrx_word' id='word_1_812' title='bbox 3642 5235 3690 5288; x_wconf 80' lang='grc' dir='ltr'>έν</span> <span class='ocrx_word' id='word_1_813' title='bbox 3738 5246 3813 5309; x_wconf 79' lang='grc' dir='ltr'>τῷ</span> 
     </span>
    </p>
   </div>
   <div class='ocr_carea' id='block_1_107' title="bbox 449 5302 2055 5395">
    <p class='ocr_par' dir='ltr' id='par_1_107' title="bbox 449 5302 2055 5375">
     <span class='ocr_line' id='line_1_107' title="bbox 449 5302 2055 5375; baseline 0.001 -16"><span class='ocrx_word' id='word_1_814' title='bbox 449 5302 703 5360; x_wconf 84' lang='lat' dir='ltr'>vinculis</span> <span class='ocrx_word' id='word_1_815' title='bbox 733 5305 951 5374; x_wconf 86' lang='lat' dir='ltr'>ligatus</span> <span class='ocrx_word' id='word_1_816' title='bbox 992 5304 1224 5367; x_wconf 87' lang='lat' dir='ltr'>fuisset,</span> <span class='ocrx_word' id='word_1_817' title='bbox 1254 5304 1470 5375; x_wconf 84' lang='lat' dir='ltr'>aliique</span> <span class='ocrx_word' id='word_1_818' title='bbox 1512 5304 1689 5358; x_wconf 88' lang='lat' dir='ltr'>vincti</span> <span class='ocrx_word' id='word_1_819' title='bbox 1713 5304 1772 5359; x_wconf 93' lang='lat' dir='ltr'>in</span> <span class='ocrx_word' id='word_1_820' title='bbox 1814 5306 2055 5360; x_wconf 81' lang='lat' dir='ltr'>exterior</span> 
     </span>
    </p>
   </div>
   <div class='ocr_carea' id='block_1_108' title="bbox 2206 5302 3812 5395">
    <p class='ocr_par' dir='ltr' id='par_1_108' title="bbox 2210 5310 3812 5395">
     <span class='ocr_line' id='line_1_108' title="bbox 2210 5310 3812 5395; baseline 0.011 -34"><span class='ocrx_word' id='word_1_821' title='bbox 2210 5310 2341 5381; x_wconf 82' lang='grc' dir='ltr'>ξύλῳ</span> <span class='ocrx_word' id='word_1_822' title='bbox 2398 5317 2485 5364; x_wconf 81' lang='grc' dir='ltr'>καὶ</span> <span class='ocrx_word' id='word_1_823' title='bbox 2534 5321 2640 5375; x_wconf 88' lang='grc' dir='ltr'>τοῖς</span> <span class='ocrx_word' id='word_1_824' title='bbox 2708 5310 2975 5388; x_wconf 69' lang='grc' dir='ltr'>σιδηροις,</span> <span class='ocrx_word' id='word_1_825' title='bbox 3040 5321 3175 5369; x_wconf 81' lang='grc' dir='ltr'>κατὰ</span> <span class='ocrx_word' id='word_1_826' title='bbox 3230 5324 3287 5371; x_wconf 89' lang='grc' dir='ltr'>τὸ</span> <span class='ocrx_word' id='word_1_827' title='bbox 3345 5326 3662 5395; x_wconf 82' lang='grc' dir='ltr'>πρόσταγμα</span> <span class='ocrx_word' id='word_1_828' title='bbox 3717 5336 3812 5379; x_wconf 89' lang='grc' dir='ltr'>τοῦ</span> 
     </span>
    </p>
   </div>
   <div class='ocr_carea' id='block_1_109' title="bbox 449 5392 2055 5478">
    <p class='ocr_par' dir='ltr' id='par_1_109' title="bbox 449 5392 2055 5458">
     <span class='ocr_line' id='line_1_109' title="bbox 449 5392 2055 5458; baseline 0.001 -11"><span class='ocrx_word' id='word_1_829' title='bbox 449 5406 685 5449; x_wconf 91' lang='lat' dir='ltr'>carcere</span> <span class='ocrx_word' id='word_1_830' title='bbox 744 5397 1130 5458; x_wconf 87' lang='lat' dir='ltr'>servarentur,</span> <span class='ocrx_word' id='word_1_831' title='bbox 1173 5408 1376 5448; x_wconf 89' lang='lat' dir='ltr'>rursus</span> <span class='ocrx_word' id='word_1_832' title='bbox 1421 5392 1607 5449; x_wconf 90' lang='lat' dir='ltr'>multa</span> <span class='ocrx_word' id='word_1_833' title='bbox 1655 5392 1885 5449; x_wconf 89' lang='lat' dir='ltr'>lumina</span> <span class='ocrx_word' id='word_1_834' title='bbox 1924 5398 2055 5449; x_wconf 90' lang='lat' dir='ltr'>noct</span> 
     </span>
    </p>
   </div>
   <div class='ocr_carea' id='block_1_110' title="bbox 2206 5392 3812 5478">
    <p class='ocr_par' dir='ltr' id='par_1_110' title="bbox 2208 5400 3812 5478">
     <span class='ocr_line' id='line_1_110' title="bbox 2208 5400 3812 5478; baseline 0.011 -28"><span class='ocrx_word' id='word_1_835' title='bbox 2208 5400 2483 5472; x_wconf 77' lang='grc' dir='ltr'>ἄρχοντος,</span> <span class='ocrx_word' id='word_1_836' title='bbox 2519 5400 2819 5475; x_wconf 80' lang='grc' dir='ltr'>ἔστιγμένου</span> <span class='ocrx_word' id='word_1_837' title='bbox 2860 5409 2948 5456; x_wconf 78' lang='grc' dir='ltr'>καὶ</span> <span class='ocrx_word' id='word_1_838' title='bbox 3000 5413 3335 5478; x_wconf 85' lang='grc' dir='ltr'>τρυχωμένου</span> <span class='ocrx_word' id='word_1_839' title='bbox 3386 5416 3473 5463; x_wconf 82' lang='grc' dir='ltr'>καὶ</span> <span class='ocrx_word' id='word_1_840' title='bbox 3516 5422 3613 5464; x_wconf 82' lang='grc' dir='ltr'>τῶν</span> <span class='ocrx_word' id='word_1_841' title='bbox 3644 5413 3812 5467; x_wconf 79' lang='grc' dir='ltr'>ἄλλων</span> 
     </span>
    </p>
   </div>
   <div class='ocr_carea' id='block_1_111' title="bbox 448 5480 2054 5570">
    <p class='ocr_par' dir='ltr' id='par_1_111' title="bbox 448 5480 2054 5554">
     <span class='ocr_line' id='line_1_111' title="bbox 448 5480 2054 5554; baseline 0.001 -17"><span class='ocrx_word' id='word_1_842' title='bbox 448 5483 705 5538; x_wconf 76' lang='lat' dir='ltr'>accensa</span> <span class='ocrx_word' id='word_1_843' title='bbox 733 5482 897 5553; x_wconf 89' lang='lat' dir='ltr'>apud</span> <span class='ocrx_word' id='word_1_844' title='bbox 922 5487 1247 5554; x_wconf 85' lang='lat' dir='ltr'>martyrem</span> <span class='ocrx_word' id='word_1_845' title='bbox 1270 5484 1467 5553; x_wconf 90' lang='lat' dir='ltr'>ipsum</span> <span class='ocrx_word' id='word_1_846' title='bbox 1492 5488 1549 5538; x_wconf 91' lang='lat' dir='ltr'>et</span> <span class='ocrx_word' id='word_1_847' title='bbox 1572 5480 1728 5538; x_wconf 90' lang='lat' dir='ltr'>viros</span> <span class='ocrx_word' id='word_1_848' title='bbox 1760 5483 1905 5539; x_wconf 85' lang='lat' dir='ltr'>alios</span> <span class='ocrx_word' id='word_1_849' title='bbox 1937 5484 2054 5538; x_wconf 63' lang='lat' dir='ltr'>vide</span> 
     </span>
    </p>
   </div>
   <div class='ocr_carea' id='block_1_112' title="bbox 2203 5480 3809 5570">
    <p class='ocr_par' dir='ltr' id='par_1_112' title="bbox 2209 5484 3809 5570">
     <span class='ocr_line' id='line_1_112' title="bbox 2209 5484 3809 5570; baseline 0.01 -30"><span class='ocrx_word' id='word_1_850' title='bbox 2209 5484 2491 5559; x_wconf 80' lang='grc' dir='ltr'>δεσμωτῶν</span> <span class='ocrx_word' id='word_1_851' title='bbox 2566 5491 2640 5553; x_wconf 83' lang='grc' dir='ltr'>εἰς</span> <span class='ocrx_word' id='word_1_852' title='bbox 2694 5498 2785 5551; x_wconf 80' lang='grc' dir='ltr'>τὴν</span> <span class='ocrx_word' id='word_1_853' title='bbox 2840 5492 3085 5567; x_wconf 77' lang='grc' dir='ltr'>ἐξωτέραν</span> <span class='ocrx_word' id='word_1_854' title='bbox 3144 5495 3373 5567; x_wconf 69' lang='grc' dir='ltr'>φυλακὴν</span> <span class='ocrx_word' id='word_1_855' title='bbox 3437 5504 3613 5570; x_wconf 79' lang='grc' dir='ltr'>ὄντων,</span> <span class='ocrx_word' id='word_1_856' title='bbox 3668 5500 3809 5556; x_wconf 75' lang='grc' dir='ltr'>εἶδον</span> 
     </span>
    </p>
   </div>
   <div class='ocr_carea' id='block_1_113' title="bbox 447 5569 2053 5670">
    <p class='ocr_par' dir='ltr' id='par_1_113' title="bbox 447 5569 2053 5645">
     <span class='ocr_line' id='line_1_113' title="bbox 447 5569 2053 5645; baseline 0.001 -16"><span class='ocrx_word' id='word_1_857' title='bbox 447 5572 605 5637; x_wconf 86' lang='lat' dir='ltr'>runt,</span> <span class='ocrx_word' id='word_1_858' title='bbox 620 5584 651 5626; x_wconf 88' lang='lat' dir='ltr'>e</span> <span class='ocrx_word' id='word_1_859' title='bbox 676 5569 931 5627; x_wconf 88' lang='lat' dir='ltr'>vinculis</span> <span class='ocrx_word' id='word_1_860' title='bbox 949 5585 1088 5627; x_wconf 89' lang='lat' dir='ltr'>eum</span> <span class='ocrx_word' id='word_1_861' title='bbox 1105 5571 1396 5629; x_wconf 87' lang='lat' dir='ltr'>solventes</span> <span class='ocrx_word' id='word_1_862' title='bbox 1417 5575 1597 5645; x_wconf 89' lang='lat' dir='ltr'>atque</span> <span class='ocrx_word' id='word_1_863' title='bbox 1613 5577 1911 5645; x_wconf 86' lang='lat' dir='ltr'>curantes,</span> <span class='ocrx_word' id='word_1_864' title='bbox 1942 5573 2053 5631; x_wconf 91' lang='lat' dir='ltr'>alio</span> 
     </span>
    </p>
   </div>
   <div class='ocr_carea' id='block_1_114' title="bbox 2202 5569 3808 5670">
    <p class='ocr_par' dir='ltr' id='par_1_114' title="bbox 2205 5576 3808 5670">
     <span class='ocr_line' id='line_1_114' title="bbox 2205 5576 3808 5670; baseline 0.01 -39"><span class='ocrx_word' id='word_1_865' title='bbox 2205 5576 2358 5631; x_wconf 82' lang='grc' dir='ltr'>πάλιν</span> <span class='ocrx_word' id='word_1_866' title='bbox 2416 5588 2556 5654; x_wconf 72' lang='grc' dir='ltr'>φῶτα</span> <span class='ocrx_word' id='word_1_867' title='bbox 2606 5581 2769 5635; x_wconf 76' lang='grc' dir='ltr'>πολλὰ</span> <span class='ocrx_word' id='word_1_868' title='bbox 2825 5580 2873 5634; x_wconf 79' lang='grc' dir='ltr'>έν</span> <span class='ocrx_word' id='word_1_869' title='bbox 2929 5591 2991 5657; x_wconf 75' lang='grc' dir='ltr'>τῇ</span> <span class='ocrx_word' id='word_1_870' title='bbox 3044 5590 3193 5638; x_wconf 77' lang='grc' dir='ltr'>νυκτί</span> <span class='ocrx_word' id='word_1_871' title='bbox 3241 5584 3501 5670; x_wconf 75' lang='grc' dir='ltr'>ἁπτόμενα</span> <span class='ocrx_word' id='word_1_872' title='bbox 3546 5596 3677 5666; x_wconf 86' lang='grc' dir='ltr'>πρὸς</span> <span class='ocrx_word' id='word_1_873' title='bbox 3719 5596 3808 5646; x_wconf 79' lang='grc' dir='ltr'>τὸν</span> 
     </span>
    </p>
   </div>
  </div>
