4084 6216
228 265 301 321 233
1339 258 1511 316 VlTA
1551 261 1614 320 S.
1656 259 1889 318 ACACII
1916 260 2382 322 CAPPADOCIS.

3442 269 3548 332 234

217 395 447 468 μάρτυρα,
504 395 594 443 καὶ
635 395 750 451 τοὺς
805 385 999 462 ἄνδρας
1055 392 1175 451 τοὺς
1221 392 1310 462 μὲν
1361 388 1574 449 λύοντας
1622 388 1769 440 αὐτὸν

1889 404 2027 445 vero
2040 389 2240 446 cibum
2262 391 2376 463 ipsi
2393 390 2702 449 afferentes
2723 403 2735 447 :
2758 393 2938 465 idque
2955 409 3092 450 cum
3125 399 3345 470 smpius
3366 401 3549 459 vidis-

216 483 256 533 ἐκ
299 491 390 533 τῶν
435 478 637 551 δεσμῶν
692 485 782 532 καὶ
837 481 1209 552 θεραπεύοντας
1273 478 1448 542 αὐτὸν,
1517 481 1638 540 τούς
1719 473 1778 529 δὲ

213 576 377 647 τροφὴν
420 570 562 640 αύτῷ
606 573 1002 643 προσφέροντας,
1043 573 1327 620 καὶταῦτα
1387 571 1450 619 τὰ
1503 563 1780 640 παράδοξα

213 661 250 712 ἐν
290 660 509 712 πλείοσιν
565 658 790 730 ἀγωγαῖς
850 660 1176 728 θεασάμενοι,
1235 661 1323 708 καὶ
1376 666 1447 728 τῷ
1513 653 1780 728 δεσμοφύ-

212 750 306 799 λακι
353 748 714 818 ἁνενέγκαντες,
761 746 1009 805 ἐποίησαν
1062 751 1151 798 καὶ
1191 746 1344 798 αύτὸν
1393 745 1576 806 αύταῖς
1626 745 1779 816 ὄψεσι

211 839 658 910 πληροφορηθῆναι,
717 839 828 888 ὅθεν
882 836 1054 903 καὶςό
1110 835 1452 909 καπικλάριος
1509 833 1780 905 ἐκπλαγεὶς

209 927 267 998 ἐφ’
310 927 375 986 οἷς
425 924 694 992 ἐθεάσατο,
749 925 949 984 πολλοῖς
996 933 1094 976 τῶν
1139 924 1292 997 φίλων
1338 924 1498 976 αύτοῦ
1547 922 1776 976 ἀπελθὼν

207 1019 509 1090 ἐφανέρωσεν.
551 1015 608 1066 Ὀ
657 1011 716 1067 δὲ
768 1016 950 1086 οῖρχων
1007 1017 1132 1080 μετὰ
1188 1018 1246 1066 τὸ
1306 1012 1462 1066 ἐλθεῖν
1516 1013 1670 1065 αὐτὸν
1728 1012 1775 1064 ἐν

207 1113 263 1173 τῷ
307 1105 587 1173 Βυζαντίῳ,
651 1107 781 1176 μετά
831 1103 960 1156 ἑπτὰ
1014 1106 1212 1176 ἡμέρας
1262 1104 1484 1164 καθίσας
1534 1106 1634 1174 πρό
1683 1109 1774 1154 τοῦ

206 1193 433 1265 βήματος,
485 1192 735 1264 ἐξῄτησεν
792 1196 879 1244 τόν
947 1196 1185 1266 μάρτυρα
1248 1192 1424 1264 λέγων·
1488 1191 1638 1244 Κάλει
1688 1194 1771 1242 τόν

205 1284 419 1337 Ἀκάκιον
469 1285 555 1334 τὸν
609 1290 700 1344 τῆς
739 1280 960 1344 ἀσεϐοῦς
1012 1284 1294 1352 θρησκείας
1343 1290 1440 1334 τῶν
1493 1281 1773 1332 Γαλιλαίων

205 1378 474 1446 συνήγορον.

203 1481 287 1525 xta,
315 1464 469 1534 κύριε.
521 1463 802 1523 Σταθεντος
835 1457 893 1514 δὲ
939 1465 1039 1536 πρὸ
1077 1469 1168 1513 τοῦ
1219 1459 1460 1533 βήματος
1501 1468 1592 1512 τοῦ
1624 1462 1768 1532 μάρ-

204 1570 348 1621 τνρος,
400 1546 519 1602 ἰδὼν
575 1551 606 1602 ὁ
637 1546 892 1610 δικαστὴς
938 1555 995 1602 τό
1049 1555 1325 1625 πρόσωπον
1354 1557 1446 1602 τοῦ
1477 1548 1630 1622 ἁγίου
1658 1569 1772 1622 φαι-

207 1636 307 1712 δρὸν
351 1643 467 1691 ὡσεὶ
538 1645 822 1713 πρόσωπον
887 1639 1132 1710 ἀγγέλου,
1187 1638 1458 1710 ἐξεπλάγη.
1519 1637 1768 1700 Ἥλπιζεν

555 1373 849 1434 Ἀντωνῖνος
905 1377 1314 1446 κομενταρήσιος
1363 1373 1516 1424 εἶπεν·
1579 1369 1772 1429 Ἐστη-

1889 483 2037 544 sent,
2066 480 2314 535 carceris
2331 482 2638 538 custodem
2659 481 3056 551 adduxerunt,
3077 489 3138 541 ut
3155 485 3278 558 ipse
3301 505 3546 564 quoque

1891 568 2145 639 propriis
2175 569 2358 625 oculis
2403 570 2623 626 factum
2680 572 2918 642 videns,
2950 573 3023 628 de
3068 590 3128 630 re
3184 575 3283 632 illa
3337 582 3548 639 certior

1887 655 2069 712 ﬁeret.
2101 659 2243 714 Eam
2269 674 2394 714 rem
2427 674 2563 714 cum
2597 666 2795 716 custos
2836 662 3088 717 carceris
3129 663 3319 720 visam
3345 667 3547 725 obstu-

1889 745 2136 816 puisset,
2153 746 2343 804 multis
2359 749 2558 804 amicis
2572 750 2856 806 narravit.
2873 752 3092 806 Praeses
3109 768 3264 817 vero,
3291 756 3544 828 septimo

1887 832 1982 889 die
2010 843 2330 908 postquam
2360 837 2698 907 Byzantium
2743 837 2925 904 venit,
2969 845 3295 913 martyrem
3347 843 3426 898 ad
3483 861 3546 901 se

1887 922 2023 979 duci
2045 924 2266 995 jubens
2297 925 2603 981 :Vocetur.
2627 927 2838 999 inquit,
2858 928 3130 994 Acacius,
3158 931 3357 1002 impiae
3391 933 3544 989 Gali-

1886 1013 2134 1069 laeorum
2159 1014 2458 1085 religionis
2487 1023 2794 1087 patronus.
2824 1017 2927 1072 Cui
2945 1019 3281 1075 Antoninus
3305 1023 3536 1080 scriba:

1888 1105 1969 1158 En
2001 1110 2214 1173 priesto
2245 1111 2327 1160 est
2356 1103 2471 1170 ille,
2502 1121 2682 1177 quem
2709 1107 2946 1178 quaeris.
2981 1111 3128 1163 Cum
3171 1108 3350 1181 igitur
3404 1121 3542 1169 ante

1887 1192 2139 1248 tribunal
2175 1199 2401 1264 martyr
2443 1193 2819 1261 constitisset,
2850 1196 3100 1270 ejusque
3138 1199 3365 1255 vultum
3391 1201 3536 1258 hila-

1883 1297 2030 1346 rem,
2061 1281 2219 1336 velut
2241 1282 2436 1352 angeli
2468 1282 2722 1353 alicujus
2745 1293 3078 1355 aspectum,
3107 1301 3327 1359 praeses
3360 1291 3540 1346 vidis-

1883 1375 1990 1435 set,
2014 1371 2354 1443 obstupuit;
2380 1373 2659 1442 sperabat
2679 1374 2838 1429 enim
2861 1373 3151 1441 futurum,
3179 1381 3242 1432 ut
3262 1383 3388 1434 tum
3411 1380 3538 1435 vul-

1880 1459 2122 1516 neribus
2165 1461 2449 1532 corporis,
2504 1467 2628 1517 tum
2689 1463 3060 1519 vinculorum
3111 1467 3418 1532 aerumnis,
3469 1485 3538 1526 ac

1879 1550 2151 1606 ciborum
2179 1549 2427 1622 penuria
2456 1566 2705 1622 corpore
2728 1559 3180 1626 consumptum,
3219 1561 3274 1612 et
3312 1556 3386 1612 de
3441 1558 3540 1615 via

1880 1638 2066 1694 multa
2097 1638 2325 1694 fessum
2351 1638 2593 1694 videret.
2625 1640 2765 1695 Cum
2795 1641 2972 1711 igitur
2993 1642 3164 1698 aliter
3199 1659 3262 1700 se
3312 1644 3537 1702 haben-

206 1732 284 1801 γὰρ
311 1729 449 1782 αὐτόν
480 1731 505 1780 ό
537 1726 805 1790 δικασνὴς
852 1727 906 1780 ἐκ
955 1736 1052 1781 τῶν
1105 1731 1415 1802 τραυμάτων
1455 1737 1545 1781 τοῦ
1593 1735 1768 1800 σώμα-

1881 1733 1996 1784 tem
2019 1727 2280 1794 vidisset,
2299 1727 2429 1799 ejus
2449 1727 2952 1798 pluchritudinem
2974 1737 3151 1803 atque
3173 1733 3536 1792 hilaritatem

212 1837 288 1878 τος,
323 1824 398 1870 καὶ
441 1819 494 1869 ἐκ
543 1826 639 1878 τῆς
686 1817 904 1888 θλίψεως
935 1826 1034 1869 τῶν
1083 1814 1309 1890 δεσμῶν,
1347 1823 1436 1870 καὶ
1476 1817 1529 1869 ἐκ
1560 1826 1653 1880 τῆς
1686 1817 1766 1870 ἐν-

221 1903 323 1966 3m;
357 1915 444 1958 τῶν
495 1911 702 1973 σιτίων,
761 1912 850 1960 καὶ
897 1915 988 1959 τοῦ
1041 1912 1203 1959 κόπου
1255 1915 1350 1969 τῆς
1398 1907 1588 1968 πολλῆς
1638 1905 1765 1959 ὀδοῦ

220 2001 647 2068 καταπεπονημένον
711 1993 917 2071 σφόδρα
981 2001 1071 2048 καὶ
1147 2001 1575 2071 τεταριχευμένον
1636 1994 1765 2049 ἰδεῖν

212 2093 263 2152 τῷ
303 2092 504 2155 σώματι,
561 2087 636 2147 ὡς
696 2087 1039 2157 θαυμάσαντα
1097 2085 1250 2137 αὐτόν
1308 2091 1396 2136 καὶ
1450 2084 1767 2157 ἐκπλαγέντα

207 2171 269 2224 ἐπὶ
309 2193 355 2225 τε
405 2183 461 2246 τῇ
511 2178 802 2249 ὡραιότητι
857 2174 1017 2226 αὐτοῦ
1069 2180 1153 2226 καὶ
1207 2182 1268 2246 τῇ
1330 2182 1420 2227 τοῦ
1481 2181 1764 2250 προσώπου

204 2257 493 2336 φαιδρότητι,
557 2264 720 2315 εἰπεῖν
774 2266 900 2336 πρὸς
947 2268 1040 2320 τὴν
1091 2263 1254 2326 τάξιν·
1296 2262 1366 2314 Ὤ
1393 2265 1636 2315 κάκιστοι
1679 2270 1767 2316 καὶ

204 2357 380 2425 πονηροὶ
448 2361 795 2424 στρατιῶται,
883 2352 1010 2424 ούχὶ
1064 2351 1304 2405 ἐκέλευσα
1359 2353 1495 2420 ὑμᾶς
1549 2352 1616 2412 εἰς
1673 2357 1765 2410 τὴν

205 2438 416 2515 ἐσωτέραν
471 2443 712 2514 φυλακὴν
770 2441 817 2493 ἐν
874 2451 945 2512 τῷ
1000 2441 1131 2513 ξύλῳ
1181 2455 1254 2504 εις
1300 2447 1420 2516 τρία
1470 2447 1769 2514 κεντὴματα

209 2525 353 2597 βαλεῖν
381 2527 632 2606 σιδηροις
675 2549 728 2583 τε
781 2529 1101 2604 βαρυτάτοις
1147 2537 1236 2584 καὶ
1278 2531 1486 2593 πολλοῖς
1516 2535 1649 2584 κατὰ
1677 2540 1767 2584 τοῦ

208 2619 439 2689 τραχήλου
481 2626 572 2673 καὶ
619 2629 722 2672 τῶν
752 2617 948 2685 ποδῶν,
997 2626 1085 2673 καὶ
1129 2623 1260 2673 κατὰ
1306 2625 1497 2683 παντὸς
1535 2630 1626 2674 τού
1665 2629 1772 2675 σώ-

205 2727 336 2776 ματος
383 2709 537 2762 αύτοῦ
592 2709 879 2782 βληθῆναι,
947 2712 1017 2772 ὡς
1063 2717 1122 2782 τῇ
1202 2712 1393 2762 τούτων
1448 2710 1650 2785 ἀγχόνῃ
1706 2719 1763 2766 τό

1877 1818 1958 1872 sic
1989 1817 2316 1872 admiratus
2343 1821 2452 1878 est,
2487 1821 2546 1872 ut
2569 1816 2795 1874 cohorti
2825 1818 3046 1874 diceret
3091 1838 3104 1873 :
3158 1826 3372 1878 Annon
3429 1839 3535 1879 vo-

1877 1905 1986 1972 bis,
2033 1905 2244 1960 milites
2267 1904 2534 1977 pessimi,
2558 1907 2826 1978 prazcepi,
2858 1913 2919 1962 ut
2940 1908 3247 1965 hominem
3271 1911 3452 1967 istum
3473 1913 3534 1968 in

1876 1995 2212 2050 interiorem
2240 2010 2540 2050 carcerem
2568 1995 2901 2066 conjectum
2924 1997 2985 2052 in
3032 1997 3196 2067 ligno
3249 1999 3529 2070 ligaretis,

1875 2085 2198 2157 ferreisque
2221 2089 2277 2140 et
2325 2085 2695 2153 gravissimis
2727 2101 2798 2140 ac
2836 2085 3040 2141 multis
3098 2087 3347 2144 vinculis
3405 2089 3534 2160 ejus

1876 2174 2092 2230 collum
2116 2179 2172 2230 et
2189 2179 2374 2230 totum
2393 2166 2610 2246 corpus
2632 2174 3133 2248 constringeretis,
3153 2175 3232 2233 ita
3256 2183 3318 2233 ut
3345 2177 3534 2250 ipsius

1875 2265 2097 2320 ﬂorens
2117 2267 2263 2318 astas
2280 2263 2350 2317 iis
2365 2262 2754 2333 ligaminibus
2769 2271 3166 2334 angereturac
3183 2265 3535 2336 languesce-

1875 2356 1982 2418 ret,
2011 2368 2200 2425 neque
2227 2351 2498 2408 sineretis
2529 2352 2789 2424 aliquem
2821 2353 3019 2424 ipsum
3047 2353 3254 2421 visere,
3279 2355 3392 2411 nisi
3431 2354 3536 2428 qui

1876 2443 2072 2498 cibum
2104 2441 2184 2497 illi
2210 2441 2446 2498 afferret
2472 2441 2501 2497 ?
2526 2442 2839 2507 Quomodo
2890 2441 3065 2514 igitur
3115 2444 3340 2516 ipsum,
3379 2445 3536 2501 velut

1879 2531 2162 2588 athletam
2192 2529 2519 2602 quemdam
2548 2531 2831 2602 pinguem
2870 2530 3096 2586 factum
3128 2533 3303 2589 video
3348 2535 3535 2605 :quin

1880 2620 2060 2676 etiam
2077 2620 2249 2689 longe
2272 2617 2668 2690 pulchriorem
2688 2634 2758 2673 ac
2782 2620 3205 2688 venustiorem,
3223 2636 3409 2694 quam
3432 2639 3534 2678 an-

1878 2717 1973 2768 tea
2002 2709 2243 2766 fuerat?

206 2795 388 2868 ἀκμαῖον
414 2805 500 2852 καὶ
530 2799 721 2852 ἀνθοῦν
758 2809 846 2860 τῆς
889 2800 1092 2860 ἡλικίας
1121 2799 1278 2852 αὐτοῦ
1311 2804 1738 2861 καταπονηθῆναι
1767 2810 1856 2859 καὶ
1894 2809 2020 2877 μήτε
2069 2798 2475 2852 ἐπισκέπτεσθαί
2502 2815 2647 2858 τινας
2683 2796 2837 2849 αὖτόν
2877 2796 3009 2856 πλὴν
3059 2805 3149 2850 τοῦ
3182 2803 3274 2857 τὴν
3329 2795 3531 2874 βρῶσιν

204 2888 334 2940 αὐτοῦ
359 2889 678 2964 εἰσφέροντος
710 2906 722 2951 ;
755 2897 864 2951 πῶς
893 2889 980 2942 οὖν
1010 2891 1112 2964 ὁρῶ
1145 2889 1298 2942 αὐτὸν
1331 2891 1490 2954 οὕτως
1521 2899 1608 2943 νῦν
1638 2896 1985 2969 τεθραμμένον
2014 2894 2078 2952 ὡς
2104 2889 2348 2955 ἀθλητὴν,
2381 2886 2510 2939 ἀλλὰ
2537 2891 2628 2938 καὶ
2657 2894 2726 2956 τῷ
2773 2886 2945 2939 κάλλει
2985 2890 3391 2961 προστεθημένον
3439 2895 3534 2943 καὶ

203 2977 306 3028 πολύ
331 2983 670 3052 χαριέστερον
702 2980 855 3031 αύτόν
885 2983 1135 3050 γεγονότα
1166 2996 1180 3047 ;

272 3067 383 3150 ἶς’.
436 3069 740 3130 Ἀντωνῖνος
787 3074 1197 3141 κομενταρήσιος
1227 3067 1381 3122 εἶπεν.
1430 3073 1515 3124 Μὰ
1546 3076 1636 3131 τὴν
1671 3077 1767 3132 σὴν

1950 3072 2091 3129 XVI.
2123 3072 2271 3126 Tum
2302 3066 2638 3123 Antoninus
2671 3063 2864 3122 scriba.
2904 3085 2916 3124 :
2944 3063 3027 3122 Ita
3044 3063 3288 3138 quidem
3308 3065 3533 3126 factum

205 3151 356 3228 ἀρετὴν
396 3159 561 3220 καθὼς
627 3157 970 3230 προσέταξας,
1025 3157 1096 3220 εἰς
1146 3160 1322 3221 πάσας
1378 3162 1467 3220 τὰς
1517 3167 1766 3238 τιμωρίας

207 3238 474 3304 ἐμϐέϐληται
524 3251 619 3299 καὶ
666 3247 723 3298 ἐκ
778 3249 1023 3321 Περίνθου
1076 3250 1211 3299 κατὰ
1262 3253 1354 3306 τὴν
1403 3247 1524 3302 ὁδὸν
1571 3255 1636 3303 τὰ
1686 3257 1766 3304 σί-

208 3326 320 3404 dupe:
346 3345 521 3408 φορῶν,
573 3333 728 3394 ἦλθεν
773 3337 866 3398 ἕως
893 3345 990 3389 τῶν
1033 3333 1156 3391 ὧδε.
1209 3338 1326 3390 Ἐὰν
1375 3339 1461 3390 οὖν
1519 3336 1649 3412 δοκῇ
1703 3349 1763 3414 τῇ

209 3417 382 3495 ἐξουσίᾳ
430 3444 522 3477 σου
573 3421 773 3498 ἐφιδεῖν
820 3430 908 3478 καὶ
962 3430 1026 3478 τὰ
1076 3422 1277 3500 σίδηρα
1331 3433 1420 3480 καὶ
1476 3431 1768 3502 σταθμίσαι

209 3510 332 3574 αὐτα,
370 3510 466 3566 ὧδε
513 3515 667 3567 εἰσίν·
702 3519 866 3590 μέχρι
910 3519 1010 3589 γὰρ
1054 3523 1144 3568 τοῦ
1194 3513 1548 3590 δικαστηρίου
1582 3522 1766 3572 τούτου

211 3596 253 3646 ού
299 3605 667 3676 περιῃρέθησαν
717 3603 802 3656 ἀπ’
850 3605 1029 3656 αὐτοῦ·
1091 3604 1415 3679 ἐπερωτῆσαι
1457 3605 1514 3660 δὲ
1562 3610 1591 3666 ἡ
1627 3608 1767 3671 ἐξου-

213 3690 282 3738 σία
335 3708 420 3742 σου
471 3699 558 3745 καὶ
610 3697 696 3745 τὸν
740 3689 1114 3766 δεσμοφύλακα
1163 3697 1291 3766 μετὰ
1341 3694 1573 3762 ἀπειλῆς,
1622 3697 1766 3770 εἰμὴ

212 3775 338 3837 οὕτως
386 3787 734 3854 προστέτακτο
778 3783 918 3853 αύτῷ
961 3786 1096 3835 κατὰ
1145 3788 1236 3842 τὴν
1284 3785 1514 3838 κέλευσεν
1563 3806 1677 3838 σου.
1708 3787 1767 3840 Ὀ

214 3859 432 3930 δικαστὴς
486 3869 640 3924 εἶπεν
694 3872 1017 3944 Εἰσαχθήτω
1069 3874 1095 3924 ό
1145 3870 1498 3947 δεσμοφύλαξ.
1558 3883 1660 3928 Τοῦ
1710 3873 1768 3929 δὲ

211 3950 525 4026 εἰσαχθέντος,
586 3964 680 4032 ἔφη
730 3966 860 4034 πρὸς
908 3962 1064 4014 αὐτὸν
1122 3963 1148 4014 ό
1206 3960 1488 4026 δικαστής⁸
1549 3968 1644 4017 Δια
1695 3970 1764 4031 τί,

212 4051 568 4120 τρισκατάρατε,
621 4055 756 4104 κατὰ
798 4054 856 4103 τὸ
931 4054 1268 4125 προσταχθέν
1325 4072 1408 4105 σοι
1454 4053 1546 4106 ούκ
1595 4053 1768 4112 ἐποίη-

215 4146 306 4196 σας,
351 4133 449 4187 αλλ’
506 4139 667 4200 οὕτως
723 4139 878 4192 αὐτόν
939 4142 1280 4213 τεθραμμένον
1329 4147 1418 4195 καὶ
1467 4141 1768 4215 ἀνειλημμέ·

213 4237 276 4270 κν
301 4222 475 4296 ἤγαγες
520 4230 667 4300 ἡμῖν,
721 4231 790 4291 ὡς
836 4229 1079 4301 μέλλοντα
1135 4232 1426 4303 πάμμαχον
1465 4233 1588 4304 ἡμῖν
1615 4240 1767 4290 ποιῆ-

216 4313 394 4378 σαι;Ὀ
441 4317 579 4388 ais/to;
634 4319 879 4380 Ἀκάκιος
924 4315 1079 4372 εἶπεν·
1131 4323 1200 4372 Τὸ
1250 4318 1368 4391 ἐμόν
1416 4341 1497 4373 σοι
1553 4323 1771 4394 πάμμα-

1877 3166 1984 3228 est,
2011 3165 2076 3216 ut
2091 3158 2321 3231 jussisti
2350 3172 2362 3222 ;
2391 3156 2451 3211 in
2482 3170 2692 3211 omnes
2709 3154 2869 3210 enim
2887 3171 3188 3211 aerumnas
3213 3156 3536 3230 illas,quas

1877 3250 2102 3316 dixisti,
2127 3247 2453 3320 conjectus,
2472 3251 2529 3301 et
2554 3261 2627 3299 ex
2646 3244 2785 3299 urbe
2803 3242 3081 3300 Perintho
3099 3243 3413 3318 hucusque
3431 3263 3536 3319 per

1879 3346 2064 3398 totam
2090 3338 2249 3394 viam
2274 3333 2476 3390 ferreis
2501 3333 2750 3389 vinculis
2773 3334 3048 3390 astrictus
3099 3330 3228 3390 fuit.
3273 3337 3440 3401 Quod
3490 3336 3538 3392 si

1878 3426 2257 3502 amplitudini
2291 3431 2405 3481 tua;
2426 3424 2621 3479 visum
2654 3423 2826 3478 fuerit
2883 3423 3118 3479 vincula
3173 3424 3306 3496 ipsa
3349 3425 3539 3482 ferrea

1877 3520 2094 3589 videre,
2139 3531 2329 3586 eaque
2374 3514 2726 3584 ponderare,
2777 3527 2850 3566 en
2895 3511 2993 3567 illa
3038 3507 3134 3567 hic
3181 3517 3340 3568 sunt.
3389 3517 3539 3570 Nam

1880 3624 2068 3680 usque
2097 3605 2175 3663 ad
2205 3607 2318 3660 hoc
2351 3601 2613 3657 tribunal
2639 3602 2823 3656 homo
2853 3601 2962 3655 iste
2983 3601 3074 3656 his
3099 3600 3296 3657 ferreis
3331 3603 3540 3660 vincu-

1877 3698 1946 3752 lis
1979 3701 2191 3752 exutus
2219 3708 2340 3748 non
2363 3690 2489 3745 fuit.
2516 3689 2721 3756 Quaere
2747 3706 2782 3744 a
2805 3690 3056 3745 carceris
3078 3691 3324 3746 custode
3341 3692 3538 3749 minas

1877 3786 2184 3854 adhibens,
2214 3787 2270 3838 et
2301 3779 2454 3844 vide,
2480 3793 2558 3833 an
2594 3778 2675 3832 ita
2694 3777 2775 3832 illi
2799 3779 3038 3847 jussum
3092 3779 3186 3844 sit,
3240 3781 3537 3850 quemad-

1880 3877 2128 3931 modum
2155 3878 2217 3928 tu
2246 3867 2597 3943 praecepisti.
2624 3869 2772 3922 Tum
2797 3865 2986 3937 judex
3014 3883 3027 3926 ;
3078 3867 3298 3932 Veniat,
3325 3869 3534 3941 inquit,

1878 3967 1990 4020 huc
2011 3968 2212 4018 custos
2233 3957 2504 4016 carceris.
2540 3957 2688 4012 Cum
2729 3956 2990 4012 venisset
3044 3955 3159 4022 ille,
3214 3957 3400 4029 judex
3455 3958 3539 4016 ita

1877 4071 2011 4110 eum
2045 4047 2472 4119 interrogavit:
2508 4047 2716 4112 Quare,
2743 4045 3158 4102 scelestissime
3179 4051 3403 4114 custos,
3450 4047 3537 4104 fa-

1877 4159 2007 4199 cere
2037 4140 2298 4204 noluisti,
2331 4135 2492 4210 quod
2525 4135 2733 4207 jussus
2769 4151 2852 4201 es,
2885 4135 2991 4191 sed
3029 4135 3107 4192 ita
3128 4136 3418 4192 nutritum
3443 4142 3537 4193 at-

1875 4249 1993 4305 que
2006 4232 2398 4287 instauratum
2415 4225 2599 4280 istum
2615 4224 2694 4281 ad
2709 4241 2817 4280 nos
2833 4223 3064 4291 duxisti,
3081 4226 3257 4298 quasi
3287 4225 3539 4283 bellator

1877 4321 2126 4394 quidam
2143 4318 2376 4374 futurus
2393 4314 2570 4370 nobis
2593 4319 2744 4370 esset
2771 4314 2798 4369 ?
2816 4314 2904 4368 Ad
2921 4313 3047 4369 haec
3070 4315 3324 4371 Aeacius
3359 4317 3533 4381 :Mea,

216 4417 309 4469 χον,
338 4399 372 4453 ὦ
415 4401 662 4474 δικαστα,
703 4413 986 4481 τετήρηταί
1019 4428 1102 4461 σοι
1136 4409 1183 4460 ἐν
1214 4409 1433 4483 ούρανῴ,
1481 4413 1768 4484 ἔμπροσθεν

1881 4405 2405 4481 iuquit,pugnandi
2431 4404 2614 4459 virtus
2635 4419 2666 4458 e
2683 4402 2834 4458 caelo
2860 4419 2897 4458 a
2913 4419 3051 4458 vero
3073 4403 3173 4459 illo
3196 4404 3538 4460 certaminis

217 4503 287 4538 τον
336 4492 527 4547 αἰωνίου
580 4501 671 4548 καὶ
732 4496 977 4555 ἀληθινοῦ
1031 4497 1306 4550 ἀθλοθέτου
1366 4507 1620 4573 Χριστοῦ,
1678 4509 1769 4553 τοῦ

217 4583 287 4628 ni
325 4588 406 4639 τὴν
456 4582 782 4661 φαιδρότητα
834 4592 920 4638 καὶ
969 4587 1131 4661 ῥώσίν
1185 4608 1273 4659 μοι
1323 4592 1768 4663 παρασχόντος·ό

223 4669 376 4739 Κύριος
419 4693 513 4742 μου
565 4681 653 4727 καὶ
701 4679 825 4736 Θεὸς
863 4676 1024 4738 οὕτως
1071 4680 1336 4750 θεραπεύει
1382 4682 1504 4738 τοῦς
1557 4675 1770 4740 δούλους

223 4758 346 4808 rimi
394 4762 579 4834 ῥήματι
637 4771 794 4836 μόνῳ.
851 4765 910 4818 Ὀ
971 4762 1246 4827 δικαστής
1314 4767 1544 4820 Κλάσατε
1610 4768 1770 4820 αὐτοῦ

222 4847 311 4903 τοὺς
353 4846 575 4918 ὀδόντας,
620 4855 700 4905 ἵνα
749 4859 820 4926 μὴ
874 4853 999 4927 λαλῇ
1076 4860 1146 4926 μὴ
1204 4855 1607 4931 ἐπερωτώμενος.
1673 4863 1771 4910 Καὶ

224 4936 324 4997 πρὸς
373 4942 448 4990 τόν
502 4938 874 5015 δεσμοφύλακα
935 4944 1088 5016 λέγει’
1148 4950 1211 4997 Τί
1263 4945 1424 5017 λέγεις
1485 4950 1571 5012 σύ,
1624 4966 1772 5020 τρισ-

225 5025 439 5096 κατάρατε
462 5046 475 5096 ;

280 5112 359 5168 η’.
407 5121 626 5184 Κάσσιος
677 5118 1012 5195 δεσμοφύλαξ
1063 5120 1196 5176 εἶπεν
1247 5126 1334 5177 Μὰ
1379 5128 1472 5184 τὴν
1523 5129 1613 5183 σὴν
1660 5123 1771 5198 ἀρε-

226 5201 296 5252 τὴν
335 5207 390 5255 τὰ
422 5212 505 5278 μεν
534 5214 942 5283 προσταχθέντα
984 5216 1151 5265 πάντα
1208 5219 1297 5265 καὶ
1345 5217 1473 5286 μετά
1535 5217 1768 5288 προσθή-

228 5302 301 5348 κες
343 5305 494 5346 κακῶν
534 5305 806 5370 γεγόνασιν
859 5302 1018 5373 αύτῷο
1080 5301 1224 5354 ἆλλοι
1273 5300 1331 5355 δὲ
1383 5301 1518 5360 ἦσαν
1577 5307 1624 5355 οἱ
1675 5301 1769 5355 δο-

229 5390 508 5450 ρυφοροῦντες
536 5389 688 5441 αύτὸν
734 5391 805 5452 ὡς
832 5396 922 5444 καὶ
978 5393 1027 5443 οἱ
1084 5388 1298 5464 δέσμιοι
1352 5394 1534 5455 πάντες
1574 5395 1622 5444 οἰ
1679 5396 1771 5444 σύν

231 5464 339 5554 ξῦτῷ
363 5469 662 5545 ἐπίστανται,
719 5485 808 5532 καὶ
859 5480 904 5533 εἰ
948 5481 1114 5543 ἄλλως
1162 5481 1313 5554 λέγω,
1366 5482 1588 5554 κεφαλὴν
1639 5486 1768 5554 ἔχω’

235 5547 383 5628 δέομαί
431 5581 540 5631 σου,
590 5568 826 5632 ἐξουσίαν
882 5572 1041 5642 ἔχεις,
1093 5575 1231 5625 ποίει
1287 5573 1314 5625 ὃ
1371 5570 1566 5646 βούλευ
1619 5571 1772 5625 ἐθεω-

469 5653 704 5724 Ριτιιοι.
735 5660 837 5717 Gn.
867 5659 1024 5718 CXV.

1878 4500 2154 4571 praefecto
2211 4498 2345 4551 Jesu
2401 4494 2626 4550 Christo
2681 4500 2916 4548 servata
2942 4497 3048 4558 est,
3098 4493 3203 4565 qui
3240 4501 3296 4549 et
3353 4495 3539 4548 robur

1881 4590 2019 4644 mihi
2053 4588 2266 4642 attulit.
2305 4585 2592 4638 Dominus
2617 4584 2773 4637 enim
2812 4600 2979 4636 meus
3013 4584 3095 4638 ita
3127 4593 3292 4638 curat
3335 4600 3536 4638 servos

1879 4695 2018 4734 suos
2049 4677 2176 4731 solo
2211 4675 2411 4730 verbo.
2471 4673 2617 4726 Tum
2671 4671 2857 4741 judex
2917 4689 2928 4726 :
2991 4672 3351 4742 Confringite
3409 4672 3538 4742 ejus

1877 4768 2100 4831 dentes,
2150 4771 2212 4819 ut
2264 4779 2385 4818 non
2435 4762 2732 4832 loquatur,
2793 4755 2911 4814 nisi
2963 4777 3100 4815 cum
3149 4761 3538 4830 interrogatus

1878 4857 2066 4912 fuerit.
2097 4856 2310 4909 lterum
2364 4856 2564 4906 autem
2623 4847 2936 4903 custodem
2998 4849 3247 4905 carceris
3296 4851 3538 4906 interro-

1879 4961 2028 5016 gans
2088 4961 2101 4999 :
2159 4941 2480 5009 Quidnam,
2527 4939 2739 5010 inquit,
2811 4939 3247 5005 scelestissime,
3300 4954 3539 5010 respon-

1879 5038 1980 5091 des
2009 5032 2036 5087 ?

1948 5123 2272 5180 XVII.Tum
2304 5117 2540 5174 Cassius
2569 5119 2768 5171 custos
2829 5115 3084 5171 carceris
3153 5115 3466 5187 respondit
3520 5130 3533 5169 :

1881 5213 1988 5268 Per
2010 5218 2174 5267 tuam
2197 5205 2653 5278 amplitudinem
2693 5203 2850 5274 juro,
2875 5207 3219 5259 exsecutum
3247 5219 3341 5257 me
3359 5201 3539 5258 fuisse

1881 5315 2258 5376 quaecunque
2290 5304 2344 5352 te
2374 5294 2625 5368 jussisti,
2653 5300 2709 5349 et
2739 5294 2987 5364 insuper
3011 5292 3128 5348 alia
3150 5293 3308 5347 mala
3335 5291 3425 5346 his
3440 5291 3542 5346 ad-

1881 5390 2108 5446 didisse
2142 5405 2156 5455 ;
2189 5387 2293 5442 sed
2325 5387 2484 5441 fuere
2515 5383 2634 5448 alii,
2663 5383 2765 5454 qui
2795 5384 2948 5436 hunc
2975 5381 3282 5437 hominem
3303 5395 3542 5437 curave-

1883 5485 2039 5547 runt,
2066 5484 2127 5534 ut
2143 5477 2332 5533 sciunt
2350 5489 2560 5531 omnes
2580 5473 2682 5544 qui
2706 5488 2823 5527 una
2846 5488 2980 5527 cum
2999 5473 3129 5543 ipso
3149 5471 3327 5527 vincti
3351 5474 3540 5528 erant.

1884 5569 2050 5636 Quod
2074 5567 2122 5622 si
2147 5583 2272 5623 rem
2305 5563 2475 5621 aliter
2504 5577 2566 5618 se
2582 5559 2806 5619 habere
2853 5561 3226 5633 cognoveris,
3260 5577 3330 5618 en
3363 5561 3546 5633 caput

3081 5653 3116 5716 8
