4066 6224
533 327 635 380 235

1939 309 2203 372 MliNSlS
2243 309 2486 366 MAIUS.

3786 297 3895 365 236

530 467 737 507 meum
759 453 976 524 praesto
997 451 1085 504 est
1110 464 1124 503 :
1146 450 1494 519 potestatem
1513 445 1700 503 habes
1729 464 1741 502 :
1765 460 1970 518 quaeso
2003 438 2169 496 facia<

2294 443 2479 506 ροῦμεν
2523 439 2624 509 γὰρ
2686 437 2990 499 πλειστάκις
3032 433 3529 509 λαμπροφοροῡντάς
3574 451 3730 498 τινας,
3785 438 3893 487 ὦσ-

529 540 825 612 quidquid
852 540 953 594 vis.
989 535 1354 592 Videbamus
1383 537 1541 591 enim
1604 535 1824 607 saepius
1881 529 2183 606 quosdam

530 634 687 684 veste
714 626 1027 700 splendida
1053 631 1295 680 ornatos
1327 625 1560 690 milites,
1605 626 1871 695 aliosque
1939 616 2183 675 urbanis

528 716 688 782 viris,
715 716 858 771 alios
879 714 1057 770 Medis
1087 713 1453 786 quibusdam
1517 713 1739 768 similes
1795 726 1926 766 esse
1975 720 2180 764 cense-

527 805 764 875 bamus,
793 805 894 877 qui
927 819 1047 860 una
1071 819 1205 858 cum
1224 803 1356 875 ipso
1379 806 1790 870 versabantur,
1812 799 2035 873 quique
2053 796 2182 866 ejus

525 893 778 950 vulnera
799 894 1104 958 curabant,
1133 897 1189 946 et
1217 891 1528 961 diligenter
1558 888 2001 960 abstergebant,
2034 883 2179 940 mul.

525 982 719 1054 tisque
745 981 981 1038 cibariis
1003 979 1345 1053 propositis,
1369 997 1491 1036 una
1510 997 1648 1036 cum
1665 995 1736 1036 eo
1765 977 2177 1034 vescebantur.

529 1071 663 1126 Haec
687 1073 892 1127 omnia
928 1069 1223 1134 homines,
1257 1071 1360 1141 qui
1392 1086 1462 1126 ex
1520 1069 1664 1124 urbe
1715 1065 1991 1122 Perintho
2059 1077 2181 1117 una

527 1175 666 1216 cum
702 1175 773 1216 eo
805 1159 980 1216 vincti
1009 1158 1170 1214 ducti
1197 1164 1349 1226 sunt,
1381 1164 1505 1213 tum
1536 1159 1597 1213 in
1624 1157 1734 1219 via.
1770 1162 1896 1210 tum
1925 1153 2020 1208 hic
2040 1166 2179 1206 cum

527 1249 740 1321 saepius
772 1249 1080 1316 vidissent,
1111 1247 1254 1302 mihi
1280 1246 1606 1302 retulerunt
1642 1266 1653 1303 :
1689 1246 1770 1301 ita
1797 1249 1860 1299 ut
1883 1257 2017 1312 ego,
2039 1257 2177 1296 cum

522 1338 672 1410 ipsis
699 1354 820 1394 non
851 1338 1170 1401 crederem,
1204 1341 1260 1392 et
1283 1352 1489 1392 verum
1521 1337 1669 1391 scire
1696 1348 1996 1406 cuperem,
2029 1329 2176 1384 meis

525 1427 712 1482 oculis
732 1426 943 1482 videns
969 1424 1030 1481 id
1053 1425 1456 1496 cognoverim.
1478 1429 1548 1479 At
1568 1423 1615 1479 si
1637 1421 1884 1494 quando
1911 1429 2175 1492 repente,

524 1531 663 1571 cum
692 1515 819 1571 haec
842 1520 1195 1587 spectarem,
1220 1514 1448 1585 ingredi
1477 1513 1554 1570 ad
1580 1529 1717 1568 eum
1746 1510 2090 1572 voluissem,
2122 1512 2178 1562 et

521 1604 600 1661 ab
625 1604 736 1660 illis
763 1620 1026 1678 quaerere
1070 1603 1368 1658 undenam
1389 1603 1523 1658 illuc
1543 1601 1792 1671 ingressi
1815 1602 2035 1663 essent,
2076 1600 2178 1652 aut

521 1695 770 1766 quinam
803 1695 996 1750 forent
1022 1692 1286 1764 illi,quos
1319 1708 1439 1748 una
1500 1707 1639 1747 cum
1685 1691 1813 1762 ipso
1871 1687 2172 1750 vidissem,

2293 543 2384 597 περ
2446 531 2760 599 σρατιωτας,
2834 531 2923 578 καὶ
2983 525 3163 584 ἄλλους
3215 526 3285 583 ὡς
3341 521 3740 592 σχολαστικούς,
3797 529 3887 576 καὶ

2294 612 2495 687 ἐτέρους
2542 618 2610 677 ὡς
2651 616 2858 687 ἰατρούς
2903 616 3030 667 εἶναι
3061 613 3382 685 ἐνομίζομεν,
3441 615 3684 671 συνόντας
3729 613 3882 684 αύτῷ,

2292 709 2380 754 καὶ
2446 704 2884 777 ἐπιμελουμένους,
2972 709 3061 755 καὶ
3125 711 3198 772 τῷ
3261 699 3421 753 ὕδατι
3484 700 3886 764 καταντλοῦντας

2291 795 2357 844 τὰ
2409 796 2683 866 τραύματα
2721 795 2899 859 αὑτοῦ,
2951 794 3061 864 ἅμα
3110 789 3168 844 δὲ
3215 795 3305 843 καὶ
3339 792 3703 852 συνεσθίοντας
3732 791 3885 861 αὐτῷ,

2290 881 2486 933 πολλῶν
2573 881 2776 954 ἀγαθῶν
2865 885 3206 956 προκειμένων
3303 879 3494 939 αὐτοῖς.
3571 885 3749 931 Ταῦτα
3832 877 3889 933 δε

2291 972 2459 1023 πάντα
2510 976 2594 1024 ταὶ
2650 975 2698 1024 οἱ
2753 969 2964 1044 δέσμιοι
3013 970 3114 1023 ἀπό
3157 979 3253 1031 τῆς
3304 970 3552 1042 Περίνθου
3605 967 3889 1042 ἐρχόμενοι

2289 1060 2398 1132 μετ’
2447 1061 2606 1113 αὐτοῦ
2663 1058 2854 1121 ἰδόντες
2920 1065 3009 1113 καὶ
3066 1056 3170 1113 ὧδε
3251 1058 3545 1118 πλειστάκις
3613 1056 3888 1129 ἀνήνεγκαν

2288 1168 2399 1219 μοι,
2431 1150 2565 1201 ὥστε
2611 1155 2700 1201 καὶ
2756 1149 2841 1222 ἐμὲ
2893 1147 3087 1219 αύτοψὶ
3132 1149 3413 1204 πεισθῆναι
3460 1150 3531 1218 μὴ
3574 1149 3886 1199 πιστεύοντα

2289 1236 2479 1298 αὐτοῖς.
2543 1242 2602 1291 Εἰ
2653 1258 2776 1292 ποτε
2832 1235 2890 1292 δὲ
2947 1239 3151 1300 ἀνοίξας
3205 1242 3298 1295 τήν
3355 1243 3580 1293 κατῆναν
3643 1235 3884 1288 εἰσελθεῖν

2287 1326 2603 1391 ἠϐουλήθην,
2678 1327 2953 1401 αἰφνιδίως
3034 1330 3231 1402 θεωρῶν
3300 1334 3484 1387 ταῦτα,
3559 1322 3884 1396 ἐπερωτῆσαι

2287 1417 2476 1476 αύτούς
2526 1416 2820 1490 βουληθεὶς,
2873 1419 3024 1470 πόθεν
3073 1418 3176 1490 ἄρα
3218 1415 3457 1473 εἰσῆλθον
3497 1413 3525 1472 ἡ
3577 1419 3706 1474 τίνες
3755 1413 3884 1465 εἰσὶν

2287 1504 2468 1557 ἐκεῖνοι
2516 1507 2605 1568 οὖς
2663 1506 2867 1559 ἔϐλεπον
2921 1506 3032 1579 μετ’
3076 1505 3252 1568 αὐτοῦ,
3307 1504 3542 1556 εἰσελθὼν
3595 1500 3652 1554 δε
3701 1502 3887 1554 πολλά-

2285 1615 2365 1655 κις
2411 1599 2539 1670 πρὸς
2582 1596 2757 1660 αὐτὸν,
2801 1593 2988 1648 οὐδένα
3027 1594 3078 1657 ἐξ
3125 1595 3292 1647 αὐτῶν
3337 1597 3573 1667 εὕρισκον
3617 1588 3740 1644 ούδε
3790 1601 3887 1644 τῶν

2285 1689 2626 1757 προκειμένων
2691 1685 2865 1747 αὐτοῖς
2919 1684 3146 1756 ἀγαθῶν,
3213 1683 3341 1735 ἀλλά
3389 1691 3568 1735 τοῦτον
3625 1686 3780 1754 μόνον
3840 1682 3886 1734 ἐν

523 1775 2172 1855 εωρίυεᾶάθιιωίηετεεευε,ηθᾳιιθᾳυθωᾳαᾶωίιιοιύω,
2205 1783 2246 1838 Β
2286 1783 2357 1845 τῷ
2405 1774 2537 1845 ξύλῳ
2584 1779 2853 1846 τεταμένον
2893 1775 3171 1847 εὐχόμενόν
3219 1792 3272 1825 τε
3323 1778 3412 1825 καὶ
3458 1769 3751 1836 δοξάζοντα
3802 1777 3886 1824 τόν

521 1887 719 1944 neque
740 1871 1078 1945 quidquam
1101 1887 1131 1926 e
1164 1870 1403 1927 cibariis
1424 1871 1536 1926 illis
1558 1869 1854 1932 videbam,
1880 1865 1985 1921 sed
2013 1865 2175 1920 hunc

2287 1866 2414 1915 Θεὸν
2447 1863 2622 1930 αὐτοῦ,
2654 1866 2736 1916 ὅτε
2769 1861 2826 1917 δὲ
2853 1871 2943 1917 καὶ
2973 1865 3115 1936 ὕπνῳ
3153 1868 3535 1935 κατακείμενον.

520 1961 711 2017 solum
733 1960 897 2032 ligno
914 1961 1246 2032 alligatum,
1271 1976 1478 2033 preces
1501 1959 1579 2016 ad
1597 1961 1780 2014 Deum
1804 1955 2172 2020 fundentem,
2197 1958 2256 2009 et
2272 1952 2537 2008 divinam
2563 1953 2812 2023 gloriam
2840 1953 3204 2023 laudantem,
3240 1952 3535 2008 interdum
3572 1967 3708 2008 vero
3741 1952 3875 2008 dor-

520 2050 826 2107 mientem.

599 2141 786 2195 XVIII.
820 2142 967 2196 Tum
992 2140 1173 2210 judex
1215 2159 1227 2199 :
1285 2139 1589 2204 Pecunias,
1626 2138 1838 2209 inquit,
1871 2135 1948 2191 ab
1974 2131 2171 2189 Acacii

521 2228 956 2284 contribulibus
986 2228 1288 2300 accepisti,
1314 2229 1391 2284 ob
1413 2229 1589 2299 idque
1615 2226 1910 2298 judicium
1936 2225 2022 2278 vis
2055 2222 2172 2278 elu-

519 2316 678 2373 dere.
707 2322 788 2372 Ac
819 2316 1017 2373 statim
1071 2317 1267 2374 furore
1307 2318 1584 2390 percitus,
1633 2314 1933 2387 plumbeis
1993 2311 2172 2380 virgis

520 2407 649 2477 ejus
681 2411 845 2477 terga
865 2405 1090 2479 pulsari
1108 2407 1302 2478 jussit.
1329 2406 1481 2472 Quin
1508 2422 1642 2460 cum
1664 2403 2049 2465 cruciaretur,
2073 2416 2172 2456 vo-

518 2495 774 2551 ciferans
801 2495 1035 2551 dicebat
1067 2512 1077 2550 :
1113 2497 1349 2561 Quaeso,
1375 2495 1578 2566 judex,
1621 2500 1682 2550 ut
1713 2494 1757 2547 si
1790 2509 1882 2548 res
1912 2491 2078 2546 aliter
2109 2505 2170 2544 se

516 2583 718 2653 habet,
773 2601 953 2658 quain
982 2585 1122 2651 dixi,
1160 2600 1255 2640 me
1283 2584 1618 2640 interﬁcias.
1653 2585 1798 2638 Tum
1826 2581 1959 2636 ille:
1992 2582 2170 2634 Vene-

517 2673 699 2728 ficum
728 2674 905 2744 igitur
933 2674 1238 2730 hominem
1257 2675 1415 2730 hunc
1436 2690 1572 2730 esse
1595 2672 1856 2729 afﬁrmes
1883 2687 2034 2740 opus
2055 2673 2164 2725 est.

519 2759 621 2818 Cui
657 2763 908 2819 carceris
940 2768 1141 2820 custos
1178 2786 1189 2816 :
1221 2766 1361 2834 Ego,
1392 2763 1606 2836 inquit,
1656 2761 1824 2835 quod
1860 2758 2164 2823 vidi,dico,

516 2868 711 2925 neque
744 2851 887 2919 scio,
912 2852 1292 2909 veneﬁcusne
1315 2853 1408 2922 sit,
1436 2869 1514 2909 an
1542 2868 1682 2908 non.
1709 2852 1842 2905 Haec
1864 2866 2001 2905 cum
2033 2849 2169 2904 bea-

517 2945 612 2996 tus
641 2943 890 2997 Aeacius
947 2943 1198 3006 audiret,
1248 2941 1482 2997 illorum
1511 2939 1818 2997 stultitiam
1862 2937 2164 3002 irridebat,

517 3029 798 3100 quamvis
828 3029 1028 3085 fractis
1059 3035 1215 3085 esset
1247 3029 1521 3085 maxillis.
1563 3031 1770 3101 Itaque
1795 3027 1978 3098 judex
2042 3030 2167 3098 ipse

515 3132 725 3172 rursus
742 3116 938 3173 furore
969 3134 1280 3187 accensus,
1311 3118 1524 3174 Acacio
1551 3117 1732 3172 dixit:
1766 3117 1928 3171 Tune
1954 3114 2168 3170 venisti

2355 2130 2454 2188 lH'.
2507 2130 2564 2184 '0
2620 2130 2874 2195 δικαστὴς
2932 2133 3087 2185 εἶπεν·
3155 2136 3220 2184 Σύ
3278 2137 3534 2204 χρήματα
3589 2134 3734 2203 παρὰ
3787 2140 3886 2183 τῶν

2283 2223 2532 2274 συνέθνων
2582 2222 2739 2274 αὐτοῦ
2793 2221 2978 2287 λαϐὼν,
3031 2222 3235 2282 παίζειν
3295 2221 3446 2281 θέλεις
3497 2225 3556 2272 τό
3625 2218 3888 2280 δικαστή-

2280 2329 2408 2382 ριον.
2483 2315 2581 2363 Καὶ
2627 2313 2880 2383 θυμωθεὶς
2943 2310 3221 2376 ἐκέλευσεν,
3296 2315 3666 2380 καταυχενίοις
3747 2311 3884 2381 αὐτῷ

2279 2397 2552 2470 μολίϐδεσι
2608 2403 2942 2472 χρήσασθαι.
2997 2400 3079 2461 Ὠς
3138 2397 3196 2452 δὲ
3245 2399 3578 2462 ἐϐασανίζετο
3626 2401 3651 2451 ό
3691 2396 3886 2472 δεσμο-

2281 2487 2463 2559 φύλαξ,
2514 2488 2632 2541 ἐϐόα
2685 2495 2772 2541 καὶ
2826 2489 3008 2561 ἔλεγενο
3063 2493 3250 2562 Δέομαί
3301 2509 3409 2550 σου,
3458 2489 3499 2540 εἰ
3529 2488 3686 2550 ἄλλως
3719 2486 3882 2555 εἶπον,

2281 2575 2579 2630 ἀπόκτεινόν
2626 2599 2707 2650 με.
2756 2578 2814 2632 Ὀ
2870 2576 3126 2638 δικαστὴς
3174 2575 3327 2630 εἶπεν
3385 2577 3494 2630 Οὐκ
3551 2573 3639 2629 οὖν
3714 2583 3886 2648 γόητα

2279 2664 2434 2717 αὐτόν
2503 2666 2809 2739 ἀποφέρεις;
2862 2667 2921 2720 '0
2999 2665 3330 2739 δεσμοφύλαξ
3407 2667 3560 2718 εἶπεν
3640 2667 3776 2738 Ἐγὼ
3860 2671 3884 2720 ό

2280 2752 2438 2819 εἶδον,
2481 2753 2638 2809 εἶπον·
2687 2757 2729 2809 εἰ
2761 2753 2819 2809 δὲ
2849 2759 2988 2809 ἔστιν
3020 2761 3164 2827 γόης,
3198 2756 3290 2807 οὐκ
3317 2751 3458 2808 οἶδα.
3500 2754 3558 2806 Ὀ
3604 2751 3661 2807 δε
3709 2759 3883 2827 μακά-

2278 2864 2386 2918 ριος
2431 2847 2677 2908 Ἀκάκιος
2729 2846 2885 2908 ἑστὼς
2936 2851 3024 2898 καὶ
3073 2844 3272 2897 ἀκούων
3317 2852 3484 2896 ταῦτα
3528 2843 3737 2915 ἐγέλασε
3803 2844 3882 2897 ἐπὶ

2276 2941 2338 3006 τῇ
2375 2932 2637 3007 ἂφροσύνῃ
2696 2935 2880 3000 αὐτῶν,
2922 2939 3010 2988 καὶ
3061 2942 3210 2987 τοῦτο
3257 2934 3496 2994 κλασθεὶς
3527 2937 3649 2994 τούς
3691 2940 3884 3006 σιαγό-

2275 3040 2386 3087 νας,
2442 3024 2506 3084 ὡς
2551 3027 2634 3075 τὸν
2685 3021 2943 3082 δικαστὴν
2987 3024 3140 3077 πάλιν
3171 3023 3499 3096 ὀργισθέντα·
3546 3023 3882 3086 Καταπαίξαι

2276 3113 2421 3183 ἡμῶν
2484 3109 2654 3178 ἦλθες,
2722 3113 2901 3185 λέγων,
2967 3113 3166 3189 θαρρῶν
3229 3121 3340 3173 ταῖς
3408 3117 3673 3184 γοητείαις
3735 3131 3878 3183 σονς

515 3209 581 3261 ut
620 3221 728 3260 nos
753 3205 1074 3274 derideres,
1099 3207 1417 3278 praestigiis
1438 3223 1507 3261 ac
1530 3205 1827 3261 veneﬁciis
1845 3205 1957 3260 tuis
1988 3203 2158 3258 conti-

2283 3200 2558 3277 Ἀπεκρίθη
2636 3204 2896 3265 Ἀκάκιος
2967 3204 3100 3274 Ἐγὼ
3167 3205 3256 3275 μὲν
3325 3202 3383 3254 ού
3439 3203 3754 3262 καταπαίζω
3815 3207 3879 3264 ὡς

517 3309 618 3349 sus
646 3291 674 3347 7
700 3295 840 3363 Ego,
881 3294 1073 3366 inquit
1097 3294 1365 3360 Aeacius,
1396 3310 1515 3350 non
1543 3294 1728 3360 rideo,
1774 3292 1939 3365 quod
1971 3297 2169 3348 vestra

513 3382 775 3454 pernicie
796 3384 1092 3452 gaudeam
1122 3400 1132 3437 :
1158 3384 1280 3439 imo
1299 3384 1724 3455 sempiternam
1748 3387 2001 3438 vestram
2030 3397 2168 3436 con-

513 3471 963 3527 demnationem
987 3472 1241 3528 multum
1265 3472 1458 3529 doleo.
1495 3475 1607 3528 Vos
1640 3477 1838 3527 autem
1897 3470 2009 3542 ipsi
2071 3486 2167 3526 ve-

513 3565 694 3616 stram
727 3561 1203 3631 vitamirridetis,
1245 3563 1348 3634 qui
1388 3577 1595 3618 verum
1627 3559 1792 3616 illum
1818 3561 2003 3615 Deum
2033 3559 2166 3614 (εωιί

514 3652 570 3704 et
601 3654 787 3715 terrae,
812 3651 993 3706 maris
1025 3655 1081 3706 et
1109 3652 1380 3706 omnium
1411 3668 1546 3723 quae
1569 3651 1631 3706 in
1676 3652 1758 3705 eis
1817 3656 1972 3718 sunt,
2029 3648 2165 3704 effe-

511 3741 734 3794 ctorem
758 3739 1182 3812 dereliquistis,
1213 3739 1510 3812 etlapides
1535 3743 1692 3812 ipsos
1717 3739 2000 3795 adoratis.
2017 3742 2165 3794 Tum

509 3827 700 3883 Judex
752 3827 804 3883 ei
852 3829 1000 3884 dixit
1033 3846 1044 3884 :
1080 3831 1159 3884 Ne
1191 3836 1360 3900 putes
1399 3829 1512 3884 ista
1542 3835 1639 3884 tua
1705 3827 2039 3884 constantia
2071 3843 2165 3882 me

511 3916 732 3972 victum
754 3917 824 3972 iri
859 3934 872 3985 ;
897 3934 1018 3974 non
1043 3918 1235 3973 sinam
1260 3923 1314 3974 te
1338 3919 1552 3982 vivere,
1575 3917 1690 3973 nisi
1713 3917 1825 3973 diis
1849 3917 2162 3981 sacritices,

508 4006 946 4062 etinvictorum
1003 4007 1434 4077 imperatorum
1492 4006 1698 4062 edictis
1759 4005 2026 4062 obedias.
2062 4003 2166 4061 Cui

506 4095 753 4150 Aeacius
827 4116 840 4151 :
917 4096 976 4152 Si
1032 4096 1302 4151 timerem
1353 4097 1545 4150 minas
1599 4101 1754 4161 tuas,
1813 4094 2014 4152 statim
2063 4095 2165 4150 tibi

507 4181 948 4255 obtemperans,
974 4183 1245 4239 fecissem
1269 4183 1432 4256 quod
1455 4184 1629 4254 jubes
1661 4200 1676 4250 ;
1710 4183 1994 4256 quoniam
2029 4199 2166 4239 vero

506 4273 797 4329 sententia
821 4289 955 4329 mea
973 4272 1182 4329 melior
1202 4277 1288 4328 est
1304 4289 1507 4345 ,quam
1527 4279 1642 4340 tua,
1656 4273 1844 4328 minas
1861 4274 2005 4329 istas
2021 4274 2165 4333 nihil

506 4361 686 4418 timeo
720 4377 731 4415 :
767 4360 880 4427 fac,
908 4363 1074 4435 quod
1104 4361 1265 4418 libet.

577 4451 708 4506 XIX.
754 4453 912 4506 Tunc
956 4452 1145 4507 Judex
1186 4451 1383 4508 furore
1423 4453 1678 4524 percitus
1711 4474 1722 4506 :
1756 4453 2161 4518 Sacriﬁcasne,

2278 3291 2568 3363 ἐπιχαίρων
2619 3300 2678 3364 τῇ
2729 3291 2954 3364 ἀπωλείᾳ
3011 3295 3172 3364 ὑμῶν·
3233 3291 3360 3343 ἀλλὰ
3410 3296 3498 3343 καὶ
3549 3288 3761 3366 σφόδρα
3798 3291 3880 3343 λυ-

2277 3388 2477 3451 πούμαι
2527 3386 2645 3454 περὶ
2693 3389 2790 3442 τῆς
2843 3379 3018 3434 ἀϊδίου
3067 3383 3209 3453 ὑμῶν
3265 3385 3504 3453 κρίσεως.
3550 3381 3770 3441 Παίζετε
3824 3377 3879 3432 δε

2277 3469 2419 3540 ὑμεῖς
2465 3473 2554 3527 τὴν
2607 3469 2798 3522 ἑαυτῶν
2844 3471 3003 3535 ζωνὴ,
3053 3475 3421 3531 καταλιπόντες
3489 3473 3575 3521 τὸν
3629 3468 3878 3526 ἀληθινὸν

2279 3560 2426 3623 Θεὸν,
2460 3562 2545 3610 τόν
2585 3564 2880 3616 ποιήσαντα
2931 3562 3016 3611 τόν
3071 3559 3303 3633 οὐρανόν,
3351 3562 3440 3610 καὶ
3479 3562 3572 3616 τὴν
3623 3565 3745 3629 γῆν,
3794 3562 3879 3610 καὶ

2277 3652 2368 3704 τὴν
2411 3647 2698 3714 θάλασσαν,
2759 3654 2848 3700 καὶ
2897 3651 3061 3700 πάντα
3115 3650 3180 3700 τὰ
3231 3651 3280 3700 ἑν
3331 3647 3527 3713 αὐτοῖς,
3583 3651 3669 3699 καὶ
3715 3647 3879 3708 nam;

2275 3745 2703 3808 προσκυνοῦντες.
2754 3737 2813 3789 Ὀ
2872 3734 3134 3799 δικαστὴς
3185 3734 3338 3790 εἶπεν·
3403 3741 3485 3794 Μὴ
3544 3741 3767 3809 νομίσῃς
3817 3755 3878 3808 με

2275 3834 2490 3884 νικῆσαι
2543 3834 2603 3899 τῇ
2661 3827 2864 3899 εὐτονίᾳ
2918 3832 3034 3879 σόυ*
3080 3827 3173 3878 οὐκ
3221 3825 3284 3878 ἐῶ
3343 3845 3400 3878 σε
3451 3826 3633 3893 ζῆσαι,
3681 3825 3775 3877 ἐὰν
3805 3830 3873 3898 μὴ

2278 3918 2439 3988 θύσῃς
2490 3921 2579 3968 καὶ
2629 3917 2910 3992 πληρώσης
2961 3919 3019 3968 τό
3076 3917 3414 3990 προσταχθέν
3482 3934 3567 3967 σοι
3625 3916 3730 3967 ὑπὸ
3781 3923 3876 3967 τῶν

2277 4003 2541 4064 ἀηττήτων
2600 4006 2989 4080 αὐτοκρατόρων
3074 4004 3352 4078 βασιλέων.
3414 4005 3655 4066 Ἀκάκιος
3713 4003 3873 4076 λέγει·

2277 4096 2336 4147 Εἰ
2383 4093 2670 4168 ἐφοϐούμην
2723 4115 2816 4148 σου
2865 4098 2956 4157 τὰς
2999 4093 3226 4160 ἀπειλὰς,
3278 4092 3378 4146 ἀπὸ
3423 4099 3627 4167 πρώτης
3656 4095 3718 4145 οἷν
3771 4113 3878 4146 πει-

2281 4187 2418 4244 σθεὶς
2466 4204 2550 4237 σοι
2599 4186 2850 4238 ἐποίουνὸ
2903 4185 3084 4257 λέγεις’
3129 4180 3308 4242 ἐπειδὴ
3343 4180 3452 4236 δεό
3497 4183 3746 4255 λογισμός
3780 4202 3874 4241 μου

2276 4273 2495 4325 καλλίων
2552 4294 2644 4326 σου
2704 4273 2816 4328 ἔστι
2864 4279 2952 4326 καὶ
2997 4274 3056 4326 ού
3100 4272 3358 4346 φοϐοῦμαί
3390 4292 3483 4325 σου
3522 4274 3612 4333 τὰς
3643 4271 3874 4338 ἀπειλὰς,

2275 4367 2408 4415 ποίει
2436 4365 2461 4415 ὅ
2490 4363 2664 4427 θέλεις.

2348 4455 2455 4509 ΙΘ’.
2508 4460 2635 4508 Τότε
2684 4456 2940 4527 θυμωθεὶς
2984 4455 3008 4506 ό
3058 4450 3311 4514 δικαστὴς
3355 4452 3508 4524 λέγει·
3567 4456 3722 4514 Θύεις
3773 4452 3878 4505 λοι-

501 4539 713 4612 inquit,
748 4555 824 4595 an
857 4540 1056 4595 adhuc
1087 4541 1283 4612 pergis
1313 4542 1569 4598 insanire
1595 4543 1623 4598 7
1659 4542 1988 4614 Respondit
2025 4549 2161 4598 Aca-

2283 4547 2369 4595 πὸν
2424 4547 2453 4602 ἧ
2507 4546 2582 4596 ἔτι
2635 4543 2882 4616 ἐπιμένεις
2935 4551 2995 4616 τῇ
3037 4548 3209 4618 μωρίᾳ
3265 4559 3390 4609 σου;
3427 4543 3666 4604 Ἀκάκιος
3698 4543 3864 4594 εἶπεν·

503 4629 628 4684 cius
660 4646 672 4684 :
705 4631 786 4684 Tu
814 4630 1011 4700 pergis
1041 4629 1100 4684 id
1133 4630 1346 4697 facere,
1388 4631 1491 4703 qui
1513 4632 1811 4697 homines,
1855 4647 1889 4686 a
1944 4632 2165 4703 quibus

500 4717 648 4772 nihil
683 4717 1238 4775 malicommissum
1261 4726 1563 4792 estneque
1594 4719 1818 4792 aliquid
1853 4721 1912 4775 in
1944 4725 1999 4776 te
2035 4736 2166 4792 pec-

501 4811 700 4862 catum
719 4807 844 4873 fuit,
872 4808 954 4862 sic
975 4808 1188 4878 injuste
1211 4808 1511 4864 consumis
1531 4807 1558 4862 i’
1583 4811 1715 4864 Haec
1733 4826 1868 4864 cum
1893 4809 2168 4867 audisset

493 4895 696 4967 judex,
728 4896 910 4967 jussit
939 4897 1137 4967 virgas
1158 4914 1419 4969 quernas
1436 4897 1653 4964 afferri,
1681 4905 1737 4953 et
1757 4899 1884 4969 ejus
1905 4903 2069 4969 terga
2095 4917 2162 4956 ac

494 4992 767 5043 ventrem
804 4988 1120 5044 verberari.
1159 4991 1425 5060 Cumque
1457 4989 1662 5043 decem
1691 4989 1968 5044 homines
2000 4989 2166 5045 vicis-

495 5075 619 5131 sim
665 5077 856 5131 Acacii
899 5093 1117 5148 corpus
1151 5077 1554 5146 verberarent,
1598 5084 1822 5148 martyr
1875 5078 2001 5150 ipse
2055 5088 2164 5134 tor-

491 5164 707 5221 mentis
752 5163 1032 5231 aﬂlictus,
1099 5167 1179 5221 sic
1234 5165 1532 5221 clamabat
1602 5166 1885 5232 :Christe,
1943 5168 2164 5239 adjuva

491 5253 780 5309 humilem
812 5271 1050 5309 servum
1090 5260 1280 5309 tuum.
1319 5259 1507 5310 Iratus
1541 5259 1955 5331 autemjudex,
1985 5259 2166 5328 jussit

491 5349 762 5398 ventrem
798 5345 1061 5415 amplius
1095 5345 1418 5400 verberari.
1480 5343 1751 5418 Cumque
1813 5347 2018 5402 decem
2075 5348 2162 5404 illi

488 5431 766 5487 homines
794 5432 908 5488 hoc
940 5433 1242 5500 fecissent,
1280 5439 1335 5489 et
1364 5434 1578 5490 beatus
1637 5441 1864 5507 martyr
1907 5436 2155 5506 doleret,

487 5534 631 5576 voce
659 5534 879 5590 magna
909 5520 1058 5578 dixit
1091 5538 1103 5577 :
1155 5521 1407 5580 Domine
1461 5525 1599 5579 Jesu
1629 5523 1866 5593 Christe,
1928 5526 2154 5598 adjuva

485 5623 726 5676 servum
744 5613 913 5670 tuum
936 5609 1236 5670 Acacium.
1261 5611 1379 5670 lloc
1410 5628 1550 5670 cum
1574 5611 1651 5671 ab
1671 5628 1742 5672 eo
1755 5613 1981 5673 dictum
2010 5615 2156 5673 fuis-

2277 4629 2559 4705 Ἐπιμένης
2611 4637 2676 4686 σὺ
2722 4633 3020 4707 ἀνθρώπους
3074 4629 3238 4704 μηδεν
3283 4632 3578 4705 πράξαντας
3628 4636 3792 4684 κακόν
3842 4635 3871 4690 ἤ

2278 4719 2647 4790 ἀδικήσαντας,
2706 4719 2904 4784 ἀδίκως
2958 4722 3118 4782 οὕτως
3147 4720 3436 4773 ἀναλίσκων
3470 4740 3482 4785 ;
3514 4721 3775 4783 Ἀκούσας
3818 4717 3877 4774 δί

2276 4820 2443 4864 ταῦτα
2489 4813 2514 4862 ό
2567 4809 2848 4877 δικαστὴς,
2900 4811 3088 4863 κελεύει
3126 4811 3365 4883 μηλείνας
3387 4807 3620 4884 ῥάϐδους
3649 4809 3877 4882 ἐνεχθῆ-

2276 4922 2359 4953 ναι
2405 4905 2494 4953 καὶ
2537 4904 2671 4953 κατὰ
2721 4907 2812 4953 τοῦ
2850 4905 3012 4952 νώτου
3057 4906 3146 4952 καὶ
3198 4909 3286 4960 τῆς
3334 4899 3532 4962 κοιλίας
3582 4902 3876 4952 τύπτεσθαι

2277 4995 2450 5057 αὐτόν,
2506 4991 2844 5061 Ἀλλαγέντων
2905 4987 2962 5042 δὲ
3021 4986 3150 5041 δέκα
3225 4989 3504 5062 ἀνθρώπων
3579 4994 3874 5041 τυπτόντων

2277 5081 2451 5146 αὐτόν,
2499 5082 2524 5131 ό
2564 5082 2762 5152 μάρτυς
2803 5078 2849 5130 ἐν
2899 5087 3013 5141 ταῖς
3058 5077 3308 5151 βασάνοις
3356 5077 3478 5130 ἐϐόα
3523 5077 3700 5148 λέγων·
3746 5085 3876 5150 Χρι-

2279 5173 2388 5237 στε,
2447 5169 2630 5242 βοήθει
2678 5189 2766 5242 μοι
2818 5177 2889 5239 τῷ
2929 5177 3148 5239 ταπεινῷ
3197 5165 3365 5239 δούλῳ
3415 5187 3529 5221 σου.
3568 5172 3666 5220 Καὶ
3699 5169 3874 5238 θυμω-

2277 5261 2377 5319 θεὶς
2428 5261 2452 5310 ό
2508 5255 2769 5320 δικαστὴς
2824 5257 3014 5310 κελεύει
3063 5261 3196 5309 κατὰ
3240 5265 3330 5318 τῆς
3359 5257 3553 5317 κοιλίας
3582 5260 3873 5309 τύπτεσθαι

2275 5349 2448 5401 αὐτόν.
2497 5347 2760 5419 Ἀλγήσας
2807 5346 2866 5400 δὲ
2911 5349 2936 5399 ό
2985 5349 3243 5420 μακάριος
3297 5347 3545 5405 ἀνεϐόησε
3595 5353 3729 5418 φωνῇ
3779 5365 3875 5418 με·

2270 5437 2426 5511 γάλῃ,
2485 5442 2574 5490 καὶ
2628 5434 2780 5490 εἶπεν·
2851 5440 3007 5510 Κύριε
3055 5437 3230 5495 Ἰησοῦ
3285 5439 3502 5511 Χριστε,
3552 5433 3734 5508 βοήθει
3796 5441 3870 5505 τῷ

2270 5523 2438 5599 δούλῳ
2493 5546 2586 5580 σου
2643 5526 2891 5599 Ἀκακίῳ.
2947 5528 3144 5579 Τούτου
3220 5525 3467 5602 ῥηθέντος
3534 5524 3622 5577 ὑπ’
3679 5522 3865 5588 αὐτοῦ,

2265 5616 2448 5680 εὐθέως
2501 5620 2638 5692 φωνὴ
2685 5613 2740 5668 ἐκ
2785 5621 2880 5670 τοῦ
2925 5615 3143 5691 ούρανοῦ
3183 5614 3376 5691 ίγίνεεο
3421 5613 3650 5692 λέγουσα
3695 5611 3870 5690 αὐτῷ.
