4066 6224
149 51 350 207 τ’

214 277 284 348 si
1274 290 1442 349 VITA
1482 262 1541 347 δ’.
1584 278 1819 346 ACACII
1861 286 2330 347 CAPPADOCIS.

3412 294 3515 351 238

206 426 269 478 Μὴ
312 418 484 491 φοϐοῦ,
532 417 763 486 Ἀκάκιε,
814 416 941 469 ἀλλά
996 419 1206 492 θάρσει·
1242 422 1297 471 σὲ
1341 422 1440 491 γὰρ
1494 415 1575 471 δεῖ
1631 417 1760 488 μετά

1875 419 1976 477 set,
2004 417 2204 472 statim
2238 433 2355 472 vox
2380 417 2453 472 de
2481 419 2634 471 creto
2656 418 2833 481 venit,
2870 431 2938 470 ac
2969 415 3139 473 dixit:
3178 422 3253 474 Ne
3286 421 3511 487 timeas,

201 518 279 560 τῶν
322 512 538 579 πατέρων
608 526 701 559 σου
781 506 985 560 ἀπιέναι
1062 513 1151 559 καὶ
1236 508 1581 583 εὐφρανθῆναι
1634 501 1759 567 ὧδε,

200 601 305 649 ὅπου
346 604 427 647 νύν
472 596 726 667 ὁμολογεῖς
755 600 812 649 τό
844 598 1003 666 ὄνομά
1050 617 1170 668 μου.
1208 602 1306 650 Καὶ
1349 601 1618 668 γενομένης
1667 602 1758 655 τῆς

198 694 338 759 φωνῆς
416 688 627 749 ταύτης,
705 687 754 737 οἱ
844 690 1111 746 τύπτοντες
1186 685 1338 738 αὐτόν
1413 690 1761 760 ναρκήσαντες

197 779 395 832 ἔστησαν
448 773 621 844 ἐννεοὶ,
675 779 746 845 μὴ
800 771 1071 847 δυνάμενοι
1133 778 1224 837 τὰς
1289 781 1470 849 χεῖρας
1523 781 1760 835 κινῆσαι,

195 868 304 916 vim:
354 864 435 916 ἐπὶ
489 871 638 915 τοῦτο
691 861 1049 937 ἀπορρηθῆναι
1106 868 1191 917 τὸν
1235 866 1492 936 ἄρχοντα,
1538 867 1626 914 καὶ
1677 864 1763 913 θυ-

195 955 404 1023 μωθῆναι
464 950 689 1025 σφόδρα,
748 958 837 1005 καὶ
904 952 1108 1024 πέμψαι
1160 956 1245 1005 τὸν
1303 953 1450 1024 ἅγιον
1522 952 1762 1003 Ἀκάκιον

195 1043 432 1112 φλακκίνῳ
477 1050 547 1112 τῷ
595 1041 869 1113 ἀνθυπάτῳ
917 1052 1011 1105 τῆς
1055 1042 1308 1117 Εὐρώπης
1353 1045 1482 1112 μετὰ
1511 1045 1599 1093 καὶ
1644 1040 1763 1092 ἀνα-

196 1136 326 1205 φορᾶς
361 1130 638 1203 γράψαντα
663 1130 847 1193 οὕτως’

252 1398 315 1453 κ’.
378 1407 461 1471 Τῷ
514 1402 651 1451 κατά
705 1403 875 1453 πάντα
922 1399 1341 1472 θαυμασιωτάτῳ
1393 1404 1482 1451 καὶ
1534 1403 1763 1470 μεγίστῳ

193 1488 388 1561 δικαστῇ
437 1489 707 1560 Φλακκίνῳ
760 1489 1035 1560 ἀνθυπάτῳ
1091 1488 1323 1549 Βιϐιανός
1384 1490 1409 1539 6
1481 1484 1763 1559 αἰὸετιμω-

1645 1579 1766 1649 θρη-

193 1674 337 1728 σκείας
404 1678 504 1719 τῶν
565 1676 891 1742 Χριστιανῶν
950 1672 1236 1742 συνήγορον
1316 1668 1608 1738 πεμθφέντα
1677 1686 1766 1738 μοι

192 1598 319 1639 τατος
366 1578 685 1640 καθολικός·
744 1579 984 1632 Ἀκάκιον
1046 1582 1131 1629 τὸν
1184 1587 1279 1639 τῆς
1346 1576 1564 1638 ἀσεϐοῦς

1869 504 2063 569 Acaci,
2093 506 2195 559 sed
2219 514 2342 560 esto
2372 505 2531 560 bono
2582 504 2783 559 animo
2813 523 2829 575 ;
2864 504 3031 559 decet
3072 508 3229 562 enim
3282 515 3332 564 te
3380 526 3517 565 cum

1870 593 2140 663 patribus
2172 594 2290 649 tuis
2323 609 2473 659 esse,
2509 598 2565 648 et
2582 593 2730 649 coelo
2762 600 3094 650 versantem
3128 596 3426 661 oblectari,
3450 614 3519 654 eo

1870 682 2035 753 quod
2070 699 2229 738 nunc
2256 683 2515 739 nominis
2543 685 2655 738 mei
2701 682 3141 739 confessionem
3176 684 3519 756 proﬁtearis.

1871 769 2019 826 Cum
2050 772 2177 826 haec
2199 789 2315 828 vox
2341 773 2545 828 audita
2572 776 2748 839 esset,
2782 772 3054 828 homines
3073 772 3151 827 illi
3180 774 3282 845 qui
3304 778 3525 845 marty—

1870 874 1996 915 rem
2012 861 2426 929 verberabant,
2447 866 2849 933 torpescentes
2872 865 3157 933 tanquam
3175 862 3320 918 muti
3336 862 3525 918 effecti

1873 954 2031 1017 sunt,
2063 965 2258 1021 neque
2292 966 2503 1006 manus
2522 950 2685 1021 ipsas
2701 948 2959 1021 amplius
2974 967 3212 1007 movere
3227 955 3523 1023 poterant,

1872 1037 2042 1093 itaut
2083 1038 2268 1109 judex
2309 1040 2434 1111 ipse
2474 1039 2821 1109 ambigeret,
2885 1043 2939 1095 et
2978 1040 3174 1095 furore
3216 1057 3523 1107 accensus,

1872 1131 2145 1183 sanctum
2176 1127 2340 1183 illum
2365 1132 2692 1200 martyrem
2716 1128 2989 1184 Acacium
3019 1130 3093 1184 ad
3120 1130 3351 1200 majora
3372 1130 3528 1201 judi-

1871 1218 1982 1284 cia,
2010 1218 2123 1274 hoc
2162 1224 2269 1284 est,
2314 1218 2392 1274 ad
2434 1218 2776 1275 Flaccinum
2817 1219 3235 1291 proconsulem
3266 1222 3527 1277 Thracias

1871 1308 2143 1371 mitteret,
2172 1309 2272 1380 qui
2299 1307 2717 1364 etrelationem
2758 1308 2933 1365 talem
2967 1309 3043 1364 ad
3075 1325 3213 1365 eum
3244 1311 3479 1382 scripsit
3509 1329 3522 1367 :

1943 1398 2047 1452 XX.
2085 1397 2435 1453 Admirabili
2466 1402 2521 1453 et
2553 1398 2818 1453 maximo
2859 1398 3045 1469 judici
3076 1398 3352 1455 Flaccino
3384 1416 3525 1473 pro-

1873 1486 2123 1553 consuli,
2157 1486 2441 1543 Bibianus
2465 1488 2889 1558 imperatorum
2924 1486 3349 1544 devotissimus
3374 1489 3528 1545 salu—

1874 1581 1991 1631 tem
2037 1596 2047 1633 :
2101 1576 2405 1639 Acacium,
2445 1577 2647 1647 impiae
2704 1575 3178 1633 Christianorum
3229 1578 3529 1650 religionis

1876 1670 2217 1735 patronum,
2251 1682 2285 1721 a
2310 1664 2503 1720 Firmo
2536 1666 2750 1721 Martiae
2783 1665 3031 1734 legionis
3057 1664 3296 1723 tribuno
3328 1667 3405 1722 ad
3435 1684 3528 1723 me

191 1761 309 1829 παρὰ
348 1764 566 1831 Φῆρμου
616 1766 707 1809 τοῦ
754 1757 1048 1830 ταξιάρχου
1114 1765 1213 1807 τῶν
1272 1753 1497 1829 ἀριθμοῦ
1556 1762 1760 1828 Μαρτη·

1878 1752 2363 1826 missum,neque
2378 1754 2668 1809 volentem
2688 1755 2756 1809 iis
2784 1771 3011 1826 parere,
3041 1771 3176 1826 quae
3209 1756 3526 1812 abinvictis

190 1853 293 1897 σίων
345 1853 431 1898 καὶ
478 1852 557 1919 μὴ
618 1845 928 1919 βουλόμενον
981 1850 1133 1897 εἷκειν
1181 1853 1291 1907 τοῖς
1346 1847 1765 1918 προσταχθεῖσίν

190 1938 239 1986 τὰ
294 1938 428 2009 παρὰ
485 1944 595 1987 τῶν
647 1934 917 1993 ἀηττήτων
967 1933 1223 2006 βασιλέων
1286 1936 1469 2006 ἡμῶν
1512 1939 1611 2005 πρὸ
1664 1938 1763 2010 γὰρ

189 2027 347 2075 τούτων
402 2033 502 2076 τῶν
563 2028 731 2076 εἰκοσι
788 2026 990 2096 ἡμερῶν
1051 2022 1407 2075 ἀποσταλέντα
1492 2019 1768 2094 δεξάμενος

190 2112 314 2163 αὐτόν
358 2118 443 2164 καὶ
488 2113 762 2185 στιϐαρῶς
792 2118 883 2171 τὴν
930 2111 1044 2164 κατ’
1076 2112 1235 2164 αὐτοῦ
1289 2110 1560 2184 ἀνάκρισιν
1612 2132 1764 2169 ποιη-

190 2204 390 2272 σάμενος,
446 2198 611 2254 οὐδὲν
679 2202 829 2253 πλέον
894 2205 1107 2272 ἵσχυσα
1158 2200 1432 2275 ἐνεργῆσαι
1488 2200 1558 2261 εἰς
1611 2201 1764 2253 αὐτὸν

188 2290 293 2347 πλὴν
331 2295 525 2353 κόπους
578 2296 667 2342 καὶ
710 2293 870 2363 θυμόν
895 2308 905 2319 ·
961 2298 1051 2342 τοῦ
1091 2294 1424 2365 προκειμένου
1462 2292 1559 2363 γὰρ
1606 2290 1765 2342 αὐτοῦ

190 2389 353 2432 σκοποῦ
404 2384 598 2452 ἔχεται
650 2378 917 2451 ἐπιμελῶς.
974 2380 1116 2433 Ἐπεὶ
1175 2376 1262 2431 οὖν
1321 2380 1466 2431 πλέον
1528 2380 1553 2430 6
1616 2379 1764 2451 φόϐος

190 2474 432 2538 πρόσεστιν
481 2479 548 2542 τῆ
591 2474 813 2542 μεγίστη
868 2488 961 2521 σου
1010 2468 1245 2538 ἐξουσίᾳ,
1287 2475 1466 2520 τοῦτον
1496 2470 1625 2539 μετά
1664 2478 1761 2520 τῶν

189 2561 491 2630 πραχθέντων
577 2558 649 2621 εἰς
709 2558 863 2610 αὐτὸν
925 2562 1064 2631 ποιρά
1142 2566 1203 2629 τῇ
1286 2556 1377 2629 ἐμῆ
1452 2556 1761 2630 βραχύτητι

190 2646 429 2701 ἀπέστειλα
486 2648 584 2701 ἐπὶ
639 2652 733 2705 τὴν
788 2652 1043 2719 μεγίστην
1098 2666 1190 2698 σου
1242 2645 1497 2709 ἐξουσίαν,
1549 2647 1759 2709 αἰκίσας

187 2738 311 2789 αὶτὸν
354 2738 587 2790 πλεῖστα
644 2735 698 2787 ἐκ
745 2744 836 2788 τοῦ
882 2733 1231 2809 δικαστηρίου
1261 2740 1347 2787 καὶ
1393 2736 1555 2797 οὕτως
1600 2756 1762 2809 παρα-

187 2828 361 2897 πέμψας
404 2833 500 2886 τὴν
552 2826 908 2898 λαμπρότητα
959 2846 1051 2878 σου
1084 2841 1095 2853 ⁸
1130 2826 1294 2885 οὐτως
1337 2829 1471 2877 κατά
1520 2830 1611 2883 τὴν
1663 2836 1760 2878 τῶν

188 2911 440 2981 βασιλικῶν
479 2918 914 2991 προσταγμάτων
946 2911 1182 2977 διάταξιν
1231 2914 1439 2989 πράξεις
1484 2914 1555 2976 εἰς
1585 2914 1760 2969 αὐτόν.

1875 1842 2338 1913 imperatoribus
2365 1842 2580 1899 nostris
2629 1848 2923 1914 praecepta
2957 1848 3114 1908 sunt,
3144 1861 3281 1899 cum
3323 1846 3527 1914 viginti

1876 1931 2236 1987 diebusante
2251 1932 2327 1987 ad
2358 1948 2449 1987 me
2482 1932 2731 1987 missum
2751 1933 3104 2003 acceperim,
3133 1938 3189 1989 et
3215 1934 3530 1989 vehemen-

1878 2026 1962 2077 ter
2007 2020 2081 2076 de
2128 2020 2258 2092 ipso
2310 2021 2741 2093 inquisiverim,
2778 2022 2920 2077 nihil
2973 2023 3231 2093 amplius
3262 2023 3527 2095 profeci:

1877 2110 2161 2184 propositi
2176 2110 2331 2166 enim
2353 2111 2447 2165 sui
2464 2114 2638 2166 tenax
2657 2116 2765 2167 est.
2783 2111 3076 2177 Quoniam
3110 2128 3245 2167 vero
3266 2117 3528 2183 potestas

1877 2206 1977 2256 tua
2001 2200 2135 2273 plus
2158 2200 2380 2255 timoris
2412 2199 2621 2255 afferre
2641 2205 2851 2272 potest,
2878 2205 3194 2273 propterea
3220 2201 3529 2257 hominem

1874 2289 2031 2345 hunc
2057 2305 2194 2344 cum
2229 2288 2396 2355 actis,
2421 2304 2555 2360 quae
2588 2289 2661 2344 de
2691 2289 2790 2344 ilio
2822 2306 2856 2344 a
2889 2306 2983 2345 me
3015 2290 3347 2361 composita
3370 2296 3527 2357 sunt,

1874 2395 2012 2434 cum
2058 2382 2111 2433 te
2152 2378 2719 2449 praestantissimum
2752 2380 2939 2434 virum
2974 2395 3101 2435 esse
3131 2380 3340 2443 sciam,
3374 2380 3451 2437 ad
3480 2386 3531 2437 te

1872 2467 2026 2523 misi.
2058 2468 2204 2521 Cum
2236 2466 2411 2535 igitur
2442 2466 2751 2522 Flaccinus
2780 2466 2892 2522 has
2921 2467 3144 2523 litteras
3178 2469 3527 2539 accepisset,

1864 2556 2045 2629 jussit
2061 2560 2379 2627 martyrem
2395 2557 2453 2610 in
2467 2572 2701 2611 carcere
2717 2556 2957 2627 quidem
2978 2557 3275 2621 concludi,
3295 2557 3400 2611 sed
3415 2574 3533 2614 ser-

1870 2646 1993 2702 vari
2023 2649 2221 2701 tamen
2236 2644 2359 2700 sine
2374 2645 2639 2708 vinculis,
2683 2652 2738 2699 et
2762 2650 2989 2701 remota
3001 2645 3268 2701 custodia
3291 2646 3388 2702 illa
3411 2652 3533 2702 tam

1872 2734 2075 2791 atroci.
2111 2736 2363 2790 Uxorem
2395 2733 2555 2788 enim
2588 2733 2980 2789 Christianam
3014 2734 3324 2789 Flaccinus
3350 2735 3531 2791 habe-

1874 2825 1995 2891 bat,
2032 2840 2068 2879 a
2098 2840 2219 2895 qua
2247 2828 2511 2891 rogatus,
2563 2827 2618 2877 et
2643 2822 3036 2893 jurejurando
3065 2823 3215 2878 clam
3258 2824 3531 2881 astrictus

1875 2914 2084 2980 fuerat,
2107 2920 2168 2968 ut
2191 2913 2295 2984 qui
2320 2917 2560 2984 propter
2588 2912 2779 2968 Chrsti
2798 2911 2979 2968 ﬁdem
3012 2912 3088 2969 ab
3116 2914 3249 2984 ipso
3272 2914 3531 2986 inquire-

187 3003 402 3078 Ἐρῥωσο.
465 3006 757 3077 Δεξάμενος
815 3001 874 3057 δε
925 3006 949 3055 6
1003 3002 1282 3065 Φλακκίνος
1340 3005 1404 3055 τὰ
1474 3004 1760 3077 γράμματα

1875 3003 2113 3069 bantur,
2163 3017 2284 3057 non
2315 3001 2441 3069 diu,
2493 3016 2688 3074 neque
2748 3001 3000 3058 multum
3048 3003 3125 3058 ab
3185 3018 3254 3058 eo
3307 3003 3531 3061 crucia-

185 3102 252 3143 τοῦ
329 3095 603 3163 Βιϐιανοῡ,
690 3095 943 3147 ἑκελευσεν
1017 3095 1381 3163 ἐγκλεισθῆναι
1449 3096 1536 3144 τόν
1617 3095 1760 3163 οἰγιον

1875 3098 2097 3149 rentur.

186 3188 391 3258 μάρτυρα
445 3185 701 3237 Ἀκοὶκιον
753 3185 872 3236 ἄνευ
927 3179 1134 3253 δεσμῶν
1189 3180 1235 3233 ἐν
1283 3190 1346 3254 τῇ
1408 3181 1632 3254 φυλακῇ.
1668 3188 1895 3235 Γυναῖκα
1940 3184 2041 3255 γὰρ
2082 3178 2221 3253 εἶχεν
2266 3182 2291 3232 6
2341 3180 2619 3243 Φλακκῖνος
2669 3183 3014 3252 Χριστιανην,
3048 3184 3135 3231 καὶ
3182 3177 3243 3237 ἦν
3294 3179 3531 3244 ἀξιωθεὶς

690 3093 943 3147 ἐκελευσεν
1017 3092 1381 3165 ἐγκλεισθῆναι
1449 3096 1536 3144 τόν
1617 3093 1764 3164 ἅγιον

186 3278 252 3323 καὶ
299 3276 557 3346 όρκισθεὶς
618 3274 787 3345 λάθρα
837 3273 960 3347 παρ’
1017 3272 1201 3336 αὐτῆς,
1253 3272 1386 3323 ὥστε
1439 3267 1532 3323 διὰ
1570 3275 1655 3323 τὸν
1701 3272 1851 3345 λόγον
1897 3279 1989 3325 τοῦ
2037 3278 2272 3345 Χριστοῦ
2329 3269 2451 3345 παρ’
2498 3269 2655 3322 αὐτοῦ
2709 3268 3103 3342 ἐξεταζομένους
3153 3274 3222 3341 μὴ
3276 3269 3358 3323 ἐπὶ
3403 3272 3530 3324 πολὺ

188 3367 493 3435 τιμωρεῖσθαι
526 3360 661 3434 παρ’
695 3362 869 3415 αὐτοῦ.

244 3449 345 3504 KA'.
385 3456 535 3506 Μετά
607 3447 694 3502 οὐν
749 3450 904 3511 ἀλλας
953 3454 1096 3503 πέντε
1125 3452 1322 3522 ἡμέρας
1368 3451 1697 3524 προκαθίσας
1737 3452 1761 3502 ό

190 3536 436 3603 ἀνθύπατος
512 3541 802 3599 Φλακκῖνος
879 3538 961 3591 ἐπὶ
1044 3547 1134 3591 τοῦ
1190 3538 1449 3611 βήματος,
1506 3540 1761 3592 ἐκέλευσεν

191 3626 420 3699 ἐλιχθῆναι
478 3635 571 3683 τόν
635 3632 895 3703 μάρτυρα.
936 3636 1037 3682 Τοῦ
1096 3626 1155 3681 δὲ
1206 3628 1453 3695 ἐλθόντος,
1509 3632 1758 3701 προσέτα-

191 3714 249 3775 ξεν
284 3717 683 3791 ἀναγνωσθῆναι
757 3720 823 3768 τά
891 3716 968 3769 ἐπ’
1022 3717 1162 3787 αὐτῷ
1218 3722 1553 3792 πεπραγμένα
1617 3719 1761 3791 παρά

190 3804 409 3872 Βιϐιανοῡ,
468 3814 563 3860 καὶ
636 3805 1065 3877 ἀναγνωσθέντων
1116 3806 1304 3871 αὐτῶν,
1363 3811 1427 3867 ὼς
1480 3809 1759 3877 κατέμαθεν

190 3890 475 3958 όδικαστῆς
529 3900 630 3953 τὴν
683 3896 971 3969 αὐστηρίαν
1021 3905 1114 3958 τῆς
1165 3894 1241 3947 ἐπ’
1284 3894 1421 3966 αὐτῷ
1466 3894 1755 3959 ἐξετάσεως,

189 3990 259 4037 τήν
299 4004 345 4037 τε
388 3990 641 4039 ἔνστασιν
690 3990 781 4035 καὶ
828 3984 1004 4043 ἀκλινῆ
1056 3984 1332 4055 ὁμολογίαν
1363 3992 1452 4036 τού
1497 3986 1760 4059 μάρτυρος

188 4076 253 4122 καὶ
298 4082 388 4124 τῶν
438 4073 515 4126 ἐπ’
571 4073 719 4143 αύτῷ
751 4077 1033 4144 γεγονότων
1090 4070 1400 4145 παραδόξων
1461 4075 1756 4144 θαυμάτων,

189 4164 512 4236 αιτιασάμενος
590 4167 682 4214 τόν
768 4161 1002 4213 Βιϐιανὸν
1060 4164 1128 4223 ὡς
1190 4167 1260 4233 μὴ
1341 4165 1552 4233 τάχειον
1607 4163 1759 4214 αὐτόν

190 4247 403 4319 ἀνελόντα,
457 4253 572 4305 ἀλλ’

187 4358 307 4397 τιςσιν
352 4348 476 4419 πρὸς
528 4344 807 4415 ἄνθρωπον
840 4347 1164 4413 στρατιώτην
1216 4346 1555 4405 πεποιηκότα,
1591 4359 1759 4415 προσ-

648 4252 719 4313 εἱς
770 4254 1031 4309 τοσαύτην
1103 4249 1367 4323 ἀκρίϐειαν
1427 4256 1517 4302 καὶ
1576 4250 1760 4323 ἐπερώ-

1949 3450 2081 3504 ΧΧΙ.
2124 3449 2304 3503 Jussit
2357 3448 2535 3518 igitur
2577 3448 2879 3504 Flaccinus
2916 3452 3047 3519 post
3095 3448 3361 3520 quinque
3402 3449 3530 3505 dies

1870 3539 2151 3594 Acacium
2172 3541 2496 3609 martyrem
2520 3538 2595 3591 ad
2621 3554 2683 3591 se
2714 3538 2871 3601 duci,
2898 3544 2954 3592 et
2978 3537 3104 3607 ejus
3120 3544 3251 3592 acta
3272 3538 3527 3603 recitari,

1870 3644 2003 3699 quae
2038 3626 2318 3681 Bibianus
2347 3624 2700 3681 confecerat.
2750 3626 2975 3689 Quibus
3016 3626 3291 3694 recitatis,
3337 3627 3529 3698 inqui-

1870 3716 2115 3779 sitionis,
2148 3731 2282 3785 quae
2314 3729 2349 3769 a
2382 3713 2625 3769 Bibiano
2666 3712 2821 3769 facta
2854 3713 3062 3778 fuerat,
3116 3713 3527 3769 austeritatem

1869 3804 2211 3874 etmartyris
2226 3802 2551 3858 constantia
2565 3818 2644 3867 m,
2661 3800 3052 3873 stabilemque
3066 3801 3525 3871 confessionem,

1869 3900 1923 3949 et
1948 3891 2231 3947 miracula
2250 3906 2355 3962 per
2376 3891 2573 3962 ipsum
2598 3888 2754 3945 facta
2770 3889 3065 3958 cognovit,
3088 3889 3525 3961 Bibianumque

1870 3982 2194 4043 accusavit,
2243 3978 2406 4051 quod
2460 3994 2579 4034 non
2628 3978 2893 4033 celeriter
2939 3992 3077 4031 eum
3130 3978 3521 4046 interfecerat,

1871 4070 1975 4125 sed
2010 4074 2131 4126 tam
2158 4068 2446 4140 exquisite
2470 4067 2759 4123 adversus
2785 4065 3099 4122 militarem
3129 4066 3434 4122 hominem
3464 4084 3527 4123 se

1870 4165 2129 4229 gesserat
2164 4173 2176 4222 ;
2204 4158 2493 4228 jussitque
2527 4156 2806 4228 martyris
2858 4160 3041 4226 caput
3087 4155 3359 4211 abscindi
3390 4164 3525 4213 ante

1873 4250 2081 4303 urbem
2122 4246 2487 4318 Byzantium,
2513 4244 2594 4300 ita
2633 4245 3067 4316 pronuntians:
3102 4244 3382 4301 Acacium
3415 4248 3527 4303 Ga-

1867 4336 2159 4392 lilaeorum
2202 4335 2561 4406 adjutorem,
2612 4338 2668 4389 et
2714 4337 3060 4388 nostrorum
3088 4332 3519 4404 imperatorum

190 4430 301 4491 ἔταξε
348 4432 475 4504 ξίφει
537 4432 913 4502 ἀποτμηθῆναι
954 4434 1048 4487 τὴν
1092 4429 1313 4499 κεφαλὴν
1356 4436 1445 4481 τοῦ
1494 4431 1754 4503 μάρτυρος

1875 4425 2108 4497 tropaeis
2142 4424 2463 4492 insignium
2494 4422 2877 4491 desertorem,
2912 4422 3013 4493 qui
3052 4438 3298 4494 operam
3340 4424 3522 4491 dedit,

189 4523 265 4585 πρὸ
306 4529 394 4582 τῆς
456 4522 661 4581 πόλεως
718 4519 1023 4582 Βυζαντίου,
1076 4518 1229 4569 εἰπὼν
1282 4534 1293 4546 ’
1351 4517 1613 4583 Ἀκάκιον,
1669 4521 1753 4569 τόν

191 4614 265 4655 τῶν
324 4610 603 4661 Γαλιλαίων
681 4611 964 4680 σύμμαχον
1020 4612 1109 4659 καὶ
1169 4606 1625 4664 λιποτακτήσαντα
1688 4614 1749 4678 τῇ

192 4706 437 4772 συμμαχίᾳ
494 4708 598 4752 τῶν
678 4700 1045 4771 τροπαιούχων
1119 4695 1511 4771 αὐτοκρατόρων
1588 4697 1751 4767 ἡμῶν,

194 4782 265 4855 βία
288 4792 434 4861 ταύτῃ
488 4787 685 4860 μᾶλλον
731 4787 1077 4858 αἱρησάμινον
1119 4790 1175 4837 τὸ
1223 4785 1359 4845 τέλος
1406 4784 1567 4836 αὐτοῦ
1621 4786 1749 4836 θᾶτ-

1866 4519 1927 4569 ut
1944 4512 2395 4586 quamprimum
2415 4510 2548 4565 vita:
2571 4527 2692 4564 suae
2711 4510 2891 4565 ﬁnem
2910 4509 3091 4566 talem
3112 4511 3351 4577 videret,
3378 4512 3531 4581 sicut

1864 4601 2223 4675 quaestiones
2246 4599 2319 4653 de
2352 4614 2422 4653 eo
2455 4598 2625 4654 factas
2643 4599 2977 4654 docuerunt
3006 4600 3213 4663 :hunc,
3251 4601 3521 4671 inquam,

1862 4688 2417 4758 hominemlegibus
2434 4704 2552 4743 non
2568 4688 2964 4753 obedientem,
2984 4690 3243 4746 tribunal
3268 4696 3527 4746 nostrum

1862 4780 2031 4851 jubet
2060 4777 2259 4850 gladio
2301 4777 2548 4849 percuti,
2582 4781 2639 4831 et
2671 4776 2860 4848 capite
2892 4776 3136 4847 privari.

193 4890 255 4923 τον
282 4873 416 4939 ἰδεῖν,
448 4880 517 4939 ὡς
551 4879 581 4935 ἡ
619 4874 736 4927 κατ’
769 4875 923 4926 αὐτόν
955 4873 1183 4937 ἐξέτασις
1208 4883 1306 4926 τῶν
1339 4872 1596 4946 στρέϐλων
1625 4869 1883 4936 ἐδίδαξεν,
1916 4877 2097 4921 τοῦτον
2128 4866 2319 4919 κελεύει
2346 4870 2400 4918 τὸ
2430 4863 2773 4940 δικαστήριον
2797 4873 2899 4927 τοῖς
2925 4886 3102 4939 νομοις
3126 4872 3197 4939 μὴ
3229 4871 3527 4941 πειθόμενον

196 4961 298 5033 ξένιε
324 4972 412 5023 τῆν
442 4966 674 5032 κεφαλὴν
705 4963 1050 5023 ἀποκοπῆναι.

248 5052 342 5105 KB'.
379 5053 459 5115 Ὠς
515 5051 576 5107 δε
635 5056 764 5124 ἔγνω
816 5054 841 5104 6
889 5054 1141 5127 μακάριος
1185 5062 1277 5113 τῆς
1333 5052 1566 5113 κλήσεως
1605 5051 1762 5103 αὐτοῦ

197 5137 493 5212 τελειονμςνοι
606 5147 667 5195 τό
743 5145 908 5217 ἔργον,
992 5141 1380 5215 βραϐεύσαντος
1456 5141 1595 5211 αὐτῷ
1676 5147 1763 5192 τοῦ

201 5229 445 5301 nam»;
494 5238 590 5284 τοῦ
651 5232 828 5302 ἁγίου,
888 5230 1161 5289 ἀνεϐόησεν
1212 5235 1300 5283 καὶ
1347 5227 1516 5283 εἶπεν·
1548 5229 1616 5281 Ὦ.
1671 5234 1761 5281 πό-

203 5330 285 5374 στιις
324 5326 569 5391 στόμασι,
623 5324 837 5393 Χριστε,
896 5320 1163 5391 εὐλογήσω
1205 5338 1280 5384 σε,
1344 5320 1485 5379 ζωῆς
1533 5317 1760 5390 ἀρχηγὲ,

204 5404 266 5452 Tit
305 5415 383 5458 τού
438 5416 574 5461 Θεοῦ
633 5417 723 5461 τού
778 5411 993 5478 ζῶντος,
1039 5410 1119 5460 ὅτι
1173 5409 1336 5469 οὕτως
1399 5406 1619 5478 ἐλεήμων
1675 5410 1765 5458 καὶ

206 5498 496 5568 ωρόθυμος
546 5495 595 5550 εἶ
635 5497 713 5550 ἐπ’
755 5501 865 5572 ἐμὲ,
910 5502 997 5551 τόν
1044 5496 1371 5571 ἁμαρτωλὸν,
1424 5495 1489 5555 εἰς
1536 5502 1763 5547 τοιοῦτον

206 5577 357 5665 Ilipa»
399 5587 727 5653 καταξιώσας
777 5607 861 5667 με.
915 5591 1016 5641 Καὶ
1064 5584 1327 5661 ἀπαχθεὶς
1380 5584 1476 5649 ἔξω
1531 5590 1622 5646 τῆς
1668 5588 1766 5638 πό·-

1941 5048 2096 5103 ΧΧΙΙ.
2141 5047 2353 5101 Postea
2388 5061 2549 5113 vero,
2580 5061 2765 5118 quam
2810 5046 3020 5100 beatus
3064 5046 3309 5101 Aeacius
3350 5062 3525 5102 voca-

1868 5138 2047 5193 tionis
2081 5153 2202 5191 suae
2234 5151 2385 5206 opus
2434 5135 2686 5205 jamjam
2732 5134 3160 5207 perficiendum
3221 5136 3517 5202 cognovit,

1871 5226 2089 5298 Spiritu
2141 5230 2348 5279 sancto
2401 5223 2483 5278 ita
2535 5224 2908 5287 decernente,
2962 5223 3230 5277 clamans
3281 5223 3363 5277 sic
3394 5226 3521 5281 ait:

1870 5318 2061 5381 Quam
2104 5313 2305 5368 multis
2352 5312 2570 5381 linguis
2625 5317 2678 5365 te
2710 5310 2954 5366 laudare
2986 5311 3219 5375 vellem,
3277 5310 3526 5376 Christe,

1870 5404 1996 5459 Dux
2046 5404 2200 5465 vitae,
2257 5405 2315 5456 et
2362 5400 2464 5457 Fili
2494 5400 2613 5465 Dei,
2661 5400 2948 5471 quoniam
2977 5400 3058 5455 ita
3112 5400 3447 5457 misericors
3479 5407 3531 5458 et

1868 5492 2168 5564 benignus
2195 5508 2257 5546 es
2308 5490 2367 5545 in
2395 5507 2490 5546 me
2538 5490 2793 5562 peccatis
2823 5488 3180 5557 obnoxium,
3211 5490 3314 5562 qui
3344 5498 3397 5545 et
3429 5491 3529 5547 tali

1870 5586 2031 5639 sorte
2077 5597 2171 5638 me
2219 5580 2501 5654 dignatus
2552 5578 2731 5635 fuisti.
2765 5580 3032 5657 Cumque
3075 5584 3293 5636 ductus
3326 5580 3534 5642 fuisset
