4066 6224
590 392 696 448 239
1987 387 2040 446 Μ
2051 390 2137 446 EN
2142 392 2196 447 Si

2359 386 2547 446 AIUS.
3852 389 3965 447 240

596 524 759 575 extra
787 517 996 573 urbem
1029 514 1376 590 Byzantium
1410 514 1467 571 in
1512 502 1711 571 locum
1746 503 1846 570 ubi
1899 518 2202 588 martyriui

2366 515 2504 577 λεως,
2543 514 2614 574 εὶς
2668 515 2752 565 τὸν
2800 522 2954 566 τοπον
3004 514 3063 566 οὔ
3120 514 3302 587 ἤμελλε
3352 513 3694 576 τελειοῦσθαι,
3736 513 3959 577 ἀξιώσας

587 608 936 665 obeundum
968 606 1045 662 illi
1066 612 1213 671 erat,
1242 604 1474 675 rogavit
1505 604 1838 669 carniﬁces,
1860 611 1922 659 ut
1952 605 2193 676 paulisp

2361 608 2485 665 τοῦς
2538 600 2784 675 δημίους,
2839 605 2972 655 ὥστε
3020 603 3371 678 ἐπιτραπῆναι
3410 605 3549 671 αὐτῷ
3605 604 3767 677 ῥοπὴν
3819 608 3956 677 ὧρας

585 698 687 753 Dei
705 696 915 752 orandi
934 696 1274 751 facultatem
1298 695 1349 749 ei
1367 693 1783 749 concederent.
1808 694 2011 765 Itaque
2045 694 2191 764 posit

2361 693 2631 758 εὔξασθαι,
2686 694 2785 751 θεὶς
2828 694 2893 743 τὰ
2940 700 3133 763 γόνατα
3182 694 3342 744 αὐτοῦ
3393 693 3586 754 ηὔξατο
3617 691 3787 762 λέγων·
3822 695 3952 756 Δόξα

585 788 648 844 in
679 790 830 840 terra
854 785 1130 854 genibus,
1150 784 1260 839 has
1287 798 1493 854 preces
1523 781 1601 837 ad
1623 784 1804 836 Deum
1838 783 1994 837 misit
2020 782 2190 837 :Glor

2362 801 2465 846 σοι,
2496 784 2521 834 ὁ
2572 785 2715 845 Θεὸς,
2764 786 2853 833 καὶ
2904 789 2962 853 τῇ
3015 782 3428 854 μεγαλοπρεπείᾳ
3484 799 3576 832 σου
3622 788 3683 851 τῇ
3743 778 3951 856 ἀνυπερ-

583 874 691 929 tibi
711 876 883 939 Deus,
920 879 975 929 et
999 874 1311 929 immensae
1338 878 1453 927 tuae
1487 871 1940 941 magnificentiae
1968 887 2189 927 conven

2359 870 2528 942 ϐλήτῳ
2572 875 2752 943 πρέπει
2800 874 2994 932 αἴνεσις
3038 879 3108 941 τῷ
3155 872 3288 923 οὕτω
3333 868 3716 940 ἐνδοξαζομένῳ
3755 872 3801 921 ἓν
3844 879 3952 931 τοῖς

583 964 867 1029 laudatio,
902 964 1004 1036 qui
1048 964 1129 1017 sic
1182 962 1515 1032 gloriosum
1546 961 1606 1015 in
1646 960 1823 1015 nobis
1864 965 2189 1031 peccatoru

2357 959 2681 1034 ἁμαρτωλοῖς
2737 960 2898 1030 ἡμῖν’
2937 961 3042 1031 ὅσῳ
3100 962 3198 1034 γὰρ
3257 962 3381 1031 ἡμῖν
3437 959 3641 1031 χαρίζῃ
3691 964 3778 1010 καὶ
3821 979 3950 1034 παρ

581 1068 763 1108 onere
787 1051 1048 1121 gravatis
1072 1058 1123 1106 te
1141 1048 1429 1106 ostendis.
1462 1050 1590 1114 Quo
1617 1048 1776 1104 enim
1808 1049 2041 1119 majora
2072 1051 2182 1103 ben

2354 1056 2478 1121 ορᾴς
2530 1052 2618 1109 τὰς
2671 1047 2886 1119 ἀνομίας
2943 1050 3109 1119 ἡμῶν,
3154 1056 3399 1101 τοσοῦτον
3447 1047 3635 1120 μᾶλλον
3684 1047 3949 1109 πλεονάζει

579 1141 716 1198 ﬁcia
733 1141 907 1197 nobis
923 1140 1178 1211 largiris,
1202 1143 1257 1195 et
1276 1154 1398 1210 quo
1422 1141 1614 1206 magis
1632 1136 1973 1209 iniquitates
2008 1144 2185 1193 nostr:

2351 1139 2381 1195 ἠ
2418 1135 2550 1201 δόξα
2589 1145 2684 1199 τῆς
2722 1136 3045 1208 ἀγαθότητός
3082 1157 3195 1192 σου.
3232 1138 3523 1209 Εὐλογητὸν
3570 1140 3626 1188 τὸ
3671 1141 3832 1207 ὄνομα
3861 1146 3950 1199 τῆς

558 1220 847 1300 remittis,
889 1246 960 1287 eo
1003 1228 1410 1287 abundantius
1448 1226 1835 1297 benignitatis
1890 1232 2007 1282 tum
2055 1227 2164 1297 glox

2352 1222 2531 1291 δόξης,
2569 1246 2661 1278 σου
2710 1229 2883 1301 Κύριε,
2918 1230 2997 1277 ὅτι
3049 1227 3207 1287 οὕτως
3254 1223 3549 1285 εὐδόκησας
3592 1226 3642 1277 ἐν
3688 1234 3761 1296 τῷ
3802 1246 3948 1297 μονο-

576 1320 818 1375 relucet.
846 1318 1221 1375 Benedictum
1242 1318 1316 1372 sit
1348 1332 1565 1372 nomen
1590 1315 1940 1385 gloriaatuae.
1962 1316 2125 1388 quod
2158 1317 2172 1371 i

2346 1324 2482 1385 γενεῖ
2530 1336 2623 1368 σου
2654 1318 2777 1385 Υἰῷ,
2838 1319 2920 1366 καὶ
2976 1324 3045 1386 τῷ
3096 1320 3259 1388 Πατρί
3312 1336 3405 1367 σου
3447 1324 3517 1385 τῷ
3548 1316 3703 1386 ἁγίῳ,
3738 1320 3829 1368 καὶ
3877 1324 3946 1385 τῷ

578 1408 918 1464 faciendum
943 1408 1231 1479 probasti,
1255 1405 1390 1462 utin
1408 1404 1550 1460 Filio
1573 1409 1676 1459 tuo
1697 1404 2003 1474 unigenito
2024 1410 2080 1460 et
2109 1404 2184 1475 Sp

2348 1405 2584 1475 ζωοποιῷ
2641 1408 2901 1476 Πνεῦματι
2956 1412 3179 1476 τιμῆσαι
3229 1408 3315 1457 τὸν
3391 1407 3678 1477 ἄνθρωπον,
3730 1405 3785 1456 ὃν
3836 1407 3948 1457 κατ’

574 1495 691 1553 ritu
724 1497 1252 1553 sanctohominem
1283 1494 1481 1567 ipsum
1506 1495 1853 1559 honorares,
1888 1502 2113 1549 etnunc
2141 1511 2180 1549 α

2344 1494 2515 1546 εἰκόνα
2559 1499 2655 1553 σὴν
2703 1500 2792 1546 καὶ
2845 1496 3094 1566 ὁμοίωσιν
3151 1494 3399 1558 ἔπλασας,
3450 1499 3538 1546 καὶ
3586 1501 3673 1545 νῦν
3716 1513 3800 1566 με,
3860 1500 3947 1547 Δέ-

575 1586 753 1642 tantis
784 1585 1087 1641 beneﬁciis
1118 1585 1435 1654 indignum
1460 1583 2043 1655 propterbonitatem
2068 1588 2181 1640 tuai

2344 1602 2513 1636 σποτα
2558 1582 2732 1654 ἀγαθὲ,
2796 1581 2999 1645 ἀνάξιον
3050 1586 3172 1635 ὅντα
3220 1588 3309 1635 καὶ
3353 1586 3609 1648 ταπεινὸν,
3661 1583 3726 1643 εἰς
3771 1587 3946 1635 τοιαῦ-

573 1675 651 1731 ad
680 1675 857 1731 talem
888 1675 1141 1747 gloriam
1160 1674 1438 1736 lnvitasti,
1458 1687 1579 1727 non
1607 1678 1848 1744 propter
1864 1688 1998 1728 mea
2025 1690 2179 1744 oper;

2339 1689 2433 1730 την
2467 1670 2626 1736 δόξαν
2655 1677 2742 1725 καὶ
2780 1675 2954 1745 χαρὰν
2994 1676 3187 1743 ἤγαγες
3232 1670 3327 1725 διὰ
3370 1679 3459 1731 τὴν
3509 1678 3606 1731 σὴν
3638 1672 3944 1744 ἀγαθότητα

573 1764 864 1820 Benedico
896 1764 1072 1833 igitur
1103 1764 1229 1827 tibi,
1265 1763 1511 1818 Domine
1565 1764 1716 1816 Deus
1747 1768 1987 1817 sanctus
2028 1763 2179 1818 lsrae

2338 1768 2425 1814 καὶ
2477 1764 2823 1835 συμπάθειαν,
2858 1762 2915 1814 οὐ
2958 1758 3052 1813 διὰ
3099 1766 3163 1814 τὰ
3207 1761 3304 1834 ἐμὰ
3349 1766 3472 1837 ἔργα
3518 1768 3605 1815 καὶ
3657 1767 3773 1823 τοὺς
3806 1762 3944 1835 ἀγῶ-

570 1868 705 1908 cum
742 1853 1043 1923 unigenito
1070 1851 1214 1908 Filio
1239 1858 1358 1916 tuo,
1389 1856 1662 1907 etsancto
1680 1850 2176 1922 Spiritu,quonia1

2336 1873 2442 1913 νας.
2508 1859 2600 1912 Δὸς
2658 1848 2743 1904 οὖν
2802 1850 2937 1912 ἕλεος
2989 1856 3077 1903 καὶ
3124 1853 3314 1923 μισθὸν
3368 1858 3475 1913 τοῖς
3524 1850 3942 1924 ἐπικαλουμένοις

568 1945 671 1997 tua
693 1948 779 1997 est
827 1942 1035 2011 gloria,
1074 1947 1205 1997 tuus
1242 1942 1453 2003 honor,
1486 1955 1647 1995 nunc
1672 1946 1727 1995 et
1774 1955 2031 2012 semper,
2068 1946 2123 1995 et
2166 1940 2174 1995 i

2336 1946 2393 1994 τὸ
2442 1944 2599 2013 ὄνομα
2641 1960 2754 2006 σου,
2793 1943 2963 2015 Κύριε,
3008 1944 3097 1991 καὶ
3146 1947 3255 2002 τοῖς
3302 1950 3494 2012 τιμῶσι
3539 1947 3627 1993 καὶ
3673 1946 3936 2013 μεμνημέ-

568 2032 795 2088 saecula.
808 2032 1189 2087 saeculorum.
1206 2032 1245 2084 A
1258 2046 1414 2085 men.
1440 2032 1572 2085 Haec
1587 2044 1723 2084 cum
1743 2029 2006 2094 dixisset,
2025 2029 2174 2099 gladi

2335 2051 2440 2093 νοις
2484 2038 2572 2090 τῆς
2614 2034 2901 2103 μαρτυρίας
2952 2030 3097 2101 ἡμῶν
3155 2032 3344 2101 μισθὸν
3401 2029 3637 2101 οὐράνιον
3687 2027 3941 2103 δωρῆσαι

562 2132 888 2191 percussus
914 2120 1040 2186 fuit,
1076 2124 1133 2176 et
1163 2120 1354 2191 capite
1395 2122 1724 2174 truncatus.
1765 2119 1971 2189 Itaque
2006 2123 2168 2191 mart;

2332 2126 2421 2172 καὶ
2478 2121 2657 2191 ἄφεσιν
2717 2119 3003 2191 ἁμαρτιῶν,
3064 2125 3151 2169 νῦν
3204 2136 3257 2170 τε
3307 2123 3395 2170 καὶ
3454 2116 3501 2169 ἐν
3554 2126 3624 2187 τῷ
3677 2119 3935 2189 μέλλοντι,

562 2208 720 2262 rium
770 2207 1013 2278 perfecit
1052 2214 1293 2263 sanctus
1338 2206 1587 2261 Aeacius
1618 2210 1829 2262 octavo
1868 2206 1963 2262 die
1996 2222 2165 2261 mens

2331 2213 2419 2261 καὶ
2477 2212 2541 2260 τά
2605 2214 2815 2278 ταμιεῖα
2890 2206 3056 2258 αὐτῶν
3135 2207 3397 2278 ἔμπλησον
3464 2210 3657 2269 παντὸς
3708 2205 3932 2277 ἀγαθοῦ·

563 2295 716 2362 Maii,
733 2295 1091 2368 imperatore
1106 2296 1482 2353 Maximiano.
1508 2295 1644 2366 Ejus
1659 2302 1858 2350 autem
1882 2311 2099 2367 corpus
2115 2296 2169 2350 vi

2329 2295 2618 2370 πρόσδεξαι
2674 2293 2753 2361 δὲ,
2805 2298 2962 2368 Κύριε
3018 2296 3195 2352 Ἰησοῦ
3252 2299 3469 2370 Χριστε,
3526 2302 3615 2348 καὶ
3671 2300 3768 2354 τὴν
3817 2296 3934 2369 ἐμὴν

560 2382 643 2456 pii
659 2401 728 2441 ac
746 2384 1001 2454 religiosi
1016 2385 1403 2457 collegerunt,
1432 2383 1665 2440 etomni
1682 2384 1878 2439 studio
1895 2400 1963 2438 ac
1976 2384 2166 2454 diliget

2327 2387 2512 2459 ψυχὴν
2565 2391 2653 2437 καὶ
2704 2387 3199 2458 συγκαταρίθμησόν
3243 2403 3305 2456 με
3346 2387 3477 2457 μετά
3532 2394 3631 2436 τῶν
3684 2384 3932 2438 ἐκλεκτῶν

560 2473 642 2529 tia
672 2473 852 2529 funus
874 2474 1066 2546 ipsius
1090 2478 1449 2529 curaverunt
1473 2488 1544 2528 eo
1565 2473 1624 2527 in
1653 2472 1804 2538 loco,
1828 2472 1931 2544 qui
1949 2472 2166 2528 Stauril

2330 2493 2424 2527 σου
2475 2474 2521 2526 ἐν
2561 2482 2621 2547 τῇ
2674 2473 2961 2526 ἀναστάσει
3010 2482 3103 2534 τῆς
3147 2472 3483 2530 ἀτελευτήτου
3533 2492 3626 2525 σου
3657 2472 3932 2546 βασιλείας

560 2558 1255 2635 appellatur,imperante
1267 2562 1622 2618 Maximiano
1636 2566 1913 2633 tyranno,
1930 2577 2157 2632 regnan

2327 2565 2398 2626 εἰς
2452 2568 2568 2624 τοὺς
2635 2563 2819 2623 αἰῶνας
2902 2570 3001 2614 τῶν
3082 2563 3295 2615 αἰώνων.
3358 2562 3541 2634 ’Λμὴν.
3606 2568 3705 2615 Καὶ
3765 2572 3931 2616 ταῦτα

557 2657 761 2707 autem
797 2667 979 2723 super
1006 2665 1116 2707 nos
1147 2650 1398 2707 Domino
1426 2654 1635 2706 nostro
1656 2653 1789 2705 .lesu
1819 2650 2050 2706 Christo
2078 2668 2090 2705 :
2121 2668 2163 2706 c1

2326 2654 2477 2706 εἰπὼν
2510 2654 2535 2703 ὁ
2583 2652 2731 2723 ἅγιος
2775 2653 2995 2723 μάρτυς,
3045 2649 3317 2723 ἀπετμήθη
3368 2655 3461 2709 τὴν
3494 2650 3716 2722 κεφαλὴν
3772 2653 3928 2704 αὐτοῦ

555 2738 743 2809 gloria
773 2738 843 2793 sit
870 2744 928 2795 et
955 2738 1269 2812 imperium
1293 2739 1352 2795 in
1371 2738 1593 2795 saecula
1614 2738 1993 2796 saeculorum.
2017 2742 2161 2797 Ame

2324 2750 2395 2812 τῷ
2428 2740 2556 2813 ξίφει
2586 2760 2597 2772 ·
2640 2745 2730 2791 καὶ
2783 2740 3110 2791 συνέστειλαν
3154 2736 3339 2813 ἄνδρες
3380 2738 3606 2801 εὐλαϐεῖς
3646 2740 3704 2791 τὸ
3757 2760 3926 2813 τίμιον

554 2829 715 2881 αὐτοῦ
786 2837 939 2902 σῶμα
1002 2834 1087 2882 καὶ
1166 2825 1457 2887 ἐκήδευσαν
1533 2831 1663 2901 μετά
1729 2830 1905 2889 πάσης
1986 2828 2275 2901 ἐπιμελείας
2350 2830 2397 2883 ἐν
2454 2835 2593 2901 τόπῳ
2666 2829 3046 2901 ἐπικαλουμένῳ
3104 2834 3355 2902 Σταυρίῳ.
3419 2828 3714 2887 Ἐτελειώθη
3791 2827 3849 2883 δὲ
3902 2834 3925 2882 ὸ

552 2914 701 2989 ἅγιος
760 2919 962 2993 μάρτυς
1032 2926 1125 2971 τοῦ
1181 2925 1414 2993 Χριστοῦ
1489 2919 1735 2978 Ἀκάκιος
1785 2922 1913 2989 μηνὶ
1995 2921 2166 2989 Μαΐῳ,
2227 2918 2415 2993 ὀγδόῃ,
2473 2918 2841 2992 βασιλεύοντος
2913 2918 3244 2991 Μαξιμιανοῦ
3314 2925 3404 2970 τοῦ
3475 2920 3749 2990 τυράννου,
3812 2923 3922 2973 καθ’

552 3006 691 3078 ἡμᾶς
746 3003 805 3059 δὲ
853 3005 1218 3079 βασιλεύοντος
1270 3014 1362 3060 τοῦ
1416 3010 1609 3081 Κυρίου
1667 3008 1813 3079 ἡμῶν
1866 3006 2044 3065 Ἰησοῦ
2096 3015 2353 3080 Χριστοῦ,
2508 3009 2533 3064 ἡ
2588 3003 2724 3067 δόξα
2771 3010 2857 3059 καὶ
2909 3011 2967 3058 τὸ
3020 3008 3211 3079 κράτος
3269 3005 3339 3068 εἰς
3392 3008 3515 3066 τοῦς
3566 3006 3760 3068 αἰῶνας
3827 3016 3921 3059 τῶν

552 3094 769 3149 αἰώνων.
800 3094 984 3167 ’Δμήν.

618 3402 765 3457 Acta
814 3404 1035 3459 sanctae
1080 3396 1363 3475 Glyceriaa
1410 3399 1679 3472 virginis,
1712 3401 1989 3475 martyris
2030 3402 2319 3461 Heraclea;
2357 3404 2418 3460 in
2456 3404 2722 3469 Thracia,
2755 3408 2811 3460 et
2866 3405 2924 3459 Β.
2965 3402 3285 3459 Alexandri
3316 3402 3587 3466 Romani.
3631 3400 3915 3475 martyris

540 3483 855 3561 Driziparaa
877 3491 939 3546 in
966 3490 1232 3559 Thracia,
1266 3507 1400 3563 quas
1430 3490 1596 3563 apud
1650 3491 2050 3563 Lipomanum
2081 3498 2137 3549 et
2166 3494 2400 3550 Surium
2452 3500 2686 3551 exstant
2715 3511 2729 3559 ;
2772 3492 3181 3564 Metapbrastaa
3221 3492 3572 3563 abjudicant
3602 3491 3756 3547 socii
3794 3492 3916 3548 Bol—

539 3574 811 3635 landiani
840 3579 918 3637 ad
964 3580 1091 3637 Maii
1124 3580 1283 3637 diem
1328 3584 1387 3636 t3
1417 3586 1472 3635 et
1508 3583 1590 3649 14,
1629 3602 1656 3631 ‹‹
1689 3596 1827 3636 cum
1859 3581 2047 3654 stylus
2079 3583 2355 3639 concisus
2388 3583 2460 3638 sit
2490 3588 2545 3639 et
2584 3583 2661 3639 ab
2701 3583 2831 3653 ejus
2874 3581 3175 3653 periodico
3212 3580 3512 3636 scribendi
3536 3596 3759 3650 genere
3784 3582 3914 3638 alie-

541 3667 860 3725 nissimum
886 3688 904 3741 ς
928 3692 955 3719 ››
975 3670 1143 3742 quod
1158 3684 1492 3739 agnoscens
1507 3669 1622 3724 Leo
1644 3669 1907 3737 Allatius,
1938 3670 1999 3726 in
2022 3672 2296 3741 genuinis
2317 3673 2724 3744 Metaphrastaa
2749 3670 2982 3743 scriptis
3004 3669 3428 3739 dignoscendis
3453 3670 3909 3734 versatissimus,

542 3760 679 3813 acta
702 3757 832 3815 haec
851 3759 1004 3816 inter
1029 3758 1132 3817 illa
1156 3763 1471 3819 enumerat
1499 3774 1637 3833 quae
1667 3759 1781 3816 sub
1813 3760 2062 3817 nomine
2101 3761 2537 3834 Metaphrastas,
2568 3762 2673 3818 sed
2701 3777 2896 3818 errore
2936 3758 3265 3828 communi,
3288 3759 3623 3817 referuntur
3660 3776 3696 3816 a
3740 3760 3908 3833 Lipo-

542 3859 729 3908 mano
757 3852 816 3906 et
844 3850 1037 3909 Surio.
