4066 6224
235 264 307 319 241
1568 262 1736 320 νΙΤΑ
1775 263 1835 321 S.

2000 265 2261 322 HFACII.
3503 275 3606 329 242

891 526 1529 615 ΜΑΡΤΥΡΙΟΝ
1584 525 1801 612 ΤΟΥ
1854 527 2194 615 ΑΓΙΟΥ
2234 526 2840 618 ΜΑΡΤΥΡΟΣ

1432 728 2352 842 ΒΟΝΙΦΑΤΙΟΥ.

959 1104 1657 1179 MARTYRIUM
1743 1103 2167 1179 SANGTI
2285 1106 2861 1185 MARTYRIS

1484 1305 2340 1433 BONIFACII

1250 1544 1435 1602 APUD
1464 1541 1742 1600 TARSUM
1775 1538 2229 1597 METROPOLIM
2261 1540 2549 1596 CILICIIE.

318 1702 506 1763 (Anno
536 1703 649 1753 290.
675 1702 861 1753 Latine
888 1703 1030 1769 apud
1058 1703 1271 1753 Surium
1298 1704 1365 1753 ad
1397 1702 1538 1754 diem
1570 1704 1597 1751 5
1631 1701 1795 1759 Junii,
1824 1700 2002 1752 Greece
2031 1700 2086 1752 in
2112 1701 2257 1753 Actis
2294 1703 2615 1755 Sanctorum
2649 1703 2889 1762 Bolland,
2924 1705 2990 1755 ad
3023 1706 3167 1759 diem
3192 1709 3251 1760 14
3281 1709 3460 1773 Maii.)

264 2017 351 2074 Δ’.
433 2022 537 2071 Καὶ
586 2019 655 2069 τὰ
708 2024 806 2068 τῶν
860 2015 1022 2068 ἄλλων
1079 2024 1171 2069 τοῦ
1246 2023 1481 2090 Χριστοῦ
1538 2016 1870 2089 μαρτύρωνὶ

2002 2018 2039 2069 1.
2076 2015 2344 2074 Aliorum
2362 2018 2606 2090 quidem
2636 2019 2847 2076 Christi
2874 2024 3209 2094 martyrum
3248 2025 3576 2083 certamina

200 2101 323 2157 ἆθλα
392 2107 526 2159 πολύ
581 2126 636 2159 τε
679 2112 769 2158 καὶ
818 2110 954 2178 μέγα
1008 2114 1117 2166 τοῖς
1164 2103 1476 2168 σπουδαίοις
1516 2110 1573 2159 τό
1634 2101 1806 2179 κέρδος

1984 2118 2209 2173 agnum
2239 2106 2467 2162 lucrum
2492 2108 2632 2163 viris
2654 2109 2829 2164 bonis
2862 2108 3149 2165 atterunt:
3179 2126 3321 2167 nam
3338 2117 3397 2169 et
3421 2130 3584 2171 com-

200 2185 482 2266 περιποιεῖ·
556 2204 648 2256 τῆς
705 2215 758 2248 τε
808 2199 909 2269 γὰρ
961 2204 1139 2256 κοινῆς
1188 2197 1384 2267 φύσεως
1436 2197 1668 2269 ὑπερφυῆ
1725 2197 1806 2244 καὶ

1973 2193 2125 2248 Iunis
2155 2199 2376 2251 naturae
2411 2197 2677 2253 maxima
2699 2206 2786 2253 est
2822 2215 2951 2269 quae
2973 2203 3251 2256 naturam
3274 2206 3579 2273 superant,

200 2288 427 2355 μέγιστα
474 2287 864 2356 κατορθώματα
910 2291 1164 2357 παριστᾷ,
1207 2289 1295 2335 καὶ
1343 2287 1428 2335 τόν
1459 2287 1547 2353 μὲν
1581 2286 1806 2353 Χριστόν

1962 2290 2078 2340 tcta
2107 2287 2429 2344 ostendunt
2459 2305 2471 2342 :
2506 2293 2561 2345 et
2585 2289 2923 2345 vincentem
2975 2290 3219 2363 quidem
3250 2291 3568 2361 Christum,

200 2384 441 2439 νικῶντα,
492 2378 582 2426 τὸν
636 2376 826 2447 ἐχθρόν
879 2370 938 2426 δὲ
983 2378 1257 2445 νικώμενόν
1305 2393 1358 2425 τε
1411 2378 1501 2424 καὶ
1544 2380 1806 2445 προφανῶς

1961 2379 2115 2444 perte
2147 2382 2349 2433 autem
2382 2380 2605 2434 victum
2635 2384 2691 2434 et
2732 2379 2954 2451 probro
2982 2396 3052 2436 ac
3090 2380 3380 2438 dedecore
3429 2383 3567 2440 affe-

201 2463 609 2535 αἰσχυνόμενον’
662 2467 793 2536 πρὸς
839 2466 1062 2528 τούτοις,
1111 2466 1231 2525 τους
1276 2465 1365 2534 μὶν
1420 2461 1615 2522 ἀσεϐεῖς
1670 2480 1807 2535 περι-

1982 2479 2081 2518 um
2107 2464 2441 2522 inimicum.
2490 2470 2772 2524 Praeterea
2798 2469 3017 2540 impios
3054 2470 3301 2542 quidem
3334 2473 3580 2530 manife-

202 2558 504 2621 νανέστατα
567 2550 852 2624 διελέγχει,
902 2558 1021 2615 τούς
1066 2551 1290 2615 εὐσεϐεῖς
1346 2549 1405 2605 δὲ
1455 2552 1641 2624 μᾶλλον
1701 2549 1808 2601 ἐπι-

1974 2551 2171 2608 issime
2203 2560 2464 2624 arguunt
2495 2572 2507 2611 :
2537 2556 2669 2628 pios
2718 2572 2856 2612 vero
2910 2559 3102 2627 magis
3135 2560 3494 2617 conﬁrmant
3522 2565 3580 2619 et

202 2646 428 2713 ρωννύει,
512 2646 605 2694 καὶ
655 2645 782 2715 πρὸς
851 2647 944 2699 τήν
1001 2646 1350 2714 πνευματικὴν
1416 2641 1632 2712 ἅμιλλαν
1693 2644 1808 2699 τούς

1974 2641 2327 2708 trroborant,
2358 2648 2411 2698 et
2438 2644 2513 2699 ad
2544 2644 2871 2715 spiritalem
2900 2644 3362 2702 decertationem
3394 2650 3580 2705 acrio-

203 2734 546 2804 θερμοτέρους
598 2727 893 2803 διερεθίζει.
955 2735 1054 2783 Καὶ
1102 2739 1268 2783 ταῦτα
1315 2734 1404 2803 μὲν
1457 2730 1535 2783 ἐπ’
1584 2733 1805 2796 ἐκείνων,

1974 2744 2009 2781 :s
2052 2728 2308 2787 reddunt
2338 2738 2395 2787 et
2425 2733 2913 2789 vehementiores.
2949 2736 3013 2788 Et
3070 2734 3192 2789 hac
3243 2734 3489 2806 quidem
3519 2737 3580 2793 in

203 2816 263 2889 é?’
309 2820 382 2869 ὧν
433 2826 530 2871 καὶ
582 2821 609 2871 ὁ
640 2819 817 2880 λοιπὸς
857 2818 976 2892 βίος
1004 2828 1077 2890 τῷ
1122 2822 1349 2895 μάρτυρι
1382 2823 1673 2892 σύμφωνος,
1719 2823 1808 2870 καὶ

1972 2817 2048 2878 lis,
2078 2818 2139 2873 in
2166 2820 2381 2891 quibus
2410 2821 2640 2894 reliqua
2669 2837 2908 2893 quoque
2952 2822 3071 2878 vita
3123 2824 3397 2894 congruit
3441 2842 3578 2881 cum

202 2906 250 2957 ἐχ
287 2905 501 2960 παίδων
549 2911 579 2967 ἡ
633 2918 728 2970 τῆς
776 2908 960 2980 ἀρετῆς
1006 2908 1237 2971 ἆσκησις
1287 2912 1588 2981 σύντροφος.
1635 2908 1694 2960 Εἰ
1750 2904 1807 2959 δὲ

1967 2908 2218 2977 iartyrio,
2251 2914 2307 2965 et
2333 2926 2369 2965 a
2390 2909 2588 2982 pueris
2615 2910 2699 2965 eis
2732 2908 3202 2965 coaluitvirtutis
3220 2910 3573 2970 exercitatio.

200 3015 273 3057 τις
409 3001 501 3049 τὸν
558 2995 676 3068 βίον
721 3002 815 3054 τὴν
870 3001 958 3068 μὲν
1007 2996 1182 3069 ἀρχὴν
1236 2996 1624 3071 ἐῤῥᾳθυμηκὼς,
1679 2998 1806 3068 μετὰ

1973 2996 1978 3051 L
2006 3002 2139 3067 quis
2169 3006 2366 3054 autem
2399 3000 2477 3054 ab
2509 2999 2672 3053 initio
2697 2998 2944 3071 quidem
2974 2998 3255 3067 ignavam
3287 3005 3344 3055 et
3392 3000 3579 3056 disso-

204 3096 365 3138 ταῦτα
401 3084 464 3139 δὲ
498 3096 748 3138 τοσοῦτον
781 3085 1050 3158 ἐκλάμψας
1088 3094 1194 3149 τοῖς
1240 3085 1477 3156 ἀγαθοῖς,
1513 3089 1578 3147 ὡς
1622 3085 1806 3158 ἁθρόον

1974 3094 2104 3145 tam
2134 3089 2316 3144 vitam
2357 3086 2558 3157 egerit,
2595 3091 2803 3158 postea
2832 3103 2972 3142 vero
3004 3087 3178 3143 bonis
3205 3087 3358 3144 adeo
3385 3089 3580 3161 splen-

205 3182 283 3226 καὶ
330 3181 635 3249 μαρτυρίου
689 3180 937 3247 στέφανον
977 3177 1305 3247 ὑφαρπάσαι,
1347 3180 1498 3227 ποίαν
1543 3173 1807 3226 ἀπολείπει

1970 3181 2128 3243 uerit,
2156 3184 2219 3233 ut
2274 3183 2515 3248 repente
2566 3176 2833 3248 martyrii
2898 3191 3187 3233 coronam
3241 3178 3576 3251 arripuerit,

204 3272 345 3317 τοῦτο
401 3267 632 3337 χάριτος
685 3271 795 3325 τοῖς
846 3262 1110 3316 εύσεϐἰσιν
1166 3263 1452 3336 ὑπερϐολὴν
1488 3283 1500 3331 ;
1541 3267 1649 3315 ἐπεὶ
1718 3268 1807 3315 καὶ

1971 3268 2210 3323 uidnam
2232 3270 2426 3337 potest
2452 3280 2579 3321 esse
2609 3265 2723 3320 hac
2754 3265 2945 3335 gratia
2996 3265 3375 3336 praestantius
3418 3267 3577 3340 apud

206 3358 345 3413 φύσει
405 3358 465 3404 τό
535 3350 832 3426 παρελπίδα
884 3356 1128 3427 Χριστόν,
1203 3353 1329 3405 πολύ
1386 3361 1476 3405 τοῦ
1554 3354 1807 3413 συνήθους

1966 3357 2046 3411 los
2066 3356 2094 3411 ’ἶ
2122 3358 2269 3410 Nam
2298 3360 2514 3410 natura
2539 3369 2775 3425 quoque
2800 3353 2878 3423 id,
2931 3353 3097 3425 quod
3126 3360 3339 3426 praeter
3378 3372 3572 3427 spem,

207 3442 649 3517 ἐπιτερπέστερον.
698 3442 780 3503 Εἰς
825 3450 976 3494 τοῦτο
1029 3439 1087 3495 δὲ
1131 3447 1220 3493 καὶ
1268 3444 1297 3500 ἠ
1348 3450 1439 3494 τοῦ
1484 3441 1807 3503 ἀπολωλότος

1967 3445 2056 3501 oni
2087 3443 2300 3509 evenit,
2330 3442 2847 3498 estdelectabilius
2879 3458 2948 3498 eo
2993 3442 3160 3515 quod
3200 3449 3287 3499 est
3334 3460 3573 3502 consue«

207 3530 459 3603 προϐάτου
513 3528 724 3589 δηλαδή
778 3532 978 3604 εύρεσις
1022 3539 1093 3601 τῷ
1146 3536 1379 3603 Δεσπότῃ
1424 3536 1580 3604 φέρει.
1628 3538 1807 3584 Τοιού-

1972 3552 2062 3589 ιω.
2098 3536 2176 3589 Eo
2210 3532 2395 3588 tendit
2418 3531 2547 3588 ovis
2569 3547 2803 3604 quoque
2826 3534 3072 3603 perditae
3118 3548 3154 3588 a
3189 3534 3443 3589 Domino
3491 3534 3578 3591 in-

208 3638 282 3670 τον
325 3617 415 3672 οὖν
455 3625 548 3672 καὶ
600 3623 898 3692 Βονιφάτιον
945 3623 1186 3693 ἔγνωμεν,
1220 3623 1306 3672 τὸν
1354 3626 1674 3692 περιώνυμον
1714 3628 1806 3672 τοῦ

1968 3625 2182 3679 Ξηῑίοι.
2230 3622 2427 3677 Talem
2512 3635 2653 3689 ergo
2728 3620 3010 3676 novimus
3090 3637 3326 3695 quoque
3396 3623 3574 3682 fuisse

210 3715 428 3780 Χριστοῦ
460 3708 711 3766 ἀθλητήν·
746 3709 902 3781 οὗπερ
957 3708 1061 3781 ἆρα
1111 3715 1201 3762 καὶ
1233 3709 1376 3772 ἄξιον
1424 3713 1495 3781 μὴ
1530 3713 1622 3767 τὴν
1647 3709 1806 3768 ἄθλη-

1968 3728 2073 3768 unc
2090 3712 2379 3783 inclytum
2396 3708 2609 3765 Christi
2626 3719 2952 3780 martyrem
2972 3709 3362 3766 Bonifacium.
3391 3712 3574 3783 Cujus

212 3814 283 3846 cm
318 3793 584 3871 παριδεῖν,
620 3796 747 3848 ἀλλά
784 3801 961 3871 μνήμῃ
997 3800 1067 3861 ὡς
1096 3799 1201 3851 οἷόν
1231 3817 1284 3851 τε
1314 3803 1402 3850 καὶ
1429 3806 1603 3871 γραφῇ
1638 3818 1805 3873 παρα-

1967 3817 2036 3857 on
2066 3817 2303 3872 {equum
2339 3803 2426 3853 est
2450 3798 2752 3868 despicere
2804 3798 3190 3853 certationem
3224 3822 3235 3854 :
3272 3801 3375 3854 sed
3438 3816 3573 3856 eam

210 3881 400 3939 δοῦναι.
429 3886 589 3957 Ἔχει
614 3883 673 3939 δὲ
696 3885 878 3947 οὕτως.

1962 3897 2240 3947 tterarum
2275 3887 2560 3944 mandare
2581 3886 2979 3942 monimentis.
3005 3888 3096 3943 Sic
3131 3891 3329 3943 autem
3356 3888 3568 3944 habet:

276 3974 344 4027 B'.
391 3974 491 4026 Ἤν
544 3994 625 4034 τις
681 3973 728 4026 ἐν
782 3974 951 4047 Ῥώμῃ
1034 3980 1185 4047 γυνὴ,
1275 3975 1479 4047 Ἀγλαίς
1557 3974 1801 4048 τοῦνομα,

1989 3980 2055 4036 ll.
2089 3981 2221 4034 Erat
2252 3976 2455 4032 Romae
2488 3974 2698 4031 mulier
2736 3975 3020 4047 quaedam
3052 3977 3293 4031 nomine
3346 3976 3568 4046 Aglais.

212 4060 410 4132 ὀνόματι
442 4060 504 4115 δὲ
530 4066 699 4133 τούτῳ
736 4068 826 4116 καὶ
872 4059 1032 4117 τᾶλλα
1075 4061 1289 4136 συνῳδὰ
1323 4065 1612 4129 ἠκολούθει,
1660 4069 1805 4135 γένος

1968 4084 2036 4123 oc
2064 4073 2264 4123 autem
2292 4080 2513 4121 nomen
2543 4064 3066 4136 consequebantur
3092 4065 3273 4120 etiam
3301 4063 3416 4121 alia
3438 4080 3570 4121 con-

216 4168 280 4211 τε,
324 4158 408 4203 καὶ
458 4154 589 4225 ὥρα,
640 4158 727 4204 καὶ
770 4153 1008 4218 πλοῦτός,
1060 4153 1135 4224 ἐφ’
1185 4155 1257 4213 οἷς
1306 4152 1653 4225 ἀγλαίζεσθαι
1684 4158 1804 4207 ταύ-

1967 4155 2205 4221 ruentia,
2239 4170 2427 4224 genus
2458 4158 2515 4209 et
2540 4153 2764 4225 species
2796 4158 2859 4209 et
2905 4153 3141 4222 divitia),
3170 4170 3307 4226 qum
3353 4153 3405 4209 ei
3446 4169 3573 4212 ma-

217 4256 298 4293 την
352 4238 581 4300 ἐπιεικῶς
635 4237 716 4299 ἦν.
766 4245 910 4301 Γένος
967 4244 1056 4312 μὲν
1112 4243 1211 4312 γὰρ
1284 4249 1384 4293 τῶν
1451 4240 1798 4315 εὐπατριδῶν,

1963 4262 2099 4301 num
2122 4243 2493 4317 splendorem
2526 4248 2581 4299 et
2606 4244 2792 4298 decus
2825 4242 3175 4299 efferebant.
3202 4245 3349 4299 Nam
3382 4258 3569 4313 genus

218 4334 433 4380 καὶτῶν
490 4328 785 4381 ἀνθυπάτου
839 4329 1107 4401 λαχόντων
1181 4339 1354 4402 τιμῆς·
1415 4334 1526 4404 ὥρα
1592 4330 1650 4385 δὲ
1707 4336 1800 4384 σύν

1964 4334 2152 4389 uidem
2186 4339 2311 4388 erat
2339 4332 2736 4404 patritiorum,
2764 4336 2821 4387 et
2850 4347 3079 4398 eorum,
3112 4332 3216 4403 qui
3245 4346 3570 4402 proconsu-

219 4421 415 4483 νεότητι,
472 4419 591 4470 καθ’
643 4421 703 4478 ἣν
750 4417 809 4469 ἄν
851 4422 980 4492 πρὸς
1026 4422 1221 4493 ἔρωτας
1256 4422 1584 4494 θερμωτέρως
1635 4426 1797 4493 σχοίη

1962 4439 2101 4479 ιτωω
2128 4425 2415 4478 honorem
2453 4428 2587 4476 sunt
2620 4420 2921 4477 assecuti:
2957 4420 3185 4492 species
3233 4436 3374 4476 vero
3429 4436 3568 4476 cum

218 4512 351 4574 γυνή’
406 4507 626 4569 πλοῦτος
676 4505 734 4560 δὲ
783 4506 953 4579 βαθύς
990 4514 1079 4561 καὶ
1126 4511 1579 4584 καταχρήσασθαι
1632 4513 1800 4571 ἱκανός

1963 4516 2235 4577 iventute,
2258 4526 2389 4583 quae
2406 4508 2634 4565 efﬁcere
2654 4510 2902 4581 possint,
2936 4514 2998 4565 ut
3030 4509 3243 4565 mulier
3261 4509 3333 4565 sit
3378 4510 3569 4566 amori

220 4600 333 4646 πᾶσι
381 4599 580 4655 τούτοις
634 4598 1007 4668 ἐπιγενόμενον·
1068 4603 1157 4650 καὶ
1209 4603 1267 4651 τό
1336 4598 1665 4661 αὐτεξούσιον
1742 4604 1797 4652 τὸ

1963 4601 2320 4657 ahementius
2352 4598 2929 4655 dedita:luculentze
2983 4604 3184 4655 autem
3239 4598 3480 4663 divitiae,
3513 4600 3569 4656 et

219 4691 293 4743 τῆς
334 4684 608 4755 ἐπιθυμίας
656 4694 756 4759 πῦρ
820 4686 1056 4760 ἰσχυρῶς
1110 4688 1321 4759 ἐφῆπτε,
1368 4693 1456 4740 καί¹
1511 4692 1634 4764 πρὸς
1678 4688 1796 4742 ἀτό-

1959 4706 2043 4745 una
2075 4689 2163 4745 vel
2188 4689 2265 4745 ad
2293 4688 2378 4744 eis
2413 4687 2785 4744 abutendum
2818 4688 2962 4743 satis
2993 4692 3208 4743 essent.
3241 4688 3340 4743 His
3378 4687 3565 4744 omni-

218 4790 324 4833 πονς
392 4774 549 4825 αὐτόν
619 4777 808 4847 ἔρωτας
902 4776 1194 4849 παρεκάλει.
1297 4777 1445 4829 Οὕτω
1524 4787 1798 4853 τοιγαροῦν

1959 4797 2021 4835 us
2044 4779 2334 4835 accedens
2358 4778 2547 4833 libera
2568 4776 2805 4833 vivendi
2831 4781 3111 4849 potestas,
3140 4778 3341 4848 ignem
3372 4776 3565 4833 valide

215 4861 400 4931 ’Δγλαίς
453 4863 770 4928 πλουτοῦσα,
821 4870 911 4916 καὶ
968 4864 1180 4936 ἀγαθοῖς
1225 4874 1316 4926 τῆς
1368 4876 1464 4938 γῆς
1515 4867 1794 4936 θάλλουσα,

1959 4868 2292 4938 :cendebat,
2322 4872 2378 4922 et
2402 4866 2479 4922 ad
2526 4872 2725 4936 turpes
2776 4882 3011 4922 amores
3065 4865 3371 4922 incitabat.
3415 4866 3565 4921 Cum

217 4947 294 5003 διὰ
319 4954 483 5004 ταῦτά
516 4971 569 5004 τι
616 4958 704 5005 καὶ
757 4952 956 5027 ἐρώτων
1002 4952 1235 5027 ἀκρατῶς
1278 4958 1500 5027 ἔχουσα,
1553 4961 1647 5008 τινὶ
1699 4966 1796 5009 τῶν

1960 4962 2066 5013 sset
2085 4973 2225 5029 ergo
2246 4957 2392 5012 adeo
2414 4956 2581 5011 dives
2608 4954 2831 5024 Agidis.
2859 4958 2918 5010 et
2958 4959 3121 5011 terrae
3162 4954 3341 5011 bonis
3388 4954 3566 5012 ﬂore-

214 5038 477 5114 ἰπιτρόπων
552 5040 716 5103 αὐτῆς
789 5045 954 5095 εἶτουν
1021 5052 1299 5116 φροντιστῇ
1366 5053 1464 5097 τῶν
1520 5047 1795 5117 κτημάτων

1955 5052 2009 5111 it,
2037 5052 2093 5101 et
2122 5051 2437 5117 prOpterea
2468 5042 2902 5099 incontinenter
2936 5048 3193 5099 uteretur
3232 5042 3561 5114 amoribus,

216 5131 256 5195 (ό
280 5130 428 5192 mle;
453 5130 604 5192 οὗτος
650 5131 715 5189 ἦν
757 5134 1077 5204 Βονιφάτιος,
1110 5133 1204 5185 ούκ
1246 5134 1331 5205 (α)
1370 5132 1619 5207 ἀγχινοίᾴ
1661 5154 1790 5208 μόνῃ

1958 5152 1974 5192 ι
2004 5150 2143 5191 cum
2173 5134 2443 5207 quodam
2469 5148 2541 5189 ex
2570 5148 2813 5190 suorum
2841 5132 3140 5189 bonorum
3167 5132 3564 5205 procuratori-

276 5253 399 5312 Luc.
428 5272 527 5322 xv,
561 5258 596 5312 4
621 5271 788 5329 seqq.

217 5434 559 5507 (αγΑγχίνοια
582 5435 812 5506 ingenii
854 5436 1097 5493 solertia
1157 5435 1405 5493 Herveto
1460 5438 1727 5509 vertitur,
1752 5436 1929 5497 nobis
1976 5437 2123 5498 alibi
2170 5437 2430 5496 necdum
2477 5437 2632 5496 lecta
2688 5452 2803 5495 vox
2849 5441 2907 5495 et
2956 5436 3304 5495 barbariem
3357 5434 3560 5510 prima

220 5522 295 5577 sui
324 5529 482 5596 parte
512 5526 776 5598 spirans.
