4084 6216
585 317 694 374 243
1512 296 1521 303 ’
2002 314 2259 376 MENSIS
2291 311 2527 373 MAIUS.
3818 316 3915 377 ω

587 429 703 498 bus
728 440 801 513 (is
830 444 953 497 erat
977 440 1222 513 pulcher
1255 441 1610 510 Bonifacius,
1641 458 1759 499 non
1787 443 2007 513 ingenii
2035 441 2200 498 solun

2303 445 2428 493 _xui
2471 448 2532 513 τῇ·
2594 442 2720 516 πρὸς
2772 440 2935 498 αὑτὴν
2982 443 3175 511 ιυνοίᾳ,
3222 438 3391 510 πολλῷ
3435 430 3494 492 δε
3532 443 3619 493 καὶ
3657 440 3916 513 ὡραιότητι

589 530 823 587 solertia
861 534 916 584 et
956 530 1015 584 in
1068 546 1203 585 eam
1250 530 1687 598 benevolentia,
1726 532 1832 588 sed
1889 532 2067 587 etiam
2114 530 2202 585 ali:

2338 540 2438 582 τῶν
2494 530 2656 582 ἄλλων
2709 530 2937 603 κρατῶν)
2989 529 3190 601 μίξεσιν
3247 530 3304 581 οὑ
3361 528 3542 590 καλαῖς
3607 528 3805 602 ἐχρῆτσ
3858 536 3913 588 οὑ

589 620 782 691 specie
812 619 985 687 longe
1011 621 1319 690 superans)
1350 636 1465 676 non
1496 622 1758 677 honestis
1790 621 2067 677 utebatur
2098 635 2202 675 con

2337 624 2438 693 γὰρ
2469 621 2795 691 αἰσχύνομαι
2839 627 3005 672 ταῦτα
3048 618 3228 690 λέγων,
3277 621 3415 690 ἔχων
3464 624 3553 670 καὶ
3609 621 3712 691 μετ’
3760 621 3912 693 ὀλίγον

587 708 1025 779 gressionibus;
1050 723 1169 763 non
1193 709 1479 765 erubesco
1503 710 1659 765 enim
1690 710 1814 765 haec
1843 711 2057 775 dicere,
2090 725 2200 764 cun

2342 707 2511 772 δείξαι
2559 711 2696 761 θείαν
2741 713 2893 769 ὅντως
2930 714 3019 761 καὶ
3065 711 3362 779 θαυμασίαν
3403 707 3707 780 μεταϐολήν.
3739 709 3914 773 Ἀλλως

584 796 766 867 paulo
790 800 924 867 post
945 797 1165 867 possim
1192 798 1502 853 ostendere
1552 813 1687 853 vere
1737 798 2005 854 divinam
2043 802 2099 853 et
2129 799 2197 852 ad

2339 818 2392 851 τε
2460 795 2519 850 δε
2570 802 2660 850 xui
2717 802 2853 851 οἴνου
2918 800 3006 869 μεν
3060 796 3258 871 ἐρώτων
3314 800 3372 849 τὸ
3430 800 3703 870 καταρχὰς
3769 800 3917 858 ἧττων

583 885 915 942 mirabilem
973 887 1386 943 mutationem.
1454 888 1685 959 Alioqui
1744 895 1941 944 autem
2006 906 2043 945 a
2095 888 2196 943 vini

2341 884 2421 945 ἧν
2455 887 2513 939 ού
2544 892 2646 959 μὴν
2676 882 2836 938 τᾶλλα
2865 895 3120 949 τοιοῦτος’
3165 885 3291 939 ἀλλά
3336 891 3425 939 καὶ
3465 890 3747 959 χρημάτων
3785 891 3922 963 ὑπερ-

580 975 827 1047 quidem
865 982 919 1029 et
953 976 1263 1031 amoribus
1289 976 1636 1033 vincebatur
1666 978 1742 1033 ab
1765 977 1931 1034 initio
1965 993 1977 1032 :
2023 977 2129 1032 sed
2177 993 2193 1031 ε

2341 981 2503 1039 ὀπτης
2551 973 2747 1049 κομιδὴ
2798 976 3332 1049 μεγαλοψυχώτατος,
3367 981 3458 1029 καὶ
3492 972 3749 1049 δεομένοις
3775 987 3922 1032 ταῦτα

580 1063 850 1135 pecuniae
906 1066 1030 1119 erat
1066 1068 1441 1135 contemptor
1501 1066 2193 1137 magniﬁcentissimus,£

2343 1064 2609 1139 διανεῖμαι
2661 1065 3084 1138 φιλοτιμώτατος,
3145 1070 3234 1118 καὶ
3292 1065 3577 1138 φιλοξενίαν
3653 1069 3785 1139 ε’ίπερ
3852 1089 3923 1131 τις

579 1151 653 1208 ad
670 1168 770 1207 eas
789 1152 1100 1221 egentibus
1112 1153 1553 1210 distribuendas
1570 1155 1746 1227 longe
1765 1156 2192 1211 liberalissimus

2342 1155 2493 1217 ἄλλος
2545 1155 3017 1229 φιλοφρονέστατος.
3073 1154 3254 1208 Ὁπότε
3307 1163 3434 1227 γοῦν
3494 1150 3603 1206 ἳδοι
3647 1157 3785 1217 τινας
3835 1166 3922 1209 τῶν

580 1246 635 1297 et
679 1241 1063 1313 hospitalitati
1094 1242 1346 1309 deditus,
1383 1244 1431 1299 si
1482 1244 1637 1300 ullus
1680 1246 1845 1301 alius.
1876 1246 1933 1301 Si
1982 1246 2190 1318 quand

2342 1243 2771 1320 ὁδοιπορούντων,
2829 1249 2858 1305 ἦ
2910 1249 3138 1297 καύσωνι
3189 1250 3279 1297 καὶ
3331 1242 3482 1316 δίψει
3530 1250 3918 1320 τηκομένους,ἡ

580 1345 721 1399 ergo
750 1330 990 1386 vidisset
1034 1330 1263 1403 aliquos
1325 1347 1395 1387 ex
1451 1333 1923 1401 viatoribus,aut
1978 1340 2120 1392 mstu
2178 1351 2193 1391 ι

2342 1340 2488 1407 χιόνι
2514 1339 2605 1387 καὶ
2635 1334 2802 1406 ψύχει
2849 1337 3399 1407 προσπηγνυόμένους,
3456 1336 3486 1394 ἦ
3542 1336 3701 1398 ἄλλως
3752 1337 3803 1390 ἐκ
3843 1346 3921 1399 τῆς

581 1420 669 1474 siti
715 1419 1031 1491 eliquatos,
1060 1424 1161 1475 aut
1218 1421 1353 1477 nive
1400 1426 1455 1477 ct
1505 1423 1726 1492 frigore
1773 1431 2098 1492 concretos,
2130 1441 2194 1481 ac

2341 1421 2647 1500 ὁδοιπορίας
2702 1424 3101 1498 βαρυνομένους,
3164 1424 3319 1485 αὐτὸς
3371 1422 3702 1479 ἐπισπεύδων
3755 1427 3925 1500 ἱλαρῶς

579 1508 697 1565 alia
718 1509 946 1565 ratione
974 1509 1179 1565 itinere
1211 1516 1508 1580 gravatos,
1541 1513 1667 1583 ipse
1702 1513 1991 1570 festinans
2035 1515 2192 1571 hilar

2341 1517 2564 1579 ὑπήντα,
2619 1519 2708 1567 καὶ
2750 1521 2841 1566 τοῦ
2885 1516 3094 1585 μόχθου
3140 1509 3610 1568 διαναπαύσασθαι
3650 1517 3922 1589 παρεκάλει,

577 1601 665 1654 ter
690 1598 773 1652 eis
795 1597 917 1653 ibat
946 1596 1208 1663 obviam,
1245 1606 1296 1654 et
1322 1601 1576 1669 rogabat
1609 1606 1669 1658 ut
1712 1619 1745 1657 a
1779 1603 1978 1659 labore
2009 1605 2190 1677 requie

2340 1610 2428 1656 xui
2461 1604 2688 1667 εἴξαντας
2740 1603 2812 1665 είς
2852 1608 2946 1661 τὴν
3003 1602 3170 1655 οἰκίαν
3212 1603 3509 1675 εἰσαγαγὼν
3562 1604 3745 1668 ἐξένιζε
3794 1605 3926 1678 φιλο-

578 1692 807 1743 scerent
839 1692 929 1744 :et
958 1703 1096 1743 cum
1124 1688 1458 1754 cessissent,
1493 1691 1551 1745 in
1576 1690 1823 1748 domum
1850 1709 2020 1749 suam
2052 1696 2191 1751 intrc

2341 1700 2555 1769 φρόνως,
2607 1699 2696 1746 xui
2741 1693 2912 1763 λόγοις
2963 1693 3075 1765 ἄμα
3124 1698 3213 1745 καὶ
3256 1695 3428 1767 ἔργοις
3482 1700 3579 1747 πᾶν
3631 1697 3749 1768 ὅπερ
3796 1693 3926 1767 εἶχον

576 1775 787 1830 ductos
816 1776 1079 1848 hospitio
1123 1776 1381 1847 benigne
1429 1780 1777 1851 accipiebat,
1812 1788 1867 1837 et
1923 1784 2117 1839 verbis
2175 1802 2189 1841 ι

2343 1782 2497 1846 ἀηδὲς
2551 1781 2734 1837 διέλυε.
2788 1791 2967 1835 Ταῦτα
3004 1788 3092 1835 καὶ
3122 1787 3221 1857 πρὸ
3273 1791 3363 1835 τοῦ
3395 1790 3687 1858 μαρτυρίου
3738 1785 3929 1858 ἐκόσμει

578 1864 745 1920 factis
774 1880 978 1921 eorum
1005 1880 1245 1921 omnem
1285 1868 1683 1939 propulsabat
1714 1871 2064 1928 molestiam.
2095 1874 2191 1930 Hae

2340 1879 2426 1927 τὸν
2485 1875 2805 1946 Βονιφάτιονο
2870 1878 2960 1925 καὶ
3013 1872 3118 1945 οὐχ
3200 1872 3376 1935 ἁπλῶς
3431 1872 3618 1927 ἐκεῖνον
3699 1874 3794 1927 ἀπὸ
3843 1884 3926 1928 τῶν

578 1952 755 2008 etiam
784 1958 919 2009 ante
937 1954 1288 2025 martyrium
1307 1957 1605 2013 ornabant
1622 1959 2006 2017 Bonifacium.
2030 1966 2191 2034 Nequ

2341 1964 2504 2016 ἄλλων
2557 1960 2923 2035 δοκιμαστέον,
2984 1961 3109 2014 ἀλλά
3163 1967 3450 2015 συναπτέον
3508 1965 3709 2026 πάντως
3756 1969 3839 2016 καὶ
3874 1968 3931 2017 ru

578 2046 664 2095 est
689 2041 783 2097 ille
815 2042 1196 2098 solummodo
1228 2045 1666 2101 examinandus
1689 2052 1744 2103 et
1769 2052 2132 2120 spectandus
2157 2069 2187 2109 e

2343 2053 2600 2127 βελτίονα·
2654 2053 2957 2123 Βονιφάτιος
2998 2054 3099 2125 γὰρ
3132 2055 3189 2103 τὸ
3241 2055 3331 2123 μεν
3361 2048 3555 2126 ἡδονῇ,
3588 2057 3646 2106 τὸ
3695 2053 3853 2107 πλιίον
3880 2050 3931 2107 a‘i

578 2128 706 2183 aliis
741 2146 751 2183 :
779 2129 884 2183 sed
910 2134 1047 2185 sunt
1064 2130 1241 2185 etiam
1261 2132 1681 2201 conjungenda
1701 2151 1932 2209 ea,quae
1954 2146 2191 2197 suntme

2340 2146 2430 2195 xui
2479 2149 2540 2214 τῇ
2600 2139 2753 2215 ἀρετῇ
2805 2145 2988 2213 νέμων,
3047 2145 3137 2192 καὶ
3187 2143 3255 2193 τὰ
3303 2141 3566 2195 κάλλιστα
3615 2152 3706 2205 τῆς
3762 2142 3930 2217 ἀρετῆς

575 2216 743 2271 liora.
761 2217 1106 2273 Bonifacius
1119 2219 1271 2273 enim
1286 2219 1511 2292 aliquid
1530 2223 1776 2293 quidem
1790 2226 2188 2302 voluptati,plt

2341 2229 2455 2291 εἴδη
2510 2234 2638 2304 πρὸς
2692 2229 2958 2305 ἀκρίϐείαν
3006 2231 3277 2295 ἠσκηκὼς,
3332 2234 3392 2283 τὸ
3448 2236 3520 2304 μὴ
3582 2232 3760 2294 τέλειος
3796 2216 3929 2285 εἶναι

580 2306 795 2361 rimam
811 2322 949 2362 vero
972 2311 1199 2377 partem
1233 2308 1496 2365 tribuens
1520 2311 1800 2380 virtuti,et
1825 2317 2193 2388 pulcherrim.

1882 2317 2227 2379 ilcherrima
2338 2324 2481 2393 παρὰ
2511 2324 2668 2390 μόνου
2699 2327 2792 2372 τοῦ
2818 2324 2889 2392 μὴ
2922 2328 3199 2393 σωφρονεῖν
3225 2320 3495 2375 ἐκωλύετο.

580 2408 799 2465 genera
829 2393 1059 2450 virtutis
1116 2402 1389 2453 accurate
1438 2414 1735 2470 exercens,
1772 2420 1844 2459 ne
1885 2413 2038 2464 esset
2071 2410 2361 2482 perfectus
2383 2426 2453 2466 ex
2484 2409 2593 2465 hoc
2626 2409 2755 2464 solo
2785 2408 3235 2480 prohibebatur,
3276 2409 3443 2483 quod
3470 2426 3593 2467 non
3622 2416 3776 2468 esset
3803 2416 3929 2466 tem-

578 2498 817 2556 perans.

651 2572 740 2627 llI.
774 2573 1059 2662 Caeterum
1091 2590 1212 2631 non
1243 2575 1430 2634 multo
1454 2577 1757 2651 interjecto
1794 2587 2062 2658 tempore
2101 2589 2228 2646 haec

2412 2588 2480 2644 1".
2534 2588 2673 2647 Πλὴν
2708 2587 2767 2640 οὑ
2806 2586 2933 2641 πολὺ
2984 2590 3041 2639 τὸ
3090 2586 3138 2640 ἐν
3184 2593 3347 2662 μέσῳ·
3381 2596 3477 2645 xui
3505 2594 3531 2645 6
3575 2591 3753 2653 σπῖλος
3795 2590 3930 2643 οὗτος

576 2676 818 2734 quoque
846 2661 1037 2754 labes,
1066 2667 1357 2738 tanquam
1384 2666 1443 2722 in
1486 2671 1607 2725 toto
1638 2672 1863 2730 mundo
1902 2678 2189 2748 etpulchr

2338 2680 2568 2752 καθάπερ
2617 2679 2715 2750 ὅλῳ
2762 2682 2976 2754 καθαρῷ
3022 2683 3113 2731 xui
3178 2681 3487 2753 παρικαλὶεί
3540 2689 3742 2754 σώματι
3798 2678 3928 2732 ἑκκα-

577 2765 845 2823 corpore,
896 2752 1129 2820 eluitur,
1185 2762 1241 2810 et
1284 2756 1449 2828 quod
1476 2773 1547 2814 ex
1596 2760 1734 2817 vitio
1790 2766 2190 2837 suscipiebatu

2342 2770 2594 2839 θαίρεται·
2652 2774 2741 2821 καὶ
2788 2772 2820 2828 ἡ
2875 2770 2930 2822 ἐκ
3001 2780 3091 2823 τοῦ
3167 2772 3365 2833 πάθους
3433 2771 3667 2842 αἰσχύνη
3742 2768 3923 2841 μείζονι

578 2839 854 2907 dedecus,
889 2843 1103 2934 tegitur
1138 2843 1315 2915 longe
1363 2847 1578 2918 majori
1627 2849 1832 2918 gloria.
1868 2856 1993 2910 Non
2061 2862 2191 2912 sustt

2338 2856 2511 2927 πολλῷ
2560 2853 2594 2909 δ
2599 2858 2688 2930 ὀξη
2740 2860 3199 2934 περικαλύπτεται.
3231 2860 3307 2913 Ού
3337 2863 3445 2934 γὰρ
3477 2839 3919 2932 ἠνέσχετο-Κύριος

575 2930 705 2985 nuit
724 2930 884 2985 enim
916 2929 1203 2988 Dominus
1230 2933 1533 3005 despicere
1564 2938 1853 3003 animam,
1886 2944 2036 2999 adeo
2062 2961 2188 3001 omr

2336 2943 2522 3014 ψυχὴν
2566 2947 2700 2998 οὑτω
2748 2946 2989 3023 παριδεῖν
3036 2954 3100 3003 τὰ
3146 2953 3316 3003 πάντα
3361 2950 3550 3016 καλὴν,
3599 2949 3701 3009 ἑνός
3747 2948 3918 3004 πάθους

578 3031 650 3071 ex
680 3023 845 3087 parte
876 3018 1208 3088 pulchram,
1245 3028 1530 3093 perpetuo
1562 3025 1863 3097 inquinari
1892 3032 2067 3086 unius
2107 3034 2191 3088 vit

2338 3035 2523 3104 αἴσχει
2569 3031 2663 3087 διὰ
2703 3018 2877 3099 τέλους
2929 3039 3265 3111 μολύνεσθαι·
3295 3039 3403 3091 ἀλλ’
3447 3037 3703 3097 εὑδόκησε
3740 3037 3921 3095 πάντως

576 3104 984 3175 turpitudine:
1018 3107 1122 3162 sed
1153 3108 1378 3179 placuit
1406 3113 1647 3168 omnino
1677 3114 2014 3174 divinarum
2046 3122 2189 3178 ratio

2340 3122 2600 3194 θειοτέρων
2642 3123 2803 3196 λόγων
2865 3128 3152 3201 οἰκονομία,
3215 3134 3304 3181 καὶ
3384 3136 3695 3202 μαρτυρικῷ
3760 3128 3922 3197 αἰματι

575 3207 719 3247 num
753 3193 1202 3263 dispensationi,
1231 3201 1548 3270 martyrico
1570 3202 1749 3259 etiam
1779 3207 2073 3275 sanguine
2094 3226 2188 3280 pm

2340 3193 2586 3283 ἀλυοργὲς
2651 3193 2780 3287 αὑτῇ
2856 3221 2944 3269 καὶ
3025 3193 3301 3291 βασιλικόν
3356 3193 3575 3293 χρωμοί
3638 3193 3921 3293 περιϐαλεῖν.

577 3296 831 3354 pureum
845 3283 1128 3355 etregium
1143 3285 1195 3339 ei
1219 3287 1475 3343 colorem
1500 3289 1723 3346 indere.
1742 3294 2017 3359 Quonam
2045 3300 2185 3354 mod

2337 3297 2517 3362 Ὅπως
2572 3298 2631 3354 δὲ
2679 3312 2828 3357 τοῦτο
2873 3303 3281 3380 διῳκονόμηται,
3329 3313 3416 3361 xui
3470 3309 3556 3361 οἶα
3580 3316 3651 3379 τῷ
3681 3308 3922 3381 μαρτυρίῳ

578 3376 777 3426 autem
805 3372 920 3428 hoc
972 3374 1044 3429 sit
1086 3373 1381 3441 effectum,
1424 3383 1479 3434 et
1522 3380 1831 3452 quodnam
1882 3386 1958 3440 sit
1999 3387 2191 3458 jactur

2340 3389 2723 3451 καταϐέϐληται
2772 3397 2801 3454 ἡ
2859 3403 3067 3470 κρηπὶς,
3123 3398 3325 3471 ἕτοιμος
3376 3395 3664 3451 διδάσκειν
3709 3398 3734 3449 ὁ
3770 3395 3917 3465 λόγος·

576 3459 1036 3521 fundamentum
1074 3466 1363 3538 martyrii,
1396 3474 1607 3540 parata
1645 3477 1731 3529 est
1759 3473 1972 3531 docere
2015 3479 2189 3536 oratic

2340 3476 2581 3551 Ἤκμαζε
2637 3487 2725 3555 μὲν
2778 3491 2868 3538 xui
2924 3488 2999 3539 ἔτι
3039 3489 3064 3539 ό
3122 3490 3257 3540 κοιτά
3311 3496 3647 3560 Χριστιανῶν
3695 3484 3916 3556 διωγμὸς,

576 3551 800 3649 Αόῒιιιο⁸
822 3554 1068 3649 quidem
1098 3555 1343 3627 vigebat
1375 3562 1708 3630 persecutio
1739 3564 1798 3619 in
1840 3564 2189 3625 Christiano:

2340 3574 2429 3621 xui
2480 3572 2505 3622 ό
2555 3570 2821 3637 εἰδωλικός
2862 3574 3048 3635 ἐκεῖνος
3095 3583 3182 3630 καὶ
3227 3576 3393 3649 βαθὺς
3435 3580 3581 3630 κατά
3616 3579 3778 3635 πάσος
3808 3576 3916 3645 ὁμοῦ

577 3644 634 3697 et
663 3642 963 3713 profunda
992 3643 1092 3700 illa
1117 3645 1310 3715 caligo
1343 3648 1799 3708 simulacrorum
1833 3658 2021 3712 totum
2054 3658 2190 3715 simi

2338 3667 2426 3719 τῆς
2452 3662 2616 3732 Ἐῴας
2647 3663 2914 3739 ἐπεκράτει
2958 3666 3135 3738 ζόφος
3168 3668 3460 3739 ὑπέρχεται
3510 3664 3569 3721 δε
3614 3671 3704 3725 τὴν
3748 3663 3914 3718 ἐκείνου

574 3731 914 3804 occupabat
943 3735 1260 3790 Orientem.
1299 3736 1465 3792 Subit
1496 3744 1697 3796 autem
1736 3740 1891 3798 illius
1916 3746 2187 3805 domina:

2339 3743 2618 3802 δέσποιναν
2652 3759 2910 3827 σωτήριος
2958 3754 3226 3827 λογισμὸς,
3255 3761 3344 3808 καὶ
3381 3760 3483 3813 τὴν
3522 3752 3742 3831 καρδίαν
3776 3752 3916 3809 αὐτῆς

576 3821 851 3881 salutaris
890 3823 1188 3895 cogitatio,
1219 3830 1276 3881 et
1305 3842 1407 3883 cor
1437 3828 1566 3899 ejus
1596 3838 1863 3902 penetrat
1904 3836 2189 3895 vehemen

2339 3833 2611 3912 διατρέχει
2679 3821 2868 3915 δριμύς
2933 3821 3034 3906 τις,
3068 3821 3329 3918 ἔρωςκαὶ
3400 3821 3620 3917 ἄμαχος
3690 3841 3914 3913 λειψάνων

564 3912 883 3985 quoddam
905 3917 960 3969 et
977 3914 1262 3971 invictum
1285 3915 1641 3975 desiderium
1659 3920 2045 3993 reliquiarum
2072 3945 2172 3986 ma

2334 3912 2891 4002 μαρτυρικῶνξΈπεὶ
2974 3929 3033 3985 δὲ
3090 3912 3293 3986 ὀὐδένα
3379 3912 3686 4008 Βουυρατίου
3747 3912 3913 4004 μᾶλλον

564 4006 787 4075 tyrum.
812 4003 1105 4068 Quoniam
1128 4020 1262 4059 vero
1281 4005 1658 4064 existimabat
1680 4011 1982 4070 Bonifacio
2001 4017 2177 4073 111111111

2333 4018 2510 4088 ἡγεῖτο
2558 4025 2882 4096 πιστότερον,
2942 4026 2972 4081 ἦ
3050 4028 3301 4084 τοιούτοις
3371 4026 3655 4098 ὑπουργεῖν
3731 4019 3910 4094 ἕμμελὶ·

572 4106 699 4146 esse
730 4090 1080 4160 fideliorem,
1113 4097 1215 4148 aut
1245 4093 1323 4149 ad
1355 4094 1415 4149 in
1445 4095 1536 4150 his
1568 4100 1947 4158 serviendum
1979 4105 2185 4176 diligen

2336 4126 2533 4181 στερον,
2591 4117 2770 4162 τοῦτον
2803 4107 2871 4170 δὴ
2912 4116 3002 4164 καὶ
3030 4116 3291 4184 κοινωνὸν,
3323 4115 3499 4189 ὥσπερ
3559 4120 3651 4166 τοῦ
3683 4115 3910 4184 σαρκικοῡ

569 4179 802 4248 tiorem,
843 4180 891 4236 ei
942 4180 1093 4237 sicut
1144 4182 1447 4239 carnalem
1505 4189 1561 4241 et
1618 4191 1869 4261 turpem,
1903 4193 1981 4249 ita
2042 4195 2182 4253 etiar

2332 4202 2422 4249 xui
2472 4197 2679 4272 ἀτίμου,
2733 4200 2896 4263 οὕτως
2949 4201 3050 4277 ἆρα
3094 4208 3182 4255 καὶ
3224 4211 3314 4256 τοῦ
3368 4202 3641 4257 ἐπαινετοῦ
3670 4222 3723 4256 τε
3767 4218 3912 4273 μακα-

567 4266 933 4324 laudabilem
953 4275 1007 4325 et
1025 4271 1258 4327 beatum
1278 4288 1545 4329 amorem
1574 4280 1997 4351 communicat,
2018 4291 2180 4341 eteur

2329 4290 2445 4360 ρίου
2500 4297 2726 4342 ποιεῖται
2781 4293 2981 4364 ἔρωτος.
3042 4298 3140 4346 Καὶ
3203 4291 3517 4355 ἰδιαζόντως
3575 4291 3908 4345 ἀπολαϐοῦσα·

570 4371 840 4413 seorsum
895 4359 1210 4431 accipiens,
1265 4363 1409 4428 Scis,
1468 4363 1678 4436 inquit,
1712 4365 1909 4435 frater,
1938 4374 2181 4444 qualibu

2331 4359 2523 4442 Οἶδας,
2582 4384 2759 4451 φησιν,
2804 4359 3034 4454 τάδελφέ,
3091 4384 3222 4444 οἶαις
3281 4385 3710 4457 συνεχράνθημεν
3765 4380 3912 4453 ἁμαρο

567 4444 753 4500 simus
785 4446 1155 4520 coinquinati
1188 4451 1464 4520 peccatis,
1500 4469 1607 4509 nec
1645 4456 1817 4511 nobis
1868 4475 2023 4517 curas
2091 4480 2180 4520 ess

2330 4470 2483 4529 τίαις,
2530 4466 2695 4540 μηδέν
2726 4489 2777 4522 τι
2833 4471 3011 4543 μέλλον
3051 4474 3195 4544 ἡμῖν,
3240 4475 3319 4525 ὅτι
3347 4482 3461 4543 Θεῷ
3492 4470 3911 4547 παραστήσεσθαι

568 4533 817 4605 aliquid,
852 4536 1015 4607 quod
1046 4544 1463 4609 exspectamus
1490 4540 1753 4600 futurum
1819 4552 1882 4603 ut
1937 4551 2180 4609 sistamu

2329 4553 2703 4629 προσδοκῶμεν
2752 4565 2840 4612 καὶ
2883 4561 3123 4633 χαλεπὰς
3165 4565 3359 4615 τούτων
3408 4564 3670 4635 ὑποσχεῖν
3708 4563 3798 4622 τάς
3838 4577 3909 4610 κο·

568 4628 702 4678 ante
730 4625 937 4692 Deum,
963 4630 1017 4680 et
1055 4643 1163 4697 pro
1189 4628 1283 4683 his
1312 4632 1517 4701 gravia
1544 4634 1869 4693 subeamus
1902 4644 2181 4714 supplicia

2324 4644 2519 4708 λάσεις·
2570 4648 2701 4707 πλὴν
2746 4648 2854 4701 ἀλλ’
2906 4650 3169 4724 ἐπυθόμην
3208 4656 3343 4713 τινὸς
3396 4660 3495 4704 τῶν
3536 4650 3908 4724 εὐσεϐεστέρων,

568 4714 855 4768 Caeterum
886 4712 1089 4770 audivi
1119 4732 1156 4771 a
1184 4718 1453 4787 quodam
1483 4721 1609 4777 viro
1642 4722 1760 4793 pio,
1794 4728 1958 4797 quod
1997 4712 2045 4786 si
2075 4732 2176 4804 qui

2324 4735 2391 4796 ὡς
2444 4738 2488 4787 εἰ
2533 4755 2610 4798 τις
2660 4741 2776 4798 τοὺς
2824 4735 2917 4790 διὰ
2947 4712 3179 4815 Χριστὸν
3217 4744 3475 4802 παθόντας
3528 4746 3616 4793 xui
3664 4741 3908 4812 μαρτυρὴ-

566 4815 690 4865 eos,
726 4802 830 4872 qui
878 4809 1121 4875 propter
1167 4806 1465 4864 Christum
1513 4812 1671 4881 passi
1726 4820 1780 4869 et
1824 4817 2017 4874 affecti
2077 4802 2179 4877 sun

2325 4842 2513 4886 σαντας
2570 4821 2663 4878 διὰ
2715 4835 2871 4898 τιμῆς
2918 4802 3151 4899 μετελθοι
3192 4836 3280 4883 xui
3325 4833 3612 4903 θεραπείας,
3659 4828 3810 4886 πολλή
3837 4845 3906 4886 τις

564 4891 872 4963 martyrio,
907 4893 965 4947 in
994 4893 1219 4949 honore
1250 4896 1525 4954 habuerit
1583 4906 1637 4956 et
1681 4903 1944 4975 coluerit,
1988 4925 2169 4983 magn

2321 4914 2480 4967 αὑτοῦ
2537 4914 2720 4969 ἐκεῖθεν
2773 4922 2862 4969 xui
2919 4918 3133 4993 λαμπρά
3180 4928 3436 4994 περιμένει
3492 4918 3775 4985 ἀντίδοσις,
3826 4919 3904 4968 καὶ

560 4981 837 5051 qmedam
860 4985 918 5035 et
942 4983 1231 5053 praeclara
1268 5000 1402 5041 eum
1432 4986 1594 5044 illinc
1625 5007 1696 5047 ex
1739 5010 1810 5050 eo
1869 5004 2070 5056 manet
2099 4981 2173 5057 ire

2318 5012 2415 5066 τῆς
2463 5004 2625 5067 αὑτῆς
2672 5004 2878 5068 ἐκείνοις
2930 5008 3214 5062 ἀπολαύσει
3270 5015 3677 5083 μακαριότητος.
3736 5004 3902 5059 Πολλοὶ

552 5069 917 5172 Enumeratio,
951 5071 1259 5139 eteadem,
1292 5089 1414 5146 qua
1444 5076 1542 5143 illi,
1574 5078 1799 5137 fruetur
1823 5084 2165 5145 beatitudini

2320 5089 2379 5146 δὲ
2408 5098 2495 5145 καὶ
2534 5101 2641 5159 νῦν,
2697 5097 2761 5157 ὥς
2810 5116 2987 5168 φασιν,
3034 5098 3081 5151 έν
3122 5108 3184 5172 τῇ
3219 5100 3381 5172 Ἀσίᾳ
3408 5102 3509 5152 ὑπὸ
3558 5104 3787 5171 Χριστοῦ
3822 5096 3900 5147 τόν

542 5151 716 5215 ’Μιιιιί
748 5162 949 5215 autem
989 5175 1149 5216 nunc
1187 5179 1450 5236 quoque,
1495 5172 1576 5233 ut,
1619 5170 1802 5238 aiunt,
1837 5190 1945 5245 pro
1977 5175 2155 5234 Christ

2315 5181 2471 5235 καλὸν
2539 5151 2714 5254 ἀγωνα
2746 5151 3189 5259 *δίαγωνίζονταίο
3480 5151 3614 5262 (καὶΙ
3644 5189 3741 5259 γὰρ
3796 5186 3899 5243 ἣκει

556 5248 805 5318 pulchra
844 5250 1066 5306 adeunt
1095 5253 1441 5310 certamina.
1476 5255 1558 5312 Tu
1610 5275 1746 5315 vero
1777 5262 2017 5334 (etenim
2075 5268 2169 5339 jar

2314 5275 2514 5346 καιρὸς,
2570 5275 2703 5334 ὅπως
2760 5281 2877 5350 περὶ
2929 5279 3068 5349 ἡμᾶς
3123 5281 3236 5351 ἔχει
3287 5282 3372 5332 τὸν
3426 5278 3544 5353 ἐμὸν
3586 5276 3898 5352 φανήσεσθαι

554 5336 715 5392 venit
740 5340 996 5409 tempus,
1036 5344 1097 5395 ut
1128 5356 1295 5397 meus
1320 5346 1589 5402 ostendat
1609 5350 1963 5421 Bonifacius,
1988 5336 2109 5427 qua
2132 5375 2167 5411 s;

2405 5336 2413 5346 ,
2502 5336 2508 5338 ,
2823 5336 2831 5350 ,
2966 5336 2974 5349 ,
3053 5336 3066 5341 -
3147 5336 3188 5351 η
3450 5336 3460 5353 .
3592 5336 3604 5352 .

2314 5364 2628 5435 Βονιφάτιον)
2683 5368 2812 5438 πρὸς
2882 5370 3047 5420 ταῦτά
3118 5389 3209 5441 μοι
3283 5372 3735 5442 καθυπούργησον,
3815 5367 3896 5416 καί

554 5423 615 5478 in
646 5430 755 5479 nos
786 5425 1119 5501 affectione)
1160 5430 1239 5486 ad
1287 5432 1414 5489 haec
1468 5436 1616 5493 mihi
1676 5440 1917 5506 inservi,
1950 5423 2167 5503 etomn

2437 5423 2446 5435 .
2612 5423 2623 5435 ,
2722 5423 2731 5438 .
2796 5423 2810 5429 -
3118 5423 3128 5441 .
3520 5423 3618 5442 ..-
3722 5423 3734 5432 ι

2313 5448 2521 5527 σπουδῇ
2562 5463 2622 5527 τῇ
2673 5458 2819 5530 πάσῃ
2867 5463 3298 5532 παραγενόμενος,
3353 5468 3452 5513 τῶν
3506 5459 3665 5530 ἁγίων
3714 5456 3893 5509 τούτων

554 5512 739 5611 studio
759 5528 838 5621 ‘eo
874 5516 1119 5621 vadens,
1155 5535 1409 5593 propera
1435 5525 1513 5580 ad
1547 5543 1638 5583 me
1672 5528 1880 5588 afferre
1912 5533 2136 5607 aliquid

2377 5512 2392 5527 .
2497 5513 2506 5525 .
2597 5512 2613 5527 ,ν
2796 5512 2815 5530 .-
2942 5512 2950 5530 .
3018 5512 3033 5529 σ
3129 5512 3139 5532 .
3265 5512 3298 5530 υ,
3546 5512 3559 5530 ι

2307 5539 2558 5613 λειψάνων
2607 5543 2818 5618 ἀγαγεῖν
2886 5545 3183 5621 ἐπείχθητι,
3261 5552 3331 5613 ὡς
3388 5549 3448 5601 ἂν
3504 5548 3715 5620 ἐντίμως
3768 5542 3892 5596 αὖτά

553 5600 739 5659 sacris
757 5600 850 5657 his
870 5604 1135 5681 reliquiis
1164 5621 1177 5663 :
1196 5615 1256 5665 ut
1276 5627 1414 5676 cum
1436 5629 1538 5677 eas
1560 5616 1887 5679 honoriﬁce
1904 5600 2166 5700 deposue

2395 5600 2404 5613 .
2646 5600 2660 5617 ι
2718 5600 2731 5618 σ
2994 5600 3183 5621 Ιν⁷ν⁷Ἴ
3270 5600 3330 5613 η·
3508 5600 3618 5620 ’τνι
3700 5600 3713 5610 ’

2307 5633 2663 5708 καταθέμενοι,
2757 5639 2847 5691 xui
2923 5637 3088 5712 ἱεροὺς
3170 5634 3625 5714 ἐπιδημησάμενοι
3704 5636 3886 5697 οἴκους,
