4084 6216
227 288 298 345 245
1520 279 1686 337 VITA
1726 277 1786 332 S.
1827 277 2216 336 BONIFACII.

3445 287 3554 348 246

219 412 413 486 φύλακάς
469 429 524 463 τε
574 409 760 471 αύτοὺς
809 412 892 462 καὶ
931 416 1170 482 σωτῆρας
1216 405 1499 468 διαπαντὸς
1543 409 1765 478 ἔχοιμεν

1888 403 2099 472 rimus,
2123 407 2180 462 et
2206 421 2409 463 sacras
2430 406 2590 463 aedes
2615 407 2698 464 eis
2725 406 3242 479 sediﬁcaverimus,
3271 427 3374 470 eos
3400 425 3557 474 sem'

213 510 358 556 ταῦτα
400 503 526 573 πρὸς
561 500 709 552 αὐτὸν
743 499 1001 571 εἰρηκυῖα,
1060 497 1169 551 ἐπεὶ
1221 503 1351 574 πρὸς
1404 498 1588 550 ἑκόντα
1642 495 1778 566 ἔλεγε

207 599 278 644 ut
337 592 596 663 πρόθυμον
662 593 751 647 την
828 590 1136 661 ὑπηρεσίαν,
1196 592 1424 660 χρυσίον
1491 583 1778 658 ἐγχειρίζει

207 685 378 750 συχνόν
408 696 420 708 ’
451 675 578 730 οὐδε
609 680 706 749 γὰρ
740 676 856 740 ἐξῆν
903 677 1142 748 λείψανον
1183 697 1234 729 τι
1277 679 1542 750 μάρτυρος
1585 680 1779 747 προῖκα

205 769 367 834 λαϐεῖν,
418 767 546 818 ἀλλά
605 771 658 819 τό
712 768 841 819 πολὺ
893 775 990 818 τῶν
1050 775 1374 839 Χριστιανῶν
1450 771 1567 838 περὶ
1644 762 1776 816 αύτὰ

207 860 383 930 campos
439 864 706 930 πορισμοῦ
757 863 863 917 τοῖς
938 854 1152 909 ἀσεϐέσι
1231 862 1492 931 πρόφασις
1551 851 1629 919 ἦν,
1687 859 1774 906 καὶ

205 947 364 1000 πολλοῦ
405 950 536 1020 πρὸς
591 945 812 1008 ἐκείνους
861 945 996 998 αύτὰ
1041 950 1290 1020 παρέχειν
1338 945 1520 999 ἐποίει.
1575 949 1772 998 Τούτου

205 1037 271 1088 ιύν
317 1037 473 1096 ἕνεκα,
524 1039 724 1106 συχνὸν
777 1039 833 1088 τὸ
872 1040 1120 1109 χρυσίον,
1164 1040 1253 1088 καὶ
1295 1036 1375 1088 ἶνα
1421 1041 1512 1088 καὶ
1559 1037 1773 1092 πένησιν

204 1127 258 1188 εἰς
309 1121 557 1194 διανομὴν
613 1123 830 1198 ἀρκέσῃ.
903 1129 1248 1196 Συνεκπέμπει
1322 1120 1380 1176 δὲ
1431 1129 1520 1175 καὶ
1603 1125 1774 1184 ἱππεῖς

205 1211 403 1280 δώδεκα,
432 1216 578 1288 μύρα
622 1233 675 1266 τε
714 1219 804 1266 καὶ
849 1211 1087 1274 σινδόνας
1135 1220 1222 1267 καὶ
1261 1208 1422 1267 τᾶλλα
1463 1214 1563 1266 ὅσα
1611 1231 1771 1284 προσο

205 1310 303 1354 im
348 1303 416 1365 εἰς
475 1307 635 1373 τιμὴν
687 1311 794 1363 τοῖς
841 1303 1028 1374 ἁγίοις.
1080 1302 1235 1356 Ἀλλὰ
1291 1306 1598 1377 προσεκτέον
1651 1323 1662 1335 ·
1694 1301 1768 1352 ἐν-

205 1395 343 1444 ταῦθα
367 1395 462 1466 γὰρ
495 1395 691 1465 ᾖκομεν
722 1395 842 1446 ἔνθα
887 1397 976 1446 καὶ
1018 1397 1076 1446 τό
1108 1400 1200 1445 τοῦ
1233 1389 1556 1465 διηγήματος
1583 1395 1769 1467 χαριέ-

207 1501 376 1536 ετατον.

262 1663 325 1714 Δ¹.
375 1660 460 1723 Ὠς
511 1657 621 1719 ἢδη
679 1665 888 1735 πορείας
942 1660 1137 1734 ἔμελλεν
1191 1663 1216 1713 ό
1270 1662 1569 1733 Βονιφάτιος
1617 1662 1771 1714 ἄπτε-

1887 508 1992 565 per
2020 494 2357 552 habeamus
2389 497 2668 554 custodes
2706 501 2761 552 et
2786 500 3136 556 servatores.
3174 501 3308 557 Haec
3337 521 3477 563 cum
3499 507 3554 564 ei

1885 583 2151 649 dixisset,
2176 590 2231 640 et
2257 601 2318 640 se
2350 585 2602 642 libenter
2627 585 2688 641 id
2722 585 3116 643 ministerium
3149 598 3552 667 promptoque

1886 675 1942 727 et
1962 671 2140 728 alacri
2159 675 2362 730 animo
2385 674 2687 731 obiturum
2709 675 3086 743 ostendisset,
3121 679 3298 735 tradit
3319 682 3369 736 ei
3400 683 3551 739 mul-

1886 765 2010 816 tum
2042 763 2190 816 auri.
2230 765 2427 835 Neque
2454 764 2613 819 enim
2642 764 2858 820 licebat
2889 766 3070 834 gratis
3101 768 3371 840 accipere
3400 771 3550 828 ullas

1887 857 2213 924 martyrum
2242 853 2543 925 reliquias,
2568 853 2673 910 sed
2706 854 3177 912 Christianorum
3206 874 3465 931 magnus
3488 861 3550 918 in

1883 957 1984 996 eas
2013 955 2202 1006 amor,
2249 947 2376 999 erat
2404 943 2602 1015 impiis
2636 959 2820 1000 causa
2848 943 3017 1009 lucri,
3053 951 3107 1002 et
3137 947 3430 1006 efficiebat
3490 955 3553 1008 ut

1882 1030 2118 1085 nonnisi
2153 1031 2354 1101 magni
2383 1048 2484 1088 eas
2510 1039 2748 1107 emptas
2778 1033 3132 1106 praaberent.
3173 1039 3251 1093 Ea
3269 1038 3342 1094 de
3364 1055 3551 1096 causa

1883 1119 2059 1175 mittit
2089 1120 2344 1176 multum
2371 1123 2520 1187 auri,
2551 1128 2607 1178 et
2637 1128 2699 1178 ut
2733 1123 2908 1180 etiam
2933 1123 3198 1192 haberet,
3236 1127 3401 1198 quod
3431 1127 3548 1184 dis-

1881 1208 2162 1264 tribueret
2209 1210 2598 1281 pauperibus.
2631 1211 2795 1266 Mittit
2825 1217 3026 1268 autem
3067 1229 3204 1270 cum
3253 1230 3324 1271 eo
3358 1231 3545 1290 equos

1878 1311 2120 1368 quoque
2151 1296 2492 1363 duodecim,
2527 1302 2582 1353 et
2623 1304 3017 1369 unguentum,
3047 1305 3103 1356 et
3135 1302 3447 1374 sindonas,
3489 1312 3547 1362 et

1877 1401 2241 1458 quiscunque
2280 1385 2395 1442 alia
2413 1387 2718 1444 usuierant
2757 1388 3232 1446 adhonorandos
3274 1399 3540 1448 sanctos.

1878 1473 1996 1529 Sed
2028 1479 2112 1530 est
2144 1474 2571 1531 attendendum
2607 1493 2620 1543 ;
2650 1477 2766 1533 huc
2800 1477 2960 1533 enim
2988 1480 3281 1544 venimus,
3307 1482 3410 1538 ubi
3456 1485 3544 1539 est

1877 1563 2137 1620 narratio
2181 1564 2648 1635 jucundissima.

1949 1662 2038 1716 IV.
2076 1664 2222 1718 Cum
2242 1662 2371 1732 jam
2414 1663 2750 1720 Bonifacius
2791 1670 2946 1721 esset
2983 1666 3092 1723 iter
3133 1666 3538 1738 ingressurus,

212 1753 328 1813 σθαι,
374 1750 540 1813 εὐθὺς,
599 1751 779 1822 ὧσπερ
831 1750 929 1802 ύπὸ
984 1759 1231 1824 γραμμῆς
1273 1755 1366 1810 τὴν
1413 1751 1597 1803 ἑαυτοῦ
1624 1755 1765 1808 νίκην

1877 1751 2071 1806 statim
2101 1752 2277 1822 quasi
2306 1753 2588 1823 graphice
2616 1754 2927 1811 victoriam
2960 1772 3134 1812 suam
3163 1764 3218 1812 et
3249 1773 3538 1816 coronam

211 1845 280 1891 ui
323 1843 397 1891 τὸν
450 1845 708 1911 στέφανον
744 1845 1117 1914 προσημαίνων
1160 1857 1172 1870 ⁸
1207 1841 1266 1894 Εἰ
1311 1837 1370 1894 δέ
1416 1861 1541 1905 πως,
1583 1843 1697 1912 ἔφη,
1730 1841 1768 1891 ὦ

223 1925 433 1994 ﬂamma,
487 1931 694 1989 ταύτης
749 1932 839 2000 μὲν
888 1925 1194 2005 διαμαρτεῖν
1245 1939 1340 1992 τῆς
1390 1929 1764 2004 ἐγχειρήσεως,

218 2014 402 2090 δεύτερος
427 2015 504 2083 δὲ,
550 2020 577 2070 ὃ
610 2037 762 2089 φασι,
810 2017 970 2080 πλοῦς
1013 2022 1070 2070 τὸ
1109 2017 1226 2090 ἐμόν
1278 2038 1362 2072 σοι
1415 2027 1566 2092 σῶμα
1608 2038 1770 2092 προσ-

212 2108 429 2177 ινεχϐιίη,
460 2109 565 2180 ἄρα
598 2127 688 2160 σοι
737 2106 797 2158 ἂν
855 2116 1005 2161 τοῦτο
1052 2112 1258 2183 μέτριον
1299 2112 1374 2166 εἴη
1425 2116 1515 2160 τοῦ
1569 2116 1766 2161 σκοποῦ

207 2199 506 2268 παραμύθιον,
563 2201 660 2249 καὶ
720 2206 876 2269 τιμῆς
922 2197 1066 2260 οῐξιον
1113 2200 1256 2271 παρὰ
1309 2205 1402 2250 σοῦ
1444 2199 1763 2270 νομισθείη;

210 2291 284 2337 [ai
330 2293 480 2338 ταῦτα
536 2290 633 2358 μὲν
689 2289 813 2346 ἶσως
865 2285 1054 2348 ἐκεῖνος
1099 2291 1300 2350 παίζων
1351 2290 1480 2361 πρὸς
1531 2290 1625 2344 τὴν
1685 2283 1766 2338 δέ-

209 2392 382 2426 ῖποιναν
421 2376 448 2434 ἦ
505 2371 833 2436 σπουδάζων
887 2393 898 2404 ’
933 2377 957 2426 ό
994 2373 1053 2428 δὲ
1104 2380 1228 2436 Θεὸς
1265 2379 1319 2428 τό
1369 2375 1546 2448 μέλλον
1591 2377 1764 2447 ὥσπερ

207 2458 275 2514 διὰ
319 2471 403 2525 τῆς
453 2464 653 2517 ἐκείνου
713 2469 1069 2538 προηγόρευσε
1129 2465 1382 2537 γλώττης.
1450 2465 1507 2518 Ἠ
1593 2469 1766 2536 μέντοι

205 2551 419 2620 Ἀγλαίς·
463 2554 539 2606 Ou’
594 2559 804 2629 καιρός,
859 2557 976 2626 ἔφη,
1039 2556 1321 2626 Βονιφάτιε,
1366 2551 1586 2616 παιδιᾶς
1643 2549 1766 2605 οὐδὲ

205 2643 333 2710 λόγων
410 2647 684 2707 τοιούτων,
763 2644 829 2695 ὧν
904 2642 1266 2717 ἀποσχόμενον
1344 2642 1568 2705 εὐλαϐῶς
1624 2646 1766 2715 ἔχειν

204 2735 516 2804 προτρέπομαι
592 2737 688 2784 καὶ
781 2738 1029 2805 κοσμίως,
1119 2732 1226 2785 ἐπεὶ
1327 2738 1415 2785 καὶ
1517 2735 1767 2792 τοιούτοις

201 2821 429 2892 ὑπηρετεῖν
458 2822 680 2894 μέλλεις,
723 2823 790 2874 ὧν
843 2824 998 2894 ἡμᾶς,
1045 2827 1115 2894 μὴ
1175 2824 1251 2874 ὅτι
1291 2841 1350 2892 γε
1391 2821 1599 2893 ψαύειν,
1640 2820 1768 2872 ἀλλὰ

199 2915 270 2960 καὶ
314 2909 506 2982 βλέπειν
557 2916 684 2974 τοὺς
759 2910 998 2974 ἀναξίους
1061 2911 1349 2982 πάντολμον
1403 2917 1492 2963 καὶ
1573 2912 1762 2982 θρασύ.

199 3000 374 3060 Τούτοις
423 3000 722 3072 ἀρκούντως
780 3000 1143 3074 ἐπιτιμησασα
1189 3007 1276 3053 καὶ
1324 3000 1632 3072 ἐντρέψασα,
1675 3002 1764 3051 καὶ

1877 1840 2343 1911 prtesigniticans
2364 1857 2376 1896 :
2397 1841 2451 1897 Si
2477 1840 2642 1908 forte,
2675 1843 2939 1914 inquit,o
2967 1844 3540 1918 domina,quemad-

1875 1931 2125 1986 modum
2157 1931 2464 2002 contingit,
2497 1937 2560 1986 ut
2576 1932 2946 2005 hocquidem
2980 1941 3175 2006 coepto
3199 1935 3492 1992 frustreris
3520 1955 3534 1993 :

1875 2019 2142 2075 secunda
2197 2035 2359 2086 vero,
2389 2024 2452 2076 ut
2505 2019 2694 2085 aiunt,
2729 2020 3058 2091 navigatio,
3109 2039 3310 2080 meum
3350 2026 3427 2081 ad
3480 2030 3538 2082 te

1875 2123 2091 2180 corpus
2143 2108 2344 2164 afferat
2394 2127 2406 2164 :
2476 2109 2722 2164 fueritne
2779 2109 2895 2166 hoc
2945 2110 3049 2166 tibi
3093 2112 3394 2170 mediocre
3451 2114 3535 2170 tui

1874 2198 2115 2254 instituti
2142 2214 2208 2254 ac
2237 2198 2402 2272 scopi
2457 2198 2757 2263 solatium,
2787 2205 2841 2254 et
2899 2201 3057 2271 apud
3087 2205 3142 2257 te
3190 2201 3536 2260 habendum

1872 2287 1931 2342 in
1969 2287 2194 2343 honore
2233 2287 2262 2341 ‘f
2303 2290 2365 2342 Et
2406 2287 2534 2343 haac
2583 2288 2830 2360 quidem
2885 2289 2980 2345 ille
3035 2289 3287 2347 fortasse
3341 2292 3537 2362 magis

1872 2377 2086 2432 ludens
2115 2376 2274 2450 apud
2314 2376 2648 2442 dominam,
2685 2393 2872 2450 quam
2905 2393 3092 2448 agens
3120 2380 3273 2436 serio
3321 2396 3334 2434 ε
3382 2383 3538 2437 Deus

1875 2470 2075 2523 autem
2120 2465 2200 2534 id,
2232 2466 2396 2538 quod
2449 2471 2576 2522 erat
2608 2467 2894 2536 futurum,
2949 2469 3222 2540 praedixit
3251 2485 3354 2540 per
3382 2470 3538 2526 illius

1874 2553 2162 2625 linguam.
2196 2553 2394 2624 Aglais
2427 2570 2568 2608 vero
2605 2570 2614 2608 :
2642 2557 2768 2609 Non
2800 2562 2905 2619 est,
2939 2571 2974 2610 ο
3010 2556 3286 2623 Bonifaci,
3318 2557 3534 2630 inquit,

1874 2648 2112 2714 tempus
2153 2642 2418 2706 ludendi,
2455 2658 2650 2715 neque
2696 2643 2914 2699 horum
2968 2645 3309 2715 verborum,
3344 2662 3379 2702 a
3407 2647 3538 2718 qui-

1874 2732 1987 2788 bus
2014 2732 2410 2788 abstinentem
2433 2731 2638 2802 jubeo,
2673 2735 2734 2787 ut
2760 2733 2855 2804 pie
2902 2738 2958 2788 et
2988 2733 3234 2790 honeste
3262 2744 3314 2790 te
3339 2751 3532 2805 geras.

1877 2824 2021 2878 Nam
2055 2820 2128 2875 iis
2159 2837 2221 2876 es
2264 2820 2677 2888 inserviturus,
2723 2837 2860 2894 quin
2889 2837 3000 2878 nos
3024 2837 3146 2878 non
3181 2823 3377 2879 solum
3409 2832 3536 2881 tan-

1877 2926 2035 2981 gere,
2095 2910 2200 2965 sed
2255 2909 2434 2966 etiam
2507 2909 2773 2982 aspicere
2840 2910 3143 2981 indignos,
3198 2912 3399 2968 nimiae
3447 2916 3536 2968 est

1877 2999 2145 3056 audaciae
2171 3004 2228 3054 et
2253 2999 2624 3058 temeritatis.
2660 3000 2808 3055 Cum
2836 2999 2931 3055 his
2976 3000 3116 3057 satis
3148 3001 3532 3073 increpasset,

203 3088 342 3159 ὥσπερ
393 3088 503 3143 ἀντὶ
561 3087 788 3151 παιδιᾶς
840 3090 1058 3166 ἀκαίρου
1105 3091 1174 3152 εἰς
1215 3090 1366 3164 φόϐον
1424 3090 1628 3160 εὔλογον
1671 3093 1764 3146 τὴν

1877 3095 1930 3145 et
1961 3088 2189 3160 pudore
2227 3088 2544 3157 affecisset,
2583 3094 2638 3145 et
2685 3105 2793 3162 pro
2834 3089 2978 3145 ludo
3009 3091 3430 3162 intempestivo
3455 3092 3536 3148 ad

201 3172 360 3228 ἐκείνου
394 3178 572 3251 ψυχὴν
629 3186 1034 3246 καταστήσασα,
1081 3179 1191 3233 εἶτα
1233 3185 1344 3243 καὶ,
1365 3179 1423 3231 Ὀ
1455 3183 1602 3242 Θεὸς,
1632 3178 1766 3231 ἐπει-

202 3273 360 3327 πούσα,
399 3269 424 3319 ό
455 3265 489 3320 δ
497 3269 528 3320 ι’
562 3271 708 3340 ἡμᾶς
736 3275 934 3343 μορφὴν
984 3267 1171 3322 δούλου
1224 3268 1393 3321 λαϐὼν
1445 3274 1534 3320 καὶ
1564 3271 1620 3320 τὸ
1653 3267 1767 3320 ἐαυ-

201 3360 271 3404 τοῦ
315 3358 435 3427 αἷμα
486 3357 702 3430 ἐκχέας,
751 3359 902 3420 αὐτὸς
951 3357 1166 3434 παρίδοι
1219 3362 1284 3411 τὰ
1324 3360 1630 3430 πταίσματά
1663 3378 1763 3430 μου

205 3449 273 3494 καὶ
323 3444 585 3501 ἀποστελεῖ
635 3453 724 3500 τόν
781 3449 997 3520 ἄγγελον
1074 3449 1230 3502 αύτοῦ
1291 3451 1578 3522 ἔμπροσθέν
1646 3467 1761 3514 σου,

205 3537 580 3590 καὶκαθευύυνεί
605 3540 675 3591 τὰ
707 3534 1013 3611 διαϐηματά
1061 3558 1154 3591 σου
1201 3555 1214 3569 '
1265 3542 1392 3613 πρὸς
1436 3541 1638 3598 τούτοις
1676 3541 1765 3590 καὶ

207 3617 349 3682 δεξιὰν
391 3629 524 3698 αύτῷ
570 3632 663 3684 τὴν
724 3624 974 3682 ἐπάνοδον
1037 3627 1284 3700 εύξαμένη
1346 3626 1612 3699 ἐξέπεμψε.
1667 3629 1764 3678 Τόν

207 3707 551 3787 δεΒονιφάτιον
584 3723 794 3775 ὤνησαν
842 3721 932 3790 μεν
972 3718 1030 3770 ού
1091 3723 1311 3792 μετρίως
1369 3737 1420 3771 τε
1466 3722 1552 3770 καὶ
1600 3721 1765 3780 οίτῆς

209 3796 447 3867 δεσποίνης
491 3806 658 3879 λόγοι,
707 3812 796 3859 καὶ
839 3811 965 3880 πρὸς
1006 3811 1070 3860 τὰ
1120 3809 1230 3861 θεῖά
1268 3827 1320 3859 τε
1363 3812 1451 3860 καὶ
1503 3807 1766 3880 σεϐάσμια

207 3889 380 3961 περιδεῆ
439 3901 796 3963 κατέστησαν,
857 3899 966 3950 ὅθεν
1014 3901 1130 3950 οὔτε
1175 3907 1333 3971 κρεῶν
1397 3900 1586 3957 ἧπτετο
1632 3901 1764 3949 κατὰ

207 3984 279 4035 τὴν
307 3990 520 4055 πορείαν,
567 3989 684 4039 οὗτε
719 3991 824 4058 μὴν
872 3991 990 4059 οϊνῳ
1036 3986 1232 4060 ἐχρῆτο
1266 4009 1278 4020 ·
1313 3987 1478 4060 εἰσῄει
1510 3983 1568 4040 δὲ
1609 3986 1762 4039 αὐτόν

207 4075 274 4120 καὶ
315 4072 570 4146 λογισμός,
633 4078 806 4150 ὥσπερ
866 4072 1210 4148 παιδαγωγός
1271 4075 1482 4148 ἀγαθός,
1563 4077 1760 4149 ὅτιπερ,

209 4158 286 4210 Οἷα
335 4157 544 4234 δράσας,
602 4166 690 4216 οἶα
745 4165 906 4236 μέλλω
959 4170 1146 4239 χερσὶν
1195 4165 1436 4237 ἀνάγνοις
1486 4170 1765 4238 μετακομί-

211 4249 290 4307 ζειν
316 4269 330 4319 ;
360 4258 452 4304 Καὶ
480 4262 552 4324 τῷ
584 4251 691 4306 δέει
720 4257 885 4326 τούτῳ
913 4255 1082 4328 ἠρέμα
1117 4274 1169 4307 τι
1215 4263 1311 4316 τῆς
1359 4259 1483 4328 πρὸς
1519 4259 1577 4307 τό
1611 4264 1764 4327 σῶμα

207 4343 526 4406 προπαθείας
601 4343 973 4418 κατωλιγωρει,
1063 4349 1151 4396 καὶ
1234 4344 1396 4414 ἐαυτῷ
1481 4350 1761 4419 προσέχειν

208 4425 398 4481 ἐπείθετο
429 4449 440 4459 ⁸
470 4431 621 4502 φόϐος
650 4436 739 4504 μὲν
769 4435 870 4505 γὰρ
919 4437 1092 4505 πατὴρ
1146 4442 1424 4508 προσοχῆς
1456 4452 1467 4463 ·
1509 4437 1538 4492 ἠ
1577 4431 1634 4486 δὲ
1664 4456 1760 4506 γα-

1871 3179 2104 3250 justum
2135 3183 2192 3234 et
2220 3177 2439 3234 rationi
2469 3183 2938 3235 consentaneum
2972 3185 3198 3235 metum
3221 3179 3381 3237 illius
3411 3182 3538 3238 ani-

1877 3285 2040 3324 mam
2078 3268 2438 3324 traduxisset
2483 3273 2540 3324 et
2565 3267 2818 3324 dixisset
2848 3285 2862 3324 :
2895 3269 3070 3337 Deus,
3098 3270 3204 3341 qui
3234 3270 3389 3326 servi
3419 3271 3534 3328 for-

1877 3374 2041 3414 mam
2072 3361 2316 3430 propter
2340 3372 2453 3413 nos
2489 3357 2722 3430 accipit,
2756 3364 2811 3413 et
2851 3375 3032 3415 suum
3059 3357 3271 3416 effudit
3298 3360 3536 3432 sangui-

1865 3463 2034 3510 nem.
2069 3447 2195 3519 ipse
2223 3447 2302 3503 ad
2350 3462 2486 3503 mea
2510 3461 2632 3502 non
2665 3447 2915 3519 aspiciat
2960 3447 3197 3515 delicta,
3261 3453 3315 3504 et
3344 3449 3539 3506 mittat

1875 3536 2159 3606 angelum
2193 3552 2372 3591 suum
2426 3539 2564 3591 ante
2613 3541 2689 3600 te,
2724 3540 2781 3592 et
2824 3536 3045 3607 dirigat
3088 3553 3324 3608 gressus
3377 3543 3530 3596 tuos.

1877 3626 2096 3682 Deinde
2135 3624 2395 3681 faustum
2425 3625 2474 3680 ei
2514 3631 2753 3696 precata
2799 3625 3077 3691 reditum,
3131 3641 3270 3684 eum
3301 3627 3534 3684 emittit.

1877 3713 2173 3770 Bonifacio
2203 3729 2344 3768 vero
2387 3728 2507 3768 non
2559 3712 2935 3770 mediocriter
2991 3714 3240 3786 quidem
3298 3715 3536 3787 profue-

1873 3809 2010 3859 runt
2037 3802 2223 3858 verba
2252 3801 2535 3865 dominae,
2568 3806 2623 3856 et
2651 3807 2731 3870 ut;
2753 3817 2845 3856 res
2867 3801 3102 3858 divinas
3147 3807 3202 3858 et
3223 3803 3533 3873 religiosas

1873 3896 2258 3960 revereretur,
2308 3890 2647 3946 effecerunt.
2719 3890 2861 3945 Hinc
2923 3889 3151 3946 factum
3217 3895 3310 3947 est
3362 3896 3427 3947 ut
3473 3892 3534 3948 in

1871 3982 2078 4038 itinere
2127 3996 2236 4037 nec
2285 3996 2494 4036 carnes
2552 3983 2840 4049 tangeret,
2903 3995 3011 4035 nec
3051 3979 3192 4036 vino
3255 3984 3532 4046 uteretur,

1875 4070 2125 4127 Subibat
2182 4073 2382 4126 autem
2441 4069 2571 4141 ejus
2621 4084 2864 4142 quoque
2905 4073 3165 4124 mentem
3225 4069 3530 4139 cogitatio,

1871 4160 2054 4215 veluti
2091 4158 2341 4231 quidam
2388 4158 2584 4215 bonus
2638 4159 3012 4230 paedagogus
3065 4176 3077 4214 :
3131 4158 3340 4224 Qualia
3373 4163 3534 4220 ,sunt

1871 4264 2006 4321 quae
2049 4247 2184 4311 feci,
2212 4252 2268 4304 et
2305 4248 2510 4320 qualia
2564 4264 2698 4304 sum
2731 4249 2981 4320 impuris
3009 4248 3292 4304 manibus
3335 4253 3530 4321 porta-

1873 4342 2040 4394 turus
2063 4339 2091 4394 ?
2118 4341 2356 4408 Propter
2402 4338 2561 4392 hunc
2590 4353 2732 4393 vero
2795 4342 3037 4402 metum,
3098 4337 3320 4394 sensim
3350 4337 3533 4409 negli-

1870 4427 2049 4496 gebat
2078 4426 2392 4498 pristinam
2417 4442 2590 4481 suam
2623 4425 2684 4481 in
2709 4441 2927 4496 corpus
2959 4425 3356 4493 affectionem,
3386 4431 3443 4483 et
3468 4431 3533 4483 ut

207 4513 334 4577 irim;
369 4526 534 4594 μητηρ
583 4527 674 4573 καὶ
721 4524 1108 4584 καταστάσεως,
1147 4523 1276 4581 αύτη
1332 4519 1390 4576 δὲ
1446 4528 1538 4582 τὴν
1584 4529 1762 4577 συναίο

1877 4515 1983 4571 sibi
2041 4516 2390 4580 attenderet,
2461 4514 2577 4570 sibi
2637 4513 3057 4586 persuadebat.
3124 4518 3272 4572 Nam
3327 4519 3522 4572 metus

211 4606 583 4685 σῦησιν,ὦσπερ
634 4611 683 4662 ἐν
738 4610 993 4686 ἀταράχῳ
1047 4617 1147 4664 τινὶ
1194 4617 1283 4665 καὶ
1327 4615 1536 4686 καθαρῷ
1577 4611 1756 4681 ὕδατι,

211 4695 262 4742 τὰ
297 4696 440 4759 αὐτῆς
496 4703 667 4772 αἴσχη
721 4697 1015 4754 διαϐλέπειν
1060 4708 1196 4754 ποιεῖ
1225 4718 1238 4731 ·
1279 4705 1368 4754 καὶ
1398 4703 1562 4765 ούτως
1590 4701 1759 4776 ἀρχαὶ

210 4787 279 4834 καὶ
302 4786 431 4857 ῥίζαι
472 4797 560 4850 τῆς
605 4796 878 4862 μετανοίας
930 4793 1162 4863 φύονται,
1210 4790 1238 4850 ἣ
1287 4788 1354 4850 δὴ
1403 4797 1517 4844 τότε
1546 4798 1634 4845 καὶ
1667 4800 1756 4846 Βοι-

211 4875 403 4939 νιφάτιον
438 4878 604 4941 καλῶς
655 4879 966 4951 συνειλήφει,
1020 4885 1109 4932 καὶ
1149 4877 1254 4938 ἤδη
1292 4883 1420 4953 πρὸς
1452 4879 1577 4953 βίου
1609 4881 1758 4955 ἀκρί-

215 4957 323 5012 ίειαν
352 4963 594 5020 ἀπονεύων
624 4971 838 5043 φανερὸς
869 4965 948 5033 ἦν,
991 4977 1086 5031 τῆς
1117 4973 1206 5041 μὲν
1241 4975 1544 5044 παχυτέρας
1566 4975 1761 5034 ταύτης

215 5054 282 5099 καὶ
301 5065 520 5125 πιρρττῆς
543 5067 753 5133 τροφῆς,
782 5060 954 5132 ὥσπερ
982 5061 1189 5131 ἔφημεν,
1221 5058 1562 5131 ἀπεχόμενος,
1593 5061 1760 5133 εὐχῆς

218 5130 262 5187 δι
303 5137 614 5199 ἀδιαλείπτου
656 5151 743 5199 καὶ
781 5152 1021 5210 νηστείας
1069 5151 1203 5201 κατά
1245 5153 1339 5207 τὴν
1374 5155 1583 5225 πορείαν
1632 5148 1757 5223 ἐχό-

217 5243 346 5292 μενος.

275 5493 334 5549 E’.
380 5495 510 5554 Ἐπεὶ
561 5498 618 5556 δὲ
669 5508 756 5557 καὶ
811 5502 986 5566 ἐπιϐὰς
1052 5513 1142 5566 τῆς
1221 5504 1399 5567 Ἀσίας
1455 5508 1591 5559 κατὰ
1661 5510 1754 5566 τὴν

221 5578 490 5658 ὑμνουμένην
539 5600 631 5656 τῆς
678 5592 914 5657 Κιλικίας
968 5596 1172 5668 Ταρσὸν
1234 5594 1448 5668 ἐγένετο,
1511 5597 1632 5648 ἔνθα
1687 5591 1753 5655 δὴ

1866 4605 2115 4678 quidem
2129 4609 2218 4660 est
2243 4608 2432 4660 mater
2462 4603 2900 4676 tranquillitatis
2930 4608 2988 4660 et
3019 4605 3232 4677 quietis
3257 4621 3271 4671 ;
3296 4621 3367 4661 ea
3389 4620 3529 4662 vero

1867 4694 2020 4766 parit
2048 4693 2497 4758 conscientiam,
2531 4709 2666 4765 quas
2705 4692 2866 4758 facit,
2904 4698 2966 4749 ut
2994 4692 3198 4750 anima
3236 4697 3529 4766 tanquam

1865 4783 1926 4839 in
1956 4799 2108 4855 pura
2138 4782 2343 4854 aliqua
2380 4787 2580 4837 etnon
2612 4781 2850 4838 turbata
2871 4798 3050 4854 aqua,
3093 4799 3202 4838 sua
3233 4784 3529 4840 intueatur

1868 4871 2167 4928 dedecora
2219 4888 2230 4924 ε
2265 4875 2322 4926 et
2360 4873 2442 4926 sic
2495 4876 2826 4926 nascuntur
2864 4870 3160 4943 principia
3200 4876 3258 4927 et
3293 4872 3527 4928 radices

1869 4960 2252 5033 paanitentiec.
2305 4963 2434 5015 Jam
2469 4965 2607 5015 tunc
2656 4965 2856 5016 autem
2897 4959 3142 5032 pulchre
3174 4965 3527 5032 conceperat

1875 5050 2228 5115 Bonifacius,
2268 5049 2458 5119 etjam
2490 5055 2690 5120 aperte
2726 5048 3102 5113 ostendebat,
3145 5065 3206 5104 se
3238 5048 3525 5104 inclinare

1869 5139 1946 5194 ad
1974 5137 2156 5193 vitam
2187 5137 2510 5209 perfectam
2536 5142 2592 5193 et
2629 5142 2992 5201 accuratam,
3028 5142 3090 5193 ut
3118 5137 3220 5209 qui
3245 5153 3280 5193 a
3310 5137 3525 5193 crassis

1868 5227 2115 5301 quidem
2166 5232 2222 5283 et
2258 5227 2740 5298 supervacaneis,
2779 5232 2842 5283 ut
2879 5225 3160 5292 diximus,
3201 5225 3526 5284 abstineret

1869 5317 2184 5381 alimentis,
2219 5315 2476 5372 assiduis
2501 5330 2638 5372 vero
2666 5315 2945 5388 precibus
2986 5318 3042 5372 et
3074 5313 3319 5387 jejuniis
3346 5330 3524 5374 vaca.-

1868 5412 1957 5465 ret
1987 5407 2047 5463 in
2086 5407 2311 5464 itinere.

1938 5508 2005 5562 V.
2046 5509 2366 5579 Postquam
2397 5507 2599 5562 autem
2623 5503 2992 5562 ascendisset
3015 5503 3077 5562 in
3101 5504 3324 5573 Asiam,
3361 5508 3417 5563 et
3442 5507 3522 5565 ad

1868 5594 2227 5652 celebratam
2254 5596 2315 5650 in
2353 5595 2551 5652 Cilicia
2588 5593 2956 5668 pervenisset
2982 5594 3256 5664 Tarsum,
3296 5610 3420 5669 quo
3456 5596 3521 5655 in
