4066 6224
504 354 609 410 247

1922 350 2183 409 MENSIS
2225 350 2466 407 MAlUS.

3761 339 3869 402 2&8

505 480 639 535 loco
688 476 864 534 etiam
919 476 1306 534 decertabant
1362 482 1678 551 martyres,
1739 477 1866 535 aliis
1914 476 2159 550 quidem

2299 482 2362 529 ,αὶ
2410 479 2458 529 οἱ
2510 478 2769 550 μάρτυρες
2818 475 3151 545 ἠγωνίζοντο,
3197 480 3305 535 τοῖς
3358 474 3446 545 μὲν
3495 468 3666 533 ἄλλοις
3718 469 3870 544 ἓφῆκε

505 568 793 641 permisit,
831 571 891 621 ut
920 567 1032 638 ipsi
1063 572 1118 622 et
1147 568 1282 639 equi
1322 568 1715 640 quiescerent,
1748 567 1911 638 apud
1951 583 2164 638 quem-

507 658 650 713 dam
684 656 800 711 illic
827 656 1086 727 hospitio
1137 658 1385 727 excepti.
1421 657 1549 727 Ipse
1591 673 1731 711 vero
1773 672 1845 711 ne
1884 655 1992 711 viae
2031 655 2162 726 qui-

506 747 644 802 dem
677 761 930 799 excusso
968 745 1234 817 pulvere,
1271 745 1566 817 profectus
1611 751 1695 801 est
1727 745 1804 800 ad
1836 745 2162 800 videndum

504 834 874 891 desideratos
912 842 1223 905 martyres.
1263 838 1323 890 Et
1346 851 1480 890 cum
1507 834 1763 889 venisset
1792 835 1850 889 in
1878 833 2160 898 stadium,

505 924 666 979 videt
692 922 1158 994 populiquidem
1188 938 1474 993 magnam
1502 923 1811 979 collectam
1845 922 2163 978 multitudi-

506 1028 646 1069 nem
673 1013 750 1067 ad
798 1028 868 1067 ea
898 1012 1173 1079 videnda,
1222 1029 1359 1085 quas
1392 1013 1615 1068 fiebant
1658 1034 1669 1077 ;
1703 1017 1939 1068 sanctos
1963 1018 2165 1067 autem

506 1103 684 1158 variis
724 1101 880 1156 afﬁci
907 1102 1237 1167 tormentis,
1271 1108 1325 1157 et
1366 1118 1554 1157 unum
1594 1102 1839 1174 quidem
1884 1101 2166 1156 omnibus

509 1193 733 1248 crimen
787 1191 986 1262 objici,
1021 1206 1239 1263 nempe
1273 1192 1553 1263 pietatem
1588 1208 1657 1246 ac
1689 1208 1890 1247 veram
1930 1190 2166 1262 religio-

508 1297 668 1345 nem,
694 1296 816 1335 non
858 1280 1101 1335 eosdem
1142 1296 1281 1336 vero
1324 1280 1522 1335 subire
1564 1280 1881 1350 cruciatus,
1912 1280 2013 1335 sed
2044 1285 2167 1335 tam

507 1370 747 1437 multos,
789 1374 852 1425 ut
881 1385 1060 1425 nemo
1088 1369 1208 1425 fere
1260 1370 1473 1425 eodem
1515 1369 1906 1425 damnaretur
1946 1369 2170 1440 suppli-

509 1460 621 1528 cio,
652 1459 763 1514 etsi
812 1458 1024 1530 spiritu
1055 1463 1252 1514 essent
1283 1458 1607 1529 conjuncti,
1649 1463 1705 1514 et
1734 1474 1834 1513 ore
1875 1458 2170 1514 nihilomi-

508 1564 623 1604 nus
653 1547 862 1603 eadem
888 1547 1291 1619 loquerentur.
1326 1550 1469 1603 Nam
1496 1547 1645 1603 alius
1676 1548 1922 1619 quidem
1953 1547 2169 1618 pende-

507 1638 615 1693 bat
657 1636 870 1710 capite,
927 1636 1130 1691 subter
1168 1653 1310 1692 vero
1374 1637 1528 1706 ignis
1581 1641 1706 1692 erat
1776 1642 2111 1692 substratus
2156 1653 2168 1690 ε

511 1728 663 1783 alius
723 1731 923 1784 autem
964 1732 1088 1782 erat
1143 1730 1424 1781 extensus
1463 1732 1721 1798 quatuor
1774 1725 1968 1797 lignis.
2013 1726 2174 1781 Alius

2276 565 2763 630 ὃιαναπαύσασθαι,
2821 566 3008 625 αύτούς
3060 583 3113 616 τε
3159 568 3248 615 καὶ
3299 564 3485 622 ἵππους
3534 564 3582 615 ἓν
3634 581 3732 613 τινι
3768 570 3867 613 τῶν

2275 656 2460 708 ἐκεῖθεν
2509 656 2850 724 ξενισθέντας,
2908 654 3062 713 αὐτὸς
3128 650 3186 705 δὲ
3254 649 3392 724 μηδὲ
3455 660 3550 714 τῆς
3607 647 3733 703 ὁδοῦ
3780 654 3868 708 τὴν

2273 751 2411 797 κόνιν
2471 743 2875 810 ἐκτιναξάμενος,
2952 746 3020 805 ὡς
3100 739 3213 814 εἶχε
3287 738 3463 794 ποδῶν
3513 739 3702 813 ἐχώρει
3753 743 3873 798 τοὺς

2276 838 2624 906 ποθουμένους
2686 836 2955 907 μάρτυρας
3013 835 3316 908 ἱστορῆσαι.
3396 836 3495 885 Καὶ
3547 835 3744 904 παριὼν
3801 829 3874 890 εἰς

2274 929 2331 977 τὸ
2366 921 2603 993 στάδιον,
2644 926 2740 996 ὁρᾷ
2769 931 2862 976 τοῦ
2902 926 2990 997 μὲν
3023 920 3195 993 δήμου
3245 921 3373 975 πολύ
3422 941 3471 973 τι
3523 920 3719 981 πλῆθος
3756 938 3875 971 συν-

2278 1014 2559 1085 ειλεγμένον
2634 1016 2767 1065 κατὰ
2852 1015 2967 1065 θέαν
3018 1021 3114 1064 τῶν
3171 1015 3555 1085 πραττομένων,
3622 1008 3876 1079 βασάνοις

2278 1101 2337 1157 δὲ
2383 1106 2504 1165 τοὺς
2552 1103 2734 1174 ἀγίους
2784 1103 3045 1164 ποικίλαις
3098 1098 3486 1173 ἐκδιδομένους,
3543 1104 3631 1151 καὶ
3684 1098 3734 1151 ἓν
3782 1102 3876 1170 μὲν

2277 1192 2679 1265 ἐγκαλουμένους
2736 1193 2966 1252 ἅπαντας
3017 1197 3110 1250 τὴν
3161 1190 3442 1251 εὐσέϐειαν,
3491 1190 3550 1242 ού
3606 1195 3720 1249 ταῖς
3777 1187 3878 1240 αύ-

2276 1290 2385 1343 ταῐς
2430 1279 2489 1334 δὲ
2540 1287 2816 1354 τιμωρίαις
2869 1284 3243 1352 ὑπαγομένονς,
3294 1279 3422 1331 ἀλλὰ
3478 1281 3781 1348 τοσαύταις,
3817 1280 3875 1335 ὡς

2282 1368 2479 1442 σχεδὸν
2526 1367 2731 1443 μηδένα
2781 1376 2875 1429 τὴν
2931 1375 3051 1428 ἴσην
3111 1371 3518 1443 κατακρίνεσθαι
3572 1376 3643 1438 τῷ
3701 1367 3879 1439 ἑτέρῳ,

2279 1464 2454 1512 καίτοι
2528 1465 2617 1513 καὶ
2700 1462 2954 1532 πνεύματι
3032 1462 3408 1531 συνημμένους,
3480 1462 3565 1510 xui
3636 1460 3883 1528 στόματι,

2283 1546 2432 1602 οὐδὲν
2485 1551 2635 1608 ἧττον
2708 1553 2773 1601 τὰ
2856 1550 2990 1601 αύτὰ
3066 1551 3455 1622 φθεγγομένους.
3508 1546 3567 1599 Ὀ
3638 1548 3726 1617 μεν
3779 1547 3881 1618 γὰρ

2282 1642 2480 1713 ἤρτητο
2534 1638 2616 1691 ἐπὶ
2689 1639 2933 1712 κεφαλὴν,
2995 1640 3222 1691 κάτωθεν
3286 1634 3345 1690 δε
3412 1637 3569 1690 αὐτοῦ
3631 1644 3733 1709 πῦρ
3790 1637 3883 1686 ὑπ-

2284 1734 2509 1802 έστρωτο
2562 1749 2573 1761 ·
2627 1730 2651 1780 ό
2711 1724 2770 1781 δε
2818 1728 2985 1792 ξύλοις
3037 1732 3293 1801 τέσσαρσι
3350 1725 3625 1780 διατέτατο
3668 1745 3679 1757 ⁸
3731 1724 3889 1784 ἄλλος

513 1832 676 1870 serra
734 1814 1070 1870 secabatur.
1137 1815 1298 1870 Alius
1366 1814 1830 1887 discerpentium
1891 1815 2172 1870 manibus

2299 1819 2542 1893 ἱπρίζετο,
2604 1818 2754 1881 ἄλλος
2807 1818 3017 1881 ξεόντων
3063 1823 3253 1892 χερσὶν
3293 1816 3587 1870 ἰλεπτύνετο
3625 1833 3639 1846 ⁸
3672 1818 3886 1866 καὶτοῦ

513 1904 1067 1959 comminuebatur:
1099 1909 1156 1959 et
1176 1904 1327 1959 illius
1352 1904 1601 1976 quidem
1634 1903 1788 1959 oculi
1816 1903 2177 1959 eﬂodieban-

514 1999 629 2058 tur,
660 1992 840 2063 hujus
879 1998 1079 2048 autem
1138 2009 1355 2048 manus
1413 1993 1911 2065 amputabantur,
1953 1999 2009 2047 et
2041 1993 2178 2047 huic

516 2082 761 2155 quidem
815 2097 921 2152 per
967 2082 1185 2136 collum
1231 2081 1402 2153 palus
1432 2086 1793 2147 transactus,
1845 2087 2011 2137 terra?
2057 2087 2181 2137 erat

519 2170 735 2225 afﬁxus
786 2170 911 2225 :illi
954 2186 1095 2225 vero
1138 2185 1353 2225 manus
1385 2186 1538 2241 pene
1595 2170 2176 2240 circumagebantur,

519 2258 703 2330 pedes
746 2264 945 2314 autem
978 2262 1187 2313 contra
1240 2258 1514 2330 improbe
1563 2259 2065 2329 refringebantur,
2127 2264 2183 2314 et

520 2348 786 2418 utrisque
821 2347 904 2402 sic
952 2347 1163 2402 vinctis
1204 2347 1474 2403 similiter
1522 2364 1662 2403 ossa
1700 2349 2182 2405 conterebantur.

523 2436 715 2490 Alium
750 2438 810 2504 (ο
844 2452 1131 2506 magnam
1184 2437 1509 2509 impiorum
1564 2438 1862 2493 insaniam
1899 2438 1936 2509 ι)
1971 2438 2187 2492 licebat

523 2524 725 2579 videre
778 2524 1117 2581 mutilatum
1168 2525 1454 2581 manibus
1500 2529 1557 2582 et
1579 2526 1859 2597 pedibus,
1912 2532 1969 2581 et
2018 2523 2189 2581 humi

525 2613 713 2668 instar
742 2613 900 2683 globi
956 2614 1324 2670 devolutum.
1358 2614 1471 2671 Sed
1521 2615 1624 2669 etsi
1673 2615 1799 2670 hinc
1852 2619 2191 2687 paterentur

525 2702 634 2757 viri
683 2703 955 2773 generosi
1020 2708 1077 2759 et
1142 2703 1336 2771 fortes,
1399 2709 1688 2776 tanquam
1738 2720 1858 2759 non
1925 2704 2194 2760 subirent

530 2790 756 2863 aliquid
804 2791 1125 2847 violentum
1157 2797 1215 2848 et
1253 2792 1590 2859 molestum,
1627 2794 1728 2848 sed
1767 2793 2014 2865 perinde
2045 2809 2114 2849 ac
2145 2791 2192 2847 si

527 2894 735 2936 eorum
819 2886 1252 2937 renovarentur
1331 2897 1602 2953 corpora,
1695 2886 1750 2937 et
1836 2882 2195 2937 sustinerent

528 2969 862 3040 quamdam
880 2971 940 3024 in
961 2971 1178 3025 melius
1203 2972 1618 3036 mutationem,
1649 2971 1798 3026 sicut
1820 2976 1944 3027 erat
1966 2988 2191 3034 revera,

533 3057 908 3120 testabantur,
950 3058 1034 3112 eis
1068 3058 1269 3115 divina
1298 3059 1511 3114 virtute
1551 3059 1769 3115 ferente
1798 3061 2112 3125 auxilium,
2140 3066 2197 3116 et

535 3145 929 3200 conﬁrmante
957 3146 1035 3200 ad
1058 3152 1359 3203 certamen
1394 3166 1406 3202 :
1440 3164 1561 3203 non
1576 3152 1811 3219 poterat
1837 3149 1995 3204 enim
2026 3149 2198 3205 aliter

532 3231 682 3296 ﬁeri,
718 3236 783 3286 ut
811 3233 1081 3290 humana
1107 3235 1232 3290 haec
1260 3241 1559 3307 pateretur
1581 3242 1810 3301 natura,
1844 3238 2024 3309 idque
2058 3254 2196 3293 cum

536 3321 775 3392 gaudio,
831 3321 947 3377 nisi
1007 3340 1267 3395 superna
1298 3340 1401 3379 eos
1460 3340 1678 3381 manus
1722 3330 2010 3395 tangeret.
2068 3329 2198 3382 Haec

535 3410 743 3465 videns
786 3412 1139 3476 Bonifacius,
1171 3419 1227 3468 et
1253 3429 1374 3469 non
1406 3414 1601 3469 solum
1627 3414 1852 3481 videns,
1888 3415 1992 3471 sed
2021 3416 2199 3472 etiam

538 3497 750 3553 sedulo
798 3504 855 3555 et
890 3500 1205 3571 diligenter
1261 3502 1498 3572 singula
1536 3504 1946 3569 considerans,
1980 3511 2036 3560 et
2068 3521 2202 3576 par-

537 3587 644 3642 tim
662 3587 907 3659 quidem
922 3594 1165 3661 stupens
1186 3597 1519 3663 martyrum
1535 3593 1957 3659 constantiam,
1982 3596 2201 3666 partim

538 3682 738 3733 autem
768 3694 941 3749 pares
982 3695 1236 3736 coronas
1277 3683 1562 3754 consequi
1622 3683 1991 3751 desiderans,
2044 3689 2201 3739 totus

540 3768 659 3821 Deo
698 3766 955 3837 afﬂatus,
997 3768 1303 3826 descendit
1342 3772 1401 3826 in
1442 3772 1737 3827 theatrum
1781 3790 1794 3827 :
1837 3778 1891 3827 et
1957 3789 2093 3828 cum
2137 3788 2200 3830 se

536 3854 769 3912 fecisset
800 3857 1184 3915 manifestum
1212 3860 1510 3925 omnibus,
1550 3866 1864 3933 martyres,
1898 3863 2001 3934 qui
2034 3868 2201 3919 erant

539 3959 751 3999 omnes
810 3946 1033 4015 viginti,
1107 3947 1453 4018 singulatim
1519 3950 1915 4019 amplectitur.
1979 3951 2200 4005 Deinde

539 4033 718 4089 etiam
744 4035 1028 4091 omnibus
1070 4036 1455 4092 audientibus
1502 4054 1726 4109 magna
1756 4055 1921 4105 voce,
1956 4043 2201 4109 Magnus

539 4126 645 4191 est,
696 4123 906 4195 inquit,
957 4126 1108 4179 Deus
1137 4124 1605 4182 Christianorum
1643 4144 1654 4182 :
1690 4130 1934 4198 Magnus
1956 4135 2061 4194 est,
2096 4127 2201 4200 qui

540 4208 791 4265 athletas
819 4227 929 4266 sua
954 4226 1067 4283 ope
1094 4213 1341 4282 adjuvit.
1373 4212 1506 4268 Haec
1537 4230 1672 4270 cum
1698 4215 1963 4280 dixisset,
1994 4233 2199 4272 rursus

540 4296 712 4351 laetus
737 4298 1480 4372 adhaerebatmartyribus,
1500 4319 1636 4359 cum
1664 4321 1884 4375 magno
1906 4306 2201 4362 desiderio

538 4386 942 4458 prehensabat
966 4395 1020 4445 et
1042 4390 1512 4462 amplectebatur
1528 4393 1729 4465 pedes.
1756 4394 1984 4460 Quibus
2002 4403 2201 4451 autem

541 4475 1002 4547 deerantpedes,
1024 4495 1145 4544 eas,
1171 4496 1305 4551 quas
1327 4481 1650 4549 restabant,
1673 4488 1871 4554 partes
1896 4485 2196 4555 corporis:

2286 1913 2375 1982 μὲν
2407 1907 2570 1979 ὄψεις,
2616 1914 2706 1960 τοῦ
2756 1904 2814 1961 δὲ
2870 1916 3042 1981 χεῖρες
3081 1906 3408 1970 ἐξεκόπτοντο
3453 1928 3465 1940 ο
3504 1910 3594 1958 καὶ
3639 1913 3740 1957 τῶν
3799 1906 3888 1975 μεν

2289 1995 2381 2051 διὰ
2405 2006 2496 2050 τοῦ
2528 1998 2798 2070 τραχήλου
2830 1997 3102 2057 πάσσαλος
3131 1996 3366 2059 ἐλασθεὶς
3407 2002 3471 2068 τῇ
3521 2004 3587 2067 γῇ
3624 1998 3887 2068 προσεπή-

2287 2107 2463 2159 γνυτο,
2513 2095 2584 2157 τῷ
2640 2083 2697 2139 δε
2745 2095 2916 2160 χεῖρες
2962 2089 3050 2158 μὲν
3100 2088 3309 2139 ὄπισθεν
3352 2088 3679 2156 περιήγοντο,
3727 2080 3884 2143 πόδες

2293 2173 2350 2229 δὲ
2423 2185 2655 2249 πονηρῶς
2729 2175 3121 2240 ἀντανεκλῶντο,
3206 2179 3296 2227 καὶ
3385 2174 3684 2249 ἀμφοτέρων
3756 2173 3880 2225 οὔτε,

2294 2263 2678 2331 δεσμηθέντων,
2736 2262 2956 2340 ῥάϐδοις
3014 2265 3165 2326 αὐτὸς
3228 2268 3292 2316 τὰ
3348 2264 3480 2316 ὀστᾶ
3528 2261 3885 2336 συνετρίϐετο·

2294 2356 2465 2421 ἄλλον,
2526 2356 2563 2406 ὦ
2612 2363 2701 2415 τῆς
2753 2354 2945 2417 πολλῆς
2997 2360 3181 2427 μανίας
3214 2363 3312 2407 τῶν
3370 2353 3607 2407 ἀσεϐῶνῒ
3640 2357 3732 2404 καὶ
3784 2359 3891 2423 χεῖ-

2295 2466 2386 2521 ρας
2412 2443 2472 2504 ἦν
2503 2443 2631 2497 ἰδεῖν
2680 2446 2789 2518 οἶμα
2836 2449 2922 2497 καὶ
2979 2442 3150 2508 πόδας
3195 2444 3551 2517 ἀφαιρεθέντα,
3598 2448 3687 2495 καὶ
3737 2440 3887 2499 δίκην

2300 2540 2520 2609 σφαίρας
2568 2534 2649 2587 ἐπὶ
2690 2544 2784 2607 γῆς
2831 2535 3145 2607 κυλιόμενον.
3205 2534 3360 2588 Ἀλλὰ
3428 2539 3518 2586 καὶ
3577 2541 3745 2585 ταῦτα
3802 2535 3895 2585 πά-

2303 2644 2521 2697 σχοντες
2551 2627 2598 2676 οἱ
2639 2632 2884 2696 γενναῖοι,
2942 2626 3171 2698 καθάπερ
3230 2624 3289 2676 ού
3339 2622 3514 2696 βίαιόν
3560 2642 3611 2674 τι
3664 2622 3895 2696 λυπηρόν

2301 2716 2662 2786 ὑφιστάμενοι,
2739 2712 2843 2765 ἀλλ’
2903 2715 3055 2765 οἱονεὶ
3120 2716 3185 2765 τὰ
3245 2719 3464 2785 σώματα
3519 2715 3897 2783 καινιζόμενοι,

2301 2809 2390 2856 καί
2442 2824 2555 2855 τινα
2602 2806 2733 2876 πρὸς
2796 2806 2853 2854 τὸ
2902 2811 3132 2877 κρεῖττον
3213 2801 3486 2855 ἀλλοίωσιν
3544 2804 3898 2873 ὑπομένοντες,

2302 2896 2473 2966 ὥσπερ
2532 2895 2635 2964 ἄρα
2684 2897 2773 2944 καὶ
2827 2888 2908 2959 ἦν,
2951 2892 3107 2952 οὕτως
3159 2894 3393 2964 ἔχαιρον,
3434 2899 3527 2953 τῆς
3576 2893 3710 2952 θείας
3755 2893 3901 2943 ἄντι-

2302 3003 2429 3055 κρνς
2480 2981 2859 3042 ἐπιϐοηθούσης
2926 2981 3100 3042 αὐτοῖς
3155 2979 3422 3054 δυνάμεως
3480 2986 3569 3034 καὶ
3625 2984 3759 3056 πρὸς
3816 2983 3899 3033 τὸν

2307 3071 2480 3143 ἀγῶνα
2519 3070 2873 3143 ἐνισχυούσης
2905 3091 2917 3103 ο
2952 3071 3010 3122 ού
3053 3074 3151 3145 γὰρ
3202 3070 3367 3131 α”λλως
3423 3068 3645 3123 δυνατὸν
3699 3066 3762 3129 ἧν
3820 3070 3899 3121 ἁν-

2309 3164 2561 3233 θρωπείαν
2602 3163 2756 3231 φύσιν
2781 3168 2948 3213 ταῦτα
3000 3157 3293 3232 διενεγκεῖν,
3318 3166 3408 3213 καὶ
3434 3165 3550 3213 τότε
3583 3164 3676 3212 σὺν
3706 3156 3899 3231 ἡδονῇ,

2308 3255 2378 3323 μὴ
2435 3258 2530 3311 τῆς
2576 3252 2764 3302 ἄνωθεν
2833 3253 3010 3322 χειρὸς
3062 3254 3531 3322 συνεφαπτομένης.
3582 3256 3764 3302 Ταῦτα
3818 3254 3903 3301 καὶ

2309 3342 2609 3412 Βονιφάτιος
2665 3341 2815 3413 ὁρῶν,
2875 3345 2964 3391 καὶ
3024 3340 3128 3411 οὐχ
3176 3340 3350 3402 ἁπλῶς
3393 3341 3543 3413 ὁρῶν,
3590 3338 3700 3391 ἀλλ’
3732 3337 3907 3411 ἐπιμε-

2307 3430 2408 3491 λῶς
2474 3430 2668 3481 ἕκαστα
2743 3434 2830 3481 καὶ
2924 3429 3207 3502 φιλοπόνως
3294 3427 3739 3501 ἐξακριϐούμενος,
3821 3432 3906 3479 xui

2310 3527 2463 3571 τοῦτο
2521 3522 2610 3590 μὲν
2669 3517 3069 3590 ἐκπληττόμενος
3121 3527 3213 3579 τῆς
3261 3524 3531 3593 καρτερίας
3581 3522 3702 3580 τοὺς
3781 3520 3907 3591 μάρ-

2310 3628 2472 3682 τυρας
2501 3617 2646 3660 τοῦτο
2701 3605 2759 3660 δε
2806 3612 2895 3660 καὶ
2939 3617 3035 3660 τῶν
3086 3611 3210 3661 ἰσων
3258 3608 3434 3670 αὐτοῖς
3467 3610 3724 3679 στεφάνων
3758 3607 3909 3671 ἀξιω-

2315 3700 2464 3756 θῆναι
2515 3697 2846 3769 γλιχόμενος,
2896 3696 3010 3757 ὅλος
3066 3700 3240 3759 ἔνθους
3300 3696 3616 3768 γενόμελνος,
3678 3700 3806 3770 πρὸς
3856 3698 3907 3747 τό

2316 3789 2520 3860 θέατρον
2564 3785 2883 3851 καταϐαίνει,
2946 3791 3035 3839 καὶ
3084 3794 3193 3849 τοῖς
3240 3792 3373 3839 πᾶσι
3428 3786 3607 3839 ἑαυτὸν
3662 3782 3907 3844 ἐπίδηλον

2311 3881 2627 3950 παρασχὼν,
2670 3879 2836 3928 εἰκοσι
2884 3879 3006 3937 τούς
3053 3878 3322 3949 μάρτυρας
3365 3880 3509 3936 ὄντας
3544 3878 3739 3936 πάντας
3794 3877 3906 3927 καθ’

2311 3967 2398 4018 ἕνα
2447 3964 2739 4038 περιϐάλλει
2795 3970 2883 4017 καὶ
2945 3968 3359 4039 περιπτύσσεται
3419 3983 3431 3995 ·
3492 3962 3604 4018 εἶτα
3672 3969 3764 4016 καὶ
3841 3964 3908 4025 εἰς

2312 4053 2527 4113 ἐπήκοον
2580 4056 2783 4106 πάντων
2815 4054 3010 4127 μεγάλῃ
3042 4062 3202 4127 φωνῇ,
3238 4057 3410 4125 Μέγας
3451 4053 3475 4106 ὄ
3520 4062 3618 4106 τῶν
3648 4060 3909 4127 Χριστια-

2311 4153 2406 4195 νῶν
2448 4147 2595 4207 Θεὸς,
2630 4148 2791 4215 μέγας
2830 4145 2855 4195 ό
2898 4150 3008 4206 τοῖς
3060 4143 3309 4205 ἀθληταῖς
3343 4152 3662 4215 συμμαχῶν,
3700 4141 3906 4205 ἐξεϐόη-

2314 4252 2416 4285 σεν.
2480 4233 2653 4292 Οὕτως
2724 4233 2898 4297 εἰπὼν,
2977 4242 3074 4284 τῶν
3127 4236 3403 4305 μαρτύρων
3458 4229 3605 4293 αὖθις
3677 4234 3909 4304 γεγηθὼς

2312 4325 2505 4393 εἴχετο,
2569 4323 2965 4396 παρεκαθέζετο,
3036 4325 3265 4382 ποθεινός
3339 4326 3455 4382 τούς
3511 4318 3683 4383 πόδας
3765 4341 3909 4393 περι-

2313 4414 2598 4464 επτύσσετο
2638 4427 2649 4439 ·
2705 4412 2780 4474 οἷς
2812 4408 2870 4464 δὲ
2900 4416 2970 4483 μὴ
3004 4409 3180 4476 πόδες,
3233 4414 3298 4464 τὰ
3342 4412 3615 4484 λειπόμενα
3652 4410 3781 4483 μέλη
3825 4417 3911 4463 τοῦ

2314 4507 2554 4573 σώματος
2642 4502 3032 4566 κατησπάζετο,
3137 4502 3460 4573 μακαρίζων,
3540 4499 3909 4575 ἔπιθαρῥύνων,

540 4562 750 4619 beatos
762 4566 1004 4636 quidem
1024 4583 1125 4622 eos
1157 4571 1552 4639 pronuntians
1579 4578 1820 4644 propter
1841 4574 2023 4628 animi
2048 4574 2188 4629 forti-

2315 4587 2590 4662 δεόμενος·
2626 4591 2930 4663 μακαρίζων
2988 4593 3075 4661 μὲν
3125 4598 3216 4651 τῆς
3266 4587 3507 4661 ἀνδρείας
3542 4595 3633 4641 καὶ
3677 4590 3743 4640 ὧν
3784 4608 3913 4663 προ-

540 4651 833 4717 tudinem,
865 4658 921 4710 et
951 4663 1284 4727 propterea,
1320 4674 1456 4731 quas
1487 4660 1643 4731 passi
1674 4661 1924 4727 fuerant,
1953 4669 2008 4717 et
2037 4662 2203 4735 quod

542 4738 722 4796 breve
751 4743 821 4797 sit
852 4742 932 4807 id,
966 4745 1129 4815 quod
1161 4751 1249 4801 est
1287 4747 1605 4820 reliquum,
1650 4755 1706 4805 et
1739 4767 1879 4806 mox
1910 4751 2107 4808 futura
2133 4752 2204 4808 sit

541 4827 809 4886 liberatio
860 4847 895 4887 a
948 4831 1256 4889 laboribus
1315 4841 1369 4891 et
1408 4842 1629 4893 aeterna
1686 4839 1933 4898 laetitia:
1977 4857 2087 4913 pro
2140 4856 2203 4897 se

545 4922 746 4973 autem
806 4935 1050 4990 rogans,
1095 4928 1156 4978 ut
1196 4932 1351 4980 esset
1401 4926 1484 4980 eis
1536 4928 1733 4983 socius
1783 4930 2199 4994 certaminum,

542 5010 628 5150 gth
663 5008 961 5080 particeps
1018 5026 1398 5078 coronarum,
1447 5030 1603 5087 quas
1660 5022 1798 5071 sunt
1851 5018 2110 5073 habituri
2168 5032 2204 5075 a

633 5094 799 5150 risto.

633 5094 799 5154 risto.

611 5203 704 5257 VI.
748 5203 896 5263 Cum
959 5210 1157 5264 autem
1185 5207 1311 5265 ﬁeri
1361 5225 1483 5265 non
1524 5216 1742 5283 posset,
1787 5217 1849 5267 ut
1895 5212 2024 5267 haec
2067 5212 2206 5268 late-

539 5296 966 5358 rent,maxime
998 5312 1133 5352 cum
1157 5313 1364 5354 vocem
1392 5297 1564 5354 altius
1593 5300 1955 5367 sustulisset,
1983 5316 2206 5373 praeses

539 5396 647 5450 per
679 5383 1119 5440 multitudinem
1152 5386 1347 5441 acrius
1367 5387 1632 5457 deﬁgens
1664 5390 1889 5455 oculos,
1916 5396 1972 5445 et
1998 5390 2206 5445 videns

543 5469 912 5526 Bonifacium
960 5490 971 5527 :
1041 5474 1184 5537 Quis
1224 5475 1320 5531 hic
1352 5482 1460 5541 est,
1496 5477 1703 5549 inquit,
1736 5480 1840 5551 qui
1873 5495 1979 5533 nos
2014 5495 2206 5550 usque

542 5554 693 5611 adeo
715 5559 960 5629 negligit
981 5566 1037 5614 et
1066 5579 1320 5632 magnos
1352 5564 1496 5620 deos
1516 5565 1543 5619 ?
1574 5566 1670 5620 Ille
1698 5566 1824 5637 ipse
1851 5582 1991 5636 ergo
2024 5566 2202 5633 dicat,

543 5645 835 5702 accedens
879 5649 1147 5722 propius.
1215 5654 1535 5731 Postquam
1584 5660 1786 5715 autem
1837 5654 1931 5713 ille
1991 5657 2202 5727 adfuit,

2312 4681 2672 4744 πεπόνθεισαν,
2734 4677 3084 4753 ἐπιθαρῥύνων
3155 4675 3214 4731 δε
3296 4684 3387 4731 καὶ
3444 4682 3575 4752 πρός
3642 4678 3677 4730 ἃ
3730 4680 3909 4731 παθεῖν

2314 4768 2535 4840 ἔμελλον,
2588 4768 2667 4819 ὄτι
2732 4787 2785 4820 τε
2854 4766 3039 4841 βραχύ
3095 4770 3152 4819 τὸ
3203 4767 3513 4840 λειπόμενον,
3582 4772 3671 4820 καὶ
3748 4772 3910 4820 πόνων

2316 4856 2585 4927 ἀπαλλαγὴ
2647 4856 2758 4927 μετ’
2806 4855 2977 4927 ὀλίγον
3027 4861 3118 4907 καί
3165 4856 3452 4929 εὐφροσύνη
3500 4856 3700 4916 αἰώνιος
3732 4872 3745 4885 ⁸
3786 4858 3909 4927 ὑπὲρ

2316 4947 2499 5000 ἑαυτοῦ
2551 4943 2609 4997 δὲ
2652 4942 2911 5017 δεόμενος,
2957 4947 3091 5005 ὥστε
3136 4951 3225 4998 καὶ
3293 4948 3532 5006 κοινωνὸς
3586 4945 3761 5005 αὐτοῖς
3814 4952 3911 4997 τῶν

2316 5035 2524 5107 ἀγώνων
2575 5038 2663 5086 καὶ
2698 5038 3033 5106 συμμέτοχος
3072 5043 3171 5087 τῶν
3218 5037 3361 5109 παρά
3398 5042 3628 5108 Χριστοῦ
3675 5035 3912 5105 γενέσθαι

2319 5126 2578 5195 στεφάνων
2593 5168 2605 5179 ,

2404 5219 2499 5294 ς’.
2524 5221 2665 5273 Ἐπεὶ
2706 5216 2765 5273 δὲ
2796 5227 2961 5274 ταῦτα
2990 5223 3170 5293 μαθεῖν
3202 5219 3306 5291 οὐχ
3336 5222 3443 5273 οἶόν
3483 5239 3537 5273 τε
3586 5217 3666 5285 ἦν,
3700 5220 3789 5272 ἅτε
3831 5222 3914 5271 καὶ

2316 5310 2413 5362 τῆς
2464 5308 2634 5373 φωνῆς
2690 5300 2773 5353 ἐπὶ
2822 5302 2997 5373 μεῖζον
3049 5301 3314 5375 ἀρθείσης,
3369 5302 3395 5353 ὁ
3449 5302 3631 5374 ἅρχων
3678 5300 3913 5373 ὀξύτερον

2318 5392 2570 5452 άτενήσας
2623 5387 2716 5442 διὰ
2767 5398 2854 5442 τοῦ
2908 5391 3153 5455 πλήθους,
3214 5395 3302 5443 xui
3346 5393 3430 5441 τόν
3477 5391 3772 5461 Βονιφάτιον
3805 5390 3914 5441 θεα-

2320 5480 2538 5551 σάμενος
2567 5496 2579 5509 ⁸
2612 5485 2699 5540 Τίς
2745 5479 2910 5544 οὗτος,
2972 5478 3128 5544 εἶπεν,
3180 5479 3339 5539 οὕτως
3395 5478 3588 5551 ἀμελῶς
3632 5482 3719 5530 καὶ
3770 5482 3913 5551 ἡμῶν

2316 5573 2405 5620 καὶ
2446 5577 2542 5621 τῶν
2591 5569 2823 5641 μεγάλων
2867 5572 2981 5641 ἔχει
3014 5570 3182 5635 θεῶν;
3237 5568 3399 5631 Αύτός
3458 5568 3733 5640 τοιγαροῦν
3790 5566 3911 5619 ἐκεῖ·

2316 5677 2420 5726 νος,
2474 5658 2632 5721 αὐτὸς
2680 5658 2706 5711 ό
2750 5657 3019 5735 ἐγγύτερος
3064 5660 3342 5735 παραστὰς
3383 5657 3595 5731 λεγέτω.
3658 5657 3797 5711 Ἐπεὶ
3854 5655 3914 5709 δε
