  <div class='ocr_page' id='page_1' title='image "/cluster/home/n/w/nwhite01/storage/ocr_20150623/115/hvd.32044073502262/130.png"; bbox 0 0 4066 6224; ppageno 0'>
   <div class='ocr_carea' id='block_1_1' title="bbox 222 339 303 396">
    <p class='ocr_par' dir='ltr' id='par_1_1' title="bbox 222 339 303 396">
     <span class='ocr_line' id='line_1_1' title="bbox 222 339 303 396; baseline -0.025 0"><span class='ocrx_word' id='word_1_1' title='bbox 222 339 303 396; x_wconf 61' lang='grc' dir='ltr'><strong>ΖᾹ9</strong></span> 
     </span>
    </p>
   </div>
   <div class='ocr_carea' id='block_1_2' title="bbox 1504 325 2193 387">
    <p class='ocr_par' dir='ltr' id='par_1_2' title="bbox 1504 325 2193 387">
     <span class='ocr_line' id='line_1_2' title="bbox 1504 325 2193 387; baseline -0.001 -2"><span class='ocrx_word' id='word_1_2' title='bbox 1504 326 1675 385; x_wconf 80' lang='lat' dir='ltr'><strong>VITA</strong></span> <span class='ocrx_word' id='word_1_3' title='bbox 1714 326 1779 387; x_wconf 87' lang='lat' dir='ltr'><strong>S.</strong></span> <span class='ocrx_word' id='word_1_4' title='bbox 1817 325 2193 387; x_wconf 83' lang='lat' dir='ltr'><strong>BONIFACII.</strong></span> 
     </span>
    </p>
   </div>
   <div class='ocr_carea' id='block_1_3' title="bbox 3414 319 3521 377">
    <p class='ocr_par' dir='ltr' id='par_1_3' title="bbox 3414 319 3521 377">
     <span class='ocr_line' id='line_1_3' title="bbox 3414 319 3521 377; baseline 0 0"><span class='ocrx_word' id='word_1_5' title='bbox 3414 319 3521 377; x_wconf 82' lang='lat'><strong>250</strong></span> 
     </span>
    </p>
   </div>
   <div class='ocr_carea' id='block_1_4' title="bbox 217 446 1795 540">
    <p class='ocr_par' dir='ltr' id='par_1_4' title="bbox 217 465 1765 540">
     <span class='ocr_line' id='line_1_4' title="bbox 217 465 1765 540; baseline -0.002 -21"><span class='ocrx_word' id='word_1_6' title='bbox 217 470 287 519; x_wconf 79' lang='grc' dir='ltr'>καὶ</span> <span class='ocrx_word' id='word_1_7' title='bbox 336 469 569 540; x_wconf 78' lang='grc' dir='ltr'><strong>παρέστη,</strong></span> <span class='ocrx_word' id='word_1_8' title='bbox 634 465 923 539; x_wconf 72' lang='grc' dir='ltr'>ἐρωτηθείςο</span> <span class='ocrx_word' id='word_1_9' title='bbox 980 465 1105 537; x_wconf 79' lang='grc' dir='ltr'>Εἰμὶ</span> <span class='ocrx_word' id='word_1_10' title='bbox 1162 468 1270 540; x_wconf 74' lang='grc' dir='ltr'>μὲν,</span> <span class='ocrx_word' id='word_1_11' title='bbox 1334 467 1447 538; x_wconf 77' lang='grc' dir='ltr'>ἔφη,</span> <span class='ocrx_word' id='word_1_12' title='bbox 1510 471 1765 537; x_wconf 85' lang='grc' dir='ltr'>Χριστια-</span> 
     </span>
    </p>
   </div>
   <div class='ocr_carea' id='block_1_5' title="bbox 1908 446 3521 540">
    <p class='ocr_par' dir='ltr' id='par_1_5' title="bbox 1908 446 3521 529">
     <span class='ocr_line' id='line_1_5' title="bbox 1908 446 3521 529; baseline -0.008 -14"><span class='ocrx_word' id='word_1_13' title='bbox 1908 462 2123 528; x_wconf 88' lang='lat' dir='ltr'><strong>ogatus</strong></span> <span class='ocrx_word' id='word_1_14' title='bbox 2150 473 2161 512; x_wconf 93' lang='lat'>:</span> <span class='ocrx_word' id='word_1_15' title='bbox 2185 459 2328 513; x_wconf 81' lang='lat' dir='ltr'><strong>Sum</strong></span> <span class='ocrx_word' id='word_1_16' title='bbox 2351 455 2619 529; x_wconf 85' lang='lat' dir='ltr'><strong>quidem,</strong></span> <span class='ocrx_word' id='word_1_17' title='bbox 2645 446 3521 525; x_wconf 86' lang='lat' dir='ltr'><strong>inquit,Christianus;Domini</strong></span> 
     </span>
    </p>
   </div>
   <div class='ocr_carea' id='block_1_6' title="bbox 214 552 1764 631">
    <p class='ocr_par' dir='ltr' id='par_1_6' title="bbox 214 552 1764 631">
     <span class='ocr_line' id='line_1_6' title="bbox 214 552 1764 631; baseline -0.001 -24"><span class='ocrx_word' id='word_1_18' title='bbox 214 560 298 620; x_wconf 74' lang='grc' dir='ltr'>νὸς,</span> <span class='ocrx_word' id='word_1_19' title='bbox 326 563 381 626; x_wconf 73' lang='grc' dir='ltr'><strong>τῇ</strong></span> <span class='ocrx_word' id='word_1_20' title='bbox 428 552 482 608; x_wconf 71' lang='grc' dir='ltr'>δε</span> <span class='ocrx_word' id='word_1_21' title='bbox 530 562 620 608; x_wconf 89' lang='grc' dir='ltr'><strong>τοῦ</strong></span> <span class='ocrx_word' id='word_1_22' title='bbox 674 558 795 628; x_wconf 82' lang='grc' dir='ltr'>ἐμοῦ</span> <span class='ocrx_word' id='word_1_23' title='bbox 834 562 1094 610; x_wconf 86' lang='grc' dir='ltr'>Δεσπότου</span> <span class='ocrx_word' id='word_1_24' title='bbox 1148 554 1366 628; x_wconf 81' lang='grc' dir='ltr'>δυνάμει</span> <span class='ocrx_word' id='word_1_25' title='bbox 1418 554 1616 631; x_wconf 76' lang='grc' dir='ltr'>θαρρῶν</span> <span class='ocrx_word' id='word_1_26' title='bbox 1663 562 1764 607; x_wconf 89' lang='grc' dir='ltr'><strong>τῶν</strong></span> 
     </span>
    </p>
   </div>
   <div class='ocr_carea' id='block_1_7' title="bbox 216 642 1765 719">
    <p class='ocr_par' dir='ltr' id='par_1_7' title="bbox 216 642 1765 719">
     <span class='ocr_line' id='line_1_7' title="bbox 216 642 1765 719; baseline -0.001 -22"><span class='ocrx_word' id='word_1_27' title='bbox 216 642 472 717; x_wconf 65' lang='grc' dir='ltr'>ὁμοδούλων</span> <span class='ocrx_word' id='word_1_28' title='bbox 517 649 630 706; x_wconf 79' lang='grc' dir='ltr'>τοὺς</span> <span class='ocrx_word' id='word_1_29' title='bbox 680 650 769 718; x_wconf 75' lang='grc' dir='ltr'><strong>μεν</strong></span> <span class='ocrx_word' id='word_1_30' title='bbox 817 650 1036 709; x_wconf 83' lang='grc' dir='ltr'>πιστούς</span> <span class='ocrx_word' id='word_1_31' title='bbox 1086 646 1235 719; x_wconf 88' lang='grc' dir='ltr'>φιλῶ,</span> <span class='ocrx_word' id='word_1_32' title='bbox 1284 654 1378 699; x_wconf 86' lang='grc' dir='ltr'><strong>σοῦ</strong></span> <span class='ocrx_word' id='word_1_33' title='bbox 1433 642 1492 699; x_wconf 73' lang='grc' dir='ltr'><strong>δὲ</strong></span> <span class='ocrx_word' id='word_1_34' title='bbox 1548 650 1636 698; x_wconf 89' lang='grc' dir='ltr'>καὶ</span> <span class='ocrx_word' id='word_1_35' title='bbox 1666 653 1765 696; x_wconf 90' lang='grc' dir='ltr'><strong>τῶν</strong></span> 
     </span>
    </p>
   </div>
   <div class='ocr_carea' id='block_1_8' title="bbox 216 734 1761 811">
    <p class='ocr_par' dir='ltr' id='par_1_8' title="bbox 216 734 1761 811">
     <span class='ocr_line' id='line_1_8' title="bbox 216 734 1761 811; baseline -0.001 -24"><span class='ocrx_word' id='word_1_36' title='bbox 216 743 300 787; x_wconf 81' lang='grc' dir='ltr'><strong>σῶν</strong></span> <span class='ocrx_word' id='word_1_37' title='bbox 374 736 435 795; x_wconf 72' lang='grc' dir='ltr'>ὣς</span> <span class='ocrx_word' id='word_1_38' title='bbox 506 734 809 808; x_wconf 80' lang='grc' dir='ltr'>ἀγνωμόνων</span> <span class='ocrx_word' id='word_1_39' title='bbox 875 738 1192 811; x_wconf 85' lang='grc' dir='ltr'>ύπερφρονῶ.</span> <span class='ocrx_word' id='word_1_40' title='bbox 1258 742 1357 791; x_wconf 78' lang='grc' dir='ltr'><strong>Καὶ</strong></span> <span class='ocrx_word' id='word_1_41' title='bbox 1440 738 1465 788; x_wconf 88' lang='lat'><strong>6</strong></span> <span class='ocrx_word' id='word_1_42' title='bbox 1541 737 1761 806; x_wconf 77' lang='grc' dir='ltr'>ἄρχων·</span> 
     </span>
    </p>
   </div>
   <div class='ocr_carea' id='block_1_9' title="bbox 212 823 1766 899">
    <p class='ocr_par' dir='ltr' id='par_1_9' title="bbox 212 823 1766 899">
     <span class='ocr_line' id='line_1_9' title="bbox 212 823 1766 899; baseline 0 -24"><span class='ocrx_word' id='word_1_43' title='bbox 212 831 358 876; x_wconf 82' lang='grc' dir='ltr'>Ταῦτα</span> <span class='ocrx_word' id='word_1_44' title='bbox 525 825 706 896; x_wconf 81' lang='grc' dir='ltr'>λέγειν,</span> <span class='ocrx_word' id='word_1_45' title='bbox 739 831 858 897; x_wconf 88' lang='grc' dir='ltr'>τόγε</span> <span class='ocrx_word' id='word_1_46' title='bbox 885 834 996 891; x_wconf 88' lang='grc' dir='ltr'>νῦν,</span> <span class='ocrx_word' id='word_1_47' title='bbox 1023 831 1111 880; x_wconf 84' lang='grc' dir='ltr'><strong>ἔα·</strong></span> <span class='ocrx_word' id='word_1_48' title='bbox 1140 826 1254 899; x_wconf 81' lang='grc' dir='ltr'>λέγε</span> <span class='ocrx_word' id='word_1_49' title='bbox 1298 825 1357 879; x_wconf 73' lang='grc' dir='ltr'><strong>δὲ</strong></span> <span class='ocrx_word' id='word_1_50' title='bbox 1405 831 1499 885; x_wconf 76' lang='grc' dir='ltr'>τήν</span> <span class='ocrx_word' id='word_1_51' title='bbox 1548 844 1600 877; x_wconf 90' lang='grc' dir='ltr'><strong>τε</strong></span> <span class='ocrx_word' id='word_1_52' title='bbox 1647 823 1766 881; x_wconf 82' lang='grc' dir='ltr'>κλῆ-</span> 
     </span>
    </p>
   </div>
   <div class='ocr_carea' id='block_1_10' title="bbox 214 915 1763 989">
    <p class='ocr_par' dir='ltr' id='par_1_10' title="bbox 214 915 1763 989">
     <span class='ocr_line' id='line_1_10' title="bbox 214 915 1763 989; baseline -0.001 -22"><span class='ocrx_word' id='word_1_53' title='bbox 214 935 280 967; x_wconf 85' lang='grc' dir='ltr'><strong>σιν</strong></span> <span class='ocrx_word' id='word_1_54' title='bbox 317 920 399 974; x_wconf 69' lang='grc' dir='ltr'>τὴν</span> <span class='ocrx_word' id='word_1_55' title='bbox 459 920 551 975; x_wconf 77' lang='grc' dir='ltr'>σὴν</span> <span class='ocrx_word' id='word_1_56' title='bbox 600 922 690 970; x_wconf 85' lang='grc' dir='ltr'>καὶ</span> <span class='ocrx_word' id='word_1_57' title='bbox 742 920 801 969; x_wconf 89' lang='grc' dir='ltr'>τὸ</span> <span class='ocrx_word' id='word_1_58' title='bbox 858 915 1208 989; x_wconf 80' lang='grc' dir='ltr'>ἐπιτήδευμα.</span> <span class='ocrx_word' id='word_1_59' title='bbox 1248 917 1306 971; x_wconf 68' lang='lat'><strong>&#39;0</strong></span> <span class='ocrx_word' id='word_1_60' title='bbox 1342 915 1401 971; x_wconf 73' lang='grc' dir='ltr'>δε</span> <span class='ocrx_word' id='word_1_61' title='bbox 1443 916 1763 988; x_wconf 77' lang='grc' dir='ltr'>Βονιφάτιος’</span> 
     </span>
    </p>
   </div>
   <div class='ocr_carea' id='block_1_11' title="bbox 210 1004 1769 1083">
    <p class='ocr_par' dir='ltr' id='par_1_11' title="bbox 210 1004 1769 1083">
     <span class='ocr_line' id='line_1_11' title="bbox 210 1004 1769 1083; baseline -0.001 -26"><span class='ocrx_word' id='word_1_62' title='bbox 210 1004 381 1075; x_wconf 74' lang='grc' dir='ltr'>Ὀνομα</span> <span class='ocrx_word' id='word_1_63' title='bbox 420 1010 505 1078; x_wconf 71' lang='grc' dir='ltr'>μὲν</span> <span class='ocrx_word' id='word_1_64' title='bbox 553 1005 666 1077; x_wconf 72' lang='grc' dir='ltr'><strong>ἕμοὶ</strong></span> <span class='ocrx_word' id='word_1_65' title='bbox 741 1010 799 1059; x_wconf 90' lang='grc' dir='ltr'>τὸ</span> <span class='ocrx_word' id='word_1_66' title='bbox 868 1016 1071 1083; x_wconf 81' lang='grc' dir='ltr'>πρῶτον</span> <span class='ocrx_word' id='word_1_67' title='bbox 1128 1013 1218 1061; x_wconf 79' lang='grc' dir='ltr'><strong>καὶ</strong></span> <span class='ocrx_word' id='word_1_68' title='bbox 1268 1007 1293 1060; x_wconf 88' lang='grc' dir='ltr'><strong>ὃ</strong></span> <span class='ocrx_word' id='word_1_69' title='bbox 1338 1006 1526 1080; x_wconf 84' lang='grc' dir='ltr'>μᾶλλον</span> <span class='ocrx_word' id='word_1_70' title='bbox 1593 1009 1769 1078; x_wconf 82' lang='grc' dir='ltr'>χαίρω</span> 
     </span>
    </p>
   </div>
   <div class='ocr_carea' id='block_1_12' title="bbox 209 1094 1773 1170">
    <p class='ocr_par' dir='ltr' id='par_1_12' title="bbox 209 1094 1773 1170">
     <span class='ocr_line' id='line_1_12' title="bbox 209 1094 1773 1170; baseline -0.001 -24"><span class='ocrx_word' id='word_1_71' title='bbox 209 1094 500 1165; x_wconf 78' lang='grc' dir='ltr'>καλούμενος,</span> <span class='ocrx_word' id='word_1_72' title='bbox 558 1100 869 1170; x_wconf 80' lang='grc' dir='ltr'>Χριστιανός</span> <span class='ocrx_word' id='word_1_73' title='bbox 902 1114 915 1127; x_wconf 77' lang='grc'><strong><em>⁸</em></strong></span> <span class='ocrx_word' id='word_1_74' title='bbox 975 1097 1017 1150; x_wconf 83' lang='grc' dir='ltr'><strong>εἰ</strong></span> <span class='ocrx_word' id='word_1_75' title='bbox 1079 1094 1138 1151; x_wconf 76' lang='grc' dir='ltr'>δε</span> <span class='ocrx_word' id='word_1_76' title='bbox 1193 1101 1285 1149; x_wconf 87' lang='grc' dir='ltr'>καὶ</span> <span class='ocrx_word' id='word_1_77' title='bbox 1341 1100 1399 1150; x_wconf 85' lang='grc' dir='ltr'>τὸ</span> <span class='ocrx_word' id='word_1_78' title='bbox 1467 1096 1521 1148; x_wconf 81' lang='grc' dir='ltr'>ἔκ</span> <span class='ocrx_word' id='word_1_79' title='bbox 1586 1098 1773 1167; x_wconf 82' lang='grc' dir='ltr'>γονέων</span> 
     </span>
    </p>
   </div>
   <div class='ocr_carea' id='block_1_13' title="bbox 211 1184 1774 1259">
    <p class='ocr_par' dir='ltr' id='par_1_13' title="bbox 211 1184 1774 1259">
     <span class='ocr_line' id='line_1_13' title="bbox 211 1184 1774 1259; baseline 0.002 -24"><span class='ocrx_word' id='word_1_80' title='bbox 211 1192 334 1237; x_wconf 79' lang='grc' dir='ltr'>τοῦτο</span> <span class='ocrx_word' id='word_1_81' title='bbox 379 1184 547 1256; x_wconf 77' lang='grc' dir='ltr'>βούλει</span> <span class='ocrx_word' id='word_1_82' title='bbox 594 1188 798 1259; x_wconf 84' lang='grc' dir='ltr'>μαθεῖν,</span> <span class='ocrx_word' id='word_1_83' title='bbox 846 1189 1170 1259; x_wconf 78' lang='grc' dir='ltr'>Βονιφάτιος.</span> <span class='ocrx_word' id='word_1_84' title='bbox 1221 1192 1322 1241; x_wconf 79' lang='grc' dir='ltr'><strong>Καὶ</strong></span> <span class='ocrx_word' id='word_1_85' title='bbox 1371 1186 1396 1240; x_wconf 92' lang='lat'><strong>6</strong></span> <span class='ocrx_word' id='word_1_86' title='bbox 1441 1189 1643 1259; x_wconf 65' lang='grc' dir='ltr'>ἄρχων,</span> <span class='ocrx_word' id='word_1_87' title='bbox 1700 1186 1774 1236; x_wconf 75' lang='grc' dir='ltr'>ἔτι</span> 
     </span>
    </p>
   </div>
   <div class='ocr_carea' id='block_1_14' title="bbox 209 1272 1772 1347">
    <p class='ocr_par' dir='ltr' id='par_1_14' title="bbox 209 1272 1772 1347">
     <span class='ocr_line' id='line_1_14' title="bbox 209 1272 1772 1347; baseline 0.003 -20"><span class='ocrx_word' id='word_1_88' title='bbox 209 1284 284 1327; x_wconf 81' lang='grc' dir='ltr'><strong>τοῦ</strong></span> <span class='ocrx_word' id='word_1_89' title='bbox 327 1274 485 1347; x_wconf 72' lang='grc' dir='ltr'>Ἁγίου</span> <span class='ocrx_word' id='word_1_90' title='bbox 555 1275 791 1347; x_wconf 79' lang='grc' dir='ltr'>λέγοντος</span> <span class='ocrx_word' id='word_1_91' title='bbox 861 1276 1103 1347; x_wconf 74' lang='grc' dir='ltr'>ἐκκόψας.</span> <span class='ocrx_word' id='word_1_92' title='bbox 1156 1275 1288 1345; x_wconf 76' lang='grc' dir='ltr'>Ἀγε</span> <span class='ocrx_word' id='word_1_93' title='bbox 1341 1273 1408 1335; x_wconf 75' lang='grc' dir='ltr'><strong>δὴ</strong></span> <span class='ocrx_word' id='word_1_94' title='bbox 1487 1272 1594 1337; x_wconf 83' lang='grc' dir='ltr'>οὖν,</span> <span class='ocrx_word' id='word_1_95' title='bbox 1657 1276 1772 1346; x_wconf 79' lang='grc' dir='ltr'>ἔφη,</span> 
     </span>
    </p>
   </div>
   <div class='ocr_carea' id='block_1_15' title="bbox 210 1364 1775 1439">
    <p class='ocr_par' dir='ltr' id='par_1_15' title="bbox 210 1364 1775 1439">
     <span class='ocr_line' id='line_1_15' title="bbox 210 1364 1775 1439; baseline -0.001 -23"><span class='ocrx_word' id='word_1_96' title='bbox 210 1366 461 1436; x_wconf 83' lang='grc' dir='ltr'>Βονιφάτιε,</span> <span class='ocrx_word' id='word_1_97' title='bbox 514 1370 637 1435; x_wconf 83' lang='grc' dir='ltr'>πρὶν</span> <span class='ocrx_word' id='word_1_98' title='bbox 690 1366 721 1424; x_wconf 73' lang='grc' dir='ltr'>ἢ</span> <span class='ocrx_word' id='word_1_99' title='bbox 773 1374 873 1418; x_wconf 84' lang='grc' dir='ltr'><strong>τῶν</strong></span> <span class='ocrx_word' id='word_1_100' title='bbox 927 1375 1133 1439; x_wconf 78' lang='grc' dir='ltr'><strong>σαρκῶν</strong></span> <span class='ocrx_word' id='word_1_101' title='bbox 1185 1386 1278 1419; x_wconf 89' lang='grc' dir='ltr'><strong>σου</strong></span> <span class='ocrx_word' id='word_1_102' title='bbox 1322 1370 1411 1418; x_wconf 83' lang='grc' dir='ltr'>καὶ</span> <span class='ocrx_word' id='word_1_103' title='bbox 1462 1373 1562 1417; x_wconf 90' lang='grc' dir='ltr'><strong>τῶν</strong></span> <span class='ocrx_word' id='word_1_104' title='bbox 1610 1364 1775 1416; x_wconf 80' lang='grc' dir='ltr'><strong>ὀστῶν</strong></span> 
     </span>
    </p>
   </div>
   <div class='ocr_carea' id='block_1_16' title="bbox 212 1453 1777 1528">
    <p class='ocr_par' dir='ltr' id='par_1_16' title="bbox 212 1453 1777 1528">
     <span class='ocr_line' id='line_1_16' title="bbox 212 1453 1777 1528; baseline -0.001 -24"><span class='ocrx_word' id='word_1_105' title='bbox 212 1453 414 1524; x_wconf 70' lang='grc' dir='ltr'>ἅψωμαι,</span> <span class='ocrx_word' id='word_1_106' title='bbox 465 1456 648 1507; x_wconf 88' lang='grc' dir='ltr'>πείθου</span> <span class='ocrx_word' id='word_1_107' title='bbox 701 1463 864 1508; x_wconf 81' lang='grc' dir='ltr'><strong>ποιεῖν</strong></span> <span class='ocrx_word' id='word_1_108' title='bbox 920 1458 985 1508; x_wconf 86' lang='grc' dir='ltr'><strong>τὰ</strong></span> <span class='ocrx_word' id='word_1_109' title='bbox 1040 1455 1427 1528; x_wconf 81' lang='grc' dir='ltr'>κεκελευσμένα,</span> <span class='ocrx_word' id='word_1_110' title='bbox 1478 1458 1568 1505; x_wconf 86' lang='grc' dir='ltr'><strong>καὶ</strong></span> <span class='ocrx_word' id='word_1_111' title='bbox 1614 1470 1777 1525; x_wconf 87' lang='grc' dir='ltr'>προσ-</span> 
     </span>
    </p>
   </div>
   <div class='ocr_carea' id='block_1_17' title="bbox 214 1540 1778 1617">
    <p class='ocr_par' dir='ltr' id='par_1_17' title="bbox 214 1540 1778 1617">
     <span class='ocr_line' id='line_1_17' title="bbox 214 1540 1778 1617; baseline -0.001 -23"><span class='ocrx_word' id='word_1_112' title='bbox 214 1542 339 1594; x_wconf 81' lang='grc' dir='ltr'>ελθὼν</span> <span class='ocrx_word' id='word_1_113' title='bbox 379 1545 463 1595; x_wconf 87' lang='grc' dir='ltr'><strong>θύε</strong></span> <span class='ocrx_word' id='word_1_114' title='bbox 513 1551 619 1604; x_wconf 84' lang='grc' dir='ltr'>τοῖς</span> <span class='ocrx_word' id='word_1_115' title='bbox 665 1544 897 1615; x_wconf 67' lang='grc' dir='ltr'>εὐμενέσι</span> <span class='ocrx_word' id='word_1_116' title='bbox 943 1547 1072 1606; x_wconf 88' lang='grc' dir='ltr'>θεοῖς</span> <span class='ocrx_word' id='word_1_117' title='bbox 1097 1566 1109 1579; x_wconf 87' lang='grc'><strong>·</strong></span> <span class='ocrx_word' id='word_1_118' title='bbox 1148 1552 1300 1598; x_wconf 91' lang='grc' dir='ltr'>τοῦτο</span> <span class='ocrx_word' id='word_1_119' title='bbox 1346 1546 1448 1617; x_wconf 88' lang='grc' dir='ltr'><strong>γάρ</strong></span> <span class='ocrx_word' id='word_1_120' title='bbox 1492 1562 1577 1595; x_wconf 88' lang='grc' dir='ltr'><strong>σοι</strong></span> <span class='ocrx_word' id='word_1_121' title='bbox 1614 1540 1778 1595; x_wconf 83' lang='grc' dir='ltr'>πολλὰ</span> 
     </span>
    </p>
   </div>
   <div class='ocr_carea' id='block_1_18' title="bbox 210 1632 1779 1706">
    <p class='ocr_par' dir='ltr' id='par_1_18' title="bbox 210 1632 1779 1706">
     <span class='ocr_line' id='line_1_18' title="bbox 210 1632 1779 1706; baseline 0.001 -24"><span class='ocrx_word' id='word_1_122' title='bbox 210 1632 473 1705; x_wconf 74' lang='grc' dir='ltr'>προξενήσει</span> <span class='ocrx_word' id='word_1_123' title='bbox 532 1636 601 1685; x_wconf 77' lang='grc' dir='ltr'>τὰ</span> <span class='ocrx_word' id='word_1_124' title='bbox 652 1632 843 1706; x_wconf 76' lang='grc' dir='ltr'>ἀγαθὰ,</span> <span class='ocrx_word' id='word_1_125' title='bbox 904 1635 1076 1706; x_wconf 78' lang='grc' dir='ltr'><strong>φιλίαν</strong></span> <span class='ocrx_word' id='word_1_126' title='bbox 1134 1636 1281 1700; x_wconf 82' lang='grc' dir='ltr'>θεῶν,</span> <span class='ocrx_word' id='word_1_127' title='bbox 1328 1633 1632 1703; x_wconf 74' lang='grc' dir='ltr'>ἀπαλλαγὴν</span> <span class='ocrx_word' id='word_1_128' title='bbox 1676 1650 1779 1701; x_wconf 87' lang='grc' dir='ltr'>χα-</span> 
     </span>
    </p>
   </div>
   <div class='ocr_carea' id='block_1_19' title="bbox 209 1720 1774 1796">
    <p class='ocr_par' dir='ltr' id='par_1_19' title="bbox 209 1720 1774 1796">
     <span class='ocr_line' id='line_1_19' title="bbox 209 1720 1774 1796; baseline 0.001 -24"><span class='ocrx_word' id='word_1_129' title='bbox 209 1720 363 1786; x_wconf 79' lang='grc' dir='ltr'>λεπῶν,</span> <span class='ocrx_word' id='word_1_130' title='bbox 398 1727 485 1774; x_wconf 84' lang='grc' dir='ltr'>καὶ</span> <span class='ocrx_word' id='word_1_131' title='bbox 546 1728 797 1796; x_wconf 77' lang='grc' dir='ltr'>παροχην</span> <span class='ocrx_word' id='word_1_132' title='bbox 852 1723 1074 1777; x_wconf 86' lang='grc' dir='ltr'>πλούτου</span> <span class='ocrx_word' id='word_1_133' title='bbox 1132 1729 1220 1777; x_wconf 84' lang='grc' dir='ltr'>καὶ</span> <span class='ocrx_word' id='word_1_134' title='bbox 1276 1727 1536 1795; x_wconf 87' lang='grc' dir='ltr'>μεγίστων</span> <span class='ocrx_word' id='word_1_135' title='bbox 1592 1728 1774 1792; x_wconf 86' lang='grc' dir='ltr'>τιμῶν.</span> 
     </span>
    </p>
   </div>
   <div class='ocr_carea' id='block_1_20' title="bbox 1875 537 3523 613">
    <p class='ocr_par' dir='ltr' id='par_1_20' title="bbox 1875 537 3523 613">
     <span class='ocr_line' id='line_1_20' title="bbox 1875 537 3523 613; baseline -0.008 -9"><span class='ocrx_word' id='word_1_136' title='bbox 1875 564 2015 604; x_wconf 87' lang='lat' dir='ltr'><strong>vero</strong></span> <span class='ocrx_word' id='word_1_137' title='bbox 2044 550 2158 603; x_wconf 91' lang='lat' dir='ltr'><strong>mei</strong></span> <span class='ocrx_word' id='word_1_138' title='bbox 2184 547 2366 603; x_wconf 89' lang='lat' dir='ltr'><strong>fretus</strong></span> <span class='ocrx_word' id='word_1_139' title='bbox 2394 545 2630 613; x_wconf 87' lang='lat' dir='ltr'><strong>virtute,</strong></span> <span class='ocrx_word' id='word_1_140' title='bbox 2663 560 2733 599; x_wconf 90' lang='lat' dir='ltr'><strong>ex</strong></span> <span class='ocrx_word' id='word_1_141' title='bbox 2785 539 3085 597; x_wconf 78' lang='lat' dir='ltr'><strong>conservis</strong></span> <span class='ocrx_word' id='word_1_142' title='bbox 3136 538 3340 594; x_wconf 91' lang='lat' dir='ltr'><strong>ﬁdeles</strong></span> <span class='ocrx_word' id='word_1_143' title='bbox 3393 537 3523 610; x_wconf 89' lang='lat' dir='ltr'><strong>qui-</strong></span> 
     </span>
    </p>
   </div>
   <div class='ocr_carea' id='block_1_21' title="bbox 1875 628 3523 706">
    <p class='ocr_par' dir='ltr' id='par_1_21' title="bbox 1875 628 3523 706">
     <span class='ocr_line' id='line_1_21' title="bbox 1875 628 3523 706; baseline -0.008 -13"><span class='ocrx_word' id='word_1_144' title='bbox 1875 637 2013 693; x_wconf 86' lang='lat' dir='ltr'><strong>dem</strong></span> <span class='ocrx_word' id='word_1_145' title='bbox 2043 637 2248 706; x_wconf 80' lang='lat' dir='ltr'><strong>diligo,</strong></span> <span class='ocrx_word' id='word_1_146' title='bbox 2291 641 2346 691; x_wconf 91' lang='lat' dir='ltr'><strong>te</strong></span> <span class='ocrx_word' id='word_1_147' title='bbox 2387 640 2585 692; x_wconf 90' lang='lat' dir='ltr'><strong>autem</strong></span> <span class='ocrx_word' id='word_1_148' title='bbox 2636 638 2691 689; x_wconf 91' lang='lat' dir='ltr'><strong>et</strong></span> <span class='ocrx_word' id='word_1_149' title='bbox 2740 638 2873 688; x_wconf 89' lang='lat' dir='ltr'><strong>tuos</strong></span> <span class='ocrx_word' id='word_1_150' title='bbox 2923 636 3212 701; x_wconf 88' lang='lat' dir='ltr'><strong>tanquam</strong></span> <span class='ocrx_word' id='word_1_151' title='bbox 3261 628 3523 696; x_wconf 87' lang='lat' dir='ltr'><strong>ingratos</strong></span> 
     </span>
    </p>
   </div>
   <div class='ocr_carea' id='block_1_22' title="bbox 1875 715 3525 799">
    <p class='ocr_par' dir='ltr' id='par_1_22' title="bbox 1875 715 3525 799">
     <span class='ocr_line' id='line_1_22' title="bbox 1875 715 3525 799; baseline -0.007 -16"><span class='ocrx_word' id='word_1_152' title='bbox 1875 726 2163 799; x_wconf 87' lang='lat' dir='ltr'><strong>despicio.</strong></span> <span class='ocrx_word' id='word_1_153' title='bbox 2194 728 2416 782; x_wconf 77' lang='lat' dir='ltr'><strong>Praeses</strong></span> <span class='ocrx_word' id='word_1_154' title='bbox 2442 740 2583 780; x_wconf 90' lang='lat' dir='ltr'><strong>vero</strong></span> <span class='ocrx_word' id='word_1_155' title='bbox 2613 741 2626 779; x_wconf 89' lang='lat'><strong>:</strong></span> <span class='ocrx_word' id='word_1_156' title='bbox 2660 727 2792 779; x_wconf 75' lang='lat' dir='ltr'><strong>Haec</strong></span> <span class='ocrx_word' id='word_1_157' title='bbox 2834 721 3078 794; x_wconf 87' lang='lat' dir='ltr'><strong>quidem</strong></span> <span class='ocrx_word' id='word_1_158' title='bbox 3120 718 3282 773; x_wconf 88' lang='lat' dir='ltr'><strong>mitte</strong></span> <span class='ocrx_word' id='word_1_159' title='bbox 3332 715 3525 771; x_wconf 81' lang='lat' dir='ltr'><strong>dicere</strong></span> 
     </span>
    </p>
   </div>
   <div class='ocr_carea' id='block_1_23' title="bbox 1876 803 3526 889">
    <p class='ocr_par' dir='ltr' id='par_1_23' title="bbox 1876 803 3526 889">
     <span class='ocr_line' id='line_1_23' title="bbox 1876 803 3526 889; baseline -0.01 -17"><span class='ocrx_word' id='word_1_160' title='bbox 1876 816 1933 871; x_wconf 93' lang='lat' dir='ltr'><strong>in</strong></span> <span class='ocrx_word' id='word_1_161' title='bbox 1958 817 2289 889; x_wconf 72' lang='lat' dir='ltr'><strong>praesentia.</strong></span> <span class='ocrx_word' id='word_1_162' title='bbox 2319 815 2422 870; x_wconf 92' lang='lat' dir='ltr'><strong>Dic</strong></span> <span class='ocrx_word' id='word_1_163' title='bbox 2455 818 2653 869; x_wconf 88' lang='lat' dir='ltr'><strong>autem</strong></span> <span class='ocrx_word' id='word_1_164' title='bbox 2696 827 2915 868; x_wconf 86' lang='lat' dir='ltr'><strong>nomen</strong></span> <span class='ocrx_word' id='word_1_165' title='bbox 2958 815 3123 865; x_wconf 92' lang='lat' dir='ltr'><strong>tuum</strong></span> <span class='ocrx_word' id='word_1_166' title='bbox 3156 812 3211 861; x_wconf 90' lang='lat' dir='ltr'><strong>et</strong></span> <span class='ocrx_word' id='word_1_167' title='bbox 3241 803 3526 860; x_wconf 91' lang='lat' dir='ltr'><strong>studium.</strong></span> 
     </span>
    </p>
   </div>
   <div class='ocr_carea' id='block_1_24' title="bbox 1877 896 3527 973">
    <p class='ocr_par' dir='ltr' id='par_1_24' title="bbox 1877 896 3527 973">
     <span class='ocr_line' id='line_1_24' title="bbox 1877 896 3527 973; baseline -0.009 -12"><span class='ocrx_word' id='word_1_168' title='bbox 1877 906 2213 962; x_wconf 90' lang='lat' dir='ltr'><strong>Bouifacius</strong></span> <span class='ocrx_word' id='word_1_169' title='bbox 2245 910 2442 960; x_wconf 90' lang='lat' dir='ltr'><strong>autem</strong></span> <span class='ocrx_word' id='word_1_170' title='bbox 2472 921 2484 958; x_wconf 90' lang='lat'><strong>:</strong></span> <span class='ocrx_word' id='word_1_171' title='bbox 2521 904 2785 959; x_wconf 87' lang='lat' dir='ltr'><strong>Primum</strong></span> <span class='ocrx_word' id='word_1_172' title='bbox 2825 899 3069 973; x_wconf 79' lang='lat' dir='ltr'><strong>quidem</strong></span> <span class='ocrx_word' id='word_1_173' title='bbox 3099 896 3243 952; x_wconf 85' lang='lat' dir='ltr'><strong>mihi</strong></span> <span class='ocrx_word' id='word_1_174' title='bbox 3285 907 3527 956; x_wconf 88' lang='lat' dir='ltr'><strong>nomen,</strong></span> 
     </span>
    </p>
   </div>
   <div class='ocr_carea' id='block_1_25' title="bbox 1879 976 3597 1067">
    <p class='ocr_par' dir='ltr' id='par_1_25' title="bbox 1879 976 3597 1067">
     <span class='ocr_line' id='line_1_25' title="bbox 1879 976 3597 1067; baseline -0.009 -16"><span class='ocrx_word' id='word_1_175' title='bbox 1879 1000 1935 1051; x_wconf 89' lang='lat' dir='ltr'><strong>et</strong></span> <span class='ocrx_word' id='word_1_176' title='bbox 1966 1011 2087 1067; x_wconf 90' lang='lat' dir='ltr'><strong>quo</strong></span> <span class='ocrx_word' id='word_1_177' title='bbox 2120 995 2378 1051; x_wconf 84' lang='lat' dir='ltr'><strong>maxime</strong></span> <span class='ocrx_word' id='word_1_178' title='bbox 2411 994 2605 1051; x_wconf 88' lang='lat' dir='ltr'><strong>vocari</strong></span> <span class='ocrx_word' id='word_1_179' title='bbox 2646 991 2898 1063; x_wconf 80' lang='lat' dir='ltr'><strong>gaudeo.</strong></span> <span class='ocrx_word' id='word_1_180' title='bbox 2936 987 3318 1043; x_wconf 82' lang='lat' dir='ltr'><strong>Christianus.</strong></span> <span class='ocrx_word' id='word_1_181' title='bbox 3362 980 3530 1047; x_wconf 88' lang='lat' dir='ltr'><strong>Quod</strong></span> <span class='ocrx_word' id='word_1_182' title='bbox 3589 976 3597 985; x_wconf 87' lang='grc'><em>’</em></span> 
     </span>
    </p>
   </div>
   <div class='ocr_carea' id='block_1_26' title="bbox 1884 1076 3532 1147">
    <p class='ocr_par' dir='ltr' id='par_1_26' title="bbox 1884 1076 3532 1147">
     <span class='ocr_line' id='line_1_26' title="bbox 1884 1076 3532 1147; baseline -0.008 -8"><span class='ocrx_word' id='word_1_183' title='bbox 1884 1086 1932 1141; x_wconf 90' lang='lat' dir='ltr'><strong>si</strong></span> <span class='ocrx_word' id='word_1_184' title='bbox 1958 1085 2046 1141; x_wconf 86' lang='lat' dir='ltr'><strong>vis</strong></span> <span class='ocrx_word' id='word_1_185' title='bbox 2076 1084 2250 1141; x_wconf 89' lang='lat' dir='ltr'><strong>etiam</strong></span> <span class='ocrx_word' id='word_1_186' title='bbox 2287 1085 2435 1140; x_wconf 90' lang='lat' dir='ltr'><strong>scire</strong></span> <span class='ocrx_word' id='word_1_187' title='bbox 2466 1096 2686 1139; x_wconf 88' lang='lat' dir='ltr'><strong>nomen</strong></span> <span class='ocrx_word' id='word_1_188' title='bbox 2708 1080 2850 1135; x_wconf 88' lang='lat' dir='ltr'><strong>mihi</strong></span> <span class='ocrx_word' id='word_1_189' title='bbox 2876 1076 3224 1147; x_wconf 90' lang='lat' dir='ltr'><strong>impositum</strong></span> <span class='ocrx_word' id='word_1_190' title='bbox 3258 1090 3293 1128; x_wconf 90' lang='lat' dir='ltr'><strong>a</strong></span> <span class='ocrx_word' id='word_1_191' title='bbox 3323 1085 3532 1143; x_wconf 83' lang='lat' dir='ltr'><strong>paren-</strong></span> 
     </span>
    </p>
   </div>
   <div class='ocr_carea' id='block_1_27' title="bbox 1885 1161 3533 1239">
    <p class='ocr_par' dir='ltr' id='par_1_27' title="bbox 1885 1161 3533 1239">
     <span class='ocr_line' id='line_1_27' title="bbox 1885 1161 3533 1239; baseline -0.01 -9"><span class='ocrx_word' id='word_1_192' title='bbox 1885 1174 2061 1239; x_wconf 84' lang='lat' dir='ltr'><strong>tibus,</strong></span> <span class='ocrx_word' id='word_1_193' title='bbox 2115 1174 2472 1230; x_wconf 87' lang='lat' dir='ltr'><strong>Bonifacius.</strong></span> <span class='ocrx_word' id='word_1_194' title='bbox 2550 1174 2775 1228; x_wconf 66' lang='lat' dir='ltr'><strong>Prasses</strong></span> <span class='ocrx_word' id='word_1_195' title='bbox 2847 1185 2989 1224; x_wconf 90' lang='lat' dir='ltr'><strong>vero</strong></span> <span class='ocrx_word' id='word_1_196' title='bbox 3061 1168 3267 1221; x_wconf 86' lang='lat' dir='ltr'><strong>sancto</strong></span> <span class='ocrx_word' id='word_1_197' title='bbox 3334 1161 3533 1217; x_wconf 90' lang='lat' dir='ltr'><strong>adhuc</strong></span> 
     </span>
    </p>
   </div>
   <div class='ocr_carea' id='block_1_28' title="bbox 1884 1251 3531 1336">
    <p class='ocr_par' dir='ltr' id='par_1_28' title="bbox 1884 1251 3531 1336">
     <span class='ocr_line' id='line_1_28' title="bbox 1884 1251 3531 1336; baseline -0.006 -17"><span class='ocrx_word' id='word_1_198' title='bbox 1884 1264 2182 1336; x_wconf 79' lang='lat' dir='ltr'><strong>loquente,</strong></span> <span class='ocrx_word' id='word_1_199' title='bbox 2211 1280 2347 1320; x_wconf 90' lang='lat' dir='ltr'><strong>eum</strong></span> <span class='ocrx_word' id='word_1_200' title='bbox 2385 1262 2765 1333; x_wconf 84' lang='lat' dir='ltr'><strong>interpellans</strong></span> <span class='ocrx_word' id='word_1_201' title='bbox 2796 1275 2809 1315; x_wconf 94' lang='lat'><strong>:</strong></span> <span class='ocrx_word' id='word_1_202' title='bbox 2852 1260 2972 1330; x_wconf 85' lang='lat' dir='ltr'><strong>Age</strong></span> <span class='ocrx_word' id='word_1_203' title='bbox 3009 1271 3167 1325; x_wconf 91' lang='lat' dir='ltr'><strong>ergo,</strong></span> <span class='ocrx_word' id='word_1_204' title='bbox 3228 1251 3438 1324; x_wconf 83' lang='lat' dir='ltr'><strong>inquit,</strong></span> <span class='ocrx_word' id='word_1_205' title='bbox 3495 1264 3531 1306; x_wconf 91' lang='lat'><strong>0</strong></span> 
     </span>
    </p>
   </div>
   <div class='ocr_carea' id='block_1_29' title="bbox 1886 1346 3531 1425">
    <p class='ocr_par' dir='ltr' id='par_1_29' title="bbox 1886 1346 3531 1425">
     <span class='ocr_line' id='line_1_29' title="bbox 1886 1346 3531 1425; baseline -0.01 -16"><span class='ocrx_word' id='word_1_206' title='bbox 1886 1354 2165 1418; x_wconf 84' lang='lat' dir='ltr'><strong>Bonifaci,</strong></span> <span class='ocrx_word' id='word_1_207' title='bbox 2190 1354 2538 1425; x_wconf 86' lang='lat' dir='ltr'><strong>priusquam</strong></span> <span class='ocrx_word' id='word_1_208' title='bbox 2570 1357 2814 1419; x_wconf 79' lang='lat' dir='ltr'><strong>tangam</strong></span> <span class='ocrx_word' id='word_1_209' title='bbox 2855 1363 3063 1404; x_wconf 90' lang='lat' dir='ltr'><strong>carnes</strong></span> <span class='ocrx_word' id='word_1_210' title='bbox 3092 1350 3245 1407; x_wconf 89' lang='lat' dir='ltr'><strong>tuas,</strong></span> <span class='ocrx_word' id='word_1_211' title='bbox 3289 1346 3345 1396; x_wconf 90' lang='lat' dir='ltr'><strong>et</strong></span> <span class='ocrx_word' id='word_1_212' title='bbox 3372 1355 3531 1405; x_wconf 90' lang='lat' dir='ltr'><strong>ossa,</strong></span> 
     </span>
    </p>
   </div>
   <div class='ocr_carea' id='block_1_30' title="bbox 1886 1427 3535 1515">
    <p class='ocr_par' dir='ltr' id='par_1_30' title="bbox 1886 1427 3535 1515">
     <span class='ocr_line' id='line_1_30' title="bbox 1886 1427 3535 1515; baseline -0.011 -15"><span class='ocrx_word' id='word_1_213' title='bbox 1886 1459 2030 1515; x_wconf 90' lang='lat' dir='ltr'><strong>pare</strong></span> <span class='ocrx_word' id='word_1_214' title='bbox 2060 1449 2116 1499; x_wconf 91' lang='lat' dir='ltr'><strong>et</strong></span> <span class='ocrx_word' id='word_1_215' title='bbox 2157 1442 2251 1499; x_wconf 89' lang='lat' dir='ltr'><strong>fac</strong></span> <span class='ocrx_word' id='word_1_216' title='bbox 2304 1442 2617 1514; x_wconf 91' lang='lat' dir='ltr'><strong>imperata,</strong></span> <span class='ocrx_word' id='word_1_217' title='bbox 2676 1445 2731 1495; x_wconf 92' lang='lat' dir='ltr'><strong>et</strong></span> <span class='ocrx_word' id='word_1_218' title='bbox 2782 1437 3074 1494; x_wconf 90' lang='lat' dir='ltr'><strong>accedens</strong></span> <span class='ocrx_word' id='word_1_219' title='bbox 3123 1432 3391 1489; x_wconf 88' lang='lat' dir='ltr'><strong>sacriﬁca</strong></span> <span class='ocrx_word' id='word_1_220' title='bbox 3421 1427 3535 1483; x_wconf 90' lang='lat' dir='ltr'><strong>diis</strong></span> 
     </span>
    </p>
   </div>
   <div class='ocr_carea' id='block_1_31' title="bbox 1887 1518 3532 1604">
    <p class='ocr_par' dir='ltr' id='par_1_31' title="bbox 1887 1518 3532 1604">
     <span class='ocr_line' id='line_1_31' title="bbox 1887 1518 3532 1604; baseline -0.009 -18"><span class='ocrx_word' id='word_1_221' title='bbox 1887 1532 2173 1604; x_wconf 82' lang='lat' dir='ltr'><strong>propitiis.</strong></span> <span class='ocrx_word' id='word_1_222' title='bbox 2208 1535 2328 1587; x_wconf 83' lang='lat' dir='ltr'><strong>Hoc</strong></span> <span class='ocrx_word' id='word_1_223' title='bbox 2358 1530 2518 1586; x_wconf 90' lang='lat' dir='ltr'><strong>enim</strong></span> <span class='ocrx_word' id='word_1_224' title='bbox 2557 1530 2662 1586; x_wconf 88' lang='lat' dir='ltr'><strong>tibi</strong></span> <span class='ocrx_word' id='word_1_225' title='bbox 2704 1528 2891 1585; x_wconf 90' lang='lat' dir='ltr'><strong>multa</strong></span> <span class='ocrx_word' id='word_1_226' title='bbox 2933 1528 3091 1582; x_wconf 91' lang='lat' dir='ltr'><strong>bona</strong></span> <span class='ocrx_word' id='word_1_227' title='bbox 3149 1518 3532 1578; x_wconf 87' lang='lat' dir='ltr'><strong>conciliabit:</strong></span> 
     </span>
    </p>
   </div>
   <div class='ocr_carea' id='block_1_32' title="bbox 1887 1606 3538 1689">
    <p class='ocr_par' dir='ltr' id='par_1_32' title="bbox 1887 1606 3538 1689">
     <span class='ocr_line' id='line_1_32' title="bbox 1887 1606 3538 1689; baseline -0.01 -12"><span class='ocrx_word' id='word_1_228' title='bbox 1887 1622 2137 1677; x_wconf 88' lang='lat' dir='ltr'><strong>deorum</strong></span> <span class='ocrx_word' id='word_1_229' title='bbox 2177 1620 2525 1689; x_wconf 87' lang='lat' dir='ltr'><strong>amicitiam,</strong></span> <span class='ocrx_word' id='word_1_230' title='bbox 2566 1636 2602 1676; x_wconf 89' lang='lat' dir='ltr'><strong>a</strong></span> <span class='ocrx_word' id='word_1_231' title='bbox 2639 1619 2816 1676; x_wconf 86' lang='lat' dir='ltr'><strong>rebus</strong></span> <span class='ocrx_word' id='word_1_232' title='bbox 2856 1615 3141 1689; x_wconf 88' lang='lat' dir='ltr'><strong>gravibus</strong></span> <span class='ocrx_word' id='word_1_233' title='bbox 3189 1616 3245 1667; x_wconf 90' lang='lat' dir='ltr'><strong>et</strong></span> <span class='ocrx_word' id='word_1_234' title='bbox 3307 1606 3538 1680; x_wconf 85' lang='lat' dir='ltr'><strong>asperis</strong></span> 
     </span>
    </p>
   </div>
   <div class='ocr_carea' id='block_1_33' title="bbox 1889 1698 3540 1780">
    <p class='ocr_par' dir='ltr' id='par_1_33' title="bbox 1889 1698 3540 1780">
     <span class='ocr_line' id='line_1_33' title="bbox 1889 1698 3540 1780; baseline -0.008 -15"><span class='ocrx_word' id='word_1_235' title='bbox 1889 1710 2322 1776; x_wconf 87' lang='lat' dir='ltr'><strong>liberationem,</strong></span> <span class='ocrx_word' id='word_1_236' title='bbox 2356 1710 2817 1780; x_wconf 89' lang='lat' dir='ltr'><strong>divitiarumque</strong></span> <span class='ocrx_word' id='word_1_237' title='bbox 2847 1712 2902 1762; x_wconf 86' lang='lat' dir='ltr'><strong>et</strong></span> <span class='ocrx_word' id='word_1_238' title='bbox 2928 1704 3332 1760; x_wconf 88' lang='lat' dir='ltr'><strong>maximorum</strong></span> <span class='ocrx_word' id='word_1_239' title='bbox 3351 1698 3540 1753; x_wconf 89' lang='lat' dir='ltr'><strong>bono-</strong></span> 
     </span>
    </p>
   </div>
   <div class='ocr_carea' id='block_1_34' title="bbox 213 1784 1795 1885">
    <p class='ocr_par' dir='ltr' id='par_1_34' title="bbox 213 1811 1778 1885">
     <span class='ocr_line' id='line_1_34' title="bbox 213 1811 1778 1885; baseline -0.007 -13"><span class='ocrx_word' id='word_1_240' title='bbox 213 1814 321 1882; x_wconf 78' lang='grc' dir='ltr'><strong>Πρὸς</strong></span> <span class='ocrx_word' id='word_1_241' title='bbox 358 1819 517 1864; x_wconf 90' lang='grc' dir='ltr'>ταῦτα</span> <span class='ocrx_word' id='word_1_242' title='bbox 548 1814 574 1864; x_wconf 91' lang='lat'><strong>6</strong></span> <span class='ocrx_word' id='word_1_243' title='bbox 623 1815 841 1885; x_wconf 86' lang='grc' dir='ltr'>μάρτυς.</span> <span class='ocrx_word' id='word_1_244' title='bbox 877 1811 1018 1866; x_wconf 73' lang='grc' dir='ltr'>Ούδε</span> <span class='ocrx_word' id='word_1_245' title='bbox 1062 1813 1445 1885; x_wconf 81' lang='grc' dir='ltr'>ἀποκρίνασθαί</span> <span class='ocrx_word' id='word_1_246' title='bbox 1486 1831 1589 1875; x_wconf 83' lang='grc' dir='ltr'>σοι,</span> <span class='ocrx_word' id='word_1_247' title='bbox 1627 1814 1778 1882; x_wconf 79' lang='grc' dir='ltr'>φησὶ,</span> 
     </span>
    </p>
   </div>
   <div class='ocr_carea' id='block_1_35' title="bbox 1908 1784 3541 1885">
    <p class='ocr_par' dir='ltr' id='par_1_35' title="bbox 1908 1784 3541 1873">
     <span class='ocr_line' id='line_1_35' title="bbox 1908 1784 3541 1873; baseline -0.009 -19"><span class='ocrx_word' id='word_1_248' title='bbox 1908 1816 2021 1856; x_wconf 70' lang='lat' dir='ltr'><strong>rum</strong></span> <span class='ocrx_word' id='word_1_249' title='bbox 2077 1800 2640 1873; x_wconf 85' lang='lat' dir='ltr'><strong>suppeditationem.</strong></span> <span class='ocrx_word' id='word_1_250' title='bbox 2686 1798 2765 1854; x_wconf 78' lang='lat' dir='ltr'><strong>Ad</strong></span> <span class='ocrx_word' id='word_1_251' title='bbox 2820 1797 2946 1852; x_wconf 76' lang='lat' dir='ltr'><strong>haec</strong></span> <span class='ocrx_word' id='word_1_252' title='bbox 3001 1797 3265 1863; x_wconf 83' lang='lat' dir='ltr'><strong>martyr:</strong></span> <span class='ocrx_word' id='word_1_253' title='bbox 3310 1792 3388 1844; x_wconf 88' lang='lat' dir='ltr'><strong>Ne</strong></span> <span class='ocrx_word' id='word_1_254' title='bbox 3437 1784 3541 1841; x_wconf 84' lang='lat' dir='ltr'><strong>tibi</strong></span> 
     </span>
    </p>
   </div>
   <div class='ocr_carea' id='block_1_36' title="bbox 212 1898 1779 1974">
    <p class='ocr_par' dir='ltr' id='par_1_36' title="bbox 212 1898 1779 1974">
     <span class='ocr_line' id='line_1_36' title="bbox 212 1898 1779 1974; baseline -0.001 -22"><span class='ocrx_word' id='word_1_255' title='bbox 212 1898 420 1953; x_wconf 75' lang='grc' dir='ltr'>δίκαιον·</span> <span class='ocrx_word' id='word_1_256' title='bbox 450 1902 582 1960; x_wconf 81' lang='grc' dir='ltr'>πλὴν</span> <span class='ocrx_word' id='word_1_257' title='bbox 631 1901 758 1954; x_wconf 75' lang='grc' dir='ltr'>ἀλλὰ</span> <span class='ocrx_word' id='word_1_258' title='bbox 807 1907 960 1956; x_wconf 88' lang='grc' dir='ltr'>τοῦτό</span> <span class='ocrx_word' id='word_1_259' title='bbox 1011 1923 1071 1974; x_wconf 84' lang='grc' dir='ltr'><strong>γε</strong></span> <span class='ocrx_word' id='word_1_260' title='bbox 1120 1902 1145 1956; x_wconf 85' lang='grc' dir='ltr'><strong>ὃ</strong></span> <span class='ocrx_word' id='word_1_261' title='bbox 1195 1908 1285 1955; x_wconf 83' lang='grc' dir='ltr'>καὶ</span> <span class='ocrx_word' id='word_1_262' title='bbox 1340 1901 1583 1963; x_wconf 78' lang='grc' dir='ltr'><strong>πολλάκις</strong></span> <span class='ocrx_word' id='word_1_263' title='bbox 1638 1902 1779 1971; x_wconf 75' lang='grc' dir='ltr'>ἔφην,</span> 
     </span>
    </p>
   </div>
   <div class='ocr_carea' id='block_1_37' title="bbox 212 1987 1784 2065">
    <p class='ocr_par' dir='ltr' id='par_1_37' title="bbox 212 1987 1784 2065">
     <span class='ocr_line' id='line_1_37' title="bbox 212 1987 1784 2065; baseline 0 -24"><span class='ocrx_word' id='word_1_264' title='bbox 212 1987 306 2063; x_wconf 81' lang='grc' dir='ltr'>ἐρῶ,</span> <span class='ocrx_word' id='word_1_265' title='bbox 373 1994 693 2065; x_wconf 81' lang='grc' dir='ltr'>Χριστιανὸς</span> <span class='ocrx_word' id='word_1_266' title='bbox 785 1991 920 2062; x_wconf 75' lang='grc' dir='ltr'><strong>ἓγὼ⁸</strong></span> <span class='ocrx_word' id='word_1_267' title='bbox 977 2000 1131 2045; x_wconf 90' lang='grc' dir='ltr'>τοῦτο</span> <span class='ocrx_word' id='word_1_268' title='bbox 1206 1997 1359 2065; x_wconf 90' lang='grc' dir='ltr'>μόνον</span> <span class='ocrx_word' id='word_1_269' title='bbox 1442 1989 1564 2063; x_wconf 84' lang='grc' dir='ltr'>παρ’</span> <span class='ocrx_word' id='word_1_270' title='bbox 1640 1991 1784 2061; x_wconf 86' lang='grc' dir='ltr'>ἡμῶν</span> 
     </span>
    </p>
   </div>
   <div class='ocr_carea' id='block_1_38' title="bbox 210 2077 1787 2155">
    <p class='ocr_par' dir='ltr' id='par_1_38' title="bbox 210 2077 1787 2155">
     <span class='ocr_line' id='line_1_38' title="bbox 210 2077 1787 2155; baseline -0.001 -24"><span class='ocrx_word' id='word_1_271' title='bbox 210 2080 338 2132; x_wconf 71' lang='grc' dir='ltr'>ἄκουε</span> <span class='ocrx_word' id='word_1_272' title='bbox 358 2100 370 2112; x_wconf 89' lang='grc'>·</span> <span class='ocrx_word' id='word_1_273' title='bbox 399 2080 555 2144; x_wconf 72' lang='grc' dir='ltr'>αὐτὸς</span> <span class='ocrx_word' id='word_1_274' title='bbox 587 2077 668 2146; x_wconf 67' lang='grc' dir='ltr'><strong>δὲ,</strong></span> <span class='ocrx_word' id='word_1_275' title='bbox 701 2080 842 2153; x_wconf 78' lang='grc' dir='ltr'>εἰμὴ</span> <span class='ocrx_word' id='word_1_276' title='bbox 878 2080 1064 2155; x_wconf 75' lang='grc' dir='ltr'>ἀνέχῃ,</span> <span class='ocrx_word' id='word_1_277' title='bbox 1098 2083 1125 2135; x_wconf 90' lang='lat'><strong>6</strong></span> <span class='ocrx_word' id='word_1_278' title='bbox 1153 2102 1205 2135; x_wconf 89' lang='grc' dir='ltr'><strong>τι</strong></span> <span class='ocrx_word' id='word_1_279' title='bbox 1252 2080 1451 2154; x_wconf 81' lang='grc' dir='ltr'>βούλει,</span> <span class='ocrx_word' id='word_1_280' title='bbox 1477 2088 1550 2151; x_wconf 85' lang='grc' dir='ltr'>τῷ</span> <span class='ocrx_word' id='word_1_281' title='bbox 1582 2084 1787 2151; x_wconf 84' lang='grc' dir='ltr'>σώματι</span> 
     </span>
    </p>
   </div>
   <div class='ocr_carea' id='block_1_39' title="bbox 214 2177 330 2239">
    <p class='ocr_par' dir='ltr' id='par_1_39' title="bbox 214 2177 330 2239">
     <span class='ocr_line' id='line_1_39' title="bbox 214 2177 330 2239; baseline 0.017 -19"><span class='ocrx_word' id='word_1_282' title='bbox 214 2177 330 2239; x_wconf 78' lang='grc' dir='ltr'>χρῶ.</span> 
     </span>
    </p>
   </div>
   <div class='ocr_carea' id='block_1_40' title="bbox 264 2257 1789 2335">
    <p class='ocr_par' dir='ltr' id='par_1_40' title="bbox 264 2257 1789 2335">
     <span class='ocr_line' id='line_1_40' title="bbox 264 2257 1789 2335; baseline -0.002 -25"><span class='ocrx_word' id='word_1_283' title='bbox 264 2258 328 2312; x_wconf 89' lang='grc' dir='ltr'><strong>Ζ’.</strong></span> <span class='ocrx_word' id='word_1_284' title='bbox 370 2259 479 2313; x_wconf 82' lang='grc' dir='ltr'>Ἐπὶ</span> <span class='ocrx_word' id='word_1_285' title='bbox 534 2262 743 2323; x_wconf 81' lang='grc' dir='ltr'>τούτοις</span> <span class='ocrx_word' id='word_1_286' title='bbox 792 2261 1082 2333; x_wconf 80' lang='grc' dir='ltr'><strong>χαλεπήνας</strong></span> <span class='ocrx_word' id='word_1_287' title='bbox 1130 2261 1156 2313; x_wconf 89' lang='grc' dir='ltr'><strong><em>ὁ</em></strong></span> <span class='ocrx_word' id='word_1_288' title='bbox 1208 2261 1412 2335; x_wconf 82' lang='grc' dir='ltr'>ἄρχων,</span> <span class='ocrx_word' id='word_1_289' title='bbox 1446 2258 1528 2311; x_wconf 73' lang='grc' dir='ltr'><strong>ἐπὶ</strong></span> <span class='ocrx_word' id='word_1_290' title='bbox 1566 2257 1789 2330; x_wconf 80' lang='grc' dir='ltr'>κεφαλὴν</span> 
     </span>
    </p>
   </div>
   <div class='ocr_carea' id='block_1_41' title="bbox 210 2345 1786 2423">
    <p class='ocr_par' dir='ltr' id='par_1_41' title="bbox 210 2345 1786 2423">
     <span class='ocr_line' id='line_1_41' title="bbox 210 2345 1786 2423; baseline 0.008 -25"><span class='ocrx_word' id='word_1_291' title='bbox 210 2347 339 2400; x_wconf 72' lang='grc' dir='ltr'>αὐτὸν</span> <span class='ocrx_word' id='word_1_292' title='bbox 386 2351 751 2423; x_wconf 74' lang='grc' dir='ltr'><strong>κρεμασθῆναι</strong></span> <span class='ocrx_word' id='word_1_293' title='bbox 815 2349 1025 2416; x_wconf 84' lang='grc' dir='ltr'>κελεύει,</span> <span class='ocrx_word' id='word_1_294' title='bbox 1084 2354 1174 2403; x_wconf 84' lang='grc' dir='ltr'>καὶ</span> <span class='ocrx_word' id='word_1_295' title='bbox 1235 2349 1476 2423; x_wconf 83' lang='grc' dir='ltr'><strong>ἰσχυρῶς</strong></span> <span class='ocrx_word' id='word_1_296' title='bbox 1531 2348 1620 2419; x_wconf 69' lang='grc' dir='ltr'>μὶν</span> <span class='ocrx_word' id='word_1_297' title='bbox 1687 2345 1786 2409; x_wconf 72' lang='grc' dir='ltr'><strong>ξέε·</strong></span> 
     </span>
    </p>
   </div>
   <div class='ocr_carea' id='block_1_42' title="bbox 212 2433 1793 2539">
    <p class='ocr_par' dir='ltr' id='par_1_42' title="bbox 212 2433 1793 2539">
     <span class='ocr_line' id='line_1_42' title="bbox 212 2433 1793 2539; baseline 0.003 -52"><span class='ocrx_word' id='word_1_298' title='bbox 212 2437 352 2539; x_wconf 46' lang='lat' dir='ltr'><strong>adat&quot;</strong></span> <span class='ocrx_word' id='word_1_299' title='bbox 379 2442 470 2539; x_wconf 68' lang='grc' dir='ltr'>τὴν</span> <span class='ocrx_word' id='word_1_300' title='bbox 503 2438 743 2511; x_wconf 77' lang='grc' dir='ltr'>βάσανον</span> <span class='ocrx_word' id='word_1_301' title='bbox 789 2436 847 2492; x_wconf 76' lang='grc' dir='ltr'>δε</span> <span class='ocrx_word' id='word_1_302' title='bbox 895 2441 1321 2511; x_wconf 86' lang='grc' dir='ltr'>παρατείνεσθαι,</span> <span class='ocrx_word' id='word_1_303' title='bbox 1351 2440 1486 2512; x_wconf 78' lang='grc' dir='ltr'>ἄχρι</span> <span class='ocrx_word' id='word_1_304' title='bbox 1532 2433 1793 2508; x_wconf 78' lang='grc' dir='ltr'>διαφανὴς</span> 
     </span>
    </p>
   </div>
   <div class='ocr_carea' id='block_1_43' title="bbox 210 2525 1791 2601">
    <p class='ocr_par' dir='ltr' id='par_1_43' title="bbox 210 2525 1791 2601">
     <span class='ocr_line' id='line_1_43' title="bbox 210 2525 1791 2601; baseline 0.001 -26"><span class='ocrx_word' id='word_1_305' title='bbox 210 2526 262 2575; x_wconf 81' lang='grc' dir='ltr'><strong>τὰ</strong></span> <span class='ocrx_word' id='word_1_306' title='bbox 304 2525 422 2579; x_wconf 76' lang='grc' dir='ltr'><strong>ὅστὰ</strong></span> <span class='ocrx_word' id='word_1_307' title='bbox 481 2533 721 2599; x_wconf 83' lang='grc' dir='ltr'>γένηται.</span> <span class='ocrx_word' id='word_1_308' title='bbox 781 2533 880 2582; x_wconf 80' lang='grc' dir='ltr'>Καὶ</span> <span class='ocrx_word' id='word_1_309' title='bbox 949 2536 1116 2581; x_wconf 91' lang='grc' dir='ltr'>ταῦτα</span> <span class='ocrx_word' id='word_1_310' title='bbox 1189 2530 1279 2600; x_wconf 71' lang='grc' dir='ltr'>μὲν</span> <span class='ocrx_word' id='word_1_311' title='bbox 1349 2528 1523 2601; x_wconf 85' lang='grc' dir='ltr'>ὥσπερ</span> <span class='ocrx_word' id='word_1_312' title='bbox 1604 2525 1791 2586; x_wconf 72' lang='grc' dir='ltr'>ἐκεῖνος</span> 
     </span>
    </p>
   </div>
   <div class='ocr_carea' id='block_1_44' title="bbox 209 2612 1794 2691">
    <p class='ocr_par' dir='ltr' id='par_1_44' title="bbox 209 2612 1794 2691">
     <span class='ocr_line' id='line_1_44' title="bbox 209 2612 1794 2691; baseline -0.001 -26"><span class='ocrx_word' id='word_1_313' title='bbox 209 2612 376 2668; x_wconf 76' lang='grc' dir='ltr'>ἔκιλευε</span> <span class='ocrx_word' id='word_1_314' title='bbox 404 2616 539 2669; x_wconf 75' lang='grc' dir='ltr'>οὕτω</span> <span class='ocrx_word' id='word_1_315' title='bbox 591 2613 661 2675; x_wconf 76' lang='grc' dir='ltr'><strong>δὴ</strong></span> <span class='ocrx_word' id='word_1_316' title='bbox 694 2622 784 2671; x_wconf 85' lang='grc' dir='ltr'>καὶ</span> <span class='ocrx_word' id='word_1_317' title='bbox 815 2620 941 2691; x_wconf 83' lang='grc' dir='ltr'>πρὸς</span> <span class='ocrx_word' id='word_1_318' title='bbox 982 2619 1147 2689; x_wconf 88' lang='grc' dir='ltr'>τάχος</span> <span class='ocrx_word' id='word_1_319' title='bbox 1197 2624 1303 2677; x_wconf 90' lang='grc' dir='ltr'>τοῖς</span> <span class='ocrx_word' id='word_1_320' title='bbox 1333 2612 1550 2687; x_wconf 74' lang='grc' dir='ltr'>δημίοις</span> <span class='ocrx_word' id='word_1_321' title='bbox 1609 2613 1794 2686; x_wconf 78' lang='grc' dir='ltr'>ἐπράτ-</span> 
     </span>
    </p>
   </div>
   <div class='ocr_carea' id='block_1_45' title="bbox 213 2700 1795 2780">
    <p class='ocr_par' dir='ltr' id='par_1_45' title="bbox 213 2700 1795 2780">
     <span class='ocr_line' id='line_1_45' title="bbox 213 2700 1795 2780; baseline 0.001 -27"><span class='ocrx_word' id='word_1_322' title='bbox 213 2721 341 2755; x_wconf 79' lang='grc' dir='ltr'>τετό·</span> <span class='ocrx_word' id='word_1_323' title='bbox 384 2707 409 2756; x_wconf 97' lang='lat'><strong>6</strong></span> <span class='ocrx_word' id='word_1_324' title='bbox 454 2702 513 2758; x_wconf 78' lang='grc' dir='ltr'><strong>δέ</strong></span> <span class='ocrx_word' id='word_1_325' title='bbox 557 2712 798 2780; x_wconf 76' lang='grc' dir='ltr'>Χριστοῦ</span> <span class='ocrx_word' id='word_1_326' title='bbox 829 2709 1030 2780; x_wconf 82' lang='grc' dir='ltr'>μάρτυς</span> <span class='ocrx_word' id='word_1_327' title='bbox 1077 2708 1311 2778; x_wconf 89' lang='grc' dir='ltr'>καθάπερ</span> <span class='ocrx_word' id='word_1_328' title='bbox 1360 2705 1419 2757; x_wconf 88' lang='grc' dir='ltr'><strong>ού</strong></span> <span class='ocrx_word' id='word_1_329' title='bbox 1454 2713 1526 2775; x_wconf 85' lang='grc' dir='ltr'>τῷ</span> <span class='ocrx_word' id='word_1_330' title='bbox 1559 2700 1795 2756; x_wconf 79' lang='grc' dir='ltr'>διασπᾶ-</span> 
     </span>
    </p>
   </div>
   <div class='ocr_carea' id='block_1_46' title="bbox 214 2792 1795 2871">
    <p class='ocr_par' dir='ltr' id='par_1_46' title="bbox 214 2792 1795 2871">
     <span class='ocr_line' id='line_1_46' title="bbox 214 2792 1795 2871; baseline 0 -28"><span class='ocrx_word' id='word_1_331' title='bbox 214 2794 318 2844; x_wconf 92' lang='grc' dir='ltr'>σθαι</span> <span class='ocrx_word' id='word_1_332' title='bbox 369 2796 455 2856; x_wconf 83' lang='grc' dir='ltr'><strong>τὰς</strong></span> <span class='ocrx_word' id='word_1_333' title='bbox 512 2796 736 2871; x_wconf 77' lang='grc' dir='ltr'>σάρκας,</span> <span class='ocrx_word' id='word_1_334' title='bbox 798 2795 926 2848; x_wconf 78' lang='grc' dir='ltr'><strong>ἀλλὰ</strong></span> <span class='ocrx_word' id='word_1_335' title='bbox 977 2804 1050 2867; x_wconf 85' lang='grc' dir='ltr'>τῷ</span> <span class='ocrx_word' id='word_1_336' title='bbox 1100 2792 1425 2867; x_wconf 79' lang='grc' dir='ltr'>διαιρεῖσθαι</span> <span class='ocrx_word' id='word_1_337' title='bbox 1482 2802 1581 2846; x_wconf 89' lang='grc' dir='ltr'><strong>τῶν</strong></span> <span class='ocrx_word' id='word_1_338' title='bbox 1633 2792 1795 2863; x_wconf 84' lang='grc' dir='ltr'>ἁγίων</span> 
     </span>
    </p>
   </div>
   <div class='ocr_carea' id='block_1_47' title="bbox 211 2882 1798 2959">
    <p class='ocr_par' dir='ltr' id='par_1_47' title="bbox 211 2882 1798 2959">
     <span class='ocr_line' id='line_1_47' title="bbox 211 2882 1798 2959; baseline 0.001 -25"><span class='ocrx_word' id='word_1_339' title='bbox 211 2883 371 2951; x_wconf 55' lang='grc' dir='ltr'>μᾶλλον</span> <span class='ocrx_word' id='word_1_340' title='bbox 417 2883 613 2957; x_wconf 79' lang='grc' dir='ltr'>ἀλγῶν,</span> <span class='ocrx_word' id='word_1_341' title='bbox 657 2889 773 2946; x_wconf 83' lang='grc' dir='ltr'>τούς</span> <span class='ocrx_word' id='word_1_342' title='bbox 819 2885 1115 2958; x_wconf 81' lang='grc' dir='ltr'>ὀφθαλμούς</span> <span class='ocrx_word' id='word_1_343' title='bbox 1157 2889 1246 2958; x_wconf 68' lang='grc' dir='ltr'>μὲν</span> <span class='ocrx_word' id='word_1_344' title='bbox 1290 2882 1496 2959; x_wconf 77' lang='grc' dir='ltr'>ἤρειδεν</span> <span class='ocrx_word' id='word_1_345' title='bbox 1540 2884 1616 2937; x_wconf 73' lang='grc' dir='ltr'><strong>ἐπ’</strong></span> <span class='ocrx_word' id='word_1_346' title='bbox 1667 2883 1798 2936; x_wconf 75' lang='grc' dir='ltr'>ἐκεί·-</span> 
     </span>
    </p>
   </div>
   <div class='ocr_carea' id='block_1_48' title="bbox 210 2972 1799 3047">
    <p class='ocr_par' dir='ltr' id='par_1_48' title="bbox 210 2972 1799 3047">
     <span class='ocr_line' id='line_1_48' title="bbox 210 2972 1799 3047; baseline -0.004 -16"><span class='ocrx_word' id='word_1_347' title='bbox 210 2988 319 3036; x_wconf 59' lang='grc' dir='ltr'><strong>γους.</strong></span> <span class='ocrx_word' id='word_1_348' title='bbox 376 2972 539 3032; x_wconf 69' lang='grc' dir='ltr'>αὐτήν</span> <span class='ocrx_word' id='word_1_349' title='bbox 594 2993 652 3027; x_wconf 85' lang='grc' dir='ltr'><strong>τε</strong></span> <span class='ocrx_word' id='word_1_350' title='bbox 696 2979 791 3033; x_wconf 77' lang='grc' dir='ltr'>τὴν</span> <span class='ocrx_word' id='word_1_351' title='bbox 844 2975 963 3046; x_wconf 77' lang='grc' dir='ltr'>ὄψιν</span> <span class='ocrx_word' id='word_1_352' title='bbox 1010 2977 1201 3043; x_wconf 82' lang='grc' dir='ltr'>ποθῶν,</span> <span class='ocrx_word' id='word_1_353' title='bbox 1255 2980 1345 3028; x_wconf 88' lang='grc' dir='ltr'>καὶ</span> <span class='ocrx_word' id='word_1_354' title='bbox 1396 2975 1507 3047; x_wconf 75' lang='grc' dir='ltr'>ἅμα</span> <span class='ocrx_word' id='word_1_355' title='bbox 1550 2976 1618 3035; x_wconf 83' lang='grc' dir='ltr'>ὡς</span> <span class='ocrx_word' id='word_1_356' title='bbox 1672 2974 1799 3045; x_wconf 84' lang='grc' dir='ltr'>πρὸς</span> 
     </span>
    </p>
   </div>
   <div class='ocr_carea' id='block_1_49' title="bbox 211 3060 1800 3137">
    <p class='ocr_par' dir='ltr' id='par_1_49' title="bbox 211 3060 1800 3137">
     <span class='ocr_line' id='line_1_49' title="bbox 211 3060 1800 3137; baseline 0.001 -26"><span class='ocrx_word' id='word_1_357' title='bbox 211 3060 340 3114; x_wconf 78' lang='grc' dir='ltr'>καλόν</span> <span class='ocrx_word' id='word_1_358' title='bbox 387 3061 734 3137; x_wconf 83' lang='grc' dir='ltr'>παράδειγμα</span> <span class='ocrx_word' id='word_1_359' title='bbox 803 3064 1004 3135; x_wconf 80' lang='grc' dir='ltr'>βλέπων</span> <span class='ocrx_word' id='word_1_360' title='bbox 1061 3069 1179 3125; x_wconf 83' lang='grc' dir='ltr'>τοὺς</span> <span class='ocrx_word' id='word_1_361' title='bbox 1249 3064 1448 3117; x_wconf 68' lang='grc' dir='ltr'>ἐκείνων</span> <span class='ocrx_word' id='word_1_362' title='bbox 1508 3061 1602 3116; x_wconf 82' lang='grc' dir='ltr'><strong>διὰ</strong></span> <span class='ocrx_word' id='word_1_363' title='bbox 1672 3070 1800 3134; x_wconf 82' lang='grc' dir='ltr'>Χρι-</span> 
     </span>
    </p>
   </div>
   <div class='ocr_carea' id='block_1_50' title="bbox 1891 1880 3537 1961">
    <p class='ocr_par' dir='ltr' id='par_1_50' title="bbox 1891 1880 3537 1961">
     <span class='ocr_line' id='line_1_50' title="bbox 1891 1880 3537 1961; baseline -0.008 -19"><span class='ocrx_word' id='word_1_364' title='bbox 1891 1889 2159 1961; x_wconf 89' lang='lat' dir='ltr'><strong>quidem,</strong></span> <span class='ocrx_word' id='word_1_365' title='bbox 2193 1889 2404 1961; x_wconf 90' lang='lat' dir='ltr'><strong>inquit,</strong></span> <span class='ocrx_word' id='word_1_366' title='bbox 2432 1889 2663 1960; x_wconf 92' lang='lat' dir='ltr'><strong>justum</strong></span> <span class='ocrx_word' id='word_1_367' title='bbox 2685 1883 3135 1955; x_wconf 89' lang='lat' dir='ltr'><strong>estrespondere</strong></span> <span class='ocrx_word' id='word_1_368' title='bbox 3157 1880 3297 1947; x_wconf 91' lang='lat' dir='ltr'><strong>;hoc</strong></span> <span class='ocrx_word' id='word_1_369' title='bbox 3316 1883 3537 1940; x_wconf 89' lang='lat' dir='ltr'><strong>tamen,</strong></span> 
     </span>
    </p>
   </div>
   <div class='ocr_carea' id='block_1_51' title="bbox 1893 1967 3537 2051">
    <p class='ocr_par' dir='ltr' id='par_1_51' title="bbox 1893 1967 3537 2051">
     <span class='ocr_line' id='line_1_51' title="bbox 1893 1967 3537 2051; baseline -0.01 -18"><span class='ocrx_word' id='word_1_370' title='bbox 1893 1978 2103 2051; x_wconf 87' lang='lat' dir='ltr'><strong>inquit,</strong></span> <span class='ocrx_word' id='word_1_371' title='bbox 2126 1979 2347 2043; x_wconf 92' lang='lat' dir='ltr'><strong>dicam,</strong></span> <span class='ocrx_word' id='word_1_372' title='bbox 2376 1978 2538 2051; x_wconf 92' lang='lat' dir='ltr'><strong>quod</strong></span> <span class='ocrx_word' id='word_1_373' title='bbox 2571 1992 2727 2048; x_wconf 70' lang='lat' dir='ltr'><strong>saepe</strong></span> <span class='ocrx_word' id='word_1_374' title='bbox 2748 1974 2870 2030; x_wconf 85' lang='lat' dir='ltr'><strong>dixi</strong></span> <span class='ocrx_word' id='word_1_375' title='bbox 2904 1990 2917 2041; x_wconf 93' lang='lat'><strong>;</strong></span> <span class='ocrx_word' id='word_1_376' title='bbox 2944 1975 3081 2029; x_wconf 92' lang='lat' dir='ltr'><strong>Sum</strong></span> <span class='ocrx_word' id='word_1_377' title='bbox 3116 1967 3487 2026; x_wconf 87' lang='lat' dir='ltr'><strong>Christianus</strong></span> <span class='ocrx_word' id='word_1_378' title='bbox 3522 1978 3537 2029; x_wconf 92' lang='lat'><strong>;</strong></span> 
     </span>
    </p>
   </div>
   <div class='ocr_carea' id='block_1_52' title="bbox 1894 2055 3537 2125">
    <p class='ocr_par' dir='ltr' id='par_1_52' title="bbox 1894 2055 3537 2125">
     <span class='ocr_line' id='line_1_52' title="bbox 1894 2055 3537 2125; baseline -0.009 -2"><span class='ocrx_word' id='word_1_379' title='bbox 1894 2068 2009 2125; x_wconf 91' lang='lat' dir='ltr'><strong>hoc</strong></span> <span class='ocrx_word' id='word_1_380' title='bbox 2039 2068 2233 2125; x_wconf 91' lang='lat' dir='ltr'><strong>solum</strong></span> <span class='ocrx_word' id='word_1_381' title='bbox 2261 2068 2402 2124; x_wconf 89' lang='lat' dir='ltr'><strong>audi</strong></span> <span class='ocrx_word' id='word_1_382' title='bbox 2431 2085 2466 2124; x_wconf 90' lang='lat' dir='ltr'><strong>a</strong></span> <span class='ocrx_word' id='word_1_383' title='bbox 2496 2068 2690 2123; x_wconf 91' lang='lat' dir='ltr'><strong>nobis.</strong></span> <span class='ocrx_word' id='word_1_384' title='bbox 2723 2065 2781 2122; x_wconf 89' lang='lat' dir='ltr'><strong>Si</strong></span> <span class='ocrx_word' id='word_1_385' title='bbox 2812 2065 2939 2120; x_wconf 75' lang='lat' dir='ltr'><strong>haec</strong></span> <span class='ocrx_word' id='word_1_386' title='bbox 2967 2066 3164 2119; x_wconf 85' lang='lat' dir='ltr'><strong>autem</strong></span> <span class='ocrx_word' id='word_1_387' title='bbox 3201 2073 3319 2113; x_wconf 93' lang='lat' dir='ltr'><strong>non</strong></span> <span class='ocrx_word' id='word_1_388' title='bbox 3359 2055 3537 2119; x_wconf 90' lang='lat' dir='ltr'><strong>feras,</strong></span> 
     </span>
    </p>
   </div>
   <div class='ocr_carea' id='block_1_53' title="bbox 1896 2156 2621 2229">
    <p class='ocr_par' dir='ltr' id='par_1_53' title="bbox 1896 2156 2621 2229">
     <span class='ocr_line' id='line_1_53' title="bbox 1896 2156 2621 2229; baseline -0.004 -16"><span class='ocrx_word' id='word_1_389' title='bbox 1896 2158 1987 2214; x_wconf 89' lang='lat' dir='ltr'><strong>fac</strong></span> <span class='ocrx_word' id='word_1_390' title='bbox 2028 2158 2192 2229; x_wconf 88' lang='lat' dir='ltr'><strong>quod</strong></span> <span class='ocrx_word' id='word_1_391' title='bbox 2230 2158 2326 2213; x_wconf 92' lang='lat' dir='ltr'><strong>tibi</strong></span> <span class='ocrx_word' id='word_1_392' title='bbox 2367 2156 2621 2213; x_wconf 88' lang='lat' dir='ltr'><strong>libuerit.</strong></span> 
     </span>
    </p>
   </div>
   <div class='ocr_carea' id='block_1_54' title="bbox 1965 2239 3548 2316">
    <p class='ocr_par' dir='ltr' id='par_1_54' title="bbox 1965 2239 3548 2316">
     <span class='ocr_line' id='line_1_54' title="bbox 1965 2239 3548 2316; baseline -0.011 -13"><span class='ocrx_word' id='word_1_393' title='bbox 1965 2248 2078 2303; x_wconf 87' lang='lat' dir='ltr'><strong>VII.</strong></span> <span class='ocrx_word' id='word_1_394' title='bbox 2123 2250 2256 2303; x_wconf 68' lang='lat' dir='ltr'><strong>Haec</strong></span> <span class='ocrx_word' id='word_1_395' title='bbox 2284 2264 2420 2303; x_wconf 91' lang='lat' dir='ltr'><strong>cum</strong></span> <span class='ocrx_word' id='word_1_396' title='bbox 2452 2246 2716 2310; x_wconf 84' lang='lat' dir='ltr'><strong>dixisset,</strong></span> <span class='ocrx_word' id='word_1_397' title='bbox 2745 2257 2965 2316; x_wconf 64' lang='lat' dir='ltr'><strong>praeses</strong></span> <span class='ocrx_word' id='word_1_398' title='bbox 3008 2239 3178 2311; x_wconf 88' lang='lat' dir='ltr'><strong>jubet</strong></span> <span class='ocrx_word' id='word_1_399' title='bbox 3227 2251 3363 2291; x_wconf 90' lang='lat' dir='ltr'><strong>eum</strong></span> <span class='ocrx_word' id='word_1_400' title='bbox 3418 2248 3548 2287; x_wconf 89' lang='lat' dir='ltr'><strong>sus-</strong></span> 
     </span>
    </p>
   </div>
   <div class='ocr_carea' id='block_1_55' title="bbox 1900 2324 3551 2409">
    <p class='ocr_par' dir='ltr' id='par_1_55' title="bbox 1900 2324 3551 2409">
     <span class='ocr_line' id='line_1_55' title="bbox 1900 2324 3551 2409; baseline -0.012 -15"><span class='ocrx_word' id='word_1_401' title='bbox 1900 2337 2076 2408; x_wconf 84' lang='lat' dir='ltr'><strong>pendi</strong></span> <span class='ocrx_word' id='word_1_402' title='bbox 2106 2336 2488 2409; x_wconf 82' lang='lat' dir='ltr'><strong>praecipitem,</strong></span> <span class='ocrx_word' id='word_1_403' title='bbox 2523 2341 2579 2391; x_wconf 92' lang='lat' dir='ltr'><strong>et</strong></span> <span class='ocrx_word' id='word_1_404' title='bbox 2641 2334 2864 2390; x_wconf 82' lang='lat' dir='ltr'><strong>fortiter</strong></span> <span class='ocrx_word' id='word_1_405' title='bbox 2912 2331 3154 2403; x_wconf 88' lang='lat' dir='ltr'><strong>quidem</strong></span> <span class='ocrx_word' id='word_1_406' title='bbox 3188 2324 3333 2382; x_wconf 68' lang='lat' dir='ltr'><strong>caedi</strong></span> <span class='ocrx_word' id='word_1_407' title='bbox 3378 2341 3391 2391; x_wconf 93' lang='lat'><strong>;</strong></span> <span class='ocrx_word' id='word_1_408' title='bbox 3432 2328 3551 2377; x_wconf 82' lang='lat' dir='ltr'><strong>tor-</strong></span> 
     </span>
    </p>
   </div>
   <div class='ocr_carea' id='block_1_56' title="bbox 1902 2410 3553 2495">
    <p class='ocr_par' dir='ltr' id='par_1_56' title="bbox 1902 2410 3553 2495">
     <span class='ocr_line' id='line_1_56' title="bbox 1902 2410 3553 2495; baseline -0.01 -14"><span class='ocrx_word' id='word_1_409' title='bbox 1902 2432 2168 2483; x_wconf 86' lang='lat' dir='ltr'><strong>mentum</strong></span> <span class='ocrx_word' id='word_1_410' title='bbox 2223 2432 2422 2482; x_wconf 89' lang='lat' dir='ltr'><strong>autem</strong></span> <span class='ocrx_word' id='word_1_411' title='bbox 2463 2424 2715 2495; x_wconf 85' lang='lat' dir='ltr'><strong>extendi,</strong></span> <span class='ocrx_word' id='word_1_412' title='bbox 2747 2424 2935 2478; x_wconf 89' lang='lat' dir='ltr'><strong>donec</strong></span> <span class='ocrx_word' id='word_1_413' title='bbox 2961 2435 3099 2476; x_wconf 88' lang='lat' dir='ltr'><strong>ossa</strong></span> <span class='ocrx_word' id='word_1_414' title='bbox 3155 2417 3302 2472; x_wconf 85' lang='lat' dir='ltr'><strong>ﬁant</strong></span> <span class='ocrx_word' id='word_1_415' title='bbox 3359 2410 3553 2468; x_wconf 89' lang='lat' dir='ltr'><strong>mani-</strong></span> 
     </span>
    </p>
   </div>
   <div class='ocr_carea' id='block_1_57' title="bbox 1902 2499 3552 2587">
    <p class='ocr_par' dir='ltr' id='par_1_57' title="bbox 1902 2499 3552 2587">
     <span class='ocr_line' id='line_1_57' title="bbox 1902 2499 3552 2587; baseline -0.012 -13"><span class='ocrx_word' id='word_1_416' title='bbox 1902 2518 2070 2574; x_wconf 89' lang='lat' dir='ltr'><strong>festa.</strong></span> <span class='ocrx_word' id='word_1_417' title='bbox 2104 2517 2168 2573; x_wconf 89' lang='lat' dir='ltr'><strong>Et</strong></span> <span class='ocrx_word' id='word_1_418' title='bbox 2191 2517 2321 2572; x_wconf 71' lang='lat' dir='ltr'><strong>haec</strong></span> <span class='ocrx_word' id='word_1_419' title='bbox 2371 2515 2638 2587; x_wconf 89' lang='lat' dir='ltr'><strong>quidem,</strong></span> <span class='ocrx_word' id='word_1_420' title='bbox 2679 2514 2830 2569; x_wconf 90' lang='lat' dir='ltr'><strong>sicut</strong></span> <span class='ocrx_word' id='word_1_421' title='bbox 2867 2510 2961 2566; x_wconf 90' lang='lat' dir='ltr'><strong>ille</strong></span> <span class='ocrx_word' id='word_1_422' title='bbox 3014 2507 3206 2580; x_wconf 88' lang='lat' dir='ltr'><strong>jussit,</strong></span> <span class='ocrx_word' id='word_1_423' title='bbox 3238 2499 3552 2577; x_wconf 88' lang='lat' dir='ltr'><strong>quampri-</strong></span> 
     </span>
    </p>
   </div>
   <div class='ocr_carea' id='block_1_58' title="bbox 1902 2594 3553 2663">
    <p class='ocr_par' dir='ltr' id='par_1_58' title="bbox 1902 2594 3553 2663">
     <span class='ocr_line' id='line_1_58' title="bbox 1902 2594 3553 2663; baseline -0.012 0"><span class='ocrx_word' id='word_1_424' title='bbox 1902 2624 2068 2663; x_wconf 90' lang='lat' dir='ltr'><strong>mum</strong></span> <span class='ocrx_word' id='word_1_425' title='bbox 2103 2607 2256 2663; x_wconf 86' lang='lat' dir='ltr'><strong>facta</strong></span> <span class='ocrx_word' id='word_1_426' title='bbox 2286 2610 2425 2661; x_wconf 90' lang='lat' dir='ltr'><strong>sunt</strong></span> <span class='ocrx_word' id='word_1_427' title='bbox 2475 2621 2510 2660; x_wconf 89' lang='lat' dir='ltr'><strong>a</strong></span> <span class='ocrx_word' id='word_1_428' title='bbox 2548 2602 2889 2659; x_wconf 88' lang='lat' dir='ltr'><strong>lictoribus:</strong></span> <span class='ocrx_word' id='word_1_429' title='bbox 2920 2600 3019 2654; x_wconf 90' lang='lat' dir='ltr'><strong>Dei</strong></span> <span class='ocrx_word' id='word_1_430' title='bbox 3066 2602 3266 2653; x_wconf 87' lang='lat' dir='ltr'><strong>autem</strong></span> <span class='ocrx_word' id='word_1_431' title='bbox 3326 2594 3553 2661; x_wconf 88' lang='lat' dir='ltr'><strong>martyr</strong></span> 
     </span>
    </p>
   </div>
   <div class='ocr_carea' id='block_1_59' title="bbox 1899 2684 3551 2770">
    <p class='ocr_par' dir='ltr' id='par_1_59' title="bbox 1899 2684 3551 2770">
     <span class='ocr_line' id='line_1_59' title="bbox 1899 2684 3551 2770; baseline -0.014 -16"><span class='ocrx_word' id='word_1_432' title='bbox 1899 2707 2189 2770; x_wconf 80' lang='lat' dir='ltr'><strong>tanquam</strong></span> <span class='ocrx_word' id='word_1_433' title='bbox 2222 2711 2339 2751; x_wconf 94' lang='lat' dir='ltr'><strong>non</strong></span> <span class='ocrx_word' id='word_1_434' title='bbox 2372 2694 2577 2750; x_wconf 88' lang='lat' dir='ltr'><strong>dolens</strong></span> <span class='ocrx_word' id='word_1_435' title='bbox 2616 2692 2775 2765; x_wconf 91' lang='lat' dir='ltr'><strong>quod</strong></span> <span class='ocrx_word' id='word_1_436' title='bbox 2815 2705 3023 2746; x_wconf 89' lang='lat' dir='ltr'><strong>carnes</strong></span> <span class='ocrx_word' id='word_1_437' title='bbox 3062 2684 3551 2743; x_wconf 82' lang='lat' dir='ltr'><strong>distraherentur,</strong></span> 
     </span>
    </p>
   </div>
   <div class='ocr_carea' id='block_1_60' title="bbox 1906 2767 3555 2860">
    <p class='ocr_par' dir='ltr' id='par_1_60' title="bbox 1906 2767 3555 2860">
     <span class='ocr_line' id='line_1_60' title="bbox 1906 2767 3555 2860; baseline -0.015 -16"><span class='ocrx_word' id='word_1_438' title='bbox 1906 2767 2257 2860; x_wconf 38' lang='lat' dir='ltr'><strong>sed&#39;potius,</strong></span> <span class='ocrx_word' id='word_1_439' title='bbox 2291 2784 2451 2856; x_wconf 90' lang='lat' dir='ltr'><strong>quod</strong></span> <span class='ocrx_word' id='word_1_440' title='bbox 2510 2786 2884 2855; x_wconf 87' lang='lat' dir='ltr'><strong>separaretur</strong></span> <span class='ocrx_word' id='word_1_441' title='bbox 2922 2794 2957 2834; x_wconf 92' lang='lat' dir='ltr'><strong>a</strong></span> <span class='ocrx_word' id='word_1_442' title='bbox 3015 2774 3257 2836; x_wconf 88' lang='lat' dir='ltr'><strong>sanctis,</strong></span> <span class='ocrx_word' id='word_1_443' title='bbox 3317 2772 3374 2825; x_wconf 91' lang='lat' dir='ltr'><strong>in</strong></span> <span class='ocrx_word' id='word_1_444' title='bbox 3428 2767 3555 2823; x_wconf 89' lang='lat' dir='ltr'><strong>illos</strong></span> 
     </span>
    </p>
   </div>
   <div class='ocr_carea' id='block_1_61' title="bbox 1904 2858 3556 2950">
    <p class='ocr_par' dir='ltr' id='par_1_61' title="bbox 1904 2858 3556 2950">
     <span class='ocr_line' id='line_1_61' title="bbox 1904 2858 3556 2950; baseline -0.016 -15"><span class='ocrx_word' id='word_1_445' title='bbox 1904 2858 2143 2950; x_wconf 86' lang='lat' dir='ltr'><strong>quidem</strong></span> <span class='ocrx_word' id='word_1_446' title='bbox 2156 2872 2693 2945; x_wconf 84' lang='lat' dir='ltr'><strong>defigebatoculos,</strong></span> <span class='ocrx_word' id='word_1_447' title='bbox 2712 2869 2886 2926; x_wconf 90' lang='lat' dir='ltr'><strong>simul</strong></span> <span class='ocrx_word' id='word_1_448' title='bbox 2908 2867 3169 2937; x_wconf 84' lang='lat' dir='ltr'><strong>etipsam</strong></span> <span class='ocrx_word' id='word_1_449' title='bbox 3209 2858 3556 2950; x_wconf 82' lang='lat' dir='ltr'><strong>desiderans</strong></span> 
     </span>
    </p>
   </div>
   <div class='ocr_carea' id='block_1_62' title="bbox 1906 2945 3559 3035">
    <p class='ocr_par' dir='ltr' id='par_1_62' title="bbox 1906 2945 3559 3035">
     <span class='ocr_line' id='line_1_62' title="bbox 1906 2945 3559 3035; baseline -0.015 -11"><span class='ocrx_word' id='word_1_450' title='bbox 1906 2968 2223 3031; x_wconf 80' lang='lat' dir='ltr'><strong>visionem,</strong></span> <span class='ocrx_word' id='word_1_451' title='bbox 2251 2969 2308 3021; x_wconf 91' lang='lat' dir='ltr'><strong>et</strong></span> <span class='ocrx_word' id='word_1_452' title='bbox 2334 2968 2621 3035; x_wconf 90' lang='lat' dir='ltr'><strong>tanquam</strong></span> <span class='ocrx_word' id='word_1_453' title='bbox 2656 2960 2733 3016; x_wconf 92' lang='lat' dir='ltr'><strong>ad</strong></span> <span class='ocrx_word' id='word_1_454' title='bbox 2764 2957 3082 3031; x_wconf 90' lang='lat' dir='ltr'><strong>pulchrum</strong></span> <span class='ocrx_word' id='word_1_455' title='bbox 3114 2948 3432 3021; x_wconf 81' lang='lat' dir='ltr'><strong>exemplar,</strong></span> <span class='ocrx_word' id='word_1_456' title='bbox 3466 2945 3559 3000; x_wconf 91' lang='lat' dir='ltr'><strong>in-</strong></span> 
     </span>
    </p>
   </div>
   <div class='ocr_carea' id='block_1_63' title="bbox 1909 3036 3554 3123">
    <p class='ocr_par' dir='ltr' id='par_1_63' title="bbox 1909 3036 3554 3123">
     <span class='ocr_line' id='line_1_63' title="bbox 1909 3036 3554 3123; baseline -0.015 -11"><span class='ocrx_word' id='word_1_457' title='bbox 1909 3063 2081 3112; x_wconf 86' lang='lat' dir='ltr'><strong>tuens</strong></span> <span class='ocrx_word' id='word_1_458' title='bbox 2136 3056 2212 3111; x_wconf 91' lang='lat' dir='ltr'><strong>ad</strong></span> <span class='ocrx_word' id='word_1_459' title='bbox 2264 3054 2499 3110; x_wconf 90' lang='lat' dir='ltr'><strong>illorum</strong></span> <span class='ocrx_word' id='word_1_460' title='bbox 2560 3054 2799 3123; x_wconf 87' lang='lat' dir='ltr'><strong>propter</strong></span> <span class='ocrx_word' id='word_1_461' title='bbox 2856 3047 3152 3104; x_wconf 86' lang='lat' dir='ltr'><strong>Christum</strong></span> <span class='ocrx_word' id='word_1_462' title='bbox 3209 3036 3554 3095; x_wconf 87' lang='lat' dir='ltr'><strong>certamina.</strong></span> 
     </span>
    </p>
   </div>
   <div class='ocr_carea' id='block_1_64' title="bbox 214 3127 1795 3226">
    <p class='ocr_par' dir='ltr' id='par_1_64' title="bbox 214 3148 1795 3226">
     <span class='ocr_line' id='line_1_64' title="bbox 214 3148 1795 3226; baseline 0.003 -27"><span class='ocrx_word' id='word_1_463' title='bbox 214 3152 315 3201; x_wconf 83' lang='grc' dir='ltr'>στόν</span> <span class='ocrx_word' id='word_1_464' title='bbox 356 3153 564 3215; x_wconf 78' lang='grc' dir='ltr'>ἄθλους.</span> <span class='ocrx_word' id='word_1_465' title='bbox 614 3160 699 3214; x_wconf 85' lang='grc' dir='ltr'>Ὠς</span> <span class='ocrx_word' id='word_1_466' title='bbox 737 3150 824 3207; x_wconf 81' lang='grc' dir='ltr'>οὖν</span> <span class='ocrx_word' id='word_1_467' title='bbox 874 3150 1007 3207; x_wconf 79' lang='grc' dir='ltr'>εἶδεν</span> <span class='ocrx_word' id='word_1_468' title='bbox 1041 3153 1194 3207; x_wconf 77' lang='grc' dir='ltr'>αὐτόν</span> <span class='ocrx_word' id='word_1_469' title='bbox 1240 3155 1264 3207; x_wconf 85' lang='grc' dir='ltr'><em>ὁ</em></span> <span class='ocrx_word' id='word_1_470' title='bbox 1300 3155 1484 3226; x_wconf 81' lang='grc' dir='ltr'>ἄρχων</span> <span class='ocrx_word' id='word_1_471' title='bbox 1516 3148 1666 3206; x_wconf 66' lang='grc' dir='ltr'>οὐδὲν</span> <span class='ocrx_word' id='word_1_472' title='bbox 1698 3150 1795 3203; x_wconf 79' lang='grc' dir='ltr'><strong>ἀπό</strong></span> 
     </span>
    </p>
   </div>
   <div class='ocr_carea' id='block_1_65' title="bbox 1908 3127 3561 3226">
    <p class='ocr_par' dir='ltr' id='par_1_65' title="bbox 1908 3127 3561 3217">
     <span class='ocr_line' id='line_1_65' title="bbox 1908 3127 3561 3217; baseline -0.015 -15"><span class='ocrx_word' id='word_1_473' title='bbox 1908 3146 2228 3217; x_wconf 87' lang='lat' dir='ltr'><strong>Postquam</strong></span> <span class='ocrx_word' id='word_1_474' title='bbox 2266 3158 2407 3213; x_wconf 91' lang='lat' dir='ltr'><strong>ergo</strong></span> <span class='ocrx_word' id='word_1_475' title='bbox 2446 3139 2593 3196; x_wconf 88' lang='lat' dir='ltr'><strong>vidit</strong></span> <span class='ocrx_word' id='word_1_476' title='bbox 2646 3154 2785 3194; x_wconf 91' lang='lat' dir='ltr'><strong>eum</strong></span> <span class='ocrx_word' id='word_1_477' title='bbox 2832 3150 3051 3208; x_wconf 63' lang='lat' dir='ltr'><strong>praeses</strong></span> <span class='ocrx_word' id='word_1_478' title='bbox 3095 3132 3210 3186; x_wconf 91' lang='lat' dir='ltr'><strong>hoc</strong></span> <span class='ocrx_word' id='word_1_479' title='bbox 3264 3127 3561 3182; x_wconf 87' lang='lat' dir='ltr'><strong>tormento</strong></span> 
     </span>
    </p>
   </div>
   <div class='ocr_carea' id='block_1_66' title="bbox 214 3239 1799 3315">
    <p class='ocr_par' dir='ltr' id='par_1_66' title="bbox 214 3239 1799 3315">
     <span class='ocr_line' id='line_1_66' title="bbox 214 3239 1799 3315; baseline -0.001 -22"><span class='ocrx_word' id='word_1_480' title='bbox 214 3247 288 3300; x_wconf 78' lang='grc' dir='ltr'>τῆς</span> <span class='ocrx_word' id='word_1_481' title='bbox 333 3239 569 3311; x_wconf 74' lang='grc' dir='ltr'>βασάνου</span> <span class='ocrx_word' id='word_1_482' title='bbox 631 3245 827 3304; x_wconf 82' lang='grc' dir='ltr'>ταύτης</span> <span class='ocrx_word' id='word_1_483' title='bbox 874 3243 1063 3315; x_wconf 78' lang='grc' dir='ltr'>ὑφέντα</span> <span class='ocrx_word' id='word_1_484' title='bbox 1115 3250 1208 3295; x_wconf 87' lang='grc' dir='ltr'><strong>τοῦ</strong></span> <span class='ocrx_word' id='word_1_485' title='bbox 1264 3249 1520 3315; x_wconf 82' lang='grc' dir='ltr'>παρόντος</span> <span class='ocrx_word' id='word_1_486' title='bbox 1578 3247 1799 3307; x_wconf 84' lang='grc' dir='ltr'>σκοποῦ,</span> 
     </span>
    </p>
   </div>
   <div class='ocr_carea' id='block_1_67' title="bbox 216 3327 1804 3405">
    <p class='ocr_par' dir='ltr' id='par_1_67' title="bbox 216 3327 1804 3405">
     <span class='ocr_line' id='line_1_67' title="bbox 216 3327 1804 3405; baseline 0.003 -28"><span class='ocrx_word' id='word_1_487' title='bbox 216 3332 372 3399; x_wconf 79' lang='grc' dir='ltr'>μικρὸν</span> <span class='ocrx_word' id='word_1_488' title='bbox 420 3331 675 3389; x_wconf 81' lang='grc' dir='ltr'>ἀνεθῆναι</span> <span class='ocrx_word' id='word_1_489' title='bbox 731 3332 942 3401; x_wconf 82' lang='grc' dir='ltr'>κελεύει,</span> <span class='ocrx_word' id='word_1_490' title='bbox 1000 3338 1087 3384; x_wconf 83' lang='grc' dir='ltr'>καὶ</span> <span class='ocrx_word' id='word_1_491' title='bbox 1142 3333 1297 3385; x_wconf 84' lang='grc' dir='ltr'>πάλιν</span> <span class='ocrx_word' id='word_1_492' title='bbox 1341 3334 1514 3405; x_wconf 84' lang='grc' dir='ltr'>ὥσπερ</span> <span class='ocrx_word' id='word_1_493' title='bbox 1576 3330 1630 3383; x_wconf 73' lang='grc' dir='ltr'>ἔκ</span> <span class='ocrx_word' id='word_1_494' title='bbox 1686 3327 1804 3383; x_wconf 78' lang='grc' dir='ltr'>δια-</span> 
     </span>
    </p>
   </div>
   <div class='ocr_carea' id='block_1_68' title="bbox 216 3416 1807 3497">
    <p class='ocr_par' dir='ltr' id='par_1_68' title="bbox 216 3416 1807 3497">
     <span class='ocr_line' id='line_1_68' title="bbox 216 3416 1807 3497; baseline 0.003 -28"><span class='ocrx_word' id='word_1_495' title='bbox 216 3416 465 3489; x_wconf 71' lang='grc' dir='ltr'>λείμματος</span> <span class='ocrx_word' id='word_1_496' title='bbox 512 3419 860 3494; x_wconf 76' lang='grc' dir='ltr'>προσϐάλλων</span> <span class='ocrx_word' id='word_1_497' title='bbox 913 3429 985 3492; x_wconf 84' lang='grc' dir='ltr'>τῷ</span> <span class='ocrx_word' id='word_1_498' title='bbox 1037 3424 1285 3497; x_wconf 80' lang='grc' dir='ltr'>μάρτυρι,</span> <span class='ocrx_word' id='word_1_499' title='bbox 1317 3427 1405 3474; x_wconf 85' lang='grc' dir='ltr'>καὶ</span> <span class='ocrx_word' id='word_1_500' title='bbox 1454 3418 1660 3474; x_wconf 76' lang='grc' dir='ltr'>τοιόνδε</span> <span class='ocrx_word' id='word_1_501' title='bbox 1689 3424 1807 3493; x_wconf 90' lang='grc' dir='ltr'>τρό-</span> 
     </span>
    </p>
   </div>
   <div class='ocr_carea' id='block_1_69' title="bbox 220 3507 1805 3583">
    <p class='ocr_par' dir='ltr' id='par_1_69' title="bbox 220 3507 1805 3583">
     <span class='ocr_line' id='line_1_69' title="bbox 220 3507 1805 3583; baseline 0.004 -28"><span class='ocrx_word' id='word_1_502' title='bbox 220 3524 296 3556; x_wconf 80' lang='grc' dir='ltr'><strong>πον</strong></span> <span class='ocrx_word' id='word_1_503' title='bbox 343 3507 734 3583; x_wconf 75' lang='grc' dir='ltr'>ἀποπειρᾶσθαι</span> <span class='ocrx_word' id='word_1_504' title='bbox 785 3511 947 3563; x_wconf 77' lang='grc' dir='ltr'>αὐτοῦ</span> <span class='ocrx_word' id='word_1_505' title='bbox 1005 3510 1333 3583; x_wconf 83' lang='grc' dir='ltr'>βουλόμενος,</span> <span class='ocrx_word' id='word_1_506' title='bbox 1393 3513 1621 3563; x_wconf 76' lang='grc' dir='ltr'>Γενέσθω</span> <span class='ocrx_word' id='word_1_507' title='bbox 1700 3527 1805 3573; x_wconf 88' lang='grc' dir='ltr'>σοι,</span> 
     </span>
    </p>
   </div>
   <div class='ocr_carea' id='block_1_70' title="bbox 225 3598 1810 3672">
    <p class='ocr_par' dir='ltr' id='par_1_70' title="bbox 225 3598 1810 3672">
     <span class='ocr_line' id='line_1_70' title="bbox 225 3598 1810 3672; baseline -0.001 -20"><span class='ocrx_word' id='word_1_508' title='bbox 225 3600 380 3664; x_wconf 60' lang='grc' dir='ltr'>φησὶν,</span> <span class='ocrx_word' id='word_1_509' title='bbox 410 3598 448 3649; x_wconf 82' lang='grc' dir='ltr'><em>ὦ</em></span> <span class='ocrx_word' id='word_1_510' title='bbox 497 3603 791 3671; x_wconf 84' lang='grc' dir='ltr'>Βονιφάτιε,</span> <span class='ocrx_word' id='word_1_511' title='bbox 838 3602 905 3652; x_wconf 83' lang='grc' dir='ltr'><strong>τὰ</strong></span> <span class='ocrx_word' id='word_1_512' title='bbox 948 3603 1236 3672; x_wconf 84' lang='grc' dir='ltr'>παθήματα</span> <span class='ocrx_word' id='word_1_513' title='bbox 1288 3608 1476 3663; x_wconf 86' lang='grc' dir='ltr'>ταῦτα,</span> <span class='ocrx_word' id='word_1_514' title='bbox 1520 3601 1810 3671; x_wconf 81' lang='grc' dir='ltr'>μαθήματα</span> 
     </span>
    </p>
   </div>
   <div class='ocr_carea' id='block_1_71' title="bbox 222 3686 1807 3762">
    <p class='ocr_par' dir='ltr' id='par_1_71' title="bbox 222 3686 1807 3762">
     <span class='ocr_line' id='line_1_71' title="bbox 222 3686 1807 3762; baseline 0.003 -27"><span class='ocrx_word' id='word_1_515' title='bbox 222 3688 324 3756; x_wconf 73' lang='grc' dir='ltr'>πρός</span> <span class='ocrx_word' id='word_1_516' title='bbox 366 3690 422 3738; x_wconf 87' lang='grc' dir='ltr'><strong>τό</strong></span> <span class='ocrx_word' id='word_1_517' title='bbox 475 3686 704 3758; x_wconf 72' lang='grc' dir='ltr'>βέλτιον,</span> <span class='ocrx_word' id='word_1_518' title='bbox 760 3693 851 3741; x_wconf 84' lang='grc' dir='ltr'>καὶ</span> <span class='ocrx_word' id='word_1_519' title='bbox 901 3696 1079 3762; x_wconf 88' lang='grc' dir='ltr'>πεῖραν</span> <span class='ocrx_word' id='word_1_520' title='bbox 1118 3698 1215 3741; x_wconf 90' lang='grc' dir='ltr'><strong>τῶν</strong></span> <span class='ocrx_word' id='word_1_521' title='bbox 1271 3688 1566 3748; x_wconf 80' lang='grc' dir='ltr'>ἀνηκέστων</span> <span class='ocrx_word' id='word_1_522' title='bbox 1613 3691 1807 3741; x_wconf 90' lang='grc' dir='ltr'>τούτων</span> 
     </span>
    </p>
   </div>
   <div class='ocr_carea' id='block_1_72' title="bbox 220 3769 1809 3851">
    <p class='ocr_par' dir='ltr' id='par_1_72' title="bbox 220 3769 1809 3851">
     <span class='ocr_line' id='line_1_72' title="bbox 220 3769 1809 3851; baseline 0.004 -29"><span class='ocrx_word' id='word_1_523' title='bbox 220 3769 361 3824; x_wconf 68' lang='grc' dir='ltr'>λαϐὼν</span> <span class='ocrx_word' id='word_1_524' title='bbox 406 3772 636 3844; x_wconf 81' lang='grc' dir='ltr'>οδυνῶν,</span> <span class='ocrx_word' id='word_1_525' title='bbox 695 3777 791 3848; x_wconf 66' lang='grc' dir='ltr'>ὀψε</span> <span class='ocrx_word' id='word_1_526' title='bbox 840 3785 985 3849; x_wconf 81' lang='grc' dir='ltr'>γοῦν,</span> <span class='ocrx_word' id='word_1_527' title='bbox 1056 3778 1220 3844; x_wconf 79' lang='grc' dir='ltr'>ἄθλιε,</span> <span class='ocrx_word' id='word_1_528' title='bbox 1278 3782 1493 3832; x_wconf 88' lang='grc' dir='ltr'>σεαυτὸν</span> <span class='ocrx_word' id='word_1_529' title='bbox 1551 3778 1809 3851; x_wconf 84' lang='grc' dir='ltr'>οἰκτείρας</span> 
     </span>
    </p>
   </div>
   <div class='ocr_carea' id='block_1_73' title="bbox 222 3864 1808 3959">
    <p class='ocr_par' dir='ltr' id='par_1_73' title="bbox 222 3864 1808 3959">
     <span class='ocr_line' id='line_1_73' title="bbox 222 3864 1808 3959; baseline 0.001 -42"><span class='ocrx_word' id='word_1_530' title='bbox 222 3868 303 3959; x_wconf 53' lang='lat' dir='ltr'><strong>fit?</strong></span> <span class='ocrx_word' id='word_1_531' title='bbox 345 3874 609 3935; x_wconf 74' lang='grc' dir='ltr'>μενουσῶν</span> <span class='ocrx_word' id='word_1_532' title='bbox 668 3886 727 3919; x_wconf 84' lang='grc' dir='ltr'><strong>σε</strong></span> <span class='ocrx_word' id='word_1_533' title='bbox 780 3867 1059 3930; x_wconf 83' lang='grc' dir='ltr'>κολάσεων,</span> <span class='ocrx_word' id='word_1_534' title='bbox 1100 3867 1349 3940; x_wconf 82' lang='grc' dir='ltr'>πρόσελθε</span> <span class='ocrx_word' id='word_1_535' title='bbox 1405 3870 1594 3923; x_wconf 88' lang='grc' dir='ltr'>θύσων.</span> <span class='ocrx_word' id='word_1_536' title='bbox 1636 3866 1695 3919; x_wconf 78' lang='grc' dir='ltr'><strong>Ὀ</strong></span> <span class='ocrx_word' id='word_1_537' title='bbox 1749 3864 1808 3920; x_wconf 69' lang='grc' dir='ltr'><strong>δὲ</strong></span> 
     </span>
    </p>
   </div>
   <div class='ocr_carea' id='block_1_74' title="bbox 240 3953 1809 4027">
    <p class='ocr_par' dir='ltr' id='par_1_74' title="bbox 240 3953 1809 4027">
     <span class='ocr_line' id='line_1_74' title="bbox 240 3953 1809 4027; baseline 0.005 -26"><span class='ocrx_word' id='word_1_538' title='bbox 240 3955 403 4021; x_wconf 76' lang='lat' dir='ltr'><strong>A7to;&#39;</strong></span> <span class='ocrx_word' id='word_1_539' title='bbox 464 3958 593 4027; x_wconf 78' lang='grc' dir='ltr'><strong>Ἐμὶ</strong></span> <span class='ocrx_word' id='word_1_540' title='bbox 652 3957 787 4008; x_wconf 79' lang='grc' dir='ltr'>θύειν</span> <span class='ocrx_word' id='word_1_541' title='bbox 842 3955 1145 4023; x_wconf 78' lang='grc' dir='ltr'>ἐπιτάττων,</span> <span class='ocrx_word' id='word_1_542' title='bbox 1202 3957 1432 4023; x_wconf 82' lang='grc' dir='ltr'>ἁσύνετε,</span> <span class='ocrx_word' id='word_1_543' title='bbox 1501 3959 1596 4010; x_wconf 78' lang='grc' dir='ltr'>οἴει</span> <span class='ocrx_word' id='word_1_544' title='bbox 1653 3953 1809 4009; x_wconf 81' lang='grc' dir='ltr'>δυνα-</span> 
     </span>
    </p>
   </div>
   <div class='ocr_carea' id='block_1_75' title="bbox 222 4043 1807 4120">
    <p class='ocr_par' dir='ltr' id='par_1_75' title="bbox 222 4043 1807 4120">
     <span class='ocr_line' id='line_1_75' title="bbox 222 4043 1807 4120; baseline -0.002 -20"><span class='ocrx_word' id='word_1_545' title='bbox 222 4047 313 4100; x_wconf 80' lang='grc' dir='ltr'>τοῖς</span> <span class='ocrx_word' id='word_1_546' title='bbox 354 4043 476 4105; x_wconf 82' lang='grc' dir='ltr'>ὅλως</span> <span class='ocrx_word' id='word_1_547' title='bbox 528 4043 857 4119; x_wconf 81' lang='grc' dir='ltr'>ἐπιχειρεῖν;</span> <span class='ocrx_word' id='word_1_548' title='bbox 891 4045 1022 4118; x_wconf 81' lang='grc' dir='ltr'><strong>Ἐγὼ</strong></span> <span class='ocrx_word' id='word_1_549' title='bbox 1079 4048 1211 4107; x_wconf 84' lang='grc' dir='ltr'>θεοῖς</span> <span class='ocrx_word' id='word_1_550' title='bbox 1258 4045 1696 4120; x_wconf 82' lang='grc' dir='ltr'>προσελεύσομαι,</span> <span class='ocrx_word' id='word_1_551' title='bbox 1740 4046 1807 4097; x_wconf 84' lang='grc' dir='ltr'>ὧν</span> 
     </span>
    </p>
   </div>
   <div class='ocr_carea' id='block_1_76' title="bbox 222 4133 1545 4211">
    <p class='ocr_par' dir='ltr' id='par_1_76' title="bbox 222 4133 1545 4211">
     <span class='ocr_line' id='line_1_76' title="bbox 222 4133 1545 4211; baseline 0.007 -30"><span class='ocrx_word' id='word_1_552' title='bbox 222 4133 333 4199; x_wconf 81' lang='grc' dir='ltr'>μόνη</span> <span class='ocrx_word' id='word_1_553' title='bbox 364 4140 539 4186; x_wconf 84' lang='grc' dir='ltr'>τοῦτον</span> <span class='ocrx_word' id='word_1_554' title='bbox 570 4140 907 4208; x_wconf 80' lang='grc' dir='ltr'>προσηγορία</span> <span class='ocrx_word' id='word_1_555' title='bbox 934 4133 1062 4208; x_wconf 82' lang='grc' dir='ltr'>μηδ’</span> <span class='ocrx_word' id='word_1_556' title='bbox 1093 4135 1274 4199; x_wconf 81' lang='grc' dir='ltr'>ἀκοαῖς</span> <span class='ocrx_word' id='word_1_557' title='bbox 1304 4156 1499 4211; x_wconf 75' lang='grc' dir='ltr'>φορητῃ</span> <span class='ocrx_word' id='word_1_558' title='bbox 1533 4156 1545 4201; x_wconf 80' lang='grc' dir='ltr'><strong>ς</strong></span> 
     </span>
    </p>
   </div>
   <div class='ocr_carea' id='block_1_77' title="bbox 284 4221 1814 4300">
    <p class='ocr_par' dir='ltr' id='par_1_77' title="bbox 284 4221 1814 4300">
     <span class='ocr_line' id='line_1_77' title="bbox 284 4221 1814 4300; baseline 0.003 -28"><span class='ocrx_word' id='word_1_559' title='bbox 284 4221 357 4276; x_wconf 83' lang='grc' dir='ltr'><strong>Η’.</strong></span> <span class='ocrx_word' id='word_1_560' title='bbox 399 4228 582 4294; x_wconf 84' lang='grc' dir='ltr'>Θυμός</span> <span class='ocrx_word' id='word_1_561' title='bbox 628 4224 783 4277; x_wconf 87' lang='grc' dir='ltr'>πάλιν</span> <span class='ocrx_word' id='word_1_562' title='bbox 832 4228 918 4277; x_wconf 89' lang='grc' dir='ltr'>τὸν</span> <span class='ocrx_word' id='word_1_563' title='bbox 970 4227 1212 4300; x_wconf 80' lang='grc' dir='ltr'>ἄρχοντα</span> <span class='ocrx_word' id='word_1_564' title='bbox 1250 4230 1507 4298; x_wconf 77' lang='grc' dir='ltr'>κατέσχεν</span> <span class='ocrx_word' id='word_1_565' title='bbox 1558 4225 1653 4278; x_wconf 85' lang='grc' dir='ltr'><strong>ούκ</strong></span> <span class='ocrx_word' id='word_1_566' title='bbox 1705 4223 1814 4277; x_wconf 81' lang='grc' dir='ltr'>ἆνε-</span> 
     </span>
    </p>
   </div>
   <div class='ocr_carea' id='block_1_78' title="bbox 225 4310 1810 4384">
    <p class='ocr_par' dir='ltr' id='par_1_78' title="bbox 225 4310 1810 4384">
     <span class='ocr_line' id='line_1_78' title="bbox 225 4310 1810 4384; baseline 0.005 -28"><span class='ocrx_word' id='word_1_567' title='bbox 225 4310 348 4375; x_wconf 82' lang='grc' dir='ltr'>κτός,</span> <span class='ocrx_word' id='word_1_568' title='bbox 395 4316 483 4363; x_wconf 85' lang='grc' dir='ltr'>καὶ</span> <span class='ocrx_word' id='word_1_569' title='bbox 536 4312 768 4384; x_wconf 85' lang='grc' dir='ltr'>κάλαμοι</span> <span class='ocrx_word' id='word_1_570' title='bbox 822 4312 1112 4377; x_wconf 86' lang='grc' dir='ltr'>ὀξυνθέντες</span> <span class='ocrx_word' id='word_1_571' title='bbox 1174 4315 1322 4375; x_wconf 86' lang='grc' dir='ltr'>εύθὺς</span> <span class='ocrx_word' id='word_1_572' title='bbox 1373 4316 1506 4366; x_wconf 82' lang='grc' dir='ltr'>κατὰ</span> <span class='ocrx_word' id='word_1_573' title='bbox 1555 4322 1652 4367; x_wconf 87' lang='grc' dir='ltr'><strong>τῶν</strong></span> <span class='ocrx_word' id='word_1_574' title='bbox 1702 4312 1810 4365; x_wconf 84' lang='grc' dir='ltr'>ὀνύ-</span> 
     </span>
    </p>
   </div>
   <div class='ocr_carea' id='block_1_79' title="bbox 226 4400 1817 4475">
    <p class='ocr_par' dir='ltr' id='par_1_79' title="bbox 226 4400 1817 4475">
     <span class='ocr_line' id='line_1_79' title="bbox 226 4400 1817 4475; baseline 0.011 -29"><span class='ocrx_word' id='word_1_575' title='bbox 226 4415 321 4465; x_wconf 82' lang='grc' dir='ltr'><strong>χων</strong></span> <span class='ocrx_word' id='word_1_576' title='bbox 364 4400 503 4470; x_wconf 80' lang='grc' dir='ltr'>αύτῷ</span> <span class='ocrx_word' id='word_1_577' title='bbox 550 4402 886 4473; x_wconf 78' lang='grc' dir='ltr'>ἐνεπείροντο.</span> <span class='ocrx_word' id='word_1_578' title='bbox 922 4400 1041 4455; x_wconf 74' lang='grc' dir='ltr'><strong>Οἶδ*</strong></span> <span class='ocrx_word' id='word_1_579' title='bbox 1088 4406 1115 4457; x_wconf 87' lang='grc' dir='ltr'><strong><em>ὃ</em></strong></span> <span class='ocrx_word' id='word_1_580' title='bbox 1143 4424 1190 4456; x_wconf 85' lang='grc' dir='ltr'><strong>τι</strong></span> <span class='ocrx_word' id='word_1_581' title='bbox 1238 4406 1522 4457; x_wconf 85' lang='grc' dir='ltr'>πεπόνθατε</span> <span class='ocrx_word' id='word_1_582' title='bbox 1551 4407 1641 4455; x_wconf 87' lang='grc' dir='ltr'>καὶ</span> <span class='ocrx_word' id='word_1_583' title='bbox 1685 4404 1817 4475; x_wconf 86' lang='grc' dir='ltr'>πρὸς</span> 
     </span>
    </p>
   </div>
   <div class='ocr_carea' id='block_1_80' title="bbox 1910 3213 3563 3298">
    <p class='ocr_par' dir='ltr' id='par_1_80' title="bbox 1910 3213 3563 3298">
     <span class='ocr_line' id='line_1_80' title="bbox 1910 3213 3563 3298; baseline -0.015 -7"><span class='ocrx_word' id='word_1_584' title='bbox 1910 3213 2375 3291; x_wconf 39' lang='lat' dir='ltr'><strong>nihil-remisisse</strong></span> <span class='ocrx_word' id='word_1_585' title='bbox 2404 3232 2479 3286; x_wconf 92' lang='lat' dir='ltr'><strong>de</strong></span> <span class='ocrx_word' id='word_1_586' title='bbox 2520 3244 2629 3285; x_wconf 89' lang='lat' dir='ltr'><strong>suo</strong></span> <span class='ocrx_word' id='word_1_587' title='bbox 2656 3241 2853 3298; x_wconf 91' lang='lat' dir='ltr'><strong>scopo,</strong></span> <span class='ocrx_word' id='word_1_588' title='bbox 2876 3223 3044 3295; x_wconf 87' lang='lat' dir='ltr'><strong>jubet</strong></span> <span class='ocrx_word' id='word_1_589' title='bbox 3071 3236 3208 3276; x_wconf 92' lang='lat' dir='ltr'><strong>eum</strong></span> <span class='ocrx_word' id='word_1_590' title='bbox 3248 3213 3563 3288; x_wconf 90' lang='lat' dir='ltr'><strong>paululum</strong></span> 
     </span>
    </p>
   </div>
   <div class='ocr_carea' id='block_1_81' title="bbox 1912 3302 3563 3386">
    <p class='ocr_par' dir='ltr' id='par_1_81' title="bbox 1912 3302 3563 3386">
     <span class='ocr_line' id='line_1_81' title="bbox 1912 3302 3563 3386; baseline -0.015 -6"><span class='ocrx_word' id='word_1_591' title='bbox 1912 3323 2212 3380; x_wconf 86' lang='lat' dir='ltr'><strong>relaxari:</strong></span> <span class='ocrx_word' id='word_1_592' title='bbox 2266 3325 2321 3377; x_wconf 90' lang='lat' dir='ltr'><strong>et</strong></span> <span class='ocrx_word' id='word_1_593' title='bbox 2376 3335 2581 3374; x_wconf 89' lang='lat' dir='ltr'><strong>rursus</strong></span> <span class='ocrx_word' id='word_1_594' title='bbox 2624 3316 2924 3386; x_wconf 80' lang='lat' dir='ltr'><strong>interjecto</strong></span> <span class='ocrx_word' id='word_1_595' title='bbox 2977 3311 3180 3383; x_wconf 85' lang='lat' dir='ltr'><strong>aliquo</strong></span> <span class='ocrx_word' id='word_1_596' title='bbox 3256 3302 3563 3362; x_wconf 89' lang='lat' dir='ltr'><strong>intervallo</strong></span> 
     </span>
    </p>
   </div>
   <div class='ocr_carea' id='block_1_82' title="bbox 1915 3396 3566 3484">
    <p class='ocr_par' dir='ltr' id='par_1_82' title="bbox 1915 3396 3566 3484">
     <span class='ocr_line' id='line_1_82' title="bbox 1915 3396 3566 3484; baseline -0.015 -14"><span class='ocrx_word' id='word_1_597' title='bbox 1915 3413 2271 3484; x_wconf 83' lang='lat' dir='ltr'><strong>aggrediens</strong></span> <span class='ocrx_word' id='word_1_598' title='bbox 2304 3415 2651 3480; x_wconf 87' lang='lat' dir='ltr'><strong>martyrem,</strong></span> <span class='ocrx_word' id='word_1_599' title='bbox 2685 3412 2740 3462; x_wconf 89' lang='lat' dir='ltr'><strong>et</strong></span> <span class='ocrx_word' id='word_1_600' title='bbox 2780 3405 2890 3461; x_wconf 90' lang='lat' dir='ltr'><strong>hoc</strong></span> <span class='ocrx_word' id='word_1_601' title='bbox 2932 3401 3112 3458; x_wconf 92' lang='lat' dir='ltr'><strong>modo</strong></span> <span class='ocrx_word' id='word_1_602' title='bbox 3172 3396 3373 3453; x_wconf 91' lang='lat' dir='ltr'><strong>volens</strong></span> <span class='ocrx_word' id='word_1_603' title='bbox 3427 3407 3566 3448; x_wconf 90' lang='lat' dir='ltr'><strong>eum</strong></span> 
     </span>
    </p>
   </div>
   <div class='ocr_carea' id='block_1_83' title="bbox 1916 3488 3565 3569">
    <p class='ocr_par' dir='ltr' id='par_1_83' title="bbox 1916 3488 3565 3569">
     <span class='ocr_line' id='line_1_83' title="bbox 1916 3488 3565 3569; baseline -0.015 -9"><span class='ocrx_word' id='word_1_604' title='bbox 1916 3510 2182 3561; x_wconf 90' lang='lat' dir='ltr'><strong>tentare:</strong></span> <span class='ocrx_word' id='word_1_605' title='bbox 2225 3502 2346 3557; x_wconf 89' lang='lat' dir='ltr'><strong>Sint</strong></span> <span class='ocrx_word' id='word_1_606' title='bbox 2373 3498 2497 3563; x_wconf 86' lang='lat' dir='ltr'><strong>tibi,</strong></span> <span class='ocrx_word' id='word_1_607' title='bbox 2530 3497 2737 3569; x_wconf 90' lang='lat' dir='ltr'><strong>inquit,</strong></span> <span class='ocrx_word' id='word_1_608' title='bbox 2803 3510 2839 3549; x_wconf 95' lang='lat' dir='ltr'><strong>o</strong></span> <span class='ocrx_word' id='word_1_609' title='bbox 2872 3491 3157 3555; x_wconf 87' lang='lat' dir='ltr'><strong>Bonifaci,</strong></span> <span class='ocrx_word' id='word_1_610' title='bbox 3184 3488 3275 3544; x_wconf 81' lang='lat' dir='ltr'><strong>hae</strong></span> <span class='ocrx_word' id='word_1_611' title='bbox 3332 3498 3565 3557; x_wconf 87' lang='lat' dir='ltr'><strong>perpes-</strong></span> 
     </span>
    </p>
   </div>
   <div class='ocr_carea' id='block_1_84' title="bbox 1918 3572 3572 3658">
    <p class='ocr_par' dir='ltr' id='par_1_84' title="bbox 1918 3572 3572 3658">
     <span class='ocr_line' id='line_1_84' title="bbox 1918 3572 3572 3658; baseline -0.015 -8"><span class='ocrx_word' id='word_1_612' title='bbox 1918 3594 2134 3656; x_wconf 90' lang='lat' dir='ltr'><strong>siones,</strong></span> <span class='ocrx_word' id='word_1_613' title='bbox 2165 3591 2528 3647; x_wconf 90' lang='lat' dir='ltr'><strong>documenta</strong></span> <span class='ocrx_word' id='word_1_614' title='bbox 2549 3588 2676 3657; x_wconf 91' lang='lat' dir='ltr'><strong>ejus</strong></span> <span class='ocrx_word' id='word_1_615' title='bbox 2706 3584 2870 3658; x_wconf 89' lang='lat' dir='ltr'><strong>quod</strong></span> <span class='ocrx_word' id='word_1_616' title='bbox 2902 3587 2989 3638; x_wconf 89' lang='lat' dir='ltr'><strong>est</strong></span> <span class='ocrx_word' id='word_1_617' title='bbox 3014 3581 3247 3642; x_wconf 90' lang='lat' dir='ltr'><strong>melius,</strong></span> <span class='ocrx_word' id='word_1_618' title='bbox 3281 3580 3336 3631; x_wconf 89' lang='lat' dir='ltr'><strong>et</strong></span> <span class='ocrx_word' id='word_1_619' title='bbox 3366 3572 3572 3629; x_wconf 87' lang='lat' dir='ltr'><strong>intole-</strong></span> 
     </span>
    </p>
   </div>
   <div class='ocr_carea' id='block_1_85' title="bbox 1916 3660 3569 3749">
    <p class='ocr_par' dir='ltr' id='par_1_85' title="bbox 1916 3660 3569 3749">
     <span class='ocr_line' id='line_1_85' title="bbox 1916 3660 3569 3749; baseline -0.014 -11"><span class='ocrx_word' id='word_1_620' title='bbox 1916 3681 2133 3738; x_wconf 91' lang='lat' dir='ltr'><strong>rabiles</strong></span> <span class='ocrx_word' id='word_1_621' title='bbox 2164 3680 2273 3735; x_wconf 91' lang='lat' dir='ltr'><strong>hos</strong></span> <span class='ocrx_word' id='word_1_622' title='bbox 2284 3678 2410 3749; x_wconf 91' lang='lat' dir='ltr'><strong>jam</strong></span> <span class='ocrx_word' id='word_1_623' title='bbox 2433 3680 2711 3747; x_wconf 88' lang='lat' dir='ltr'><strong>expertus</strong></span> <span class='ocrx_word' id='word_1_624' title='bbox 2734 3671 2984 3735; x_wconf 92' lang='lat' dir='ltr'><strong>dolores,</strong></span> <span class='ocrx_word' id='word_1_625' title='bbox 3004 3668 3268 3728; x_wconf 86' lang='lat' dir='ltr'><strong>tandem,</strong></span> <span class='ocrx_word' id='word_1_626' title='bbox 3288 3680 3324 3719; x_wconf 93' lang='grc' dir='ltr'><strong>ο</strong></span> <span class='ocrx_word' id='word_1_627' title='bbox 3348 3660 3569 3728; x_wconf 87' lang='lat' dir='ltr'><strong>infelix,</strong></span> 
     </span>
    </p>
   </div>
   <div class='ocr_carea' id='block_1_86' title="bbox 1899 3749 3570 3838">
    <p class='ocr_par' dir='ltr' id='par_1_86' title="bbox 1899 3749 3570 3838">
     <span class='ocr_line' id='line_1_86' title="bbox 1899 3749 3570 3838; baseline -0.016 -10"><span class='ocrx_word' id='word_1_628' title='bbox 1899 3772 2001 3827; x_wconf 50' lang='lat' dir='ltr'><strong>rtui</strong></span> <span class='ocrx_word' id='word_1_629' title='bbox 2028 3770 2320 3833; x_wconf 91' lang='lat' dir='ltr'><strong>misertus,</strong></span> <span class='ocrx_word' id='word_1_630' title='bbox 2351 3770 2593 3838; x_wconf 87' lang='lat' dir='ltr'><strong>propter</strong></span> <span class='ocrx_word' id='word_1_631' title='bbox 2620 3779 2693 3819; x_wconf 90' lang='lat' dir='ltr'><strong>ea</strong></span> <span class='ocrx_word' id='word_1_632' title='bbox 2720 3777 2857 3834; x_wconf 63' lang='lat' dir='ltr'><strong>quae</strong></span> <span class='ocrx_word' id='word_1_633' title='bbox 2895 3766 2952 3817; x_wconf 90' lang='lat' dir='ltr'><strong>te</strong></span> <span class='ocrx_word' id='word_1_634' title='bbox 2983 3759 3229 3815; x_wconf 89' lang='lat' dir='ltr'><strong>manent</strong></span> <span class='ocrx_word' id='word_1_635' title='bbox 3259 3749 3570 3821; x_wconf 87' lang='lat' dir='ltr'><strong>supplicia,</strong></span> 
     </span>
    </p>
   </div>
   <div class='ocr_carea' id='block_1_87' title="bbox 1918 3840 3575 3919">
    <p class='ocr_par' dir='ltr' id='par_1_87' title="bbox 1918 3840 3575 3919">
     <span class='ocr_line' id='line_1_87' title="bbox 1918 3840 3575 3919; baseline -0.016 -1"><span class='ocrx_word' id='word_1_636' title='bbox 1918 3860 2134 3919; x_wconf 89' lang='lat' dir='ltr'><strong>accede</strong></span> <span class='ocrx_word' id='word_1_637' title='bbox 2155 3857 2616 3914; x_wconf 84' lang='lat' dir='ltr'><strong>sacriﬁcaturus.</strong></span> <span class='ocrx_word' id='word_1_638' title='bbox 2651 3854 2896 3909; x_wconf 90' lang='lat' dir='ltr'><strong>Sanctus</strong></span> <span class='ocrx_word' id='word_1_639' title='bbox 2918 3853 3117 3906; x_wconf 90' lang='lat' dir='ltr'><strong>autem</strong></span> <span class='ocrx_word' id='word_1_640' title='bbox 3147 3863 3159 3900; x_wconf 89' lang='lat'><strong>:</strong></span> <span class='ocrx_word' id='word_1_641' title='bbox 3190 3841 3325 3899; x_wconf 89' lang='lat' dir='ltr'><strong>Mihi</strong></span> <span class='ocrx_word' id='word_1_642' title='bbox 3350 3840 3575 3909; x_wconf 87' lang='lat' dir='ltr'><strong>jubens</strong></span> 
     </span>
    </p>
   </div>
   <div class='ocr_carea' id='block_1_88' title="bbox 1917 3930 3575 4012">
    <p class='ocr_par' dir='ltr' id='par_1_88' title="bbox 1917 3930 3575 4012">
     <span class='ocr_line' id='line_1_88' title="bbox 1917 3930 3575 4012; baseline -0.016 -4"><span class='ocrx_word' id='word_1_643' title='bbox 1917 3950 2272 4012; x_wconf 87' lang='lat' dir='ltr'><strong>sacriﬁcare,</strong></span> <span class='ocrx_word' id='word_1_644' title='bbox 2306 3963 2342 4002; x_wconf 96' lang='lat' dir='ltr'><strong>o</strong></span> <span class='ocrx_word' id='word_1_645' title='bbox 2368 3945 2595 4010; x_wconf 86' lang='lat' dir='ltr'><strong>stolide,</strong></span> <span class='ocrx_word' id='word_1_646' title='bbox 2625 3942 2925 3999; x_wconf 89' lang='lat' dir='ltr'><strong>existimas</strong></span> <span class='ocrx_word' id='word_1_647' title='bbox 2964 3943 3017 3994; x_wconf 90' lang='lat' dir='ltr'><strong>te</strong></span> <span class='ocrx_word' id='word_1_648' title='bbox 3044 3953 3115 3991; x_wconf 89' lang='lat' dir='ltr'><strong>ea</strong></span> <span class='ocrx_word' id='word_1_649' title='bbox 3144 3930 3406 4003; x_wconf 86' lang='lat' dir='ltr'><strong>aggredi,</strong></span> <span class='ocrx_word' id='word_1_650' title='bbox 3438 3943 3575 4000; x_wconf 67' lang='lat' dir='ltr'><strong>qum</strong></span> 
     </span>
    </p>
   </div>
   <div class='ocr_carea' id='block_1_89' title="bbox 1916 4016 3575 4115">
    <p class='ocr_par' dir='ltr' id='par_1_89' title="bbox 1916 4016 3575 4115">
     <span class='ocr_line' id='line_1_89' title="bbox 1916 4016 3575 4115; baseline -0.015 -18"><span class='ocrx_word' id='word_1_651' title='bbox 1916 4040 2144 4115; x_wconf 89' lang='lat' dir='ltr'><strong>possint</strong></span> <span class='ocrx_word' id='word_1_652' title='bbox 2181 4036 2355 4093; x_wconf 84' lang='lat' dir='ltr'><strong>ﬁeri?</strong></span> <span class='ocrx_word' id='word_1_653' title='bbox 2387 4038 2506 4104; x_wconf 85' lang='lat' dir='ltr'><strong>Ego</strong></span> <span class='ocrx_word' id='word_1_654' title='bbox 2531 4034 2608 4090; x_wconf 91' lang='lat' dir='ltr'><strong>ad</strong></span> <span class='ocrx_word' id='word_1_655' title='bbox 2634 4032 2780 4088; x_wconf 85' lang='lat' dir='ltr'><strong>deos</strong></span> <span class='ocrx_word' id='word_1_656' title='bbox 2809 4028 3113 4091; x_wconf 87' lang='lat' dir='ltr'><strong>accedam,</strong></span> <span class='ocrx_word' id='word_1_657' title='bbox 3148 4039 3287 4080; x_wconf 92' lang='lat' dir='ltr'><strong>cum</strong></span> <span class='ocrx_word' id='word_1_658' title='bbox 3320 4018 3409 4075; x_wconf 89' lang='lat' dir='ltr'><strong>vel</strong></span> <span class='ocrx_word' id='word_1_659' title='bbox 3454 4016 3575 4072; x_wconf 88' lang='lat' dir='ltr'><strong>sola</strong></span> 
     </span>
    </p>
   </div>
   <div class='ocr_carea' id='block_1_90' title="bbox 1920 4111 3320 4199">
    <p class='ocr_par' dir='ltr' id='par_1_90' title="bbox 1920 4111 3320 4199">
     <span class='ocr_line' id='line_1_90' title="bbox 1920 4111 3320 4199; baseline -0.015 -12"><span class='ocrx_word' id='word_1_660' title='bbox 1920 4111 2126 4188; x_wconf 76' lang='lat' dir='ltr'><strong>eorum</strong></span> <span class='ocrx_word' id='word_1_661' title='bbox 2156 4126 2478 4199; x_wconf 89' lang='lat' dir='ltr'><strong>appellatio</strong></span> <span class='ocrx_word' id='word_1_662' title='bbox 2510 4124 2585 4180; x_wconf 91' lang='lat' dir='ltr'><strong>sit</strong></span> <span class='ocrx_word' id='word_1_663' title='bbox 2609 4121 2856 4179; x_wconf 90' lang='lat' dir='ltr'><strong>auribus</strong></span> <span class='ocrx_word' id='word_1_664' title='bbox 2889 4113 3272 4175; x_wconf 88' lang='lat' dir='ltr'><strong>intolerabilis</strong></span> <span class='ocrx_word' id='word_1_665' title='bbox 3293 4111 3320 4166; x_wconf 78' lang='lat' dir='ltr'><strong>‘I</strong></span> 
     </span>
    </p>
   </div>
   <div class='ocr_carea' id='block_1_91' title="bbox 1991 4198 3573 4275">
    <p class='ocr_par' dir='ltr' id='par_1_91' title="bbox 1991 4198 3573 4275">
     <span class='ocr_line' id='line_1_91' title="bbox 1991 4198 3573 4275; baseline -0.014 -2"><span class='ocrx_word' id='word_1_666' title='bbox 1991 4218 2137 4273; x_wconf 85' lang='lat' dir='ltr'><strong>VIII.</strong></span> <span class='ocrx_word' id='word_1_667' title='bbox 2163 4198 2257 4273; x_wconf 79' lang='lat' dir='ltr'><strong>Ira</strong></span> <span class='ocrx_word' id='word_1_668' title='bbox 2292 4231 2498 4271; x_wconf 88' lang='lat' dir='ltr'><strong>rursus</strong></span> <span class='ocrx_word' id='word_1_669' title='bbox 2546 4208 2920 4269; x_wconf 89' lang='lat' dir='ltr'><strong>intoleranda</strong></span> <span class='ocrx_word' id='word_1_670' title='bbox 2971 4204 3190 4263; x_wconf 86' lang='lat' dir='ltr'><strong>invasit</strong></span> <span class='ocrx_word' id='word_1_671' title='bbox 3232 4198 3573 4275; x_wconf 66' lang='lat' dir='ltr'><strong>praesidem,</strong></span> 
     </span>
    </p>
   </div>
   <div class='ocr_carea' id='block_1_92' title="bbox 1922 4292 3577 4366">
    <p class='ocr_par' dir='ltr' id='par_1_92' title="bbox 1922 4292 3577 4366">
     <span class='ocr_line' id='line_1_92' title="bbox 1922 4292 3577 4366; baseline -0.016 0"><span class='ocrx_word' id='word_1_672' title='bbox 1922 4313 1980 4366; x_wconf 89' lang='lat' dir='ltr'><strong>et</strong></span> <span class='ocrx_word' id='word_1_673' title='bbox 2007 4312 2195 4365; x_wconf 68' lang='lat' dir='ltr'><strong>acutte</strong></span> <span class='ocrx_word' id='word_1_674' title='bbox 2249 4321 2385 4360; x_wconf 91' lang='lat' dir='ltr'><strong>mox</strong></span> <span class='ocrx_word' id='word_1_675' title='bbox 2434 4302 2753 4359; x_wconf 89' lang='lat' dir='ltr'><strong>arundines</strong></span> <span class='ocrx_word' id='word_1_676' title='bbox 2805 4299 2856 4355; x_wconf 91' lang='lat' dir='ltr'><strong>ei</strong></span> <span class='ocrx_word' id='word_1_677' title='bbox 2913 4294 3215 4352; x_wconf 70' lang='lat' dir='ltr'><strong>transﬁxae</strong></span> <span class='ocrx_word' id='word_1_678' title='bbox 3282 4292 3421 4345; x_wconf 88' lang='lat' dir='ltr'><strong>sunt</strong></span> <span class='ocrx_word' id='word_1_679' title='bbox 3470 4300 3577 4359; x_wconf 90' lang='lat' dir='ltr'><strong>per</strong></span> 
     </span>
    </p>
   </div>
   <div class='ocr_carea' id='block_1_93' title="bbox 1924 4377 3578 4466">
    <p class='ocr_par' dir='ltr' id='par_1_93' title="bbox 1924 4377 3578 4466">
     <span class='ocr_line' id='line_1_93' title="bbox 1924 4377 3578 4466; baseline -0.015 -12"><span class='ocrx_word' id='word_1_680' title='bbox 1924 4413 2171 4466; x_wconf 84' lang='lat' dir='ltr'><strong>ungues.</strong></span> <span class='ocrx_word' id='word_1_681' title='bbox 2235 4394 2498 4451; x_wconf 86' lang='lat' dir='ltr'><strong>Sciovos</strong></span> <span class='ocrx_word' id='word_1_682' title='bbox 2564 4391 2655 4447; x_wconf 86' lang='lat' dir='ltr'><strong>vel</strong></span> <span class='ocrx_word' id='word_1_683' title='bbox 2680 4390 2757 4445; x_wconf 93' lang='lat' dir='ltr'><strong>ad</strong></span> <span class='ocrx_word' id='word_1_684' title='bbox 2785 4387 2983 4443; x_wconf 90' lang='lat' dir='ltr'><strong>solum</strong></span> <span class='ocrx_word' id='word_1_685' title='bbox 3024 4383 3300 4441; x_wconf 89' lang='lat' dir='ltr'><strong>auditum</strong></span> <span class='ocrx_word' id='word_1_686' title='bbox 3365 4377 3578 4433; x_wconf 91' lang='lat' dir='ltr'><strong>exhor-</strong></span> 
     </span>
    </p>
   </div>
   <div class='ocr_carea' id='block_1_94' title="bbox 228 4468 1795 4565">
    <p class='ocr_par' dir='ltr' id='par_1_94' title="bbox 228 4468 1787 4564">
     <span class='ocr_line' id='line_1_94' title="bbox 228 4468 1787 4564; baseline 0.001 -22"><span class='ocrx_word' id='word_1_687' title='bbox 228 4490 365 4553; x_wconf 68' lang='grc' dir='ltr'>μόνην</span> <span class='ocrx_word' id='word_1_688' title='bbox 409 4493 505 4547; x_wconf 77' lang='grc' dir='ltr'>τὴν</span> <span class='ocrx_word' id='word_1_689' title='bbox 564 4488 727 4547; x_wconf 68' lang='grc' dir='ltr'>ἀκοήν</span> <span class='ocrx_word' id='word_1_690' title='bbox 759 4508 771 4520; x_wconf 83' lang='lat'>&#39;</span> <span class='ocrx_word' id='word_1_691' title='bbox 807 4489 1047 4563; x_wconf 75' lang='grc' dir='ltr'>ἐσχάτως</span> <span class='ocrx_word' id='word_1_692' title='bbox 1094 4494 1195 4564; x_wconf 82' lang='grc' dir='ltr'><strong>γὰρ</strong></span> <span class='ocrx_word' id='word_1_693' title='bbox 1251 4494 1280 4552; x_wconf 82' lang='grc' dir='ltr'>ἡ</span> <span class='ocrx_word' id='word_1_694' title='bbox 1323 4491 1557 4564; x_wconf 82' lang='grc' dir='ltr'>βάσανος</span> <span class='ocrx_word' id='word_1_695' title='bbox 1586 4468 1787 4562; x_wconf 79' lang='grc' dir='ltr'>χαλεπὴ</span> 
     </span>
    </p>
   </div>
   <div class='ocr_carea' id='block_1_95' title="bbox 1908 4468 3574 4565">
    <p class='ocr_par' dir='ltr' id='par_1_95' title="bbox 1926 4468 3574 4552">
     <span class='ocr_line' id='line_1_95' title="bbox 1926 4468 3574 4552; baseline -0.015 -10"><span class='ocrx_word' id='word_1_696' title='bbox 1926 4487 2119 4543; x_wconf 89' lang='lat' dir='ltr'><strong>ruisse</strong></span> <span class='ocrx_word' id='word_1_697' title='bbox 2149 4502 2162 4552; x_wconf 90' lang='lat'><strong>;</strong></span> <span class='ocrx_word' id='word_1_698' title='bbox 2196 4488 2281 4539; x_wconf 89' lang='lat' dir='ltr'><strong>est</strong></span> <span class='ocrx_word' id='word_1_699' title='bbox 2310 4483 2469 4538; x_wconf 92' lang='lat' dir='ltr'><strong>enim</strong></span> <span class='ocrx_word' id='word_1_700' title='bbox 2504 4484 2864 4536; x_wconf 91' lang='lat' dir='ltr'><strong>tormentum</strong></span> <span class='ocrx_word' id='word_1_701' title='bbox 2910 4476 3083 4543; x_wconf 87' lang='lat' dir='ltr'><strong>longe</strong></span> <span class='ocrx_word' id='word_1_702' title='bbox 3133 4468 3574 4543; x_wconf 84' lang='lat' dir='ltr'><strong>gravissimum.</strong></span> 
     </span>
    </p>
   </div>
   <div class='ocr_carea' id='block_1_96' title="bbox 228 4574 1817 4673">
    <p class='ocr_par' dir='ltr' id='par_1_96' title="bbox 228 4574 1817 4673">
     <span class='ocr_line' id='line_1_96' title="bbox 228 4574 1817 4673; baseline -0.001 -40"><span class='ocrx_word' id='word_1_703' title='bbox 228 4574 342 4673; x_wconf 46' lang='lat' dir='ltr'><strong>‘fm.’</strong></span> <span class='ocrx_word' id='word_1_704' title='bbox 390 4596 413 4629; x_wconf 88' lang='grc' dir='ltr'><strong>ο</strong></span> <span class='ocrx_word' id='word_1_705' title='bbox 469 4581 692 4651; x_wconf 79' lang='grc' dir='ltr'>μάρτυς,</span> <span class='ocrx_word' id='word_1_706' title='bbox 746 4580 816 4641; x_wconf 84' lang='grc' dir='ltr'><strong>εἰς</strong></span> <span class='ocrx_word' id='word_1_707' title='bbox 866 4581 1080 4653; x_wconf 80' lang='grc' dir='ltr'>ούρανόν</span> <span class='ocrx_word' id='word_1_708' title='bbox 1119 4580 1302 4642; x_wconf 77' lang='grc' dir='ltr'>ἀτενῶς</span> <span class='ocrx_word' id='word_1_709' title='bbox 1356 4581 1669 4652; x_wconf 55' lang='grc' dir='ltr'>ἀναϐλέψας,</span> <span class='ocrx_word' id='word_1_710' title='bbox 1727 4584 1817 4632; x_wconf 83' lang='grc' dir='ltr'><strong>καὶ</strong></span> 
     </span>
    </p>
   </div>
   <div class='ocr_carea' id='block_1_97' title="bbox 232 4667 1815 4740">
    <p class='ocr_par' dir='ltr' id='par_1_97' title="bbox 232 4667 1815 4740">
     <span class='ocr_line' id='line_1_97' title="bbox 232 4667 1815 4740; baseline 0.006 -28"><span class='ocrx_word' id='word_1_711' title='bbox 232 4681 381 4736; x_wconf 78' lang='grc' dir='ltr'>ωσπερ</span> <span class='ocrx_word' id='word_1_712' title='bbox 439 4667 563 4725; x_wconf 83' lang='grc' dir='ltr'>ὅλην</span> <span class='ocrx_word' id='word_1_713' title='bbox 620 4667 727 4720; x_wconf 80' lang='grc' dir='ltr'>ἐκεῖ</span> <span class='ocrx_word' id='word_1_714' title='bbox 781 4672 907 4740; x_wconf 87' lang='grc' dir='ltr'>μετὰ</span> <span class='ocrx_word' id='word_1_715' title='bbox 964 4679 1060 4732; x_wconf 87' lang='grc' dir='ltr'>τῆς</span> <span class='ocrx_word' id='word_1_716' title='bbox 1117 4668 1353 4732; x_wconf 81' lang='grc' dir='ltr'>διανοίας</span> <span class='ocrx_word' id='word_1_717' title='bbox 1423 4672 1521 4731; x_wconf 82' lang='grc' dir='ltr'>θεὶς</span> <span class='ocrx_word' id='word_1_718' title='bbox 1577 4675 1666 4722; x_wconf 81' lang='grc' dir='ltr'>καὶ</span> <span class='ocrx_word' id='word_1_719' title='bbox 1721 4674 1815 4728; x_wconf 82' lang='grc' dir='ltr'>τὴν</span> 
     </span>
    </p>
   </div>
   <div class='ocr_carea' id='block_1_98' title="bbox 232 4753 1810 4850">
    <p class='ocr_par' dir='ltr' id='par_1_98' title="bbox 232 4753 1810 4850">
     <span class='ocr_line' id='line_1_98' title="bbox 232 4753 1810 4850; baseline -0.016 -35"><span class='ocrx_word' id='word_1_720' title='bbox 232 4754 478 4850; x_wconf 36' lang='lat' dir='ltr'><strong>afﬁnem,</strong></span> <span class='ocrx_word' id='word_1_721' title='bbox 536 4753 663 4809; x_wconf 69' lang='grc' dir='ltr'><strong>οὐδὲ</strong></span> <span class='ocrx_word' id='word_1_722' title='bbox 714 4755 899 4831; x_wconf 82' lang='grc' dir='ltr'>βραχύ</span> <span class='ocrx_word' id='word_1_723' title='bbox 955 4766 1081 4830; x_wconf 90' lang='grc' dir='ltr'>γοῦν</span> <span class='ocrx_word' id='word_1_724' title='bbox 1131 4758 1394 4834; x_wconf 77' lang='grc' dir='ltr'>ἐφρόντιζε</span> <span class='ocrx_word' id='word_1_725' title='bbox 1443 4767 1534 4820; x_wconf 84' lang='grc' dir='ltr'>τῆς</span> <span class='ocrx_word' id='word_1_726' title='bbox 1591 4755 1810 4819; x_wconf 67' lang='grc' dir='ltr'><strong>ὀδύνης.</strong></span> 
     </span>
    </p>
   </div>
   <div class='ocr_carea' id='block_1_99' title="bbox 233 4840 1817 4922">
    <p class='ocr_par' dir='ltr' id='par_1_99' title="bbox 233 4840 1817 4922">
     <span class='ocr_line' id='line_1_99' title="bbox 233 4840 1817 4922; baseline 0.007 -34"><span class='ocrx_word' id='word_1_727' title='bbox 233 4840 324 4890; x_wconf 66' lang='grc' dir='ltr'>αλλ’</span> <span class='ocrx_word' id='word_1_728' title='bbox 370 4844 589 4907; x_wconf 65' lang='grc' dir='ltr'>εὖκόλως</span> <span class='ocrx_word' id='word_1_729' title='bbox 638 4846 789 4907; x_wconf 76' lang='grc' dir='ltr'>αὐτὸς</span> <span class='ocrx_word' id='word_1_730' title='bbox 826 4849 966 4919; x_wconf 75' lang='grc' dir='ltr'>ἔφερε</span> <span class='ocrx_word' id='word_1_731' title='bbox 1014 4847 1225 4920; x_wconf 84' lang='grc' dir='ltr'>μᾶλλον,</span> <span class='ocrx_word' id='word_1_732' title='bbox 1270 4848 1298 4907; x_wconf 79' lang='grc' dir='ltr'><strong><em>ἦ</em></strong></span> <span class='ocrx_word' id='word_1_733' title='bbox 1351 4850 1375 4900; x_wconf 90' lang='lat'><strong>6</strong></span> <span class='ocrx_word' id='word_1_734' title='bbox 1423 4850 1606 4921; x_wconf 80' lang='grc' dir='ltr'>ἄρχων</span> <span class='ocrx_word' id='word_1_735' title='bbox 1654 4866 1817 4922; x_wconf 85' lang='grc' dir='ltr'>προσ-</span> 
     </span>
    </p>
   </div>
   <div class='ocr_carea' id='block_1_100' title="bbox 232 4932 1811 5007">
    <p class='ocr_par' dir='ltr' id='par_1_100' title="bbox 232 4932 1811 5007">
     <span class='ocr_line' id='line_1_100' title="bbox 232 4932 1811 5007; baseline 0.007 -27"><span class='ocrx_word' id='word_1_736' title='bbox 232 4947 450 4984; x_wconf 71' lang='grc' dir='ltr'><strong>ετριιττεν⁹</strong></span> <span class='ocrx_word' id='word_1_737' title='bbox 480 4936 553 4994; x_wconf 85' lang='grc' dir='ltr'>ὡς</span> <span class='ocrx_word' id='word_1_738' title='bbox 602 4932 690 4987; x_wconf 80' lang='grc' dir='ltr'>οὖν</span> <span class='ocrx_word' id='word_1_739' title='bbox 734 4941 819 4988; x_wconf 80' lang='grc' dir='ltr'>καὶ</span> <span class='ocrx_word' id='word_1_740' title='bbox 877 4937 1009 4995; x_wconf 73' lang='grc' dir='ltr'>αὕτη</span> <span class='ocrx_word' id='word_1_741' title='bbox 1060 4945 1131 5007; x_wconf 85' lang='grc' dir='ltr'>τῷ</span> <span class='ocrx_word' id='word_1_742' title='bbox 1187 4935 1437 4991; x_wconf 82' lang='grc' dir='ltr'>δυσσεϐεῖ</span> <span class='ocrx_word' id='word_1_743' title='bbox 1485 4934 1728 4998; x_wconf 70' lang='grc' dir='ltr'>διακενῆς</span> <span class='ocrx_word' id='word_1_744' title='bbox 1781 4938 1811 4994; x_wconf 78' lang='grc' dir='ltr'>ἡ</span> 
     </span>
    </p>
   </div>
   <div class='ocr_carea' id='block_1_101' title="bbox 237 5016 1815 5117">
    <p class='ocr_par' dir='ltr' id='par_1_101' title="bbox 237 5016 1815 5117">
     <span class='ocr_line' id='line_1_101' title="bbox 237 5016 1815 5117; baseline 0.004 -46"><span class='ocrx_word' id='word_1_745' title='bbox 237 5016 446 5117; x_wconf 46' lang='lat' dir='ltr'><strong>aqua»;</strong></span> <span class='ocrx_word' id='word_1_746' title='bbox 499 5024 831 5096; x_wconf 76' lang='grc' dir='ltr'>ἐξηλέγχετο,</span> <span class='ocrx_word' id='word_1_747' title='bbox 896 5025 1068 5097; x_wconf 70' lang='grc' dir='ltr'>ἑτέραν</span> <span class='ocrx_word' id='word_1_748' title='bbox 1122 5023 1272 5088; x_wconf 79' lang='grc' dir='ltr'>αὖθις</span> <span class='ocrx_word' id='word_1_749' title='bbox 1319 5030 1509 5101; x_wconf 83' lang='grc' dir='ltr'>πικρὰν</span> <span class='ocrx_word' id='word_1_750' title='bbox 1562 5030 1815 5099; x_wconf 78' lang='grc' dir='ltr'>τιμωρίαν</span> 
     </span>
    </p>
   </div>
   <div class='ocr_carea' id='block_1_102' title="bbox 237 5106 1815 5190">
    <p class='ocr_par' dir='ltr' id='par_1_102' title="bbox 237 5106 1815 5190">
     <span class='ocr_line' id='line_1_102' title="bbox 237 5106 1815 5190; baseline 0.003 -28"><span class='ocrx_word' id='word_1_751' title='bbox 237 5106 280 5169; x_wconf 85' lang='grc' dir='ltr'>εξ</span> <span class='ocrx_word' id='word_1_752' title='bbox 320 5110 582 5182; x_wconf 78' lang='grc' dir='ltr'>ὠμότητός</span> <span class='ocrx_word' id='word_1_753' title='bbox 626 5133 682 5166; x_wconf 90' lang='grc' dir='ltr'><strong>τε</strong></span> <span class='ocrx_word' id='word_1_754' title='bbox 728 5119 817 5167; x_wconf 84' lang='grc' dir='ltr'>καὶ</span> <span class='ocrx_word' id='word_1_755' title='bbox 861 5120 1110 5190; x_wconf 90' lang='grc' dir='ltr'>πονηρίας</span> <span class='ocrx_word' id='word_1_756' title='bbox 1153 5114 1360 5179; x_wconf 74' lang='grc' dir='ltr'>ἐπινοεῖ,</span> <span class='ocrx_word' id='word_1_757' title='bbox 1394 5121 1482 5169; x_wconf 84' lang='grc' dir='ltr'>καὶ</span> <span class='ocrx_word' id='word_1_758' title='bbox 1529 5115 1718 5169; x_wconf 87' lang='grc' dir='ltr'>κελεύει</span> <span class='ocrx_word' id='word_1_759' title='bbox 1756 5117 1815 5167; x_wconf 84' lang='grc' dir='ltr'><strong>τό</strong></span> 
     </span>
    </p>
   </div>
   <div class='ocr_carea' id='block_1_103' title="bbox 241 5199 1817 5279">
    <p class='ocr_par' dir='ltr' id='par_1_103' title="bbox 241 5199 1817 5279">
     <span class='ocr_line' id='line_1_103' title="bbox 241 5199 1817 5279; baseline -0.005 -26"><span class='ocrx_word' id='word_1_760' title='bbox 241 5202 388 5269; x_wconf 73' lang='grc' dir='ltr'>στόμα</span> <span class='ocrx_word' id='word_1_761' title='bbox 429 5199 747 5274; x_wconf 82' lang='grc' dir='ltr'>διανοιγέντι</span> <span class='ocrx_word' id='word_1_762' title='bbox 788 5212 860 5274; x_wconf 84' lang='grc' dir='ltr'>τῷ</span> <span class='ocrx_word' id='word_1_763' title='bbox 909 5206 1134 5279; x_wconf 84' lang='grc' dir='ltr'>μάρτυρι</span> <span class='ocrx_word' id='word_1_764' title='bbox 1185 5202 1447 5277; x_wconf 72' lang='grc' dir='ltr'>μόλυϐδον</span> <span class='ocrx_word' id='word_1_765' title='bbox 1494 5204 1636 5276; x_wconf 84' lang='grc' dir='ltr'>αύτῷ</span> <span class='ocrx_word' id='word_1_766' title='bbox 1667 5206 1817 5276; x_wconf 60' lang='grc' dir='ltr'><strong>ἓοκχε.</strong></span> 
     </span>
    </p>
   </div>
   <div class='ocr_carea' id='block_1_104' title="bbox 243 5285 1815 5385">
    <p class='ocr_par' dir='ltr' id='par_1_104' title="bbox 243 5285 1815 5385">
     <span class='ocr_line' id='line_1_104' title="bbox 243 5285 1815 5385; baseline 0.001 -41"><span class='ocrx_word' id='word_1_767' title='bbox 243 5285 372 5385; x_wconf 55' lang='grc' dir='ltr'>ξῆναι</span> <span class='ocrx_word' id='word_1_768' title='bbox 425 5289 637 5365; x_wconf 82' lang='grc' dir='ltr'>σφόδρα</span> <span class='ocrx_word' id='word_1_769' title='bbox 694 5289 1001 5350; x_wconf 82' lang='grc' dir='ltr'>διακαέντα.</span> <span class='ocrx_word' id='word_1_770' title='bbox 1068 5294 1208 5347; x_wconf 81' lang='grc' dir='ltr'>Ἐπεὶ</span> <span class='ocrx_word' id='word_1_771' title='bbox 1265 5295 1352 5347; x_wconf 81' lang='grc' dir='ltr'>οὖν</span> <span class='ocrx_word' id='word_1_772' title='bbox 1406 5297 1535 5367; x_wconf 80' lang='grc' dir='ltr'>ἔγνω</span> <span class='ocrx_word' id='word_1_773' title='bbox 1581 5301 1733 5347; x_wconf 89' lang='grc' dir='ltr'>τοῦτο</span> <span class='ocrx_word' id='word_1_774' title='bbox 1791 5294 1815 5345; x_wconf 92' lang='lat'><strong>6</strong></span> 
     </span>
    </p>
   </div>
   <div class='ocr_carea' id='block_1_105' title="bbox 243 5376 1815 5457">
    <p class='ocr_par' dir='ltr' id='par_1_105' title="bbox 243 5378 1815 5457">
     <span class='ocr_line' id='line_1_105' title="bbox 243 5378 1815 5457; baseline -0.001 -22"><span class='ocrx_word' id='word_1_775' title='bbox 243 5378 460 5445; x_wconf 68' lang='grc' dir='ltr'>αθιοητὴς,</span> <span class='ocrx_word' id='word_1_776' title='bbox 501 5386 591 5433; x_wconf 82' lang='grc' dir='ltr'>καὶ</span> <span class='ocrx_word' id='word_1_777' title='bbox 637 5388 823 5455; x_wconf 84' lang='grc' dir='ltr'>χεῖρας</span> <span class='ocrx_word' id='word_1_778' title='bbox 876 5381 987 5455; x_wconf 80' lang='grc' dir='ltr'><strong>ἃμα</strong></span> <span class='ocrx_word' id='word_1_779' title='bbox 1034 5388 1121 5435; x_wconf 73' lang='grc' dir='ltr'><strong>καὶ</strong></span> <span class='ocrx_word' id='word_1_780' title='bbox 1176 5386 1267 5441; x_wconf 79' lang='grc' dir='ltr'>τὴν</span> <span class='ocrx_word' id='word_1_781' title='bbox 1314 5383 1500 5454; x_wconf 76' lang='grc' dir='ltr'>ψυχὴν</span> <span class='ocrx_word' id='word_1_782' title='bbox 1548 5386 1679 5457; x_wconf 88' lang='grc' dir='ltr'>πρός</span> <span class='ocrx_word' id='word_1_783' title='bbox 1730 5385 1815 5434; x_wconf 86' lang='grc' dir='ltr'><strong>τόν</strong></span> 
     </span>
    </p>
   </div>
   <div class='ocr_carea' id='block_1_106' title="bbox 245 5468 1812 5564">
    <p class='ocr_par' dir='ltr' id='par_1_106' title="bbox 245 5468 1812 5564">
     <span class='ocr_line' id='line_1_106' title="bbox 245 5468 1812 5564; baseline 0.006 -48"><span class='ocrx_word' id='word_1_784' title='bbox 245 5470 352 5564; x_wconf 50' lang='grc' dir='ltr'>θεὸν</span> <span class='ocrx_word' id='word_1_785' title='bbox 396 5468 633 5539; x_wconf 71' lang='grc' dir='ltr'>ύψώσας,</span> <span class='ocrx_word' id='word_1_786' title='bbox 664 5472 898 5524; x_wconf 80' lang='grc' dir='ltr'>Δίσποτά</span> <span class='ocrx_word' id='word_1_787' title='bbox 948 5491 1071 5543; x_wconf 84' lang='grc' dir='ltr'>μου,</span> <span class='ocrx_word' id='word_1_788' title='bbox 1124 5475 1324 5544; x_wconf 77' lang='grc' dir='ltr'>ἔφησεν,</span> <span class='ocrx_word' id='word_1_789' title='bbox 1366 5473 1542 5530; x_wconf 83' lang='grc' dir='ltr'>Ἰησοῦ</span> <span class='ocrx_word' id='word_1_790' title='bbox 1594 5474 1812 5546; x_wconf 74' lang='grc' dir='ltr'>Χριστὲ,</span> 
     </span>
    </p>
   </div>
   <div class='ocr_carea' id='block_1_107' title="bbox 245 5558 1815 5635">
    <p class='ocr_par' dir='ltr' id='par_1_107' title="bbox 245 5558 1815 5635">
     <span class='ocr_line' id='line_1_107' title="bbox 245 5558 1815 5635; baseline 0.005 -30"><span class='ocrx_word' id='word_1_791' title='bbox 245 5563 545 5628; x_wconf 78' lang='grc' dir='ltr'>οκρείττονά</span> <span class='ocrx_word' id='word_1_792' title='bbox 596 5580 657 5632; x_wconf 83' lang='grc' dir='ltr'><strong>με</strong></span> <span class='ocrx_word' id='word_1_793' title='bbox 706 5569 805 5613; x_wconf 91' lang='grc' dir='ltr'><strong>τῶν</strong></span> <span class='ocrx_word' id='word_1_794' title='bbox 852 5558 959 5620; x_wconf 75' lang='grc' dir='ltr'>ἤδη</span> <span class='ocrx_word' id='word_1_795' title='bbox 1011 5561 1380 5635; x_wconf 82' lang='grc' dir='ltr'>προλαϐουσῶν</span> <span class='ocrx_word' id='word_1_796' title='bbox 1433 5559 1606 5625; x_wconf 77' lang='grc' dir='ltr'>δείξας</span> <span class='ocrx_word' id='word_1_797' title='bbox 1656 5581 1815 5633; x_wconf 85' lang='grc' dir='ltr'>τιμω-</span> 
     </span>
    </p>
   </div>
   <div class='ocr_carea' id='block_1_108' title="bbox 248 5650 1809 5727">
    <p class='ocr_par' dir='ltr' id='par_1_108' title="bbox 248 5650 1809 5727">
     <span class='ocr_line' id='line_1_108' title="bbox 248 5650 1809 5727; baseline 0.006 -33"><span class='ocrx_word' id='word_1_798' title='bbox 248 5652 368 5716; x_wconf 75' lang='grc' dir='ltr'>ριῶν,</span> <span class='ocrx_word' id='word_1_799' title='bbox 401 5653 488 5702; x_wconf 77' lang='grc' dir='ltr'>καὶ</span> <span class='ocrx_word' id='word_1_800' title='bbox 516 5656 603 5704; x_wconf 86' lang='grc' dir='ltr'><strong>νῦν</strong></span> <span class='ocrx_word' id='word_1_801' title='bbox 650 5652 954 5725; x_wconf 86' lang='grc' dir='ltr'>παράστηθί</span> <span class='ocrx_word' id='word_1_802' title='bbox 994 5670 1105 5727; x_wconf 87' lang='grc' dir='ltr'>μοι,</span> <span class='ocrx_word' id='word_1_803' title='bbox 1136 5656 1266 5725; x_wconf 88' lang='grc' dir='ltr'>μόνη</span> <span class='ocrx_word' id='word_1_804' title='bbox 1316 5650 1429 5725; x_wconf 74' lang='grc' dir='ltr'>ἐμοὶ</span> <span class='ocrx_word' id='word_1_805' title='bbox 1459 5650 1809 5726; x_wconf 82' lang='grc' dir='ltr'>παράκλησις,</span> 
     </span>
    </p>
   </div>
   <div class='ocr_carea' id='block_1_109' title="bbox 1929 4556 3577 4645">
    <p class='ocr_par' dir='ltr' id='par_1_109' title="bbox 1929 4556 3577 4645">
     <span class='ocr_line' id='line_1_109' title="bbox 1929 4556 3577 4645; baseline -0.015 -13"><span class='ocrx_word' id='word_1_806' title='bbox 1929 4576 2038 4632; x_wconf 89' lang='lat' dir='ltr'><strong>Sed</strong></span> <span class='ocrx_word' id='word_1_807' title='bbox 2069 4578 2312 4645; x_wconf 88' lang='lat' dir='ltr'><strong>martyr,</strong></span> <span class='ocrx_word' id='word_1_808' title='bbox 2341 4571 2471 4627; x_wconf 84' lang='lat' dir='ltr'><strong>ﬁxis</strong></span> <span class='ocrx_word' id='word_1_809' title='bbox 2501 4568 2689 4626; x_wconf 91' lang='lat' dir='ltr'><strong>oculis</strong></span> <span class='ocrx_word' id='word_1_810' title='bbox 2707 4566 2923 4623; x_wconf 76' lang='lat' dir='ltr'><strong>coelum</strong></span> <span class='ocrx_word' id='word_1_811' title='bbox 2959 4556 3476 4631; x_wconf 82' lang='lat' dir='ltr'><strong>intuens,perinde</strong></span> <span class='ocrx_word' id='word_1_812' title='bbox 3508 4569 3577 4609; x_wconf 91' lang='lat' dir='ltr'><strong>ac</strong></span> 
     </span>
    </p>
   </div>
   <div class='ocr_carea' id='block_1_110' title="bbox 1927 4647 3579 4723">
    <p class='ocr_par' dir='ltr' id='par_1_110' title="bbox 1927 4647 3579 4723">
     <span class='ocr_line' id='line_1_110' title="bbox 1927 4647 3579 4723; baseline -0.015 -2"><span class='ocrx_word' id='word_1_813' title='bbox 1927 4666 1974 4720; x_wconf 93' lang='lat' dir='ltr'><strong>si</strong></span> <span class='ocrx_word' id='word_1_814' title='bbox 1998 4669 2187 4720; x_wconf 93' lang='lat' dir='ltr'><strong>totum</strong></span> <span class='ocrx_word' id='word_1_815' title='bbox 2230 4676 2471 4718; x_wconf 87' lang='lat' dir='ltr'><strong>sensum</strong></span> <span class='ocrx_word' id='word_1_816' title='bbox 2529 4658 2643 4714; x_wconf 89' lang='lat' dir='ltr'><strong>illic</strong></span> <span class='ocrx_word' id='word_1_817' title='bbox 2703 4672 2841 4711; x_wconf 84' lang='lat' dir='ltr'><strong>cum</strong></span> <span class='ocrx_word' id='word_1_818' title='bbox 2874 4660 3070 4710; x_wconf 88' lang='lat' dir='ltr'><strong>mente</strong></span> <span class='ocrx_word' id='word_1_819' title='bbox 3126 4647 3445 4723; x_wconf 85' lang='lat' dir='ltr'><strong>posuisset,</strong></span> <span class='ocrx_word' id='word_1_820' title='bbox 3504 4658 3579 4698; x_wconf 91' lang='lat' dir='ltr'><strong>ne</strong></span> 
     </span>
    </p>
   </div>
   <div class='ocr_carea' id='block_1_111' title="bbox 1927 4733 3582 4824">
    <p class='ocr_par' dir='ltr' id='par_1_111' title="bbox 1927 4733 3582 4824">
     <span class='ocr_line' id='line_1_111' title="bbox 1927 4733 3582 4824; baseline -0.015 -14"><span class='ocrx_word' id='word_1_821' title='bbox 1927 4754 2247 4810; x_wconf 88' lang='lat' dir='ltr'><strong>minimum</strong></span> <span class='ocrx_word' id='word_1_822' title='bbox 2276 4750 2522 4824; x_wconf 90' lang='lat' dir='ltr'><strong>quidem</strong></span> <span class='ocrx_word' id='word_1_823' title='bbox 2560 4745 2805 4803; x_wconf 89' lang='lat' dir='ltr'><strong>curabat</strong></span> <span class='ocrx_word' id='word_1_824' title='bbox 2834 4744 3194 4800; x_wconf 90' lang='lat' dir='ltr'><strong>cruciatum:</strong></span> <span class='ocrx_word' id='word_1_825' title='bbox 3227 4736 3331 4793; x_wconf 90' lang='lat' dir='ltr'><strong>sed</strong></span> <span class='ocrx_word' id='word_1_826' title='bbox 3356 4733 3582 4790; x_wconf 87' lang='lat' dir='ltr'><strong>ferebat</strong></span> 
     </span>
    </p>
   </div>
   <div class='ocr_carea' id='block_1_112' title="bbox 1927 4829 3580 4915">
    <p class='ocr_par' dir='ltr' id='par_1_112' title="bbox 1927 4829 3580 4915">
     <span class='ocr_line' id='line_1_112' title="bbox 1927 4829 3580 4915; baseline -0.015 -16"><span class='ocrx_word' id='word_1_827' title='bbox 1927 4843 2051 4915; x_wconf 89' lang='lat' dir='ltr'><strong>ipse</strong></span> <span class='ocrx_word' id='word_1_828' title='bbox 2083 4841 2334 4905; x_wconf 87' lang='lat' dir='ltr'><strong>facilius,</strong></span> <span class='ocrx_word' id='word_1_829' title='bbox 2369 4854 2551 4911; x_wconf 87' lang='lat' dir='ltr'><strong>quam</strong></span> <span class='ocrx_word' id='word_1_830' title='bbox 2574 4851 2797 4908; x_wconf 63' lang='lat' dir='ltr'><strong>praeses</strong></span> <span class='ocrx_word' id='word_1_831' title='bbox 2847 4830 3206 4903; x_wconf 87' lang='lat' dir='ltr'><strong>imperabat.</strong></span> <span class='ocrx_word' id='word_1_832' title='bbox 3261 4829 3580 4896; x_wconf 86' lang='lat' dir='ltr'><strong>Postquam</strong></span> 
     </span>
    </p>
   </div>
   <div class='ocr_carea' id='block_1_113' title="bbox 1926 4913 3578 5004">
    <p class='ocr_par' dir='ltr' id='par_1_113' title="bbox 1926 4913 3578 5004">
     <span class='ocr_line' id='line_1_113' title="bbox 1926 4913 3578 5004; baseline -0.014 -16"><span class='ocrx_word' id='word_1_833' title='bbox 1926 4949 2063 5004; x_wconf 86' lang='lat' dir='ltr'><strong>ergo</strong></span> <span class='ocrx_word' id='word_1_834' title='bbox 2124 4930 2310 5001; x_wconf 93' lang='lat' dir='ltr'><strong>impio</strong></span> <span class='ocrx_word' id='word_1_835' title='bbox 2342 4930 2455 4984; x_wconf 91' lang='lat' dir='ltr'><strong>hoc</strong></span> <span class='ocrx_word' id='word_1_836' title='bbox 2488 4929 2847 4982; x_wconf 91' lang='lat' dir='ltr'><strong>tormentum</strong></span> <span class='ocrx_word' id='word_1_837' title='bbox 2880 4921 2986 4977; x_wconf 87' lang='lat' dir='ltr'><strong>fuit</strong></span> <span class='ocrx_word' id='word_1_838' title='bbox 3011 4920 3187 4975; x_wconf 90' lang='lat' dir='ltr'><strong>inane</strong></span> <span class='ocrx_word' id='word_1_839' title='bbox 3226 4921 3283 4972; x_wconf 93' lang='lat' dir='ltr'><strong>et</strong></span> <span class='ocrx_word' id='word_1_840' title='bbox 3328 4913 3578 4977; x_wconf 90' lang='lat' dir='ltr'><strong>irritum,</strong></span> 
     </span>
    </p>
   </div>
   <div class='ocr_carea' id='block_1_114' title="bbox 1926 5005 3581 5085">
    <p class='ocr_par' dir='ltr' id='par_1_114' title="bbox 1926 5005 3581 5085">
     <span class='ocr_line' id='line_1_114' title="bbox 1926 5005 3581 5085; baseline -0.014 -8"><span class='ocrx_word' id='word_1_841' title='bbox 1926 5022 2110 5078; x_wconf 91' lang='lat' dir='ltr'><strong>alium</strong></span> <span class='ocrx_word' id='word_1_842' title='bbox 2172 5035 2377 5074; x_wconf 90' lang='lat' dir='ltr'><strong>rursus</strong></span> <span class='ocrx_word' id='word_1_843' title='bbox 2408 5014 2706 5085; x_wconf 86' lang='lat' dir='ltr'><strong>excogitat</strong></span> <span class='ocrx_word' id='word_1_844' title='bbox 2761 5010 3045 5068; x_wconf 89' lang='lat' dir='ltr'><strong>acerbum</strong></span> <span class='ocrx_word' id='word_1_845' title='bbox 3110 5005 3440 5062; x_wconf 89' lang='lat' dir='ltr'><strong>cruciatum</strong></span> <span class='ocrx_word' id='word_1_846' title='bbox 3509 5011 3581 5054; x_wconf 86' lang='lat' dir='ltr'><strong>ex</strong></span> 
     </span>
    </p>
   </div>
   <div class='ocr_carea' id='block_1_115' title="bbox 1926 5088 3581 5175">
    <p class='ocr_par' dir='ltr' id='par_1_115' title="bbox 1926 5088 3581 5175">
     <span class='ocr_line' id='line_1_115' title="bbox 1926 5088 3581 5175; baseline -0.015 -9"><span class='ocrx_word' id='word_1_847' title='bbox 1926 5108 2297 5166; x_wconf 87' lang='lat' dir='ltr'><strong>immanitate</strong></span> <span class='ocrx_word' id='word_1_848' title='bbox 2351 5112 2408 5163; x_wconf 90' lang='lat' dir='ltr'><strong>et</strong></span> <span class='ocrx_word' id='word_1_849' title='bbox 2450 5121 2519 5161; x_wconf 89' lang='lat' dir='ltr'><strong>ex</strong></span> <span class='ocrx_word' id='word_1_850' title='bbox 2561 5095 3253 5175; x_wconf 80' lang='lat' dir='ltr'><strong>improbitatezetjubet</strong></span> <span class='ocrx_word' id='word_1_851' title='bbox 3302 5088 3581 5161; x_wconf 90' lang='lat' dir='ltr'><strong>martyris</strong></span> 
     </span>
    </p>
   </div>
   <div class='ocr_carea' id='block_1_116' title="bbox 1926 5177 3572 5270">
    <p class='ocr_par' dir='ltr' id='par_1_116' title="bbox 1926 5177 3572 5270">
     <span class='ocr_line' id='line_1_116' title="bbox 1926 5177 3572 5270; baseline -0.013 -14"><span class='ocrx_word' id='word_1_852' title='bbox 1926 5214 2027 5255; x_wconf 89' lang='lat' dir='ltr'><strong>ore</strong></span> <span class='ocrx_word' id='word_1_853' title='bbox 2090 5202 2296 5270; x_wconf 87' lang='lat' dir='ltr'><strong>aperto</strong></span> <span class='ocrx_word' id='word_1_854' title='bbox 2326 5194 2640 5268; x_wconf 91' lang='lat' dir='ltr'><strong>plumbum</strong></span> <span class='ocrx_word' id='word_1_855' title='bbox 2694 5191 2863 5246; x_wconf 89' lang='lat' dir='ltr'><strong>valde</strong></span> <span class='ocrx_word' id='word_1_856' title='bbox 2902 5186 3168 5243; x_wconf 90' lang='lat' dir='ltr'><strong>candens</strong></span> <span class='ocrx_word' id='word_1_857' title='bbox 3225 5183 3277 5237; x_wconf 91' lang='lat' dir='ltr'><strong>ei</strong></span> <span class='ocrx_word' id='word_1_858' title='bbox 3316 5177 3572 5235; x_wconf 89' lang='lat' dir='ltr'><strong>infundi.</strong></span> 
     </span>
    </p>
   </div>
   <div class='ocr_carea' id='block_1_117' title="bbox 1928 5265 3582 5360">
    <p class='ocr_par' dir='ltr' id='par_1_117' title="bbox 1928 5265 3582 5360">
     <span class='ocr_line' id='line_1_117' title="bbox 1928 5265 3582 5360; baseline -0.014 -16"><span class='ocrx_word' id='word_1_859' title='bbox 1928 5265 2253 5360; x_wconf 77' lang='lat' dir='ltr'><strong>Postquam</strong></span> <span class='ocrx_word' id='word_1_860' title='bbox 2284 5265 2423 5356; x_wconf 77' lang='lat' dir='ltr'><strong>ergo</strong></span> <span class='ocrx_word' id='word_1_861' title='bbox 2446 5283 2560 5339; x_wconf 91' lang='lat' dir='ltr'><strong>hoc</strong></span> <span class='ocrx_word' id='word_1_862' title='bbox 2586 5279 2869 5351; x_wconf 84' lang='lat' dir='ltr'><strong>cognovit</strong></span> <span class='ocrx_word' id='word_1_863' title='bbox 2898 5275 3134 5340; x_wconf 90' lang='lat' dir='ltr'><strong>athleta,</strong></span> <span class='ocrx_word' id='word_1_864' title='bbox 3164 5285 3380 5328; x_wconf 89' lang='lat' dir='ltr'><strong>manus</strong></span> <span class='ocrx_word' id='word_1_865' title='bbox 3403 5265 3582 5324; x_wconf 92' lang='lat' dir='ltr'><strong>simul</strong></span> 
     </span>
    </p>
   </div>
   <div class='ocr_carea' id='block_1_118' title="bbox 1926 5356 3578 5435">
    <p class='ocr_par' dir='ltr' id='par_1_118' title="bbox 1926 5356 3578 5435">
     <span class='ocr_line' id='line_1_118' title="bbox 1926 5356 3578 5435; baseline -0.015 0"><span class='ocrx_word' id='word_1_866' title='bbox 1926 5384 1983 5435; x_wconf 87' lang='lat' dir='ltr'><strong>et</strong></span> <span class='ocrx_word' id='word_1_867' title='bbox 2020 5378 2291 5434; x_wconf 86' lang='lat' dir='ltr'><strong>animum</strong></span> <span class='ocrx_word' id='word_1_868' title='bbox 2331 5372 2610 5431; x_wconf 84' lang='lat' dir='ltr'><strong>extollens</strong></span> <span class='ocrx_word' id='word_1_869' title='bbox 2654 5370 2730 5427; x_wconf 92' lang='lat' dir='ltr'><strong>ad</strong></span> <span class='ocrx_word' id='word_1_870' title='bbox 2787 5367 3150 5424; x_wconf 90' lang='lat' dir='ltr'><strong>Dominum:</strong></span> <span class='ocrx_word' id='word_1_871' title='bbox 3188 5359 3434 5418; x_wconf 91' lang='lat' dir='ltr'><strong>Domine</strong></span> <span class='ocrx_word' id='word_1_872' title='bbox 3477 5356 3578 5421; x_wconf 91' lang='lat' dir='ltr'><strong>mi,</strong></span> 
     </span>
    </p>
   </div>
   <div class='ocr_carea' id='block_1_119' title="bbox 1924 5446 3579 5540">
    <p class='ocr_par' dir='ltr' id='par_1_119' title="bbox 1924 5446 3579 5540">
     <span class='ocr_line' id='line_1_119' title="bbox 1924 5446 3579 5540; baseline -0.013 -16"><span class='ocrx_word' id='word_1_873' title='bbox 1924 5468 2137 5540; x_wconf 89' lang='lat' dir='ltr'><strong>inquit,</strong></span> <span class='ocrx_word' id='word_1_874' title='bbox 2176 5465 2316 5522; x_wconf 86' lang='lat' dir='ltr'><strong>Jesu</strong></span> <span class='ocrx_word' id='word_1_875' title='bbox 2353 5462 2600 5530; x_wconf 87' lang='lat' dir='ltr'><strong>Christe,</strong></span> <span class='ocrx_word' id='word_1_876' title='bbox 2636 5458 2739 5531; x_wconf 91' lang='lat' dir='ltr'><strong>qui</strong></span> <span class='ocrx_word' id='word_1_877' title='bbox 2781 5473 2875 5514; x_wconf 87' lang='lat' dir='ltr'><strong>me</strong></span> <span class='ocrx_word' id='word_1_878' title='bbox 2916 5454 3099 5512; x_wconf 85' lang='lat' dir='ltr'><strong>fecisti</strong></span> <span class='ocrx_word' id='word_1_879' title='bbox 3139 5451 3442 5509; x_wconf 86' lang='lat' dir='ltr'><strong>fortiorem</strong></span> <span class='ocrx_word' id='word_1_880' title='bbox 3483 5446 3579 5512; x_wconf 90' lang='lat' dir='ltr'><strong>iis,</strong></span> 
     </span>
    </p>
   </div>
   <div class='ocr_carea' id='block_1_120' title="bbox 1925 5546 3580 5631">
    <p class='ocr_par' dir='ltr' id='par_1_120' title="bbox 1925 5546 3580 5631">
     <span class='ocr_line' id='line_1_120' title="bbox 1925 5546 3580 5631; baseline -0.014 -17"><span class='ocrx_word' id='word_1_881' title='bbox 1925 5557 2029 5631; x_wconf 90' lang='lat' dir='ltr'><strong>qui</strong></span> <span class='ocrx_word' id='word_1_882' title='bbox 2084 5557 2213 5629; x_wconf 91' lang='lat' dir='ltr'><strong>jam</strong></span> <span class='ocrx_word' id='word_1_883' title='bbox 2282 5566 2658 5627; x_wconf 62' lang='lat' dir='ltr'><strong>praecessere,</strong></span> <span class='ocrx_word' id='word_1_884' title='bbox 2711 5546 3094 5610; x_wconf 90' lang='lat' dir='ltr'><strong>cruciatibus,</strong></span> <span class='ocrx_word' id='word_1_885' title='bbox 3137 5558 3296 5599; x_wconf 92' lang='lat' dir='ltr'><strong>nunc</strong></span> <span class='ocrx_word' id='word_1_886' title='bbox 3343 5552 3580 5611; x_wconf 84' lang='lat' dir='ltr'><strong>quoque</strong></span> 
     </span>
    </p>
   </div>
   <div class='ocr_carea' id='block_1_121' title="bbox 1926 5630 3583 5717">
    <p class='ocr_par' dir='ltr' id='par_1_121' title="bbox 1926 5630 3583 5717">
     <span class='ocr_line' id='line_1_121' title="bbox 1926 5630 3583 5717; baseline -0.014 -11"><span class='ocrx_word' id='word_1_887' title='bbox 1926 5630 2086 5707; x_wconf 80' lang='lat' dir='ltr'><strong>adsis</strong></span> <span class='ocrx_word' id='word_1_888' title='bbox 2118 5644 2286 5712; x_wconf 88' lang='lat' dir='ltr'><strong>mihi,</strong></span> <span class='ocrx_word' id='word_1_889' title='bbox 2313 5644 2417 5717; x_wconf 88' lang='lat' dir='ltr'><strong>qui</strong></span> <span class='ocrx_word' id='word_1_890' title='bbox 2448 5658 2511 5701; x_wconf 86' lang='lat' dir='ltr'><strong>es</strong></span> <span class='ocrx_word' id='word_1_891' title='bbox 2540 5640 2671 5702; x_wconf 89' lang='lat' dir='ltr'><strong>sola</strong></span> <span class='ocrx_word' id='word_1_892' title='bbox 2701 5655 2835 5700; x_wconf 85' lang='lat' dir='ltr'><strong>mea</strong></span> <span class='ocrx_word' id='word_1_893' title='bbox 2864 5636 3217 5705; x_wconf 86' lang='lat' dir='ltr'><strong>consolatio,</strong></span> <span class='ocrx_word' id='word_1_894' title='bbox 3245 5648 3340 5692; x_wconf 87' lang='lat' dir='ltr'><strong>me</strong></span> <span class='ocrx_word' id='word_1_895' title='bbox 3377 5630 3583 5687; x_wconf 81' lang='lat' dir='ltr'><strong>levans</strong></span> 
     </span>
    </p>
   </div>
  </div>
