4066 6224
434 353 532 410 251
1134 334 1137 337 ’
1250 386 1253 391 ι
1846 342 2112 402 MENSIS
2152 344 2399 401 MAlUS.
3704 350 3805 407 252

438 477 642 534 dolore
679 492 690 531 :
726 479 782 534 et
813 481 1015 549 aperte
1046 476 1291 533 ostende
1340 479 1394 531 te
1450 473 1597 530 mihi
1625 488 1800 545 opem
1831 472 1980 529 ferre
2011 470 2087 527 ad

2210 473 2462 545 κουφίζων
2505 495 2567 548 με
2613 484 2705 537 τῆς
2753 473 2962 539 ὀδύνης,
2994 478 3083 526 καὶ
3134 473 3203 535 εἰς
3256 476 3350 531 τὴν
3403 474 3538 525 κατὰ
3582 480 3672 525 τοῦ
3716 482 3803 526 Σα-

433 567 773 638 parandam
807 567 1120 623 victoriam
1161 566 1450 621 adversus
1484 565 1763 619 Satanam
1822 566 1878 618 et
1928 561 2089 616 hunc

435 660 777 731 prmsidem.
855 658 967 712 Pro
1023 662 1076 710 te
1136 656 1295 709 enim
1334 660 1389 708 et
1429 660 1531 708 tua
1572 652 1781 721 gloria,
1827 656 1887 706 ut
1953 650 2087 715 scis,

435 749 695 805 decerto.
728 748 864 802 Haec
896 746 1063 810 dixit,
1094 750 1148 799 et
1184 749 1421 799 sanctos
1454 743 1633 797 simul
1661 740 1912 810 rogavit,
1948 745 2011 795 ut
2036 739 2090 794 ei

434 856 608 910 opem
642 839 857 893 ferrent
885 836 1009 889 suis
1055 834 1330 905 precibus
1372 833 1447 888 ad
1480 832 1965 887 decertationem.
2000 833 2091 883 At-

435 945 551 1000 que
581 927 659 982 illi
689 925 927 999 quidem
961 924 1012 977 ei
1040 923 1440 995 precabantur
1465 920 1772 977 victoriam
1798 927 1853 975 et
1907 917 2087 973 ﬁnem

438 1017 745 1088 martyrii:
784 1013 1004 1069 exstitit
1041 1018 1239 1067 autem
1280 1019 1419 1067 tunc
1450 1026 1690 1083 quoque
1721 1008 1931 1064 Christi
1978 1007 2091 1063 vir-

436 1105 577 1160 tutis
606 1121 757 1175 opus
784 1102 962 1174 plane
990 1100 1364 1156 admirabile.
1396 1103 1542 1156 Nam
1576 1114 1692 1153 cun
1732 1101 2090 1154 tormentum

431 1195 562 1266 jam
588 1198 744 1250 esset
771 1197 1066 1264 paratum,
1108 1190 1511 1245 etBonifacius
1533 1197 1821 1260 tanquam
1845 1186 2089 1259 quidam

435 1289 715 1340 strenuus
745 1282 964 1337 athleta
1002 1284 1202 1346 staret,
1244 1284 1594 1351 exspectans
1632 1276 2041 1333 adversarium
2074 1294 2085 1333 :

437 1373 533 1429 alii
566 1387 706 1427 vero
739 1376 1053 1442 martyres,
1076 1373 1275 1440 utpote
1301 1383 1422 1423 non
1456 1368 1649 1423 solum
1670 1368 2086 1430 decertatores,

436 1461 537 1517 sed
574 1477 780 1516 eorum
816 1460 1016 1524 etiam,
1052 1474 1185 1530 quae
1225 1457 1285 1513 in
1316 1460 1427 1513 hoc
1467 1457 1712 1520 ﬁebant,
1742 1471 1909 1511 acres
1959 1468 2089 1525 spe-

435 1555 775 1617 ctatores,et
801 1550 993 1619 magis
1014 1564 1197 1620 quam
1217 1547 1311 1602 ille
1339 1547 1542 1601 animo
1564 1544 1801 1611 anxii,ei
1820 1543 2087 1617 quidem,

435 1646 501 1696 ut
549 1640 833 1701 diximus,
892 1637 1067 1692 simul
1132 1641 1518 1708 precarentur
1557 1634 1905 1690 victoriam:
1950 1638 2090 1687 tunc

435 1745 573 1803 quae
599 1734 723 1783 erat
757 1730 1121 1796 congregata
1152 1725 1356 1797 populi
1392 1724 1730 1792 multitudo,
1772 1729 1827 1779 et
1868 1720 2091 1792 alioqui

2201 570 2328 615 τανᾶ
2383 571 2470 617 καὶ
2518 574 2608 618 τοῦ
2655 568 2909 641 ἄρχοντος
2939 560 3095 617 τοῦδε
3132 568 3279 621 νίκην
3326 582 3416 635 μοι
3463 564 3652 635 φάνηθι
3685 584 3793 616 συνο

2202 658 2507 725 αιρόμενος·
2568 664 2661 707 σού
2716 660 2817 731 γὰρ
2867 657 3025 708 ἕνεκεν
3068 657 3155 704 καὶ
3212 661 3306 713 τῆς
3363 660 3461 713 σῆς
3508 649 3684 717 δόξης,
3732 657 3801 716 ὡς

2201 738 2368 807 οἶδας,
2426 745 2707 816 ὅπεραθλῶ.
2746 752 2923 798 Ταῦτα
2974 742 3110 813 ὒεγε
3140 763 3150 774 ·
3186 746 3272 793 καὶ
3322 751 3420 793 τῶν
3478 741 3637 811 ἁγίων
3694 742 3803 814 ἅμα

2202 828 2389 893 ἐδεῖτο,
2474 834 2655 905 εὐχαῖς
2750 834 2890 903 αύτῷ
2981 829 3423 900 συνεπιλήψεσθαι
3501 834 3630 901 πρὸς
3708 834 3803 887 τὴν

2202 921 2442 978 ἄθλησιν.
2499 925 2562 974 Oi
2619 926 2707 994 μὲν
2756 920 2842 976 οὖν
2896 921 3032 989 αύτῷ
3078 924 3169 977 τήν
3219 939 3271 971 τε
3303 923 3452 976 νίκην
3500 924 3589 969 καὶ
3620 921 3677 970 τὸ
3709 926 3805 971 τοῦ

2750 834 2890 903 αύτῷ

2201 1017 2491 1086 μαρτυρίου
2534 1012 2672 1074 τέλος
2719 1016 3015 1084 ἐπεύχοντο.
3064 1016 3264 1062 Γίνεται
3314 1005 3372 1061 δε
3411 1012 3501 1060 καὶ
3546 1012 3662 1061 τότε
3708 1016 3808 1069 τῆς

2199 1108 2289 1153 τοῦ
2342 1109 2574 1174 Χριστοῦ
2630 1099 2895 1173 δυνάμεως
2954 1104 3095 1173 ἔργον
3146 1097 3590 1171 ἀξιοθαύμαστόν.
3663 1098 3809 1150 Ἐπεὶ

2199 1192 2300 1264 γὰρ
2333 1187 2438 1249 ἤδη
2485 1196 2573 1243 καὶ
2606 1194 2650 1249 ’ἡ
2688 1191 2923 1264 βάσανος
2953 1190 3211 1262 εὐπρεπὴς
3260 1185 3341 1253 ἧν,
3373 1192 3461 1239 καὶ
3508 1188 3533 1239 ὁ
3588 1189 3806 1259 Βονιφά-

2200 1299 2309 1341 τιος
2352 1282 2524 1353 ὥσπερ
2575 1301 2655 1342 τις
2698 1280 2995 1341 παλαιστὴς
3045 1285 3278 1351 γενναῖος
3322 1279 3553 1335 εἱστήκει
3600 1279 3815 1350 περιμέ-

2200 1389 2295 1419 νων
2339 1374 2424 1421 τὸν
2475 1371 2886 1441 ἀνταγωνιστὴν,
2929 1372 2978 1422 οἱ
3025 1370 3169 1422 ἄλλοι
3212 1365 3271 1420 δὲ
3320 1370 3597 1441 μάρτυρες,
3632 1367 3700 1426 ὡς
3746 1363 3813 1415 ἂν

2202 1458 2296 1509 οὐκ
2342 1458 2623 1529 ἀγωνισταὶ
2668 1466 2838 1533 μόνον,
2876 1459 3003 1511 ἀλλά
3032 1465 3121 1512 καὶ
3168 1466 3266 1511 τῶν
3319 1456 3401 1508 ἐπὶ
3453 1458 3620 1526 τούτῳ
3674 1452 3815 1525 δρω·

2201 1553 2361 1620 μένων
2418 1552 2624 1622 θιρρμοὶ
2680 1553 2874 1613 θεαταὶ,
2932 1556 3021 1602 xui
3077 1548 3266 1621 μᾶλλον
3334 1548 3362 1605 ἦ
3430 1546 3619 1607 ἐκεῖνος
3675 1543 3810 1615 ἀγωο

2202 1647 2424 1702 νιῶντες,
2486 1645 2579 1697 τὶν
2634 1645 2801 1705 νίκην,
2858 1643 3031 1711 ὥσπερ
3092 1642 3299 1711 ἔφημεν,
3362 1638 3758 1706 συνεπηύχοντο
3793 1649 3809 1662 ⁸

2204 1733 2318 1780 τότε
2350 1725 2416 1786 δὴ
2463 1732 2521 1781 τὸ
2576 1729 2958 1800 συνειλεγμένον
3000 1728 3213 1789 πλῆθος,
3248 1731 3338 1778 xui
3382 1725 3542 1785 ἄλλως
3585 1728 3673 1776 xui
3708 1730 3815 1774 τῶν

437 1835 509 1875 ex
569 1819 637 1872 iis
664 1833 798 1889 quas
831 1819 1265 1888 praecesserant,
1296 1820 1456 1869 mota
1502 1818 1626 1869 erat
1690 1810 2091 1867 misericordia

2210 1816 2560 1890 προλαϐόντων
2617 1822 2752 1871 κατά
2828 1825 3033 1891 μικρὸν,
3094 1825 3245 1869 τοῦτο
3325 1818 3413 1887 μὲν
3488 1816 3619 1886 πρὸς
3690 1816 3817 1871 τοὺς

438 1911 810 1978 martyrum:
845 1906 1061 1977 partim
1107 1911 1307 1960 autem
1354 1919 1511 1973 aegre
1563 1902 1791 1959 ferebat
1842 1901 2093 1956 nimiam

436 1996 708 2069 praesidis
757 1996 1181 2064 crudelitatem,
1241 1998 1295 2048 et
1352 1998 1595 2064 propter
1649 1996 1897 2062 utraque
1965 1991 2093 2046 hinc

436 2091 778 2142 sanctorum
808 2085 865 2140 in
896 2084 1075 2140 rebus
1114 2083 1339 2155 asperis
1365 2085 1422 2137 et
1443 2081 1723 2152 gravibus
1747 2095 1868 2135 non
1897 2078 2089 2135 solum

436 2174 835 2241 tolerantiam,
892 2172 998 2227 sed
1031 2173 1207 2227 etiam
1239 2170 1506 2226 laetitiam
1562 2168 1854 2241 stupebat,
1912 2174 1969 2223 et
2007 2168 2092 2223 sic

442 2263 854 2319 deducebatur
896 2263 973 2317 ad
1014 2261 1188 2315 fidem
1229 2262 1291 2315 in
1335 2259 1649 2323 Christum,
1690 2259 1967 2313 universa
2008 2273 2094 2312 re-

435 2355 614 2424 pente
669 2352 846 2406 simul
875 2351 1015 2407 tollit
1070 2350 1381 2406 confusum
1408 2349 1754 2415 clamorem,
1789 2351 1845 2403 et
1896 2351 2095 2402 mente

436 2446 494 2497 et
533 2457 677 2496 voce
707 2441 1169 2496 consentientem
1213 2456 1225 2494 :
1260 2442 1501 2509 Magnus
1529 2442 1615 2493 est
1648 2439 1799 2492 Deus
1824 2435 2095 2491 Christia-

438 2545 692 2597 norum;
729 2545 985 2600 magnus
1015 2547 1078 2585 es
1103 2533 1243 2597 Rex,
1278 2529 1530 2596 Christe;
1558 2543 1767 2583 omnes
1798 2526 1856 2581 in
1886 2529 1943 2580 te
1973 2541 2093 2580 cre-

442 2618 666 2674 dimus.
698 2621 831 2673 Haec
861 2624 917 2674 et
946 2633 1156 2673 omnes
1196 2617 1556 2685 clamabant,
1590 2621 1646 2671 et
1697 2615 1871 2670 simul
1926 2629 2094 2669 aram

444 2706 708 2778 quidem,
759 2722 895 2778 quas
954 2706 1068 2762 illic
1147 2715 1252 2771 est,
1337 2705 1699 2768 evertebant,
1784 2701 2097 2774 praesidem

449 2802 647 2852 autem
699 2794 1005 2867 lapidibus
1060 2795 1442 2868 appetebant.
1512 2793 1612 2849 Ille
1663 2809 1824 2859 vero,
1888 2795 2096 2849 timore

448 2885 696 2941 aﬂ‘ectus
727 2890 781 2941 et
812 2901 933 2939 sum
965 2884 1099 2940 vitae
1125 2890 1420 2949 metuens,
1450 2889 1512 2939 ut
1536 2883 1639 2955 qui
1667 2886 1887 2939 veniret
1916 2883 1969 2937 in
1999 2898 2097 2954 pe-

444 2974 723 3039 riculum,
757 2988 832 3028 ne
862 2989 997 3028 mox
1026 2974 1258 3045 periret,
1290 2972 1434 3043 fuga
1464 2989 1586 3028 sum
1616 2972 1787 3029 saluti
1824 2972 2095 3036 consulit,

449 3063 695 3134 turpiter
718 3062 967 3118 dimisso
995 3063 1222 3117 heatro.

520 3153 607 3206 IX.
648 3154 778 3205 Haec
818 3151 1003 3206 alium
1060 3152 1303 3222 quidem
1360 3150 1639 3223 quamvis
1690 3150 2001 3206 efferatum
2048 3154 2133 3206 et.

449 3239 803 3305 immanem,
857 3240 943 3296 ira
988 3246 1186 3296 tamen
1242 3240 1623 3312 placabilem,
1666 3242 2106 3312 persuasissent

448 3329 657 3385 eadem
692 3330 928 3395 sentire,
961 3346 1092 3402 quae
1123 3329 1241 3396 alii,
1277 3336 1333 3385 et
1384 3329 1716 3385 effecissent
1746 3335 1809 3385 ut
1843 3330 1918 3387 ad
1951 3332 2107 3389 Chri-

448 3424 606 3474 stum
632 3418 941 3474 accederet
975 3435 986 3473 :
1022 3426 1080 3475 at
1106 3435 1226 3476 non
1262 3418 1429 3474 illum
1462 3419 1817 3475 sceleratum
1858 3425 1915 3476 et
1944 3437 2103 3479 exse-

448 3509 763 3563 crandum.
800 3509 913 3565 Sed
946 3514 1169 3564 tantum
1206 3508 1410 3574 abfuit,
1456 3509 1669 3580 utipse
1700 3526 1769 3565 ex
1800 3511 2009 3567 timore
2053 3518 2108 3568 et

448 3611 520 3651 ex
550 3596 663 3652 hac
695 3597 1035 3652 admirablii
1088 3597 1293 3669 populi
1361 3599 1774 3665 consensione,
1841 3598 2106 3672 aliquam

448 3686 743 3757 acceperit
784 3687 1109 3752 utilitatem,
1145 3692 1206 3743 ut
1245 3686 1514 3742 statuerit
1554 3688 1730 3743 etiam
1776 3704 1901 3744 rem
1936 3705 2108 3760 agere

446 3776 664 3846 majori
695 3776 1093 3846 contentione,
1149 3781 1204 3832 et
1236 3777 1324 3832 ira
1375 3792 1513 3832 eum
1566 3778 1872 3848 incitante,
1918 3785 2110 3836 certa-

445 3880 583 3920 men
619 3866 973 3921 instaurare.
996 3868 1159 3921 Mane
1182 3881 1323 3933 ergo
1351 3866 1680 3937 praesidens
1712 3868 1770 3922 in
1804 3868 2105 3945 tribunali,

443 3969 581 4009 cum
609 3962 875 4011 curasset
902 3955 961 4010 in
992 3971 1167 4010 suum
1194 3962 1579 4025 conspectum
1613 3956 1861 4028 produci
1889 3966 2105 4029 marty-

440 4058 592 4108 rem,
628 4050 684 4100 et
713 4044 845 4098 illus
872 4044 1277 4114 exprobrabat
1331 4045 1630 4115 pietatem,
1660 4051 1716 4101 et
1772 4047 1931 4119 quod
1992 4048 2104 4103 Do-

446 4134 646 4188 minus
675 4139 875 4188 noster
900 4133 1107 4188 fuisset
1151 4133 1486 4201 cruciﬁxus,
1518 4134 1770 4191 ridebat.
1806 4136 1951 4191 Cum
1979 4136 2106 4193 haec

444 4227 645 4278 autem
700 4238 820 4278 non
868 4222 1062 4277 ferens
1115 4228 1338 4293 martyr
1396 4230 1665 4294 pergeret
1732 4225 2105 4294 gravioribus

446 4310 687 4383 probris
748 4312 1008 4367 vicissim
1056 4311 1332 4367 insectari
1366 4313 1654 4384 judicem,
1688 4329 1796 4386 pro
1842 4316 1996 4370 veris
2052 4314 2096 4370 et

2212 4324 2480 4394 κροτέραις
2534 4318 2716 4392 ύϐρεσι
2770 4317 2981 4372 διετέλει
3030 4324 3116 4371 τὸν
3167 4315 3426 4374 δικαστὴν
3484 4313 3817 4385 ἀμειϐόμενος

438 4401 616 4470 justis
683 4400 870 4455 verbis
926 4416 1129 4456 rursus
1176 4400 1281 4456 luit
1350 4402 1841 4473 suppliciumzet
1903 4405 2096 4460 statim

2214 4405 2384 4471 δίκην,
2433 4410 2619 4480 ὑπεῖχε
2670 4410 2818 4461 πάλιν
2870 4410 3116 4483 ῥημάτων
3172 4406 3372 4464 ἀληθῶν
3423 4408 3512 4455 xui
3570 4399 3811 4457 δικαίων.

449 4488 613 4547 lebes
641 4489 765 4560 pice
794 4489 1046 4559 repletus
1078 4494 1134 4545 et
1156 4490 1331 4547 valde
1361 4506 1649 4547 accensus
1663 4492 1923 4563 suscepit
1951 4509 2096 4548 mar-

2217 4504 2315 4551 Kui
2364 4497 2515 4558 λέϐης
2568 4498 2771 4559 εύθέως,
2826 4503 3021 4557 πίσσης
3073 4517 3125 4550 τε
3184 4495 3533 4552 ἀναπλησθεὶς
3580 4496 3669 4542 καὶ
3728 4491 3817 4541 λά-

446 4583 659 4650 tyrem.
712 4578 825 4634 Sed
857 4595 994 4634 cum
1026 4580 1138 4635 hoc
1189 4596 1431 4653 quoque
1462 4582 1649 4648 ﬁeret,
1674 4597 1791 4637 non
1845 4582 2096 4652 neglexit

2213 4587 2342 4662 ϐρως
2394 4590 2655 4653 ύποκαεὶς,
2711 4592 2797 4638 τόν
2853 4587 3084 4644 ἀθλητὴν
3141 4582 3445 4655 ὑπεδέχετο.
3497 4580 3654 4634 Ἀλλά
3724 4583 3816 4631 καὶ

446 4671 597 4723 Deus
625 4684 695 4723 ex
727 4667 846 4723 alto
877 4668 1069 4725 facere
1100 4677 1384 4726 consueta
1417 4670 1725 4725 miracula.
1757 4673 1903 4727 Nam
1963 4688 2096 4728 cum

2211 4680 2391 4729 τούτου
2454 4674 2522 4733 δὴ
2577 4679 2868 4746 γενομένου,
2925 4679 3050 4735 Θεὸς
3105 4676 3293 4726 ἄνωθεν
3345 4672 3437 4723 οὐκ
3505 4669 3679 4741 ἠμέλει
3748 4671 3816 4720 τὰ

442 4757 689 4827 angelus
720 4757 917 4813 eccelo
949 4758 1371 4827 descendisset,
1396 4759 1549 4814 illius
1584 4760 1828 4832 quidem
1861 4778 2100 4833 corpus,
2216 4768 2409 4824 συνήθη
2482 4768 2909 4833 θαυματουρογὼν.
2962 4764 3214 4833 Ἀγγελος
3286 4764 3388 4833 γὰρ
3463 4759 3513 4821 ἐξ
3590 4758 3813 4831 ούρανοῦ

445 4847 599 4901 sicut
629 4847 809 4902 etiam
852 4863 1106 4919 corpora
1147 4848 1327 4903 trium
1360 4864 1701 4920 puerorum,
1742 4853 2105 4908 conservavit

443 4935 739 4992 illaasum:
774 4936 1019 4993 ﬂamma
1053 4942 1249 4993 autem
1273 4943 1515 5010 repente
1538 4939 1596 4993 in
1620 4940 1821 4995 orbem
1855 4941 2105 4999 circum-

441 5026 591 5095 fusa,
646 5042 785 5082 cum
828 5026 1326 5099 apprehendisset
1392 5031 1690 5099 quosdam
1740 5045 1810 5085 ex
1853 5030 1920 5085 iis
1990 5028 2095 5104 qui

440 5114 740 5253 pstabant,
775 5115 1120 5172 inﬁdelibus
1147 5117 1359 5173 eadem
1390 5116 1527 5173 fecit
1555 5134 1690 5191 quae
1740 5120 1882 5175 olim
1913 5120 2102 5193 Baby-

462 5215 596 5253 one.

462 5215 596 5255 one.

513 5292 572 5344 Χ.
606 5292 765 5345 Tunc
824 5289 1065 5362 impius,
1116 5290 1324 5347 timens
1374 5292 1618 5365 quidem
1658 5293 1864 5350 Christi
1919 5294 2100 5350 virtu-

439 5383 579 5441 tem,
614 5379 718 5434 sed
751 5394 824 5433 ne
857 5378 939 5433 sic
980 5379 1228 5451 quidem
1277 5380 1611 5453 quidquam
1665 5383 1738 5437 de
1796 5382 2095 5454 impietate

438 5466 765 5533 remittens,
799 5466 902 5522 sed
950 5472 1241 5540 tanquam
1270 5470 1398 5541 ipse
1428 5486 1670 5542 quoque
1712 5473 1925 5527 mutari
1966 5488 2095 5528 eru-

438 5556 711 5620 bescens,
745 5560 848 5612 aut
880 5558 1141 5627 amplius
1183 5565 1458 5616 sanctum
1491 5560 1691 5616 videre
1742 5560 1965 5629 vivum,
2002 5579 2092 5618 ar-

440 5650 719 5718 guentem
740 5646 991 5706 deorum
1030 5647 1187 5707 illius
1219 5649 1705 5725 imbecillitatem,
1740 5667 1874 5709 eum
1898 5658 2089 5714 morte

2203 1910 2467 1979 μάρτυρας
2519 1914 2873 1979 πταινόμενον,
2928 1915 3079 1959 τοῦτο
3136 1903 3195 1958 δε
3271 1909 3361 1957 xui
3418 1906 3540 1978 πρὸς
3590 1905 3645 1954 τὸ
3694 1902 3815 1953 λίαν

2204 1997 2341 2067 ὠμόν
2371 2002 2463 2048 τοῦ
2506 1999 2762 2070 ἄρχοντος
2795 1994 3159 2067 δισχεραῖνον,
3190 1998 3279 2045 xui
3330 1989 3402 2045 δι’
3456 1993 3607 2064 ἄμφω
3646 1997 3818 2042 ταῦτα

2202 2092 2295 2144 τὴν
2322 2085 2404 2138 ἐπὶ
2452 2094 2560 2148 τοῖς
2610 2084 2802 2147 δεινοῖς
2846 2094 2945 2137 τῶν
2998 2085 3158 2156 ἁγίων
3208 2083 3313 2154 οὐχ
3371 2084 3491 2134 ὅσον
3546 2083 3814 2152 ὑπομονὴν

2204 2175 2331 2227 ἀλλά
2383 2181 2471 2227 xui
2515 2172 2710 2234 ἡδονὴν
2762 2174 3187 2247 ἐκπληττόμενον,
3220 2178 3310 2224 καὶ
3353 2172 3487 2224 οὕτω
3540 2173 3669 2243 πρὸς
3716 2174 3817 2227 τὴν

2204 2265 2275 2327 εἰς
2324 2269 2554 2338 Χριστόν
2607 2262 2714 2324 ἤδη
2778 2267 3258 2339 χειραγωγούμενοι
3312 2266 3516 2323 πίστιν,
3574 2262 3818 2331 αἴρουσιν

2203 2358 2291 2426 μεν
2323 2356 2463 2426 όῖφνω
2510 2357 2695 2416 πάντες
2730 2354 2860 2427 βοὴν
2914 2361 3173 2427 συμμιγῆ,
3208 2358 3304 2425 μιᾷ
3349 2348 3408 2403 δε
3456 2349 3820 2423 ἀνακράζουσι

2203 2450 2377 2516 γνώμη
2412 2463 2465 2496 τε
2510 2448 2599 2496 xui
2644 2451 2804 2516 φωνῇ,
2837 2449 3015 2514 Μέγας
3063 2445 3088 2495 ὀ
3141 2446 3265 2502 Θεὸς
3312 2448 3412 2492 τῶν
3460 2446 3816 2513 Χριστιανῶν

2204 2538 2361 2605 μέγας
2412 2532 2475 2598 εἷ,
2512 2538 2707 2608 Χριστὲ
2750 2532 2990 2605 βασιλεύ,
3026 2534 3213 2592 πάντες
3252 2530 3317 2591 εἰς
3369 2549 3425 2582 σε
3468 2531 3809 2598 πιστεύομεν.

2203 2630 2381 2676 Ταῦτα
2426 2625 2611 2684 πάντες
2656 2642 2708 2675 τε
2755 2622 3055 2697 ἀνέκραξαν,
3090 2626 3179 2673 xui
3209 2620 3317 2691 ἅμα
3365 2622 3450 2670 τὸν
3503 2621 3591 2688 μὲν
3650 2616 3823 2669 ἐκεῖσε

2208 2712 2385 2785 βωμόν
2438 2716 2798 2786 κατέστρεφον,
2837 2716 2923 2764 τόν
2973 2709 3030 2764 δε
3082 2713 3320 2782 ἄρχοντα
3365 2709 3525 2768 λίθοις
3577 2706 3813 2758 ἔϐαλλον·

2207 2803 2260 2865 ὃς
2326 2808 2415 2854 xui
2485 2801 2778 2874 κατάφοϐος
2833 2807 2923 2853 xui
2977 2796 3220 2871 περιδεὴς
3298 2803 3414 2869 περὶ
3472 2806 3565 2857 τῆς
3626 2796 3819 2848 ἑαυτοῦ

2205 2891 2389 2963 ψυχῆς
2437 2896 2676 2961 γεγονὼς,
2727 2895 2817 2942 καὶ
2870 2892 3042 2961 ὥσπερ
3098 2891 3217 2940 ὅσον
3290 2890 3432 2938 οὔπω
3502 2881 3818 2936 κινδυνεύων

2208 2980 2540 3045 ἀπολωλέναι,
2593 2988 2726 3053 φυγῇ
2782 2985 2912 3052 μόνῃ
2963 2980 3194 3032 πιστεύει
3248 2980 3342 3036 τήν
3397 2979 3675 3048 σωτηρίαν,
3734 2975 3818 3025 ἐπ’

2212 3069 2447 3141 αἰσχύνη
2486 3069 2651 3130 λύσας
2681 3073 2738 3121 τὸ
2772 3072 3006 3143 θέατρον.

2286 3157 2373 3215 Θ’.
2434 3165 2613 3210 Ταῦτα
2671 3156 2729 3211 δὲ
2781 3158 2929 3210 ἄλλον
2980 3160 3068 3229 μεν
3123 3152 3360 3231 θηριώδη
3412 3157 3526 3207 τινά
3575 3158 3662 3204 xui
3704 3151 3820 3204 ἀτί-

2218 3250 2431 3311 θασσον,
2462 3246 2593 3305 πλὴν
2641 3248 2851 3318 ἰάσιμον
2894 3251 2989 3304 τὴν
3038 3246 3214 3319 ὀργὴν,
3250 3245 3477 3315 ἐπέσχον
3508 3242 3587 3308 ἂν,
3617 3246 3707 3293 xui
3754 3242 3822 3293 τὰ

2215 3335 2349 3387 αύτά
2396 3342 2499 3395 τοῖς
2547 3335 2720 3397 ἄλλοις
2768 3344 3044 3409 φρονῆσαι,
3085 3338 3174 3385 xui
3218 3342 3289 3404 τῷ
3340 3340 3553 3407 Χριστῷ
3602 3329 3823 3403 προσελο

2218 3428 2320 3477 θεῖν
2373 3428 2794 3497 παρεσκεύασεν⁹
2844 3424 2950 3476 ἀλλ’
3006 3424 3133 3495 ούχὶ
3182 3428 3272 3475 καὶ
3318 3427 3403 3474 τόν
3457 3424 3642 3493 μιαρόν
3692 3422 3822 3471 ἐκεῖ.

2216 3532 2330 3567 νον·
2369 3514 2495 3566 ἀλλά
2537 3523 2785 3566 τοσοῦτον
2833 3514 3063 3585 ἀπέσχεν
3094 3512 3250 3575 αὐτὸς
3294 3511 3589 3563 ἀπόνασθαί
3628 3528 3675 3560 τι
3727 3516 3819 3560 τοῦ

2141 3170 2181 3227 C

2158 3208 2182 3230 Δ

2218 3603 2377 3675 φόϐου
2416 3610 2505 3656 xui
2552 3612 2643 3666 τῆς
2687 3601 2990 3677 παραδόξου
3037 3608 3229 3664 ταύτης
3278 3610 3368 3654 τού
3418 3602 3647 3662 πλήθους
3687 3618 3823 3669 συμο

2218 3698 2419 3758 πνοίας,
2479 3696 2597 3746 ὅσον
2654 3697 2781 3765 ἔγνω
2846 3699 2935 3745 xui
3008 3695 3402 3766 φιλονεικότερος
3466 3697 3816 3751 καταστῆναι,

2217 3788 2307 3835 xui
2362 3780 2701 3845 σπουδάζειν,
2738 3783 2825 3835 ἆτε
2872 3788 2961 3835 xui
3004 3791 3101 3845 τῆς
3140 3784 3298 3856 ὀργῆς
3345 3782 3499 3834 αὐτόν
3545 3779 3610 3839 εἰς
3662 3786 3818 3830 τοῦτο

2216 3872 2630 3946 παροξυνούσης,
2686 3877 2779 3931 τὴν
2857 3874 3014 3930 ἧτταν
3103 3872 3563 3944 ἀναμαχέσασθαι.
3624 3868 3817 3920 Ἐωθεν

2217 3962 2304 4013 οὖν
2335 3970 2426 4014 τοῦ
2477 3961 2715 4033 βήματος
2754 3964 3094 4036 προκαθίσας,
3129 3967 3217 4013 καὶ
3252 3962 3337 4012 ὑπ’
3370 3959 3487 4030 ὄψιν
3532 3958 3672 4027 αύτῷ
3717 3976 3816 4009 παι

2215 4058 2489 4123 ραστήσας
2542 4056 2627 4103 τὸν
2684 4054 2944 4124 μάρτυρα,
3004 4056 3097 4109 τήν
3156 4070 3208 4103 τε
3267 4049 3524 4102 εύσέϐειαν
3576 4042 3815 4106 ὠνείδιζε

2216 4146 2307 4199 τὴν
2355 4140 2565 4203 ἐκείνου,
2597 4148 2684 4193 xui
2727 4146 2785 4193 τὸ
2818 4140 3182 4208 ἐσταυρῶσθαι
3228 4143 3313 4193 τόν
3358 4142 3621 4194 Δεσπότην
3666 4137 3813 4206 ἡμῶν

2215 4229 2513 4301 ἐχλεύαζεν.
2565 4230 2705 4283 Ἐπεὶ
2752 4227 2810 4283 δε
2857 4238 3021 4282 ταῦτα
3069 4234 3139 4301 μὴ
3198 4235 3357 4303 φέρων
3404 4229 3429 4278 ό
3478 4228 3676 4298 μάρτυς
3730 4244 3814 4275 πι-

2216 4768 2409 4824 συνήθη
2482 4768 2909 4836 θαυματουρογῶν.
2962 4764 3214 4835 Ἀγγελος
3286 4764 3388 4835 γὰρ
3463 4759 3513 4821 ἐξ

2213 4856 2463 4916 καταϐὰς,
2516 4858 2573 4905 τό
2624 4858 2711 4925 μὲν
2765 4853 2955 4906 ἐκείνου
3013 4862 3183 4926 σῶμα⁹
3231 4854 3404 4924 ὥσπερ
3452 4854 3540 4900 καὶ
3594 4851 3660 4899 τὰ
3712 4856 3812 4898 τὼν

2213 4954 2365 5020 τριῶν
2413 4941 2637 5005 παίδων,
2691 4943 2960 5014 ἐφύλαττεν
3020 4942 3213 5003 ἀπαθές
3242 4963 3253 4975 ·
3286 4940 3457 5009 κύκλῳ
3498 4935 3555 4990 δὲ
3602 4939 3631 4995 ἠ
3688 4936 3815 5007 φλὸξ

2212 5035 2455 5098 ἐξαπίνης
2512 5034 2881 5105 περιχυθεῖσα,
2939 5038 3026 5083 καί
3086 5050 3225 5091 τινας
3303 5038 3401 5081 τῶν
3468 5034 3812 5101 παρεστωτων

2212 5122 2444 5175 ἀπίστων
2514 5118 2860 5187 διαλαϐοῦσα,
2922 5124 2987 5173 τὰ
3057 5120 3186 5173 αύτά
3260 5126 3365 5179 τοῖς
3442 5119 3490 5169 ἑν
3548 5114 3813 5167 Βαϐυλῶνι

2209 5211 2369 5264 πάλαι
2397 5207 2625 5267 διέθηκε.

2281 5299 2335 5354 1'.
2377 5306 2499 5353 Τότε
2529 5302 2555 5352 ό
2601 5297 2863 5361 δυσσεϐὴς
2896 5304 2982 5357 τὴν
3031 5302 3119 5371 μεν
3162 5308 3252 5350 του
3305 5302 3541 5370 Χριστοῦ
3585 5290 3812 5367 δύναμιν

2206 5388 2469 5461 φοϐηθεὶς,
2528 5386 2695 5460 μηδὲν
2748 5385 2806 5441 δε
2860 5385 2997 5461 μηδί
3044 5388 3178 5440 οὕτω
3226 5395 3321 5447 τῆς
3367 5383 3605 5445 ἀσεϐείας
3650 5382 3809 5446 ἀνεὶς,

2206 5477 2309 5529 ἀλλ’
2363 5481 2536 5552 ὥσπερ
2604 5477 3048 5550 ἔπαισχυνόμενος
3125 5480 3185 5529 τὸ
3251 5480 3341 5527 xui
3409 5473 3558 5532 αὐτὸς
3621 5470 3813 5532 ἐκεῖνος

2202 5566 2604 5639 μεταϐαλέσθαι,
2649 5568 2677 5625 ἦ
2738 5572 2820 5619 τὸν
2878 5567 3056 5639 Ἀγιον
3105 5566 3154 5618 ἐν
3209 5567 3370 5627 ζῶσιν
3426 5566 3547 5635 ὁρᾲν
3598 5564 3672 5613 ἔτι
3716 5566 3812 5619 τὴν

2203 5664 2306 5714 τῶν
2382 5655 2573 5710 ἐκείνου
2636 5659 2759 5710 θεῶν
2830 5656 3096 5711 ἀσθένειαν
3169 5651 3528 5727 διελέγχοντα,
3591 5654 3813 5718 θάνατον
