4066 6224
263 258 347 315 ὥ3

258 385 392 437 αὐτοῦ
441 383 753 450 κατακρίνει,
807 379 972 441 οὕτως
1022 378 1175 431 εἰπών
1227 395 1240 409 ⁸
1285 380 1604 452 Βονιφοὶτιον,
1666 376 1821 450 βασι·
1856 376 1902 430 Α

255 475 353 527 λέων
400 474 481 543 μὲν
533 468 888 527 ἀπειθήσαντα
942 473 1137 540 νόμοις,
1211 470 1481 545 ἡμετέροις
1539 466 1596 522 δι
1648 467 1823 538 λόγοις

256 560 469 632 οὐδαμῶς
516 558 736 624 εἴξαντα,
796 564 886 610 καὶ
948 555 1087 629 μηδὲ
1160 560 1319 611 θῦσαι
1396 566 1504 619 τοῖς
1591 557 1824 628 εὐμενέσι

258 654 366 710 θεοῖς
416 652 714 713 θελήσαντα,
775 647 903 699 ἀλλά
948 656 1021 718 τῷ
1074 648 1446 720 ἐσταυρωμένῳ
1507 646 1696 719 μᾶλλον
1762 647 1825 705 ὡς

257 746 351 807 Θεῷ
406 741 808 811 προσανέχοντα,
878 736 1013 809 ξίφει
1066 741 1159 795 τὴν
1217 737 1441 809 κεφαλὴν
1504 736 1827 807 ἐκτμηθῆναι

254 827 432 879 κελεύω.
464 831 559 878 Καὶ
595 827 754 886 οὕτως
803 825 956 877 αὐτόν
997 828 1046 878 οἰ
1096 822 1380 901 δορυφόροι
1421 823 1824 898 παραλαϐόντες,

253 923 328 967 τοῦ
356 911 661 967 δικαστικοῦ
706 914 953 987 ἑξάγουσι
1007 913 1269 988 βήματος.
1323 914 1381 967 Ὀ
1431 911 1490 967 δὲ
1532 913 1831 973 καλλίνικος

252 1012 328 1057 τοὺ
361 1012 588 1076 Χριστοῦ
626 1006 827 1078 μάρτυς
870 1007 1054 1079 ἔχαιρε
1089 1008 1179 1076 μὲν
1231 1006 1337 1057 οἷον
1384 1004 1479 1057 οὐκ
1522 1003 1605 1056 ἐπὶ
1653 1002 1827 1055 τελευ-

253 1100 347 1158 τήν,
384 1093 483 1144 ἀλλ’
525 1092 609 1145 ἐπὶ
655 1094 795 1153 ζωὴν
834 1094 1044 1164 μᾶλλον,
1092 1096 1267 1167 ὥσπερ
1318 1093 1422 1169 ἄρα
1468 1100 1556 1145 καὶ
1608 1089 1687 1157 ἦν,
1737 1110 1829 1143 πο-

250 1187 512 1259 ρευόμενος.
546 1186 730 1254 Βραιχύ
770 1179 831 1235 δὲ
882 1182 1022 1253 αὐτῷ
1076 1179 1315 1235 ἐνδοῦναι
1366 1186 1486 1244 τοὺς
1532 1181 1826 1253 ἀπάγοντας

252 1273 589 1342 αἰτησάμενος,
654 1274 780 1331 στας
854 1276 982 1345 πρὸς
1038 1271 1288 1333 ἀνατολὰς
1346 1276 1540 1343 ηὔχετο
1594 1288 1606 1301 '
1670 1272 1827 1342 Κύριέ

250 1380 352 1431 μου,
396 1361 572 1432 Hyan,
629 1365 721 1412 καὶ
764 1364 878 1427 Θεὲ,
920 1366 1063 1432 ταχύ
1093 1361 1631 1434 προκαταλαϐἐτωσάν
1671 1379 1733 1431 με
1777 1360 1826 1411 οἱ

250 1450 484 1522 οἰκτιρμοί
538 1469 657 1516 σου,
712 1455 796 1503 καὶ
852 1452 1159 1522 παράστηθί
1204 1472 1293 1523 μοι
1352 1456 1439 1503 καὶ
1484 1458 1571 1502 νῦν
1605 1448 1820 1518 βοηθὸς,

252 1541 320 1591 ἵνα
343 1535 499 1611 μηδέν
540 1560 635 1611 μοι
679 1543 705 1592 ό
752 1545 975 1614 πονηρὸς
1029 1538 1270 1613 ἐμποδῶν
1308 1546 1543 1608 γένηται,
1593 1536 1685 1592 διὰ
1732 1540 1826 1599 τὰς

253 1629 292 1681 ἓν
330 1627 582 1701 ἀφροσύνῃ
642 1633 1083 1703 προγεγενημένας
1148 1651 1237 1702 μοι
1318 1631 1576 1704 ἁμαρτίας
1631 1647 1643 1660 ·
1700 1626 1828 1680 ἀλλὰ

252 1714 510 1787 πρόσδεξαι
550 1738 655 1789 μου
711 1723 806 1777 τὴν
853 1720 1040 1791 ψυχὴν
1088 1719 1136 1772 ἐν
1190 1720 1387 1793 εἰρήνῃ,
1420 1725 1510 1773 καὶ
1550 1726 1659 1781 τοῖς
1699 1720 1825 1792 ὑπὲρ
1859 1723 1902 1778 Β

255 1816 332 1859 σοῦ
359 1810 414 1859 τὸ
457 1808 590 1879 αἱμα
636 1807 879 1880 ἐκχέασι,
933 1815 1023 1861 καὶ
1070 1829 1233 1884 μεχρι
1284 1810 1455 1870 τελους
1507 1814 1601 1867 τὴν
1652 1812 1829 1860 πίστιν

253 1892 615 1967 διατηρήσασι,
678 1896 811 1969 κάμὲ
866 1901 1256 1971 συναρίθμησον
1289 1918 1301 1929 ·
1330 1900 1493 1972 ῥύσαι
1534 1895 1591 1952 δε
1638 1904 1727 1950 καὶ
1771 1899 1830 1949 τό

249 1995 310 2055 τῷ
340 1987 515 2058 αἵματί
574 2005 674 2039 σου
728 1990 1060 2061 περιποιηθὲν
1107 1994 1367 2061 ποίμνιον,
1414 1993 1501 2040 τόν
1558 1990 1646 2041 σόν
1685 1987 1829 2053 λαόν,

252 2082 336 2147 μοῦ
366 2079 574 2149 Χριστὲ,
636 2079 724 2128 τὸν
772 2080 1091 2152 περιούσιον,
1146 2074 1462 2140 δυσσεϐείας
1505 2079 1682 2138 πάσης
1739 2080 1830 2128 καὶ

250 2163 416 2225 πλάνης
450 2164 692 2224 ἐλληνικῆ
706 2187 745 2232 ς,
780 2167 859 2218 ότι
898 2166 1171 2237 εὐλογητὸς
1201 2164 1249 2219 εἷ
1282 2172 1373 2220 καὶ
1415 2171 1574 2240 μένων
1606 2167 1677 2227 εἰς
1716 2170 1832 2226 τοὺς

248 2254 428 2315 αἰῶνας.
471 2258 657 2311 Ταῦτα
687 2255 901 2321 ηὔξατο,
944 2261 1034 2310 καὶ
1063 2261 1158 2316 την
1201 2256 1366 2328 εὐχὴν
1403 2260 1463 2309 τὸ
1509 2257 1653 2329 ξίφος
1683 2255 1831 2317 εὐθὺς

249 2338 517 2415 διεδέχετο,
560 2349 659 2397 καὶ
696 2350 790 2404 τὴν
843 2350 1035 2404 σεπτὴν
1074 2344 1304 2419 ἐτέμνετο
1334 2346 1576 2419 κεφαλήν.
1606 2354 1829 2417 Θαυμα-

245 2441 430 2505 τονργεῖ
458 2430 518 2487 δέ
541 2454 592 2486 τι
643 2434 909 2487 κάνταῦθα
953 2438 1103 2501 Θεὸς,
1135 2441 1226 2489 καὶ
1256 2436 1389 2509 αἷμα
1416 2437 1546 2508 ὁμοῦ
1574 2440 1663 2489 καὶ
1691 2434 1830 2507 γάλα

246 2529 323 2584 τῆς
341 2531 495 2594 τομῆς
520 2524 722 2598 ῥυῆναι
751 2531 909 2589 ποιεῖ,
942 2527 1012 2586 ὡς
1037 2528 1095 2578 τὸ
1119 2528 1208 2598 μὲν
1233 2535 1330 2587 τῆς
1360 2527 1563 2598 φύσεως
1589 2521 1738 2593 εἶναι,
1767 2527 1826 2577 τὸ

246 2607 293 2662 ἴε
318 2620 401 2672 τῆς
448 2613 702 2674 εὐσεϐοῦς
746 2617 987 2675 πίστεως.
1050 2620 1151 2668 Καὶ
1200 2616 1335 2667 οὕτω
1379 2618 1437 2667 τό
1490 2616 1665 2686 θαῦμα
1694 2618 1829 2686 μέγα

246 2702 371 2770 φανὲν
400 2701 463 2762 εἰς
487 2702 763 2767 ἔκπληξιν,
795 2704 971 2775 μεῖζον
999 2702 1059 2755 ἂν
1094 2704 1162 2764 εἰς
1201 2704 1460 2776 ὠφέλειαν,
1493 2701 1690 2779 ἄνδρας
1728 2712 1828 2755 τῶν

247 2786 454 2843 ἀπίστων
481 2798 813 2851 πεντήκοντα
839 2797 929 2845 καὶ
962 2799 1332 2856 πεντακοσίους
1375 2795 1453 2864 (ὁ)
1500 2803 1569 2865 τῷ
1611 2802 1827 2867 Χριστῷ

248 2885 407 2931 πεῖσαν
432 2880 760 2953 ἀκολουθεῖν,
794 2887 886 2936 καὶ
928 2888 1022 2942 τὴν
1062 2880 1332 2943 εἰδωλικὴν
1380 2884 1576 2941 πλάνην
1614 2903 1831 2955 μυσαχ-

249 2970 407 3033 θέντας
430 2971 729 3051 ἀπολιπεῖν.

1814 3106 1823 3113 '
1867 3086 1907 3142 C

308 3240 400 3294 Μ’.
430 3247 658 3293 Τοιοῦτο
711 3245 993 3314 Βονιφατίῳ
1032 3250 1127 3304 τῆς
1168 3240 1308 3303 ζωῆς
1348 3244 1406 3294 τὸ
1434 3244 1589 3313 πέρας
1616 3258 1629 3270 ·
1668 3242 1832 3304 οὕτως

245 3329 294 3377 τό
330 3328 432 3388 εἰκῆ
472 3335 565 3382 καὶ
612 3329 782 3391 ἄλλως
826 3329 1032 3383 ἐπελθόν
1075 3336 1165 3383 καὶ
1209 3329 1497 3406 προῤῥηθεν
1540 3331 1629 3382 ὑπ’
1669 3330 1828 3383 αὐτοῦ

246 3417 364 3479 τελος
400 3418 626 3491 εἴληφεν.
687 3421 752 3472 Οἱ
790 3416 870 3489 δὲ,
914 3423 1041 3493 πρὸς
1089 3421 1314 3481 ζήτησιν
1366 3419 1538 3492 ἐκείνῳ
1580 3428 1680 3472 τῶν
1726 3419 1831 3473 λει-

244 3503 394 3573 ψάνων
440 3510 939 3580 συνεκπεμφθέντες,
1000 3516 1167 3561 ταῦτα
1225 3512 1315 3582 μεν
1369 3508 1689 3582 ἀγνοοῦντες,
1743 3529 1829 3562 πε-

245 3600 548 3667 ριερχόμενοι
584 3594 651 3649 δὲ
710 3595 806 3648 ἀνὰ
853 3604 1025 3650 πᾶσαν
1056 3602 1148 3656 τὴν
1178 3596 1348 3663 πόλιν,
1394 3597 1505 3650 ἐπεὶ
1553 3599 1827 3659 ζητοῦντες

245 3681 372 3735 αὐτόν
415 3686 520 3757 οὐχ
580 3686 850 3758 εὕρισκον,
909 3686 1132 3758 οἰόμενοι
1189 3694 1302 3748 ταῖς
1349 3687 1407 3739 οὗ
1457 3687 1640 3749 καλαῖς
1672 3687 1827 3739 αὐτόν

250 3776 450 3835 συνήθως
505 3775 843 3849 χαρίζεσθαι
899 3774 1136 3842 ἡδοναῖς,
1190 3776 1365 3830 ’Ἠττου
1423 3777 1607 3838 ἐκεῖνος
1683 3779 1823 3852 ἄρτι,

250 3864 355 3931 πρὸς
397 3862 611 3926 ἑαυτοὺς
666 3863 856 3936 ἔλεγον,
910 3866 939 3924 ἢ
992 3868 1190 3926 πάντως
1232 3866 1439 3937 γυναιξὶ
1493 3870 1751 3930 σύνεστιν,
1793 3866 1822 3924 ἡ

248 3956 321 4001 καὶ
363 3950 709 4027 προσεδρεύει
758 3961 932 4016 ποτοῖς
971 3957 1038 4016 ὡς
1088 3957 1153 4007 τὰ
1208 3954 1387 4010 πολλά.
1443 3963 1622 4008 Ταῦτα
1665 3954 1711 4007 ἐν
1760 3962 1829 4025 νῷ

251 4044 544 4113 στρέφοντες,
608 4045 790 4116 ὥσπερ
846 4042 1068 4115 ἔσχατον
1119 4044 1266 4097 αὐτοὶ
1321 4041 1671 4117 διεσάφησαν,
1712 4064 1831 4097 συν-

250 4136 415 4182 πιτώσί
470 4152 577 4183 τινι
653 4140 752 4183 τῶν
807 4132 1028 4185 πολιτῶν
1100 4142 1190 4185 τοῦ
1248 4138 1359 4187 τότε
1414 4138 1828 4208 κομενταρησίου

248 4222 539 4289 τυγχάνοντι
601 4218 831 4294 ἀδελφῷ,
899 4228 988 4275 καὶ
1045 4219 1200 4275 τοῦδε
1276 4220 1736 4292 διαπυνθάνονται,
1787 4226 1831 4275 εἷ

246 4324 346 4357 τινα
394 4306 500 4362 ἴδοι
539 4312 713 4381 (ξένον
760 4310 1053 4383 Ῥωμαῖον),
1214 4316 1359 4365 Ξένον
1402 4317 1492 4384 μέν
1527 4332 1660 4381 τινα,
1713 4315 1829 4384 ἔφα-

250 4413 341 4465 σκε,
368 4403 455 4457 τὴν
484 4404 662 4475 χορός
707 4399 754 4452 ἐν
807 4408 877 4471 τῷ
925 4397 1126 4472 σταδίῳ
1174 4405 1260 4453 τὸν
1300 4405 1620 4475 μαρτυρικὸν
1655 4400 1828 4473 ἀγῶνα
1859 4440 1906 4497 D

257 4480 275 4497 ε
432 4493 439 4497 .
565 4491 582 4497 Α
780 4494 787 4497 .
845 4490 891 4497 __
1079 4490 1091 4497 .
1209 4492 1224 4497 -
1522 4487 1552 4497 ,Α
1640 4487 1671 4497 -,

248 4480 675 4557 διαγωνίσασθαι,
709 4494 797 4541 καὶ
843 4490 975 4561 ξίφει
1023 4490 1352 4550 τελειωθῆναι
1387 4509 1398 4520 ·
1428 4487 1594 4563 μηδὲν
1628 4487 1685 4543 δὲ
1728 4511 1826 4560 μη·

248 4569 369 4625 ὅέπω
414 4577 649 4650 ἀκριϐῶς
696 4574 907 4645 εἰδέναι,
955 4579 999 4631 εἰ
1053 4585 1141 4632 καὶ
1190 4580 1336 4641 οὗτος
1389 4580 1545 4642 αὐτὸς
1583 4582 1608 4631 ό
1642 4581 1829 4640 ζητού-

246 4680 388 4731 μενος.
424 4666 558 4720 Ἀλλ’
612 4670 791 4720 εἴπατέ
828 4687 939 4739 μοι,
994 4673 1176 4740 φησὶν,
1228 4670 1401 4730 ὁποῖός
1448 4676 1522 4729 τίς
1579 4668 1692 4722 ἐστι
1739 4674 1828 4721 καὶ

248 4756 324 4806 τὴν
352 4754 482 4824 ὄψιν,
530 4762 627 4809 καὶ
678 4762 793 4808 τίνα
832 4753 891 4809 δε
926 4760 991 4809 τὰ
1042 4760 1336 4832 παράσημα
1374 4767 1467 4821 τῆς
1506 4766 1727 4834 μορφῆς·
1770 4758 1830 4811 Ὦ-

250 4834 297 4890 ὄε
324 4840 493 4897 ἐκεῖνοι
541 4845 687 4916 λόγῳ
731 4848 816 4896 τόν
873 4842 1044 4919 ἄνδρα
1091 4848 1443 4921 ἐζωγράφουν,
1491 4849 1571 4899 ὅτι
1627 4851 1683 4898 τὸ
1738 4851 1827 4919 μὲν

252 4936 379 5000 σῶμα
432 4934 573 5004 αὐτῷ
633 4932 841 5006 βραχὺ,
891 4935 1046 4997 ξανθὴ
1083 4932 1142 4988 δὲ
1176 4938 1203 4994 ἠ
1253 4937 1368 5010 θρὶξ
1408 4942 1495 4988 καὶ
1525 4931 1687 4988 τᾶλλα
1728 4938 1830 4988 ὅσα

250 5028 625 5096 χαρπτηρίσαι
668 5025 964 5095 Βονιφάτιον
1006 5026 1155 5076 ἱκανά
1190 5042 1202 5055 °
1238 5025 1403 5087 Οὗτος
1453 5024 1660 5091 ἐκεῖνος,
1707 5027 1824 5097 ἔφη,

251 5104 293 5155 ὃν
334 5110 464 5181 ὑμεῖς
515 5114 743 5177 ζητεῖτε,
799 5112 943 5174 οὗτος
994 5115 1118 5190 οἰρα,
1170 5120 1260 5167 καὶ
1308 5115 1458 5176 ἄλλος
1511 5111 1698 5175 οὐδείς.
1762 5116 1827 5166 Oi

252 5189 298 5246 δε
342 5204 425 5257 τὴν
478 5203 570 5273 μὲν
632 5200 807 5273 ἀρχὴν
867 5199 1205 5270 διηπίστουν,
1257 5209 1346 5257 καὶ
1386 5205 1685 5264 ἠτατῆσθαι
1739 5206 1824 5255 τὸν

250 5283 394 5359 οὖνὸρα
451 5295 614 5361 ᾤοντο
663 5311 674 5323 '
717 5295 785 5344 Σὺ
832 5288 891 5344 δὲ
945 5294 1243 5365 Βονιφάτιον
1298 5292 1514 5366 ἀγνοεῖς,
1571 5292 1819 5365 λέγοντες,

304 5464 375 5534 (ὁ)
402 5467 563 5546 Hunc
602 5487 945 5546 numerum
973 5474 1126 5529 unde
1154 5474 1447 5546 acceperit
1485 5474 1815 5546 Metaphra-

249 5535 585 5664 ἓῗιὲρεεὶο,
629 5544 830 5601 Latina
862 5543 1055 5601 solum
1080 5535 1387 5601 indeﬁnite
1420 5535 1811 5619 dicunt'quod

1548 250 1709 307 VITA
1750 248 1811 304 S.
1852 246 2231 307 BONIFACII.

3476 258 3580 316 254

1934 376 2317 446 condemnat,
2343 379 2425 435 sic
2454 381 2655 437 dicens
2690 399 2701 437 :
2732 382 3059 452 Bonifacio,
3090 382 3191 456 qui
3221 399 3342 441 non
3385 387 3584 458 paruit

1932 466 2173 539 quidem
2204 468 2433 538 legibus
2457 469 2907 541 imperatorum,
2937 472 3125 527 verbis
3147 480 3341 529 autem
3367 478 3581 531 nostris

1931 571 2321 629 nequaquam
2348 559 2542 623 cessit,
2574 566 2627 615 et
2649 560 2758 615 diis
2789 560 3058 633 propitiis
3108 561 3298 617 noluit
3354 564 3580 619 sacriﬁ—

1933 661 2087 711 care,
2121 647 2225 702 sed
2257 648 2606 705 cruciﬁxum
2636 652 2829 721 potius
2852 651 3042 706 colere
3070 656 3357 723 tanquam
3374 654 3582 720 Deum,

1927 734 2115 807 jubeo
2144 741 2321 807 caput
2346 753 2489 793 ense
2507 739 2830 811 amputari.
2862 741 2925 795 Et
2950 740 3032 795 ita
3050 756 3183 795 eum
3209 747 3584 795 assumentes

1935 823 2228 891 satellites,
2264 842 2294 879 e
2338 826 2603 896 judiciali
2664 829 2925 884 educunt
2978 829 3278 885 tribunali.
3332 830 3586 885 Victoria

1935 918 2137 969 autem
2166 914 2417 984 insignis
2456 916 2664 972 Christi
2693 923 2938 990 martyr,
2972 918 3275 988 gaudebat
3338 919 3585 992 quidem

1935 1006 2227 1075 tanquam
2273 1020 2394 1060 non
2443 1007 2519 1062 ad
2571 1013 2844 1074 mortem,
2874 1008 2977 1063 sed
3018 1008 3093 1063 ad
3133 1009 3317 1064 vitam
3358 1010 3581 1080 potius,

1935 1092 2084 1148 sicut
2133 1094 2312 1151 etiam
2354 1111 2557 1151 revera
2610 1097 2695 1153 ita
2751 1098 3029 1163 habebat,
3085 1099 3573 1171 proﬁcisceretur,

1934 1197 2072 1236 cum
2100 1183 2361 1253 petiisset
2390 1184 2464 1240 ab
2502 1185 2571 1239 iis
2595 1186 2698 1259 qui
2737 1187 2936 1258 ipsum
2981 1187 3382 1253 abducebant,
3418 1194 3479 1243 ut
3531 1189 3584 1244 ei

1932 1286 2147 1341 parum
2180 1272 2466 1344 temporis
2496 1274 2908 1339 concederent,
2939 1280 3103 1331 stans
3159 1276 3235 1331 ad
3294 1277 3584 1332 orientem

1932 1365 2206 1432 precatus
2232 1366 2362 1417 est:
2400 1361 2644 1419 Domine
2677 1364 2779 1428 mi,
2825 1365 3052 1431 dicens,
3102 1366 3351 1420 Domine
3404 1365 3580 1430 Deus,

1932 1449 2047 1503 cito
2078 1465 2171 1505 me
2202 1451 2566 1521 praeveniant
2586 1452 3143 1518 miserationestuaa,
3165 1459 3394 1510 etnunc
3422 1453 3584 1509 adsis

1932 1538 2076 1594 mihi
2104 1539 2354 1609 adjutor,
2413 1556 2486 1596 ne
2538 1540 2685 1597 mihi
2743 1542 3041 1613 malignus
3102 1543 3330 1615 aliquid
3380 1544 3585 1599 afferat

1932 1628 2341 1699 impedimenti
2372 1635 2615 1702 propter
2643 1648 2736 1699 ea,
2768 1648 2903 1704 quae
2948 1632 3007 1687 in
3044 1632 3385 1704 insipientia
3442 1632 3584 1687 mihi

1936 1723 2368 1789 praecesserunt
2394 1727 2639 1790 peccata
2666 1738 2678 1775 :
2710 1721 2816 1776 sed
2840 1721 3072 1793 suscipe
3095 1722 3360 1777 animam
3383 1737 3584 1777 meam

1938 1807 1997 1861 in
2022 1822 2188 1878 pace,
2213 1813 2269 1862 et
2293 1808 2443 1863 inter
2467 1825 2587 1875 eos,
2629 1809 2733 1881 qui
2767 1825 2873 1881 pro
2929 1815 2983 1865 te
3024 1810 3378 1881 sanguinem
3436 1809 3587 1864 effu-

1940 1897 2170 1961 derunt,
2195 1902 2251 1952 et
2278 1898 2457 1953 fidem
2492 1915 2675 1971 usque
2707 1899 2785 1954 ad
2814 1900 2995 1955 ﬁnem
3015 1904 3465 1963 conservarunt,
3492 1914 3585 1955 me

1940 2002 2181 2058 quoque
2207 1986 2560 2043 adnumera.
2598 1988 2800 2044 Libera
2826 1993 3024 2043 autem
3052 1994 3153 2044 tuo
3180 2004 3421 2061 quoque
3448 2002 3583 2059 pre-

1943 2075 2090 2130 tioso
2107 2076 2396 2145 sanguine
2413 2076 2768 2148 acquisitum
2790 2093 3055 2147 gregem,
3080 2083 3247 2132 tuum
3268 2076 3582 2149 populum,

1943 2164 2023 2219 mi
2071 2165 2314 2232 Christe,
2364 2166 2749 2238 peculiarem,
2800 2167 2877 2222 ab
2930 2166 3094 2223 omni
3148 2166 3455 2238 impietate
3529 2169 3586 2220 et

1939 2268 2134 2308 errore
2157 2253 2464 2323 gentilium
2497 2270 2509 2308 :
2543 2255 2831 2327 quoniam
2854 2271 2916 2310 es
2944 2255 3290 2311 benedictus
3347 2258 3405 2309 et
3462 2268 3587 2309 ma-

1939 2357 2089 2397 nens
2120 2344 2177 2398 in
2199 2343 2437 2399 saecula.
2475 2347 2605 2400 Haec
2636 2350 2720 2400 est
2750 2350 3043 2416 precatus,
3071 2350 3127 2401 et
3154 2360 3359 2416 preces
3386 2343 3586 2399 statim

1937 2433 2093 2488 ensis
2136 2437 2223 2489 est
2274 2440 2648 2498 consecutus,
2707 2438 2763 2490 et
2813 2438 3191 2506 amputatum
3251 2434 3358 2489 fuit
3410 2437 3591 2505 caput

1936 2522 2365 2578 venerandum.
2400 2523 2768 2579 Facitautem
2792 2524 2888 2579 hic
2905 2540 3146 2595 quoque
3168 2524 3319 2578 Deus
3341 2522 3586 2594 aliquod

1938 2611 2312 2682 miraculum,
2348 2616 2404 2667 et
2425 2612 2784 2682 sanguinem
2810 2628 2947 2667 cum
2979 2612 3130 2667 lacte
3150 2611 3289 2667 facit
3314 2610 3497 2666 ﬂuere
3519 2627 3589 2665 ex

1937 2699 2218 2755 vulnere:
2250 2700 2402 2755 adeo
2444 2706 2503 2755 ut
2535 2700 2631 2755 ille
2680 2701 2918 2772 quidem
2972 2705 3129 2755 esset
3176 2705 3423 2765 naturae,
3472 2700 3587 2755 hoc

1938 2804 2079 2845 vero
2120 2789 2229 2860 piae
2258 2789 2398 2861 fidei
2430 2805 2442 2844 :
2476 2794 2533 2845 et
2558 2790 2639 2845 sic
2670 2789 3045 2855 miraculum,
3089 2789 3252 2860 quod
3302 2802 3588 2859 magnum

1939 2878 2133 2933 visum
2161 2884 2287 2934 erat
2316 2879 2393 2935 ad
2417 2884 2744 2951 stuporem,
2776 2879 2972 2950 majus
3002 2878 3114 2934 fuit
3133 2878 3210 2933 ad
3243 2878 3584 2936 utilitatem:

1940 2968 2102 3040 quod
2129 2968 2468 3040 quingentis
2499 2974 2554 3024 et
2577 2969 3017 3041 quinquaginta
3065 2968 3202 3023 viris
3248 2966 3589 3023 inﬁdelibus

1942 3058 2256 3130 persuasit,
2313 3063 2375 3113 ut
2427 3058 2724 3115 Christum
2779 3062 3187 3131 sequerentur,
3234 3061 3290 3112 et
3327 3073 3589 3113 errorem

1942 3147 2397 3204 simulacrorum
2428 3150 2840 3205 abominantes
2869 3147 3293 3220 relinquerent.

2010 3238 2095 3292 Xt.
2128 3238 2229 3293 Hic
2256 3237 2360 3292 fuit
2389 3238 2579 3293 exitus
2608 3239 2742 3294 vitae
2794 3237 3091 3293 Bonifacii.
3149 3238 3230 3291 Ita
3287 3234 3453 3308 quod
3502 3232 3585 3289 illi

1938 3329 2157 3383 temere
2220 3330 2551 3383 veneratin
2583 3333 2867 3395 mentem,
2924 3326 3146 3398 accepit
3194 3341 3333 3381 eum
3382 3324 3586 3389 tinem,

1935 3431 2115 3488 quem
2143 3416 2270 3488 ipse
2295 3416 2668 3488 praedixerat.
2702 3417 2810 3481 Qui
2853 3422 3055 3473 autem
3109 3432 3247 3471 cum
3300 3430 3369 3470 eo
3421 3412 3591 3469 missi

1934 3503 2169 3561 fuerant
2198 3505 2276 3561 ad
2301 3506 2660 3577 quaerendas
2687 3506 2968 3577 reliquias
2989 3506 3135 3569 ,haec
3152 3504 3398 3576 quidem
3418 3503 3586 3573 igno-

1934 3600 2152 3659 rantes,
2186 3598 2368 3650 totam
2401 3610 2542 3651 vero
2585 3595 2886 3651 civitatem
2935 3595 3241 3659 obeuntes,
3298 3593 3586 3665 quoniam

1934 3688 2267 3755 quaerentes
2297 3684 2497 3754 ipsum
2527 3700 2649 3739 non
2687 3683 3092 3747 inveniebant,
3122 3687 3400 3754 putantes
3449 3696 3588 3735 eum

1936 3788 2057 3827 non
2090 3772 2372 3844 pulchris,
2404 3776 2466 3827 ut
2494 3772 2747 3836 solebat,
2774 3787 3020 3844 operam
3070 3773 3212 3827 dare
3270 3769 3584 3841 voluptati-

1936 3860 2104 3916 bus:
2161 3863 2324 3917 Certe
2382 3861 2478 3917 ille
2534 3860 2838 3924 (dicebant
2894 3860 3059 3933 apud
3112 3860 3197 3931 se)
3246 3858 3426 3914 modo
3496 3859 3585 3914 vel

1937 3950 2186 4006 omnino
2216 3951 2332 4007 coit
2364 3950 2723 4019 mulieribus,
2779 3954 2883 4007 aut
2938 3950 2994 4004 in
3044 3950 3113 4004 iis
3164 3949 3307 4005 locis
3336 3947 3582 4011 desidet,

1939 4045 2001 4093 ut
2028 4038 2087 4093 id
2122 4054 2345 4109 magna
2374 4055 2447 4096 ex
2471 4045 2631 4111 parte
2658 4038 2813 4096 facit.
2843 4039 2976 4096 Haec
3014 4038 3217 4095 animo
3267 4041 3585 4102 versantes,

1937 4132 2001 4185 ut
2025 4128 2134 4201 ipsi
2165 4135 2463 4201 postremo
2515 4128 2905 4200 explicarunt,
2968 4133 3288 4184 occurrunt
3342 4125 3585 4181 cuidam

1937 4218 2070 4285 civi,
2103 4218 2207 4291 qui
2236 4223 2361 4275 erat
2389 4218 2567 4275 frater
2592 4217 3179 4283 Commentariensis,
3213 4222 3267 4273 et
3308 4232 3443 4272 eum
3499 4214 3590 4270 in-

1937 4312 2256 4379 terrogant,
2314 4324 2392 4364 an
2460 4308 2709 4364 vidisset
2777 4307 3039 4379 aliquem
3092 4306 3391 4379 hospitem
3450 4304 3589 4361 illuc

1937 4398 2342 4455 accedentem.
2386 4398 2481 4453 tlle
2507 4402 2706 4455 autem
2759 4396 3018 4465 dicebat,
3078 4396 3205 4452 heri
3257 4393 3587 4468 quemdam

1937 4488 2234 4559 hospitem
2261 4488 2319 4543 in
2343 4488 2532 4544 stadio
2579 4486 2961 4559 martyricum
3017 4485 3352 4542 decertasse
3407 4491 3590 4540 certa-

1938 4595 2097 4645 men,
2132 4582 2186 4633 et
2214 4593 2355 4633 ense
2384 4576 2572 4632 fuisse
2603 4580 3089 4632 consummatum
3140 4593 3152 4631 :
3212 4591 3272 4631 se
3299 4590 3434 4631 vero
3468 4589 3589 4629 non

1937 4674 2094 4724 certo
2119 4668 2284 4732 scire,
2318 4682 2395 4723 an
2425 4667 2473 4721 is
2501 4666 2593 4732 sit,
2616 4666 2719 4738 qui
2772 4666 2850 4721 ab
2899 4666 2981 4721 eis
3034 4668 3417 4738 quaereretur.
3475 4663 3586 4720 Sed

1936 4757 2109 4814 dicite
2134 4757 2296 4821 mihi,
2326 4755 2536 4829 inquit,
2566 4754 2906 4828 qualisnam
2933 4759 3020 4809 est
3040 4759 3309 4825 aspectu,
3347 4758 3402 4809 et
3453 4770 3588 4826 quae

1937 4852 2070 4903 sunt
2092 4847 2221 4917 ejus
2240 4845 2712 4913 formaeinsignia
2741 4845 2769 4900 ?
2787 4846 2931 4901 Cum
2956 4849 3156 4899 autem
3177 4842 3254 4897 illi
3280 4843 3589 4899 hominem

1939 4937 2131 4992 verbis
2161 4935 2583 5000 describerent,
2615 4950 2828 5005 nempe
2872 4933 3036 5006 quod
3100 4933 3281 4989 breve
3341 4932 3590 5004 quidem

1936 5030 2087 5082 esset
2115 5025 2167 5081 ei
2194 5040 2431 5097 corpus,
2460 5024 2599 5080 ﬂavi
2630 5039 2767 5080 vero
2798 5022 3016 5095 capilli,
3050 5028 3106 5079 et
3129 5022 3245 5077 alia
3278 5038 3413 5094 quae
3448 5019 3590 5075 satis

1934 5120 2103 5172 erant
2132 5114 2208 5171 ad
2241 5113 2693 5186 exprimendam
2720 5112 2980 5169 formam
2998 5110 3322 5167 Bonifacii:
3354 5109 3466 5168 Hic
3501 5112 3593 5165 est

1932 5204 2047 5269 ille,
2108 5204 2320 5277 inquit,
2374 5219 2553 5276 quem
2600 5218 2702 5258 vos
2753 5199 3039 5274 quzeritis.
3136 5199 3222 5254 Illi
3272 5203 3473 5256 autem
3525 5198 3588 5254 in

1932 5293 2096 5350 initio
2134 5293 2379 5365 quidem
2426 5307 2548 5348 non
2596 5290 2938 5355 credebant,
2999 5293 3055 5347 et
3110 5305 3244 5346 eum
3296 5288 3593 5362 putabant

1998 5474 2072 5547 (c)
2133 5474 2397 5547 Deerant;
2430 5472 2558 5529 htec
2606 5470 2907 5545 ecgrapho
2984 5474 3207 5543 nostro,
3273 5486 3344 5527 ex
3388 5471 3591 5528 Latina

1924 5545 2198 5603 versione
2231 5545 2523 5618 suppleta.
