4066 6224
444 324 548 383 255

444 467 569 509 esse
601 449 932 522 deceptum,
966 443 1228 508 dicentes
1274 467 1285 505 :

445 541 786 615 qualisnam
818 542 891 598 sit
911 542 962 597 ei
996 542 1133 608 vita,
1159 544 1214 597 et
1239 555 1424 613 quam
1446 553 1748 610 propensa
1777 554 1847 593 ac
1888 536 2103 609 procli-

441 632 530 686 vis
569 632 645 687 ad
668 631 1021 703 voluptates,
1056 634 1311 703 etquam
1345 646 1417 684 ex
1443 629 1735 683 diametro
1765 626 1899 682 vitae
1934 643 2106 698 repu-

447 725 587 791 gnet
614 721 967 794 martyricae.
993 724 1133 777 Cum
1161 736 1297 776 vero
1344 718 1438 774 ille
1491 718 1731 783 diceret,
1786 715 1935 771 nihil
1998 715 2102 771 ob-

448 816 626 876 stare,
657 811 975 883 quominus
1005 810 1116 882 ipsi
1160 808 1511 864 accederent
1571 807 1647 862 ad
1708 805 1991 868 stadium,
2050 807 2107 860 et

445 916 662 970 corpus
693 899 889 969 ipsum
948 899 1302 970 aspicerent,
1341 896 1418 951 illi
1463 895 1760 960 cedentes,
1812 894 2105 950 accedunt

447 989 711 1062 quidem,
743 989 867 1043 viro
895 987 994 1043 illo
1018 1004 1119 1043 eos
1144 988 1412 1042 ducente.
1450 985 1559 1053 Qui
1599 1002 1736 1039 cum
1798 984 1977 1039 etiam
2021 982 2103 1039 eis

446 1094 662 1149 corpus
692 1078 1066 1143 ostendisset,
1103 1078 1183 1133 illi
1212 1075 1493 1149 conjectis
1523 1078 1580 1130 in
1628 1090 1839 1145 corpus
1892 1072 2101 1137 oculis,

443 1166 604 1238 quod
623 1166 860 1237 jacebat
890 1166 1015 1221 sine
1058 1168 1272 1238 capite,
1306 1165 1400 1221 vel
1423 1180 1493 1219 ex
1527 1164 1643 1219 hoc
1670 1164 1796 1219 solo
1823 1178 2103 1234 830080;:-

438 1254 589 1311 bant
619 1255 1004 1312 Bonifacium.
1053 1255 1271 1311 Deinde
1315 1254 1495 1310 etiam
1550 1270 1687 1308 cum
1742 1251 2105 1307 invenissent

443 1350 621 1416 caput
658 1346 1186 1415 seorsumjacens,
1214 1348 1270 1399 et
1328 1344 1456 1414 ejus
1511 1342 1744 1413 corpori
1770 1340 2104 1412 conjunxis-

445 1438 592 1497 sent,
634 1433 797 1488 illum
834 1434 1027 1505 ipsum
1064 1450 1191 1489 esse
1238 1433 1564 1498 credentes,
1616 1432 2100 1503 obstupuerunt:

446 1528 499 1579 et
529 1523 735 1578 timore
764 1530 1105 1579 contractus
1135 1522 1243 1578 fuit
1272 1539 1461 1578 eorum
1494 1523 1751 1577 animus.
1793 1519 2103 1575 Timebant

447 1612 627 1680 enim,
656 1628 729 1667 ne
756 1611 838 1667 eis
877 1611 1101 1684 aliquid
1141 1616 1529 1677 succenseret,
1573 1610 1740 1683 quod
1767 1610 1897 1680 ejus
1944 1622 2106 1662 men-

446 1704 567 1757 tem
595 1706 993 1768 accusassent,
1026 1718 1162 1757 eum
1186 1701 1525 1773 judicantes
1563 1716 1631 1755 ex
1663 1715 1734 1755 eo
1765 1698 1911 1762 solo,
1940 1696 2104 1769 quod

1847 316 2112 378 MENSIS
2151 318 2400 383 MAIUS.

1357 452 1483 506 Non
1514 446 1669 504 nosti
1708 446 2100 517 Bonifacium,

2224 457 2300 504 ιαὶ
2327 455 2433 517 οἷος
2457 456 2482 506 ό
2531 452 2648 526 βίος
2697 448 2857 521 αύτῷ,
2903 452 3027 524 πρὸς
3058 445 3253 511 ἡδονὰς
3281 449 3470 523 μᾶλλον
3498 453 3589 503 καὶ
3614 449 3800 513 ἀνέσεις

3700 320 3800 378 256

2213 544 2368 614 ἔχων,
2419 548 2507 595 καὶ
2548 542 2601 594 ἐκ
2652 537 2936 614 διαμέτρου
2977 548 3047 610 τῷ
3088 548 3392 613 μαρτυρικῷ
3448 538 3549 611 βίῳ
3594 538 3800 593 ἀπενανι

2210 637 2320 693 τίας
2370 638 2617 705 κείμενος.
2673 632 2817 682 Ἐπεὶ
2871 626 2929 681 δὲ
2961 628 3144 689 ἐκεῖνος
3191 625 3358 700 μηδὲν
3389 625 3515 681 εἶναι
3544 632 3603 681 τό
3646 627 3796 701 ἔμπο-

2213 718 2316 774 δὼν
2350 720 2513 793 ἔλεγεν
2559 720 2641 773 ἐπὶ
2670 723 2726 772 τό
2772 715 2989 771 στάδιον
3022 717 3308 791 παρελθεῖν,
3357 723 3441 771 καὶ
3476 726 3546 788 τῷ
3601 722 3802 790 σώματι

2212 810 2351 882 αύτῷ
2398 816 2740 883 προστυχείν,
2801 808 3021 870 εἴξαντες
3072 806 3252 860 ἐκεῖνοι
3307 811 3661 882 παρέρχονται
3715 810 3802 879 μὲν

2212 902 2283 962 εἰς
2307 905 2394 953 τόν
2433 905 2610 962 τόπον,
2651 907 2742 951 τοῦ
2772 894 2959 973 ἀνδρὸς
3008 897 3181 957 αὐτοῖς
3214 899 3501 969 ἡγουμένου
3537 915 3547 927 '
3583 893 3691 951 εἶτα
3713 901 3803 950 καὶ

2212 994 2297 1043 τὸν
2344 994 2518 1063 νεκρὸν
2576 985 2961 1052 ὑποδείξαντος,
3021 989 3115 1047 τὰς
3162 986 3309 1057 ὄψεις
3357 985 3538 1040 ἐκεῖνοι
3576 995 3647 1057 τῷ
3705 990 3805 1038 σώ-

2209 1100 2337 1154 ματι
2400 1079 2775 1154 προσϐαλόντες
2830 1085 2925 1138 τῆς
2983 1076 3207 1148 κεφαλῆς
3260 1077 3378 1128 ἄνευ
3409 1080 3640 1149 κειμένῳ,
3681 1077 3805 1128 ὅσον

2212 1167 2272 1229 ἧν
2338 1171 2436 1222 ἀπὸ
2493 1171 2675 1221 τούτου
2734 1170 2818 1219 τόν
2871 1167 3167 1239 Βονιφάτιον
3222 1164 3561 1237 ἀνεγίνωσκον
3618 1179 3633 1195 ⁸
3693 1160 3809 1217 εἶτα

2210 1264 2300 1312 καὶ
2348 1262 2440 1317 τὴν
2496 1257 2716 1329 κεφαλὴν
2776 1256 3005 1327 εὑρόντες
3061 1258 3223 1329 χωρίς
3273 1273 3373 1307 που
3420 1256 3675 1326 κειμένην,
3716 1257 3811 1306 καὶ

2212 1358 2282 1420 τῷ
2326 1347 2484 1407 αὐτῆς
2554 1344 2876 1416 συνάψαντες
2927 1350 3150 1416 σώματι,
3211 1343 3365 1396 αὐτὸν
3431 1342 3615 1395 ἐκεῖνον
3677 1339 3813 1395 εἶναι

2211 1439 2582 1497 πιστεύσαντες
2631 1434 2819 1506 θάμϐει
2863 1438 3189 1505 συνείχοντο,
3234 1438 3323 1485 καὶ
3362 1429 3469 1485 δέει
3496 1436 3591 1491 τὴν
3620 1431 3813 1504 ψυχὴν

2215 1525 2603 1578 συνεστέλλοντο
2643 1542 2654 1553 ’
2688 1526 2904 1596 καὶγὰρ
2956 1519 3309 1587 ἐδεδοίκεσαν,
3361 1527 3431 1593 μή
3488 1541 3541 1574 τι
3578 1527 3667 1573 καὶ
3710 1541 3817 1594 μη-

2212 1620 2330 1687 νίση
2366 1615 2559 1679 αὐτοῖς,
2593 1614 2659 1665 ὧν
2712 1613 2779 1673 εἰς
2820 1609 3054 1664 διάνοιαν
3102 1611 3262 1663 αὐτοῦ
3315 1615 3663 1684 κατηγόρουν,
3707 1610 3816 1663 ἀπὸ

2212 1709 2368 1776 μόνου
2444 1711 2533 1756 τοῦ
2600 1701 2940 1776 προλαϐόντος
3016 1701 3169 1753 αὐτὸν
3230 1707 3505 1776 κρίνοντες,
3574 1704 3661 1752 καὶ
3736 1705 3814 1773 μὴ

448 1796 845 1863 praecesserat,
889 1798 944 1846 et
1004 1792 1355 1855 nescientes,
1409 1791 1568 1864 quali
1610 1791 1744 1847 vita:
1808 1786 2102 1861 principio

2224 1790 2403 1854 εἰδότες
2455 1795 2544 1865 οἵῳ
2596 1796 2855 1865 προοιμίῳ
2897 1790 3021 1864 βίου
3071 1793 3176 1843 οἷον
3207 1791 3342 1851 τέλος
3395 1789 3612 1849 ἐπέθηκε
3654 1809 3821 1862 χαρι-

449 1880 691 1953 qualem
719 1885 773 1935 et
798 1868 1534 1952 quamjucundum’ﬁnem
1570 1879 1973 1952 imposuisset.
1995 1876 2101 1933 Sed

449 1987 588 2025 mox
623 1974 831 2026 metum
866 1971 1089 2026 ademit
1118 1976 1356 2041 martyr,
1388 1988 1446 2025 se
1500 1969 1731 2043 placide
1771 1974 1827 2024 et
1856 1967 2102 2037 benigne

450 2059 509 2113 in
533 2074 630 2114 eos
658 2074 887 2126 gerens.
944 2062 1093 2114 Nam
1127 2064 1452 2131 postquam
1504 2061 1686 2129 caput
1716 2057 1822 2112 fuit
1859 2056 2104 2125 conjun-

453 2154 615 2203 etum
639 2149 869 2219 corpori
899 2149 981 2218 (tu
1010 2164 1071 2202 es
1110 2150 1379 2202 omnium
1442 2148 1749 2211 Dominus,
1799 2162 1832 2201 o
1883 2144 2104 2199 Christe

455 2240 597 2304 Rex,
630 2238 733 2307 qui
781 2237 1078 2307 gloriﬁcas
1101 2253 1223 2301 eos,
1252 2238 1356 2309 qui
1388 2240 1444 2291 te
1470 2236 1850 2306 gloriﬁcant),
1883 2234 2104 2289 sensim

454 2326 700 2397 quidem
724 2326 911 2396 aperit
948 2326 1153 2381 oculos
1191 2343 1204 2381 :
1239 2342 1340 2381 eos
1391 2327 1591 2382 autem
1640 2327 1897 2381 intuetur
1919 2325 2107 2378 amice

456 2420 512 2469 et
545 2414 798 2484 plaetde,
846 2415 1142 2487 loquentis
1191 2416 1452 2486 speceim
1498 2430 1621 2486 pra;
1683 2431 1744 2470 se
1799 2414 2007 2478 ferens,
2055 2417 2111 2468 et

461 2503 780 2560 ostendens
821 2521 880 2559 se
914 2506 995 2559 eis
1016 2506 1167 2561 bene
1197 2505 1365 2570 velle,
1392 2512 1445 2561 et
1476 2504 1845 2577 probrorum,
1886 2519 2020 2575 quas
2051 2503 2110 2558 in

465 2609 601 2648 eum
660 2594 1047 2661 ingesserant,
1112 2596 1351 2650 minime
1433 2596 1799 2650 meminisse.
1858 2592 1941 2647 Illi
1973 2608 2111 2647 vero

469 2682 680 2738 acerbe
718 2682 947 2749 ﬂentes,
981 2689 1037 2739 et
1080 2684 1303 2739 calidas
1354 2684 1654 2755 laerymas
1700 2678 2109 2741 eﬁ‘undentes:

470 2774 549 2828 Ne
586 2772 947 2840 memineris,
993 2772 1286 2840 dicebant,
1348 2789 1511 2829 serve
1567 2774 1725 2839 Jesu,
1778 2775 2112 2827 nostrarum

470 2861 871 2934 iniquitatum,
899 2878 1093 2935 neque
1119 2864 1499 2934 probrorum,
1524 2860 1739 2932 quibus
1766 2866 1818 2916 te
1849 2860 2114 2915 divinum

474 2956 527 3006 et
554 2958 1004 3007 sacrosanctum
1028 2957 1206 3024 caput
1228 2953 1400 3007 stulte
1423 2968 1632 3005 sumus
1654 2950 1943 3005 insectati.
1969 2950 2114 3003 Cum

474 3040 559 3094 sic
628 3040 735 3095 sibi
802 3048 1077 3095 sanctum
1129 3041 1487 3112 placassent.
1540 3046 1595 3097 et
1654 3040 1781 3111 ejus
1815 3038 2111 3110 reliquias,

2213 1889 2445 1939 ἐστατον,
2502 1882 2634 1935 Ἀλλ’
2681 1883 2800 1934 ὅσον
2832 1884 3000 1933 οὔπω
3052 1885 3142 1932 καὶ
3192 1883 3280 1932 τὸν
3333 1878 3487 1952 φόϐον
3536 1881 3560 1931 ὁ
3612 1882 3821 1953 μάρτυς

2213 1972 2379 2037 ἐξεῖλε,

2212 2064 2579 2135 προσενεχθείς

2215 2154 2304 2223 (σύ
2347 2149 2391 2203 εἷ
2432 2154 2635 2203 πάντων
2687 2154 2896 2223 Κύριος,
2952 2153 3149 2221 Χριστε
3211 2147 3449 2221 βασιλεύ,
3499 2150 3524 2199 ό
3574 2144 3823 2208 δοξάζων

2475 1972 2587 2024 λίαν
2676 1979 2952 2043 προσηνῶς
3014 1970 3191 2031 αὐτοῖς
3269 1975 3358 2021 καὶ
3442 1968 3821 2043 φιλανθρώπως

2622 2079 2633 2090 ·
2669 2063 2733 2122 ὡς
2776 2063 2876 2135 γὰρ
2926 2062 2955 2118 ἠ
2998 2060 3189 2127 κεφαλὴ
3219 2061 3454 2131 συνῆφθη
3500 2066 3572 2129 τῷ
3605 2062 3823 2129 σώματι

2212 2244 2331 2301 τούς
2383 2260 2439 2293 σε
2492 2237 2809 2302 δοξάζοντας
2856 2238 2867 2293 I
2929 2240 2947 2310 )
3009 2234 3263 2309 διανοίγει
3314 2241 3401 2310 μὲν
3482 2237 3649 2309 ἠρέμα
3696 2238 3826 2297 τούς

2217 2329 2533 2402 ὀφθαλμοὺς,
2593 2329 2813 2390 ἀτενίζει
2844 2325 2903 2380 δὲ
2950 2331 3075 2401 πρὸς
3134 2327 3320 2389 αύτούς
3372 2326 3571 2397 φιλικόν
3624 2344 3677 2376 τι
3731 2328 3828 2375 καὶ

2219 2422 2427 2492 ἥμερον,
2486 2422 2707 2492 ὡσπερεὶ
2760 2420 3080 2489 φθεγγομένη
3129 2425 3203 2487 τῷ
3262 2421 3528 2488 σχήματι,
3579 2417 3668 2466 καὶ
3727 2410 3831 2471 δη-

2219 2508 2405 2573 λοῦσα,
2461 2510 2541 2559 ὅτι
2587 2512 2677 2559 καὶ
2732 2506 2845 2559 λίαν
2901 2506 3118 2575 εὐμενῶς
3170 2508 3236 2558 τὰ
3286 2509 3413 2577 πρός
3458 2504 3645 2565 αὐτούς
3683 2505 3827 2574 ἔχει,

2221 2604 2311 2651 καὶ
2344 2596 2493 2651 οὐδὲν
2532 2599 2599 2649 ὧν
2630 2598 2732 2672 ἄρα
2769 2602 2858 2648 καὶ
2908 2596 3183 2670 ἐξύϐρισαν
3239 2596 3305 2657 εἰς
3352 2592 3573 2667 καρδίαν
3628 2613 3831 2665 μνησι-

2222 2696 2389 2741 κακεῖ.
2424 2690 2489 2739 Οἱ
2539 2684 2597 2740 δὲ
2649 2688 2782 2739 πάνυ
2844 2690 3028 2761 πικρόν
3086 2684 3520 2749 ἀνακλαύσαντες,
3583 2688 3672 2734 καὶ
3727 2679 3833 2734 δά-

2223 2798 2359 2851 κρυα
2411 2779 2573 2850 θερμά
2623 2785 2718 2828 τῶν
2779 2775 3050 2847 ὀφθαλμῶν
3100 2773 3504 2839 ἀποστάξαντες,
3560 2776 3644 2830 Μὴ
3690 2792 3831 2843 μνη-

2226 2870 2367 2929 σθεὶς
2414 2869 2581 2938 ἡμῶν,
2626 2868 2841 2937 ἔφησαν,
2896 2860 3047 2916 δοῦλε
3080 2868 3293 2938 Κυρίου,
3326 2861 3567 2934 ἀνομιῶν,
3599 2856 3733 2933 μηδ’
3763 2861 3833 2912 ὧν

2224 2976 2281 3028 γε
2330 2958 2479 3027 ἡμεῖς
2519 2959 2589 3017 εἷς
2623 2974 2679 3007 σε
2727 2960 2815 3012 τὴν
2868 2956 3006 3007 θείαν
3055 2957 3211 3013 ὅντως
3261 2957 3351 3005 καὶ
3413 2954 3547 3027 ἱεράν
3601 2950 3830 3022 κεφαλὴν

2226 3045 2454 3120 ἀφρόνως
2534 3049 2991 3119 πεπαρῳνήκαμεν.
3085 3043 3263 3104 Οὕτως
3323 3042 3436 3094 ἵλεω
3476 3048 3567 3093 τοῦ
3639 3038 3829 3110 Ἀγίου

476 3144 711 3199 corpus,
764 3129 1035 3201 inquam,
1067 3136 1121 3184 et
1150 3136 1321 3201 caput
1346 3130 1689 3200 quingentis
1718 3129 1912 3183 aureis
1942 3131 2112 3182 emis-

2224 3140 2494 3208 τυχόντες,
2545 3138 2720 3186 καὶτὸ
2767 3133 3002 3204 λείψανον
3057 3132 3237 3197 αὐτοῦ,
3288 3134 3346 3184 τὸ
3393 3131 3544 3203 σῶμά
3591 3134 3644 3182 τέ
3690 3150 3832 3203 φημι

476 3223 626 3281 sent,
655 3223 710 3272 et
734 3218 1043 3273 odoriferis
1067 3218 1435 3273 aromatibus
1470 3224 1525 3273 et
1549 3220 1863 3289 unguentis
1914 3217 2118 3272 unxis-

477 3312 689 3371 sent,et
709 3308 980 3363 candidis
1012 3308 1181 3362 lineis
1216 3308 1680 3371 involvissent,et
1708 3308 1767 3363 in
1786 3307 2118 3364 honoriﬁca

476 3412 657 3467 capsa
688 3398 1133 3469 imposuissent,
1164 3397 1418 3453 Romam
1440 3398 1656 3453 reversi
1676 3403 1831 3463 sunt,
1852 3415 1957 3452 sua
1974 3396 2115 3452 nihil

477 3485 756 3543 interesse
831 3487 1182 3542 arbitrantes
1236 3488 1502 3559 accipere
1559 3487 1799 3543 alterius
1842 3486 2117 3558 martyris

473 3574 774 3647 reliquias,
803 3592 939 3631 cum
972 3576 1137 3632 illum
1164 3576 1450 3631 haberent
1502 3578 1604 3648 qui
1647 3579 1773 3648 jam
1827 3584 1952 3631 erat
2010 3575 2115 3631 sibi

474 3671 669 3733 notus,
697 3670 752 3721 et
780 3666 882 3737 qui
909 3681 1012 3721 eos
1044 3681 1328 3736 germane
1355 3671 1411 3721 et
1451 3665 1670 3722 sincere
1723 3665 2114 3737 amplectitur,

473 3760 528 3810 et
587 3754 689 3810 dat
753 3754 838 3810 eis
892 3755 1067 3812 ﬁdele
1120 3756 1525 3812 testimonium
1584 3771 1852 3828 supernas
1928 3755 2119 3811 defen-

475 3859 676 3899 SIODIS.

549 3971 655 4024 XII.
692 3969 924 4024 Interim
959 3974 1178 4035 autem,
1208 3970 1352 4025 dum
1384 3971 1476 4025 isti
1508 3971 1756 4025 domum
1791 3969 2120 4041 proﬁcisce-

474 4060 707 4123 bantur,
731 4058 966 4115 advenit
996 4059 1073 4113 ad
1104 4058 1411 4130 Aglaidem
1441 4059 1615 4124 visio,
1644 4059 2118 4131 nempeangelus

474 4164 505 4203 e
535 4148 697 4211 caelo,
731 4149 934 4203 dicens
963 4168 973 4206 :
1002 4149 1244 4220 Suscipe
1275 4164 1435 4214 eum,
1466 4150 1567 4220 qui
1598 4148 1927 4220 aliquando
1993 4148 2120 4219 qui-

475 4237 610 4291 dem
645 4236 752 4291 t'uit
786 4244 916 4292 tuus
963 4238 1245 4303 famulus,
1309 4254 1468 4293 nunc
1526 4244 1725 4294 autem
1784 4243 1873 4292 est
1948 4237 2121 4292 frater

472 4330 672 4381 noster
703 4331 759 4380 et
806 4325 1214 4381 comminister
1266 4345 1278 4379 :
1342 4328 1578 4399 suscipe
1622 4344 1758 4382 eum
1807 4326 1911 4397 qui
1955 4327 2120 4397 prius

472 4413 717 4486 quidem
749 4420 871 4470 erat
900 4413 1183 4481 famulus,
1216 4432 1376 4473 nunc
1415 4422 1613 4471 autem
1644 4422 1727 4471 est
1755 4422 1891 4470 tuus
1931 4415 2119 4469 domi-

2225 3231 2313 3277 καὶ
2339 3229 2431 3283 τὴν
2476 3223 2719 3295 κεφαλὴν,
2775 3226 3015 3296 χρυσίων
3059 3221 3183 3273 ὅλων
3223 3225 3582 3280 πεντακοσίοις
3635 3219 3835 3281 ἐξωνη-

2228 3318 2458 3386 σάμενοι,
2518 3315 2699 3386 μύροις
2758 3308 3158 3377 εύωδιάσαντες,
3214 3315 3305 3362 καὶ
3361 3310 3563 3369 λευκαῖς
3618 3307 3831 3369 ὀθόναις

2226 3402 2594 3479 περιϐαλόντες,
2661 3406 2751 3453 καὶ
2810 3401 3060 3473 φιλοτίμῳ
3129 3402 3261 3472 θήκῃ
3333 3399 3584 3470 ἐνθέμενοι
3638 3402 3733 3455 τὴν
3790 3396 3838 3449 ἐν

2223 3495 2391 3565 Ῥωμη

2226 3591 2396 3655 προσῆ
2405 3600 2492 3633 κον

2225 3671 2488 3743 λείψανον,
2539 3669 2729 3721 ἐκείνου
2763 3666 2828 3726 δὴ
2872 3671 3076 3740 ἔχοντες
3107 3663 3213 3725 ἤδη
3247 3673 3337 3719 τοῦ
3379 3669 3511 3719 πάνυ
3545 3670 3838 3741 γνωρίμου,

3466 3487 3638 3547 αύτοίς
3705 3486 3838 3548 ὅλως

3201 3485 3366 3561 μηδὲν

2989 3578 3143 3631 ἄλλου
3220 3580 3481 3650 μάρτυρος
3558 3575 3840 3629 ἀναλαϐεῖν

2484 3492 2695 3543 ὄπισθεν
2787 3488 3107 3564 ἀνεχωρουν,

2586 3584 2912 3652 νομίσαντες,

2227 3768 2316 3813 καὶ
2354 3761 2405 3822 ὃς
2446 3764 2671 3832 γνησίως
2710 3758 2899 3819 αύτούς
2928 3756 3240 3820 ἀσπάζεται.
3273 3761 3373 3809 Καὶ
3396 3758 3560 3809 πιστά
3604 3750 3838 3807 δίδωσιν

2229 3850 2449 3904 ἐντεῦθεν
2488 3852 2752 3921 μαρτυρία
2786 3855 2875 3908 τῆς
2904 3848 3094 3899 ἄνωθεν
3127 3850 3472 3921 προστασίας.

2300 3978 2392 4031 1Β’.
2450 3978 2533 4027 Ἐν
2700 3970 2758 4025 δὲ
2805 3972 2947 4024 οὗτοι
3002 3976 3097 4029 τὴν
3155 3968 3335 4023 οἴκαδε
3380 3970 3697 4044 ἐπορεύοντο,
3745 3972 3837 4021 καὶ

2229 4066 2348 4137 ὄψις
2403 4067 2514 4117 θεία
2573 4071 2633 4135 τῇ
2691 4058 2942 4133 Ἀγλαίδι
2980 4061 3238 4133 ἐπιφοιτᾷ,
3280 4059 3496 4130 ἅγγελος
3530 4059 3581 4121 ἐξ
3610 4058 3837 4129 ούρανοῦ

2226 4156 2402 4226 λέγων,
2465 4153 2612 4215 Δέξαι
2661 4156 2746 4203 τόν
2799 4170 2921 4203 ποτε
2969 4154 3057 4221 μὲν
3104 4147 3288 4202 δοῦλον
3337 4150 3649 4221 ὑπάρχοντα
3721 4152 3835 4218 σόν,

2226 4254 2312 4295 νῦν
2370 4240 2428 4295 δὲ
2480 4245 2727 4315 ἡμέτερον
2784 4237 3000 4313 ἀδελφόν
3064 4244 3153 4291 καὶ
3217 4238 3631 4311 συλλειτουργόν.
3683 4237 3839 4299 Δέξαι

2226 4336 2309 4384 τόν
2372 4336 2487 4404 πρὶν
2542 4334 2629 4401 μεν
2684 4331 2908 4390 οἰκέτην,
2948 4334 3057 4381 νυνὶ
3116 4325 3173 4381 δέ
3226 4347 3320 4380 σου
3383 4332 3646 4384 Δεσπότην
3688 4346 3701 4359 ·
3747 4330 3838 4377 καὶ

2230 4426 2449 4493 τίμησόν
2491 4419 2738 4485 εὐλαϐῶς,
2782 4420 2865 4470 οἷα
2893 4414 2959 4474 δὴ
2996 4425 3085 4477 τῆς
3126 4426 3223 4479 σῆς
3264 4421 3351 4488 μεν
3382 4416 3570 4489 ψυχῆς
3597 4422 3836 4488 σωτῆρα,

472 4518 610 4569 nus,
646 4508 699 4559 et
739 4519 873 4558 eum
903 4504 993 4574 pie
1033 4504 1304 4564 honora:
1348 4511 1407 4559 ut
1451 4505 1553 4577 qui
1609 4507 1680 4559 sit
1709 4511 1817 4560 tum
1870 4503 2112 4576 qiudem

2230 4511 2431 4583 φύλακα
2485 4506 2543 4561 δὲ
2596 4517 2687 4567 τῆς
2742 4508 2899 4568 ζωῆς.
2954 4504 3013 4557 Ἠ
3056 4502 3113 4557 δε
3151 4502 3481 4557 διαναστᾶσα
3527 4507 3836 4575 σύντρομος,

473 4598 739 4648 servator
777 4594 1007 4655 animae,
1053 4599 1253 4650 custos
1306 4599 1505 4650 autem
1560 4596 1709 4648 vitae.
1767 4594 1867 4650 Illa
1918 4601 2117 4649 autem

474 4698 721 4753 surgens
783 4682 1193 4748 tremebunda,
1261 4688 1315 4738 et
1364 4700 1433 4738 ex
1482 4683 1877 4738 ecclesiastico
1935 4684 2117 4738 choro

474 4770 706 4840 aliquos
737 4771 1002 4841 insignes
1030 4788 1364 4838 assumens,
1404 4778 1614 4828 etcum
1646 4788 1866 4841 magno
1891 4772 2118 4827 honore

474 4860 804 4931 procedens
842 4861 1082 4917 obviam
1122 4863 1355 4931 corpori
1402 4862 1697 4932 martyris,
1749 4862 1807 4916 id
1873 4862 2118 4933 quidem

475 4950 740 5022 suscipit,
774 4956 829 5005 et
862 4951 1031 5006 valde
1066 4951 1387 5008 honoriﬁce
1416 4951 1652 5021 deponit
1680 4957 1734 5005 et
1778 4951 2116 5019 magniﬁce,

472 5041 671 5097 stadiis
691 5041 1130 5112 quinquaginta
1152 5041 1358 5113 procul
1386 5058 1417 5095 a
1447 5043 1629 5096 Roma
1660 5062 1670 5093 :
1706 5057 1939 5096 sacram
1980 5058 2119 5096 vero

472 5130 524 5185 ei
555 5131 746 5186 eadem
789 5129 1041 5195 instruit,
1070 5129 1317 5185 materia
1378 5130 1672 5198 insignem
1725 5129 2120 5201 et‘pulchritu-

472 5219 631 5285 dine,
654 5224 707 5275 et
737 5220 930 5283 talem,
959 5219 1200 5289 qualem
1228 5219 1475 5273 omnino
1496 5218 1805 5290 oportebat
1825 5219 2121 5289 suscipere

473 5325 690 5380 corpus
712 5308 843 5362 talis
878 5308 1091 5362 animae
1126 5325 1138 5362 :
1168 5312 1229 5363 ut
1266 5323 1384 5362 non
1432 5307 1666 5378 spiritus
1691 5308 1857 5362 solus
1879 5306 2124 5363 haberet

472 5403 760 5453 aeternum
786 5396 1257 5460 tabernaculum,
1294 5397 1395 5452 sed
1432 5396 1586 5451 illius
1617 5411 1859 5467 quoque
1906 5412 2124 5467 corpus

476 5486 764 5539 frueretur
844 5485 1021 5539 domo
1063 5485 1516 5540 conveniente:
1600 5485 1661 5539 in
1724 5500 1845 5553 qua
1896 5486 1955 5539 in
2021 5485 2126 5540 ho-

476 5572 753 5628 diernum
795 5589 984 5647 usque
1024 5573 1183 5631 diem
1228 5574 1375 5631 ﬁunt
1412 5573 1599 5630 multa
1641 5572 2037 5640 admirabilia,
2072 5580 2129 5632 et

2230 4604 2317 4651 καί
2363 4619 2501 4658 τινας
2559 4606 2658 4650 τῶν
2709 4595 2960 4667 ἐπιφανῶν
3009 4601 3099 4645 τοῦ
3159 4593 3594 4652 ἐκκλησιαστικοῦ
3634 4593 3836 4666 κλήρου

2230 4689 2629 4761 παραλαϐοῦσα,
2687 4690 2775 4736 καὶ
2831 4687 2922 4734 σύν
2982 4682 3141 4755 πολλῇ
3198 4690 3322 4753 τιμῇ
3380 4690 3450 4751 τῷ
3526 4692 3837 4755 μαρτυρικῷ

2234 4779 2390 4830 αὑτοῦ
2445 4782 2646 4847 σώματι
2705 4774 3075 4839 ὑπαντησασα,
3133 4768 3350 4842 δέχεται
3402 4773 3491 4842 μὲν
3542 4778 3692 4823 τοῦτο
3745 4776 3838 4823 καὶ

2232 4868 2576 4921 κατατίθησιν
2621 4865 2748 4932 ἄγαν
2798 4870 2992 4933 σεμνῶς
3041 4880 3094 4913 τε
3132 4865 3221 4913 καὶ
3261 4858 3557 4932 φιλοτίμως,
3596 4856 3838 4919 σταδίοις

2232 4958 2547 5010 πεντήκοντα
2592 4958 2685 5009 τῆς
2713 4949 2912 5021 Ῥώμης
2945 4948 3142 5020 ἀπέχον
3177 4966 3188 4978 ⁸
3221 4946 3359 5000 οἶκον
3392 4944 3451 5000 δε
3496 4948 3634 5016 αύτῷ
3685 4943 3834 4999 διαν-

2238 5048 2445 5099 ίστησιν
2503 5042 2651 5112 ἱερὸν,
2703 5046 2765 5111 τῇ
2826 5057 2879 5090 τε
2938 5039 3030 5110 ὕλη
3083 5043 3171 5090 καὶ
3227 5046 3298 5108 τῷ
3346 5037 3517 5089 κάλλει
3572 5036 3834 5109 λαμπρόν,

2233 5136 2317 5183 καὶ
2373 5137 2604 5181 τοιοῦτον
2650 5128 2753 5179 οἷον
2786 5125 2891 5179 ἔδει
2938 5130 3138 5188 πάντως
3168 5126 3355 5199 ψυχῆς
3394 5129 3639 5187 τοιαύτης
3681 5135 3839 5196 σῶμα

2233 5220 2437 5291 λαχεῖν,
2495 5220 2576 5269 ἶνα
2630 5221 2699 5287 μὴ
2760 5220 2817 5268 τὸ
2870 5224 3073 5288 πνεῦμα
3130 5222 3282 5287 μόνον
3338 5219 3532 5273 σκηνὴν
3590 5217 3689 5286 ἔχη
3741 5218 3839 5272 τὴν

2235 5311 2495 5381 οὐρανίαν,
2558 5304 2684 5357 ἀλλὰ
2737 5308 2920 5357 καὶτὸ
2972 5312 3123 5376 σῶμα
3181 5300 3249 5362 δὴ
3310 5308 3368 5357 τὸ
3427 5304 3617 5356 ἐκείνου
3668 5302 3839 5364 οἰκίας

2238 5396 2470 5467 ἀπολαύῃ
2522 5403 2615 5454 τῆς
2669 5395 3043 5466 προσηκούσης
3075 5408 3088 5423 ⁸
3124 5392 3172 5445 ἐν
3300 5398 3389 5446 καὶ
3455 5393 3527 5455 εἰς
3564 5395 3638 5445 ἔτι
3674 5391 3839 5444 πολλὰ

2235 5494 2335 5538 τῶν
2378 5480 2688 5556 παραδόξων
2719 5482 3041 5545 ἐπιτελεῖται,
3093 5487 3182 5535 καὶ
3232 5480 3473 5555 δαίμονες
3516 5485 3605 5553 μεν
3636 5482 3840 5554 ἀθρόως

2242 5571 2646 5649 φυγαδεύονται,
2696 5577 2841 5626 νόσοι
2895 5569 2953 5626 δε
3010 5571 3253 5648 ἀοράτοις
3307 5574 3553 5646 νεύμασιν
3616 5569 3841 5624 ἀπελαύο
