4066 6224
292 290 385 363 257
1350 307 1513 362 vm
1555 307 1658 362 ss.
1704 302 2041 363 VICTORIS
2086 304 2169 359 ET
2208 303 2540 361 comma.

3522 302 3626 361 258

288 451 463 496 νονται,
498 432 596 484 εἰσὶ
656 428 715 484 δὲ
766 431 814 483 οἱ
871 438 959 484 καὶ
1007 434 1099 493 τὰς
1130 430 1315 504 ψυχὰς
1363 433 1518 503 ῦγιὼς
1549 436 1756 504 ἔχοντες
1802 441 1859 505 τῇ

1974 431 2279 485 daemones
2322 429 2563 501 quidem
2608 432 2848 500 repente
2905 426 3203 496 fugantur,
3241 427 3430 484 morbi
3489 448 3626 487 vero

286 526 447 573 πίστει
477 519 678 592 βελτίου
690 541 710 581 ς
739 528 983 593 γίνονται.

349 785 441 840 ΙΓ’.
484 792 584 839 Καὶ
631 788 660 844 η
694 791 930 861 μακαρία
973 784 1030 839 δὲ
1083 787 1292 858 Ἀγλοὶῖς
1333 788 1521 839 ἄνωθεν
1569 788 1723 849 αὐτῆς
1770 793 1863 846 τὴν

281 874 446 945 ψυχὴν
491 877 871 937 ῦποτυποῦντος
921 884 1010 928 τοῦ
1053 878 1334 950 μάρτυρος,
1380 879 1546 929 πάντα
1593 880 1656 929 τὰ
1703 898 1864 951 προσ-

280 970 392 1014 όντα
430 961 727 1036 ἀποδομένη
760 971 847 1017 καὶ
878 963 1124 1018 διελοῦσα
1153 972 1410 1038 πτωχοῖς,
1444 966 1578 1017 οὕτω
1624 975 1713 1019 τοῦ
1760 967 1863 1019 λοι-

278 1061 367 1103 ποῦ
418 1049 617 1105 διεϐίου
688 1055 852 1115 καλῶς
907 1074 957 1107 τε
1008 1059 1094 1107 καὶ
1154 1054 1448 1127 ρι).αρέτως,
1511 1056 1568 1106 οῦ
1626 1062 1863 1129 σώφρονα

274 1148 415 1211 μονον
483 1147 572 1194 καὶ
624 1146 929 1215 παρθενικὴν
1002 1142 1114 1216 βίον
1172 1143 1539 1216 ἀσπασαμένη,
1597 1144 1722 1197 ἀλλά
1774 1152 1859 1199 καὶ

273 1232 603 1301 τραχυτάτην
657 1233 886 1289 ἄσκησιν
930 1231 1136 1303 ἔλομένη
1187 1236 1319 1283 κατά
1357 1242 1450 1293 τῆς
1499 1232 1860 1305 προλαϐοῦσης

274 1320 597 1389 φαυλότητος,
661 1324 723 1381 ὡς
781 1326 869 1373 καὶ
927 1326 1141 1394 χάριτος
1221 1324 1493 1394 θαυμάτων
1552 1322 1855 1392 ἀξιωθῆναι,

269 1415 348 1460 καὶ
404 1406 662 1480 δαίμονας
716 1410 800 1470 οῦς
852 1412 1285 1473 ῦποσκελίζοντας
1349 1408 1460 1483 εἶχε
1511 1416 1754 1486 πρότερον
1808 1412 1860 1475 ἐξ

270 1496 535 1570 ἔινθρωπων
621 1498 863 1554 ἐλαύνειν.
918 1499 975 1552 Ὀ
1036 1497 1092 1552 δὲ
1187 1500 1473 1562 ἀσκητικος
1546 1501 1674 1574 αὐτῇ
1742 1501 1857 1573 βίος

269 1584 633 1639 πεντεκαίδεκα
689 1590 799 1645 Ern‘
848 1589 977 1640 οὕτω
1032 1592 1116 1639 τὸν
1164 1588 1317 1640 καλὸν
1365 1592 1654 1642 ῦπνώσασα
1702 1591 1856 1643 ὕπνον

265 1684 327 1743 τῷ
365 1678 596 1749 μάρτυρι
648 1679 957 1749 προσετέθη.
1017 1685 1257 1730 Τοιοῦτον
1290 1675 1533 1749 Ἀγλαίδι
1581 1684 1669 1731 καὶ
1718 1687 1854 1732 Βονιο

1972 519 2347 591 expelluntur
2364 518 2628 585 nutibus,
2653 516 2754 588 qui
2776 532 2894 571 non
2917 514 3137 570 cadunt
3157 517 3268 569 sub
3290 525 3620 587 aspectum.

1971 610 2339 665 Suntautem
2371 606 2663 674 nonnulli,
2695 607 2798 677 qui
2826 622 2961 661 cum
3006 620 3120 660 non
3176 605 3294 659 sint
3317 606 3443 661 sani
3498 608 3624 663 ani-

1975 699 2105 762 mis,
2141 698 2256 753 fide
2287 698 2437 751 ﬁunt
2472 695 2771 751 meliores.

2044 788 2177 842 XIII.
2222 787 2401 841 Porro
2464 794 2661 840 autem
2693 784 2867 840 beata
2922 782 3141 853 Aglais,
3184 789 3444 855 martyre
3498 786 3625 855 ejus

1968 876 2327 933 informante
2371 874 2662 938 animam,
2698 890 2833 929 cum
2873 888 3084 949 omnes
3132 888 3274 927 suas
3318 872 3627 930 facultates

1969 965 2392 1026 distribuisset,
2426 970 2482 1020 et
2512 964 2803 1020 divisisset
2845 961 3236 1034 pauperibus,
3292 962 3367 1017 de
3420 968 3627 1021 caetero

1969 1056 2217 1111 honeste
2250 1054 2387 1109 vixit
2416 1059 2469 1109 et
2502 1070 2531 1107 e
2561 1053 2790 1120 virtute,
2823 1067 2940 1107 non
2970 1051 3162 1106 solum
3192 1056 3626 1121 temperantem

1969 1150 2265 1200 etcastam
2282 1144 2459 1198 vitam
2483 1142 2867 1213 amplectens,
2898 1141 3003 1195 sed
3024 1140 3201 1195 etiam
3226 1143 3623 1211 asperrimam

1968 1234 2193 1303 eligens
2262 1234 2744 1288 exercitationem
2817 1232 3108 1286 adversus
3186 1230 3621 1302 praecedentem

1968 1322 2319 1395 nequitiam,
2357 1328 2420 1377 ut
2449 1322 2627 1376 etiam
2658 1321 2841 1392 digna
2870 1319 3191 1375 haberetur
3235 1319 3396 1375 dono
3450 1320 3625 1376 mira-

1968 1414 2260 1477 culorum,
2290 1416 2345 1466 et
2374 1414 2683 1466 daemones
2716 1427 2860 1481 quos
2894 1410 3056 1480 prius
3102 1408 3368 1463 habebat
3424 1409 3617 1480 ipsam

1967 1502 2443 1573 supplantantes,
2463 1499 2771 1571 expelleret
2806 1514 2877 1553 ex
2902 1498 3267 1553 hominibus.
3292 1498 3619 1555 Monastica

1966 1598 2168 1647 autem
2209 1592 2338 1662 ejus
2371 1589 2489 1644 vita
2526 1589 2763 1644 duravit
2792 1586 3136 1660 quindecim
3165 1588 3360 1653 annis,
3395 1593 3447 1643 et
3482 1604 3621 1643 cum

1965 1681 2283 1753 pulchrum
2334 1681 2416 1734 sic
2468 1694 2749 1735 somnum
2781 1677 3203 1741 obdormisset,
3243 1676 3475 1747 adjecta
3538 1684 3625 1732 est

266 1770 413 1837 φατίῳ
464 1770 621 1838 πέρας
676 1765 993 1831 ἀπήντησεν,
1055 1767 1188 1818 οὕτω
1256 1764 1322 1825 δὴ
1400 1773 1487 1819 καὶ
1544 1769 1691 1821 αὐτοὶ
1764 1776 1854 1828 τὴν

1973 1772 2229 1841 martyri.
2258 1769 2408 1825 Talis
2436 1768 2540 1823 fuit
2584 1766 2843 1837 Aglaidis
2902 1766 3037 1821 ﬁnis
3079 1772 3133 1821 et
3179 1765 3484 1821 Bonifacii.
3528 1766 3623 1822 Sic

262 1854 407 1911 καλὴν
459 1853 742 1906 ἀλλοίωσιν
816 1854 1195 1922 ὴλλοιώθησαν,
1254 1858 1447 1908 πάθεσι
1509 1862 1597 1929 μὲν
1675 1878 1857 1933 σαρκι-

258 1951 355 2005 κοῖς
397 1942 733 2017 ἀνθρωπίνως
777 1942 1163 2011 δουλεύσαντες,
1199 1948 1337 2004 πάθη
1399 1944 1456 1998 δε
1502 1949 1627 2018 ὑπὲρ
1662 1949 1855 2023 ἄνθρω-

257 2052 335 2084 πον
402 2029 496 2084 διὰ
572 2037 808 2106 Χριστὸν
875 2036 1255 2106 ὑπομείναντες,
1315 2041 1403 2088 καὶ
1484 2040 1618 2088 κατά
1672 2041 1851 2090 παθῶν

254 2120 430 2194 ἀτίμων
486 2132 735 2184 νεανικῶς
801 2122 1191 2198 ἀνδρισάμενοι,
1254 2126 1321 2187 εἰς
1384 2123 1541 2189 δόξαν
1626 2134 1850 2204 Πατρός,

250 2215 360 2264 Υίοῦ
399 2218 486 2263 καὶ
514 2212 700 2283 ’ἁγίου
746 2216 1055 2284 Πνεύμοιτος,
1174 2220 1353 2287 πρέπει
1411 2223 1531 2288 τιμὴ
1563 2222 1651 2270 καὶ
1686 2239 1853 2292 προσ-

252 2303 474 2365 κύνησις,
506 2309 599 2352 νῦν
627 2307 718 2353 καὶ
761 2301 858 2369 αεὶ,
888 2310 973 2355 καὶ
1004 2304 1076 2366 εἰς
1119 2308 1240 2366 τοῦς
1271 2304 1459 2368 αἰῶνας
1492 2315 1589 2358 τῶν
1632 2308 1848 2362 αἰώνων.

258 2390 427 2462 ’Δμηλ

1965 1860 2071 1915 fuit
2101 1859 2345 1932 quidem
2376 1857 2621 1928 pulchra
2651 1872 2858 1911 eorum
2894 1855 3160 1919 mutatio,
3196 1860 3259 1909 ut
3282 1855 3385 1925 qui
3421 1855 3619 1909 carnis

1964 1950 2209 2023 quidem
2262 1946 2674 2003 affectionibus
2724 1945 3069 1999 humanitus
3127 1942 3455 2008 servierint,
3513 1944 3620 1998 hu-

1966 2056 2209 2096 manam
2269 2054 2405 2092 vero
2462 2035 2796 2108 superarint
2855 2038 3135 2089 naturam
3181 2033 3455 2104 patiendo
3509 2048 3617 2104 pro

1966 2130 2212 2193 Christo,
2246 2133 2301 2183 et
2347 2126 2636 2182 adversus
2688 2123 2829 2178 vitia
2884 2140 2945 2178 se
3007 2122 3243 2177 viriliter
3296 2127 3351 2177 et
3403 2121 3621 2177 fortiter

1966 2225 2255 2289 gerentes,
2303 2216 2377 2272 ad
2427 2214 2678 2285 gloriam
2734 2214 2934 2277 Patris,
3006 2217 3061 2266 et
3121 2211 3263 2276 Filii,
3333 2216 3387 2265 et
3436 2211 3621 2266 sancti

1968 2308 2231 2380 Spiritus,
2275 2320 2455 2376 quem
2498 2302 2668 2357 decet
2722 2301 2916 2356 honor
2947 2306 3000 2355 et
3030 2299 3301 2371 gloriatio
3360 2314 3518 2355 nunc
3566 2303 3621 2355 et

1968 2412 2204 2469 semper
2224 2400 2280 2451 et
2310 2394 2371 2449 in
2402 2392 2619 2448 saecula
2650 2390 3032 2446 saeculorum.
3068 2390 3277 2444 Amen.

1012 2644 1501 2735 ΑΘΛΗΣΙΣ
1551 2646 1775 2735 ΤΩΝ
1825 2646 2167 2736 ΑΓΙΩΝ
2218 2640 2812 2734 ΜΑΡΤΥΡΩΝ

830 2845 1575 2960 ΒΙΚΤΟΡΟΣ
1662 2846 1937 2960 ΚΑΙ
2016 2837 3036 2961 ΣΤΕΦΑΝΙΔΟΣ.

1552 3260 2340 3359 MARTYRIUM

686 3523 932 3667 SS.
1030 3522 1923 3668 VICTORIS
2001 3525 2245 3663 ET
2324 3522 3203 3669 CORON/E.

498 3781 718 3841 (Latine
742 3780 885 3845 apud
917 3780 1133 3831 Surium
1168 3780 1238 3831 ad
1268 3780 1411 3831 diem
1447 3782 1504 3829 14
1536 3780 1659 3830 Maii
1689 3795 1700 3839 ;
1732 3780 1908 3830 Greece
1933 3794 1997 3829 ex
2031 3778 2149 3829 cod.
2183 3778 2310 3843 Reg.
2342 3778 2504 3829 Paris.
2531 3779 2669 3837 1519,
2702 3792 2822 3829 saec.
2848 3795 2939 3828 xn.
2972 3781 3112 3832 Enn.
3150 3783 3343 3839 PATR.).

324 4083 397 4140 A'.
439 4084 524 4139 Ἐν
579 4090 703 4147 ταῖς
746 4084 965 4160 ἡμέραις
1016 4083 1254 4148 ἐκείναις,
1288 4081 1335 4135 ἕν
1382 4083 1465 4146 αἷς
1510 4080 1786 4137 ἐδιώκοντο
1816 4086 1864 4137 οἱ
1896 4086 1935 4143 C

260 4179 581 4246 Χριστιανοὶ,
638 4176 740 4226 ῦπό
805 4182 895 4228 τοῦ
962 4178 1076 4227 τότε
1134 4172 1393 4246 βασιλέως
1452 4182 1551 4226 τῶν
1601 4173 1863 4247 Ῥωμαίων

259 4255 575 4329 Ἀντωνίων,
632 4262 841 4316 ἐθνικοῦ
910 4264 1287 4335 τυγχάνοντος,
1344 4268 1433 4315 καὶ
1514 4262 1864 4316 Σεϐαστιανοῦ

260 4358 401 4404 τοῦτο
441 4371 498 4405 τε
546 4349 768 4420 δουκός,
803 4348 865 4410 ἧν
907 4372 982 4415 τις
1028 4351 1155 4427 ἀνὴρ
1203 4354 1303 4405 ἀπὸ
1334 4351 1555 4414 Ἰταλίας
1607 4358 1863 4426 στρατιώ-

264 4456 349 4503 της
397 4446 746 4515 Χριστιανὸς,
808 4441 1028 4504 εὐλαϐὴς
1078 4444 1212 4494 πάνυ
1270 4446 1359 4493 καὶ
1412 4440 1728 4515 φοϐούμενος.
1780 4446 1864 4495 τὸν

266 4535 401 4596 Θεὸν,
450 4532 679 4604 ὀνόματι
724 4536 941 4606 Βίκτωρ.
990 4534 1169 4603 Τούτῳ
1223 4532 1248 4582 6
1295 4526 1424 4593 δοὺξ
1474 4528 1608 4584 εἶπεν
1646 4549 1659 4562 ⁸
1692 4535 1863 4607 Γράμ-

267 4623 390 4690 partui
441 4641 534 4694 μοι
591 4623 903 4693 ἠνέχθησαν
956 4629 1047 4674 τοῦ
1102 4620 1360 4694 βασιλέῶς
1416 4620 1683 4674 κελεύοντα
1729 4624 1865 4694 ὑμᾶς

268 4714 373 4773 τοὺς
420 4717 779 4787 Χριστιανοὺς
829 4715 962 4767 θύειν
1012 4720 1123 4774 τοῖς
1168 4714 1299 4774 θεοῖς
1350 4710 1716 4786 ἁνυπερθέτως,
1747 4716 1864 4774 τοὺς

270 4796 322 4851 δὲ
396 4800 749 4865 ἀπειθοῦντας
828 4807 1099 4877 τιμωρίαις
1168 4799 1363 4863 δεῖναις
1438 4801 1859 4855 ῦποϐάλλεσθαι·

268 4887 502 4943 ἕπίθυσον
559 4888 653 4943 οὖν
710 4896 799 4943 καὶ
859 4895 945 4958 σὺ,
998 4898 1215 4965 Βίκτωρ.
1270 4890 1399 4963 Ἔφη
1458 4895 1585 4965 πρὸς
1634 4891 1787 4944 αὑτὸν
1837 4893 1862 4943 6

268 4975 403 5047 ἅγιος
447 4985 657 5055 Βίκτωρ
688 4997 700 5009 ·
756 4979 894 5052 Έγώ
953 4986 1281 5055 στρατιώτης
1338 4981 1442 5053 εἰμὶ
1496 4984 1584 5032 τοῦ
1639 4980 1861 5052 μεγάλου

270 5063 505 5137 βασιλέως
566 5071 751 5127 Ἰησοῦ
800 5077 1058 5145 Χριστοῦ,
1118 5079 1208 5123 τοῦ
1281 5068 1537 5122 ἀθανάτου
1591 5074 1717 5122 Θεοῦ
1774 5075 1863 5123 καὶ

270 5156 361 5227 οὐχ
388 5160 641 5210 ὑπακούω
689 5160 857 5230 θνητῷ
888 5158 1138 5231 βασιλεῖ’
1173 5160 1203 5217 ἠ
1244 5160 1343 5234 γὰρ
1392 5162 1577 5212 τούτου
1619 5157 1864 5232 βασιλεία

270 5250 578 5321 πρόσκαιρος
642 5246 755 5300 ἐστι
806 5253 896 5300 καὶ
955 5252 1319 5323 παρερχομένη
1358 5261 1369 5272 ⁸
1401 5250 1430 5308 ἠ
1484 5246 1541 5302 δι
1594 5257 1683 5302 τοῦ
1730 5258 1862 5303 Θεοῦ

271 5338 349 5384 καὶ
384 5342 619 5409 Σωτῆρος
670 5336 846 5395 Ἰησοῦ
894 5344 1124 5411 Χριστοῦ
1173 5336 1419 5411 βασιλείᾳ
1468 5338 1719 5401 ἀθάνατός
1750 5338 1863 5391 ἐστι

2049 4086 2087 4141 l.
2130 4085 2258 4150 Quo
2308 4086 2577 4156 tempore
2624 4083 2982 4151 Antoninus,
3016 4086 3279 4157 gentium
3336 4088 3627 4161 supersti-

1973 4173 2196 4230 tionem
2253 4188 2531 4246 sequens,
2592 4173 2929 4230 Romanum
2996 4176 3233 4232 tenebat
3284 4176 3625 4250 imperium.

1975 4263 2329 4320 Sebastiano
2358 4263 2530 4329 duce,
2573 4264 2905 4335 persecutio
2936 4264 3228 4321 adversus
3260 4266 3627 4325 Christianos

1972 4351 2245 4407 homines
2265 4357 2569 4407 commota
2597 4357 2702 4406 est.
2741 4354 2872 4407 Erat
2900 4358 3099 4409 autem
3150 4355 3321 4411 miles
3374 4357 3627 4428 quidam

1974 4456 2189 4511 genere
2217 4440 2391 4497 Italus
2421 4446 2477 4496 et
2508 4440 2898 4505 Christianus,
2935 4442 3037 4514 qui
3072 4442 3259 4499 Deum
3318 4445 3479 4501 valde
3534 4462 3626 4502 re-

1974 4531 2290 4586 verebatur
2310 4545 2380 4585 ac
2412 4530 2731 4595 metuebat,
2767 4529 3028 4603 huicque
3090 4548 3312 4589 nomen
3361 4540 3488 4591 erat
3538 4535 3629 4591 Vi-

1973 4624 2117 4675 ctor.
2149 4620 2293 4673 Eum
2319 4618 2513 4673 virum
2553 4618 2670 4673 dux
2729 4618 2842 4684 ille,
2878 4636 3057 4690 quem
3105 4638 3289 4693 supra
3340 4622 3623 4692 diximus,

1972 4706 2057 4762 sic
2096 4707 2313 4763 affatus
2340 4712 2423 4762 est
2458 4722 2470 4762 :
2501 4709 2798 4763 Venerunt
2826 4708 2904 4763 ad
2942 4725 3052 4765 nos
3072 4710 3275 4766 litterae
3309 4712 3386 4767 ab
3442 4714 3625 4785 impe-

1971 4800 2183 4862 ratore,
2212 4796 2566 4868 quaejubent
2590 4811 2696 4851 vos
2721 4797 3080 4854 Christianos
3102 4800 3217 4854 diis
3248 4802 3580 4859 sacrificare
3609 4819 3622 4858 :

1971 4884 2106 4943 illos
2133 4902 2289 4951 vero,
2322 4886 2425 4958 qui
2452 4886 2647 4941 edicto
2672 4902 2794 4941 non
2826 4887 3126 4952 obediunt,
3158 4890 3461 4961 suppliciis
3493 4908 3625 4962 gra-

1970 4974 2233 5030 vissimis
2259 4975 2471 5046 subjici
2510 4980 2801 5047 oportere.
2836 4975 3121 5032 Sacriﬁca
3151 4977 3347 5048 igitur,
3379 4980 3577 5036 Victor
3610 4996 3624 5036 :

1970 5079 2045 5119 ne
2076 5064 2293 5119 animze
2323 5065 2651 5136 periculum
2678 5064 2916 5120 subeas.
2951 5064 3103 5121 Tum
3136 5074 3379 5123 sanctus
3409 5072 3627 5130 Vtctor.

1973 5156 2115 5223 Ego,
2145 5153 2354 5225 inquit,
2390 5153 2559 5209 miles
2586 5170 2720 5209 sum
2756 5153 2958 5224 magni
2990 5154 3167 5227 Regis
3206 5158 3342 5212 Jesu
3391 5156 3627 5229 Christi,

1970 5242 2349 5308 immortalis,
2402 5243 2676 5316 inquam,
2738 5242 2894 5298 illius
2972 5242 3369 5315 imperatoris,
3431 5262 3627 5320 neque

1971 5330 2208 5389 mortali
2234 5333 2355 5404 regi
2385 5332 2680 5389 obediam.
2718 5332 2901 5403 Hujus
2944 5332 3104 5388 enim
3131 5332 3451 5405 imperium
3484 5342 3630 5393 tem-

270 5426 351 5474 καὶ
394 5423 579 5479 αἰωνία
608 5442 623 5455 ο
651 5430 740 5479 καὶ
793 5428 818 5478 ὁ
863 5430 1025 5499 μένων
1081 5426 1127 5479 ἐν
1187 5427 1316 5500 αὐτῇ
1368 5427 1673 5502 κληρονομεῖ
1722 5428 1861 5489 ζωὴν

1973 5436 2117 5497 pore
2146 5420 2669 5486 circumscribitur,
2697 5427 2752 5477 et
2780 5421 3075 5477 caducum
3106 5428 3193 5479 est
3226 5441 3239 5476 :
3276 5425 3374 5481 Dei
3427 5432 3629 5485 autem

277 5511 483 5570 αἰιίνιιον.
513 5514 574 5567 '0
623 5511 751 5579 δοὺξ
797 5520 964 5589 λέγει’
997 5524 1100 5571 Τοῦ
1134 5516 1394 5590 βασιλέως
1450 5518 1595 5590 ἡμῶν
1656 5521 1863 5591 τυγχά-

276 5617 366 5666 νεις
408 5609 747 5683 στρατιώτης
793 5608 1042 5666 πιίσθητι
1102 5602 1191 5659 οὖν
1268 5610 1358 5661 καὶ
1424 5607 1719 5663 ὑπάκουσον
1771 5615 1861 5662 τοῦ

1970 5513 2090 5572 mei
2120 5518 2179 5569 et
2234 5512 2557 5570 Salvatoris
2613 5513 2749 5567 Jesu
2803 5508 3018 5567 Christi
3069 5528 3322 5585 regnum
3373 5522 3462 5573 est
3512 5518 3629 5573 im-

1972 5606 2218 5666 mortale
2246 5608 2423 5678 atque
2454 5606 2777 5660 aiternum:
2819 5601 2994 5676 cujus
3020 5602 3123 5675 qui
3158 5605 3458 5681 particeps
3500 5603 3621 5663 em.
