  <div class='ocr_page' id='page_1' title='image "/cluster/home/n/w/nwhite01/storage/ocr_20150623/115/hvd.32044073502262/135.png"; bbox 0 0 4066 6224; ppageno 0'>
   <div class='ocr_carea' id='block_1_1' title="bbox 456 301 563 381">
    <p class='ocr_par' dir='ltr' id='par_1_1' title="bbox 456 301 563 381">
     <span class='ocr_line' id='line_1_1' title="bbox 456 301 563 381; baseline -0.019 0"><span class='ocrx_word' id='word_1_1' title='bbox 456 301 563 381; x_wconf 70' lang='lat'>259</span> 
     </span>
    </p>
   </div>
   <div class='ocr_carea' id='block_1_2' title="bbox 1881 300 2430 379">
    <p class='ocr_par' dir='ltr' id='par_1_2' title="bbox 1881 300 2430 379">
     <span class='ocr_line' id='line_1_2' title="bbox 1881 300 2430 379; baseline 0.005 -4"><span class='ocrx_word' id='word_1_2' title='bbox 1881 300 2141 376; x_wconf 79' lang='lat' dir='ltr'>MENSIS</span> <span class='ocrx_word' id='word_1_3' title='bbox 2182 300 2430 379; x_wconf 72' lang='lat' dir='ltr'>ItiAlUS.</span> 
     </span>
    </p>
   </div>
   <div class='ocr_carea' id='block_1_3' title="bbox 3719 314 3825 384">
    <p class='ocr_par' dir='ltr' id='par_1_3' title="bbox 3719 314 3825 384">
     <span class='ocr_line' id='line_1_3' title="bbox 3719 314 3825 384; baseline 0.019 -2"><span class='ocrx_word' id='word_1_4' title='bbox 3719 314 3825 384; x_wconf 69' lang='lat'>230</span> 
     </span>
    </p>
   </div>
   <div class='ocr_carea' id='block_1_4' title="bbox 462 430 2114 527">
    <p class='ocr_par' dir='ltr' id='par_1_4' title="bbox 462 446 2114 522">
     <span class='ocr_line' id='line_1_4' title="bbox 462 446 2114 522; baseline -0.005 -16"><span class='ocrx_word' id='word_1_5' title='bbox 462 453 631 517; x_wconf 89' lang='lat' dir='ltr'>citur,</span> <span class='ocrx_word' id='word_1_6' title='bbox 683 456 919 507; x_wconf 61' lang='lat' dir='ltr'>aeternae</span> <span class='ocrx_word' id='word_1_7' title='bbox 987 448 1121 504; x_wconf 70' lang='lat' dir='ltr'>ViltB</span> <span class='ocrx_word' id='word_1_8' title='bbox 1193 451 1412 505; x_wconf 89' lang='lat' dir='ltr'>sortem</span> <span class='ocrx_word' id='word_1_9' title='bbox 1470 448 1769 522; x_wconf 78' lang='lat' dir='ltr'>percipiet.</span> <span class='ocrx_word' id='word_1_10' title='bbox 1833 449 1993 502; x_wconf 90' lang='lat' dir='ltr'>Tunc</span> <span class='ocrx_word' id='word_1_11' title='bbox 2047 446 2114 501; x_wconf 80' lang='lat' dir='ltr'>ait</span> 
     </span>
    </p>
   </div>
   <div class='ocr_carea' id='block_1_5' title="bbox 2226 430 3825 527">
    <p class='ocr_par' dir='ltr' id='par_1_5' title="bbox 2236 448 3825 527">
     <span class='ocr_line' id='line_1_5' title="bbox 2236 448 3825 527; baseline 0.004 -28"><span class='ocrx_word' id='word_1_12' title='bbox 2236 450 2639 520; x_wconf 88' lang='grc' dir='ltr'><strong>προστάγματος</strong></span> <span class='ocrx_word' id='word_1_13' title='bbox 2678 448 2840 501; x_wconf 76' lang='grc' dir='ltr'><strong>αὐτοῦ</strong></span> <span class='ocrx_word' id='word_1_14' title='bbox 2892 452 2978 500; x_wconf 86' lang='grc' dir='ltr'><strong>καὶ</strong></span> <span class='ocrx_word' id='word_1_15' title='bbox 3036 448 3305 505; x_wconf 84' lang='grc' dir='ltr'><strong>ἐπίθυσον.</strong></span> <span class='ocrx_word' id='word_1_16' title='bbox 3336 449 3395 503; x_wconf 82' lang='grc' dir='ltr'><strong>Ὀ</strong></span> <span class='ocrx_word' id='word_1_17' title='bbox 3442 451 3591 523; x_wconf 80' lang='grc' dir='ltr'><strong>ἅγιος</strong></span> <span class='ocrx_word' id='word_1_18' title='bbox 3632 458 3825 527; x_wconf 88' lang='grc' dir='ltr'><strong>Βίκτωρ</strong></span> 
     </span>
    </p>
   </div>
   <div class='ocr_carea' id='block_1_6' title="bbox 458 535 2120 609">
    <p class='ocr_par' dir='ltr' id='par_1_6' title="bbox 458 535 2120 609">
     <span class='ocr_line' id='line_1_6' title="bbox 458 535 2120 609; baseline -0.005 -13"><span class='ocrx_word' id='word_1_19' title='bbox 458 541 623 596; x_wconf 85' lang='lat' dir='ltr'>dux:</span> <span class='ocrx_word' id='word_1_20' title='bbox 659 544 803 597; x_wconf 90' lang='lat' dir='ltr'>Cum</span> <span class='ocrx_word' id='word_1_21' title='bbox 851 538 1224 609; x_wconf 76' lang='lat' dir='ltr'>imperatoris</span> <span class='ocrx_word' id='word_1_22' title='bbox 1284 537 1466 593; x_wconf 78' lang='lat' dir='ltr'>nostri</span> <span class='ocrx_word' id='word_1_23' title='bbox 1518 538 1688 593; x_wconf 88' lang='lat' dir='ltr'>miles</span> <span class='ocrx_word' id='word_1_24' title='bbox 1728 537 1826 601; x_wconf 89' lang='lat' dir='ltr'>sis,</span> <span class='ocrx_word' id='word_1_25' title='bbox 1889 535 2120 591; x_wconf 89' lang='lat' dir='ltr'>obtem-</span> 
     </span>
    </p>
   </div>
   <div class='ocr_carea' id='block_1_7' title="bbox 457 623 2119 702">
    <p class='ocr_par' dir='ltr' id='par_1_7' title="bbox 457 623 2119 702">
     <span class='ocr_line' id='line_1_7' title="bbox 457 623 2119 702; baseline -0.005 -17"><span class='ocrx_word' id='word_1_26' title='bbox 457 646 597 702; x_wconf 86' lang='lat' dir='ltr'>pera</span> <span class='ocrx_word' id='word_1_27' title='bbox 630 627 1001 700; x_wconf 79' lang='lat' dir='ltr'>imperatoris</span> <span class='ocrx_word' id='word_1_28' title='bbox 1034 627 1243 692; x_wconf 89' lang='lat' dir='ltr'>edicto,</span> <span class='ocrx_word' id='word_1_29' title='bbox 1277 634 1331 681; x_wconf 88' lang='lat' dir='ltr'>et</span> <span class='ocrx_word' id='word_1_30' title='bbox 1372 628 1484 681; x_wconf 89' lang='lat' dir='ltr'>diis</span> <span class='ocrx_word' id='word_1_31' title='bbox 1533 626 1818 682; x_wconf 84' lang='lat' dir='ltr'>sacriﬁca.</span> <span class='ocrx_word' id='word_1_32' title='bbox 1853 625 1939 679; x_wconf 89' lang='lat' dir='ltr'>Ad</span> <span class='ocrx_word' id='word_1_33' title='bbox 1993 623 2119 678; x_wconf 64' lang='lat' dir='ltr'>haec</span> 
     </span>
    </p>
   </div>
   <div class='ocr_carea' id='block_1_8' title="bbox 456 716 2117 789">
    <p class='ocr_par' dir='ltr' id='par_1_8' title="bbox 456 716 2117 789">
     <span class='ocr_line' id='line_1_8' title="bbox 456 716 2117 789; baseline -0.004 -16"><span class='ocrx_word' id='word_1_34' title='bbox 456 717 763 789; x_wconf 87' lang='lat' dir='ltr'>respondit</span> <span class='ocrx_word' id='word_1_35' title='bbox 794 721 1036 770; x_wconf 91' lang='lat' dir='ltr'>sanctus</span> <span class='ocrx_word' id='word_1_36' title='bbox 1103 716 1431 772; x_wconf 87' lang='lat' dir='ltr'>Victor:Si</span> <span class='ocrx_word' id='word_1_37' title='bbox 1498 731 1609 786; x_wconf 95' lang='lat' dir='ltr'>ego</span> <span class='ocrx_word' id='word_1_38' title='bbox 1671 730 1783 787; x_wconf 92' lang='lat' dir='ltr'>quo</span> <span class='ocrx_word' id='word_1_39' title='bbox 1853 720 2117 784; x_wconf 88' lang='lat' dir='ltr'>tempore</span> 
     </span>
    </p>
   </div>
   <div class='ocr_carea' id='block_1_9' title="bbox 456 801 2117 877">
    <p class='ocr_par' dir='ltr' id='par_1_9' title="bbox 456 801 2117 877">
     <span class='ocr_line' id='line_1_9' title="bbox 456 801 2117 877; baseline -0.004 -16"><span class='ocrx_word' id='word_1_40' title='bbox 456 806 568 861; x_wconf 88' lang='lat' dir='ltr'>sub</span> <span class='ocrx_word' id='word_1_41' title='bbox 598 806 952 877; x_wconf 84' lang='lat' dir='ltr'>imperatore</span> <span class='ocrx_word' id='word_1_42' title='bbox 991 802 1345 874; x_wconf 86' lang='lat' dir='ltr'>militabam,</span> <span class='ocrx_word' id='word_1_43' title='bbox 1378 810 1517 859; x_wconf 88' lang='lat' dir='ltr'>tunc</span> <span class='ocrx_word' id='word_1_44' title='bbox 1561 805 1740 861; x_wconf 92' lang='lat' dir='ltr'>etiam</span> <span class='ocrx_word' id='word_1_45' title='bbox 1781 801 2029 858; x_wconf 88' lang='lat' dir='ltr'>Domino</span> <span class='ocrx_word' id='word_1_46' title='bbox 2061 806 2117 857; x_wconf 92' lang='lat' dir='ltr'>et</span> 
     </span>
    </p>
   </div>
   <div class='ocr_carea' id='block_1_10' title="bbox 456 892 2115 965">
    <p class='ocr_par' dir='ltr' id='par_1_10' title="bbox 456 892 2115 965">
     <span class='ocr_line' id='line_1_10' title="bbox 456 892 2115 965; baseline -0.004 -14"><span class='ocrx_word' id='word_1_47' title='bbox 456 898 568 951; x_wconf 86' lang='lat' dir='ltr'>Deo</span> <span class='ocrx_word' id='word_1_48' title='bbox 599 910 734 950; x_wconf 91' lang='lat' dir='ltr'>meo</span> <span class='ocrx_word' id='word_1_49' title='bbox 764 893 988 949; x_wconf 86' lang='lat' dir='ltr'>occulte</span> <span class='ocrx_word' id='word_1_50' title='bbox 1019 892 1376 957; x_wconf 88' lang='lat' dir='ltr'>serviebam,</span> <span class='ocrx_word' id='word_1_51' title='bbox 1419 892 1722 965; x_wconf 89' lang='lat' dir='ltr'>quomodo</span> <span class='ocrx_word' id='word_1_52' title='bbox 1754 906 1914 947; x_wconf 89' lang='lat' dir='ltr'>nunc</span> <span class='ocrx_word' id='word_1_53' title='bbox 1954 906 2115 946; x_wconf 87' lang='lat' dir='ltr'>com-</span> 
     </span>
    </p>
   </div>
   <div class='ocr_carea' id='block_1_11' title="bbox 455 978 2109 1057">
    <p class='ocr_par' dir='ltr' id='par_1_11' title="bbox 455 978 2109 1057">
     <span class='ocr_line' id='line_1_11' title="bbox 455 978 2109 1057; baseline -0.004 -16"><span class='ocrx_word' id='word_1_54' title='bbox 455 985 683 1041; x_wconf 81' lang='lat' dir='ltr'>mittere</span> <span class='ocrx_word' id='word_1_55' title='bbox 739 1001 1011 1057; x_wconf 91' lang='lat' dir='ltr'>possum,</span> <span class='ocrx_word' id='word_1_56' title='bbox 1047 987 1109 1039; x_wconf 90' lang='lat' dir='ltr'>ut</span> <span class='ocrx_word' id='word_1_57' title='bbox 1166 983 1266 1039; x_wconf 88' lang='lat' dir='ltr'>illo</span> <span class='ocrx_word' id='word_1_58' title='bbox 1319 983 1615 1048; x_wconf 90' lang='lat' dir='ltr'>derelicto,</span> <span class='ocrx_word' id='word_1_59' title='bbox 1668 982 1844 1039; x_wconf 87' lang='lat' dir='ltr'>idolis</span> <span class='ocrx_word' id='word_1_60' title='bbox 1899 978 2109 1037; x_wconf 79' lang='lat' dir='ltr'>vestris</span> 
     </span>
    </p>
   </div>
   <div class='ocr_carea' id='block_1_12' title="bbox 2231 531 3823 611">
    <p class='ocr_par' dir='ltr' id='par_1_12' title="bbox 2231 531 3823 611">
     <span class='ocr_line' id='line_1_12' title="bbox 2231 531 3823 611; baseline 0.006 -26"><span class='ocrx_word' id='word_1_61' title='bbox 2231 531 2406 587; x_wconf 85' lang='grc' dir='ltr'><strong>εἶπεν·</strong></span> <span class='ocrx_word' id='word_1_62' title='bbox 2448 543 2544 589; x_wconf 79' lang='grc' dir='ltr'><strong>Καὶ</strong></span> <span class='ocrx_word' id='word_1_63' title='bbox 2600 539 2681 589; x_wconf 83' lang='grc' dir='ltr'><strong>ὅτε</strong></span> <span class='ocrx_word' id='word_1_64' title='bbox 2739 537 2877 608; x_wconf 74' lang='grc' dir='ltr'><strong>αὐτῷ</strong></span> <span class='ocrx_word' id='word_1_65' title='bbox 2952 537 3335 611; x_wconf 72' lang='grc' dir='ltr'>ἐστρατευόμην</span> <span class='ocrx_word' id='word_1_66' title='bbox 3390 545 3481 593; x_wconf 85' lang='grc' dir='ltr'>καὶ</span> <span class='ocrx_word' id='word_1_67' title='bbox 3533 544 3599 593; x_wconf 83' lang='grc' dir='ltr'><strong>τὰ</strong></span> <span class='ocrx_word' id='word_1_68' title='bbox 3667 542 3823 595; x_wconf 71' lang='grc' dir='ltr'><strong>αὐτοῦ</strong></span> 
     </span>
    </p>
   </div>
   <div class='ocr_carea' id='block_1_13' title="bbox 2229 627 3827 702">
    <p class='ocr_par' dir='ltr' id='par_1_13' title="bbox 2229 627 3827 702">
     <span class='ocr_line' id='line_1_13' title="bbox 2229 627 3827 702; baseline 0.006 -28"><span class='ocrx_word' id='word_1_69' title='bbox 2229 628 2487 697; x_wconf 74' lang='grc' dir='ltr'><strong>ἐφρόνουν,</strong></span> <span class='ocrx_word' id='word_1_70' title='bbox 2544 631 2717 699; x_wconf 80' lang='grc' dir='ltr'>Κυρίῳ</span> <span class='ocrx_word' id='word_1_71' title='bbox 2771 634 2843 696; x_wconf 82' lang='grc' dir='ltr'><strong>τῷ</strong></span> <span class='ocrx_word' id='word_1_72' title='bbox 2904 635 3015 697; x_wconf 85' lang='grc' dir='ltr'>Θεῷ</span> <span class='ocrx_word' id='word_1_73' title='bbox 3075 648 3173 700; x_wconf 87' lang='grc' dir='ltr'>μου</span> <span class='ocrx_word' id='word_1_74' title='bbox 3232 627 3278 679; x_wconf 74' lang='grc' dir='ltr'><strong>ἓν</strong></span> <span class='ocrx_word' id='word_1_75' title='bbox 3336 637 3407 692; x_wconf 81' lang='grc' dir='ltr'><strong>τῷ</strong></span> <span class='ocrx_word' id='word_1_76' title='bbox 3482 639 3660 702; x_wconf 85' lang='grc' dir='ltr'><strong>κρυπῷ</strong></span> <span class='ocrx_word' id='word_1_77' title='bbox 3712 630 3827 683; x_wconf 79' lang='grc' dir='ltr'><strong>ἐλά-</strong></span> 
     </span>
    </p>
   </div>
   <div class='ocr_carea' id='block_1_14' title="bbox 2226 712 3827 788">
    <p class='ocr_par' dir='ltr' id='par_1_14' title="bbox 2226 712 3827 788">
     <span class='ocr_line' id='line_1_14' title="bbox 2226 712 3827 788; baseline 0.004 -24"><span class='ocrx_word' id='word_1_78' title='bbox 2226 732 2423 785; x_wconf 82' lang='grc' dir='ltr'><strong>τρευον,</strong></span> <span class='ocrx_word' id='word_1_79' title='bbox 2469 720 2558 767; x_wconf 80' lang='grc' dir='ltr'>καὶ</span> <span class='ocrx_word' id='word_1_80' title='bbox 2613 724 2700 767; x_wconf 90' lang='grc' dir='ltr'>νῦν</span> <span class='ocrx_word' id='word_1_81' title='bbox 2756 715 2814 767; x_wconf 81' lang='grc' dir='ltr'>οῦ</span> <span class='ocrx_word' id='word_1_82' title='bbox 2876 712 3107 787; x_wconf 77' lang='grc' dir='ltr'><strong>δύναμαι</strong></span> <span class='ocrx_word' id='word_1_83' title='bbox 3165 717 3477 788; x_wconf 71' lang='grc' dir='ltr'><strong>καταλείψαι</strong></span> <span class='ocrx_word' id='word_1_84' title='bbox 3529 718 3682 771; x_wconf 63' lang='grc' dir='ltr'><strong>αὐτὸν</strong></span> <span class='ocrx_word' id='word_1_85' title='bbox 3737 725 3827 772; x_wconf 85' lang='grc' dir='ltr'>καὶ</span> 
     </span>
    </p>
   </div>
   <div class='ocr_carea' id='block_1_15' title="bbox 2224 798 3829 879">
    <p class='ocr_par' dir='ltr' id='par_1_15' title="bbox 2224 798 3829 879">
     <span class='ocr_line' id='line_1_15' title="bbox 2224 798 3829 879; baseline 0.005 -27"><span class='ocrx_word' id='word_1_86' title='bbox 2224 798 2459 863; x_wconf 74' lang='grc' dir='ltr'>εἰδώλοις</span> <span class='ocrx_word' id='word_1_87' title='bbox 2512 802 2797 856; x_wconf 81' lang='grc' dir='ltr'><strong>ἐπιθύσαι·</strong></span> <span class='ocrx_word' id='word_1_88' title='bbox 2847 810 2983 857; x_wconf 88' lang='grc' dir='ltr'><strong>ποίει</strong></span> <span class='ocrx_word' id='word_1_89' title='bbox 3035 802 3121 857; x_wconf 81' lang='grc' dir='ltr'><strong>οὖν</strong></span> <span class='ocrx_word' id='word_1_90' title='bbox 3176 806 3201 857; x_wconf 87' lang='grc' dir='ltr'><strong>ὃ</strong></span> <span class='ocrx_word' id='word_1_91' title='bbox 3255 807 3409 869; x_wconf 83' lang='grc' dir='ltr'><strong>θέλεις</strong></span> <span class='ocrx_word' id='word_1_92' title='bbox 3461 807 3526 868; x_wconf 85' lang='grc' dir='ltr'>εἰς</span> <span class='ocrx_word' id='word_1_93' title='bbox 3584 806 3705 879; x_wconf 77' lang='grc' dir='ltr'><strong>ἐμέ·</strong></span> <span class='ocrx_word' id='word_1_94' title='bbox 3736 816 3829 860; x_wconf 88' lang='grc' dir='ltr'>τοῦ</span> 
     </span>
    </p>
   </div>
   <div class='ocr_carea' id='block_1_16' title="bbox 2222 892 3832 969">
    <p class='ocr_par' dir='ltr' id='par_1_16' title="bbox 2222 892 3832 969">
     <span class='ocr_line' id='line_1_16' title="bbox 2222 892 3832 969; baseline 0.004 -27"><span class='ocrx_word' id='word_1_95' title='bbox 2222 893 2311 962; x_wconf 74' lang='grc' dir='ltr'>μὲν</span> <span class='ocrx_word' id='word_1_96' title='bbox 2337 894 2436 965; x_wconf 73' lang='grc' dir='ltr'><strong>γὰρ</strong></span> <span class='ocrx_word' id='word_1_97' title='bbox 2472 898 2708 965; x_wconf 79' lang='grc' dir='ltr'><strong>σώματος</strong></span> <span class='ocrx_word' id='word_1_98' title='bbox 2747 913 2846 967; x_wconf 83' lang='grc' dir='ltr'>μου</span> <span class='ocrx_word' id='word_1_99' title='bbox 2897 892 3134 957; x_wconf 78' lang='grc' dir='ltr'>ἐξουσίαν</span> <span class='ocrx_word' id='word_1_100' title='bbox 3170 898 3329 967; x_wconf 84' lang='grc' dir='ltr'>ἔχεις,</span> <span class='ocrx_word' id='word_1_101' title='bbox 3362 904 3455 957; x_wconf 82' lang='grc' dir='ltr'><strong>τῆς</strong></span> <span class='ocrx_word' id='word_1_102' title='bbox 3501 894 3559 949; x_wconf 79' lang='grc' dir='ltr'>δὲ</span> <span class='ocrx_word' id='word_1_103' title='bbox 3588 896 3776 969; x_wconf 75' lang='grc' dir='ltr'><strong>ψυχῆς</strong></span> <span class='ocrx_word' id='word_1_104' title='bbox 3802 897 3832 948; x_wconf 86' lang='lat'><strong><em>6</em></strong></span> 
     </span>
    </p>
   </div>
   <div class='ocr_carea' id='block_1_17' title="bbox 2223 980 3549 1056">
    <p class='ocr_par' dir='ltr' id='par_1_17' title="bbox 2223 980 3549 1056">
     <span class='ocr_line' id='line_1_17' title="bbox 2223 980 3549 1056; baseline 0.005 -25"><span class='ocrx_word' id='word_1_105' title='bbox 2223 982 2344 1042; x_wconf 85' lang='grc' dir='ltr'>Θεὸς</span> <span class='ocrx_word' id='word_1_106' title='bbox 2374 987 2551 1053; x_wconf 80' lang='grc' dir='ltr'><strong>μόνος,</strong></span> <span class='ocrx_word' id='word_1_107' title='bbox 2585 984 2609 1035; x_wconf 97' lang='lat'>6</span> <span class='ocrx_word' id='word_1_108' title='bbox 2643 980 2927 1056; x_wconf 81' lang='grc' dir='ltr'><strong>δυνάμενος</strong></span> <span class='ocrx_word' id='word_1_109' title='bbox 2968 992 3138 1037; x_wconf 83' lang='grc' dir='ltr'><strong>σῶσαι</strong></span> <span class='ocrx_word' id='word_1_110' title='bbox 3163 989 3252 1036; x_wconf 82' lang='grc' dir='ltr'>καὶ</span> <span class='ocrx_word' id='word_1_111' title='bbox 3278 982 3549 1039; x_wconf 79' lang='grc' dir='ltr'>ἀπολέσαι.</span> 
     </span>
    </p>
   </div>
   <div class='ocr_carea' id='block_1_18' title="bbox 458 1071 3835 1146">
    <p class='ocr_par' dir='ltr' id='par_1_18' title="bbox 458 1071 3835 1146">
     <span class='ocr_line' id='line_1_18' title="bbox 458 1071 3835 1146; baseline 0 -17"><span class='ocrx_word' id='word_1_112' title='bbox 458 1072 837 1130; x_wconf 78' lang='lat' dir='ltr'>sacriﬁcem?</span> <span class='ocrx_word' id='word_1_113' title='bbox 866 1074 1065 1144; x_wconf 82' lang='lat' dir='ltr'>Itaque</span> <span class='ocrx_word' id='word_1_114' title='bbox 1108 1072 1203 1128; x_wconf 82' lang='lat' dir='ltr'>fac</span> <span class='ocrx_word' id='word_1_115' title='bbox 1240 1072 1537 1145; x_wconf 88' lang='lat' dir='ltr'>quidquid</span> <span class='ocrx_word' id='word_1_116' title='bbox 1578 1071 1738 1127; x_wconf 89' lang='lat' dir='ltr'>libet.</span> <span class='ocrx_word' id='word_1_117' title='bbox 1781 1074 1863 1126; x_wconf 91' lang='lat' dir='ltr'>En</span> <span class='ocrx_word' id='word_1_118' title='bbox 1913 1084 2132 1142; x_wconf 87' lang='lat' dir='ltr'>corpus</span> <span class='ocrx_word' id='word_1_119' title='bbox 2163 1084 2367 1125; x_wconf 90' lang='lat' dir='ltr'>meum</span> <span class='ocrx_word' id='word_1_120' title='bbox 2420 1071 2477 1125; x_wconf 88' lang='lat' dir='ltr'>in</span> <span class='ocrx_word' id='word_1_121' title='bbox 2524 1088 2707 1127; x_wconf 89' lang='lat' dir='ltr'>manu</span> <span class='ocrx_word' id='word_1_122' title='bbox 2742 1079 2841 1128; x_wconf 92' lang='lat' dir='ltr'>tua</span> <span class='ocrx_word' id='word_1_123' title='bbox 2886 1078 3011 1129; x_wconf 89' lang='lat' dir='ltr'>est:</span> <span class='ocrx_word' id='word_1_124' title='bbox 3047 1074 3264 1129; x_wconf 69' lang='lat' dir='ltr'>animas</span> <span class='ocrx_word' id='word_1_125' title='bbox 3302 1089 3438 1129; x_wconf 88' lang='lat' dir='ltr'>vero</span> <span class='ocrx_word' id='word_1_126' title='bbox 3472 1078 3835 1146; x_wconf 87' lang='lat' dir='ltr'>potestatem</span> 
     </span>
    </p>
   </div>
   <div class='ocr_carea' id='block_1_19' title="bbox 460 1159 2107 1233">
    <p class='ocr_par' dir='ltr' id='par_1_19' title="bbox 460 1159 2107 1233">
     <span class='ocr_line' id='line_1_19' title="bbox 460 1159 2107 1233; baseline -0.004 -14"><span class='ocrx_word' id='word_1_127' title='bbox 460 1166 611 1219; x_wconf 88' lang='lat' dir='ltr'>Deus</span> <span class='ocrx_word' id='word_1_128' title='bbox 642 1162 848 1228; x_wconf 87' lang='lat' dir='ltr'>habet,</span> <span class='ocrx_word' id='word_1_129' title='bbox 888 1163 987 1233; x_wconf 91' lang='lat' dir='ltr'>qui</span> <span class='ocrx_word' id='word_1_130' title='bbox 1020 1161 1279 1217; x_wconf 84' lang='lat' dir='ltr'>salutem</span> <span class='ocrx_word' id='word_1_131' title='bbox 1307 1166 1361 1217; x_wconf 94' lang='lat' dir='ltr'>et</span> <span class='ocrx_word' id='word_1_132' title='bbox 1386 1177 1622 1217; x_wconf 84' lang='lat' dir='ltr'>ruinam</span> <span class='ocrx_word' id='word_1_133' title='bbox 1655 1159 1861 1217; x_wconf 76' lang='lat' dir='ltr'>afferre</span> <span class='ocrx_word' id='word_1_134' title='bbox 1896 1162 2107 1231; x_wconf 89' lang='lat' dir='ltr'>potest.</span> 
     </span>
    </p>
   </div>
   <div class='ocr_carea' id='block_1_20' title="bbox 531 1249 2112 1321">
    <p class='ocr_par' dir='ltr' id='par_1_20' title="bbox 531 1249 2112 1321">
     <span class='ocr_line' id='line_1_20' title="bbox 531 1249 2112 1321; baseline -0.002 -16"><span class='ocrx_word' id='word_1_135' title='bbox 531 1253 596 1307; x_wconf 88' lang='lat' dir='ltr'>ll.</span> <span class='ocrx_word' id='word_1_136' title='bbox 637 1254 778 1307; x_wconf 91' lang='lat' dir='ltr'>Tum</span> <span class='ocrx_word' id='word_1_137' title='bbox 813 1251 935 1306; x_wconf 78' lang='lat' dir='ltr'>dux</span> <span class='ocrx_word' id='word_1_138' title='bbox 962 1250 1055 1305; x_wconf 91' lang='lat' dir='ltr'>ille</span> <span class='ocrx_word' id='word_1_139' title='bbox 1086 1268 1099 1305; x_wconf 89' lang='lat'>:</span> <span class='ocrx_word' id='word_1_140' title='bbox 1133 1249 1318 1306; x_wconf 89' lang='lat' dir='ltr'>Video</span> <span class='ocrx_word' id='word_1_141' title='bbox 1350 1255 1402 1307; x_wconf 93' lang='lat' dir='ltr'>te</span> <span class='ocrx_word' id='word_1_142' title='bbox 1435 1250 1625 1306; x_wconf 91' lang='lat' dir='ltr'>multa</span> <span class='ocrx_word' id='word_1_143' title='bbox 1662 1249 1956 1321; x_wconf 87' lang='lat' dir='ltr'>sapientia</span> <span class='ocrx_word' id='word_1_144' title='bbox 2020 1262 2112 1302; x_wconf 89' lang='lat' dir='ltr'>or-</span> 
     </span>
    </p>
   </div>
   <div class='ocr_carea' id='block_1_21' title="bbox 460 1339 2111 1412">
    <p class='ocr_par' dir='ltr' id='par_1_21' title="bbox 460 1339 2111 1412">
     <span class='ocr_line' id='line_1_21' title="bbox 460 1339 2111 1412; baseline -0.004 -15"><span class='ocrx_word' id='word_1_145' title='bbox 460 1347 688 1407; x_wconf 89' lang='lat' dir='ltr'>natum,</span> <span class='ocrx_word' id='word_1_146' title='bbox 724 1356 914 1412; x_wconf 90' lang='lat' dir='ltr'>eaque</span> <span class='ocrx_word' id='word_1_147' title='bbox 942 1340 1001 1394; x_wconf 92' lang='lat' dir='ltr'>in</span> <span class='ocrx_word' id='word_1_148' title='bbox 1023 1339 1444 1411; x_wconf 90' lang='lat' dir='ltr'>respondendo</span> <span class='ocrx_word' id='word_1_149' title='bbox 1465 1339 1638 1395; x_wconf 89' lang='lat' dir='ltr'>valde</span> <span class='ocrx_word' id='word_1_150' title='bbox 1661 1343 1941 1395; x_wconf 89' lang='lat' dir='ltr'>utentem.</span> <span class='ocrx_word' id='word_1_151' title='bbox 1967 1339 2111 1405; x_wconf 84' lang='lat' dir='ltr'>Mea,</span> 
     </span>
    </p>
   </div>
   <div class='ocr_carea' id='block_1_22' title="bbox 459 1425 2114 1502">
    <p class='ocr_par' dir='ltr' id='par_1_22' title="bbox 459 1425 2114 1502">
     <span class='ocr_line' id='line_1_22' title="bbox 459 1425 2114 1502; baseline -0.004 -17"><span class='ocrx_word' id='word_1_152' title='bbox 459 1430 650 1502; x_wconf 89' lang='lat' dir='ltr'>inquit</span> <span class='ocrx_word' id='word_1_153' title='bbox 683 1429 894 1491; x_wconf 88' lang='lat' dir='ltr'>Victor,</span> <span class='ocrx_word' id='word_1_154' title='bbox 922 1429 1207 1500; x_wconf 85' lang='lat' dir='ltr'>sapientia</span> <span class='ocrx_word' id='word_1_155' title='bbox 1260 1445 1377 1485; x_wconf 91' lang='lat' dir='ltr'>non</span> <span class='ocrx_word' id='word_1_156' title='bbox 1418 1434 1509 1486; x_wconf 91' lang='lat' dir='ltr'>est</span> <span class='ocrx_word' id='word_1_157' title='bbox 1547 1444 1618 1484; x_wconf 86' lang='lat' dir='ltr'>ex</span> <span class='ocrx_word' id='word_1_158' title='bbox 1665 1442 1782 1492; x_wconf 90' lang='lat' dir='ltr'>me,</span> <span class='ocrx_word' id='word_1_159' title='bbox 1815 1425 1916 1482; x_wconf 83' lang='lat' dir='ltr'>sed</span> <span class='ocrx_word' id='word_1_160' title='bbox 1960 1425 2114 1480; x_wconf 91' lang='lat' dir='ltr'>Deus</span> 
     </span>
    </p>
   </div>
   <div class='ocr_carea' id='block_1_23' title="bbox 460 1514 2109 1590">
    <p class='ocr_par' dir='ltr' id='par_1_23' title="bbox 460 1514 2109 1590">
     <span class='ocr_line' id='line_1_23' title="bbox 460 1514 2109 1590; baseline -0.004 -15"><span class='ocrx_word' id='word_1_161' title='bbox 460 1537 629 1575; x_wconf 90' lang='lat' dir='ltr'>meus</span> <span class='ocrx_word' id='word_1_162' title='bbox 651 1519 811 1575; x_wconf 89' lang='lat' dir='ltr'>illam</span> <span class='ocrx_word' id='word_1_163' title='bbox 836 1519 981 1573; x_wconf 89' lang='lat' dir='ltr'>mihi</span> <span class='ocrx_word' id='word_1_164' title='bbox 1013 1518 1277 1575; x_wconf 86' lang='lat' dir='ltr'>contulit.</span> <span class='ocrx_word' id='word_1_165' title='bbox 1312 1518 1398 1574; x_wconf 81' lang='lat' dir='ltr'>Ad</span> <span class='ocrx_word' id='word_1_166' title='bbox 1438 1518 1567 1574; x_wconf 65' lang='lat' dir='ltr'>huic</span> <span class='ocrx_word' id='word_1_167' title='bbox 1597 1533 1819 1590; x_wconf 78' lang='lat' dir='ltr'>praeses</span> <span class='ocrx_word' id='word_1_168' title='bbox 1851 1532 1864 1572; x_wconf 89' lang='lat'>:</span> <span class='ocrx_word' id='word_1_169' title='bbox 1911 1514 2109 1571; x_wconf 88' lang='lat' dir='ltr'>Libera</span> 
     </span>
    </p>
   </div>
   <div class='ocr_carea' id='block_1_24' title="bbox 460 1604 2111 1680">
    <p class='ocr_par' dir='ltr' id='par_1_24' title="bbox 460 1604 2111 1680">
     <span class='ocr_line' id='line_1_24' title="bbox 460 1604 2111 1680; baseline -0.004 -16"><span class='ocrx_word' id='word_1_170' title='bbox 460 1610 717 1680; x_wconf 88' lang='lat' dir='ltr'>teipsum</span> <span class='ocrx_word' id='word_1_171' title='bbox 776 1624 813 1664; x_wconf 94' lang='lat' dir='ltr'>a</span> <span class='ocrx_word' id='word_1_172' title='bbox 864 1607 1066 1663; x_wconf 91' lang='lat' dir='ltr'>multis</span> <span class='ocrx_word' id='word_1_173' title='bbox 1127 1607 1513 1675; x_wconf 88' lang='lat' dir='ltr'>cruciatibus,</span> <span class='ocrx_word' id='word_1_174' title='bbox 1552 1613 1607 1663; x_wconf 92' lang='lat' dir='ltr'>et</span> <span class='ocrx_word' id='word_1_175' title='bbox 1661 1606 1775 1661; x_wconf 92' lang='lat' dir='ltr'>diis</span> <span class='ocrx_word' id='word_1_176' title='bbox 1826 1604 2111 1660; x_wconf 85' lang='lat' dir='ltr'>sacriﬁca.</span> 
     </span>
    </p>
   </div>
   <div class='ocr_carea' id='block_1_25' title="bbox 461 1694 2115 1770">
    <p class='ocr_par' dir='ltr' id='par_1_25' title="bbox 461 1694 2115 1770">
     <span class='ocr_line' id='line_1_25' title="bbox 461 1694 2115 1770; baseline -0.004 -17"><span class='ocrx_word' id='word_1_177' title='bbox 461 1698 740 1764; x_wconf 88' lang='lat' dir='ltr'>Quinimo</span> <span class='ocrx_word' id='word_1_178' title='bbox 826 1697 1096 1763; x_wconf 86' lang='lat' dir='ltr'>libenter,</span> <span class='ocrx_word' id='word_1_179' title='bbox 1175 1697 1369 1770; x_wconf 85' lang='lat' dir='ltr'>inquit</span> <span class='ocrx_word' id='word_1_180' title='bbox 1464 1698 1673 1763; x_wconf 90' lang='lat' dir='ltr'>Victor,</span> <span class='ocrx_word' id='word_1_181' title='bbox 1785 1694 2115 1751; x_wconf 90' lang='lat' dir='ltr'>cruciatum</span> 
     </span>
    </p>
   </div>
   <div class='ocr_carea' id='block_1_26' title="bbox 460 1782 2117 1859">
    <p class='ocr_par' dir='ltr' id='par_1_26' title="bbox 460 1782 2117 1859">
     <span class='ocr_line' id='line_1_26' title="bbox 460 1782 2117 1859; baseline -0.004 -18"><span class='ocrx_word' id='word_1_182' title='bbox 460 1787 735 1859; x_wconf 87' lang='lat' dir='ltr'>quemvis</span> <span class='ocrx_word' id='word_1_183' title='bbox 767 1786 976 1857; x_wconf 87' lang='lat' dir='ltr'>patiar,</span> <span class='ocrx_word' id='word_1_184' title='bbox 1012 1802 1087 1841; x_wconf 92' lang='lat' dir='ltr'>ne</span> <span class='ocrx_word' id='word_1_185' title='bbox 1119 1785 1411 1842; x_wconf 88' lang='lat' dir='ltr'>sacriﬁcia</span> <span class='ocrx_word' id='word_1_186' title='bbox 1436 1784 1576 1841; x_wconf 90' lang='lat' dir='ltr'>talia</span> <span class='ocrx_word' id='word_1_187' title='bbox 1610 1784 1858 1841; x_wconf 75' lang='lat' dir='ltr'>offeram</span> <span class='ocrx_word' id='word_1_188' title='bbox 1890 1801 1901 1838; x_wconf 76' lang='grc' dir='ltr'>ε</span> <span class='ocrx_word' id='word_1_189' title='bbox 1932 1782 2031 1837; x_wconf 92' lang='lat' dir='ltr'>sed</span> <span class='ocrx_word' id='word_1_190' title='bbox 2063 1785 2117 1835; x_wconf 93' lang='lat' dir='ltr'>et</span> 
     </span>
    </p>
   </div>
   <div class='ocr_carea' id='block_1_27' title="bbox 2297 1246 3843 1326">
    <p class='ocr_par' dir='ltr' id='par_1_27' title="bbox 2297 1246 3843 1326">
     <span class='ocr_line' id='line_1_27' title="bbox 2297 1246 3843 1326; baseline 0.003 -26"><span class='ocrx_word' id='word_1_191' title='bbox 2297 1246 2348 1299; x_wconf 75' lang='lat' dir='ltr'>B&#39;</span> <span class='ocrx_word' id='word_1_192' title='bbox 2388 1253 2542 1320; x_wconf 85' lang='grc' dir='ltr'><strong>Λέγει</strong></span> <span class='ocrx_word' id='word_1_193' title='bbox 2591 1249 2729 1320; x_wconf 80' lang='grc' dir='ltr'><strong>αὐτῷ</strong></span> <span class='ocrx_word' id='word_1_194' title='bbox 2780 1252 2805 1302; x_wconf 92' lang='lat'>6</span> <span class='ocrx_word' id='word_1_195' title='bbox 2856 1247 3022 1314; x_wconf 79' lang='grc' dir='ltr'><strong>δούξ’</strong></span> <span class='ocrx_word' id='word_1_196' title='bbox 3056 1250 3190 1326; x_wconf 87' lang='grc' dir='ltr'><strong>Ὀρῶ</strong></span> <span class='ocrx_word' id='word_1_197' title='bbox 3250 1271 3306 1304; x_wconf 90' lang='grc' dir='ltr'>σε</span> <span class='ocrx_word' id='word_1_198' title='bbox 3359 1250 3407 1304; x_wconf 77' lang='grc' dir='ltr'>ἐν</span> <span class='ocrx_word' id='word_1_199' title='bbox 3458 1261 3520 1325; x_wconf 73' lang='grc' dir='ltr'><strong>τῇ</strong></span> <span class='ocrx_word' id='word_1_200' title='bbox 3577 1251 3843 1325; x_wconf 73' lang='grc' dir='ltr'>ἀπολογίᾳ</span> 
     </span>
    </p>
   </div>
   <div class='ocr_carea' id='block_1_28' title="bbox 2228 1336 3840 1414">
    <p class='ocr_par' dir='ltr' id='par_1_28' title="bbox 2228 1336 3840 1414">
     <span class='ocr_line' id='line_1_28' title="bbox 2228 1336 3840 1414; baseline 0.004 -27"><span class='ocrx_word' id='word_1_201' title='bbox 2228 1354 2322 1388; x_wconf 89' lang='grc' dir='ltr'>σου</span> <span class='ocrx_word' id='word_1_202' title='bbox 2354 1336 2545 1396; x_wconf 81' lang='grc' dir='ltr'><strong>πολλὴν</strong></span> <span class='ocrx_word' id='word_1_203' title='bbox 2576 1343 2763 1410; x_wconf 78' lang='grc' dir='ltr'>σοφίαν</span> <span class='ocrx_word' id='word_1_204' title='bbox 2812 1344 3157 1412; x_wconf 77' lang='grc' dir='ltr'>περικείμενον</span> <span class='ocrx_word' id='word_1_205' title='bbox 3192 1357 3205 1370; x_wconf 86' lang='grc'><strong>·</strong></span> <span class='ocrx_word' id='word_1_206' title='bbox 3242 1341 3446 1414; x_wconf 67' lang='grc' dir='ltr'><strong>σχέψαι</strong></span> <span class='ocrx_word' id='word_1_207' title='bbox 3490 1338 3575 1394; x_wconf 76' lang='grc' dir='ltr'><strong>οὖν</strong></span> <span class='ocrx_word' id='word_1_208' title='bbox 3606 1346 3664 1394; x_wconf 85' lang='grc' dir='ltr'><strong>τὸ</strong></span> <span class='ocrx_word' id='word_1_209' title='bbox 3699 1361 3840 1413; x_wconf 81' lang='grc' dir='ltr'><strong>συμ·</strong></span> 
     </span>
    </p>
   </div>
   <div class='ocr_carea' id='block_1_29' title="bbox 2225 1426 3841 1503">
    <p class='ocr_par' dir='ltr' id='par_1_29' title="bbox 2225 1426 3841 1503">
     <span class='ocr_line' id='line_1_29' title="bbox 2225 1426 3841 1503; baseline 0.003 -26"><span class='ocrx_word' id='word_1_210' title='bbox 2225 1430 2391 1497; x_wconf 75' lang='grc' dir='ltr'><strong>φέρον.</strong></span> <span class='ocrx_word' id='word_1_211' title='bbox 2433 1426 2490 1479; x_wconf 73' lang='grc' dir='ltr'><em>Ὀ</em></span> <span class='ocrx_word' id='word_1_212' title='bbox 2545 1428 2696 1499; x_wconf 74' lang='grc' dir='ltr'><strong>ἅγιος</strong></span> <span class='ocrx_word' id='word_1_213' title='bbox 2756 1433 2951 1503; x_wconf 87' lang='grc' dir='ltr'><strong>Βίκτωρ</strong></span> <span class='ocrx_word' id='word_1_214' title='bbox 3009 1429 3179 1501; x_wconf 77' lang='grc' dir='ltr'><strong>λέγει·</strong></span> <span class='ocrx_word' id='word_1_215' title='bbox 3233 1437 3274 1482; x_wconf 86' lang='grc' dir='ltr'>Η</span> <span class='ocrx_word' id='word_1_216' title='bbox 3318 1428 3411 1503; x_wconf 77' lang='grc' dir='ltr'><strong>ἐμὴ</strong></span> <span class='ocrx_word' id='word_1_217' title='bbox 3465 1428 3708 1503; x_wconf 72' lang='grc' dir='ltr'><strong>σοφία,ὧ</strong></span> <span class='ocrx_word' id='word_1_218' title='bbox 3753 1426 3841 1483; x_wconf 84' lang='grc' dir='ltr'>δι-</span> 
     </span>
    </p>
   </div>
   <div class='ocr_carea' id='block_1_30' title="bbox 2224 1516 3842 1595">
    <p class='ocr_par' dir='ltr' id='par_1_30' title="bbox 2224 1516 3842 1595">
     <span class='ocr_line' id='line_1_30' title="bbox 2224 1516 3842 1595; baseline 0.004 -30"><span class='ocrx_word' id='word_1_219' title='bbox 2224 1519 2416 1581; x_wconf 85' lang='grc' dir='ltr'><strong>καστά,</strong></span> <span class='ocrx_word' id='word_1_220' title='bbox 2446 1516 2539 1569; x_wconf 72' lang='grc' dir='ltr'><strong>οὐκ</strong></span> <span class='ocrx_word' id='word_1_221' title='bbox 2570 1520 2709 1569; x_wconf 82' lang='grc' dir='ltr'><strong>ἔστιν</strong></span> <span class='ocrx_word' id='word_1_222' title='bbox 2760 1516 2812 1581; x_wconf 81' lang='grc' dir='ltr'><strong>ἐξ</strong></span> <span class='ocrx_word' id='word_1_223' title='bbox 2841 1517 2986 1589; x_wconf 80' lang='grc' dir='ltr'><strong>ἐμοῦ,</strong></span> <span class='ocrx_word' id='word_1_224' title='bbox 3021 1516 3128 1569; x_wconf 81' lang='grc' dir='ltr'><strong>ἀλλ’</strong></span> <span class='ocrx_word' id='word_1_225' title='bbox 3162 1520 3187 1570; x_wconf 97' lang='lat'><strong><em>6</em></strong></span> <span class='ocrx_word' id='word_1_226' title='bbox 3218 1525 3347 1581; x_wconf 82' lang='grc' dir='ltr'>Θεὸς</span> <span class='ocrx_word' id='word_1_227' title='bbox 3390 1539 3490 1592; x_wconf 88' lang='grc' dir='ltr'>μου</span> <span class='ocrx_word' id='word_1_228' title='bbox 3522 1517 3842 1595; x_wconf 80' lang='grc' dir='ltr'><strong>ἐδωρήσατὸ</strong></span> 
     </span>
    </p>
   </div>
   <div class='ocr_carea' id='block_1_31' title="bbox 2225 1603 3120 1678">
    <p class='ocr_par' dir='ltr' id='par_1_31' title="bbox 2225 1603 3120 1678">
     <span class='ocr_line' id='line_1_31' title="bbox 2225 1603 3120 1678; baseline 0.006 -23"><span class='ocrx_word' id='word_1_229' title='bbox 2225 1623 2314 1676; x_wconf 90' lang='grc' dir='ltr'>μοι</span> <span class='ocrx_word' id='word_1_230' title='bbox 2386 1605 2567 1664; x_wconf 72' lang='grc' dir='ltr'><strong>αὐτην.</strong></span> <span class='ocrx_word' id='word_1_231' title='bbox 2625 1610 2681 1659; x_wconf 87' lang='grc' dir='ltr'>Ὸ</span> <span class='ocrx_word' id='word_1_232' title='bbox 2758 1603 2887 1669; x_wconf 85' lang='grc' dir='ltr'>δοὺξ</span> <span class='ocrx_word' id='word_1_233' title='bbox 2941 1606 3120 1678; x_wconf 88' lang='grc' dir='ltr'><strong>λέγει·</strong></span> 
     </span>
    </p>
   </div>
   <div class='ocr_carea' id='block_1_32' title="bbox 2239 1693 3841 1771">
    <p class='ocr_par' dir='ltr' id='par_1_32' title="bbox 2239 1693 3841 1771">
     <span class='ocr_line' id='line_1_32' title="bbox 2239 1693 3841 1771; baseline 0.005 -27"><span class='ocrx_word' id='word_1_234' title='bbox 2239 1693 2435 1745; x_wconf 81' lang='grc' dir='ltr'><strong>πολλῶν</strong></span> <span class='ocrx_word' id='word_1_235' title='bbox 2489 1694 2754 1768; x_wconf 81' lang='grc' dir='ltr'>βασάνων,</span> <span class='ocrx_word' id='word_1_236' title='bbox 2813 1702 2902 1748; x_wconf 89' lang='lat' dir='ltr'>xui</span> <span class='ocrx_word' id='word_1_237' title='bbox 2949 1695 3244 1771; x_wconf 86' lang='grc' dir='ltr'><strong>προσελθὼν</strong></span> <span class='ocrx_word' id='word_1_238' title='bbox 3305 1700 3461 1750; x_wconf 84' lang='grc' dir='ltr'><strong>θύσον</strong></span> <span class='ocrx_word' id='word_1_239' title='bbox 3518 1706 3623 1758; x_wconf 82' lang='grc' dir='ltr'><strong>τοῖς</strong></span> <span class='ocrx_word' id='word_1_240' title='bbox 3676 1700 3841 1760; x_wconf 88' lang='grc' dir='ltr'><strong>θεοῖς.</strong></span> 
     </span>
    </p>
   </div>
   <div class='ocr_carea' id='block_1_33' title="bbox 3029 1783 3847 1861">
    <p class='ocr_par' dir='ltr' id='par_1_33' title="bbox 3029 1783 3847 1861">
     <span class='ocr_line' id='line_1_33' title="bbox 3029 1783 3847 1861; baseline 0 -23"><span class='ocrx_word' id='word_1_241' title='bbox 3029 1783 3158 1856; x_wconf 85' lang='grc' dir='ltr'>Ἐγὼ</span> <span class='ocrx_word' id='word_1_242' title='bbox 3216 1787 3342 1861; x_wconf 71' lang='grc' dir='ltr'><strong>ὑπὲρ</strong></span> <span class='ocrx_word' id='word_1_243' title='bbox 3398 1793 3488 1839; x_wconf 84' lang='grc' dir='ltr'>τοῦ</span> <span class='ocrx_word' id='word_1_244' title='bbox 3540 1792 3611 1859; x_wconf 77' lang='grc' dir='ltr'><strong>μὴ</strong></span> <span class='ocrx_word' id='word_1_245' title='bbox 3674 1789 3847 1840; x_wconf 85' lang='grc' dir='ltr'><strong>θῦσαι</strong></span> 
     </span>
    </p>
   </div>
   <div class='ocr_carea' id='block_1_34' title="bbox 3180 1606 3843 1661">
    <p class='ocr_par' dir='ltr' id='par_1_34' title="bbox 3180 1606 3843 1661">
     <span class='ocr_line' id='line_1_34' title="bbox 3180 1606 3843 1661; baseline 0 -1"><span class='ocrx_word' id='word_1_246' title='bbox 3180 1606 3262 1660; x_wconf 88' lang='grc' dir='ltr'>Ῥύ</span> <span class='ocrx_word' id='word_1_247' title='bbox 3271 1628 3357 1660; x_wconf 82' lang='grc' dir='ltr'>σαι</span> <span class='ocrx_word' id='word_1_248' title='bbox 3441 1612 3656 1661; x_wconf 86' lang='grc' dir='ltr'><strong>σεαυτὸν</strong></span> <span class='ocrx_word' id='word_1_249' title='bbox 3729 1607 3843 1661; x_wconf 80' lang='grc' dir='ltr'><strong>ἀπὸ</strong></span> 
     </span>
    </p>
   </div>
   <div class='ocr_carea' id='block_1_35' title="bbox 2240 1780 2966 1856">
    <p class='ocr_par' dir='ltr' id='par_1_35' title="bbox 2240 1780 2966 1856">
     <span class='ocr_line' id='line_1_35' title="bbox 2240 1780 2966 1856; baseline 0.003 -24"><span class='ocrx_word' id='word_1_250' title='bbox 2240 1788 2281 1832; x_wconf 96' lang='lat'>0</span> <span class='ocrx_word' id='word_1_251' title='bbox 2337 1782 2481 1853; x_wconf 77' lang='grc' dir='ltr'><strong>ἅγιος</strong></span> <span class='ocrx_word' id='word_1_252' title='bbox 2535 1790 2730 1856; x_wconf 89' lang='grc' dir='ltr'><strong>Βίκτωρ</strong></span> <span class='ocrx_word' id='word_1_253' title='bbox 2786 1780 2920 1836; x_wconf 80' lang='grc' dir='ltr'><strong>εἶπεν</strong></span> <span class='ocrx_word' id='word_1_254' title='bbox 2954 1804 2966 1816; x_wconf 90' lang='grc'><strong>·</strong></span> 
     </span>
    </p>
   </div>
   <div class='ocr_carea' id='block_1_36' title="bbox 458 1864 2114 1947">
    <p class='ocr_par' dir='ltr' id='par_1_36' title="bbox 458 1870 2114 1945">
     <span class='ocr_line' id='line_1_36' title="bbox 458 1870 2114 1945; baseline -0.005 -13"><span class='ocrx_word' id='word_1_255' title='bbox 458 1875 604 1932; x_wconf 89' lang='lat' dir='ltr'>illud</span> <span class='ocrx_word' id='word_1_256' title='bbox 631 1874 888 1940; x_wconf 80' lang='lat' dir='ltr'>afﬁrmo,</span> <span class='ocrx_word' id='word_1_257' title='bbox 917 1875 1307 1930; x_wconf 89' lang='lat' dir='ltr'>vehementer</span> <span class='ocrx_word' id='word_1_258' title='bbox 1348 1890 1443 1930; x_wconf 91' lang='lat' dir='ltr'>me</span> <span class='ocrx_word' id='word_1_259' title='bbox 1486 1874 1768 1945; x_wconf 89' lang='lat' dir='ltr'>gaudere,</span> <span class='ocrx_word' id='word_1_260' title='bbox 1808 1871 1972 1945; x_wconf 89' lang='lat' dir='ltr'>quod</span> <span class='ocrx_word' id='word_1_261' title='bbox 2029 1870 2114 1925; x_wconf 91' lang='lat' dir='ltr'>di-</span> 
     </span>
    </p>
   </div>
   <div class='ocr_carea' id='block_1_37' title="bbox 2226 1864 3849 1947">
    <p class='ocr_par' dir='ltr' id='par_1_37' title="bbox 2230 1864 3849 1947">
     <span class='ocr_line' id='line_1_37' title="bbox 2230 1864 3849 1947; baseline 0.002 -23"><span class='ocrx_word' id='word_1_262' title='bbox 2230 1864 2393 1931; x_wconf 75' lang='grc' dir='ltr'><strong>ἡδέως</strong></span> <span class='ocrx_word' id='word_1_263' title='bbox 2447 1870 2807 1945; x_wconf 76' lang='grc' dir='ltr'><strong>βασανίζομαι</strong></span> <span class='ocrx_word' id='word_1_264' title='bbox 2839 1877 2927 1925; x_wconf 90' lang='grc' dir='ltr'>καὶ</span> <span class='ocrx_word' id='word_1_265' title='bbox 2972 1872 3120 1926; x_wconf 86' lang='grc' dir='ltr'><strong>πλέον</strong></span> <span class='ocrx_word' id='word_1_266' title='bbox 3174 1870 3589 1947; x_wconf 74' lang='grc' dir='ltr'><strong>διισχυρίζομαι</strong></span> <span class='ocrx_word' id='word_1_267' title='bbox 3638 1871 3849 1946; x_wconf 83' lang='grc' dir='ltr'><strong>διαγω-</strong></span> 
     </span>
    </p>
   </div>
   <div class='ocr_carea' id='block_1_38' title="bbox 464 1963 2121 2036">
    <p class='ocr_par' dir='ltr' id='par_1_38' title="bbox 464 1963 2121 2036">
     <span class='ocr_line' id='line_1_38' title="bbox 464 1963 2121 2036; baseline -0.003 -17"><span class='ocrx_word' id='word_1_268' title='bbox 464 1981 619 2036; x_wconf 85' lang='lat' dir='ltr'>guns</span> <span class='ocrx_word' id='word_1_269' title='bbox 662 1964 850 2020; x_wconf 89' lang='lat' dir='ltr'>factus</span> <span class='ocrx_word' id='word_1_270' title='bbox 878 1963 1012 2029; x_wconf 91' lang='lat' dir='ltr'>sim,</span> <span class='ocrx_word' id='word_1_271' title='bbox 1045 1964 1149 2035; x_wconf 88' lang='lat' dir='ltr'>qui</span> <span class='ocrx_word' id='word_1_272' title='bbox 1181 1980 1288 2036; x_wconf 89' lang='lat' dir='ltr'>pro</span> <span class='ocrx_word' id='word_1_273' title='bbox 1322 1963 1530 2021; x_wconf 90' lang='lat' dir='ltr'>Christi</span> <span class='ocrx_word' id='word_1_274' title='bbox 1558 1964 1796 2018; x_wconf 89' lang='lat' dir='ltr'>nomine</span> <span class='ocrx_word' id='word_1_275' title='bbox 1825 1965 2121 2017; x_wconf 91' lang='lat' dir='ltr'>tormenta</span> 
     </span>
    </p>
   </div>
   <div class='ocr_carea' id='block_1_39' title="bbox 458 2049 2120 2125">
    <p class='ocr_par' dir='ltr' id='par_1_39' title="bbox 458 2049 2120 2125">
     <span class='ocr_line' id='line_1_39' title="bbox 458 2049 2120 2125; baseline 0 -17"><span class='ocrx_word' id='word_1_276' title='bbox 458 2054 674 2125; x_wconf 90' lang='lat' dir='ltr'>patiar,</span> <span class='ocrx_word' id='word_1_277' title='bbox 704 2059 758 2108; x_wconf 91' lang='lat' dir='ltr'>et</span> <span class='ocrx_word' id='word_1_278' title='bbox 802 2052 1021 2108; x_wconf 70' lang='lat' dir='ltr'>cmlesti</span> <span class='ocrx_word' id='word_1_279' title='bbox 1060 2053 1159 2108; x_wconf 92' lang='lat' dir='ltr'>illo</span> <span class='ocrx_word' id='word_1_280' title='bbox 1195 2056 1347 2122; x_wconf 83' lang='lat' dir='ltr'>Rege</span> <span class='ocrx_word' id='word_1_281' title='bbox 1389 2052 1503 2107; x_wconf 87' lang='lat' dir='ltr'>frui</span> <span class='ocrx_word' id='word_1_282' title='bbox 1548 2067 1804 2124; x_wconf 89' lang='lat' dir='ltr'>sperem.</span> <span class='ocrx_word' id='word_1_283' title='bbox 1860 2049 1946 2105; x_wconf 84' lang='lat' dir='ltr'>Ad</span> <span class='ocrx_word' id='word_1_284' title='bbox 1993 2049 2120 2108; x_wconf 67' lang='lat' dir='ltr'>haac</span> 
     </span>
    </p>
   </div>
   <div class='ocr_carea' id='block_1_40' title="bbox 457 2139 2115 2213">
    <p class='ocr_par' dir='ltr' id='par_1_40' title="bbox 457 2139 2115 2213">
     <span class='ocr_line' id='line_1_40' title="bbox 457 2139 2115 2213; baseline -0.002 -16"><span class='ocrx_word' id='word_1_285' title='bbox 457 2143 580 2198; x_wconf 88' lang='lat' dir='ltr'>dux</span> <span class='ocrx_word' id='word_1_286' title='bbox 616 2142 717 2197; x_wconf 90' lang='lat' dir='ltr'>ille</span> <span class='ocrx_word' id='word_1_287' title='bbox 752 2159 763 2197; x_wconf 95' lang='lat'>:</span> <span class='ocrx_word' id='word_1_288' title='bbox 804 2142 1087 2213; x_wconf 89' lang='lat' dir='ltr'>Nunquid</span> <span class='ocrx_word' id='word_1_289' title='bbox 1120 2140 1592 2196; x_wconf 86' lang='lat' dir='ltr'>Christianorum</span> <span class='ocrx_word' id='word_1_290' title='bbox 1636 2139 1913 2197; x_wconf 87' lang='lat' dir='ltr'>sacerdos</span> <span class='ocrx_word' id='word_1_291' title='bbox 1943 2155 2002 2194; x_wconf 90' lang='lat' dir='ltr'>es</span> <span class='ocrx_word' id='word_1_292' title='bbox 2035 2144 2115 2204; x_wconf 91' lang='lat' dir='ltr'>tu,</span> 
     </span>
    </p>
   </div>
   <div class='ocr_carea' id='block_1_41' title="bbox 455 2228 2120 2304">
    <p class='ocr_par' dir='ltr' id='par_1_41' title="bbox 455 2228 2120 2304">
     <span class='ocr_line' id='line_1_41' title="bbox 455 2228 2120 2304; baseline -0.001 -19"><span class='ocrx_word' id='word_1_293' title='bbox 455 2232 557 2304; x_wconf 90' lang='lat' dir='ltr'>qui</span> <span class='ocrx_word' id='word_1_294' title='bbox 599 2236 724 2287; x_wconf 89' lang='lat' dir='ltr'>tam</span> <span class='ocrx_word' id='word_1_295' title='bbox 754 2231 1083 2303; x_wconf 89' lang='lat' dir='ltr'>prudenter</span> <span class='ocrx_word' id='word_1_296' title='bbox 1136 2228 1308 2286; x_wconf 89' lang='lat' dir='ltr'>nobis</span> <span class='ocrx_word' id='word_1_297' title='bbox 1336 2229 1663 2301; x_wconf 88' lang='lat' dir='ltr'>respondes</span> <span class='ocrx_word' id='word_1_298' title='bbox 1693 2230 1720 2285; x_wconf 81' lang='lat' dir='ltr'>‘I</span> <span class='ocrx_word' id='word_1_299' title='bbox 1772 2237 1909 2295; x_wconf 83' lang='lat' dir='ltr'>Hoc,</span> <span class='ocrx_word' id='word_1_300' title='bbox 1933 2228 2120 2301; x_wconf 85' lang='lat' dir='ltr'>inquit</span> 
     </span>
    </p>
   </div>
   <div class='ocr_carea' id='block_1_42' title="bbox 461 2315 2117 2390">
    <p class='ocr_par' dir='ltr' id='par_1_42' title="bbox 461 2315 2117 2390">
     <span class='ocr_line' id='line_1_42' title="bbox 461 2315 2117 2390; baseline -0.003 -15"><span class='ocrx_word' id='word_1_301' title='bbox 461 2320 673 2385; x_wconf 87' lang='lat' dir='ltr'>Victor,</span> <span class='ocrx_word' id='word_1_302' title='bbox 706 2335 951 2375; x_wconf 89' lang='lat' dir='ltr'>munere</span> <span class='ocrx_word' id='word_1_303' title='bbox 983 2319 1268 2388; x_wconf 86' lang='lat' dir='ltr'>indignus</span> <span class='ocrx_word' id='word_1_304' title='bbox 1290 2336 1414 2375; x_wconf 91' lang='lat' dir='ltr'>sum</span> <span class='ocrx_word' id='word_1_305' title='bbox 1460 2336 1593 2390; x_wconf 87' lang='lat' dir='ltr'>ego,</span> <span class='ocrx_word' id='word_1_306' title='bbox 1627 2320 1732 2375; x_wconf 89' lang='lat' dir='ltr'>sed</span> <span class='ocrx_word' id='word_1_307' title='bbox 1762 2318 1971 2375; x_wconf 89' lang='lat' dir='ltr'>Christi</span> <span class='ocrx_word' id='word_1_308' title='bbox 1999 2315 2117 2374; x_wconf 87' lang='lat' dir='ltr'>mei</span> 
     </span>
    </p>
   </div>
   <div class='ocr_carea' id='block_1_43' title="bbox 456 2407 2115 2482">
    <p class='ocr_par' dir='ltr' id='par_1_43' title="bbox 456 2407 2115 2482">
     <span class='ocr_line' id='line_1_43' title="bbox 456 2407 2115 2482; baseline 0.001 -19"><span class='ocrx_word' id='word_1_309' title='bbox 456 2409 646 2479; x_wconf 90' lang='lat' dir='ltr'>gratia</span> <span class='ocrx_word' id='word_1_310' title='bbox 668 2426 760 2463; x_wconf 92' lang='lat' dir='ltr'>me</span> <span class='ocrx_word' id='word_1_311' title='bbox 794 2408 963 2464; x_wconf 87' lang='lat' dir='ltr'>talem</span> <span class='ocrx_word' id='word_1_312' title='bbox 991 2407 1222 2465; x_wconf 73' lang='lat' dir='ltr'>effecit:</span> <span class='ocrx_word' id='word_1_313' title='bbox 1256 2408 1384 2465; x_wconf 76' lang='lat' dir='ltr'>haec</span> <span class='ocrx_word' id='word_1_314' title='bbox 1423 2410 1582 2465; x_wconf 90' lang='lat' dir='ltr'>enim</span> <span class='ocrx_word' id='word_1_315' title='bbox 1619 2410 1737 2475; x_wconf 89' lang='lat' dir='ltr'>bis,</span> <span class='ocrx_word' id='word_1_316' title='bbox 1796 2409 1900 2482; x_wconf 91' lang='lat' dir='ltr'>qui</span> <span class='ocrx_word' id='word_1_317' title='bbox 1958 2414 2115 2465; x_wconf 88' lang='lat' dir='ltr'>recto</span> 
     </span>
    </p>
   </div>
   <div class='ocr_carea' id='block_1_44' title="bbox 416 2497 2116 2571">
    <p class='ocr_par' dir='ltr' id='par_1_44' title="bbox 416 2497 2116 2571">
     <span class='ocr_line' id='line_1_44' title="bbox 416 2497 2116 2571; baseline 0.001 -18"><span class='ocrx_word' id='word_1_318' title='bbox 416 2540 421 2543; x_wconf 25' lang='grc' dir='ltr'><strong>Α</strong></span> <span class='ocrx_word' id='word_1_319' title='bbox 457 2498 634 2553; x_wconf 90' lang='lat' dir='ltr'>corde</span> <span class='ocrx_word' id='word_1_320' title='bbox 662 2502 816 2563; x_wconf 89' lang='lat' dir='ltr'>sunt,</span> <span class='ocrx_word' id='word_1_321' title='bbox 838 2505 894 2552; x_wconf 92' lang='lat' dir='ltr'>et</span> <span class='ocrx_word' id='word_1_322' title='bbox 919 2497 1129 2552; x_wconf 87' lang='lat' dir='ltr'>Christi</span> <span class='ocrx_word' id='word_1_323' title='bbox 1175 2497 1464 2554; x_wconf 89' lang='lat' dir='ltr'>mandata</span> <span class='ocrx_word' id='word_1_324' title='bbox 1511 2498 1856 2564; x_wconf 86' lang='lat' dir='ltr'>observant,</span> <span class='ocrx_word' id='word_1_325' title='bbox 1889 2497 2116 2571; x_wconf 90' lang='lat' dir='ltr'>sapien-</span> 
     </span>
    </p>
   </div>
   <div class='ocr_carea' id='block_1_45' title="bbox 457 2586 2116 2659">
    <p class='ocr_par' dir='ltr' id='par_1_45' title="bbox 457 2586 2116 2659">
     <span class='ocr_line' id='line_1_45' title="bbox 457 2586 2116 2659; baseline -0.001 -16"><span class='ocrx_word' id='word_1_326' title='bbox 457 2587 607 2645; x_wconf 89' lang='lat' dir='ltr'>tiam</span> <span class='ocrx_word' id='word_1_327' title='bbox 643 2593 699 2643; x_wconf 89' lang='lat' dir='ltr'>et</span> <span class='ocrx_word' id='word_1_328' title='bbox 731 2586 933 2643; x_wconf 90' lang='lat' dir='ltr'>omnia</span> <span class='ocrx_word' id='word_1_329' title='bbox 970 2588 1266 2642; x_wconf 86' lang='lat' dir='ltr'>bonarum</span> <span class='ocrx_word' id='word_1_330' title='bbox 1318 2604 1512 2643; x_wconf 86' lang='lat' dir='ltr'>rerum</span> <span class='ocrx_word' id='word_1_331' title='bbox 1569 2587 1808 2659; x_wconf 79' lang='lat' dir='ltr'>capiam</span> <span class='ocrx_word' id='word_1_332' title='bbox 1867 2603 1938 2642; x_wconf 84' lang='lat' dir='ltr'>ex</span> <span class='ocrx_word' id='word_1_333' title='bbox 1996 2587 2116 2641; x_wconf 91' lang='lat' dir='ltr'>suis</span> 
     </span>
    </p>
   </div>
   <div class='ocr_carea' id='block_1_46' title="bbox 458 2674 2118 2745">
    <p class='ocr_par' dir='ltr' id='par_1_46' title="bbox 458 2674 2118 2745">
     <span class='ocr_line' id='line_1_46' title="bbox 458 2674 2118 2745; baseline -0.001 -13"><span class='ocrx_word' id='word_1_334' title='bbox 458 2676 570 2733; x_wconf 85' lang='lat' dir='ltr'>illis</span> <span class='ocrx_word' id='word_1_335' title='bbox 617 2676 935 2730; x_wconf 88' lang='lat' dir='ltr'>immensis</span> <span class='ocrx_word' id='word_1_336' title='bbox 974 2674 1193 2730; x_wconf 89' lang='lat' dir='ltr'>divitiis</span> <span class='ocrx_word' id='word_1_337' title='bbox 1255 2674 1524 2745; x_wconf 80' lang='lat' dir='ltr'>largitur.</span> <span class='ocrx_word' id='word_1_338' title='bbox 1596 2675 2118 2741; x_wconf 87' lang='lat' dir='ltr'>Quemadmodum</span> 
     </span>
    </p>
   </div>
   <div class='ocr_carea' id='block_1_47' title="bbox 459 2764 2122 2837">
    <p class='ocr_par' dir='ltr' id='par_1_47' title="bbox 459 2764 2122 2837">
     <span class='ocr_line' id='line_1_47' title="bbox 459 2764 2122 2837; baseline -0.001 -15"><span class='ocrx_word' id='word_1_339' title='bbox 459 2766 619 2822; x_wconf 83' lang='lat' dir='ltr'>enim</span> <span class='ocrx_word' id='word_1_340' title='bbox 643 2764 907 2835; x_wconf 89' lang='lat' dir='ltr'>agricola</span> <span class='ocrx_word' id='word_1_341' title='bbox 930 2765 1059 2835; x_wconf 90' lang='lat' dir='ltr'>ipse</span> <span class='ocrx_word' id='word_1_342' title='bbox 1090 2782 1224 2819; x_wconf 92' lang='lat' dir='ltr'>cum</span> <span class='ocrx_word' id='word_1_343' title='bbox 1252 2768 1471 2821; x_wconf 89' lang='lat' dir='ltr'>terram</span> <span class='ocrx_word' id='word_1_344' title='bbox 1503 2765 1665 2830; x_wconf 87' lang='lat' dir='ltr'>colit,</span> <span class='ocrx_word' id='word_1_345' title='bbox 1689 2772 1968 2837; x_wconf 86' lang='lat' dir='ltr'>paratam</span> <span class='ocrx_word' id='word_1_346' title='bbox 1986 2781 2122 2821; x_wconf 86' lang='lat' dir='ltr'>eam</span> 
     </span>
    </p>
   </div>
   <div class='ocr_carea' id='block_1_48' title="bbox 457 2853 2122 2926">
    <p class='ocr_par' dir='ltr' id='par_1_48' title="bbox 457 2853 2122 2926">
     <span class='ocr_line' id='line_1_48' title="bbox 457 2853 2122 2926; baseline 0 -16"><span class='ocrx_word' id='word_1_347' title='bbox 457 2855 649 2910; x_wconf 89' lang='lat' dir='ltr'>reddit</span> <span class='ocrx_word' id='word_1_348' title='bbox 681 2855 756 2910; x_wconf 92' lang='lat' dir='ltr'>ad</span> <span class='ocrx_word' id='word_1_349' title='bbox 780 2854 1003 2909; x_wconf 88' lang='lat' dir='ltr'>fructus</span> <span class='ocrx_word' id='word_1_350' title='bbox 1039 2853 1316 2909; x_wconf 86' lang='lat' dir='ltr'>ferendos</span> <span class='ocrx_word' id='word_1_351' title='bbox 1345 2871 1357 2908; x_wconf 91' lang='lat'>:</span> <span class='ocrx_word' id='word_1_352' title='bbox 1385 2854 1464 2910; x_wconf 90' lang='lat' dir='ltr'>ita</span> <span class='ocrx_word' id='word_1_353' title='bbox 1515 2858 1572 2910; x_wconf 91' lang='lat' dir='ltr'>et</span> <span class='ocrx_word' id='word_1_354' title='bbox 1597 2854 1700 2908; x_wconf 89' lang='lat' dir='ltr'>Dei</span> <span class='ocrx_word' id='word_1_355' title='bbox 1730 2854 2016 2926; x_wconf 84' lang='lat' dir='ltr'>sapientia</span> <span class='ocrx_word' id='word_1_356' title='bbox 2052 2870 2122 2910; x_wconf 89' lang='lat' dir='ltr'>ac</span> 
     </span>
    </p>
   </div>
   <div class='ocr_carea' id='block_1_49' title="bbox 464 2942 2121 3015">
    <p class='ocr_par' dir='ltr' id='par_1_49' title="bbox 464 2942 2121 3015">
     <span class='ocr_line' id='line_1_49' title="bbox 464 2942 2121 3015; baseline 0 -16"><span class='ocrx_word' id='word_1_357' title='bbox 464 2944 658 3014; x_wconf 89' lang='lat' dir='ltr'>gratia</span> <span class='ocrx_word' id='word_1_358' title='bbox 688 2960 791 2998; x_wconf 90' lang='lat' dir='ltr'>eos</span> <span class='ocrx_word' id='word_1_359' title='bbox 817 2960 850 2997; x_wconf 89' lang='lat' dir='ltr'>a</span> <span class='ocrx_word' id='word_1_360' title='bbox 874 2942 1098 3015; x_wconf 90' lang='lat' dir='ltr'>quibus</span> <span class='ocrx_word' id='word_1_361' title='bbox 1134 2942 1498 3009; x_wconf 85' lang='lat' dir='ltr'>observatur,</span> <span class='ocrx_word' id='word_1_362' title='bbox 1544 2943 1739 3009; x_wconf 85' lang='lat' dir='ltr'>fortes,</span> <span class='ocrx_word' id='word_1_363' title='bbox 1803 2944 2121 3014; x_wconf 86' lang='lat' dir='ltr'>sapientes,</span> 
     </span>
    </p>
   </div>
   <div class='ocr_carea' id='block_1_50' title="bbox 455 3030 2120 3103">
    <p class='ocr_par' dir='ltr' id='par_1_50' title="bbox 455 3030 2120 3103">
     <span class='ocr_line' id='line_1_50' title="bbox 455 3030 2120 3103; baseline -0.004 -14"><span class='ocrx_word' id='word_1_364' title='bbox 455 3050 524 3089; x_wconf 89' lang='lat' dir='ltr'>ac</span> <span class='ocrx_word' id='word_1_365' title='bbox 553 3034 694 3088; x_wconf 89' lang='lat' dir='ltr'>tales</span> <span class='ocrx_word' id='word_1_366' title='bbox 716 3032 929 3095; x_wconf 90' lang='lat' dir='ltr'>reddit,</span> <span class='ocrx_word' id='word_1_367' title='bbox 971 3031 1072 3103; x_wconf 92' lang='lat' dir='ltr'>qui</span> <span class='ocrx_word' id='word_1_368' title='bbox 1106 3033 1226 3086; x_wconf 92' lang='lat' dir='ltr'>Deo</span> <span class='ocrx_word' id='word_1_369' title='bbox 1259 3031 1373 3103; x_wconf 90' lang='lat' dir='ltr'>ipsi</span> <span class='ocrx_word' id='word_1_370' title='bbox 1406 3032 1663 3087; x_wconf 83' lang='lat' dir='ltr'>fructum</span> <span class='ocrx_word' id='word_1_371' title='bbox 1688 3030 1837 3087; x_wconf 87' lang='lat' dir='ltr'>ferre</span> <span class='ocrx_word' id='word_1_372' title='bbox 1865 3032 2120 3103; x_wconf 89' lang='lat' dir='ltr'>possint:</span> 
     </span>
    </p>
   </div>
   <div class='ocr_carea' id='block_1_51' title="bbox 476 3120 2139 3194">
    <p class='ocr_par' dir='ltr' id='par_1_51' title="bbox 476 3120 2139 3194">
     <span class='ocr_line' id='line_1_51' title="bbox 476 3120 2139 3194; baseline 0.001 -17"><span class='ocrx_word' id='word_1_373' title='bbox 476 3137 684 3194; x_wconf 90' lang='lat' dir='ltr'>neque</span> <span class='ocrx_word' id='word_1_374' title='bbox 710 3120 1027 3193; x_wconf 88' lang='lat' dir='ltr'>permittit,</span> <span class='ocrx_word' id='word_1_375' title='bbox 1056 3125 1118 3176; x_wconf 93' lang='lat' dir='ltr'>ut</span> <span class='ocrx_word' id='word_1_376' title='bbox 1169 3120 1246 3176; x_wconf 87' lang='lat' dir='ltr'>ab</span> <span class='ocrx_word' id='word_1_377' title='bbox 1277 3120 1543 3177; x_wconf 85' lang='lat' dir='ltr'>hostibus</span> <span class='ocrx_word' id='word_1_378' title='bbox 1582 3120 1846 3192; x_wconf 87' lang='lat' dir='ltr'>superari</span> <span class='ocrx_word' id='word_1_379' title='bbox 1876 3125 2139 3192; x_wconf 57' lang='lat' dir='ltr'>queant.</span> 
     </span>
    </p>
   </div>
   <div class='ocr_carea' id='block_1_52' title="bbox 530 3294 2120 3353">
    <p class='ocr_par' dir='ltr' id='par_1_52' title="bbox 530 3294 2120 3353">
     <span class='ocr_line' id='line_1_52' title="bbox 530 3294 2120 3353; baseline -0.001 0"><span class='ocrx_word' id='word_1_380' title='bbox 530 3299 630 3353; x_wconf 84' lang='grc' dir='ltr'>ΙΙΙ.</span> <span class='ocrx_word' id='word_1_381' title='bbox 695 3305 837 3353; x_wconf 91' lang='lat' dir='ltr'>Tum</span> <span class='ocrx_word' id='word_1_382' title='bbox 887 3298 1004 3353; x_wconf 86' lang='lat' dir='ltr'>dux</span> <span class='ocrx_word' id='word_1_383' title='bbox 1068 3297 1190 3353; x_wconf 87' lang='lat' dir='ltr'>ait:</span> <span class='ocrx_word' id='word_1_384' title='bbox 1234 3300 1382 3353; x_wconf 87' lang='lat' dir='ltr'>Num</span> <span class='ocrx_word' id='word_1_385' title='bbox 1446 3301 1507 3352; x_wconf 92' lang='lat' dir='ltr'>tu</span> <span class='ocrx_word' id='word_1_386' title='bbox 1564 3296 1716 3352; x_wconf 87' lang='lat' dir='ltr'>mori</span> <span class='ocrx_word' id='word_1_387' title='bbox 1766 3294 2120 3352; x_wconf 87' lang='lat' dir='ltr'>decrevisti?</span> 
     </span>
    </p>
   </div>
   <div class='ocr_carea' id='block_1_53' title="bbox 453 3385 2117 3459">
    <p class='ocr_par' dir='ltr' id='par_1_53' title="bbox 453 3385 2117 3459">
     <span class='ocr_line' id='line_1_53' title="bbox 453 3385 2117 3459; baseline -0.002 -17"><span class='ocrx_word' id='word_1_388' title='bbox 453 3387 788 3459; x_wconf 81' lang='lat' dir='ltr'>ReSpondit</span> <span class='ocrx_word' id='word_1_389' title='bbox 843 3386 1076 3441; x_wconf 88' lang='lat' dir='ltr'>Victor:</span> <span class='ocrx_word' id='word_1_390' title='bbox 1135 3385 1486 3456; x_wconf 88' lang='lat' dir='ltr'>Hujusmodi</span> <span class='ocrx_word' id='word_1_391' title='bbox 1544 3400 1705 3440; x_wconf 91' lang='lat' dir='ltr'>mors</span> <span class='ocrx_word' id='word_1_392' title='bbox 1770 3385 1861 3440; x_wconf 91' lang='lat' dir='ltr'>his</span> <span class='ocrx_word' id='word_1_393' title='bbox 1932 3389 2117 3441; x_wconf 81' lang='lat' dir='ltr'>Vitam</span> 
     </span>
    </p>
   </div>
   <div class='ocr_carea' id='block_1_54' title="bbox 453 3473 2117 3547">
    <p class='ocr_par' dir='ltr' id='par_1_54' title="bbox 453 3473 2117 3547">
     <span class='ocr_line' id='line_1_54' title="bbox 453 3473 2117 3547; baseline -0.002 -16"><span class='ocrx_word' id='word_1_394' title='bbox 453 3476 758 3543; x_wconf 90' lang='lat' dir='ltr'>conciliat,</span> <span class='ocrx_word' id='word_1_395' title='bbox 784 3476 889 3547; x_wconf 90' lang='lat' dir='ltr'>qui</span> <span class='ocrx_word' id='word_1_396' title='bbox 920 3475 1123 3531; x_wconf 85' lang='lat' dir='ltr'>brevia</span> <span class='ocrx_word' id='word_1_397' title='bbox 1152 3475 1280 3530; x_wconf 68' lang='lat' dir='ltr'>haec</span> <span class='ocrx_word' id='word_1_398' title='bbox 1316 3480 1611 3530; x_wconf 90' lang='lat' dir='ltr'>tormenta</span> <span class='ocrx_word' id='word_1_399' title='bbox 1637 3474 1862 3529; x_wconf 81' lang='lat' dir='ltr'>fortiter</span> <span class='ocrx_word' id='word_1_400' title='bbox 1887 3473 1964 3530; x_wconf 90' lang='lat' dir='ltr'>ad</span> <span class='ocrx_word' id='word_1_401' title='bbox 2022 3490 2117 3529; x_wconf 78' lang='lat' dir='ltr'>ex—</span> 
     </span>
    </p>
   </div>
   <div class='ocr_carea' id='block_1_55' title="bbox 451 3562 2115 3636">
    <p class='ocr_par' dir='ltr' id='par_1_55' title="bbox 451 3562 2115 3636">
     <span class='ocr_line' id='line_1_55' title="bbox 451 3562 2115 3636; baseline -0.002 -16"><span class='ocrx_word' id='word_1_402' title='bbox 451 3569 710 3620; x_wconf 88' lang='lat' dir='ltr'>tremum</span> <span class='ocrx_word' id='word_1_403' title='bbox 740 3579 930 3636; x_wconf 89' lang='lat' dir='ltr'>usque</span> <span class='ocrx_word' id='word_1_404' title='bbox 965 3564 1291 3636; x_wconf 86' lang='lat' dir='ltr'>perferunt.</span> <span class='ocrx_word' id='word_1_405' title='bbox 1319 3564 1407 3619; x_wconf 86' lang='lat' dir='ltr'>Ad</span> <span class='ocrx_word' id='word_1_406' title='bbox 1437 3563 1563 3621; x_wconf 70' lang='lat' dir='ltr'>haec</span> <span class='ocrx_word' id='word_1_407' title='bbox 1616 3566 1735 3619; x_wconf 81' lang='lat' dir='ltr'>dux</span> <span class='ocrx_word' id='word_1_408' title='bbox 1778 3562 1872 3619; x_wconf 92' lang='lat' dir='ltr'>ille</span> <span class='ocrx_word' id='word_1_409' title='bbox 1906 3580 1922 3618; x_wconf 90' lang='lat'>:</span> <span class='ocrx_word' id='word_1_410' title='bbox 1979 3564 2115 3619; x_wconf 83' lang='lat' dir='ltr'>Sen-</span> 
     </span>
    </p>
   </div>
   <div class='ocr_carea' id='block_1_56' title="bbox 455 3652 2115 3724">
    <p class='ocr_par' dir='ltr' id='par_1_56' title="bbox 455 3652 2115 3724">
     <span class='ocr_line' id='line_1_56' title="bbox 455 3652 2115 3724; baseline -0.002 -13"><span class='ocrx_word' id='word_1_411' title='bbox 455 3653 782 3711; x_wconf 89' lang='lat' dir='ltr'>tentiamne</span> <span class='ocrx_word' id='word_1_412' title='bbox 819 3653 994 3709; x_wconf 87' lang='lat' dir='ltr'>istam</span> <span class='ocrx_word' id='word_1_413' title='bbox 1045 3652 1283 3709; x_wconf 85' lang='lat' dir='ltr'>ﬁrmam</span> <span class='ocrx_word' id='word_1_414' title='bbox 1335 3653 1549 3709; x_wconf 84' lang='lat' dir='ltr'>habes?</span> <span class='ocrx_word' id='word_1_415' title='bbox 1600 3652 1868 3719; x_wconf 83' lang='lat' dir='ltr'>Maxime,</span> <span class='ocrx_word' id='word_1_416' title='bbox 1925 3653 2115 3724; x_wconf 90' lang='lat' dir='ltr'>inquit</span> 
     </span>
    </p>
   </div>
   <div class='ocr_carea' id='block_1_57' title="bbox 452 3740 2115 3812">
    <p class='ocr_par' dir='ltr' id='par_1_57' title="bbox 452 3740 2115 3812">
     <span class='ocr_line' id='line_1_57' title="bbox 452 3740 2115 3812; baseline -0.001 -15"><span class='ocrx_word' id='word_1_417' title='bbox 452 3742 663 3797; x_wconf 88' lang='lat' dir='ltr'>Victor.</span> <span class='ocrx_word' id='word_1_418' title='bbox 722 3742 867 3796; x_wconf 90' lang='lat' dir='ltr'>Tum</span> <span class='ocrx_word' id='word_1_419' title='bbox 947 3742 1071 3797; x_wconf 81' lang='lat' dir='ltr'>dux</span> <span class='ocrx_word' id='word_1_420' title='bbox 1121 3741 1443 3812; x_wconf 89' lang='lat' dir='ltr'>digitorum</span> <span class='ocrx_word' id='word_1_421' title='bbox 1501 3740 1736 3796; x_wconf 91' lang='lat' dir='ltr'>Victoris</span> <span class='ocrx_word' id='word_1_422' title='bbox 1794 3756 2115 3812; x_wconf 89' lang='lat' dir='ltr'>compages</span> 
     </span>
    </p>
   </div>
   <div class='ocr_carea' id='block_1_58' title="bbox 453 3827 2114 3903">
    <p class='ocr_par' dir='ltr' id='par_1_58' title="bbox 453 3827 2114 3903">
     <span class='ocr_line' id='line_1_58' title="bbox 453 3827 2114 3903; baseline -0.003 -16"><span class='ocrx_word' id='word_1_423' title='bbox 453 3846 724 3903; x_wconf 90' lang='lat' dir='ltr'>eousque</span> <span class='ocrx_word' id='word_1_424' title='bbox 749 3829 1046 3900; x_wconf 85' lang='lat' dir='ltr'>confringi</span> <span class='ocrx_word' id='word_1_425' title='bbox 1087 3830 1284 3900; x_wconf 88' lang='lat' dir='ltr'>jussit,</span> <span class='ocrx_word' id='word_1_426' title='bbox 1317 3829 1521 3901; x_wconf 91' lang='lat' dir='ltr'>quoad</span> <span class='ocrx_word' id='word_1_427' title='bbox 1556 3846 1584 3883; x_wconf 92' lang='lat' dir='ltr'>e</span> <span class='ocrx_word' id='word_1_428' title='bbox 1625 3828 1775 3901; x_wconf 90' lang='lat' dir='ltr'>pelle</span> <span class='ocrx_word' id='word_1_429' title='bbox 1822 3829 1948 3899; x_wconf 88' lang='lat' dir='ltr'>ipsa</span> <span class='ocrx_word' id='word_1_430' title='bbox 1997 3827 2114 3884; x_wconf 85' lang='lat' dir='ltr'>exi-</span> 
     </span>
    </p>
   </div>
   <div class='ocr_carea' id='block_1_59' title="bbox 458 3917 2114 3991">
    <p class='ocr_par' dir='ltr' id='par_1_59' title="bbox 458 3917 2114 3991">
     <span class='ocr_line' id='line_1_59' title="bbox 458 3917 2114 3991; baseline -0.002 -15"><span class='ocrx_word' id='word_1_431' title='bbox 458 3925 606 3976; x_wconf 91' lang='lat' dir='ltr'>rent.</span> <span class='ocrx_word' id='word_1_432' title='bbox 638 3921 764 3985; x_wconf 85' lang='lat' dir='ltr'>Quo</span> <span class='ocrx_word' id='word_1_433' title='bbox 793 3921 974 3986; x_wconf 90' lang='lat' dir='ltr'>facto,</span> <span class='ocrx_word' id='word_1_434' title='bbox 1008 3918 1206 3975; x_wconf 90' lang='lat' dir='ltr'>Victor</span> <span class='ocrx_word' id='word_1_435' title='bbox 1235 3918 1316 3974; x_wconf 90' lang='lat' dir='ltr'>ait</span> <span class='ocrx_word' id='word_1_436' title='bbox 1343 3936 1355 3974; x_wconf 93' lang='lat'>:</span> <span class='ocrx_word' id='word_1_437' title='bbox 1390 3917 1620 3974; x_wconf 87' lang='lat' dir='ltr'>Gratias</span> <span class='ocrx_word' id='word_1_438' title='bbox 1651 3934 1762 3991; x_wconf 84' lang='lat' dir='ltr'>ago</span> <span class='ocrx_word' id='word_1_439' title='bbox 1793 3919 1913 3974; x_wconf 92' lang='lat' dir='ltr'>Deo</span> <span class='ocrx_word' id='word_1_440' title='bbox 1958 3934 2114 3985; x_wconf 92' lang='lat' dir='ltr'>meo,</span> 
     </span>
    </p>
   </div>
   <div class='ocr_carea' id='block_1_60' title="bbox 457 4006 2112 4080">
    <p class='ocr_par' dir='ltr' id='par_1_60' title="bbox 457 4006 2112 4080">
     <span class='ocr_line' id='line_1_60' title="bbox 457 4006 2112 4080; baseline -0.002 -17"><span class='ocrx_word' id='word_1_441' title='bbox 457 4008 621 4080; x_wconf 90' lang='lat' dir='ltr'>quod</span> <span class='ocrx_word' id='word_1_442' title='bbox 692 4008 942 4079; x_wconf 89' lang='lat' dir='ltr'>gratiam</span> <span class='ocrx_word' id='word_1_443' title='bbox 1001 4024 1171 4063; x_wconf 85' lang='lat' dir='ltr'>suam</span> <span class='ocrx_word' id='word_1_444' title='bbox 1224 4006 1563 4079; x_wconf 91' lang='lat' dir='ltr'>propiorem</span> <span class='ocrx_word' id='word_1_445' title='bbox 1642 4007 1783 4062; x_wconf 88' lang='lat' dir='ltr'>mihi</span> <span class='ocrx_word' id='word_1_446' title='bbox 1844 4007 2112 4064; x_wconf 90' lang='lat' dir='ltr'>ostendit.</span> 
     </span>
    </p>
   </div>
   <div class='ocr_carea' id='block_1_61' title="bbox 452 4095 2116 4169">
    <p class='ocr_par' dir='ltr' id='par_1_61' title="bbox 452 4095 2116 4169">
     <span class='ocr_line' id='line_1_61' title="bbox 452 4095 2116 4169; baseline -0.001 -16"><span class='ocrx_word' id='word_1_447' title='bbox 452 4098 614 4153; x_wconf 89' lang='lat' dir='ltr'>Tunc</span> <span class='ocrx_word' id='word_1_448' title='bbox 650 4096 927 4169; x_wconf 63' lang='lat' dir='ltr'>quaesivit</span> <span class='ocrx_word' id='word_1_449' title='bbox 976 4096 1048 4151; x_wconf 89' lang='lat' dir='ltr'>ab</span> <span class='ocrx_word' id='word_1_450' title='bbox 1090 4111 1159 4152; x_wconf 93' lang='lat' dir='ltr'>eo</span> <span class='ocrx_word' id='word_1_451' title='bbox 1194 4095 1337 4164; x_wconf 84' lang='lat' dir='ltr'>dux,</span> <span class='ocrx_word' id='word_1_452' title='bbox 1365 4112 1552 4168; x_wconf 90' lang='lat' dir='ltr'>quare</span> <span class='ocrx_word' id='word_1_453' title='bbox 1605 4095 1807 4151; x_wconf 87' lang='lat' dir='ltr'>cibum</span> <span class='ocrx_word' id='word_1_454' title='bbox 1858 4112 1981 4151; x_wconf 90' lang='lat' dir='ltr'>non</span> <span class='ocrx_word' id='word_1_455' title='bbox 2025 4112 2116 4151; x_wconf 79' lang='lat' dir='ltr'>su-</span> 
     </span>
    </p>
   </div>
   <div class='ocr_carea' id='block_1_62' title="bbox 451 4182 2120 4257">
    <p class='ocr_par' dir='ltr' id='par_1_62' title="bbox 451 4182 2120 4257">
     <span class='ocr_line' id='line_1_62' title="bbox 451 4182 2120 4257; baseline 0 -15"><span class='ocrx_word' id='word_1_456' title='bbox 451 4190 657 4242; x_wconf 89' lang='lat' dir='ltr'>meret.</span> <span class='ocrx_word' id='word_1_457' title='bbox 693 4186 793 4240; x_wconf 89' lang='lat' dir='ltr'>Cui</span> <span class='ocrx_word' id='word_1_458' title='bbox 826 4184 1135 4257; x_wconf 88' lang='lat' dir='ltr'>respondit</span> <span class='ocrx_word' id='word_1_459' title='bbox 1165 4184 1364 4240; x_wconf 89' lang='lat' dir='ltr'>Victor</span> <span class='ocrx_word' id='word_1_460' title='bbox 1394 4201 1405 4238; x_wconf 90' lang='lat'>:</span> <span class='ocrx_word' id='word_1_461' title='bbox 1458 4182 1657 4240; x_wconf 86' lang='lat' dir='ltr'>Habeo</span> <span class='ocrx_word' id='word_1_462' title='bbox 1689 4184 1819 4256; x_wconf 89' lang='lat' dir='ltr'>ipse</span> <span class='ocrx_word' id='word_1_463' title='bbox 1849 4184 2120 4257; x_wconf 87' lang='lat' dir='ltr'>spiritua-</span> 
     </span>
    </p>
   </div>
   <div class='ocr_carea' id='block_1_63' title="bbox 449 4260 2114 4346">
    <p class='ocr_par' dir='ltr' id='par_1_63' title="bbox 449 4260 2114 4346">
     <span class='ocr_line' id='line_1_63' title="bbox 449 4260 2114 4346; baseline 0.001 -17"><span class='ocrx_word' id='word_1_464' title='bbox 449 4260 569 4329; x_wconf 86' lang='lat' dir='ltr'>lem</span> <span class='ocrx_word' id='word_1_465' title='bbox 588 4274 808 4341; x_wconf 90' lang='lat' dir='ltr'>cibum,</span> <span class='ocrx_word' id='word_1_466' title='bbox 837 4290 958 4346; x_wconf 89' lang='lat' dir='ltr'>quo</span> <span class='ocrx_word' id='word_1_467' title='bbox 983 4274 1052 4329; x_wconf 80' lang='lat' dir='ltr'>iit</span> <span class='ocrx_word' id='word_1_468' title='bbox 1070 4279 1128 4329; x_wconf 91' lang='lat' dir='ltr'>ut</span> <span class='ocrx_word' id='word_1_469' title='bbox 1155 4290 1273 4329; x_wconf 90' lang='lat' dir='ltr'>non</span> <span class='ocrx_word' id='word_1_470' title='bbox 1302 4272 1634 4329; x_wconf 88' lang='lat' dir='ltr'>esuriamin</span> <span class='ocrx_word' id='word_1_471' title='bbox 1655 4278 2114 4331; x_wconf 67' lang='lat' dir='ltr'>mternum.Tum</span> 
     </span>
    </p>
   </div>
   <div class='ocr_carea' id='block_1_64' title="bbox 448 4362 2118 4436">
    <p class='ocr_par' dir='ltr' id='par_1_64' title="bbox 448 4362 2118 4436">
     <span class='ocr_line' id='line_1_64' title="bbox 448 4362 2118 4436; baseline 0.002 -17"><span class='ocrx_word' id='word_1_472' title='bbox 448 4362 551 4419; x_wconf 88' lang='lat' dir='ltr'>ille</span> <span class='ocrx_word' id='word_1_473' title='bbox 564 4362 745 4436; x_wconf 89' lang='lat' dir='ltr'>jussit</span> <span class='ocrx_word' id='word_1_474' title='bbox 766 4362 1070 4419; x_wconf 82' lang='lat' dir='ltr'>fornacem</span> <span class='ocrx_word' id='word_1_475' title='bbox 1087 4363 1721 4431; x_wconf 88' lang='lat' dir='ltr'>accendi,etVictorem</span> <span class='ocrx_word' id='word_1_476' title='bbox 1744 4364 1802 4419; x_wconf 92' lang='lat' dir='ltr'>in</span> <span class='ocrx_word' id='word_1_477' title='bbox 1825 4380 1957 4420; x_wconf 88' lang='lat' dir='ltr'>eam</span> <span class='ocrx_word' id='word_1_478' title='bbox 1982 4382 2118 4423; x_wconf 93' lang='lat' dir='ltr'>con-</span> 
     </span>
    </p>
   </div>
   <div class='ocr_carea' id='block_1_65' title="bbox 452 4452 2115 4527">
    <p class='ocr_par' dir='ltr' id='par_1_65' title="bbox 452 4452 2115 4527">
     <span class='ocr_line' id='line_1_65' title="bbox 452 4452 2115 4527; baseline 0.002 -20"><span class='ocrx_word' id='word_1_479' title='bbox 452 4452 676 4524; x_wconf 91' lang='lat' dir='ltr'>jectum</span> <span class='ocrx_word' id='word_1_480' title='bbox 710 4452 787 4508; x_wconf 91' lang='lat' dir='ltr'>ad</span> <span class='ocrx_word' id='word_1_481' title='bbox 818 4452 1052 4508; x_wconf 89' lang='lat' dir='ltr'>tertium</span> <span class='ocrx_word' id='word_1_482' title='bbox 1082 4468 1273 4524; x_wconf 89' lang='lat' dir='ltr'>usque</span> <span class='ocrx_word' id='word_1_483' title='bbox 1301 4452 1459 4508; x_wconf 90' lang='lat' dir='ltr'>diem</span> <span class='ocrx_word' id='word_1_484' title='bbox 1482 4452 1722 4509; x_wconf 84' lang='lat' dir='ltr'>servari.</span> <span class='ocrx_word' id='word_1_485' title='bbox 1750 4452 2115 4527; x_wconf 88' lang='lat' dir='ltr'>Factumque</span> 
     </span>
    </p>
   </div>
   <div class='ocr_carea' id='block_1_66' title="bbox 451 4541 2189 4634">
    <p class='ocr_par' dir='ltr' id='par_1_66' title="bbox 451 4541 2189 4634">
     <span class='ocr_line' id='line_1_66' title="bbox 451 4541 2189 4634; baseline 0.002 -37"><span class='ocrx_word' id='word_1_486' title='bbox 451 4542 561 4597; x_wconf 89' lang='lat' dir='ltr'>fuit</span> <span class='ocrx_word' id='word_1_487' title='bbox 625 4541 727 4634; x_wconf 86' lang='lat' dir='ltr'>ita.</span> <span class='ocrx_word' id='word_1_488' title='bbox 779 4541 977 4634; x_wconf 84' lang='lat' dir='ltr'>Tertio</span> <span class='ocrx_word' id='word_1_489' title='bbox 1023 4546 1217 4597; x_wconf 86' lang='lat' dir='ltr'>autem</span> <span class='ocrx_word' id='word_1_490' title='bbox 1290 4541 1387 4597; x_wconf 88' lang='lat' dir='ltr'>die</span> <span class='ocrx_word' id='word_1_491' title='bbox 1456 4557 1592 4597; x_wconf 91' lang='lat' dir='ltr'>cum</span> <span class='ocrx_word' id='word_1_492' title='bbox 1659 4542 1752 4598; x_wconf 91' lang='lat' dir='ltr'>ille</span> <span class='ocrx_word' id='word_1_493' title='bbox 1833 4544 2107 4616; x_wconf 72' lang='lat' dir='ltr'>opinare~</span> <span class='ocrx_word' id='word_1_494' title='bbox 2147 4581 2189 4634; x_wconf 60' lang='grc' dir='ltr'>Γ)</span> 
     </span>
    </p>
   </div>
   <div class='ocr_carea' id='block_1_67' title="bbox 451 4630 2111 4704">
    <p class='ocr_par' dir='ltr' id='par_1_67' title="bbox 451 4630 2111 4704">
     <span class='ocr_line' id='line_1_67' title="bbox 451 4630 2111 4704; baseline 0.002 -17"><span class='ocrx_word' id='word_1_495' title='bbox 451 4638 546 4687; x_wconf 87' lang='lat' dir='ltr'>tur</span> <span class='ocrx_word' id='word_1_496' title='bbox 584 4630 881 4686; x_wconf 88' lang='lat' dir='ltr'>Victorem</span> <span class='ocrx_word' id='word_1_497' title='bbox 926 4630 1002 4686; x_wconf 90' lang='lat' dir='ltr'>ab</span> <span class='ocrx_word' id='word_1_498' title='bbox 1048 4631 1184 4703; x_wconf 87' lang='lat' dir='ltr'>igne</span> <span class='ocrx_word' id='word_1_499' title='bbox 1224 4637 1651 4702; x_wconf 87' lang='lat' dir='ltr'>consumptum</span> <span class='ocrx_word' id='word_1_500' title='bbox 1695 4632 1891 4704; x_wconf 81' lang='lat' dir='ltr'>fuisse,</span> <span class='ocrx_word' id='word_1_501' title='bbox 1934 4634 2111 4704; x_wconf 86' lang='lat' dir='ltr'>jussit</span> 
     </span>
    </p>
   </div>
   <div class='ocr_carea' id='block_1_68' title="bbox 451 4719 2110 4793">
    <p class='ocr_par' dir='ltr' id='par_1_68' title="bbox 451 4719 2110 4793">
     <span class='ocr_line' id='line_1_68' title="bbox 451 4719 2110 4793; baseline 0.002 -17"><span class='ocrx_word' id='word_1_502' title='bbox 451 4719 753 4776; x_wconf 89' lang='lat' dir='ltr'>fornacem</span> <span class='ocrx_word' id='word_1_503' title='bbox 799 4720 1032 4790; x_wconf 90' lang='lat' dir='ltr'>aperiri,</span> <span class='ocrx_word' id='word_1_504' title='bbox 1086 4726 1141 4776; x_wconf 92' lang='lat' dir='ltr'>et</span> <span class='ocrx_word' id='word_1_505' title='bbox 1199 4723 1479 4793; x_wconf 84' lang='lat' dir='ltr'>martyris</span> <span class='ocrx_word' id='word_1_506' title='bbox 1521 4720 1746 4777; x_wconf 90' lang='lat' dir='ltr'>cineres</span> <span class='ocrx_word' id='word_1_507' title='bbox 1787 4724 1845 4777; x_wconf 89' lang='lat' dir='ltr'>in</span> <span class='ocrx_word' id='word_1_508' title='bbox 1882 4721 2110 4779; x_wconf 88' lang='lat' dir='ltr'>ﬂumen</span> 
     </span>
    </p>
   </div>
   <div class='ocr_carea' id='block_1_69' title="bbox 451 4809 2111 4881">
    <p class='ocr_par' dir='ltr' id='par_1_69' title="bbox 451 4809 2111 4881">
     <span class='ocr_line' id='line_1_69' title="bbox 451 4809 2111 4881; baseline 0.002 -16"><span class='ocrx_word' id='word_1_509' title='bbox 451 4809 742 4881; x_wconf 88' lang='lat' dir='ltr'>demergi.</span> <span class='ocrx_word' id='word_1_510' title='bbox 826 4810 1121 4866; x_wconf 85' lang='lat' dir='ltr'>Patefacta</span> <span class='ocrx_word' id='word_1_511' title='bbox 1187 4809 1362 4879; x_wconf 89' lang='lat' dir='ltr'>igitur</span> <span class='ocrx_word' id='word_1_512' title='bbox 1434 4809 1694 4877; x_wconf 79' lang='lat' dir='ltr'>fornace,</span> <span class='ocrx_word' id='word_1_513' title='bbox 1756 4812 2111 4869; x_wconf 89' lang='lat' dir='ltr'>invenerunt</span> 
     </span>
    </p>
   </div>
   <div class='ocr_carea' id='block_1_70' title="bbox 450 4898 2103 4976">
    <p class='ocr_par' dir='ltr' id='par_1_70' title="bbox 450 4898 2103 4976">
     <span class='ocr_line' id='line_1_70' title="bbox 450 4898 2103 4976; baseline 0.002 -21"><span class='ocrx_word' id='word_1_514' title='bbox 450 4898 741 4956; x_wconf 89' lang='lat' dir='ltr'>Victorem</span> <span class='ocrx_word' id='word_1_515' title='bbox 770 4900 969 4972; x_wconf 90' lang='lat' dir='ltr'>ipsum</span> <span class='ocrx_word' id='word_1_516' title='bbox 997 4900 1221 4966; x_wconf 88' lang='lat' dir='ltr'>vivum,</span> <span class='ocrx_word' id='word_1_517' title='bbox 1258 4906 1314 4955; x_wconf 93' lang='lat' dir='ltr'>et</span> <span class='ocrx_word' id='word_1_518' title='bbox 1342 4900 1526 4954; x_wconf 89' lang='lat' dir='ltr'>Deum</span> <span class='ocrx_word' id='word_1_519' title='bbox 1555 4900 1919 4966; x_wconf 88' lang='lat' dir='ltr'>laudantem,</span> <span class='ocrx_word' id='word_1_520' title='bbox 1941 4905 2103 4976; x_wconf 93' lang='lat' dir='ltr'>quod</span> 
     </span>
    </p>
   </div>
   <div class='ocr_carea' id='block_1_71' title="bbox 449 4988 2106 5062">
    <p class='ocr_par' dir='ltr' id='par_1_71' title="bbox 449 4988 2106 5062">
     <span class='ocr_line' id='line_1_71' title="bbox 449 4988 2106 5062; baseline 0.002 -17"><span class='ocrx_word' id='word_1_521' title='bbox 449 4989 604 5059; x_wconf 84' lang='lat' dir='ltr'>ignis</span> <span class='ocrx_word' id='word_1_522' title='bbox 645 4991 769 5061; x_wconf 85' lang='lat' dir='ltr'>ejus</span> <span class='ocrx_word' id='word_1_523' title='bbox 817 5006 1033 5062; x_wconf 89' lang='lat' dir='ltr'>corpus</span> <span class='ocrx_word' id='word_1_524' title='bbox 1082 5005 1201 5045; x_wconf 91' lang='lat' dir='ltr'>non</span> <span class='ocrx_word' id='word_1_525' title='bbox 1263 4988 1550 5061; x_wconf 84' lang='lat' dir='ltr'>tetigerat.</span> <span class='ocrx_word' id='word_1_526' title='bbox 1598 4990 1726 5045; x_wconf 84' lang='lat' dir='ltr'>Mox</span> <span class='ocrx_word' id='word_1_527' title='bbox 1762 4991 1944 5062; x_wconf 88' lang='lat' dir='ltr'>jussit</span> <span class='ocrx_word' id='word_1_528' title='bbox 1984 4993 2106 5050; x_wconf 86' lang='lat' dir='ltr'>dux</span> 
     </span>
    </p>
   </div>
   <div class='ocr_carea' id='block_1_72' title="bbox 450 5076 2108 5151">
    <p class='ocr_par' dir='ltr' id='par_1_72' title="bbox 450 5076 2108 5151">
     <span class='ocr_line' id='line_1_72' title="bbox 450 5076 2108 5151; baseline 0.002 -16"><span class='ocrx_word' id='word_1_529' title='bbox 450 5095 676 5135; x_wconf 86' lang='lat' dir='ltr'>venena</span> <span class='ocrx_word' id='word_1_530' title='bbox 704 5079 981 5151; x_wconf 82' lang='lat' dir='ltr'>pestifera</span> <span class='ocrx_word' id='word_1_531' title='bbox 1010 5095 1149 5135; x_wconf 91' lang='lat' dir='ltr'>cum</span> <span class='ocrx_word' id='word_1_532' title='bbox 1182 5076 1464 5134; x_wconf 89' lang='lat' dir='ltr'>carnibus</span> <span class='ocrx_word' id='word_1_533' title='bbox 1514 5081 1830 5137; x_wconf 88' lang='lat' dir='ltr'>commista</span> <span class='ocrx_word' id='word_1_534' title='bbox 1873 5081 2108 5139; x_wconf 90' lang='lat' dir='ltr'>edenda</span> 
     </span>
    </p>
   </div>
   <div class='ocr_carea' id='block_1_73' title="bbox 447 5165 2106 5241">
    <p class='ocr_par' dir='ltr' id='par_1_73' title="bbox 447 5165 2106 5241">
     <span class='ocr_line' id='line_1_73' title="bbox 447 5165 2106 5241; baseline 0.003 -19"><span class='ocrx_word' id='word_1_535' title='bbox 447 5167 527 5223; x_wconf 92' lang='lat' dir='ltr'>illi</span> <span class='ocrx_word' id='word_1_536' title='bbox 548 5168 819 5241; x_wconf 88' lang='lat' dir='ltr'>proponi.</span> <span class='ocrx_word' id='word_1_537' title='bbox 864 5170 1003 5232; x_wconf 84' lang='lat' dir='ltr'>Quae</span> <span class='ocrx_word' id='word_1_538' title='bbox 1037 5184 1171 5223; x_wconf 91' lang='lat' dir='ltr'>cum</span> <span class='ocrx_word' id='word_1_539' title='bbox 1203 5184 1238 5223; x_wconf 91' lang='lat' dir='ltr'>a</span> <span class='ocrx_word' id='word_1_540' title='bbox 1263 5165 1527 5223; x_wconf 85' lang='lat' dir='ltr'>veneﬁco</span> <span class='ocrx_word' id='word_1_541' title='bbox 1567 5170 1833 5239; x_wconf 90' lang='lat' dir='ltr'>quodam</span> <span class='ocrx_word' id='word_1_542' title='bbox 1862 5170 2106 5227; x_wconf 88' lang='lat' dir='ltr'>homine</span> 
     </span>
    </p>
   </div>
   <div class='ocr_carea' id='block_1_74' title="bbox 447 5257 2098 5329">
    <p class='ocr_par' dir='ltr' id='par_1_74' title="bbox 447 5257 2098 5329">
     <span class='ocr_line' id='line_1_74' title="bbox 447 5257 2098 5329; baseline 0.001 -16"><span class='ocrx_word' id='word_1_543' title='bbox 447 5264 724 5329; x_wconf 90' lang='lat' dir='ltr'>porrecta</span> <span class='ocrx_word' id='word_1_544' title='bbox 755 5258 807 5314; x_wconf 92' lang='lat' dir='ltr'>ei</span> <span class='ocrx_word' id='word_1_545' title='bbox 848 5257 1120 5325; x_wconf 84' lang='lat' dir='ltr'>fuissent,</span> <span class='ocrx_word' id='word_1_546' title='bbox 1155 5260 1397 5312; x_wconf 86' lang='lat' dir='ltr'>sanctus</span> <span class='ocrx_word' id='word_1_547' title='bbox 1447 5264 1673 5329; x_wconf 86' lang='lat' dir='ltr'>martyr</span> <span class='ocrx_word' id='word_1_548' title='bbox 1720 5260 1916 5316; x_wconf 86' lang='lat' dir='ltr'>Victor</span> <span class='ocrx_word' id='word_1_549' title='bbox 1983 5261 2098 5318; x_wconf 86' lang='lat' dir='ltr'>ait:</span> 
     </span>
    </p>
   </div>
   <div class='ocr_carea' id='block_1_75' title="bbox 447 5347 2105 5420">
    <p class='ocr_par' dir='ltr' id='par_1_75' title="bbox 447 5347 2105 5420">
     <span class='ocr_line' id='line_1_75' title="bbox 447 5347 2105 5420; baseline 0.004 -20"><span class='ocrx_word' id='word_1_550' title='bbox 447 5347 588 5402; x_wconf 88' lang='lat' dir='ltr'>Mihi</span> <span class='ocrx_word' id='word_1_551' title='bbox 620 5348 864 5420; x_wconf 90' lang='lat' dir='ltr'>quidem</span> <span class='ocrx_word' id='word_1_552' title='bbox 897 5362 1018 5402; x_wconf 91' lang='lat' dir='ltr'>non</span> <span class='ocrx_word' id='word_1_553' title='bbox 1053 5347 1249 5402; x_wconf 89' lang='lat' dir='ltr'>liceret</span> <span class='ocrx_word' id='word_1_554' title='bbox 1308 5362 1518 5402; x_wconf 88' lang='lat' dir='ltr'>carnes</span> <span class='ocrx_word' id='word_1_555' title='bbox 1577 5355 1835 5418; x_wconf 87' lang='lat' dir='ltr'>gustare,</span> <span class='ocrx_word' id='word_1_556' title='bbox 1893 5350 1999 5406; x_wconf 88' lang='lat' dir='ltr'>sed</span> <span class='ocrx_word' id='word_1_557' title='bbox 2040 5356 2105 5407; x_wconf 91' lang='lat' dir='ltr'>ut</span> 
     </span>
    </p>
   </div>
   <div class='ocr_carea' id='block_1_76' title="bbox 447 5435 2103 5508">
    <p class='ocr_par' dir='ltr' id='par_1_76' title="bbox 447 5435 2103 5508">
     <span class='ocr_line' id='line_1_76' title="bbox 447 5435 2103 5508; baseline 0.002 -15"><span class='ocrx_word' id='word_1_558' title='bbox 447 5453 775 5508; x_wconf 89' lang='lat' dir='ltr'>cognoscas</span> <span class='ocrx_word' id='word_1_559' title='bbox 803 5436 1081 5492; x_wconf 79' lang='lat' dir='ltr'>veneﬁcia</span> <span class='ocrx_word' id='word_1_560' title='bbox 1102 5441 1204 5491; x_wconf 92' lang='lat' dir='ltr'>tua</span> <span class='ocrx_word' id='word_1_561' title='bbox 1234 5435 1404 5491; x_wconf 88' lang='lat' dir='ltr'>nihili</span> <span class='ocrx_word' id='word_1_562' title='bbox 1431 5452 1579 5503; x_wconf 90' lang='lat' dir='ltr'>esse,</span> <span class='ocrx_word' id='word_1_563' title='bbox 1613 5454 1687 5493; x_wconf 91' lang='lat' dir='ltr'>en</span> <span class='ocrx_word' id='word_1_564' title='bbox 1717 5439 1862 5496; x_wconf 88' lang='lat' dir='ltr'>istas</span> <span class='ocrx_word' id='word_1_565' title='bbox 1893 5456 2103 5498; x_wconf 89' lang='lat' dir='ltr'>carnes</span> 
     </span>
    </p>
   </div>
   <div class='ocr_carea' id='block_1_77' title="bbox 446 5524 2104 5598">
    <p class='ocr_par' dir='ltr' id='par_1_77' title="bbox 446 5524 2104 5598">
     <span class='ocr_line' id='line_1_77' title="bbox 446 5524 2104 5598; baseline 0.004 -16"><span class='ocrx_word' id='word_1_566' title='bbox 446 5526 784 5583; x_wconf 88' lang='lat' dir='ltr'>comedam.</span> <span class='ocrx_word' id='word_1_567' title='bbox 840 5528 1104 5598; x_wconf 86' lang='lat' dir='ltr'>Cumque</span> <span class='ocrx_word' id='word_1_568' title='bbox 1166 5524 1297 5581; x_wconf 89' lang='lat' dir='ltr'>illas</span> <span class='ocrx_word' id='word_1_569' title='bbox 1343 5541 1373 5581; x_wconf 92' lang='lat' dir='ltr'>e</span> <span class='ocrx_word' id='word_1_570' title='bbox 1425 5526 1709 5584; x_wconf 90' lang='lat' dir='ltr'>manibus</span> <span class='ocrx_word' id='word_1_571' title='bbox 1733 5529 1979 5587; x_wconf 83' lang='lat' dir='ltr'>veneﬁci</span> <span class='ocrx_word' id='word_1_572' title='bbox 2000 5530 2104 5588; x_wconf 90' lang='lat' dir='ltr'>ho-</span> 
     </span>
    </p>
   </div>
   <div class='ocr_carea' id='block_1_78' title="bbox 448 5613 2103 5693">
    <p class='ocr_par' dir='ltr' id='par_1_78' title="bbox 448 5613 2103 5693">
     <span class='ocr_line' id='line_1_78' title="bbox 448 5613 2103 5693; baseline 0.004 -20"><span class='ocrx_word' id='word_1_573' title='bbox 448 5614 623 5680; x_wconf 84' lang='lat' dir='ltr'>minis</span> <span class='ocrx_word' id='word_1_574' title='bbox 690 5613 1032 5693; x_wconf 85' lang='lat' dir='ltr'>accepisset,</span> <span class='ocrx_word' id='word_1_575' title='bbox 1101 5613 1397 5672; x_wconf 86' lang='lat' dir='ltr'>Christum</span> <span class='ocrx_word' id='word_1_576' title='bbox 1450 5620 1750 5690; x_wconf 88' lang='lat' dir='ltr'>precatus,</span> <span class='ocrx_word' id='word_1_577' title='bbox 1801 5619 2103 5693; x_wconf 87' lang='lat' dir='ltr'>ejusmodi</span> 
     </span>
    </p>
   </div>
   <div class='ocr_carea' id='block_1_79' title="bbox 2230 1961 3847 2036">
    <p class='ocr_par' dir='ltr' id='par_1_79' title="bbox 2230 1961 3847 2036">
     <span class='ocr_line' id='line_1_79' title="bbox 2230 1961 3847 2036; baseline 0.004 -27"><span class='ocrx_word' id='word_1_578' title='bbox 2230 1962 2510 2033; x_wconf 85' lang='grc' dir='ltr'><strong>νιζομενος,</strong></span> <span class='ocrx_word' id='word_1_579' title='bbox 2561 1962 2641 2013; x_wconf 87' lang='grc' dir='ltr'><strong>ὅτι</strong></span> <span class='ocrx_word' id='word_1_580' title='bbox 2700 1961 3029 2024; x_wconf 79' lang='grc' dir='ltr'><strong>κατηξιώθην</strong></span> <span class='ocrx_word' id='word_1_581' title='bbox 3100 1965 3225 2035; x_wconf 75' lang='grc' dir='ltr'><strong>ὑπὲρ</strong></span> <span class='ocrx_word' id='word_1_582' title='bbox 3299 1971 3391 2015; x_wconf 74' lang='grc' dir='ltr'>τοῦ</span> <span class='ocrx_word' id='word_1_583' title='bbox 3447 1964 3686 2036; x_wconf 83' lang='grc' dir='ltr'><strong>ὀνόματος</strong></span> <span class='ocrx_word' id='word_1_584' title='bbox 3742 1971 3847 2016; x_wconf 84' lang='grc' dir='ltr'>τοῦ</span> 
     </span>
    </p>
   </div>
   <div class='ocr_carea' id='block_1_80' title="bbox 2230 2049 3852 2124">
    <p class='ocr_par' dir='ltr' id='par_1_80' title="bbox 2230 2049 3852 2124">
     <span class='ocr_line' id='line_1_80' title="bbox 2230 2049 3852 2124; baseline 0.002 -22"><span class='ocrx_word' id='word_1_585' title='bbox 2230 2056 2465 2120; x_wconf 78' lang='grc' dir='ltr'><strong>Χριστοῦ</strong></span> <span class='ocrx_word' id='word_1_586' title='bbox 2521 2049 2950 2123; x_wconf 84' lang='grc' dir='ltr'><strong>βασανίζσθῆναι</strong></span> <span class='ocrx_word' id='word_1_587' title='bbox 2992 2055 3082 2104; x_wconf 87' lang='grc' dir='ltr'>καὶ</span> <span class='ocrx_word' id='word_1_588' title='bbox 3134 2051 3207 2113; x_wconf 86' lang='grc' dir='ltr'>εἰς</span> <span class='ocrx_word' id='word_1_589' title='bbox 3258 2056 3350 2111; x_wconf 78' lang='grc' dir='ltr'><strong>τὴν</strong></span> <span class='ocrx_word' id='word_1_590' title='bbox 3396 2051 3591 2124; x_wconf 83' lang='grc' dir='ltr'><strong>ἀγαθὴν</strong></span> <span class='ocrx_word' id='word_1_591' title='bbox 3647 2049 3852 2105; x_wconf 78' lang='grc' dir='ltr'><strong>ἐλπίδα</strong></span> 
     </span>
    </p>
   </div>
   <div class='ocr_carea' id='block_1_81' title="bbox 2231 2136 3850 2215">
    <p class='ocr_par' dir='ltr' id='par_1_81' title="bbox 2231 2136 3850 2215">
     <span class='ocr_line' id='line_1_81' title="bbox 2231 2136 3850 2215; baseline 0.003 -26"><span class='ocrx_word' id='word_1_592' title='bbox 2231 2136 2389 2190; x_wconf 82' lang='grc' dir='ltr'><strong>ἐλθεῖν</strong></span> <span class='ocrx_word' id='word_1_593' title='bbox 2452 2148 2542 2192; x_wconf 87' lang='grc' dir='ltr'>τοῦ</span> <span class='ocrx_word' id='word_1_594' title='bbox 2620 2140 2880 2203; x_wconf 84' lang='grc' dir='ltr'><strong>Βασιλέως</strong></span> <span class='ocrx_word' id='word_1_595' title='bbox 2933 2150 3029 2193; x_wconf 86' lang='grc' dir='ltr'><strong>τῶν</strong></span> <span class='ocrx_word' id='word_1_596' title='bbox 3099 2142 3347 2214; x_wconf 68' lang='grc' dir='ltr'><strong>οὐρανῶν.</strong></span> <span class='ocrx_word' id='word_1_597' title='bbox 3406 2147 3557 2215; x_wconf 85' lang='grc' dir='ltr'><strong>Λέγει</strong></span> <span class='ocrx_word' id='word_1_598' title='bbox 3614 2142 3753 2214; x_wconf 71' lang='grc' dir='ltr'><strong>αὐτῷ</strong></span> <span class='ocrx_word' id='word_1_599' title='bbox 3817 2144 3850 2194; x_wconf 89' lang='grc' dir='ltr'><strong><em>ὁ</em></strong></span> 
     </span>
    </p>
   </div>
   <div class='ocr_carea' id='block_1_82' title="bbox 2231 2222 3855 2302">
    <p class='ocr_par' dir='ltr' id='par_1_82' title="bbox 2231 2222 3855 2302">
     <span class='ocr_line' id='line_1_82' title="bbox 2231 2222 3855 2302; baseline 0.003 -24"><span class='ocrx_word' id='word_1_600' title='bbox 2231 2222 2376 2290; x_wconf 75' lang='grc' dir='ltr'><strong>δοῦξ’</strong></span> <span class='ocrx_word' id='word_1_601' title='bbox 2411 2233 2494 2288; x_wconf 82' lang='grc' dir='ltr'>Μὴ</span> <span class='ocrx_word' id='word_1_602' title='bbox 2550 2232 2705 2302; x_wconf 74' lang='grc' dir='ltr'><strong>ἱερεὺς</strong></span> <span class='ocrx_word' id='word_1_603' title='bbox 2754 2227 2800 2283; x_wconf 83' lang='grc' dir='ltr'><strong>εἷ</strong></span> <span class='ocrx_word' id='word_1_604' title='bbox 2844 2238 2944 2283; x_wconf 83' lang='grc' dir='ltr'><strong>τῶν</strong></span> <span class='ocrx_word' id='word_1_605' title='bbox 2998 2238 3343 2299; x_wconf 84' lang='grc' dir='ltr'><strong>Χριστιανῶν,</strong></span> <span class='ocrx_word' id='word_1_606' title='bbox 3377 2234 3454 2284; x_wconf 82' lang='grc' dir='ltr'><strong>ὅτι</strong></span> <span class='ocrx_word' id='word_1_607' title='bbox 3505 2232 3669 2293; x_wconf 78' lang='grc' dir='ltr'><strong>οὕτως</strong></span> <span class='ocrx_word' id='word_1_608' title='bbox 3719 2251 3855 2284; x_wconf 84' lang='grc' dir='ltr'><strong>συν-</strong></span> 
     </span>
    </p>
   </div>
   <div class='ocr_carea' id='block_1_83' title="bbox 2228 2317 3852 2396">
    <p class='ocr_par' dir='ltr' id='par_1_83' title="bbox 2228 2317 3852 2396">
     <span class='ocr_line' id='line_1_83' title="bbox 2228 2317 3852 2396; baseline -0.006 -22"><span class='ocrx_word' id='word_1_609' title='bbox 2228 2326 2347 2378; x_wconf 84' lang='grc' dir='ltr'><strong>ετῶς</strong></span> <span class='ocrx_word' id='word_1_610' title='bbox 2400 2317 2694 2395; x_wconf 78' lang='grc' dir='ltr'><strong>ἀποκρίνῃ;</strong></span> <span class='ocrx_word' id='word_1_611' title='bbox 2741 2319 2799 2372; x_wconf 82' lang='lat'>&#39;0</span> <span class='ocrx_word' id='word_1_612' title='bbox 2843 2320 2991 2391; x_wconf 79' lang='grc' dir='ltr'><strong>ἅγιος</strong></span> <span class='ocrx_word' id='word_1_613' title='bbox 3047 2325 3243 2396; x_wconf 83' lang='grc' dir='ltr'><strong>Βίκτωρ</strong></span> <span class='ocrx_word' id='word_1_614' title='bbox 3304 2318 3436 2374; x_wconf 80' lang='grc' dir='ltr'><strong>εἶπεν</strong></span> <span class='ocrx_word' id='word_1_615' title='bbox 3466 2339 3478 2351; x_wconf 89' lang='grc'><strong>·</strong></span> <span class='ocrx_word' id='word_1_616' title='bbox 3528 2321 3659 2392; x_wconf 83' lang='grc' dir='ltr'>Ἐγὼ</span> <span class='ocrx_word' id='word_1_617' title='bbox 3709 2323 3852 2373; x_wconf 81' lang='grc' dir='ltr'>ταὺ-</span> 
     </span>
    </p>
   </div>
   <div class='ocr_carea' id='block_1_84' title="bbox 2226 2407 3845 2484">
    <p class='ocr_par' dir='ltr' id='par_1_84' title="bbox 2226 2407 3845 2484">
     <span class='ocr_line' id='line_1_84' title="bbox 2226 2407 3845 2484; baseline -0.001 -20"><span class='ocrx_word' id='word_1_618' title='bbox 2226 2416 2315 2467; x_wconf 82' lang='grc' dir='ltr'><strong>της</strong></span> <span class='ocrx_word' id='word_1_619' title='bbox 2367 2416 2456 2468; x_wconf 82' lang='grc' dir='ltr'><strong>τῆς</strong></span> <span class='ocrx_word' id='word_1_620' title='bbox 2504 2414 2759 2480; x_wconf 76' lang='grc' dir='ltr'>μεγίστης</span> <span class='ocrx_word' id='word_1_621' title='bbox 2810 2411 3031 2482; x_wconf 85' lang='grc' dir='ltr'><strong>χάριτος</strong></span> <span class='ocrx_word' id='word_1_622' title='bbox 3074 2415 3163 2461; x_wconf 83' lang='grc' dir='ltr'>καὶ</span> <span class='ocrx_word' id='word_1_623' title='bbox 3212 2407 3411 2484; x_wconf 77' lang='grc' dir='ltr'><strong>δωρεὰς</strong></span> <span class='ocrx_word' id='word_1_624' title='bbox 3457 2410 3663 2473; x_wconf 81' lang='grc' dir='ltr'><strong>ἀνάξιός</strong></span> <span class='ocrx_word' id='word_1_625' title='bbox 3707 2410 3845 2483; x_wconf 77' lang='grc' dir='ltr'><strong>εἰμι’</strong></span> 
     </span>
    </p>
   </div>
   <div class='ocr_carea' id='block_1_85' title="bbox 2227 2493 3842 2573">
    <p class='ocr_par' dir='ltr' id='par_1_85' title="bbox 2227 2493 3842 2573">
     <span class='ocr_line' id='line_1_85' title="bbox 2227 2493 3842 2573; baseline 0.001 -24"><span class='ocrx_word' id='word_1_626' title='bbox 2227 2500 2256 2555; x_wconf 79' lang='grc' dir='ltr'><strong>ἡ</strong></span> <span class='ocrx_word' id='word_1_627' title='bbox 2318 2493 2375 2549; x_wconf 75' lang='grc' dir='ltr'>δὲ</span> <span class='ocrx_word' id='word_1_628' title='bbox 2424 2504 2516 2549; x_wconf 84' lang='grc' dir='ltr'>τοῦ</span> <span class='ocrx_word' id='word_1_629' title='bbox 2559 2506 2796 2573; x_wconf 87' lang='grc' dir='ltr'><strong>Χριστοῦ</strong></span> <span class='ocrx_word' id='word_1_630' title='bbox 2850 2519 2950 2571; x_wconf 89' lang='grc' dir='ltr'>μου</span> <span class='ocrx_word' id='word_1_631' title='bbox 3005 2501 3170 2573; x_wconf 86' lang='grc' dir='ltr'><strong>χάρις</strong></span> <span class='ocrx_word' id='word_1_632' title='bbox 3222 2504 3389 2571; x_wconf 71' lang='grc' dir='ltr'><strong>ἤγαγέ</strong></span> <span class='ocrx_word' id='word_1_633' title='bbox 3430 2519 3493 2573; x_wconf 85' lang='grc' dir='ltr'>με</span> <span class='ocrx_word' id='word_1_634' title='bbox 3540 2500 3612 2562; x_wconf 86' lang='grc' dir='ltr'>εἰς</span> <span class='ocrx_word' id='word_1_635' title='bbox 3659 2506 3842 2552; x_wconf 88' lang='grc' dir='ltr'><strong>τοῦτο·</strong></span> 
     </span>
    </p>
   </div>
   <div class='ocr_carea' id='block_1_86' title="bbox 2229 2584 3848 2663">
    <p class='ocr_par' dir='ltr' id='par_1_86' title="bbox 2229 2584 3848 2663">
     <span class='ocr_line' id='line_1_86' title="bbox 2229 2584 3848 2663; baseline 0.002 -27"><span class='ocrx_word' id='word_1_636' title='bbox 2229 2585 2359 2642; x_wconf 74' lang='grc' dir='ltr'><strong>αὕτη</strong></span> <span class='ocrx_word' id='word_1_637' title='bbox 2407 2587 2509 2658; x_wconf 88' lang='grc' dir='ltr'>γάρ</span> <span class='ocrx_word' id='word_1_638' title='bbox 2558 2585 2698 2637; x_wconf 83' lang='grc' dir='ltr'><strong>ἐστιν</strong></span> <span class='ocrx_word' id='word_1_639' title='bbox 2744 2588 2773 2645; x_wconf 79' lang='grc' dir='ltr'>ἡ</span> <span class='ocrx_word' id='word_1_640' title='bbox 2824 2591 3137 2661; x_wconf 84' lang='grc' dir='ltr'><strong>παρέχουσα</strong></span> <span class='ocrx_word' id='word_1_641' title='bbox 3162 2594 3267 2649; x_wconf 87' lang='grc' dir='ltr'><strong>τοῖς</strong></span> <span class='ocrx_word' id='word_1_642' title='bbox 3313 2588 3485 2641; x_wconf 77' lang='grc' dir='ltr'><strong>εὑθέσι</strong></span> <span class='ocrx_word' id='word_1_643' title='bbox 3527 2596 3589 2661; x_wconf 74' lang='grc' dir='ltr'><strong>τῇ</strong></span> <span class='ocrx_word' id='word_1_644' title='bbox 3638 2584 3848 2663; x_wconf 78' lang='grc' dir='ltr'><strong>καρδίᾳ</strong></span> 
     </span>
    </p>
   </div>
   <div class='ocr_carea' id='block_1_87' title="bbox 2229 2674 3844 2751">
    <p class='ocr_par' dir='ltr' id='par_1_87' title="bbox 2229 2674 3844 2751">
     <span class='ocr_line' id='line_1_87' title="bbox 2229 2674 3844 2751; baseline 0.002 -27"><span class='ocrx_word' id='word_1_645' title='bbox 2229 2680 2314 2726; x_wconf 78' lang='lat' dir='ltr'>xui</span> <span class='ocrx_word' id='word_1_646' title='bbox 2354 2682 2461 2734; x_wconf 86' lang='grc' dir='ltr'><strong>τοῖς</strong></span> <span class='ocrx_word' id='word_1_647' title='bbox 2491 2674 2823 2746; x_wconf 78' lang='grc' dir='ltr'><strong>φυλάσσουσι</strong></span> <span class='ocrx_word' id='word_1_648' title='bbox 2857 2678 2947 2739; x_wconf 84' lang='grc' dir='ltr'><strong>τὰς</strong></span> <span class='ocrx_word' id='word_1_649' title='bbox 2979 2676 3183 2738; x_wconf 81' lang='grc' dir='ltr'><strong>ἐντολὰς</strong></span> <span class='ocrx_word' id='word_1_650' title='bbox 3232 2684 3323 2730; x_wconf 90' lang='grc' dir='ltr'>τοῦ</span> <span class='ocrx_word' id='word_1_651' title='bbox 3368 2685 3603 2751; x_wconf 82' lang='grc' dir='ltr'><strong>Χριστοῦ</strong></span> <span class='ocrx_word' id='word_1_652' title='bbox 3651 2680 3844 2748; x_wconf 76' lang='grc' dir='ltr'><strong>σοφίαν</strong></span> 
     </span>
    </p>
   </div>
   <div class='ocr_carea' id='block_1_88' title="bbox 2231 2764 3840 2840">
    <p class='ocr_par' dir='ltr' id='par_1_88' title="bbox 2231 2764 3840 2840">
     <span class='ocr_line' id='line_1_88' title="bbox 2231 2764 3840 2840; baseline 0.001 -26"><span class='ocrx_word' id='word_1_653' title='bbox 2231 2767 2321 2815; x_wconf 82' lang='grc' dir='ltr'>καὶ</span> <span class='ocrx_word' id='word_1_654' title='bbox 2384 2766 2587 2816; x_wconf 80' lang='grc' dir='ltr'><strong>σύνεσιν</strong></span> <span class='ocrx_word' id='word_1_655' title='bbox 2663 2770 2898 2836; x_wconf 76' lang='grc' dir='ltr'><strong>μετέχειν</strong></span> <span class='ocrx_word' id='word_1_656' title='bbox 2959 2769 3152 2827; x_wconf 84' lang='grc' dir='ltr'><strong>παντὸς</strong></span> <span class='ocrx_word' id='word_1_657' title='bbox 3207 2764 3443 2838; x_wconf 79' lang='grc' dir='ltr'><strong>ἀγαθοῦ’</strong></span> <span class='ocrx_word' id='word_1_658' title='bbox 3502 2768 3674 2840; x_wconf 81' lang='grc' dir='ltr'><strong>ὥσπερ</strong></span> <span class='ocrx_word' id='word_1_659' title='bbox 3730 2767 3840 2840; x_wconf 79' lang='grc' dir='ltr'><strong>γὰρ</strong></span> 
     </span>
    </p>
   </div>
   <div class='ocr_carea' id='block_1_89' title="bbox 2231 2853 3843 2928">
    <p class='ocr_par' dir='ltr' id='par_1_89' title="bbox 2231 2853 3843 2928">
     <span class='ocr_line' id='line_1_89' title="bbox 2231 2853 3843 2928; baseline 0.001 -23"><span class='ocrx_word' id='word_1_660' title='bbox 2231 2856 2457 2928; x_wconf 87' lang='grc' dir='ltr'><strong>γεωργὸς</strong></span> <span class='ocrx_word' id='word_1_661' title='bbox 2506 2853 2816 2927; x_wconf 84' lang='grc' dir='ltr'><strong>καλλιεργών</strong></span> <span class='ocrx_word' id='word_1_662' title='bbox 2862 2854 3022 2907; x_wconf 71' lang='grc' dir='ltr'><strong>αὑτοῦ</strong></span> <span class='ocrx_word' id='word_1_663' title='bbox 3074 2859 3166 2913; x_wconf 82' lang='grc' dir='ltr'><strong>τὴν</strong></span> <span class='ocrx_word' id='word_1_664' title='bbox 3217 2863 3315 2926; x_wconf 84' lang='grc' dir='ltr'><strong>γῆν</strong></span> <span class='ocrx_word' id='word_1_665' title='bbox 3364 2855 3625 2927; x_wconf 75' lang='grc' dir='ltr'><strong>ἐτοιμάξει</strong></span> <span class='ocrx_word' id='word_1_666' title='bbox 3670 2855 3843 2913; x_wconf 70' lang='grc' dir='ltr'><strong>αὐτὴν</strong></span> 
     </span>
    </p>
   </div>
   <div class='ocr_carea' id='block_1_90' title="bbox 2235 2941 3847 3018">
    <p class='ocr_par' dir='ltr' id='par_1_90' title="bbox 2235 2941 3847 3018">
     <span class='ocr_line' id='line_1_90' title="bbox 2235 2941 3847 3018; baseline 0.001 -24"><span class='ocrx_word' id='word_1_667' title='bbox 2235 2942 2305 3004; x_wconf 87' lang='grc' dir='ltr'>εἰς</span> <span class='ocrx_word' id='word_1_668' title='bbox 2354 2949 2729 3018; x_wconf 75' lang='grc' dir='ltr'><strong>καρποφορίαν,</strong></span> <span class='ocrx_word' id='word_1_669' title='bbox 2771 2944 2934 3004; x_wconf 78' lang='grc' dir='ltr'><strong>οὕτως</strong></span> <span class='ocrx_word' id='word_1_670' title='bbox 2978 2949 3071 2996; x_wconf 77' lang='grc' dir='ltr'>καὶ</span> <span class='ocrx_word' id='word_1_671' title='bbox 3115 2947 3145 3003; x_wconf 81' lang='grc' dir='ltr'>ἡ</span> <span class='ocrx_word' id='word_1_672' title='bbox 3198 2952 3289 2998; x_wconf 86' lang='grc' dir='ltr'>τοῦ</span> <span class='ocrx_word' id='word_1_673' title='bbox 3333 2941 3467 2998; x_wconf 73' lang='grc' dir='ltr'><strong>Θεοῦ</strong></span> <span class='ocrx_word' id='word_1_674' title='bbox 3515 2950 3671 3017; x_wconf 71' lang='grc' dir='ltr'><strong>σοφία</strong></span> <span class='ocrx_word' id='word_1_675' title='bbox 3717 2947 3847 3005; x_wconf 79' lang='grc' dir='ltr'><strong>τοὺς</strong></span> 
     </span>
    </p>
   </div>
   <div class='ocr_carea' id='block_1_91' title="bbox 2234 3029 3845 3107">
    <p class='ocr_par' dir='ltr' id='par_1_91' title="bbox 2234 3029 3845 3107">
     <span class='ocr_line' id='line_1_91' title="bbox 2234 3029 3845 3107; baseline 0.001 -24"><span class='ocrx_word' id='word_1_676' title='bbox 2234 3030 2527 3095; x_wconf 78' lang='grc' dir='ltr'><strong>ἐλπίζοντας</strong></span> <span class='ocrx_word' id='word_1_677' title='bbox 2571 3032 2641 3094; x_wconf 83' lang='grc' dir='ltr'>εἰς</span> <span class='ocrx_word' id='word_1_678' title='bbox 2718 3033 2878 3091; x_wconf 78' lang='grc' dir='ltr'><strong>αὐτὴν</strong></span> <span class='ocrx_word' id='word_1_679' title='bbox 2937 3029 3235 3105; x_wconf 78' lang='grc' dir='ltr'><strong>ἐνδυναμοῖ,</strong></span> <span class='ocrx_word' id='word_1_680' title='bbox 3296 3038 3384 3087; x_wconf 82' lang='grc' dir='ltr'><strong>καὶ</strong></span> <span class='ocrx_word' id='word_1_681' title='bbox 3470 3034 3691 3107; x_wconf 72' lang='grc' dir='ltr'><strong>σοφίζει,</strong></span> <span class='ocrx_word' id='word_1_682' title='bbox 3746 3038 3845 3085; x_wconf 83' lang='grc' dir='ltr'>καὶ</span> 
     </span>
    </p>
   </div>
   <div class='ocr_carea' id='block_1_92' title="bbox 2232 3127 3845 3197">
    <p class='ocr_par' dir='ltr' id='par_1_92' title="bbox 2232 3127 3845 3197">
     <span class='ocr_line' id='line_1_92' title="bbox 2232 3127 3845 3197; baseline 0.001 -24"><span class='ocrx_word' id='word_1_683' title='bbox 2232 3128 2369 3173; x_wconf 82' lang='grc' dir='ltr'><strong>ποιεῖ</strong></span> <span class='ocrx_word' id='word_1_684' title='bbox 2436 3128 2778 3194; x_wconf 66' lang='grc' dir='ltr'><strong>καρποφορεῖν</strong></span> <span class='ocrx_word' id='word_1_685' title='bbox 2850 3129 2919 3191; x_wconf 81' lang='grc' dir='ltr'><strong>τῷ</strong></span> <span class='ocrx_word' id='word_1_686' title='bbox 2989 3130 3122 3193; x_wconf 84' lang='grc' dir='ltr'><strong>Θεῷ,</strong></span> <span class='ocrx_word' id='word_1_687' title='bbox 3175 3127 3247 3195; x_wconf 81' lang='grc' dir='ltr'><strong>μὴ</strong></span> <span class='ocrx_word' id='word_1_688' title='bbox 3333 3130 3697 3197; x_wconf 74' lang='grc' dir='ltr'><strong>συγχωροῦσα</strong></span> <span class='ocrx_word' id='word_1_689' title='bbox 3763 3130 3845 3194; x_wconf 79' lang='grc' dir='ltr'><strong>τῷ</strong></span> 
     </span>
    </p>
   </div>
   <div class='ocr_carea' id='block_1_93' title="bbox 2160 3209 3004 3293">
    <p class='ocr_par' dir='ltr' id='par_1_93' title="bbox 2160 3209 3004 3293">
     <span class='ocr_line' id='line_1_93' title="bbox 2160 3209 3004 3293; baseline 0.004 -32"><span class='ocrx_word' id='word_1_690' title='bbox 2160 3239 2200 3293; x_wconf 78' lang='lat' dir='ltr'>C</span> <span class='ocrx_word' id='word_1_691' title='bbox 2232 3209 2407 3283; x_wconf 77' lang='grc' dir='ltr'><strong>ἐχθρῲ</strong></span> <span class='ocrx_word' id='word_1_692' title='bbox 2433 3212 2784 3285; x_wconf 73' lang='grc' dir='ltr'><strong>περιγενέσθαι</strong></span> <span class='ocrx_word' id='word_1_693' title='bbox 2815 3210 3004 3265; x_wconf 70' lang='grc' dir='ltr'><strong>αὐτῶν.</strong></span> 
     </span>
    </p>
   </div>
   <div class='ocr_carea' id='block_1_94' title="bbox 2302 3297 3289 3363">
    <p class='ocr_par' dir='ltr' id='par_1_94' title="bbox 2302 3297 3289 3363">
     <span class='ocr_line' id='line_1_94' title="bbox 2302 3297 3289 3363; baseline -0.001 -11"><span class='ocrx_word' id='word_1_694' title='bbox 2302 3300 2373 3355; x_wconf 87' lang='grc' dir='ltr'>Γ’.</span> <span class='ocrx_word' id='word_1_695' title='bbox 2434 3299 2843 3361; x_wconf 77' lang='grc' dir='ltr'><strong>Σεϐαστιανὸςὸ</strong></span> <span class='ocrx_word' id='word_1_696' title='bbox 2904 3297 3034 3363; x_wconf 81' lang='grc' dir='ltr'>δοὺξ</span> <span class='ocrx_word' id='word_1_697' title='bbox 3108 3300 3242 3354; x_wconf 82' lang='grc' dir='ltr'><strong>εἶπεν</strong></span> <span class='ocrx_word' id='word_1_698' title='bbox 3277 3318 3289 3330; x_wconf 73' lang='grc' dir='ltr'>ο</span> 
     </span>
    </p>
   </div>
   <div class='ocr_carea' id='block_1_95' title="bbox 2227 3389 3837 3462">
    <p class='ocr_par' dir='ltr' id='par_1_95' title="bbox 2227 3389 3837 3462">
     <span class='ocr_line' id='line_1_95' title="bbox 2227 3389 3837 3462; baseline 0 -22"><span class='ocrx_word' id='word_1_699' title='bbox 2227 3392 2313 3440; x_wconf 81' lang='grc' dir='ltr'><strong>τὸν</strong></span> <span class='ocrx_word' id='word_1_700' title='bbox 2364 3392 2579 3442; x_wconf 84' lang='grc' dir='ltr'><strong>θάνατον</strong></span> <span class='ocrx_word' id='word_1_701' title='bbox 2622 3389 2829 3442; x_wconf 84' lang='grc' dir='ltr'><strong>ἑλέσθαι</strong></span> <span class='ocrx_word' id='word_1_702' title='bbox 2876 3390 2905 3448; x_wconf 73' lang='grc' dir='ltr'><strong><em>ἦ</em></strong></span> <span class='ocrx_word' id='word_1_703' title='bbox 2963 3394 3055 3447; x_wconf 81' lang='grc' dir='ltr'><strong>τὴν</strong></span> <span class='ocrx_word' id='word_1_704' title='bbox 3111 3390 3379 3457; x_wconf 74' lang='grc' dir='ltr'>ζωὴν;“0</span> <span class='ocrx_word' id='word_1_705' title='bbox 3430 3390 3579 3462; x_wconf 79' lang='grc' dir='ltr'><strong>ἅγιος</strong></span> <span class='ocrx_word' id='word_1_706' title='bbox 3636 3395 3837 3462; x_wconf 74' lang='grc' dir='ltr'><strong>Βίκτωρ</strong></span> 
     </span>
    </p>
   </div>
   <div class='ocr_carea' id='block_1_96' title="bbox 2226 3476 3838 3553">
    <p class='ocr_par' dir='ltr' id='par_1_96' title="bbox 2226 3476 3838 3553">
     <span class='ocr_line' id='line_1_96' title="bbox 2226 3476 3838 3553; baseline -0.001 -23"><span class='ocrx_word' id='word_1_707' title='bbox 2226 3476 2379 3531; x_wconf 80' lang='grc' dir='ltr'><strong>εἶπεν·</strong></span> <span class='ocrx_word' id='word_1_708' title='bbox 2447 3480 2609 3539; x_wconf 77' lang='grc' dir='ltr'><strong>Οὗτος</strong></span> <span class='ocrx_word' id='word_1_709' title='bbox 2658 3480 2682 3529; x_wconf 90' lang='lat'>6</span> <span class='ocrx_word' id='word_1_710' title='bbox 2739 3481 2953 3539; x_wconf 87' lang='grc' dir='ltr'><strong>θάνατος</strong></span> <span class='ocrx_word' id='word_1_711' title='bbox 3008 3482 3143 3541; x_wconf 75' lang='grc' dir='ltr'><strong>ζωὴν</strong></span> <span class='ocrx_word' id='word_1_712' title='bbox 3189 3478 3393 3531; x_wconf 84' lang='grc' dir='ltr'><strong>αἰώνιον</strong></span> <span class='ocrx_word' id='word_1_713' title='bbox 3441 3479 3675 3553; x_wconf 79' lang='grc' dir='ltr'><strong>προξενεῖ</strong></span> <span class='ocrx_word' id='word_1_714' title='bbox 3721 3486 3838 3539; x_wconf 88' lang='grc' dir='ltr'><strong>τοῖς</strong></span> 
     </span>
    </p>
   </div>
   <div class='ocr_carea' id='block_1_97' title="bbox 3348 3299 3841 3376">
    <p class='ocr_par' dir='ltr' id='par_1_97' title="bbox 3348 3299 3841 3376">
     <span class='ocr_line' id='line_1_97' title="bbox 3348 3299 3841 3376; baseline -0.004 -21"><span class='ocrx_word' id='word_1_715' title='bbox 3348 3299 3585 3376; x_wconf 65' lang='grc' dir='ltr'><strong>Ἐκρινας</strong></span> <span class='ocrx_word' id='word_1_716' title='bbox 3641 3300 3841 3372; x_wconf 85' lang='grc' dir='ltr'><strong>μᾶλλον</strong></span> 
     </span>
    </p>
   </div>
   <div class='ocr_carea' id='block_1_98' title="bbox 2224 3568 3837 3644">
    <p class='ocr_par' dir='ltr' id='par_1_98' title="bbox 2224 3568 3837 3644">
     <span class='ocr_line' id='line_1_98' title="bbox 2224 3568 3837 3644; baseline 0 -24"><span class='ocrx_word' id='word_1_717' title='bbox 2224 3572 2388 3643; x_wconf 79' lang='grc' dir='ltr'><strong>μέχρι</strong></span> <span class='ocrx_word' id='word_1_718' title='bbox 2458 3568 2625 3629; x_wconf 83' lang='grc' dir='ltr'><strong>τέλους</strong></span> <span class='ocrx_word' id='word_1_719' title='bbox 2679 3570 2998 3641; x_wconf 78' lang='grc' dir='ltr'><strong>ὑπομένουσι</strong></span> <span class='ocrx_word' id='word_1_720' title='bbox 3076 3571 3165 3629; x_wconf 78' lang='grc' dir='ltr'><strong>τὰς</strong></span> <span class='ocrx_word' id='word_1_721' title='bbox 3218 3574 3572 3644; x_wconf 87' lang='grc' dir='ltr'><strong>προσκαίρους</strong></span> <span class='ocrx_word' id='word_1_722' title='bbox 3640 3571 3837 3634; x_wconf 81' lang='grc' dir='ltr'><strong>ταύτας</strong></span> 
     </span>
    </p>
   </div>
   <div class='ocr_carea' id='block_1_99' title="bbox 2226 3654 3834 3729">
    <p class='ocr_par' dir='ltr' id='par_1_99' title="bbox 2226 3654 3834 3729">
     <span class='ocr_line' id='line_1_99' title="bbox 2226 3654 3834 3729; baseline 0 -20"><span class='ocrx_word' id='word_1_723' title='bbox 2226 3655 2509 3729; x_wconf 86' lang='grc' dir='ltr'><strong>βασάνους.</strong></span> <span class='ocrx_word' id='word_1_724' title='bbox 2576 3661 2727 3728; x_wconf 79' lang='grc' dir='ltr'><strong>Λέγει</strong></span> <span class='ocrx_word' id='word_1_725' title='bbox 2784 3657 2925 3727; x_wconf 76' lang='grc' dir='ltr'><strong>αὐτῷ</strong></span> <span class='ocrx_word' id='word_1_726' title='bbox 2984 3659 3009 3709; x_wconf 91' lang='lat'><strong><em>6</em></strong></span> <span class='ocrx_word' id='word_1_727' title='bbox 3069 3654 3214 3720; x_wconf 63' lang='lat'>3665&#39;</span> <span class='ocrx_word' id='word_1_728' title='bbox 3280 3663 3377 3711; x_wconf 81' lang='grc' dir='ltr'>Καὶ</span> <span class='ocrx_word' id='word_1_729' title='bbox 3456 3659 3577 3719; x_wconf 84' lang='grc' dir='ltr'><strong>ὅλως</strong></span> <span class='ocrx_word' id='word_1_730' title='bbox 3634 3661 3834 3719; x_wconf 74' lang='grc' dir='ltr'><strong>ταύτης</strong></span> 
     </span>
    </p>
   </div>
   <div class='ocr_carea' id='block_1_100' title="bbox 2226 3745 3827 3822">
    <p class='ocr_par' dir='ltr' id='par_1_100' title="bbox 2226 3745 3827 3822">
     <span class='ocr_line' id='line_1_100' title="bbox 2226 3745 3827 3822; baseline -0.001 -24"><span class='ocrx_word' id='word_1_731' title='bbox 2226 3746 2580 3819; x_wconf 74' lang='grc' dir='ltr'><strong>ἕπεκράτησας</strong></span> <span class='ocrx_word' id='word_1_732' title='bbox 2638 3754 2728 3807; x_wconf 76' lang='grc' dir='ltr'><strong>τῆς</strong></span> <span class='ocrx_word' id='word_1_733' title='bbox 2777 3752 3029 3818; x_wconf 83' lang='grc' dir='ltr'><strong>γνώμης;</strong></span> <span class='ocrx_word' id='word_1_734' title='bbox 3076 3746 3135 3798; x_wconf 72' lang='grc' dir='ltr'>Ὀ</span> <span class='ocrx_word' id='word_1_735' title='bbox 3192 3747 3337 3818; x_wconf 78' lang='grc' dir='ltr'><strong>ἅγιος</strong></span> <span class='ocrx_word' id='word_1_736' title='bbox 3393 3751 3588 3822; x_wconf 85' lang='grc' dir='ltr'><strong>Βίκτωρ</strong></span> <span class='ocrx_word' id='word_1_737' title='bbox 3649 3745 3781 3799; x_wconf 84' lang='grc' dir='ltr'><strong>εἶπεν</strong></span> <span class='ocrx_word' id='word_1_738' title='bbox 3814 3764 3827 3776; x_wconf 80' lang='grc'><strong>”</strong></span> 
     </span>
    </p>
   </div>
   <div class='ocr_carea' id='block_1_101' title="bbox 2229 3832 3832 3908">
    <p class='ocr_par' dir='ltr' id='par_1_101' title="bbox 2229 3832 3832 3908">
     <span class='ocr_line' id='line_1_101' title="bbox 2229 3832 3832 3908; baseline -0.001 -20"><span class='ocrx_word' id='word_1_739' title='bbox 2229 3840 2350 3890; x_wconf 81' lang='grc' dir='ltr'><strong>Ναί.</strong></span> <span class='ocrx_word' id='word_1_740' title='bbox 2383 3841 2509 3889; x_wconf 85' lang='grc' dir='ltr'><strong>Τότε</strong></span> <span class='ocrx_word' id='word_1_741' title='bbox 2556 3837 2579 3887; x_wconf 90' lang='lat'>6</span> <span class='ocrx_word' id='word_1_742' title='bbox 2630 3832 2760 3898; x_wconf 82' lang='grc' dir='ltr'><strong>δοῦξ</strong></span> <span class='ocrx_word' id='word_1_743' title='bbox 2798 3834 3028 3888; x_wconf 79' lang='grc' dir='ltr'><strong>ἐκέλευσε</strong></span> <span class='ocrx_word' id='word_1_744' title='bbox 3078 3836 3473 3908; x_wconf 83' lang='grc' dir='ltr'><strong>συγκλασθῆναι</strong></span> <span class='ocrx_word' id='word_1_745' title='bbox 3519 3838 3612 3897; x_wconf 80' lang='grc' dir='ltr'><strong>τὰς</strong></span> <span class='ocrx_word' id='word_1_746' title='bbox 3664 3836 3832 3908; x_wconf 85' lang='grc' dir='ltr'><strong>ἁρμο-</strong></span> 
     </span>
    </p>
   </div>
   <div class='ocr_carea' id='block_1_102' title="bbox 2227 3920 3835 3999">
    <p class='ocr_par' dir='ltr' id='par_1_102' title="bbox 2227 3920 3835 3999">
     <span class='ocr_line' id='line_1_102' title="bbox 2227 3920 3835 3999; baseline 0 -23"><span class='ocrx_word' id='word_1_747' title='bbox 2227 3929 2335 3985; x_wconf 84' lang='grc' dir='ltr'><strong>νίας</strong></span> <span class='ocrx_word' id='word_1_748' title='bbox 2386 3933 2484 3976; x_wconf 86' lang='grc' dir='ltr'>τῶν</span> <span class='ocrx_word' id='word_1_749' title='bbox 2548 3921 2816 3976; x_wconf 80' lang='grc' dir='ltr'><strong>δακτύλων</strong></span> <span class='ocrx_word' id='word_1_750' title='bbox 2898 3924 3074 3989; x_wconf 72' lang='grc' dir='ltr'><strong>αὐτοῦ,</strong></span> <span class='ocrx_word' id='word_1_751' title='bbox 3132 3926 3219 3985; x_wconf 79' lang='grc' dir='ltr'><strong>ἕως</strong></span> <span class='ocrx_word' id='word_1_752' title='bbox 3286 3923 3345 3976; x_wconf 80' lang='grc' dir='ltr'><strong>ἂν</strong></span> <span class='ocrx_word' id='word_1_753' title='bbox 3415 3924 3471 3976; x_wconf 78' lang='grc' dir='ltr'><strong>ἐκ</strong></span> <span class='ocrx_word' id='word_1_754' title='bbox 3528 3932 3617 3984; x_wconf 83' lang='grc' dir='ltr'><strong>τῆς</strong></span> <span class='ocrx_word' id='word_1_755' title='bbox 3675 3920 3835 3999; x_wconf 76' lang='grc' dir='ltr'><strong>δορᾶς</strong></span> 
     </span>
    </p>
   </div>
   <div class='ocr_carea' id='block_1_103' title="bbox 2228 4009 3835 4088">
    <p class='ocr_par' dir='ltr' id='par_1_103' title="bbox 2228 4009 3835 4088">
     <span class='ocr_line' id='line_1_103' title="bbox 2228 4009 3835 4088; baseline -0.001 -23"><span class='ocrx_word' id='word_1_756' title='bbox 2228 4012 2518 4076; x_wconf 85' lang='grc' dir='ltr'><strong>ἐξέλθωσιν.</strong></span> <span class='ocrx_word' id='word_1_757' title='bbox 2572 4013 2631 4064; x_wconf 77' lang='grc' dir='ltr'><strong>Ὀ</strong></span> <span class='ocrx_word' id='word_1_758' title='bbox 2698 4012 2849 4084; x_wconf 80' lang='grc' dir='ltr'><strong>ἅγιος</strong></span> <span class='ocrx_word' id='word_1_759' title='bbox 2908 4017 3106 4087; x_wconf 88' lang='grc' dir='ltr'><strong>Βίκτωρ</strong></span> <span class='ocrx_word' id='word_1_760' title='bbox 3169 4009 3334 4065; x_wconf 83' lang='grc' dir='ltr'><strong>εἶπεν·</strong></span> <span class='ocrx_word' id='word_1_761' title='bbox 3390 4013 3707 4088; x_wconf 64' lang='grc' dir='ltr'><strong>Εὐχαριστῶ</strong></span> <span class='ocrx_word' id='word_1_762' title='bbox 3758 4022 3835 4083; x_wconf 59' lang='grc' dir='ltr'>τῇ)</span> 
     </span>
    </p>
   </div>
   <div class='ocr_carea' id='block_1_104' title="bbox 2230 4101 3836 4176">
    <p class='ocr_par' dir='ltr' id='par_1_104' title="bbox 2230 4101 3836 4176">
     <span class='ocr_line' id='line_1_104' title="bbox 2230 4101 3836 4176; baseline -0.002 -20"><span class='ocrx_word' id='word_1_763' title='bbox 2230 4111 2343 4173; x_wconf 80' lang='grc' dir='ltr'>Θεῷ</span> <span class='ocrx_word' id='word_1_764' title='bbox 2396 4122 2496 4176; x_wconf 91' lang='grc' dir='ltr'>μου</span> <span class='ocrx_word' id='word_1_765' title='bbox 2549 4104 2788 4169; x_wconf 83' lang='grc' dir='ltr'><strong>πάντοτε,</strong></span> <span class='ocrx_word' id='word_1_766' title='bbox 2844 4104 2924 4155; x_wconf 85' lang='grc' dir='ltr'><strong>ὅτι</strong></span> <span class='ocrx_word' id='word_1_767' title='bbox 2977 4106 3195 4173; x_wconf 80' lang='grc' dir='ltr'><strong>ἤγγισεν</strong></span> <span class='ocrx_word' id='word_1_768' title='bbox 3248 4104 3278 4160; x_wconf 76' lang='grc' dir='ltr'>ἡ</span> <span class='ocrx_word' id='word_1_769' title='bbox 3342 4103 3500 4176; x_wconf 86' lang='grc' dir='ltr'><strong>χάρις</strong></span> <span class='ocrx_word' id='word_1_770' title='bbox 3548 4102 3708 4154; x_wconf 74' lang='grc' dir='ltr'><strong>αὑτοῦ</strong></span> <span class='ocrx_word' id='word_1_771' title='bbox 3761 4101 3836 4162; x_wconf 85' lang='grc' dir='ltr'>εἰς</span> 
     </span>
    </p>
   </div>
   <div class='ocr_carea' id='block_1_105' title="bbox 2227 4189 3833 4264">
    <p class='ocr_par' dir='ltr' id='par_1_105' title="bbox 2227 4189 3833 4264">
     <span class='ocr_line' id='line_1_105' title="bbox 2227 4189 3833 4264; baseline -0.001 -20"><span class='ocrx_word' id='word_1_772' title='bbox 2227 4191 2335 4264; x_wconf 75' lang='grc' dir='ltr'>ἔμέ.</span> <span class='ocrx_word' id='word_1_773' title='bbox 2369 4196 2521 4263; x_wconf 81' lang='grc' dir='ltr'><strong>Λέγει</strong></span> <span class='ocrx_word' id='word_1_774' title='bbox 2573 4190 2714 4263; x_wconf 70' lang='grc' dir='ltr'><strong>αὐτῷ</strong></span> <span class='ocrx_word' id='word_1_775' title='bbox 2766 4192 2793 4243; x_wconf 91' lang='lat'>6</span> <span class='ocrx_word' id='word_1_776' title='bbox 2844 4189 2990 4254; x_wconf 76' lang='grc' dir='ltr'>ὃούξ’</span> <span class='ocrx_word' id='word_1_777' title='bbox 3027 4193 3121 4244; x_wconf 87' lang='grc' dir='ltr'><strong>Διά</strong></span> <span class='ocrx_word' id='word_1_778' title='bbox 3174 4195 3225 4243; x_wconf 91' lang='grc' dir='ltr'>τί</span> <span class='ocrx_word' id='word_1_779' title='bbox 3278 4195 3370 4251; x_wconf 78' lang='grc' dir='ltr'><strong>τὴν</strong></span> <span class='ocrx_word' id='word_1_780' title='bbox 3414 4192 3589 4244; x_wconf 81' lang='grc' dir='ltr'><strong>ἄνοιάν</strong></span> <span class='ocrx_word' id='word_1_781' title='bbox 3645 4210 3738 4244; x_wconf 91' lang='grc' dir='ltr'>σου</span> <span class='ocrx_word' id='word_1_782' title='bbox 3770 4190 3833 4243; x_wconf 78' lang='grc' dir='ltr'><strong>οὐ</strong></span> 
     </span>
    </p>
   </div>
   <div class='ocr_carea' id='block_1_106' title="bbox 2226 4277 3833 4354">
    <p class='ocr_par' dir='ltr' id='par_1_106' title="bbox 2226 4277 3833 4354">
     <span class='ocr_line' id='line_1_106' title="bbox 2226 4277 3833 4354; baseline -0.001 -22"><span class='ocrx_word' id='word_1_783' title='bbox 2226 4279 2538 4354; x_wconf 79' lang='grc' dir='ltr'><strong>λαμϐάνεις;</strong></span> <span class='ocrx_word' id='word_1_784' title='bbox 2567 4279 2627 4332; x_wconf 81' lang='grc' dir='ltr'>Ὀ</span> <span class='ocrx_word' id='word_1_785' title='bbox 2675 4279 2818 4352; x_wconf 77' lang='grc' dir='ltr'><strong>ἅγιος</strong></span> <span class='ocrx_word' id='word_1_786' title='bbox 2866 4284 3065 4353; x_wconf 87' lang='grc' dir='ltr'><strong>Βίκτωρ</strong></span> <span class='ocrx_word' id='word_1_787' title='bbox 3117 4277 3272 4334; x_wconf 81' lang='grc' dir='ltr'><strong>εἶπεν.</strong></span> <span class='ocrx_word' id='word_1_788' title='bbox 3328 4279 3451 4332; x_wconf 77' lang='grc' dir='ltr'><strong>’Ὀτι</strong></span> <span class='ocrx_word' id='word_1_789' title='bbox 3506 4279 3696 4354; x_wconf 82' lang='grc' dir='ltr'><strong>βιαίως</strong></span> <span class='ocrx_word' id='word_1_790' title='bbox 3743 4282 3833 4332; x_wconf 81' lang='grc' dir='ltr'>καὶ</span> 
     </span>
    </p>
   </div>
   <div class='ocr_carea' id='block_1_107' title="bbox 2228 4366 3832 4441">
    <p class='ocr_par' dir='ltr' id='par_1_107' title="bbox 2228 4366 3832 4441">
     <span class='ocr_line' id='line_1_107' title="bbox 2228 4366 3832 4441; baseline -0.001 -20"><span class='ocrx_word' id='word_1_791' title='bbox 2228 4366 2425 4432; x_wconf 77' lang='grc' dir='ltr'><strong>ἀδίκως</strong></span> <span class='ocrx_word' id='word_1_792' title='bbox 2479 4369 2801 4441; x_wconf 77' lang='grc' dir='ltr'><strong>ἀπαιτεῖ-ται,</strong></span> <span class='ocrx_word' id='word_1_793' title='bbox 2855 4374 2945 4423; x_wconf 83' lang='grc' dir='ltr'>καὶ</span> <span class='ocrx_word' id='word_1_794' title='bbox 2993 4373 3109 4422; x_wconf 76' lang='grc' dir='ltr'><strong>οὔτε</strong></span> <span class='ocrx_word' id='word_1_795' title='bbox 3152 4368 3427 4441; x_wconf 80' lang='grc' dir='ltr'><strong>λαμϐάνειν</strong></span> <span class='ocrx_word' id='word_1_796' title='bbox 3476 4371 3591 4423; x_wconf 70' lang='grc' dir='ltr'><strong>οὐτε</strong></span> <span class='ocrx_word' id='word_1_797' title='bbox 3639 4370 3832 4421; x_wconf 83' lang='grc' dir='ltr'><strong>ἐσθίειν</strong></span> 
     </span>
    </p>
   </div>
   <div class='ocr_carea' id='block_1_108' title="bbox 2227 4457 3831 4535">
    <p class='ocr_par' dir='ltr' id='par_1_108' title="bbox 2227 4457 3831 4535">
     <span class='ocr_line' id='line_1_108' title="bbox 2227 4457 3831 4535; baseline -0.001 -22"><span class='ocrx_word' id='word_1_798' title='bbox 2227 4458 2485 4533; x_wconf 74' lang='grc' dir='ltr'><strong>βούλομαι</strong></span> <span class='ocrx_word' id='word_1_799' title='bbox 2527 4459 2579 4523; x_wconf 84' lang='grc' dir='ltr'><strong>ἐξ</strong></span> <span class='ocrx_word' id='word_1_800' title='bbox 2628 4460 2805 4522; x_wconf 59' lang='grc' dir='ltr'><strong>αὐτῆς</strong></span> <span class='ocrx_word' id='word_1_801' title='bbox 2836 4462 2943 4533; x_wconf 79' lang='grc' dir='ltr'><strong>ἔχω</strong></span> <span class='ocrx_word' id='word_1_802' title='bbox 2994 4457 3054 4512; x_wconf 71' lang='grc' dir='ltr'><strong>δε</strong></span> <span class='ocrx_word' id='word_1_803' title='bbox 3100 4463 3194 4519; x_wconf 81' lang='grc' dir='ltr'><strong>τὴν</strong></span> <span class='ocrx_word' id='word_1_804' title='bbox 3237 4464 3588 4533; x_wconf 76' lang='grc' dir='ltr'><strong>πνευματικὴν</strong></span> <span class='ocrx_word' id='word_1_805' title='bbox 3636 4464 3831 4535; x_wconf 68' lang='grc' dir='ltr'><strong>τροφὴν</strong></span> 
     </span>
    </p>
   </div>
   <div class='ocr_carea' id='block_1_109' title="bbox 2222 4547 3830 4622">
    <p class='ocr_par' dir='ltr' id='par_1_109' title="bbox 2222 4547 3830 4622">
     <span class='ocr_line' id='line_1_109' title="bbox 2222 4547 3830 4622; baseline 0.001 -23"><span class='ocrx_word' id='word_1_806' title='bbox 2222 4553 2310 4600; x_wconf 89' lang='grc' dir='ltr'>καὶ</span> <span class='ocrx_word' id='word_1_807' title='bbox 2361 4549 2419 4601; x_wconf 72' lang='grc' dir='ltr'><strong>οὐ</strong></span> <span class='ocrx_word' id='word_1_808' title='bbox 2469 4554 2539 4622; x_wconf 77' lang='grc' dir='ltr'>μη</span> <span class='ocrx_word' id='word_1_809' title='bbox 2572 4551 2798 4601; x_wconf 86' lang='grc' dir='ltr'><strong>πεινάσω</strong></span> <span class='ocrx_word' id='word_1_810' title='bbox 2839 4549 2910 4611; x_wconf 88' lang='grc' dir='ltr'>εἰς</span> <span class='ocrx_word' id='word_1_811' title='bbox 2954 4552 3040 4600; x_wconf 89' lang='grc' dir='ltr'><strong>τὸν</strong></span> <span class='ocrx_word' id='word_1_812' title='bbox 3097 4549 3282 4606; x_wconf 83' lang='grc' dir='ltr'><strong>αἰῶνα,</strong></span> <span class='ocrx_word' id='word_1_813' title='bbox 3321 4556 3499 4601; x_wconf 89' lang='grc' dir='ltr'><strong>Ταῦτα</strong></span> <span class='ocrx_word' id='word_1_814' title='bbox 3544 4547 3771 4609; x_wconf 78' lang='grc' dir='ltr'><strong>ἀκούσας</strong></span> <span class='ocrx_word' id='word_1_815' title='bbox 3801 4550 3830 4600; x_wconf 87' lang='lat'>6</span> 
     </span>
    </p>
   </div>
   <div class='ocr_carea' id='block_1_110' title="bbox 2223 4635 3828 4711">
    <p class='ocr_par' dir='ltr' id='par_1_110' title="bbox 2223 4635 3828 4711">
     <span class='ocr_line' id='line_1_110' title="bbox 2223 4635 3828 4711; baseline 0 -20"><span class='ocrx_word' id='word_1_816' title='bbox 2223 4635 2374 4704; x_wconf 75' lang='grc' dir='ltr'><strong>ὃοῦξ,</strong></span> <span class='ocrx_word' id='word_1_817' title='bbox 2430 4637 2688 4691; x_wconf 83' lang='grc' dir='ltr'><strong>ἐκέλευσεν</strong></span> <span class='ocrx_word' id='word_1_818' title='bbox 2760 4637 3007 4696; x_wconf 82' lang='grc' dir='ltr'><strong>ἐκκαῆναι</strong></span> <span class='ocrx_word' id='word_1_819' title='bbox 3075 4642 3287 4709; x_wconf 78' lang='grc' dir='ltr'><strong>κάμινον</strong></span> <span class='ocrx_word' id='word_1_820' title='bbox 3347 4643 3435 4691; x_wconf 82' lang='grc' dir='ltr'>καὶ</span> <span class='ocrx_word' id='word_1_821' title='bbox 3506 4637 3828 4711; x_wconf 79' lang='grc' dir='ltr'><strong>ἐμϐληθῆναι</strong></span> 
     </span>
    </p>
   </div>
   <div class='ocr_carea' id='block_1_111' title="bbox 2221 4726 3825 4802">
    <p class='ocr_par' dir='ltr' id='par_1_111' title="bbox 2221 4726 3825 4802">
     <span class='ocr_line' id='line_1_111' title="bbox 2221 4726 3825 4802; baseline 0 -22"><span class='ocrx_word' id='word_1_822' title='bbox 2221 4729 2375 4780; x_wconf 67' lang='grc' dir='ltr'><strong>αὐτὸν</strong></span> <span class='ocrx_word' id='word_1_823' title='bbox 2426 4726 2472 4780; x_wconf 84' lang='grc' dir='ltr'><strong>ἐν</strong></span> <span class='ocrx_word' id='word_1_824' title='bbox 2532 4728 2685 4800; x_wconf 65' lang='grc' dir='ltr'><strong>αὐτῇ,</strong></span> <span class='ocrx_word' id='word_1_825' title='bbox 2743 4728 2900 4802; x_wconf 78' lang='grc' dir='ltr'><strong>ἄχρις</strong></span> <span class='ocrx_word' id='word_1_826' title='bbox 2975 4729 3177 4800; x_wconf 85' lang='grc' dir='ltr'><strong>ἡμερῶν</strong></span> <span class='ocrx_word' id='word_1_827' title='bbox 3229 4736 3382 4801; x_wconf 84' lang='grc' dir='ltr'><strong>τριῶν</strong></span> <span class='ocrx_word' id='word_1_828' title='bbox 3417 4746 3429 4757; x_wconf 74' lang='grc'><strong><em>⁸</em></strong></span> <span class='ocrx_word' id='word_1_829' title='bbox 3488 4734 3576 4781; x_wconf 88' lang='lat' dir='ltr'>xui</span> <span class='ocrx_word' id='word_1_830' title='bbox 3628 4729 3825 4799; x_wconf 82' lang='grc' dir='ltr'><strong>ἐγένετο</strong></span> 
     </span>
    </p>
   </div>
   <div class='ocr_carea' id='block_1_112' title="bbox 2219 4814 3827 4891">
    <p class='ocr_par' dir='ltr' id='par_1_112' title="bbox 2219 4814 3827 4891">
     <span class='ocr_line' id='line_1_112' title="bbox 2219 4814 3827 4891; baseline 0 -20"><span class='ocrx_word' id='word_1_831' title='bbox 2219 4819 2399 4878; x_wconf 74' lang='grc' dir='ltr'><strong>οὕτως.</strong></span> <span class='ocrx_word' id='word_1_832' title='bbox 2459 4820 2605 4871; x_wconf 86' lang='grc' dir='ltr'>Μετά</span> <span class='ocrx_word' id='word_1_833' title='bbox 2658 4814 2715 4869; x_wconf 71' lang='grc' dir='ltr'>δὲ</span> <span class='ocrx_word' id='word_1_834' title='bbox 2766 4820 2852 4877; x_wconf 80' lang='grc' dir='ltr'>τὰς</span> <span class='ocrx_word' id='word_1_835' title='bbox 2901 4824 3033 4890; x_wconf 84' lang='grc' dir='ltr'><strong>τρεῖς</strong></span> <span class='ocrx_word' id='word_1_836' title='bbox 3083 4820 3301 4891; x_wconf 77' lang='grc' dir='ltr'><strong>ἡμέρας,</strong></span> <span class='ocrx_word' id='word_1_837' title='bbox 3343 4824 3561 4890; x_wconf 81' lang='grc' dir='ltr'><strong>νομίσας</strong></span> <span class='ocrx_word' id='word_1_838' title='bbox 3614 4820 3640 4869; x_wconf 90' lang='lat'>6</span> <span class='ocrx_word' id='word_1_839' title='bbox 3695 4815 3827 4881; x_wconf 74' lang='grc' dir='ltr'>ὃοὺξ</span> 
     </span>
    </p>
   </div>
   <div class='ocr_carea' id='block_1_113' title="bbox 2217 4906 3829 4981">
    <p class='ocr_par' dir='ltr' id='par_1_113' title="bbox 2217 4906 3829 4981">
     <span class='ocr_line' id='line_1_113' title="bbox 2217 4906 3829 4981; baseline 0.001 -22"><span class='ocrx_word' id='word_1_840' title='bbox 2217 4906 2517 4966; x_wconf 82' lang='grc' dir='ltr'><strong>ἀνηλῶσθαι</strong></span> <span class='ocrx_word' id='word_1_841' title='bbox 2549 4906 2703 4958; x_wconf 77' lang='grc' dir='ltr'><strong>αὐτὸν</strong></span> <span class='ocrx_word' id='word_1_842' title='bbox 2754 4908 2852 4958; x_wconf 75' lang='grc' dir='ltr'>ὑπὸ</span> <span class='ocrx_word' id='word_1_843' title='bbox 2900 4915 2990 4958; x_wconf 88' lang='grc' dir='ltr'>τοῦ</span> <span class='ocrx_word' id='word_1_844' title='bbox 3037 4912 3219 4981; x_wconf 86' lang='grc' dir='ltr'><strong>πυρὸς,</strong></span> <span class='ocrx_word' id='word_1_845' title='bbox 3269 4906 3521 4960; x_wconf 70' lang='grc' dir='ltr'><strong>ἐκέλευσεν</strong></span> <span class='ocrx_word' id='word_1_846' title='bbox 3554 4906 3829 4979; x_wconf 74' lang='grc' dir='ltr'><strong>ἀνοιγῆναι</strong></span> 
     </span>
    </p>
   </div>
   <div class='ocr_carea' id='block_1_114' title="bbox 2216 4996 3828 5070">
    <p class='ocr_par' dir='ltr' id='par_1_114' title="bbox 2216 4996 3828 5070">
     <span class='ocr_line' id='line_1_114' title="bbox 2216 4996 3828 5070; baseline -0.001 -20"><span class='ocrx_word' id='word_1_847' title='bbox 2216 5003 2309 5056; x_wconf 81' lang='grc' dir='ltr'><strong>τὴν</strong></span> <span class='ocrx_word' id='word_1_848' title='bbox 2360 4999 2577 5068; x_wconf 82' lang='grc' dir='ltr'><strong>κάμινον</strong></span> <span class='ocrx_word' id='word_1_849' title='bbox 2610 5000 2698 5047; x_wconf 83' lang='grc' dir='ltr'>καὶ</span> <span class='ocrx_word' id='word_1_850' title='bbox 2730 4997 2947 5070; x_wconf 70' lang='grc' dir='ltr'><strong>ῥιφῆναι</strong></span> <span class='ocrx_word' id='word_1_851' title='bbox 2977 4998 3042 5049; x_wconf 85' lang='grc' dir='ltr'>τά</span> <span class='ocrx_word' id='word_1_852' title='bbox 3074 4996 3205 5048; x_wconf 65' lang='grc' dir='ltr'><strong>ὅστᾶ</strong></span> <span class='ocrx_word' id='word_1_853' title='bbox 3254 4996 3414 5050; x_wconf 77' lang='grc' dir='ltr'><strong>αὐτοῦ</strong></span> <span class='ocrx_word' id='word_1_854' title='bbox 3446 4996 3517 5057; x_wconf 83' lang='grc' dir='ltr'>εἰς</span> <span class='ocrx_word' id='word_1_855' title='bbox 3554 5001 3639 5048; x_wconf 85' lang='grc' dir='ltr'><strong>τὸν</strong></span> <span class='ocrx_word' id='word_1_856' title='bbox 3671 5017 3828 5050; x_wconf 83' lang='grc' dir='ltr'><strong>ποτα.</strong></span> 
     </span>
    </p>
   </div>
   <div class='ocr_carea' id='block_1_115' title="bbox 2216 5083 3829 5161">
    <p class='ocr_par' dir='ltr' id='par_1_115' title="bbox 2216 5083 3829 5161">
     <span class='ocr_line' id='line_1_115' title="bbox 2216 5083 3829 5161; baseline 0.001 -23"><span class='ocrx_word' id='word_1_857' title='bbox 2216 5092 2328 5160; x_wconf 62' lang='grc' dir='ltr'>μὸν</span> <span class='ocrx_word' id='word_1_858' title='bbox 2388 5090 2477 5137; x_wconf 82' lang='grc' dir='ltr'>καὶ</span> <span class='ocrx_word' id='word_1_859' title='bbox 2534 5083 2823 5148; x_wconf 80' lang='grc' dir='ltr'><strong>ἀνοίξαντες</strong></span> <span class='ocrx_word' id='word_1_860' title='bbox 2878 5085 3059 5151; x_wconf 76' lang='grc' dir='ltr'><strong>αὐτὴν,</strong></span> <span class='ocrx_word' id='word_1_861' title='bbox 3107 5086 3253 5161; x_wconf 78' lang='grc' dir='ltr'><strong>εὗρον</strong></span> <span class='ocrx_word' id='word_1_862' title='bbox 3308 5085 3462 5138; x_wconf 76' lang='grc' dir='ltr'><strong>αὐτὸν</strong></span> <span class='ocrx_word' id='word_1_863' title='bbox 3516 5086 3687 5146; x_wconf 79' lang='grc' dir='ltr'><strong>ζῶντα</strong></span> <span class='ocrx_word' id='word_1_864' title='bbox 3738 5092 3829 5139; x_wconf 83' lang='grc' dir='ltr'>καὶ</span> 
     </span>
    </p>
   </div>
   <div class='ocr_carea' id='block_1_116' title="bbox 2218 5171 3829 5246">
    <p class='ocr_par' dir='ltr' id='par_1_116' title="bbox 2218 5171 3829 5246">
     <span class='ocr_line' id='line_1_116' title="bbox 2218 5171 3829 5246; baseline 0.001 -19"><span class='ocrx_word' id='word_1_865' title='bbox 2218 5172 2508 5237; x_wconf 76' lang='grc' dir='ltr'><strong>ὃοξάξοντα</strong></span> <span class='ocrx_word' id='word_1_866' title='bbox 2555 5178 2641 5225; x_wconf 85' lang='grc' dir='ltr'><strong>τὸν</strong></span> <span class='ocrx_word' id='word_1_867' title='bbox 2700 5177 2849 5240; x_wconf 85' lang='grc' dir='ltr'><strong>Θεὸν,</strong></span> <span class='ocrx_word' id='word_1_868' title='bbox 2907 5171 2978 5227; x_wconf 83' lang='grc' dir='ltr'>δι’</span> <span class='ocrx_word' id='word_1_869' title='bbox 3025 5176 3104 5227; x_wconf 83' lang='grc' dir='ltr'><strong>ὅτι</strong></span> <span class='ocrx_word' id='word_1_870' title='bbox 3159 5172 3272 5227; x_wconf 69' lang='grc' dir='ltr'>οὐδ’</span> <span class='ocrx_word' id='word_1_871' title='bbox 3306 5174 3433 5238; x_wconf 82' lang='grc' dir='ltr'><strong>ὅλως</strong></span> <span class='ocrx_word' id='word_1_872' title='bbox 3464 5175 3637 5246; x_wconf 67' lang='grc' dir='ltr'><strong>ἣψατο</strong></span> <span class='ocrx_word' id='word_1_873' title='bbox 3668 5176 3829 5229; x_wconf 68' lang='grc' dir='ltr'><strong>αὐτοῦ</strong></span> 
     </span>
    </p>
   </div>
   <div class='ocr_carea' id='block_1_117' title="bbox 2214 5260 3830 5341">
    <p class='ocr_par' dir='ltr' id='par_1_117' title="bbox 2214 5260 3830 5341">
     <span class='ocr_line' id='line_1_117' title="bbox 2214 5260 3830 5341; baseline 0.002 -25"><span class='ocrx_word' id='word_1_874' title='bbox 2214 5267 2271 5316; x_wconf 83' lang='grc' dir='ltr'><strong>τὸ</strong></span> <span class='ocrx_word' id='word_1_875' title='bbox 2320 5271 2447 5337; x_wconf 89' lang='grc' dir='ltr'><strong>πῦρ.</strong></span> <span class='ocrx_word' id='word_1_876' title='bbox 2504 5267 2629 5316; x_wconf 83' lang='grc' dir='ltr'><strong>Τότε</strong></span> <span class='ocrx_word' id='word_1_877' title='bbox 2675 5262 2937 5316; x_wconf 77' lang='grc' dir='ltr'><strong>ἐκέλευσεν</strong></span> <span class='ocrx_word' id='word_1_878' title='bbox 2988 5267 3011 5316; x_wconf 90' lang='lat'>6</span> <span class='ocrx_word' id='word_1_879' title='bbox 3064 5260 3194 5328; x_wconf 81' lang='grc' dir='ltr'><strong>δοῦξ</strong></span> <span class='ocrx_word' id='word_1_880' title='bbox 3243 5267 3493 5341; x_wconf 78' lang='grc' dir='ltr'><strong>φάρμακα</strong></span> <span class='ocrx_word' id='word_1_881' title='bbox 3527 5266 3830 5340; x_wconf 85' lang='grc' dir='ltr'><strong>ἀναιρετικά</strong></span> 
     </span>
    </p>
   </div>
   <div class='ocr_carea' id='block_1_118' title="bbox 2216 5348 3834 5428">
    <p class='ocr_par' dir='ltr' id='par_1_118' title="bbox 2216 5348 3834 5428">
     <span class='ocr_line' id='line_1_118' title="bbox 2216 5348 3834 5428; baseline 0.003 -24"><span class='ocrx_word' id='word_1_882' title='bbox 2216 5348 2438 5411; x_wconf 75' lang='grc' dir='ltr'><strong>δοθῆναι</strong></span> <span class='ocrx_word' id='word_1_883' title='bbox 2491 5353 2633 5423; x_wconf 70' lang='grc' dir='ltr'><strong>αὐτῷ</strong></span> <span class='ocrx_word' id='word_1_884' title='bbox 2690 5360 2868 5426; x_wconf 73' lang='grc' dir='ltr'><strong>φαγεῖν</strong></span> <span class='ocrx_word' id='word_1_885' title='bbox 2924 5357 3054 5426; x_wconf 85' lang='grc' dir='ltr'>μετά</span> <span class='ocrx_word' id='word_1_886' title='bbox 3105 5362 3290 5428; x_wconf 80' lang='grc' dir='ltr'><strong>κρεῶν·</strong></span> <span class='ocrx_word' id='word_1_887' title='bbox 3340 5359 3429 5407; x_wconf 82' lang='grc' dir='ltr'>καὶ</span> <span class='ocrx_word' id='word_1_888' title='bbox 3486 5351 3834 5409; x_wconf 74' lang='grc' dir='ltr'><strong>ἓπιδοθέντων</strong></span> 
     </span>
    </p>
   </div>
   <div class='ocr_carea' id='block_1_119' title="bbox 2214 5442 3834 5517">
    <p class='ocr_par' dir='ltr' id='par_1_119' title="bbox 2214 5442 3834 5517">
     <span class='ocr_line' id='line_1_119' title="bbox 2214 5442 3834 5517; baseline 0.001 -22"><span class='ocrx_word' id='word_1_889' title='bbox 2214 5442 2353 5512; x_wconf 72' lang='grc' dir='ltr'><strong>αὐτῷ</strong></span> <span class='ocrx_word' id='word_1_890' title='bbox 2405 5450 2503 5494; x_wconf 87' lang='grc' dir='ltr'>τῶν</span> <span class='ocrx_word' id='word_1_891' title='bbox 2556 5444 2841 5517; x_wconf 76' lang='grc' dir='ltr'><strong>φαρμάκων</strong></span> <span class='ocrx_word' id='word_1_892' title='bbox 2896 5445 2995 5496; x_wconf 80' lang='grc' dir='ltr'><strong>ῦπό</strong></span> <span class='ocrx_word' id='word_1_893' title='bbox 3050 5450 3142 5495; x_wconf 82' lang='grc' dir='ltr'>τοῦ</span> <span class='ocrx_word' id='word_1_894' title='bbox 3195 5444 3389 5515; x_wconf 87' lang='grc' dir='ltr'><strong>μάγου,</strong></span> <span class='ocrx_word' id='word_1_895' title='bbox 3447 5445 3539 5517; x_wconf 73' lang='grc' dir='ltr'>ἔφη</span> <span class='ocrx_word' id='word_1_896' title='bbox 3592 5445 3617 5495; x_wconf 90' lang='lat'><strong><em>6</em></strong></span> <span class='ocrx_word' id='word_1_897' title='bbox 3676 5445 3834 5517; x_wconf 77' lang='grc' dir='ltr'><strong>ἅγιος</strong></span> 
     </span>
    </p>
   </div>
   <div class='ocr_carea' id='block_1_120' title="bbox 2216 5527 3832 5607">
    <p class='ocr_par' dir='ltr' id='par_1_120' title="bbox 2216 5527 3832 5607">
     <span class='ocr_line' id='line_1_120' title="bbox 2216 5527 3832 5607; baseline -0.001 -22"><span class='ocrx_word' id='word_1_898' title='bbox 2216 5536 2439 5604; x_wconf 82' lang='grc' dir='ltr'><strong>Βίκτωρ·</strong></span> <span class='ocrx_word' id='word_1_899' title='bbox 2502 5533 2616 5586; x_wconf 72' lang='grc' dir='ltr'>Οὐκ</span> <span class='ocrx_word' id='word_1_900' title='bbox 2665 5531 2775 5597; x_wconf 81' lang='grc' dir='ltr'><strong>ἐξὸν</strong></span> <span class='ocrx_word' id='word_1_901' title='bbox 2815 5551 2905 5605; x_wconf 87' lang='grc' dir='ltr'>μοι</span> <span class='ocrx_word' id='word_1_902' title='bbox 2972 5527 3031 5593; x_wconf 81' lang='grc' dir='ltr'><strong>ἧν</strong></span> <span class='ocrx_word' id='word_1_903' title='bbox 3089 5539 3247 5607; x_wconf 83' lang='grc' dir='ltr'><strong>κρεῶν</strong></span> <span class='ocrx_word' id='word_1_904' title='bbox 3306 5532 3591 5605; x_wconf 70' lang='grc' dir='ltr'><strong>ἅψασθαιο</strong></span> <span class='ocrx_word' id='word_1_905' title='bbox 3628 5536 3712 5586; x_wconf 81' lang='grc' dir='ltr'><strong>ἵνα</strong></span> <span class='ocrx_word' id='word_1_906' title='bbox 3772 5532 3832 5589; x_wconf 77' lang='grc' dir='ltr'><strong>δε</strong></span> 
     </span>
    </p>
   </div>
   <div class='ocr_carea' id='block_1_121' title="bbox 2213 5618 3830 5703">
    <p class='ocr_par' dir='ltr' id='par_1_121' title="bbox 2213 5618 3830 5703">
     <span class='ocr_line' id='line_1_121' title="bbox 2213 5618 3830 5703; baseline 0.004 -29"><span class='ocrx_word' id='word_1_907' title='bbox 2213 5629 2366 5699; x_wconf 82' lang='grc' dir='ltr'><strong>γνῷς,</strong></span> <span class='ocrx_word' id='word_1_908' title='bbox 2397 5623 2477 5677; x_wconf 86' lang='grc' dir='ltr'><strong>ὅτι</strong></span> <span class='ocrx_word' id='word_1_909' title='bbox 2506 5618 2656 5678; x_wconf 76' lang='grc' dir='ltr'><strong>οὐδέν</strong></span> <span class='ocrx_word' id='word_1_910' title='bbox 2688 5622 2819 5677; x_wconf 85' lang='grc' dir='ltr'><strong>εἰσιν</strong></span> <span class='ocrx_word' id='word_1_911' title='bbox 2865 5623 2920 5677; x_wconf 81' lang='grc' dir='ltr'>αἱ</span> <span class='ocrx_word' id='word_1_912' title='bbox 2966 5626 3182 5697; x_wconf 83' lang='grc' dir='ltr'><strong>μαγεῑαί</strong></span> <span class='ocrx_word' id='word_1_913' title='bbox 3236 5641 3353 5697; x_wconf 81' lang='grc' dir='ltr'><strong>σου,</strong></span> <span class='ocrx_word' id='word_1_914' title='bbox 3385 5626 3475 5677; x_wconf 82' lang='lat' dir='ltr'>xui</span> <span class='ocrx_word' id='word_1_915' title='bbox 3520 5632 3830 5703; x_wconf 67' lang='grc' dir='ltr'><strong>καταφρονῶ</strong></span> 
     </span>
    </p>
   </div>
  </div>
