4084 6216
249 275 322 334 εει
1307 273 1472 330 VITA
1513 271 1593 328 SS
1608 315 1620 328 .
1670 268 1806 326 VlC'

1917 267 2006 324 {IS
2047 267 2132 324 ET
2175 267 2513 328 ΟΟΒΟΝᾹΞ.

245 405 400 468 αὐτας,
461 401 613 454 ἐσθίω
675 398 1047 472 ἀνυπερθέτως.

237 501 408 566 χειρῶν
461 499 548 542 τοῦ
592 491 790 562 μάγου,
837 488 1252 562 προσευξάμενος
1307 497 1376 559 τῷ
1437 495 1669 560 Χριστῷ,
1727 489 1818 558 ἣρ-

239 585 343 644 ξατο
371 581 551 632 ἐσθίειν
583 597 593 608 ·
655 583 745 630 καὶ
789 583 960 650 φαγὼν
1008 573 1157 629 οὐδὲν
1194 580 1375 630 ἔπαθεν
1423 581 1606 630 κακὸν.
1655 574 1714 628 Ὀ
1764 571 1822 625 δὲ

237 676 384 742 μάγος
437 670 516 721 ἐπὶ
582 677 642 740 τῇ
701 667 866 738 οἰκεία
925 672 1119 740 μαγείᾳ
1176 668 1606 738 καταισχυνθεὶς,
1661 682 1824 736 προσ·-

239 766 412 830 ιέγαγεν
466 758 600 827 αὐτῷ
668 757 822 808 πάλιν
895 755 1042 828 ἕτερα
1115 759 1366 828 φάρμακα
1417 765 1514 807 τῶν
1566 757 1821 828 προτέρων

237 847 480 920 δεινότερα
517 851 606 898 καὶ
637 846 778 917 λέγει
809 845 948 916 αύτῷ
995 864 1006 876 ·
1057 850 1154 896 Καὶ
1193 854 1281 896 νῦν
1324 841 1471 906 δέξαι
1515 848 1604 895 καὶ
1644 845 1772 914 φάγε
1805 857 1818 870 ⁸

231 944 308 990 καὶ
367 937 450 988 ἐὰν
510 941 685 1007 φαγὼν
748 931 914 1008 μηδὲν
989 936 1160 1006 πάθῃς
1218 937 1400 1004 κακὸν,
1453 931 1824 1004 καταλιμπάνω

229 1049 314 1100 μου
353 1031 441 1087 τὰς
477 1031 716 1098 μαγείας,
765 1030 854 1077 καὶ
903 1027 1134 1076 πιστεύω
1183 1023 1328 1096 κάγὼ
1373 1031 1444 1094 τῷ
1505 1030 1618 1092 Θεῷ
1735 1019 1822 1072 λα·

227 1121 418 1184 τρτῦεις.
493 1114 758 1175 Ααὸὸντος
817 1109 876 1166 δὲ
938 1121 1028 1165 τοῦ
1087 1117 1355 1186 μακαρίου
1410 1116 1670 1183 Βίκτορος,
1730 1129 1819 1187 καὶ

225 1209 469 1276 φαγόντος,
525 1209 616 1255 καὶ
661 1200 826 1275 μηδὲν
855 1203 1135 1264 παθόντος
1187 1206 1367 1268 κακὸν,
1409 1200 1654 1258 ἀνεϐόησε
1695 1210 1824 1272 μετά

225 1303 370 1365 φωνῆς
417 1295 442 1344 ό
493 1295 666 1364 μάγος
735 1296 822 1343 καὶ
883 1289 1058 1343 εἶπεν·
1095 1291 1386 1356 Ἐνίκησας,
1438 1290 1624 1362 ψυχὴν
1673 1287 1824 1340 ἀπολ-

221 1381 416 1453 λυμένην
473 1381 525 1444 ἐξ
579 1377 712 1452 ᾅδου
774 1380 1044 1452 ἀναγαγών
1115 1398 1126 1409 '
1178 1383 1351 1454 ὥσπερ
1424 1381 1526 1452 γὰρ
1607 1374 1822 1452 ἀνδριὰς

220 1473 430 1543 χαλκοῦς
480 1471 798 1532 παλαιωθεὶς
843 1477 932 1522 καὶ
999 1472 1100 1522 ὑπὸ
1149 1478 1239 1522 τοῦ
1287 1473 1526 1540 τεχνίτου
1560 1469 1823 1540 σμηχθεὶς

224 1559 590 1624 ἀνακαινοῦται,
638 1561 801 1620 οὕτως
845 1564 938 1612 καὶ
994 1561 1326 1634 ὸοῖνθρωπος
1368 1561 1392 1610 6
1442 1557 1488 1609 ἐν
1519 1565 1694 1616 κακοῖς
1721 1575 1824 1608 πα-

222 1649 448 1716 λαιωθεὶς,
485 1649 578 1701 ἐὰν
609 1647 920 1722 ἐπιστρέψῃ,
961 1652 1121 1711 σώζει
1161 1648 1336 1700 αὐτόν
1365 1649 1389 1698 ό
1420 1651 1542 1707 Θεὸς
1566 1654 1626 1718 τῇ
1661 1645 1820 1696 αὑτοῦ

3479 273 3592 330 262

1105 403 1202 452 Καὶ
1270 395 1548 472 δεξάμενος
1595 396 1647 448 ἐκ
1717 405 1806 446 τῶν

1933 394 2213 450 carnibus
2247 395 2398 449 vesci
2436 393 2631 466 ccepit,
2665 407 2860 465 neque
2889 393 3222 466 quidquam
3255 397 3396 454 mali
3451 414 3592 470 pas-

1931 499 2030 536 sus
2083 489 2190 538 est.
2257 485 2573 538 Veneticus
2601 486 2802 537 autem
2831 481 2924 535 ille
2957 497 3064 552 pro
3113 484 3236 538 suis
3291 487 3589 544 veneﬁciis

1931 571 2312 640 erubescens,
2367 573 2484 628 alia
2511 571 2789 643 quaadam
2845 570 3060 626 obtulit
3113 573 3412 642 prioribus
3470 577 3588 632 illis

1931 661 2136 732 pejora
2191 681 2202 710 :
2241 663 2390 726 Ilaec,
2423 660 2724 731 inquiens,
2771 660 2974 732 accipe
3000 677 3168 732 :qum
3196 677 3331 716 cum
3393 681 3589 721 come-

1930 746 2108 812 deris,
2170 749 2390 804 sinihil
2447 749 2580 804 mali
2633 765 2850 820 passus
2897 747 3094 818 fueris,
3145 750 3346 806 statim
3395 759 3579 810 artem

1931 837 2228 910 magicam
2257 837 2688 910 derelinquam,
2719 841 2776 892 et
2814 837 3053 894 credam
3083 837 3262 893 etiam
3289 839 3416 911 ipse
3465 841 3585 898 Deo

1930 941 2112 997 quem
2143 931 2200 981 tu
2229 926 2398 984 colis.
2445 927 2590 982 Cum
2617 926 2794 998 igitur
2841 926 3053 982 beatus
3101 927 3306 984 Victor
3357 945 3589 988 venena

1929 1013 2028 1071 illa
2055 1015 2430 1080 comedisset,
2449 1031 2640 1087 neque
2652 1013 2944 1087 quiddam
2974 1015 3113 1070 mali
3133 1031 3342 1086 passus
3357 1017 3586 1087 fuisset,

1931 1103 2232 1160 veneﬁcus
2286 1103 2381 1160 ille
2409 1119 2628 1175 magna
2669 1119 2814 1159 voce
2849 1103 3117 1160 clamans
3152 1121 3164 1159 :
3199 1103 3302 1173 En,
3371 1107 3586 1180 inquit,

1933 1193 2138 1260 vicisti,
2185 1200 2238 1250 et
2270 1194 2538 1250 animam
2589 1209 2786 1248 meam
2840 1193 3078 1264 jamdiu
3135 1196 3452 1267 perditam,
3512 1199 3591 1256 ab

1931 1282 2130 1338 inferis
2161 1283 2432 1340 eduxisti.
2465 1284 2622 1340 Sicut
2651 1283 2809 1338 enim
2839 1289 3034 1340 statua
3065 1299 3239 1351 terea,
3300 1303 3430 1359 quae
3455 1287 3586 1360 jam

1931 1373 2250 1431 inveterata
2279 1379 2387 1442 est,
2419 1391 2454 1430 a
2485 1375 2656 1429 fabro
2687 1373 2890 1446 aliquo
2925 1374 3184 1445 expolita
3223 1385 3585 1436 renovatur:

1929 1462 2008 1518 ita
2037 1467 2216 1518 etme
2262 1465 2564 1522 miserum.
2619 1464 2678 1518 in
2730 1463 2906 1518 malis
2969 1465 3382 1537 inveteratum,
3433 1471 3586 1525 Deus

1929 1551 2051 1622 ipse
2082 1569 2190 1608 sua
2219 1555 2413 1622 gratia
2443 1568 2738 1608 renovans
2765 1555 3067 1619 convertit,
3101 1562 3155 1609 et
3197 1555 3272 1610 ad
3327 1557 3577 1614 salutem

1927 1641 2190 1698 traduxit
2224 1681 2236 1694 .
2261 1642 2460 1714 Itaque
2489 1642 2790 1698 veneficus
2820 1641 2917 1697 ille
2957 1659 3167 1699 omnes
3209 1661 3350 1702 suos
3393 1645 3581 1704 libros

225 1741 396 1812 χάριτι.
453 1744 588 1792 Τότε
635 1739 660 1790 6
727 1741 915 1810 μάγος
989 1745 1333 1811 παραχρῆμα
1379 1739 1666 1787 κατέκαυσε
1714 1744 1806 1800 πυιε

1929 1731 2191 1802 magicos
2222 1731 2342 1802 igni
2371 1731 2722 1798 combussit,
2756 1736 2812 1788 et
2849 1733 3131 1788 omnibus
3157 1733 3335 1790 rebus
3367 1751 3584 1792 renun-

229 1832 370 1890 πείσας
397 1831 482 1892 τας
505 1829 749 1901 μαγικὰς
784 1828 942 1878 αῦτοῦ
975 1825 1192 1900 βίϐλους
1220 1830 1310 1877 καὶ
1341 1831 1470 1878 πᾶσι
1503 1831 1608 1884 τοῖς
1633 1825 1817 1898 ὑπάρὶ-

235 1921 386 1988 χονσὶν
412 1919 570 1970 αὑτοῦ
609 1915 1046 1989 ἀποταξάμενος,
1079 1921 1279 1988 γέγονεν
1311 1918 1642 1988 Χριστιανός.
1799 1986 1810 1996 '

289 2007 344 2063 Δ’.
376 2011 574 2061 Τούτων
657 2005 716 2059 δὲ
773 2008 992 2058 πάντων
1063 2005 1223 2066 οὕτως
1274 2007 1573 2076 γενομένων,
1631 2005 1721 2074 ἔφη
1789 2005 1814 2036 ο

228 2091 330 2158 δονξ
371 2105 434 2168 τῷ
465 2101 718 2170 μακαρίῳ
785 2103 996 2170 Βίκτορι
1041 2112 1052 2123 ·
1090 2093 1335 2146 ἐπίθυσον
1387 2101 1490 2153 τοῖς
1544 2095 1812 2166 μεγίστοις

223 2187 345 2247 θεοῖς,
393 2193 478 2238 καὶ
532 2193 689 2258 γενοῦ
747 2183 930 2236 λοιπὸν
997 2187 1220 2244 συνετός
1270 2188 1360 2235 καὶ
1437 2185 1688 2256 φρόνιμις.
1753 2177 1811 2232 Ὀ

859 2293 870 2303 ·
939 2276 1086 2345 Ἐγὼ
1153 2277 1372 2327 πάντοτε
1451 2277 1654 2332 συνετός
1703 2270 1808 2343 εἰμι

217 2371 286 2417 τὸν
313 2370 427 2417 Θεὸν
477 2365 820 2437 ἑπιγνώσκων
849 2382 861 2395 ·
895 2364 955 2416 Ὀ
991 2360 1138 2426 δούξ
1167 2362 1302 2416 εἶπεν
1336 2383 1348 2394 ·
1379 2370 1544 2415 Τοῦτο
1573 2362 1666 2413 οῦκ
1696 2365 1806 2420 ἔστι

219 2457 408 2520 οτᾶνεσις,
462 2455 594 2506 ἀλλὰ
654 2459 850 2527 μωρία,
905 2457 960 2505 τὸ
1016 2457 1088 2524 μὴ
1171 2451 1450 2525 βούλεσθαι
1510 2454 1644 2504 θύειν
1697 2459 1806 2512 τοῖς

218 2275 336 2346 ἅγιος
387 2281 546 2329 Βίκτω
551 2297 584 2352 ρ
645 2277 778 2328 εἶπεν

221 2546 344 2606 θεοῖς.
383 2545 436 2596 Ὁ
483 2547 636 2617 οἶγιος
669 2549 883 2617 Βίκτωρ
936 2539 1070 2595 εἶπεν
1103 2563 1114 2574 ·
1149 2546 1224 2594 Τὰ
1268 2544 1418 2615 μωρὰ
1467 2549 1557 2593 τοῦ
1603 2547 1802 2614 κόσμου

219 2633 446 2696 ἐξελέξατο
473 2637 498 2686 6
528 2638 690 2698 Θεὸς,
751 2637 834 2684 ἱνα
879 2636 1004 2694 τοὺς
1051 2635 1238 2704 σοφοὺς
1281 2635 1636 2703 καταισχύνῃ.
1668 2631 1800 2704 Ἔφη

219 2727 324 2793 πρὸς
369 2724 519 2777 αὐτόν
551 2725 580 2776 ό
617 2721 748 2785 δούξ
782 2739 796 2753 ·
839 2729 948 2775 Ποῦ
995 2727 1297 2796 γέγραπται
1338 2729 1504 2772 ταῦτα
1531 2737 1544 2787 ;
1569 2719 1627 2771 ⁶()
1655 2719 1802 2790 ἅγιος

667 2812 868 2872 Παῦλος
923 2813 948 2863 6
1003 2810 1289 2870 ἀπόστολος
1349 2805 1588 2872 ἐδίδαξεν
1639 2811 1796 2882 ἡμᾶς.

213 2897 258 2951 ’ῡ
285 2897 400 2965 ὃούξ
428 2899 564 2955 εἶπεν
619 2923 632 2935 ·
687 2901 890 2954 Οὐκοῦν
948 2903 1078 2962 Θεὸς
1126 2897 1186 2958 ἦν
1234 2901 1260 2951 6
1299 2898 1498 2959 Παῦλος
1529 2897 1626 2964 ;“Ο
1655 2899 1800 2970 ἅγιος

214 2993 378 3065 Βίκτωρ
425 2989 562 3044 εἶπεν
615 3011 626 3024 ’
661 2989 860 3050 Παῦλος
907 2992 1034 3049 Θεὸς
1087 2988 1179 3042 ούκ
1230 2991 1388 3054 ἔστιν,
1451 2985 1582 3040 ἀλλὰ
1640 2995 1795 3054 Θεοῦ,

213 3077 464 3144 ἀπόστολος
511 3086 608 3133 καὶ
653 3083 810 3152 σοφὸς
861 3079 1216 3152 ἀρχιτέκτων·
1271 3075 1354 3130 ἐπὶ
1404 3079 1505 3152 γὰρ
1535 3085 1606 3148 τῷ
1658 3079 1798 3149 θεμε-

217 2817 384 2886 Βίκτωρ
432 2811 568 2866 εἶπεν
609 2830 620 2842 ⁸

211 3167 284 3239 iis...
336 3179 402 3242 τῷ
448 3173 650 3224 τεθέντι
691 3166 1002 3241 ᾠκοδόμησε
1039 3173 1128 3220 καὶ
1182 3166 1448 3240 ἐπλήρωσε
1510 3171 1603 3225 τήν
1654 3166 1796 3218 οἰκου

211 3261 340 3328 μένην
381 3267 472 3320 τῆς
516 3257 770 3330 διδαχῆς
821 3258 1006 3310 αὐτοῦ·
1051 3261 1140 3308 καὶ
1191 3255 1360 3308 λαϐὼν
1419 3259 1600 3328 σοφίαν
1661 3251 1798 3329 παρά

215 3354 342 3413 Θεοῦ,
397 3349 551 3421 ἑσχεν
609 3347 660 3398 ἐν
714 3348 878 3418 ἐαυτῷ
907 3350 965 3398 τὸ
1005 3345 1262 3418 πλήρωμα
1305 3353 1402 3396 τῶν
1461 3351 1672 3416 Γραφῶν
1711 3351 1798 3400 καὶ

215 3432 374 3498 ἔδειξεν
403 3433 527 3489 ὀδόν
563 3443 676 3498 τοῖς
725 3438 958 3494 σωθῆναι
993 3433 1347 3507 βουλομένοις.
1380 3432 1438 3486 Ὀ
1483 3431 1611 3496 δούξ
1643 3433 1794 3486 εἷπενυ

219 3531 394 3578 Παῦσαι
449 3527 633 3578 λοιπὸν
677 3535 768 3586 τῆς
824 3529 1023 3597 μωρίας
1082 3543 1178 3576 σου
1225 3525 1434 3588 ταύτης,
1495 3527 1584 3574 καὶ
1639 3525 1798 3581 θῦσον

217 3621 304 3676 τοῖς
339 3612 478 3682 θεοῖς,
513 3615 628 3667 ἐπεὶ
663 3615 756 3666 οῦκ
806 3614 1130 3687 ὠφελήσουσί
1165 3632 1221 3665 σε
1263 3615 1328 3664 τὰ
1371 3613 1585 3686 ῥήματα
1608 3621 1792 3665 ταῦτα.

215 3699 261 3753 Ὀ
303 3704 438 3775 ἅγιος
488 3710 694 3776 Βίκτωρ
733 3701 886 3756 εἶπεν⁸
939 3703 1048 3756 Ούκ
1088 3703 1192 3775 εἰμὶ
1239 3705 1428 3776 μωρὸς,
1484 3700 1612 3754 ἆλλὰ
1661 3705 1794 3754 πάνυ

219 3797 426 3864 φρόνιμος
499 3799 592 3846 τὸν
653 3801 782 3846 Θεον
841 3813 943 3866 μου
1001 3797 1073 3865 μὴ
1132 3792 1455 3866 ἀρνούμενος
1517 3797 1683 3866 μωροὶ
1738 3789 1796 3845 δὲ

219 3879 301 3932 εἱσι
341 3890 424 3935 καὶ
461 3883 690 3958 ¹ὸιφρονες
736 3885 784 3935 οἱ
829 3881 1102 3943 ἀκούοντές
1134 3901 1228 3934 σου
1259 3885 1348 3932 καὶ
1392 3877 1615 3952 δαίμοσι
1644 3883 1796 3933 θύον-

217 3985 292 4028 τες
335 3976 415 4024 καὶ
463 3976 563 4047 γὰρ
621 3974 648 4024 6
699 3977 872 4046 πατὴρ
923 3973 1065 4044 ὑμῶν
1117 3973 1141 4022 ὁ
1197 3967 1434 4031 διάϐολος
1483 3968 1572 4022 ἀπ’
1623 3969 1796 4045 ἀρχῆς

217 4055 418 4126 ψεύστης
463 4065 606 4115 ἐστὶν
655 4067 744 4114 καὶ
795 4065 888 4120 τὴν
944 4061 1186 4117 ἀληθειαν
1235 4059 1328 4112 ούκ
1377 4063 1526 4132 ἔγνω,
1585 4062 1654 4120 ὡς
1707 4066 1795 4112 καὶ

217 4145 335 4218 ὑμεῖς
366 4153 410 4201 οἱ
457 4147 698 4204 διάκονοι
752 4149 932 4202 αὐτοῦ’
991 4148 1120 4201 ἀλλὰ
1164 4153 1252 4202 καὶ
1301 4151 1356 4200 αἱ
1405 4145 1622 4222 καρδίαι
1653 4151 1794 4222 ὑμῶν

217 4243 535 4312 πεπήρωνται,
563 4245 656 4300 τὴν
683 4249 877 4312 γνῶσιν
908 4247 998 4300 τῆς
1030 4237 1272 4302 ἀληθείας
1305 4243 1376 4311 μη
1411 4241 1656 4310 ἔχουσαι.

275 4421 334 4470 E'.
373 4423 494 4471 Τότε
538 4420 794 4491 θυμωθεὶς
841 4420 867 4470 6
921 4415 1050 4480 δουξ
1090 4415 1319 4470 ἐκέλευσε
1371 4419 1436 4470 τὰ
1472 4425 1628 4492 νεῦρα
1675 4416 1792 4469 ὅλου

1929 1821 2100 1887 tians,
2132 1819 2498 1876 Christianus
2528 1821 2719 1877 factus
2743 1826 2851 1877 est.

1993 2003 2081 2057 IV.
2111 2004 2258 2060 Cum
2281 2003 2408 2060 haec
2439 2003 2521 2059 ita
2551 2020 2611 2060 se
2636 2003 2944 2072 haberent,
2974 2005 3094 2060 dux
3113 2005 3190 2060 ad
3219 2006 3456 2062 beatum
3491 2009 3580 2064 Vi-

1922 2097 2146 2147 ctorem
2178 2107 2504 2148 conversus
2536 2110 2548 2146 :
2585 2093 3106 2166 Sacriﬁca,inquit,
3128 2093 3240 2150 diis
3273 2096 3576 2163 maximis,

1919 2185 1974 2235 et
1991 2185 2114 2236 esto
2126 2181 2605 2252 prudens.Victor
2621 2183 2930 2254 respondit
2947 2201 2959 2236 :
2981 2185 3101 2255 Ego
3127 2183 3392 2255 prudens
3425 2202 3580 2242 sem-

1918 2284 2024 2341 per
2064 2286 2221 2339 sum,
2263 2286 2401 2326 cum
2435 2271 2618 2328 Deum
2655 2288 3046 2342 cognoscam.
3081 2275 3206 2328 Non
3237 2279 3348 2342 est,
3382 2273 3578 2348 inquit

1915 2357 2802 2431 dux,prudentiae,sedstultitiz£
2826 2361 3082 2432 signum,
3101 2362 3253 2418 nolle
3285 2363 3396 2419 diis
3425 2365 3570 2436 ipsis

1913 2448 2261 2504 sacriﬁcare.
2295 2449 2382 2505 Ad
2411 2451 2536 2506 haec
2581 2455 2824 2506 sanctus
2865 2451 3108 2507 Victor:
3144 2451 3334 2508 Stulta
3361 2454 3570 2509 mundi

1913 2537 2084 2607 elegit
2133 2541 2305 2604 Deus,
2367 2543 2430 2595 ut
2477 2540 2773 2612 sapientes
2819 2540 3148 2596 confundat
3187 2543 3226 2594 1.
3281 2542 3444 2598 Tunc
3485 2543 3569 2598 ait

1911 2626 2032 2681 dux
2087 2644 2098 2682 :
2159 2631 2222 2682 Et
2269 2627 2518 2685 ubinam
2557 2629 2668 2683 hoc
2709 2628 2994 2700 scriptum
3029 2629 3242 2700 legitur
3272 2631 3298 2684 ?
3336 2631 3440 2686 Cui
3482 2647 3567 2686 re-

1910 2715 2150 2787 spondit
2177 2717 2367 2772 Victor
2399 2734 2411 2772 :
2443 2717 2660 2772 Paulus
2687 2717 2991 2788 apostolus
3023 2735 3131 2773 nos
3157 2719 3282 2774 haec
3330 2720 3554 2778 docuit.

1909 2807 2083 2872 Num,
2113 2807 2304 2877 inquit
2334 2806 2445 2872 ille,
2470 2807 2624 2862 Deus
2657 2813 2783 2862 erat
2839 2807 3053 2862 Paulus
3088 2807 3115 2862 ?
3166 2809 3267 2863 Cui
3323 2807 3560 2865 Victor:

1908 2893 2144 2950 Minime
2185 2893 2403 2951 Paulus
2433 2898 2582 2950 Deus
2612 2901 2718 2960 est,
2747 2895 2848 2950 sed
2899 2896 2998 2950 Dei
3033 2895 3358 2968 apostolus,
3391 2901 3446 2952 ct
3474 2913 3568 2953 sa-

1909 2983 2078 3056 piens
2120 2985 2508 3041 architectus:
2547 2985 2861 3042 aediﬁcavit
2913 2985 3073 3040 enim
3117 3001 3296 3058 super
3352 2985 3564 3043 funda-

1908 3077 2178 3129 mentum
2203 3074 2368 3146 quod
2425 3075 2686 3147 positum
2728 3075 2917 3130 fuerat
2953 3077 2996 3140 ³,
3031 3079 3088 3130 et
3133 3075 3407 3131 doctrina
3458 3091 3568 3132 sua

1908 3161 2116 3218 orbem
2148 3167 2438 3220 terrarum
2481 3163 2729 3236 replevit
2795 3184 2806 3223 :
2869 3165 2972 3236 qui
3019 3181 3158 3220 cum
3207 3164 3563 3237 sapientiam

1909 3251 2021 3306 sibi
2043 3269 2077 3308 a
2101 3254 2218 3308 Deo
2233 3254 2512 3310 traditam
2527 3253 3212 3324 accepisset,divinarum
3227 3255 3564 3310 Litterarum

1909 3341 2149 3413 plenam
2195 3341 2632 3416 perfectamque
2663 3343 2934 3399 notitiam
2992 3344 3052 3398 in
3113 3361 3174 3399 se
3231 3343 3462 3409 habuit,
3507 3351 3562 3400 et

1907 3430 2020 3496 his,
2051 3431 2154 3504 qui
2183 3431 2332 3488 salvi
2357 3448 2486 3488 esse
2530 3431 2792 3504 cupiunt,
2847 3433 3008 3488 viam
3066 3433 3346 3489 ostendit.
3397 3436 3558 3489 Tunc

1908 3520 1989 3575 ait
2017 3522 2140 3575 dux
2173 3521 2421 3576 :Desine
2447 3521 2506 3576 in
2550 3529 2856 3594 posterum
2911 3522 2988 3577 ab
3036 3523 3152 3578 ista
3211 3523 3450 3578 insania
3504 3527 3561 3578 et

1906 3607 2017 3664 diis
2049 3610 2355 3676 sacriﬁca;
2385 3627 2506 3665 non
2534 3610 2692 3666 enim
2735 3611 2837 3666 tibi
2879 3611 3205 3682 proderunt
3229 3613 3408 3668 verba
3457 3613 3567 3668 ista

1905 3701 2027 3753 tua.
2061 3701 2332 3766 Manime,
2365 3698 2554 3771 inquit
2589 3699 2807 3768 Victor,
2853 3701 3103 3756 insanus
3134 3717 3244 3772 ego
3271 3718 3429 3766 sum,
3459 3700 3566 3756 sed

1907 3787 2080 3843 valde
2114 3788 2398 3859 prudens,
2427 3805 2566 3844 cum
2599 3791 2784 3843 Deum
2813 3805 3014 3844 meum
3049 3806 3168 3844 non
3197 3805 3432 3859 negem.
3471 3790 3561 3844 In-

1905 3877 2036 3932 sani
2073 3883 2128 3933 et
2166 3877 2472 3934 dementes
2516 3883 2673 3944 sunt,
2701 3878 2804 3950 qui
2853 3884 2905 3934 te
2944 3879 3217 3945 audiunt,
3251 3885 3306 3934 et
3341 3879 3564 3934 daemo-

1907 3965 2083 4022 nibus
2117 3967 2388 4023 victimas
2427 3967 2724 4028 offerunt:
2763 3968 2990 4024 Etenim
3017 3973 3188 4042 pater
3219 3973 3407 4024 vester
3438 3967 3562 4024 dia-

1905 4055 2078 4110 bolus
2110 4055 2370 4113 mendax
2411 4063 2517 4123 est,
2549 4064 2606 4114 et
2636 4057 2694 4113 in
2738 4057 2978 4114 veritate
3011 4073 3132 4113 non
3176 4057 3328 4114 stetit
3367 4075 3378 4112 :
3412 4055 3563 4114 sicut

1906 4151 1961 4201 et
2015 4162 2137 4212 vos,
2187 4147 2290 4219 qui
2355 4147 2499 4203 estis
2557 4147 2718 4204 illius
2779 4148 3028 4204 ministri
3079 4149 3122 4202 ⁸.
3180 4149 3332 4215 Quin
3383 4148 3561 4204 etiam

1905 4235 2090 4292 corda
2119 4241 2316 4293 vestra
2341 4243 2639 4296 excmcata
2669 4243 2826 4304 sunt,
2855 4238 3110 4294 veritatis
3142 4238 3416 4296 notitiam
3445 4255 3563 4295 non

1903 4323 2212 4381 habenﬁa.

1975 4417 2038 4470 V.
2083 4417 2242 4471 Tunc
2271 4415 2468 4473 furore
2513 4433 2798 4472 accensus
2841 4417 2964 4473 dux
3013 4417 3132 4488 ille,
3157 4419 3330 4490 jussit
3381 4419 3558 4474 totius

219 4511 293 4555 τοῦ
323 4513 554 4578 σώματος
605 4508 766 4560 αὐτοῦ
815 4507 1164 4572 ἀποκοπῆναι,
1211 4512 1300 4560 καὶ
1353 4510 1536 4560 τούτου
1587 4509 1790 4578 γενομέ-

1917 4506 2168 4575 :orporis
2201 4507 2474 4577 martyris
2505 4522 2720 4562 nervos
2759 4507 2981 4564 divelli.
3032 4509 3160 4574 Quo
3201 4509 3380 4574 facto,
3413 4507 3562 4564 dixit

219 4611 308 4656 νου,
353 4594 482 4648 εἶπεν
535 4599 562 4649 ό
615 4595 760 4666 ἅγιος
819 4601 1036 4672 Βίκτωρ·
1072 4604 1260 4650 Ταῦτα
1309 4598 1488 4648 πάντα
1565 4597 1792 4668 πάσχων

221 4681 301 4732 ὑπὸ
330 4691 436 4749 σοῦ,
464 4683 579 4738 οὐδ’
613 4686 736 4746 ὅλως
769 4687 1010 4759 ᾐσθόμην
1045 4681 1350 4757 ἀλγηδόνος,
1387 4683 1479 4738 διὰ
1507 4690 1600 4744 τὴν
1631 4688 1792 4759 χάριν

223 4778 294 4821 τοῦ
338 4779 459 4826 Θεοῦ
513 4780 607 4834 τὴν
657 4771 1048 4848 ἐνδυναμοῦσάν
1097 4795 1181 4848 με,
1229 4778 1402 4850 ὥσπερ
1435 4777 1536 4851 γὰρ
1587 4779 1793 4850 κέντρον

225 4855 306 4909 ἀπὸ
351 4859 504 4924 ποδὸς
579 4863 908 4937 ἐκφερόμενον
984 4869 1279 4940 συνεκφέρει
1333 4864 1497 4935 ἑαυτῷ
1553 4869 1645 4922 τὴν
1703 4884 1794 4916 κα-

223 4955 412 5020 κουχίαν
484 4959 572 5006 καὶ
629 4961 802 5006 πᾶσαν
857 4959 947 5012 τὴν
999 4951 1268 5024 ἀλγηδόνα
1329 4959 1418 5006 καὶ
1501 4953 1793 5005 ἀνάπαυσιν

225 5043 410 5110 παρέχει
461 5051 532 5112 τῷ
585 5047 810 5116 σώματι,
873 5043 1038 5106 οὕτως
1083 5041 1250 5115 κάγὼ,
1295 5051 1394 5095 τῶν
1449 5045 1636 5116 νεύρων
1691 5061 1792 5114 μου

225 5119 654 5196 ἀποσπασθέντων,
695 5133 831 5184 πάνυ
883 5131 1255 5204 ἀνεπαυσάμην
1307 5127 1398 5184 διὰ
1429 5137 1521 5192 τὴν
1561 5129 1610 5182 ἐν
1668 5139 1794 5206 Χριο

227 5222 312 5284 στῷ
347 5223 514 5270 πίστιν
559 5227 648 5273 καὶ
677 5225 766 5280 τὴν
813 5220 1169 5293 ἐνισχύουσάν
1217 5241 1280 5294 με
1308 5223 1491 5295 χάριν.
1544 5225 1670 5273 Τότε
1701 5223 1796 5272 πά-

224 5297 286 5352 λιν
335 5306 356 5356 ὸ
419 5303 544 5372 δοῦξ
598 5309 678 5362 ἐπὶ
755 5310 925 5362 πλεῖον
969 5310 1255 5384 ὀργισθεὶς,
1315 5311 1570 5363 ἐκέλευσεν
1626 5310 1793 5362 ἔλαιον

231 5387 436 5467 σῖοδρῶς
475 5401 778 5474 πυρωθῆναι
825 5404 915 5452 καὶ
967 5398 1277 5472 ἐπιχεθῆναι
1327 5400 1467 5472 αύτῷ
1518 5401 1656 5453 κατὰ
1693 5408 1793 5452 τῶν

289 5569 496 5632 ‘ICor.
517 5589 558 5646 ι,
583 5579 670 5632 2‘7.
747 5579 770 5613 ²
799 5577 822 5634 Ι
851 5578 980 5636 Cor.
1004 5592 1086 5650 ιιι,
1132 5577 1216 5647 H,
1253 5581 1332 5634 12.
1414 5579 1435 5613 ³
1461 5577 1630 5635 Joan.
1659 5591 1780 5648 vui,
1807 5576 1898 5638 44.

1904 4597 2142 4648 sanctus
2173 4593 2370 4650 Victor
2402 4611 2414 4648 :
2451 4595 2596 4650 Cum
2635 4597 2839 4652 omnia
2869 4597 2994 4652 haec
3025 4614 3060 4653 a
3094 4603 3146 4652 te
3190 4597 3402 4669 patior,
3423 4597 3561 4652 nul-

1902 4683 2028 4740 lum
2050 4685 2299 4740 omnino
2334 4701 2546 4740 sensus
2572 4685 2839 4742 dolorem
2883 4689 3145 4760 percipio
3173 4695 3416 4760 propter
3463 4687 3560 4743 Dei

1904 4773 2178 4842 gratiam,
2249 4791 2380 4845 quin
2429 4792 2525 4830 me
2589 4775 2956 4832 corroborat.
3027 4777 3555 4842 Quemadmodum

1905 4863 2060 4917 enim
2095 4861 2338 4919 aculeus
2369 4880 2404 4920 a
2435 4863 2585 4935 pede
2621 4865 2874 4936 alicujus
2901 4866 3162 4932 evulsus,
3199 4883 3405 4922 secum
3441 4882 3560 4921 una

1904 4951 2174 5007 dolorem
2201 4969 2440 5008 omnem
2465 4953 2673 5019 aufert,
2705 4961 2760 5010 et
2789 4956 3022 5027 corpori
3047 4955 3256 5011 deinde
3287 4957 3555 5029 requiem

1903 5041 2170 5114 praebet:
2214 5043 2294 5098 ita
2325 5049 2378 5098 et
2409 5059 2540 5114 ego,
2575 5045 2770 5100 nervis
2801 5045 2948 5100 meis
2991 5044 3259 5110 divulsis,
3295 5045 3554 5100 maxime

1903 5134 2206 5186 recreatus
2247 5148 2400 5196 sum,
2464 5133 2668 5188 divina
2717 5135 2906 5203 gratia
2957 5149 3052 5189 me
3109 5134 3552 5190 corroborante.

1903 5223 2062 5277 Tunc
2089 5221 2208 5277 dux
2235 5223 2426 5291 magis
2458 5223 2774 5296 magisque
2808 5225 2994 5280 iratus
3019 5225 3195 5296 jussit
3219 5225 3416 5280 oleum
3461 5241 3558 5281 ve-

1903 5311 2210 5366 hementer
2234 5311 2508 5378 calefieri,
2542 5317 2596 5368 et
2635 5314 2698 5368 in
2731 5317 2998 5370 occultas
3048 5319 3248 5386 partes
3288 5314 3553 5388 corporis

1904 5399 2158 5455 infundi.
2222 5399 2350 5469 Quo
2415 5401 2589 5469 facto,
2643 5402 2857 5460 beatus
2927 5409 3153 5477 martyr
3203 5405 3284 5462 ait
3343 5421 3355 5459 :
3409 5405 3555 5466 Tam
