4084 6216
517 317 623 379 263

1916 310 2193 374 MENSIS
2242 318 2472 376 MAIUS

3776 324 3885 382 264

519 464 699 504 suave
731 447 874 502 mihi
916 447 1149 504 fervens
1193 445 1307 500 hoc
1350 444 1557 499 oleum
1599 443 1791 500 visum
1835 450 1941 511 est,
1986 461 2170 517 quam

2283 455 2524 518 κρυπτῶν
2581 445 2764 518 μελῶν.
2813 452 2914 500 Καὶ
2971 450 3155 501 τούτου
3185 453 3455 521 γενομένου
3512 445 3643 503 εἶπεν
3701 452 3726 503 6
3780 472 3885 524 μα·

519 537 708 608 gelida
762 552 941 607 aqua,
974 551 1111 588 cum
1152 535 1204 588 ei
1247 533 1439 595 datur,
1489 534 1584 603 qui
1633 540 1868 605 propter
1918 534 2171 589 nimium

518 632 728 681 aestum
773 625 867 678 siti
906 623 1175 678 laborat:
1206 638 1344 677 cum
1380 637 1511 676 eam
1552 622 1713 676 enim
1752 621 1976 685 biberit,
2002 622 2172 678 valde

516 719 832 770 recreatur.
864 715 1024 768 Tunc
1056 712 1178 767 dux
1222 710 1420 766 furore
1455 710 1810 766 intolerabili
1839 717 2168 782 correptus,

511 803 710 873 jussit,
738 802 797 855 in
828 802 988 869 ligno
1020 807 1345 873 martyrem
1377 798 1683 871 suspendi,
1717 804 1775 855 et
1806 801 2010 871 igneas
2044 800 2172 870 ejus

518 892 752 961 corpori
800 889 957 945 faces
1012 890 1341 945 admoveri.
1393 889 1489 944 Ille
1548 905 1684 945 vero
1739 889 1944 945 divina
1983 890 2172 959 gratia

516 979 710 1049 magis
754 979 1196 1043 corroboratus,
1225 994 1433 1033 earum
1468 978 1819 1049 lampadum
1854 978 2013 1033 faces
2047 995 2170 1034 non

518 1068 835 1125 sentiebat.
876 1071 1005 1123 Mox
1054 1068 1131 1122 ad
1171 1067 1340 1121 illum
1391 1067 1506 1121 dux
1544 1084 1556 1121 :
1593 1066 1893 1131 Sacrifica,
1955 1068 2167 1140 inquit,

517 1157 758 1223 diis,diu
801 1157 962 1212 enim
994 1162 1048 1211 te
1103 1156 1331 1227 pertuli.
1389 1157 1713 1228 Respondit
1764 1157 1961 1212 Victor
2006 1173 2017 1211 :
2071 1157 2173 1212 Mi-

516 1245 675 1301 nime
724 1246 939 1301 faciam
998 1244 1163 1317 quod
1221 1254 1281 1299 tu
1331 1246 1435 1308 vis,
1479 1245 1582 1300 sed
1634 1245 1799 1317 quod
1848 1245 1971 1301 vult
2020 1248 2171 1301 Deus

518 1351 717 1390 meus:
746 1352 926 1407 quem
960 1350 1188 1407 precor,
1223 1340 1285 1389 ut
1324 1334 1686 1389 sacrificium
1739 1351 1960 1406 purum
1993 1342 2170 1407 atque

515 1431 747 1480 castum
779 1426 1065 1496 meipsum
1107 1424 1187 1478 illi
1227 1422 1434 1501 offerre
1466 1423 1711 1495 possim,
1761 1424 1821 1479 in
1851 1425 2024 1496 cujus
2069 1441 2173 1497 po-

518 1519 729 1570 testate
756 1515 961 1570 anima
980 1519 1038 1569 et
1058 1529 1273 1586 corpus
1297 1529 1497 1569 meum
1530 1520 1633 1569 est.

586 1783 682 1839 Vl.
729 1785 889 1839 Tunc
914 1782 1091 1854 jussit
1120 1797 1418 1838 venenum
1447 1797 1585 1837 cum
1616 1785 1782 1837 aceto
1831 1781 2077 1837 mistum
2107 1782 2166 1836 in
2201 1798 2245 1853 Β

515 1873 643 1944 ejus
675 1874 876 1928 fauces
918 1872 1100 1943 injici.
1138 1876 1209 1927 At
1243 1873 1457 1927 beatus
1490 1870 1682 1926 Victor
1709 1871 1815 1929 ait;
1850 1876 2090 1926 Acetum
2115 1878 2171 1927 et

514 1978 811 2017 venenum
842 1961 955 2017 hoc
979 1961 1126 2017 mihi
1168 1961 1398 2015 videtur
1420 1959 1538 2015 mel
1560 1965 1613 2014 et
1636 1959 1801 2015 favus
1818 1976 1968 2015 esse.
1986 1960 2046 2014 Id
2066 1978 2168 2016 au.

516 2056 632 2107 tem
673 2051 810 2106 facit
844 2052 1108 2106 Christus
1164 2049 1303 2121 ipse.
1340 2050 1477 2104 Cum
1512 2054 1711 2104 autem
1753 2050 1877 2104 dux
1915 2049 2167 2106 liberam

513 2140 640 2210 ejus
671 2140 1005 2195 orationem
1037 2154 1158 2193 non
1208 2138 1398 2205 ferret,
1429 2137 1586 2192 illius
1618 2138 1815 2193 oculos
1845 2139 2167 2210 compuugi

2282 538 2465 611 κάριος
2522 541 2716 611 Βίκτωρ
2772 554 2783 567 ’
2844 538 3019 598 Οὕτως
3070 558 3158 610 μοι
3226 544 3283 591 τό
3361 538 3648 614 ἐκπυρωθεν
3722 551 3880 596 τοῦτο

2281 625 2447 677 ἔλαιόν
2501 624 2662 690 ἐστιν,
2700 630 2871 701 ὥσπερ
2913 624 3055 698 ὕδωρ
3112 625 3261 681 δοθὲν
3312 630 3506 682 ἐλθόντι
3547 632 3646 682 ἀπὸ
3675 636 3880 684 καύσω-

2280 719 2362 777 νός
2415 735 2515 767 τινι
2574 712 2799 786 διψῶντι
2842 722 2930 769 καὶ
2969 722 3160 784 πιόντι,
3216 724 3305 771 καὶ
3346 717 3687 791 ἀναψύξαντι,
3720 721 3777 774 Ὀ
3822 718 3879 774 δε

2282 800 2412 867 δόῦξ
2470 806 2616 876 θυμῷ
2673 804 3019 877 ἀκατασχέτῳ
3076 811 3379 879 συσχεθεὶς,
3432 808 3691 862 ἐκέλευσεν
3730 811 3883 862 πάλιν

2279 896 2639 967 κρεμασθῆναι
2670 895 2823 947 αὐτόν
2877 896 2926 947 ἐν
2977 906 3048 967 τῷ
3089 896 3220 969 ξύλῳ
3264 903 3353 950 καὶ
3402 896 3681 971 λαμπάδας
3721 904 3885 973 πυρός

2280 985 2696 1058 προσενεχθῆναι
2752 992 2823 1054 τῷ
2893 992 3097 1057 σώματι
3156 987 3335 1039 αὐτοῦ.
3395 986 3453 1039 Ὀ
3509 985 3569 1040 δὲ
3622 992 3887 1063 μακάριος

2281 1077 2477 1145 Βίκτωρ
2522 1080 2687 1125 ταῦτα
2740 1077 2967 1145 πάσχων
3013 1072 3127 1127 οὐδ’
3178 1075 3301 1136 ὅλως
3334 1077 3589 1149 ᾐσθάνετο
3629 1086 3728 1128 τῶν
3754 1077 3882 1149 λοιμ-

2280 1157 2481 1227 πάδων,
2562 1161 2669 1213 ἀλλ’
2726 1159 3100 1236 ἐνεδυναμοῦτο
3156 1164 3305 1217 πλέον
3364 1167 3463 1217 ὑπό
3520 1175 3610 1226 τῆς
3659 1170 3886 1240 χάριτος

2280 1258 2370 1301 τοῦ
2425 1258 2579 1303 Θεοῦ.
2632 1255 2775 1304 Μετά
2806 1249 2865 1305 δὲ
2908 1261 3073 1305 ταῦτα
3122 1250 3257 1307 εἶπεν
3302 1254 3443 1325 αὐτῷ
3474 1256 3499 1306 ό
3532 1252 3660 1318 δούξ
3694 1274 3704 1285 ·
3740 1256 3885 1309 Ἐπί-

2282 1340 2439 1391 θνσον
2496 1339 2672 1391 λοιπόν
2700 1359 2710 1369 ·
2738 1340 2899 1393 πολλά
2953 1345 3053 1417 γὰρ
3116 1362 3209 1395 σου
3279 1343 3601 1416 ἠνεσχόμην.
3643 1344 3702 1397 Ὀ
3732 1346 3883 1417 ἅγιος

2284 1432 2480 1502 Βίκτωρ
2511 1426 2645 1481 εἶπεν
2679 1447 2690 1459 ·
2723 1430 2798 1482 Ou’
2838 1435 2896 1482 τὸ
2944 1435 3033 1483 σὸν
3067 1432 3265 1505 θέλημα
3313 1442 3466 1499 ποιῶ,
3501 1432 3631 1485 ἀλλά
3676 1438 3733 1486 τό
3788 1443 3882 1488 τοῦ

2279 1523 2406 1571 Θε›ῦ
2439 1539 2559 1591 μου,
2594 1525 2681 1572 καὶ
2700 1523 2927 1592 εὔχομαι
2956 1530 3312 1593 προσαγαγεῖν
3339 1522 3479 1593 αὐτῷ
3506 1524 3694 1576 θυσίαν
3720 1526 3882 1576 καθα-

2278 1610 2371 1682 ρὰν
2401 1612 2490 1660 καὶ
2520 1608 2675 1680 ἁγνὴν
2707 1608 2934 1681 ἐμαυτῷ,
2964 1612 3043 1663 ὅτι
3070 1611 3226 1675 αὐτὸς
3256 1617 3344 1664 καὶ
3368 1611 3557 1684 ψυχῆς
3582 1617 3671 1666 καὶ
3702 1619 3883 1685 σῶμα·

2277 1716 2361 1759 τος
2388 1696 2704 1760 ἐξουσιάζει.

2352 1787 2422 1851 ς’.
2463 1790 2560 1840 Καὶ
2604 1786 2860 1840 ἐκελευσεν
2900 1786 3052 1840 πάλιν
3104 1790 3131 1841 6
3163 1786 3293 1852 δοὺξ
3339 1794 3512 1842 κονίαν
3556 1794 3687 1862 μετὰ
3729 1791 3882 1854 ὄξους

2280 1876 2351 1938 εἰς
2392 1879 2458 1927 τὰ
2511 1875 2780 1950 βραγχεῐα
2816 1877 2976 1929 αὐτοῦ
3032 1878 3354 1949 ἐμϐληθῆναι
3387 1900 3399 1912 ο
3433 1884 3521 1931 καὶ
3560 1883 3746 1932 τούτου
3793 1901 3877 1952 γει

2277 1970 2486 2038 νομένου
2527 1967 2552 2017 ό
2602 1965 2751 2037 ἅγιος
2797 1971 2992 2041 Βίκτωρ
3036 1962 3171 2019 εἶπεν
3218 1986 3230 2000 ·
3284 1972 3353 2020 Τὸ
3400 1968 3510 2030 ὅξος
3548 1974 3636 2021 καὶ
3665 1972 3693 2027 ἠ
3728 1974 3880 2022 κονία

2277 2057 2389 2126 ἐμοὶ
2438 2058 2610 2128 ὥσπερ
2665 2054 2779 2127 μέλι
2830 2060 2919 2107 καὶ
2966 2060 3150 2129 κηρίον
3209 2057 3311 2109 εἰσὶ
3345 2054 3438 2109 διὰ
3483 2061 3571 2110 τόν
3624 2065 3875 2131 Χριστόν.

2276 2149 2400 2196 Τότε
2447 2149 2517 2216 μὴ
2577 2149 2737 2217 φέρων
2796 2150 2888 2203 τὴν
2932 2145 3228 2220 παρρησίαν
3281 2148 3444 2198 αὐτοῦ
3494 2149 3520 2199 ό
3565 2144 3714 2212 δοὺξ,
3774 2148 3880 2201 ἐκέ-

507 2229 714 2300 jussit.
752 2227 857 2283 Cui
881 2228 1028 2283 dixit
1069 2227 1268 2281 Victor
1297 2243 1309 2282 :
1338 2230 1483 2283 Cum
1528 2230 1792 2298 corporis
1833 2228 1947 2283 mei
1978 2229 2166 2283 visum

513 2318 920 2381 excaecaveris,
966 2322 1103 2372 tunc
1138 2315 1404 2371 interiori
1445 2317 1661 2371 animae
1702 2332 1881 2372 sensu
1932 2316 2165 2373 acutius

512 2406 731 2462 videbo
744 2450 756 2461 .
786 2406 1061 2477 Corporei
1075 2404 1236 2459 enim
1251 2403 1408 2460 oculi
1422 2404 1630 2459 mundi
1644 2404 1821 2476 hujus
1834 2407 2163 2461 vanitatem

513 2498 854 2569 aspiciunt:
907 2498 967 2551 at
1017 2494 1209 2550 cordis
1253 2494 1411 2550 acies
1452 2510 1655 2549 veram
1692 2493 1858 2551 illam
1907 2495 2166 2550 intuetur

511 2585 726 2643 lucem.
758 2584 931 2657 Cogis
956 2600 1070 2651 me,
1110 2583 1302 2655 inquit
1330 2583 1679 2648 dux,multa
1716 2589 1770 2638 et
1806 2600 2029 2654 magna
2056 2591 2166 2640 tor-

514 2682 717 2733 menta
755 2676 859 2731 tibi
899 2674 1142 2729 afferre:
1182 2675 1245 2728 Et
1283 2688 1394 2743 ego
1434 2673 1653 2743 gratias
1692 2687 1807 2742 ago
1847 2674 1967 2729 Deo
2008 2691 2163 2743 meo,

511 2766 615 2838 qui
654 2763 996 2821 facultatem
1037 2770 1093 2818 et
1129 2762 1314 2818 robur
1362 2762 1510 2817 mihi
1558 2767 1799 2834 praestat
1832 2763 2166 2820 sustinendi

514 2859 810 2910 tormenta
848 2859 976 2910 tua.
1036 2854 1104 2908 Ut
1128 2851 1305 2922 igitur
1340 2851 1499 2915 libet,
1543 2868 1638 2907 me
1687 2852 1935 2922 crucies,
1976 2869 2165 2925 neque

511 2943 627 2999 ulla
653 2942 711 2997 in
752 2959 813 2997 re
841 2940 986 2996 mihi
1020 2956 1265 3011 parcas:
1297 2945 1539 3011 paratus
1595 2941 1755 2995 enim
1787 2957 1918 2995 sum
1953 2957 2164 2997 omnes

510 3046 834 3094 aerumnas,
893 3043 1285 3101 quascunque
1371 3027 1515 3082 mihi
1568 3028 1850 3095 attuleris,
1914 3029 2166 3086 libenter

2278 3036 2610 3107 Ἀναγκάζεις
2662 3054 2724 3107 με
2791 3034 2983 3097 πολλάς
3046 3040 3135 3087 καὶ
3191 3035 3419 3107 μεγάλας
3476 3055 3559 3089 σοι
3620 3038 3877 3091 ἐπιθεῖναι

510 3123 759 3197 perpeti,
788 3123 907 3177 Deo
932 3121 1063 3192 ipso
1100 3119 1246 3174 mihi
1312 3120 1468 3174 vires
1523 3126 1904 3189 suggerente.

2278 3124 2531 3186 κολάσεις.
2583 3123 2643 3176 Ὀ
2693 3123 2839 3195 ἅγιος
2910 3129 3105 3197 Βίκτωρ
3188 3131 3345 3180 εἶπεν.
3424 3125 3742 3199 Εὖχαριστῶ
3799 3136 3879 3199 τῷ

510 3220 625 3283 Θεῷ
665 3231 763 3284 μου
807 3218 878 3281 τῷ
931 3209 1274 3281 ἑνισχύσαντί
1322 3226 1385 3279 με
1432 3208 1698 3280 ὑπομένειν
1740 3212 1830 3271 τὰς
1887 3210 2151 3283 βασάνους
2207 3232 2321 3269 σου’
2387 3216 2453 3275 ὡς
2505 3209 2591 3265 οὖν
2640 3213 2815 3280 θελεις,
2869 3213 3057 3275 κόλαζέ
3111 3233 3174 3287 με
3222 3218 3312 3266 καὶ
3368 3220 3439 3287 μή
3499 3234 3598 3288 μου
3670 3213 3881 3289 φείδου.

510 3303 713 3373 ἕτοιμος
759 3303 861 3372 γάρ
906 3299 1013 3371 εἰμι
1070 3300 1239 3351 πάντα
1294 3302 1445 3350 πόνον
1504 3297 1604 3349 ὑπὸ
1663 3306 1757 3351 σοῦ
1812 3298 2125 3375 έπαγόμενόν
2182 3324 2273 3378 μοι
2324 3306 2617 3375 ὑπομεῖναι,
2673 3310 2766 3356 τοῦ
2814 3310 2947 3356 Θεοῦ
2997 3322 3087 3375 μοι
3138 3307 3463 3379 παρέχοντος
3518 3301 3741 3378 δύναμιν
3787 3310 3885 3359 καὶ

509 3392 794 3462 ὑπομονὴν.

581 3479 695 3534 VII.
722 3477 884 3532 Tunc
915 3476 996 3531 ait
1024 3475 1145 3531 dux
1178 3494 1190 3531 :
1227 3475 1580 3548 Suspendite
1618 3476 1927 3536 hominem
1981 3481 2161 3538 istum
2193 3483 2234 3540 C

509 3570 702 3642 capite
729 3569 789 3624 in
822 3575 1043 3624 terram
1076 3568 1369 3632 revoluto,
1403 3567 1606 3639 quoad
1648 3571 1890 3640 sanguis
1931 3587 2003 3628 ex
2034 3573 2162 3643 ejus

507 3658 756 3715 naribus
809 3657 867 3712 in
908 3664 1125 3712 terram
1164 3654 1413 3712 deﬂuat.
1481 3656 1581 3712 illo
1639 3656 1815 3727 igitur
1871 3678 2162 3731 suspenso

505 3749 723 3805 milites
753 3747 1175 3810 discesserunt,
1200 3760 1457 3816 eumque
1484 3752 1602 3800 tres
1630 3745 1757 3801 dies
1796 3749 1879 3803 ita
1922 3765 2164 3820 suspen-

507 3853 643 3894 sum
674 3835 1143 3908 dereliquerunt.
1185 3837 1332 3890 Cum
1362 3850 1497 3889 vero
1529 3835 1729 3890 tertius
1756 3835 1883 3892 dies
1931 3844 2165 3909 praeter-

503 3927 690 3992 iisset,
722 3926 856 3982 illuc
886 3922 1123 3987 reversi,
1163 3939 1302 3979 cum
1331 3922 1534 3979 vivum
1564 3926 1943 3996 reperissent,
1981 3942 2163 3999 quem

503 4024 807 4074 mortuum
838 4014 1021 4070 fuisse
1054 4013 1445 4077 crediderant,
1476 4013 1676 4069 statim
1708 4016 1991 4071 excaecati
2024 4021 2166 4072 sunt

504 4106 619 4163 Sed
657 4107 868 4161 beatus
894 4103 1087 4160 Victor
1135 4102 1542 4157 misericordia
1570 4110 1937 4171 commotus,
1972 4106 2160 4161 Deum

508 4211 711 4252 orans:
763 4194 827 4249 Iu
858 4192 1123 4261 nomine,
1170 4190 1380 4264 inquit,
1424 4190 1656 4247 Domini
1686 4192 1802 4247 mei
1834 4194 1975 4249 Jesu
2005 4194 2166 4250 Chri-

507 4282 582 4339 sti
636 4280 837 4338 visum
886 4281 1148 4354 recipite.
1192 4279 1395 4351 Itaque
1444 4280 1711 4337 restituta
1753 4281 2040 4338 militibus
2080 4283 2165 4339 vi-

507 4371 689 4428 dendi
721 4371 1012 4436 facultate,
1050 4370 1325 4426 abierunt
1354 4368 1458 4435 illi,
1491 4376 1549 4424 et
1587 4369 1729 4425 duci
1772 4371 1996 4437 omnia,
2026 4389 2161 4445 quae

504 4461 662 4518 facta
692 4461 942 4525 fuerant,
982 4460 1324 4515 retulerunt.
1365 4460 1525 4515 Tunc
1570 4457 1669 4514 ille
1729 4460 1920 4531 magis
1979 4462 2162 4518 iratus

507 4554 617 4619 est,
650 4556 707 4607 et
744 4550 1031 4606 militibus
1072 4550 1374 4621 praecepit,
1420 4556 1483 4604 ut
1520 4550 1816 4605 Victorem
1884 4551 2164 4624 deglube-

505 4646 657 4697 rent.
693 4641 794 4697 Cui
821 4640 1031 4695 beatus
1072 4646 1342 4711 martyr:
1412 4639 1586 4703 Licet,
1636 4640 1845 4710 inquit,
1901 4645 2163 4711 corporis

504 4728 723 4802 pellem
749 4728 1087 4793 abstuleris,
1124 4734 1381 4782 mentem
1406 4734 1607 4782 tamen
1634 4727 1830 4800 ipsum
1860 4736 1915 4785 et
1944 4730 2164 4802 cogita-

507 4822 699 4876 tiones
726 4835 892 4874 meas
915 4834 1035 4873 non
1060 4816 1393 4889 superabis.
1434 4817 1596 4872 Tunc
1627 4818 1826 4874 militis
1844 4819 2159 4890 cujusdam

2278 4823 2405 4875 ἀλλὰ
2450 4824 2585 4873 κατά
2628 4828 2719 4873 τοῦ
2744 4820 3000 4891 λογισμοῦ
3030 4824 3255 4877 ποιῆσαί
3300 4839 3351 4870 τι
3382 4818 3439 4870 οῦ
3469 4814 3717 4871 δύνασαι.
3751 4823 3888 4870 Τότε

507 4925 680 4974 uxor,
721 4909 1018 4980 Stephana
1050 4908 1309 4973 nomine,
1363 4923 1499 4962 cum
1545 4907 1661 4963 illic
1694 4924 1951 4980 praesens
1987 4916 2160 4977 esset,

2278 4918 2400 4985 γυνή
2444 4929 2517 4971 τις
2577 4914 2901 4982 στρατιώτου
2948 4912 3081 4967 τινὸς
3129 4906 3183 4959 ἐκ
3231 4914 3319 4967 τῆς
3350 4907 3509 4959 αὐτοῦ
3549 4905 3889 4979 παρεμϐολῆς

505 5015 700 5057 annos
760 4998 1054 5054 sexdecim
1109 5004 1271 5063 nata,
1327 5012 1471 5052 voce
1542 5012 1765 5067 magna
1840 4998 2160 5057 clamavit:

2278 5002 2490 5073 ὀνόματι
2544 5002 2804 5070 Στεφανὶς,
2852 4996 3016 5050 ἐκεῖσε
3058 5005 3395 5069 παρεστῶσα,
3452 4992 3588 5048 οὖσα
3632 4998 3699 5056 ὡς
3753 4994 3887 5047 ἐτῶν

506 5090 717 5146 Beatus
746 5105 829 5153 es,
857 5086 1070 5158 Victor,
1103 5092 1159 5143 et
1200 5086 1379 5143 beata
1410 5092 1546 5142 sunt
1583 5102 1763 5159 opera
1803 5093 1905 5145 tua
1939 5094 2162 5145 sancta.

2278 5086 2575 5154 ἑξκαίδεκα,
2635 5086 2881 5144 ἀνεϐόησε
2934 5086 3179 5157 λέγουσα·
3233 5086 3507 5160 Μακάριος
3560 5082 3623 5149 εἶ,
3657 5090 3884 5156 Βίκτωρ,

509 5179 876 5237 Sacriﬁcium
910 5182 1078 5233 tuum
1140 5178 1251 5233 Deo
1309 5182 1619 5248 acceptum
1661 5181 1766 5244 est,
1836 5183 1898 5233 ut
1968 5179 2167 5235 Abelis

2278 5185 2366 5233 καὶ
2396 5180 2745 5253 παμμακάρια
2783 5178 2849 5228 τὰ
2896 5178 3023 5248 ἔργα
3062 5192 3156 5227 σου
3201 5178 3267 5227 τὰ
3312 5173 3460 5246 ἅγια·
3512 5170 3883 5246 προσδεχθείη

506 5269 770 5329 victima.
802 5268 1086 5340 quoniam
1142 5266 1400 5338 teipsum
1447 5265 1708 5321 obtulisti
1768 5273 1926 5323 recto
1967 5270 2165 5326 corde.

2282 5290 2375 5324 σου
2407 5271 2436 5327 ἡ
2484 5270 2645 5321 θυσία
2682 5269 2746 5326 ὡς
2796 5268 2825 5324 ἡ
2868 5267 3026 5318 θυσία
3055 5272 3145 5316 τοῦ
3173 5262 3348 5329 Ἀϐελ,
3395 5265 3475 5315 ὅτι
3518 5267 3888 5336 προσήνεγκας

513 5356 605 5412 Sic
629 5358 782 5413 Deus
833 5362 887 5413 te
949 5357 1198 5429 accepit,
1245 5360 1308 5411 ut
1371 5354 1572 5411 Enoch
1610 5356 1778 5411 illum
1829 5355 2024 5413 virum
2076 5359 2167 5430 ju-

2279 5356 2454 5411 ἕαυτόν
2486 5356 2533 5408 ἐν
2582 5356 2827 5414 εῦθύτητι
2856 5350 3100 5428 καρδίας·
3153 5354 3297 5405 καὶὸ
3351 5355 3478 5414 Θεὸς
3527 5347 3887 5427 προσεδέξατο

510 5449 691 5512 stum,
732 5446 835 5518 qui
888 5446 1210 5502 translatus
1267 5450 1372 5512 est,
1442 5458 1517 5500 ne
1575 5449 1835 5514 gustaret
1893 5454 2165 5516 mortem,

2279 5448 2343 5508 ὡς
2372 5450 2546 5519 Ἐνώχ
2588 5448 2673 5498 τὸν
2707 5441 2933 5509 δίκαιον,
2988 5444 3043 5505 ὃς
3070 5444 3334 5515 μετετέθη,
3388 5443 3470 5493 ἵνα
3499 5446 3569 5514 μὴ
3624 5444 3887 5513 γεύσηται

511 5534 955 5607 quoadccrtum
985 5538 1222 5607 tempus
1248 5533 1614 5606 praeterierit.
1635 5536 1833 5591 Justus
1853 5534 2048 5592 factus
2078 5553 2166 5605 es,

2283 5538 2502 5589 θανάτου
2541 5543 2633 5587 τοῦ
2678 5534 2862 5595 αἰῶνος
2903 5551 3113 5598 τουτου,
3145 5532 3236 5594 ἕως
3284 5532 3346 5583 ἄν
3391 5530 3509 5604 ἔλθη
3547 5531 3573 5583 ὁ
3612 5531 3887 5603 όρισμένος

512 5627 580 5688 ut
605 5624 746 5692 Noe,
778 5623 1070 5682 bonorum
1121 5640 1372 5699 operum
1396 5622 1687 5683 fructibus
1732 5625 1999 5684 refertus.
2032 5626 2168 5685 Per-

2278 5632 2488 5705 χρόνος·
2533 5621 2851 5684 ἐδικαιώθης
2899 5623 3071 5699 ὧσπερ
3126 5626 3241 5674 Νῶε
3300 5619 3697 5696 πεπληρωμένος
3754 5634 3884 5696 καφ.

2275 2232 2424 2285 λευσε
2455 2237 2572 2293 τοὺς
2599 2234 2892 2305 ὀφθαλμοὺς
2945 2235 3105 2287 αὐτοῦ
3150 2234 3518 2294 ἐκκεντηθῆναι
3556 2253 3567 2265 '
3608 2243 3695 2289 καὶ
3744 2237 3879 2308 λέγει

2277 2322 2415 2393 αὐτῷ
2470 2324 2495 2374 ό
2539 2322 2687 2393 ἅγιος
2734 2328 2929 2396 Βίκτωρ
2985 2340 2997 2352 °
3040 2322 3149 2375 Ὀτ’
3209 2322 3269 2375 ἀν
3335 2328 3429 2383 την
3476 2332 3567 2377 τοῦ
3635 2332 3879 2398 σώματος

2275 2416 2529 2484 πηρὼσης
2578 2413 2779 2486 ὅρασιν,
2812 2417 2926 2463 τότε
2979 2406 3072 2464 διὰ
3119 2421 3209 2473 τῆς
3262 2409 3407 2465 ἔνδον
3455 2415 3683 2486 ὁράσεως
3728 2415 3876 2468 πλέον

2276 2500 2378 2573 όρώ
2431 2508 2538 2561 τοῖς
2575 2507 2667 2562 τῆς
2724 2499 2913 2571 ψυχῆς
2966 2499 3264 2573 ὀφθαλμοῖς,
3315 2504 3381 2562 ὡς
3433 2500 3568 2555 εἶπεν
3623 2508 3809 2575 Πέτρος
3849 2506 3875 2556 ό

2275 2591 2423 2662 ἅγιος
2465 2588 2772 2654 ἀπόστολος,
2831 2591 2911 2641 ὅτι
2971 2610 2998 2641 ι(
3061 2590 3178 2644 Ἐὰν
3227 2597 3587 2650 κατανοησητε
3645 2596 3729 2645 τόν
3780 2601 3879 2655 τῆς

2275 2681 2457 2753 ψυχῆς
2487 2679 2771 2751 ὀφθαλμόν,
2821 2678 2879 2731 οὐ
2927 2683 3113 2750 χρείαν
3148 2682 3295 2751 ἔχετε
3339 2688 3437 2731 τῶν
3479 2680 3752 2753 ὀφθαλμῶν
3782 2690 3878 2734 τοῦ

2279 2776 2514 2841 σώματος
2542 2786 2554 2797 ·
2589 2771 2637 2820 οἰ
2665 2770 2765 2843 γὰρ
2808 2767 3061 2839 ὀφθαλμοὶ
3109 2776 3199 2820 τοῦ
3253 2775 3492 2841 σώματος
3527 2767 3781 2841 βλέπουσι
3810 2774 3879 2823 τὰ

2275 2863 2474 2932 μάταια
2515 2865 2606 2910 τοῦ
2646 2862 2846 2929 κόσμον
2892 2860 3100 2923 τούτου,
3149 2860 3199 2910 οἱ
3244 2854 3303 2910 δὲ
3348 2857 3602 2931 ὀφθαλμοὶ
3633 2867 3722 2921 τῆς
3752 2880 3881 2936 καρ-

2277 2945 2399 3009 δίας
2449 2951 2501 2999 τό
2555 2956 2658 3019 φῶς
2704 2950 2761 2999 τό
2814 2945 3053 3004 ἀληθινὸν
3098 2949 3306 3019 ὁρῶσιν.
3347 2970 3367 2995 ι
3418 2947 3477 3000 Ὀ
3521 2945 3649 3012 δοῦξ
3687 2946 3825 3002 εἶπεν
3861 2968 3874 2981 ⁸

2342 3481 2415 3537 Ζ’.
2466 3486 2591 3535 Τότε
2635 3482 2660 3533 ὁ
2705 3477 2833 3543 δοῦξ
2885 3479 3115 3534 ἔκελευσε
3159 3483 3521 3555 κρεμασθῆναι
3571 3483 3725 3535 αὑτὸν
3778 3503 3883 3537 κοι-

2272 3571 2554 3644 τακέφαλα,
2612 3573 2704 3633 ἕως
2758 3568 2817 3621 ἂν
2874 3572 2928 3623 ἐκ
2973 3579 3070 3622 τῶν
3119 3572 3272 3645 ῥινῶν
3325 3572 3484 3624 αὐτοῦ
3536 3573 3666 3644 αἷμα
3710 3574 3877 3648 ῥεῦσῃ

2275 3662 2358 3715 ἐπὶ
2412 3667 2504 3720 τὴν
2543 3669 2660 3733 γῆν
2712 3665 2801 3711 καὶ
2846 3660 3091 3721 ἐάσαντες
3134 3660 3288 3712 αὐτόν
3320 3662 3367 3712 οἱ
3410 3670 3725 3734 στρατιῶται
3758 3681 3877 3734 γρε-

2273 3754 2516 3823 μάμενον,
2574 3748 2802 3808 ἀπῆλθον
2878 3747 2965 3801 ἀπ’
3018 3751 3178 3802 αὑτοῦ
3260 3752 3349 3810 ἕως
3416 3752 3619 3824 ἡμερῶν
3694 3760 3875 3823 τριῶν·

2273 3843 2403 3914 μετά
2465 3836 2523 3892 δε
2593 3842 2650 3891 τὸ
2704 3839 2845 3900 τέλος
2914 3846 3012 3890 τῶν
3073 3846 3226 3912 τριῶν
3278 3840 3481 3914 ἡμερῶν
3535 3844 3881 3914 παρεγένοντο

2272 3934 2400 4003 πρὸς
2448 3929 2623 3995 αὐτόν,
2654 3927 2951 4001 νομίζοντες
3000 3927 3154 3979 αὐτόν
3185 3923 3293 3985 ἤδη
3328 3929 3588 3981 τεθνάναι·
3622 3934 3711 3981 καὶ
3759 3931 3880 3982 θεαο

2277 4022 2489 4091 σάμενοι
2545 4017 2699 4070 αὐτὸν
2752 4024 3088 4091 παραχρῆμα
3143 4014 3530 4088 ἐτυφλώθησαν.
3582 4017 3882 4090 Σπλαγχνιο

2276 4108 2419 4168 σθεὶς
2467 4104 2525 4159 δε
2567 4104 2645 4159 ἐπ’
2694 4105 2867 4166 αὐτοῖς
2907 4107 2931 4156 ό
2982 4105 3129 4176 ἅγιος
3182 4110 3377 4179 Βίκτωρ
3410 4110 3498 4159 καὶ
3530 4106 3881 4179 προσευξάτε-

2273 4216 2357 4258 νος
2408 4192 2560 4249 εἶπεν·
2622 4195 2705 4248 Ἐν
2752 4202 2824 4265 τῷ
2883 4194 3095 4267 ὀνόματι
3149 4201 3238 4246 τοῦ
3297 4199 3490 4267 Κυρίου
3544 4214 3644 4266 μου
3697 4197 3885 4254 Ἰησοῦ

2274 4292 2527 4361 Χριστοῦ,
2577 4281 2649 4338 δι’
2704 4286 2756 4336 ὃν
2815 4282 2914 4356 ἐγὼ
2959 4279 3141 4336 ἐνθάδε
3188 4286 3478 4357 κρέμαμαι,
3536 4282 3879 4356 ἀναϐλέψατε·

2275 4378 2340 4428 Οἱ
2397 4372 2457 4428 δε
2522 4383 2841 4447 στρατιῶται
2916 4372 3294 4442 ἀναϐλέψαντες
3367 4382 3702 4448 παραχρῆμα
3787 4380 3884 4427 καὶ

2275 4464 2571 4525 ἀπελθόντες
2624 4462 2940 4535 ἀπήγγειλαν
2993 4470 3064 4532 τῷ
3118 4458 3273 4514 δουκὶ
3330 4464 3502 4514 πάντα
3558 4465 3621 4514 τα
3668 4481 3887 4534 γεγενηο

2273 4560 2418 4628 μένα.
2475 4558 2573 4607 Καὶ
2621 4555 2886 4626 ὀργισθεὶς
2926 4553 2950 4603 6
3002 4548 3129 4613 δοῦξ
3171 4549 3429 4603 ἐκέλευσεν
3477 4551 3634 4603 αὐτόν
3684 4547 3885 4622 ἐκδαρ-

2276 4647 2428 4704 θῆναι
2484 4645 2599 4695 καθ’
2668 4643 2784 4694 ὅλου
2844 4649 2933 4693 τοῦ
2989 4646 3227 4711 σώματος
3300 4659 3398 4711 μου
3456 4636 3615 4711 δορὰν
3670 4639 3882 4711 ἀφέλῃς,

2274 4739 2492 4806 Βίκτωρ·
2538 4733 2597 4785 Εἰ
2644 4737 2733 4783 καὶ
2778 4735 2871 4787 την
2902 4738 2991 4781 τοῦ
3042 4735 3285 4801 σώματός
3315 4749 3414 4800 μου
3461 4726 3621 4803 δορὰν
3667 4727 3883 4800 ἀφέλῃς,
