4084 6216
214 272 279 327 265
1236 259 1398 316 VITA
1443 259 1546 316 SS.
1588 254 1923 313 VICTORIS
1960 255 2049 312 ET
2090 256 2421 313 CORON/E.

3405 265 3512 320 266

206 406 281 450 τῶν
333 394 539 466 ἀγαθῶνο
585 390 765 447 τέλειος
820 384 867 440 εἷ
914 391 1003 438 καὶ
1057 383 1264 447 δίκαιος
1324 387 1496 457 ῶσπερ
1552 383 1734 444 ἐκεῖνος

1850 380 2035 437 fectus
2069 398 2139 438 ac
2171 382 2373 455 justus
2414 388 2475 437 tu
2505 397 2593 447 es,
2628 386 2689 438 ut
2727 382 2822 438 ille
2860 383 2970 439 fuit
3008 385 3067 441 in
3122 390 3502 456 generatione

198 488 231 539 ἐν
268 486 341 557 ὅλῃ
382 492 438 555 τῇ
479 486 619 552 γενεᾴ
658 479 837 530 αὐτοῦ’
885 477 1202 537 ἐπίστευσας
1250 476 1421 548 ὥσπερ
1468 472 1733 544 Ἀϐραάμο

194 580 504 650 προσήνεγκας
553 571 727 622 ἑαυτὸν
785 576 857 637 τῷ
907 574 1020 635 Θεῷ
1071 566 1138 627 ὡς
1188 564 1405 616 Ἰσαάκ·
1465 565 1738 633 ὑπέμεινας

191 665 461 735 πιιρασμοὺς
512 662 577 719 ὡς
624 655 830 721 Ἰακὼϐ,
886 658 1041 713 ἡνίκα
1094 651 1337 705 ἐδιώκετο
1395 654 1495 704 ὑπὸ
1546 651 1734 703 Ἠσαῦ·

193 753 432 823 ἱσοφίσθης
460 750 625 821 ὥσπερ
656 748 869 817 Ἰωσὴφ,
991 742 1223 814 ἐγνώσθη
1257 745 1323 793 τὰ
1371 740 1740 811 ἀποϐησόμενα

190 847 280 914 πῳὶ
330 849 409 891 τοῦ
458 839 606 909 λιμοῦ
637 854 649 865 ·
706 840 795 887 καὶ
852 832 1024 905 ἐγένου
1084 837 1327 905 φρόνιμος
1384 836 1473 883 καὶ
1534 833 1733 889 πιστός

190 931 381 989 ἧθλησας
422 930 485 988 ως
527 924 659 988 Ἰὼϐ,
702 924 756 986 ὃς
803 922 1018 983 πολλοὺς
1065 924 1388 993 πειρασμοὺς
1435 922 1734 991 ὑπομείνας,

190 1019 358 1076 ἐνίκησε
400 1022 479 1069 τὸν
510 1016 698 1088 ἐχθρὸν
730 1032 741 1043 ·
776 1011 1041 1076 ἐζήλωσας
1090 1014 1173 1062 τὸν
1222 1010 1463 1073 Ἠσαίαν,
1497 1009 1549 1071 ὃς
1581 1013 1737 1080 μέσον

188 1108 374 1181 ἑπρίσθη
420 1107 513 1157 ὑπὸ
564 1110 844 1160 Μανασσῆ.
880 1101 1001 1172 Οὐχ
1050 1099 1223 1170 ἣψατό
1276 1118 1370 1151 σου
1419 1102 1476 1150 τὸ
1508 1106 1631 1170 πῦρ,
1673 1099 1737 1157 ὡς

185 1194 284 1249 οὐδε
321 1203 401 1247 τοῦ
445 1188 915 1265 Ναϐουχοδονὸσορ
964 1199 1063 1242 τῶν
1113 1197 1266 1263 τριῶν
1314 1184 1538 1240 παίδων·
1587 1186 1737 1245 ἤλπι-

187 1305 262 1345 σας
314 1285 389 1336 ἰπὶ
435 1286 617 1354 Κύριον
672 1284 740 1342 ὡς
788 1275 953 1333 Δαυὶδ
1004 1280 1028 1330 ὁ
1071 1286 1160 1330 τοῦ
1202 1277 1399 1331 Ἰεσσαί
1432 1291 1445 1305 ⁹
1493 1273 1737 1335 ἀπέλαϐες

184 1380 256 1431 τήν
303 1378 470 1445 σοφίαν
522 1371 865 1444 Σολομῶντος,
914 1370 1009 1430 ἕως
1058 1367 1118 1419 ἂν
1175 1371 1401 1439 νικήσῃς
1454 1372 1544 1416 τοῦ
1601 1362 1737 1415 ἀντι-

184 1465 315 1515 πάλου
352 1466 430 1521 τὰς
472 1457 768 1533 μεθοδείας.
817 1454 1182 1531 Προσδεχθείη
1231 1475 1324 1508 σου
1371 1457 1400 1513 ἡ
1446 1456 1623 1517 θυσία,
1670 1456 1733 1513 ὡς

186 1555 305 1610 iam}
331 1550 552 1623 Σαμουὴλ
586 1568 597 1580 ·
635 1549 807 1619 ἐγένου
857 1548 926 1609 εἰς
958 1548 1128 1617 ὀσμὴν
1172 1541 1409 1608 εὐωδίας,
1444 1548 1512 1605 ὼς
1559 1541 1733 1594 Ἐλεά-

188 1644 309 1711 ζαρος
354 1640 395 1692 ἐν
447 1648 505 1712 τῇ
588 1641 817 1712 ἱερατείᾳ
871 1636 1047 1688 αὐτοῦ’
1107 1631 1467 1709 προσδεχθείη
1524 1651 1618 1684 σου
1675 1635 1730 1684 τὸ

1850 487 1981 526 sua.
2022 471 2352 538 Credidisti,
2388 475 2452 527 ut
2478 472 2773 527 Abraham
2811 488 2823 539 ;
2864 473 3126 529 obtulisti
3169 482 3219 531 te
3271 478 3406 547 Deo,
3443 486 3507 537 ut

1852 563 2013 616 lsaac
2047 577 2061 627 ;
2101 562 2458 617 tentatioues
2498 562 2851 629 sustinuisti,
2893 569 2955 618 ut
2999 564 3219 631 Jacob;
3262 569 3505 639 sapiens

1849 648 2094 706 effectus
2113 667 2195 720 es,
2219 658 2281 706 ut
2301 652 2541 722 Joseph,
2567 653 2659 706 cui
2686 668 2885 707 rerum
2911 652 3249 711 futurarum
3284 672 3506 727 praeno-

1851 740 1929 794 tio
1961 755 2246 795 concessa
2276 739 2401 795 fuit.
2437 740 2774 797 Certamina
2799 742 2952 814 ipsa,
2990 748 3052 799 ut
3074 744 3188 799 Job
3238 744 3356 813 ille,
3396 745 3510 802 for-

1849 826 1985 882 titer
2026 828 2331 899 pertulisti,
2359 828 2462 900 qui
2497 829 2714 885 multas
2760 830 3118 888 tentationes
3158 848 3505 905 perpessus,

1849 916 2084 973 hostem
2107 916 2418 973 diabolum
2441 920 2821 989 expugnavit.
2846 920 3059 977 Isaiam
3088 921 3405 978 mmulatus
3422 940 3505 996 es,

1848 1005 1953 1078 qui
1984 1022 2019 1061 θ.
2049 1022 2186 1075 rege
2212 1007 2487 1061 Manasse
2536 1007 2772 1063 medius
2820 1009 3039 1065 scissus
3079 1015 3185 1066 est.
3237 1010 3314 1067 Te
3354 1012 3510 1084 ignis

1848 1094 2089 1151 ﬂamma
2102 1111 2221 1151 non
2237 1095 2443 1165 attigit.
2459 1096 2859 1168 quemadmod
2871 1116 2971 1154 um
2989 1115 3097 1155 nec
3112 1100 3509 1159 Nabuchodo-

1848 1185 2079 1239 nosoris
2100 1184 2363 1240 ﬂammae
2386 1189 2505 1240 tres
2537 1184 2675 1241 illos
2702 1202 2920 1258 pueros
2954 1189 3296 1261 attigerunt.
3324 1191 3505 1263 Spem

1848 1277 2013 1328 tuam
2036 1274 2096 1328 in
2129 1273 2248 1329 Deo
2287 1274 2418 1345 ipso
2449 1273 2776 1339 collocasti,
2812 1280 2874 1331 ut
2896 1278 3084 1333 David
3131 1278 3291 1336 ﬁlius
3320 1282 3504 1338 Jesse.

1846 1362 1973 1417 Vidi
2004 1362 2153 1418 duas
2192 1379 2447 1419 coronas
2476 1380 2507 1418 e
2539 1364 2682 1419 caelo
2739 1365 3055 1433 demissas,
3098 1384 3286 1425 unam
3320 1371 3507 1443 majo-

1844 1467 1993 1513 rem.
2020 1452 2267 1509 alteram
2293 1453 2584 1509 minorem
2610 1470 2621 1508 :
2654 1458 2711 1509 et
2738 1456 3028 1524 majorem
3059 1458 3306 1529 quidem
3339 1459 3504 1517 illam

1846 1541 1945 1597 tibi
1965 1541 2203 1597 allatam
2224 1542 2301 1598 ab
2324 1542 2551 1612 angelis
2574 1543 2917 1610 duodecim,
2942 1546 3234 1604 minorem
3271 1565 3408 1605 vero
3425 1550 3504 1607 ad

1842 1646 1939 1686 me
1961 1631 2211 1686 missam
2235 1631 2459 1686 audivi.
2478 1634 2625 1687 Nam
2649 1633 2759 1688 etsi
2778 1650 2881 1688 vas
2904 1634 3210 1692 inﬁrmum
3223 1652 3334 1707 ego
3347 1655 3501 1705 sum,

188 1739 257 1782 τοῦ
296 1726 505 1801 διωγμοῦ
558 1728 714 1800 αἷμα,
748 1729 811 1787 ὡς
860 1734 951 1778 τοῦ
1006 1724 1193 1782 Δανιὴλ
1243 1719 1336 1775 διὰ
1387 1730 1486 1774 τῶν
1535 1720 1729 1795 ὀνειράο

1848 1720 2231 1775 nihilominus
2265 1726 2462 1775 tamen
2504 1726 2561 1775 et
2590 1721 2724 1793 ipsa
2776 1728 2986 1794 parata
3024 1741 3158 1781 sum
3199 1733 3501 1785 certamen

194 1838 293 1870 των·
322 1817 437 1871 εἶδον
479 1821 580 1893 γὰρ
637 1814 733 1869 δύο
786 1818 1061 1887 στεφάνους
1105 1812 1204 1865 ἀπὸ
1254 1812 1473 1884 οὐρανοῦ
1523 1814 1730 1883 φερομέ-

1842 1810 2061 1873 subire,
2095 1824 2163 1864 ac
2203 1808 2442 1864 caeleste
2476 1825 2731 1881 regnum
2771 1814 3010 1885 assequi
3042 1814 3272 1871 studeo.

201 1928 302 1971 νους,
329 1910 391 1960 ἕνα
414 1909 633 1980 μείζονα
662 1911 751 1958 καὶ
781 1906 865 1958 ἕνα
909 1903 1167 1956 ἢάσσονα
1191 1920 1202 1931 ⁸
1236 1907 1325 1953 καὶ
1354 1904 1441 1953 τὸν
1468 1903 1557 1971 μὲν
1601 1902 1817 1970 μείζονα
1864 1904 1944 1951 σοὶ
1978 1903 2247 1970 φερόμενον
2277 1898 2364 1949 ὑπ’
2397 1896 2623 1969 ἀγγελων
2655 1895 2886 1967 δώδεκα,
2914 1905 3001 1953 τὸν
3046 1898 3105 1955 δι
3135 1902 3388 1958 ἐλάσσονά
3413 1926 3505 1979 μοι

203 2004 468 2069 πῳπάμενον,
504 1998 564 2051 Εἰ
591 1999 696 2068 γὰρ
727 2000 816 2047 καὶ
849 1998 1032 2055 σκεῦός
1057 1992 1164 2065 εἰμι
1191 1989 1419 2055 ἀσθενες,
1450 1988 1554 2041 ἀλλ’
1588 1989 1715 2050 ὃλως
1742 1987 1888 2061 κᾶγὼ
1916 1986 2242 2059 ἀγωνίζομαι
2282 1992 2372 2039 καὶ
2406 1985 2695 2049 σπουδάζω
2725 1998 2820 2052 τῆς
2848 1989 3117 2063 βασιλείας
3147 2002 3245 2047 τῶν
3275 1994 3502 2069 οὐρανῶν

194 2086 401 2159 ἐπιτυχεῖν
410 2130 420 2142 .

240 2177 299 2230 [Γ.
334 2178 383 2230 Ὀ
428 2174 483 2229 δε
522 2174 661 2238 δοὺξ
709 2173 934 2234 ἀκούσας
983 2179 1165 2236 ταῦτα,
1199 2170 1438 2241 ἐθυμώθη
1488 2168 1600 2219 λίαν
1643 2172 1733 2218 καὶ

184 2266 388 2319 ἰκιλευσεν
437 2266 816 2338 προσαχθῆναι
864 2262 1021 2320 αὐτὴν
1070 2260 1210 2331 αῦτῴ
1254 2264 1343 2311 καὶ
1389 2260 1525 2329 λέγει
1574 2257 1727 2328 αὐτῇ·

184 2360 231 2407 Σὺ
268 2361 331 2416 τίς
374 2353 447 2423 ei;
471 2356 527 2408 Ἠ
578 2351 641 2407 δι
674 2349 827 2405 εἶπεν·
863 2354 1176 2423 Χριστιανή.
1203 2348 1263 2400 Ὀ
1294 2345 1351 2400 δὲ
1402 2344 1530 2409 δοὺξ
1573 2347 1726 2398 εἶπεν·

183 2450 322 2496 ﬂeam
375 2448 489 2497 έτὼν
537 2442 623 2509 εἷς
657 2443 714 2495 Ἠ
764 2440 824 2494 δι
879 2441 1005 2508 ἁγία
1062 2437 1214 2492 εἶπεν·
1276 2441 1552 2489 Δεκαπέντε
1610 2434 1730 2486 ἐτῶν

180 2540 244 2586 καὶ
281 2545 434 2606 μηνῶν
473 2534 635 2587 ὀκτὼ.
676 2537 820 2603 Λέγει
868 2531 997 2601 αὐτῇ
1045 2530 1070 2581 ὀ
1117 2524 1246 2590 δουξ
1272 2545 1284 2555 ·
1323 2530 1428 2598 Πρὸ
1474 2524 1731 2595 ἐζεύχθης

182 2621 331 2697 ἀεδρί;
379 2624 433 2677 Ἠ
479 2624 615 2695 ἁγίᾳ
660 2627 898 2695 Στεφανὶς
945 2616 1099 2673 εἶπεν⁸
1163 2623 1290 2669 Πότε
1334 2615 1568 2667 ἐνιαυτοῦ
1627 2614 1735 2675 ἐνὸς

179 2720 243 2765 καὶ
294 2724 453 2785 μηνῶν
513 2716 810 2785 τεσσάρων.
861 2710 921 2762 Ὀ
977 2706 1106 2770 δοὺξ
1160 2705 1316 2759 εἶπεν·
1377 2711 1478 2758 Καὶ
1536 2702 1628 2756 διὰ
1683 2709 1734 2755 τί

178 2804 306 2864 οὕτως
342 2809 531 2875 ταχέως
591 2801 796 2873 ἀφῆκας
836 2803 922 2851 τὸν
966 2803 1198 2869 κόσμονς
1228 2795 1285 2847 Ἦ
1318 2794 1447 2865 ἁγία
1494 2797 1736 2865 Στεφανὶς

180 2888 299 2944 εἶπεν·
354 2889 556 2949 Ἐπειδὴ
626 2893 711 2941 ’ίνα
765 2891 894 2961 μετὰ
958 2886 1253 2960 παρρησίας
1311 2882 1594 2940 ἀπαντήσω
1664 2889 1734 2951 τῷ

179 2979 547 3053 προσδοκωμένου
600 2984 800 3051 Σωτῆρί
842 2998 940 3049 μου
972 2978 1150 3033 Ἰησοῦ
1198 2981 1429 3046 Χριστῷ,
1462 2980 1532 3041 τῷ
1584 2971 1738 3023 ἐπου-

177 3076 300 3141 ρανίῳ
327 3077 407 3124 καὶ
455 3072 701 3140 ἀθανάτῳ
732 3072 952 3139 Νυμφίῳ
984 3082 995 3095 ’
1031 3067 1056 3117 ὁ
1102 3068 1202 3136 γὰρ
1254 3062 1474 3133 ἐπίγειος
1520 3064 1734 3133 νυμφίος

178 3166 446 3233 πρόσκαιρος
494 3159 610 3212 ἔστι
661 3164 749 3210 καὶ
800 3159 1001 3224 θνητὸς,
1036 3156 1061 3206 ὀ
1109 3150 1166 3207 δὲ
1216 3152 1529 3225 ἐπουράνιος,
1564 3155 1652 3202 καὶ
1683 3151 1737 3201 αἱ

1918 2167 2055 2221 VIII.
2101 2166 2246 2224 Haec
2273 2182 2412 2222 cum
2442 2166 2565 2222 dux
2603 2166 2699 2223 ille
2725 2167 3070 2235 audivisset,
3112 2171 3286 2229 valde
3316 2173 3503 2231 iratus

1844 2260 1951 2319 est,
1994 2254 2245 2325 etjusslt
2284 2255 2565 2310 feminam
2609 2256 2771 2312 illam
2800 2256 2878 2313 ad
2910 2275 2968 2313 se
3005 2258 3165 2326 duci,
3200 2277 3386 2333 quam
3420 2264 3501 2319 sic

1843 2344 2057 2400 affatus
2097 2350 2214 2399 est:
2251 2342 2539 2411 Quaenam
2565 2359 2627 2398 es
2656 2351 2715 2400 tu
2738 2344 3133 2416 ?Christiana,
3158 2349 3351 2423 inquit
3378 2351 3495 2414 illa,

1843 2449 1953 2504 ego
1986 2449 2141 2488 sum.
2183 2436 2330 2488 Tum
2383 2434 2505 2487 dux
2543 2433 2621 2488 ab
2652 2449 2723 2488 ea
2774 2436 3068 2503 quaesivit,
3111 2446 3258 2510 quot
3308 2456 3502 2502 annos

1843 2528 1985 2578 nata
2032 2526 2211 2577 esset.
2270 2522 2372 2579 Cui
2429 2521 2754 2592 Stephana,
2815 2524 3148 2595 quindecim
3212 2544 3406 2584 annos
3446 2537 3501 2587 et

1846 2627 2080 2666 menses
2119 2617 2253 2666 octo
2292 2626 2353 2665 se
2398 2616 2603 2665 natam
2643 2626 2775 2665 esse
2833 2614 3159 2685 respondit.
3216 2618 3502 2681 Quaesivit

1844 2707 2125 2772 praeterea
2147 2699 2290 2764 dux,
2322 2700 2591 2769 quandiu
2625 2699 2858 2756 vixisset
2895 2716 3033 2757 cum
3058 2703 3202 2769 viro,
3231 2706 3326 2760 cui
3357 2722 3498 2762 con-

1840 2790 2050 2861 juncta
2089 2788 2301 2843 fuerat.
2329 2785 2436 2842 Cui
2462 2787 2773 2858 respondit
2809 2788 2927 2855 illa,
2960 2806 3021 2845 se
3048 2807 3277 2848 annum
3314 2810 3498 2851 unum

1846 2885 1902 2935 et
1932 2893 2167 2933 menses
2198 2882 2450 2948 quatuor
2487 2892 2624 2932 cum
2653 2893 2724 2932 eo
2790 2879 3024 2935 vixisse.
3072 2886 3133 2935 Et
3176 2898 3382 2953 quare,
3415 2884 3502 2940 in-

1846 2968 1975 3041 quit
2003 2968 2147 3033 dux,
2181 2973 2301 3021 tam
2345 2966 2460 3021 cito
2516 2966 2813 3022 mundum
2846 2967 3135 3040 reliquisti
3166 2971 3194 3027 ?
3252 2973 3340 3028 Ad
3372 2973 3500 3031 hac

1847 3058 1929 3114 ita
1959 3062 2166 3114 sancta
2203 3054 2509 3129 Stephana
2541 3072 2554 3110 :
2598 3056 2827 3129 Reliqui
2867 3058 3108 3117 brevem
3145 3068 3198 3117 et
3228 3062 3499 3133 fragilem

1849 3146 2060 3202 mundi
2098 3144 2277 3215 hujus
2305 3145 2599 3211 decorem,
2627 3151 2685 3200 et
2716 3151 2975 3203 terrenas
3001 3164 3070 3204 ac
3110 3150 3348 3207 fallaces
3379 3169 3500 3209 cor-

182 3254 369 3321 Χριστοῦ
408 3246 602 3324 δωρεαὶ
656 3246 920 3309 ἀθάνατοι,
963 3249 1051 3296 καὶ
1102 3241 1353 3305 ἀκίνητοι,
1389 3246 1479 3292 καὶ
1523 3236 1734 3292 ἀδιάλυ-

1850 3235 2010 3308 poris
2045 3234 2396 3307 voluptates,
2422 3240 2485 3289 ut
2521 3233 2723 3290 ﬁdenti
2758 3235 2963 3291 animo
3020 3238 3307 3295 Salvatori
3365 3256 3500 3297 meo

180 3355 253 3403 τοι,
298 3345 375 3390 καὶ
430 3340 634 3390 αἰῶνιοί
686 3336 833 3389 εἰσιν.
886 3334 944 3386 Ὀ
1005 3329 1133 3394 δοὺξ
1189 3327 1358 3383 εἶπεν·
1422 3333 1733 3401 Παυσαμένη

179 3432 248 3486 τῆς
285 3426 551 3501 ἀνωφελοῦς
596 3429 797 3485 ταύτης
850 3423 1122 3497 φλυαρίας,
1163 3418 1526 3494 προσελθοῦσα
1579 3420 1735 3471 θῦσον

178 3523 259 3574 τοῖς
285 3519 417 3582 θεοῖς,
450 3522 521 3589 μὴ
574 3514 831 3574 ποικίλαις
880 3515 1153 3584 τιμωρίαις
1201 3514 1289 3561 καὶ
1340 3505 1531 3568 δειναῖς
1567 3505 1735 3579 βασα-

177 3608 293 3668 νίσας
343 3626 394 3659 σε
457 3606 717 3659 ἀπολέσω.
774 3603 833 3655 Ἠ
892 3601 1019 3671 ἁγία
1066 3608 1200 3652 εἶπεν
1235 3620 1246 3631 ·
1310 3600 1442 3668 Ἐγὼ
1497 3601 1734 3669 Στεφανὶς

175 3694 407 3766 καλοῦμαι,
568 3698 820 3765 στέφανος
877 3692 1148 3742 ἀπόκειται
1217 3686 1264 3738 ἐν
1316 3693 1425 3748 τοῖς
1478 3685 1729 3757 οὐρανοῖς,

176 3788 243 3832 καὶ
288 3780 367 3835 δια
421 3794 571 3837 τοῦτο
644 3782 739 3833 οὐκ
798 3781 1013 3843 ἐπιθύω,
1071 3781 1153 3829 ἶνα
1214 3781 1519 3848 κομίσωμαι
1579 3775 1732 3828 αὐτὸν

177 3875 287 3941 παρὰ
303 3883 383 3926 τοῦ
410 3871 623 3927 δικαίου
650 3877 740 3924 καὶ
770 3870 1012 3928 ἀληθινοῦ
1044 3868 1318 3920 ἀθλοθίτου
1352 3873 1605 3939 Χριστοῦ.

1843 3327 1981 3381 Jesu
2011 3324 2259 3391 Christo,
2324 3340 2505 3396 quem
2546 3330 2982 3395 exspectamus,
3038 3343 3347 3385 occurrere
3398 3346 3495 3386 va-

1842 3416 2021 3483 leam,
2057 3420 2118 3469 ut
2147 3413 2226 3468 illi
2280 3412 2548 3468 videlicet
2603 3412 2810 3469 divino
2850 3418 2907 3470 et
2939 3415 3158 3473 caelesti
3217 3418 3493 3490 Sponso;

1844 3510 2128 3562 terrestris
2158 3502 2317 3557 enim
2350 3516 2611 3572 sponsus
2642 3501 2718 3557 ad
2750 3507 2986 3574 tempus
3016 3512 3100 3561 est
3131 3512 3187 3562 et
3210 3510 3496 3565 mortalis.

1841 3597 1987 3651 Tum
2043 3593 2161 3649 dux
2218 3591 2538 3655 :Desistas,
2604 3591 2809 3663 inquit,
2843 3592 2922 3648 ab
2985 3594 3096 3649 ista
3159 3599 3498 3667 nugacitate

1840 3682 2053 3748 inutili,
2097 3688 2151 3736 et
2200 3680 2275 3737 ad
2314 3680 2460 3734 deos
2513 3679 2827 3746 accedens,
2888 3680 3002 3736 illis
3065 3685 3386 3754 sacriﬁces,
3428 3702 3503 3743 ne

1843 3772 2015 3829 novis
2043 3777 2098 3827 et
2119 3768 2491 3840 gravioribus
2518 3770 2824 3823 tormentis
2853 3775 2904 3824 te
2930 3771 3255 3828 cruciatam
3287 3790 3504 3831 consu-

1843 3878 2024 3918 mam.
2046 3861 2111 3914 At
2136 3859 2233 3913 illa
2253 3858 2399 3913 dixit
2424 3873 2435 3910 :
2466 3859 2582 3926 Ego
2616 3872 2796 3912 vocor
2818 3858 3141 3930 Stephana,
3164 3861 3257 3917 cui
3280 3879 3505 3921 corona

178 3958 221 4013 in
243 3963 382 4018 cmiis
400 3967 666 4037 reposita
690 3967 794 4016 est.
824 3958 1219 4025 Quamobrem
1242 3954 1533 4011 sacriﬁcia
1562 3955 1675 4010 ista
1688 3957 1879 4011 vestra
1901 3965 2020 4005 non
2047 3947 2316 4017 offeram,
2353 3952 2414 4001 ut
2438 3962 2472 4000 a
2514 3961 2650 4001 vero
2679 3945 2782 4002 illo
2813 3949 3207 4005 certaminum
3250 3954 3503 4023 praeside

179 4049 366 4108 Christo
392 4068 685 4109 coronam
715 4049 973 4121 recipere
1007 4046 1247 4119 possim.

233 4140 290 4195 ϐ’.
325 4149 495 4194 Ταῦτα
542 4142 775 4201 ἀκούσας
820 4140 845 4191 ὀ
892 4135 1022 4199 δοὺξ
1064 4140 1153 4187 καὶ
1204 4131 1411 4207 σφόδρα
1460 4135 1733 4205 θυμωθεὶς,

181 4226 369 4283 ὶκιλευσε
419 4228 514 4284 δύο
584 4225 782 4303 δένδρα
855 4230 1093 4300 φοινίκων
1145 4224 1443 4295 καμφθέντα
1499 4221 1736 4285 ἀλλήλαις

178 4318 445 4378 munem;
500 4328 617 4380 ταῖς
663 4324 917 4392 κορυφαῖς
963 4314 1172 4367 κάκεῖσε
1221 4309 1435 4371 δεθῆναι
1487 4316 1580 4369 τὴν
1640 4332 1738 4383 μα-

176 4413 327 4478 καρίαν
373 4410 425 4461 ἐκ
482 4418 583 4462 τῶν
664 4405 760 4460 δύο
816 4402 1013 4459 ποδῶν·
1069 4408 1158 4455 καὶ
1226 4400 1546 4459 ἀπολυθῆναι
1604 4400 1737 4451 αὐτὰ

179 4492 343 4568 iam;
374 4500 459 4550 ἀπ’
510 4498 762 4555 ἀλλήλων.
794 4498 991 4548 Τούτου
1043 4490 1101 4545 δὲ
1148 4494 1277 4564 μετά
1309 4489 1496 4542 πολλοῦ
1528 4497 1617 4541 τοῦ
1648 4491 1737 4541 τοί-

180 4603 284 4652 χους
314 4593 604 4660 γενομένου,
656 4583 947 4658 διεσχίσθη
993 4586 1149 4655 μέσον
1194 4582 1223 4638 ἡ
1276 4578 1402 4649 ἁγία
1456 4577 1735 4650 ἀθλοφόρος

1918 4130 2004 4184 ΙΧ.
2042 4128 2141 4182 His
2174 4124 2410 4191 auditis,
2452 4124 2572 4180 dux
2610 4124 2706 4179 ille
2754 4124 2950 4181 furore
2980 4126 3166 4184 nimio
3195 4146 3501 4201 accensus,

1840 4216 2020 4290 jussit
2072 4215 2438 4286 Stephanam
2503 4213 2743 4268 duabus
2792 4214 3133 4286 palmarum
3188 4219 3505 4277 arboribus

1844 4306 2169 4363 incurvatis
2202 4301 2459 4367 alligari,
2495 4308 2551 4356 et
2575 4309 2814 4373 repente
2843 4306 3079 4360 arbores
3106 4306 3236 4363 illas
3260 4309 3500 4367 dimitti.

1846 4397 1975 4462 Quo
2030 4394 2201 4461 facto,
2237 4389 2507 4447 bellatrix
2532 4396 2587 4445 et
2642 4396 2869 4463 martyr
2901 4394 3204 4466 Stephana
3260 4397 3503 4455 duabus

1844 4484 1957 4542 illis
1978 4482 2192 4557 palmis
2221 4481 2281 4535 in
2309 4480 2461 4536 duas
2503 4484 2699 4551 partes
2726 4479 3028 4553 discerpta
3057 4492 3143 4541 est
3178 4501 3191 4541 :
3220 4486 3419 4561 itaque
3440 4488 3503 4545 in

1844 4591 1990 4647 pace
2036 4569 2391 4642 martyrium
2446 4568 2700 4640 perfecte
2765 4571 2827 4625 in
2878 4569 3109 4629 Christo
3156 4576 3498 4649 complevit.

180 4681 251 4724 τοῦ
287 4658 509 4748 Χριστοῦ
563 4680 823 4748 Στεφανὶς,
856 4678 945 4726 καὶ
997 4671 1186 4743 ἐγένετο
1230 4669 1301 4730 εἰς
1354 4672 1483 4743 μέρη
1543 4665 1639 4719 δύο
1688 4669 1734 4719 ἐν

1848 4666 2131 4720 Sanctum
2162 4674 2299 4714 vero
2340 4658 2626 4714 Victorem
2672 4659 2851 4728 jussit
2876 4662 3070 4718 securi
3106 4665 3352 4734 percuti.
3393 4667 3503 4732 Qui

181 4771 268 4825 τοῖς
317 4762 435 4819 δυσὶ
486 4765 701 4840 φοίνιξι,
762 4769 847 4816 καὶ
903 4763 1065 4823 οὕτως
1119 4759 1382 4816 ἐτελειώθη
1441 4761 1489 4809 ἐν
1558 4757 1731 4831 εἰρήνῃ

182 4858 250 4903 καὶ
293 4860 375 4912 τὴν
424 4859 718 4930 μαρτυρίαν
773 4853 934 4914 αὐτῆς
990 4849 1280 4923 ἐπλήρωσεν
1340 4855 1553 4908 πιστῶς,
1613 4845 1735 4898 ἀπο-

183 4938 377 4996 λαϐοῦσα
427 4949 512 4998 τόν
573 4948 814 5016 στέφανον
864 4950 956 5003 τῆς
1010 4945 1157 5001 νίκης
1213 4941 1355 5011 παρά
1402 4944 1492 4988 τοῦ
1543 4940 1735 5010 Κυρίου

185 5031 299 5099 ἱμῶν
342 5035 513 5092 Ἰησοῦ
573 5040 828 5106 Χριστοῦ.
890 5035 989 5083 Τὸν
1047 5025 1104 5081 δὲ
1156 5027 1304 5099 ἅγιον
1356 5030 1575 5097 Βίκτορα
1633 5023 1733 5077 ἐκέ.

184 5116 325 5173 ὶιυσεν
371 5125 395 5174 ὁ
452 5120 581 5185 δοὺξ
634 5120 1183 5196 τραχηλοκοπηθῆναι.
1235 5114 1293 5167 Ὀ
1343 5111 1401 5166 δὲ
1447 5112 1737 5173 καλλίνικος

184 5211 351 5280 μάρτυς
391 5221 479 5264 τοῦ
512 5219 741 5284 Χριστοῦ
778 5210 1004 5268 ἀκούσας
1050 5215 1140 5267 τῆς
1189 5203 1493 5276 ἀποφάσεως
1544 5205 1737 5264 ταύτης

187 5290 311 5347 εἶπεν·
369 5302 681 5374 Εὐχαριστῶ
735 5309 804 5370 τῷ
848 5306 963 5369 Θεῷ
1014 5316 1112 5369 μου
1161 5297 1397 5357 πάντοτε,
1452 5301 1522 5361 τῷ
1576 5311 1740 5364 χαρι-

188 5390 356 5457 σαμένῳ
400 5409 486 5459 μοι
531 5394 623 5447 τὴν
671 5393 817 5446 νίκην
848 5390 1040 5443 ταύτην
1079 5389 1169 5436 καὶ
1215 5380 1412 5456 δωρεὰν
1464 5384 1628 5453 μέχρι
1656 5383 1737 5431 τέ-

186 5468 296 5535 )λους.
350 5478 546 5531 Μελλων
629 5475 689 5531 δι
764 5477 1085 5530 τελειοῦσθαι
1142 5474 1167 5525 ὀ
1225 5473 1482 5544 μακάριος
1539 5473 1735 5539 Βίκτωρ

190 5558 295 5631 λέγει
332 5574 430 5628 τοῖς
472 5572 919 5641 κυαιστωναρίοις·
983 5567 1216 5618 Γνωστὸν
1274 5564 1407 5614 ἔστω
1457 5560 1599 5631 ὑμῖν,
1660 5558 1739 5609 ὅτι

440 5691 676 5749 ΡΑτιιοι..
704 5694 807 5748 Gn.
843 5690 1000 5746 CXV.

1844 4768 1981 4808 cum
2014 4747 2313 4822 ejusmodi
2348 4746 2701 4803 sententiam
2730 4748 2804 4803 de
2835 4765 2896 4805 se
2923 4750 3105 4807 latam
3155 4754 3498 4821 audivisset,

1845 4841 1927 4897 sic
1950 4841 2076 4896 ait:
2127 4837 2358 4893 Gratias
2397 4852 2509 4905 ago
2569 4836 2686 4892 Deo
2738 4853 2893 4903 meo,
2951 4841 3052 4912 qui
3109 4841 3204 4897 tali
3235 4848 3293 4899 et
3339 4850 3501 4902 tanto

1845 4930 2006 4986 dono
2030 4944 2124 4984 me
2145 4925 2541 4999 prosequitur.
2576 4924 2719 4980 Cum
2761 4925 2937 4997 igitur
2976 4932 3332 5003 martyrium
3362 4932 3501 4991 bea-

1847 5024 1941 5075 tus
1974 5018 2172 5072 Victor
2210 5014 2484 5069 obiturus
2508 5019 2681 5081 esset,
2722 5014 2851 5071 hinc
2882 5016 3031 5073 dixit
3060 5021 3456 5090 quaestoribus
3484 5038 3495 5076 :

1847 5113 1983 5165 Post
2012 5112 2235 5178 septem
2266 5105 2391 5160 dies
2420 5104 2591 5159 vestri
2619 5112 2885 5161 oratores
2918 5109 3262 5175 morientur,
3298 5118 3353 5167 et
3394 5129 3501 5168 vos

1845 5198 1957 5269 ipsi
1997 5201 2131 5268 post
2156 5194 2474 5249 duodecim
2503 5193 2834 5250 moriemini
2883 5212 2898 5261 ;
2938 5197 3061 5253 dux
3084 5215 3221 5255 vero
3255 5207 3391 5271 post
3420 5203 3502 5257 vi-

1847 5288 1993 5357 ginti
2047 5288 2308 5357 quatuor
2338 5282 2414 5338 ab
2466 5282 2831 5339 adversariis
2871 5287 3145 5357 captivus
3200 5287 3498 5363 ducetur;

1847 5374 2031 5432 nOstri
2064 5380 2262 5430 autem
2290 5373 2563 5426 homines
2608 5378 2743 5443 post
2770 5378 2884 5429 tres
2932 5391 3122 5431 annos
3154 5380 3393 5435 venient
3423 5380 3500 5436 ad

1847 5463 2173 5522 tollendum
2208 5477 2425 5532 corpus
2457 5477 2658 5516 meum
2694 5478 2708 5516 :
2750 5462 2946 5518 habeo
2984 5468 3142 5522 enim
3183 5473 3239 5523 et
3278 5468 3504 5526 loculos

1849 5551 2215 5625 jampridem
2256 5550 2403 5606 mihi
2435 5555 2697 5621 paratos.
2733 5550 2850 5608 Vos
2892 5552 3071 5625 igitur
3116 5572 3284 5628 rogo,
3332 5575 3405 5615 ne
3444 5561 3503 5614 in

3191 5686 3223 5738 9
