4066 6224
525 281 629 333 267
1936 272 2193 327 MENSIS
2232 271 2503 329 JUNIUS.
3792 278 3895 332 268

527 404 736 460 alienis
777 401 984 458 loculis
1033 415 1126 455 me
1170 400 1430 471 ponatis,
1462 414 1658 471 neque
1688 398 1966 471 reliquias
2014 414 2160 453 mea:

2287 399 2396 469 μεθ’
2448 402 2639 471 ἡμέρας
2688 398 2815 450 ἑπτά
2860 401 2908 449 οἱ
2954 400 3170 472 ῥήτορες
3221 398 3593 465 τελευτήσωσι,
3626 407 3715 453 καὶ
3753 405 3897 475 ὑμεῖς

524 493 859 559 detineatis,
908 490 1234 562 quominus
1272 489 1333 543 in
1376 490 1685 560 proprium
1737 488 1933 543 locum
1974 504 2160 558 repor-

2288 488 2435 540 αὐτοὶ
2502 489 2765 540 τελευτᾶτε
2840 488 2951 559 μεθ’
3006 490 3199 562 ἡμέρας
3255 485 3484 555 δώδεκα,
3541 495 3628 541 καὶ
3679 492 3704 542 ὀ
3763 489 3892 555 δούξ

524 589 741 641 tentur.
762 582 859 635 His
880 579 1080 643 dictis,
1114 580 1307 634 securi
1354 595 1663 650 percussus
1708 586 1813 644 est,
1857 578 2160 649 statiqut

2285 577 2396 649 μεθ’
2451 580 2647 649 ἡμέρας
2696 580 2862 628 εἴκοσι
2914 587 3179 649 τέσσαρας
3228 577 3593 651 ἁρπαγὴσεται
3645 581 3744 632 ὑπό
3791 591 3887 633 τῶν

523 671 765 741 sanguis
798 675 853 726 et
908 670 998 725 lac
1040 685 1110 724 ex
1143 668 1271 738 ejus
1318 668 1663 724 vulneribus
1703 667 1951 730 efﬂuxit,
2001 667 2083 722 ita
2115 671 2177 722 ut

521 776 729 817 omnes
775 760 1154 815 mirarentur.
1209 757 1365 814 Multi
1420 773 1557 812 vero
1604 773 1669 813 ex
1694 756 2037 813 Graecorum
2070 772 2173 810 nu-

518 865 707 916 mero,
737 865 875 904 cum
907 848 1131 904 factum
1163 847 1307 902 illud
1341 846 1646 917 vidissent,
1679 852 1731 903 et
1758 846 1994 902 victoris
2026 862 2177 900 mar-

523 940 666 1011 tyris
694 938 1064 1010 patientiam,
1102 943 1156 993 et
1182 942 1546 992 constantem
1597 942 1775 1007 atque
1802 935 2174 991 immobilem

518 1028 703 1084 ﬁdem
747 1026 1329 1094 animadvertissent,
1373 1024 1693 1083 consilium
1714 1030 1769 1081 et
1819 1025 2172 1080 sententiam

519 1118 777 1190 priorem
803 1121 1205 1172 mutaverunt.
1240 1116 1434 1187 Itaque
1478 1114 1789 1170 Christiani
1820 1113 1977 1176 facti,
2012 1114 2175 1169 exiis

516 1223 654 1280 quia
684 1206 773 1263 vir
810 1205 903 1260 ille
930 1210 1172 1261 sanctus
1200 1205 1572 1275 praedixerat,
1606 1205 1799 1274 magis
1841 1200 2171 1259 conﬁrmati

518 1301 672 1354 sunt.
699 1296 913 1353 Omnia
940 1296 1122 1363 enim,
1143 1310 1277 1368 quae
1308 1310 1344 1350 a
1368 1294 1545 1350 beato
1582 1293 1679 1349 illo
1710 1299 1973 1365 martyre
2020 1308 2171 1365 prte-

515 1387 674 1443 dicta
701 1385 954 1450 fuerant,
987 1384 1285 1456 completa
1318 1388 1478 1449 sunt,
1512 1384 1589 1439 ita
1620 1387 1683 1439 ut
1709 1382 1875 1438 etalii
1908 1381 2173 1453 complu-

515 1491 609 1533 res
657 1491 727 1531 ex
768 1490 839 1531 ea
886 1489 948 1529 re
1004 1473 1082 1529 ad
1130 1472 1341 1528 Christi
1384 1472 1562 1528 ﬁdem
1612 1471 1883 1527 conversi
1933 1470 2169 1527 fuerint.

516 1564 790 1635 lar-tyrio
858 1567 1057 1619 autem
1117 1561 1302 1617 functi
1360 1565 1498 1616 sunt
1556 1564 1800 1615 sanctus
1859 1558 2050 1614 Victor
2115 1564 2172 1615 et

512 1654 690 1710 beata
713 1652 1016 1725 Stephana
1042 1656 1257 1723 quarto
1283 1651 1519 1706 decimo
1549 1650 1644 1704 die
1669 1648 1888 1703 mensis
1920 1651 2166 1704 Novem-

514 1743 636 1798 bris
675 1742 734 1798 in
795 1741 939 1797 urbe
972 1744 1279 1805 Damasco,
1352 1740 1681 1810 imperante
1735 1737 2054 1801 Antonino,
2116 1743 2160 1792 el

2280 1755 2390 1800 πεν,
2447 1738 2693 1808 ἐγένοντο,
2749 1739 2815 1798 ὡς
2867 1736 2921 1788 ἐκ
2970 1740 3154 1789 τούτου
3205 1737 3420 1797 πολλοὺς
3476 1745 3757 1790 πιστεῦσαι
3822 1747 3897 1809 τῷ

516 1834 864 1891 Sebastiano
897 1831 1068 1887 duce.
1112 1833 1303 1895 Quare
1334 1830 1406 1883 sit
1456 1829 1647 1900 gloria
1704 1826 1861 1882 Patri
1919 1832 1975 1882 et
2030 1826 2160 1882 Filio

2283 1833 2513 1897 Χριστῷ.
2560 1826 2856 1884 Ἐτελειώθη
2910 1824 2967 1879 δὲ
3013 1828 3037 1878 ό
3088 1826 3233 1896 ἅγιος
3281 1831 3369 1878 καὶ
3416 1826 3705 1889 καλλίνικος
3752 1830 3895 1900 μάρ-

513 1929 570 1980 et
603 1922 843 1994 Spiritui
883 1925 1113 1983 sancto,
1146 1935 1308 1975 nunc
1355 1924 1410 1975 et
1460 1933 1711 1989 semper,
1745 1921 1801 1971 et
1841 1915 1903 1970 in
1950 1914 2160 1971 saecula

2278 1934 2370 1976 τυς
2413 1922 2502 1966 τοῦ
2554 1922 2787 1988 Χριστοῦ
2837 1920 3031 1989 Βίκτωρ
3087 1920 3180 1967 σὺν
3229 1923 3290 1987 τῇ
3343 1920 3578 1989 μακαρίᾳ
3609 1914 3897 1988 Στεφανίδι

516 2012 895 2068 saeculorum.
925 2016 1135 2064 Amen.

2279 2008 2405 2075 μηνὶ
2458 2002 2730 2077 Νοεμϐρίῳ
2809 2000 3080 2076 ἑνδεκάτη,
3152 2007 3201 2056 ἑν
3263 2004 3406 2056 πόλει
3482 2011 3740 2077 Δαμασκῷ
3800 2013 3901 2066 τῆς

517 2100 753 2161 Ἰταλίας,
785 2098 868 2151 ἐπὶ
919 2095 1195 2169 βασιλέως⁹
1224 2096 1526 2147 Ἀντωνίνου
1582 2102 1671 2146 καί
1702 2093 2047 2146 Σεϐαστιανού
2080 2090 2289 2156 δουκός,
2324 2093 2395 2154 εἰς
2440 2090 2596 2156 δόξαν
2650 2101 2741 2145 τοῦ
2776 2097 2991 2165 Πατρός,
3028 2098 3117 2145 καὶ
3155 2101 3245 2145 τού
3290 2095 3433 2159 Υίοῦ,
3466 2098 3555 2146 καὶ
3602 2102 3693 2146 τοῦ
3734 2093 3897 2167 ἁγίου

519 2192 832 2261 Πνεύματος,
863 2196 950 2239 νῦν
976 2191 1064 2238 καὶ
1096 2185 1192 2253 ἀεὶ,
1235 2191 1324 2237 καὶ
1355 2186 1426 2246 εἰς
1450 2188 1567 2244 τοὺς
1596 2184 1786 2246 αἰὼνας
1811 2192 1910 2236 τῶν
1943 2183 2157 2236 αἰώνων.
2196 2182 2381 2253 Ἀμην.

1314 2510 2131 2698 MENSIS
2257 2513 3083 2703 JUNIUS.

1083 2959 1279 3075 DE
1364 2956 1469 3078 S.
1564 2957 2323 3077 SAMPSONE
2416 2959 3311 3086 XENODOCHO

1853 3171 1986 3225 CON
1996 3171 2503 3229 STANTINOPOLI
2520 3217 2531 3230 .

2286 667 2540 718 évawriwv'
2583 672 2672 718 καὶ
2720 669 2849 737 μετὰ
2895 670 3014 737 τρία
3061 668 3148 723 ἔτη
3204 664 3501 718 ἐλεύσονται
3557 670 3607 719 οἱ
3660 670 3889 741 ἡμέτεροι

2286 756 2367 807 ἐπὶ
2410 759 2467 807 τό
2518 750 2641 829 ἆραι
2688 759 2746 806 τό
2798 758 2950 826 σῶμά
2993 774 3130 826 μου·
3167 757 3275 826 ἔχω
3304 759 3405 827 γὰρ
3451 761 3540 809 καὶ
3589 760 3682 815 τὴν
3742 762 3890 831 σορόν

2285 844 2502 897 ἔκπαλαι
2556 844 2802 915 ἑτοίμηνο
2857 849 2927 915 μὴ
2984 841 3072 895 οὖν
3132 844 3199 905 εἰς
3253 843 3522 917 ἀλλοτρίαν
3580 848 3732 909 τεθῶ,
3791 866 3897 899 πα-

2283 934 2510 1007 ρακαλῶ,
2563 930 2702 1005 μηδι
2750 932 3019 990 κωλύσητε
3077 933 3300 1005 ἀρθῆναι
3356 938 3413 985 τό
3468 934 3711 1005 λείψανόν
3766 954 3893 1007 μου,

2286 1023 2367 1074 ἵνα
2407 1022 2473 1082 εἰς
2516 1026 2580 1074 τὰ
2628 1019 2745 1074 ἴδια
2796 1022 3126 1094 ἀποκομισθῇ
3174 1021 3222 1074 ἐν
3267 1023 3466 1097 εἰρήνῃ.
3498 1031 3676 1077 Ταῦτα
3726 1024 3895 1077 εἰπόν-

2283 1130 2367 1173 τος
2428 1111 2602 1173 αύτού,
2659 1118 2747 1163 καὶ
2800 1112 3095 1184 εὐξαμένου,
3159 1112 3418 1185 ἐκρούσθη
3475 1121 3547 1183 τῷ
3608 1113 3741 1185 ξίφει
3801 1120 3893 1166 καὶ

2285 1200 2486 1263 ἐξῆλθεν
2560 1203 2692 1273 αἷμα
2764 1207 2853 1252 καὶ
2926 1201 3080 1272 γάλα,
3138 1203 3272 1254 ὥστε
3346 1205 3538 1263 πάντας
3618 1204 3894 1274 θαυμάσαι

2282 1295 2401 1352 τοὺς
2456 1299 2816 1363 περιεστῶτας.
2878 1290 3062 1342 Πολλοὶ
3122 1287 3181 1343 δι
3232 1299 3330 1343 τῶν
3390 1291 3637 1350 Ἐλλήνων
3698 1295 3894 1368 θεωρήο

2286 1399 2464 1441 σαντες
2513 1385 2605 1438 τὴν
2662 1385 2940 1454 καρτερίαν
3007 1385 3097 1432 καὶ
3175 1382 3438 1452 ὑπομονὴν
3496 1389 3590 1443 τῆς
3650 1381 3896 1444 ἁκλινοῡς

2283 1470 2442 1520 αὐτοῦ
2522 1475 2764 1533 πίστεως,
2823 1467 3259 1541 μεταϐαλλόμενοι
3321 1473 3402 1521 τόν
3472 1475 3681 1545 τρόπον,
3740 1478 3897 1542 γεγό-

2279 1578 2400 1611 νασι
2452 1563 2782 1633 Χριστιανοὶ.
2819 1559 3157 1620 Ἀκούσαντες
3205 1554 3265 1611 δε
3317 1564 3407 1610 καὶ
3450 1564 3570 1635 περὶ
3617 1561 3683 1610 ὧν
3714 1566 3897 1635 προεί-

2279 1666 2455 1719 ρηκεν,
2514 1648 2662 1700 πλέον
2711 1646 3111 1721 ἐστηρίχθησαν
3143 1666 3154 1677 ·
3189 1652 3357 1701 πάντα
3404 1651 3505 1721 γὰρ
3562 1650 3663 1701 ὅσα
3715 1658 3898 1723 προεὶ-

515 2342 3891 2378 ω

902 3339 1077 3401 (Anno
1099 3338 1189 3385 530
1221 3334 1303 3385 vel
1329 3337 1437 3391 531,
1468 3335 1613 3384 Junii
1644 3336 1729 3385 die
1757 3338 1834 3386 27.
1866 3362 1927 3374 —
1949 3337 2080 3387 Acta
2109 3338 2194 3389 SS.
2227 3339 2468 3391 Bolland.
2506 3340 2573 3389 ad
2603 3340 2741 3391 hanc
2767 3341 2928 3401 diem,
2966 3343 3143 3394 Grmce
3178 3348 3231 3395 et
3257 3345 3484 3407 Latine.)

1310 3657 2338 3754 COMMENTARIUS
2420 3662 3058 3757 PR/EVIUS.

508 3879 537 3951 δ
594 3883 635 3935 ι.
688 3909 756 3918 -
819 3877 1041 3933 Auctor
1124 3876 1252 3955 ἵζειν
1328 3876 1391 3955 ες.
1477 3875 1822 3955 Sampsonis
1910 3876 2159 3945 Symeon
2200 3876 2240 3931 C
2274 3878 2640 3949 temporibus
2675 3880 2886 3943 vicino,
2912 3881 3118 3951 paucis
3145 3881 3430 3953 hicjuvat
3454 3897 3786 3955 apponere,
3816 3887 3883 3939 ut

1116 3947 1573 4015 ME‘athstes-
2269 3971 2358 4021 est
2378 3947 2541 4038 apud
2560 3970 2810 4024 Leonem
2822 3947 3096 4025 Allatium
3116 3970 3177 4026 in
3197 3947 3458 4029 Diatriba
3474 3947 3878 4042 praelaudata.

577 4058 687 4111 Leo
717 4053 978 4121 Allatius,
1014 4054 1072 4107 in
1095 4069 1201 4108 sua
1229 4052 1302 4108 de
1353 4055 1719 4124 Symeonum
1751 4052 1981 4123 scriptis
2037 4052 2160 4108 Dia-

2338 4059 2390 4108 2.
2440 4059 2574 4109 «Τὰ
2614 4060 2715 4129 γὰρ
2767 4062 3018 4131 προοίμια
3063 4066 3159 4111 τῶν
3207 4059 3371 4131 λόγων
3420 4060 3578 4113 αὐτοῦ
3605 4060 3880 4134 ἁπτόμενα

506 4142 681 4208 triba,
713 4142 810 4197 ubi
836 4142 909 4197 de
932 4144 1228 4213 Symeone
1257 4140 1646 4212 Metaphraste
1677 4140 1866 4197 fusius
1888 4143 2025 4208 agit,
2062 4157 2160 4197 va-

2270 4143 2417 4205 εύθύς
2468 4152 2557 4195 τοῦ
2605 4147 2960 4218 ὑποκειμένου,
3017 4153 3106 4199 καὶ
3161 4146 3344 4221 βαρχύ
3402 4169 3454 4202 τι
3509 4155 3719 4223 προιὼν,
3787 4156 3878 4202 τόν

504 4231 622 4287 rias
664 4236 1005 4286 sanctorum
1046 4231 1227 4297 Vitas,
1264 4246 1399 4302 quin
1432 4229 1543 4284 sub
1606 4229 1875 4299 ejusdem
1917 4231 2159 4285 nomine

503 4320 723 4392 passim
779 4322 1043 4388 veniunt,
1074 4324 1199 4375 tum
1236 4319 1397 4390 quod
1440 4318 1587 4374 alios
1639 4323 1913 4373 auctores
1955 4320 2159 4390 praefe-

2268 4240 2361 4282 τοῦ
2417 4237 2831 4307 συγγράμματος
2887 4236 3152 4308 ἀναφαίνει
3211 4244 3423 4291 σκοπόν·
3483 4244 3572 4291 καὶ
3623 4244 3717 4297 τὴν
3777 4246 3879 4291 πᾶ-

2269 4340 2363 4372 σαν
2424 4323 2501 4373 ἐπ’
2560 4322 2711 4386 ἐνίοις
2769 4332 2868 4376 τῶν
2920 4325 3083 4397 λόγων
3142 4328 3390 4379 ὑπόθεσιν
3441 4328 3875 4401 κεφαλαιωσάμε-

503 4414 657 4473 rant,
680 4414 807 4463 tum
832 4408 996 4479 quod
1027 4424 1062 4463 a
1092 4408 1391 4463 scribendi
1415 4407 1700 4462 methodo
1722 4413 1777 4462 et
1804 4407 1957 4479 stylo
1975 4424 2156 4479 atque

503 4502 672 4553 atate
697 4497 1106 4568 Metaphrastis
1138 4497 1388 4552 multum
1422 4496 1716 4561 aberrent,
1755 4496 1806 4551 ei
1842 4495 2018 4567 plane
2049 4497 2153 4551 ab-

497 4585 726 4656 judicat
765 4602 777 4648 ;
809 4584 958 4640 alias
990 4600 1131 4640 vero
1164 4584 1482 4640 nonnullas
1528 4590 1817 4656 tanquam
1859 4587 2153 4655 genuinos

503 4673 656 4729 illius
682 4672 833 4729 fetus
865 4672 1160 4743 designat,
1186 4689 1257 4729 ex
1283 4672 1582 4743 quibusde
1609 4672 1835 4728 caeteris
1856 4674 1982 4728 ﬁeri
2014 4690 2155 4745 pos-

502 4762 576 4817 sit
596 4761 890 4833 judicium
920 4777 934 4825 ;
957 4762 1030 4817 de
1056 4762 1181 4817 Vita
1209 4769 1407 4817 tamen
1435 4762 1789 4834 Sampsonis
1816 4763 2152 4818 Xenodochi

501 4850 647 4906 nihil
685 4850 1109 4923 pronuntiavit,
1179 4850 1328 4907 forte
1393 4851 1556 4923 quod
1599 4852 1859 4907 Graecum
1928 4857 2150 4906 textum

501 4940 701 4997 videre
732 4941 785 4995 ei
815 4956 935 4996 non
965 4939 1166 5006 licuit;
1201 4939 1439 4995 difﬁcile
1472 4942 1632 4995 enim
1663 4946 1749 4995 est
1786 4941 1859 4995 de
1890 4941 2150 5010 genuino

500 5031 759 5087 auctoris
814 5030 932 5086 fetu
994 5030 1287 5100 judicium
1342 5029 1512 5095 ferre,
1569 5031 1679 5084 nisi
1729 5046 1865 5085 eum
1906 5030 2149 5101 proprio

500 5120 781 5176 idiomate
810 5120 1153 5191 loquentem
1173 5120 1405 5174 audias.
1429 5122 1545 5173 Nos
1571 5118 1765 5173 Vitam
1787 5135 1921 5173 eam
1956 5121 2148 5174 Graece

499 5210 911 5280 conscriptam,
956 5224 1143 5280 quam
1188 5224 1260 5263 ex
1305 5224 1418 5264 ms.
1468 5206 1838 5262 bibliothecae
1880 5208 2147 5262 Mediceaa

497 5299 652 5367 regis
686 5297 941 5353 Frunciae
986 5296 1142 5352 nacti
1171 5313 1398 5360 sumus,
1443 5295 1593 5350 infra
1622 5295 1919 5350 dabimus.
1953 5299 2023 5351 Ut
2052 5313 2145 5350 au-

499 5391 616 5441 tem
657 5392 947 5457 appareat
990 5402 1122 5441 eam
1154 5402 1189 5440 a
1217 5388 1511 5457 Symeone
1571 5385 1966 5455 Metaphraste
2016 5402 2147 5439 esse

497 5475 912 5545 compositam,
937 5491 1071 5545 qua:
1094 5474 1269 5529 fuerit
1297 5475 1453 5529 illius
1484 5472 1781 5528 scribendi
1818 5473 2072 5530 formula
2092 5480 2148 5529 et

499 5561 740 5628 modus,
780 5577 851 5617 ex
883 5561 1071 5618 Psello
1103 5563 1376 5633 ejusdem
1407 5561 1785 5626 encomiaste,
1817 5562 2146 5634 iisdemque

2264 4430 2343 4470 νος
2399 4411 2549 4473 εὐθὺς
2619 4416 2754 4464 κατὰ
2799 4418 2929 4486 μέρη
2985 4418 3172 4486 τέμνει,
3224 4421 3349 4491 πρός
3396 4436 3450 4469 τε
3496 4419 3561 4468 τὰ
3607 4422 3881 4490 πρόσωπα

2265 4505 2351 4551 καί
2394 4505 2515 4562 τοὺς
2560 4506 2775 4574 καιροὺς
2820 4503 3223 4577 μεθαρμόζεται.
3281 4510 3379 4557 Καὶ
3427 4508 3484 4557 τό
3531 4509 3621 4575 μεν
3666 4515 3881 4581 χρῶμα

2262 4597 2353 4641 τού
2411 4589 2565 4659 λόγου
2618 4594 2676 4642 τό
2731 4590 2857 4642 αύτό
2911 4597 3063 4658 πᾶσι,
3120 4598 3209 4645 καὶ
3261 4596 3291 4651 ἡ
3348 4599 3564 4655 ποιότης
3618 4600 3715 4666 μία
3775 4605 3878 4658 τῆς

2263 4683 2513 4751 φράσεως,
2546 4682 2575 4737 ἠ
2636 4678 2694 4732 δέ
2739 4700 2797 4751 γε
2848 4690 2940 4733 τοῦ
2987 4685 3147 4745 ἤθους
3191 4683 3445 4756 μεταϐολὴ
3498 4684 3726 4749 ποικίλη,
3782 4691 3879 4739 καὶ

2262 4771 2331 4827 ὡς
2380 4767 2438 4819 ἆν
2471 4772 2584 4840 εἴπῃ
2619 4788 2713 4833 τις,
2748 4775 2987 4839 τεχνικὴ.
3021 4772 3079 4822 ού
3126 4770 3218 4825 διὰ
3260 4778 3353 4831 τήν
3394 4778 3584 4845 τέχνην
3629 4777 3694 4826 τὰ
3727 4778 3877 4849 πρά-

2259 4877 2435 4929 γματα
2479 4857 2892 4929 μεταϐάλλουσα,
2928 4859 3055 4912 ἀλλὰ
3110 4870 3182 4932 τῷ
3236 4863 3433 4934 ἑκάστῳ
3486 4872 3585 4915 τῶν
3633 4883 3878 4936 παραπι-

2262 4950 2486 4998 πτόντων
2538 4949 2857 5021 πραγμάτων
2916 4968 2969 5000 τε
3026 4956 3114 5002 καὶ
3171 4958 3462 5025 προσώπων
3529 4952 3713 5004 οἰκεῖον
3769 4954 3877 5025 :39-

2260 5038 2653 5105 ερμηνεύουσα·
2688 5039 2755 5097 ὡς
2805 5041 2933 5111 πρός
2988 5036 3264 5112 ἀρχέτυπα
3317 5037 3375 5093 δὲ
3427 5044 3490 5093 τὰ
3536 5040 3880 5117 ἀρχαιότερα

2258 5130 2353 5172 τῶν
2428 5126 2745 5196 πραγμάτων
2820 5124 3135 5192 ἕνατενίςων,
3204 5126 3403 5181 ἐκείνων
3479 5150 3531 5182 τε
3588 5130 3680 5182 οὐκ
3766 5130 3878 5203 ἀφ·-

2260 5214 2491 5275 ίσταται,
2527 5213 2608 5262 ἵνα
2664 5218 2734 5284 μὴ
2784 5210 2913 5286 δόξῃ
2967 5216 3088 5267 ἄλλο
3140 5236 3191 5268 τι
3244 5226 3423 5283 ποιῶν,
3480 5224 3569 5270 καὶ
3616 5220 3759 5291 παρά
3811 5225 3876 5273 τό

2258 5297 2615 5373 παράδειγμα,
2658 5308 2745 5355 καὶ
2798 5309 2890 5362 τὴν
2949 5305 3069 5362 ὃλην
3120 5303 3262 5359 ἰδέαν
3314 5317 3601 5378 μετατυποῖ
3651 5309 3742 5360 οὐκ
3795 5309 3874 5361 ἐν·

2258 5387 2516 5440 αλλάττων
2564 5396 2656 5448 τὴν
2705 5391 2850 5459 ὕλην,
2884 5391 3010 5445 ἀλλά
3056 5399 3113 5446 τό
3161 5397 3524 5469 ἡμαρτημένον
3574 5407 3672 5448 τῶν
3705 5395 3877 5451 εἰδῶν

2259 5473 2645 5550 διορθούμενος,
2692 5479 2815 5533 οὐδὲ
2869 5493 3187 5555 καινοτομῶν
3231 5488 3326 5546 τὰς
3372 5484 3581 5553 ἐννοίας,
3628 5486 3756 5538 ἀλλὰ
3811 5494 3876 5540 τὸ

2256 5575 2352 5627 τῆς
2393 5566 2573 5631 λέξεως
2630 5576 2822 5642 σχῆμα
2868 5574 3181 5643 μετατιθεὶς,
3239 5573 3556 5647 ἀνωμαλίαις
3612 5594 3665 5628 τε
3716 5595 3881 5651 περε-
