4084 6216
194 300 255 357 259

1430 258 1593 351 VITA
1637 294 1701 348 s-
1739 294 2169 353 SAMPSONIS.

3406 308 3509 360 270

172 434 308 477 me»
332 418 651 492 διηγημάτων
678 420 704 470 ὁ
744 417 894 489 λόγος
924 418 1084 489 αὐτῷ,
1116 426 1206 473 καὶ
1236 421 1579 493 μεταλλαγαῖς
1619 422 1742 472 ὐπο-

1856 417 2056 486 fuisse,
2110 426 2169 478 et
2213 438 2496 496 perquam
2548 424 2905 481 familiarem
2958 427 3085 482 viro
3147 428 3204 484 in
3280 446 3522 488 summa

166 518 292 565 ξισεων
337 510 389 561 οὐ
443 516 736 579 συγχεῖται,
795 504 919 560 οὐδὲ
986 510 1326 583 ταράττεται.
1388 530 1415 561 »
1452 510 1595 575 Qum
1662 510 1744 565 ita

159 602 281 656 vertit
305 599 531 654 Allatius
558 617 568 656 :

201 695 240 745 3.
267 706 293 738 ‹‹
327 686 667 757 Principium
707 687 835 757 ejus
889 685 1228 743 orationum
1257 688 1460 743 statim
1510 686 1749 758 attingit

152 778 446 849 subjectum,
477 781 530 832 et
560 791 775 847 parum
806 775 1160 848 procedens,
1190 777 1453 834 ostendit
1482 778 1570 833 sui
1611 777 1749 833 scri-

151 868 209 939 pti
232 882 455 937 scopum
488 882 502 931 ;
534 872 589 921 et
623 866 684 921 in
715 864 1022 921 nonnullis
1051 866 1444 932 orationibus,
1486 882 1625 921 cum
1666 870 1749 921 to-

150 963 240 1012 tum
272 959 672 1025 argumentum
702 954 1049 1025 recapitulet
1072 955 1133 1010 in
1164 971 1492 1020 summam,
1535 955 1595 1010 id
1636 960 1749 1011 sta-

147 1047 220 1101 tim
237 1046 285 1100 in
304 1050 487 1117 partes
511 1043 741 1100 dividit.
770 1045 843 1099 Se
880 1048 1077 1099 autem
1101 1045 1522 1101 accommodat
1547 1060 1748 1116 perso-

146 1136 211 1190 nis
232 1142 280 1189 et
318 1134 697 1206 temporibus,
740 1138 797 1189 et
824 1138 911 1188 est
947 1131 1191 1205 quidem
1247 1133 1532 1190 omnibus
1584 1133 1745 1190 idem

145 1223 265 1279 color
282 1224 547 1279 orationis
576 1227 637 1279 et
667 1238 789 1278 una
826 1223 1084 1295 qualitas
1115 1222 1393 1278 dictionis
1448 1240 1462 1290 ;
1507 1238 1746 1279 morum

146 1318 298 1369 autem
326 1312 483 1368 varia
523 1318 616 1368 est
650 1312 918 1377 mutatio,
972 1316 1048 1377 et,
1083 1317 1147 1367 ut
1175 1311 1389 1367 dixerit
1419 1312 1741 1384 quispiam,

144 1402 419 1468 artiﬁciosa,
466 1417 588 1456 non
618 1416 726 1471 per
754 1406 940 1456 artem
963 1416 1055 1456 res
1094 1404 1358 1469 mutans,
1414 1400 1540 1465 sed,
1584 1400 1745 1467 quod

147 1492 408 1563 unicuique
440 1491 517 1545 rei
548 1496 607 1545 et
663 1505 934 1562 personae
988 1488 1269 1545 incidenti
1324 1489 1742 1555 conveniebat,

145 1582 495 1651 interpretans.
526 1579 850 1651 Tanquam
876 1582 1077 1634 autem
1099 1578 1176 1634 ad
1203 1578 1529 1650 archetypa
1545 1594 1743 1633 exem-

146 1669 291 1742 plaria
316 1685 375 1724 ac
402 1685 493 1724 res
529 1669 900 1740 antiquiores
929 1667 1187 1735 intuens,
1212 1683 1319 1723 nec
1358 1668 1435 1723 ab
1465 1667 1575 1723 illis
1589 1684 1742 1723 rece-

149 1759 228 1825 dit,
245 1774 303 1814 ne
326 1758 583 1814 videatur
608 1757 840 1830 aliquid
896 1757 1061 1813 aliud
1106 1757 1318 1826 facere,
1352 1762 1408 1813 et
1434 1756 1513 1813 ad
1543 1773 1740 1813 exem-
1776 1770 1818 1823 Β

154 1847 255 1918 pler
285 1862 487 1919 quoque
514 1852 708 1903 totam
759 1851 1122 1902 transmutat
1164 1845 1403 1902 dicendi
1457 1845 1739 1913 formam,

160 1951 251 1991 non
277 1935 534 1993 diversam
580 1934 813 1991 faciens
864 1936 1198 2001 materiam,
1237 1934 1342 1989 sed
1373 1934 1537 2007 quod
1564 1934 1623 1989 in
1652 1934 1739 1989 di-

156 2025 285 2080 cendi
306 2040 491 2095 genere
522 2029 843 2097 peccatum
864 2025 1317 2093 erat,corrigens
1349 2045 1359 2088 ;
1384 2038 1578 2095 neque
1609 2038 1743 2079 sen-

153 2114 311 2170 tentias
330 2115 639 2179 innovans,
662 2113 766 2169 sed
794 2118 1142 2170 convertens
1161 2113 1417 2183 ﬁguram
1440 2112 1738 2183 dictionis,

149 2210 188 2257 et
212 2204 252 2258 ei
282 2203 525 2259 incidens
555 2203 753 2260 oratio
792 2204 853 2258 in
883 2202 1286 2258 diversitatem
1326 2201 1742 2257 narrationum

148 2298 186 2348 et
207 2293 504 2349 varietatem
532 2298 1035 2365 argumentorum
1065 2308 1188 2348 non
1228 2291 1616 2348 confunditur
1645 2306 1744 2346 ne-

146 2398 230 2453 que
250 2383 632 2454 perturbatur,
664 2403 693 2432 »
722 2388 832 2438 etc.

195 2476 234 2527 Ii.
278 2472 386 2530 Haec
405 2474 502 2547 qui
538 2489 685 2528 cum
723 2472 1015 2527 Prooemio
1038 2471 1293 2527 auctoris
1327 2470 1654 2539 contulerit,
1687 2470 1743 2525 in

146 2578 194 2617 eo
222 2563 651 2633 letaphrastem
704 2565 989 2631 agnoscet
1030 2577 1041 2616 :
1085 2562 1145 2615 in
1200 2561 1333 2632 ipso
1383 2560 1539 2615 enim
1579 2559 1743 2615 initio

145 2652 418 2724 scriptionis
446 2670 570 2709 suae
622 2668 863 2723 scopum
923 2652 1342 2722 intentumque
1396 2650 1740 2719 signiﬁcat;

145 2740 326 2806 deinde,
354 2759 485 2816 qua;
515 2743 888 2798 documenta
927 2740 1002 2796 ad
1051 2740 1407 2810 Sampsonis
1436 2738 1741 2794 historiam

144 2831 397 2886 texendam
429 2830 738 2896 habuerit,
771 2829 1012 2900 exponit
1040 2845 1053 2895 ;
1085 2844 1218 2900 quae
1249 2827 1524 2900 quamvis
1552 2829 1743 2883 ineru-

140 2918 224 2974 dite
237 2925 286 2975 et
308 2922 553 2976 barbare
572 2926 776 2975 essent
791 2917 1147 2989 composita,
1176 2922 1516 2973 secuturum
1544 2922 1741 2972 tamen

142 3024 232 3063 sese
262 3009 568 3082 proﬁtetur,
603 3024 954 3081 quanquam
981 3023 1053 3063 ea
1105 3006 1333 3062 meliori
1366 3006 1519 3078 stylo
1560 3012 1741 3060 meta-

140 3098 380 3168 phrastice
409 3102 683 3155 exornet.
718 3097 939 3153 Deinde
966 3096 1011 3150 si
1045 3100 1233 3151 totam
1264 3095 1445 3165 hujus
1478 3093 1741 3183 scriptio-
1772 3126 1813 3183 Ο

139 3186 472 3252 nistormam,
526 3186 782 3258 stylum,
840 3185 1337 3257 frequentemque
1363 3182 1737 3252 adagiorum,

142 3273 237 3330 hinc
259 3276 382 3332 inde
407 3277 640 3334 erudite
685 3274 1223 3337 intercurrentium,
1268 3288 1439 3327 usum
1473 3271 1740 3327 conside-

142 3378 220 3429 res,
245 3374 403 3438 atque
423 3384 493 3424 ea
522 3366 735 3423 omnia
756 3381 892 3420 cum
926 3363 1195 3433 genuinis
1228 3361 1381 3417 illius
1412 3377 1481 3417 ac
1512 3376 1741 3430 germa-

142 3453 206 3505 nis
242 3455 456 3522 fetibus,
488 3456 563 3510 de
595 3453 821 3527 quibus
856 3456 1089 3507 constat
1138 3450 1300 3522 apud
1348 3449 1622 3504 Allatium
1676 3448 1738 3504 in

141 3544 331 3609 praefata
359 3544 640 3607 Diatriba,
694 3541 913 3613 ubique
945 3539 1405 3611 Metaphrastem
1446 3538 1737 3595 invenies.

140 3632 367 3691 Prmterea
403 3640 594 3691 certos
637 3648 750 3687 nos
794 3629 989 3687 reddit
1034 3634 1241 3685 auctor
1294 3627 1440 3683 Vitae
1471 3627 1651 3697 hujus
1677 3626 1736 3681 in

139 3720 391 3790 Pmmmio,
418 3740 480 3779 se
513 3722 842 3779 multorum
891 3719 1146 3775 aliorum
1186 3722 1541 3781 sanctorum,
1584 3731 1739 3771 mar-

139 3814 291 3878 tyrum
311 3813 546 3885 quidem
577 3811 819 3867 labores
850 3814 904 3863 et
937 3806 1281 3867 certamina,
1327 3803 1738 3860 confessorum

139 3913 245 3955 vero
275 3904 415 3958 vitas
458 3908 515 3958 et
552 3917 652 3956 res
702 3903 898 3969 gestas
951 3896 1264 3966 diligenter
1295 3894 1733 3965 conscripsisse.

138 3987 275 4061 idque
302 3988 829 4061 ConstantinOpoli,
863 3986 963 4043 ubi
997 3988 1052 4043 S.
1089 3984 1440 4057 Sampsonis
1472 3982 1738 4038 tumulus

138 4080 420 4136 cmlestibus
468 4079 739 4135 clarebat
767 4075 1050 4149 prodigiis
1092 4093 1105 4142 ;
1162 4074 1301 4130 inde
1342 4076 1399 4127 et
1426 4088 1499 4128 ea
1536 4076 1739 4127 narrat

141 4167 387 4235 miracula,
440 4185 577 4242 quae
635 4173 740 4223 aut
799 4167 925 4238 ipse
955 4163 1142 4220 oculis
1173 4161 1503 4234 conspexit,
1534 4160 1627 4215 vel
1662 4161 1736 4215 ab

139 4256 335 4313 oculatis
362 4260 611 4314 testibus
645 4257 772 4327 ipse
803 4253 1032 4312 audivit
1068 4269 1235 4325 ;quae
1268 4252 1362 4307 cui
1394 4251 1565 4306 istius
1595 4256 1735 4305 tem-

140 4346 256 4413 poris
282 4350 494 4405 auctori
531 4346 920 4411 ascribentur,
952 4343 1061 4399 nisi
1086 4340 1467 4413 Metaphrasti
1490 4339 1519 4395 ‘f

189 4441 228 4489 5.
256 4438 407 4495 Hunc
444 4455 569 4495 non
600 4435 1082 4505 ludimagistrum
1123 4430 1409 4487 trivialem
1444 4429 1641 4491 fuisse,
1678 4432 1739 4484 ut

138 4530 334 4599 quidam
346 4532 744 4601 somniarunt,
761 4530 866 4587 sed
883 4542 1125 4584 summa
1150 4527 1207 4581 in
1228 4524 1537 4597 republica
1549 4522 1738 4592 digni-

138 4622 222 4674 tate
242 4623 587 4688 excelluisse,
622 4624 822 4687 utpote
847 4618 950 4691 qui
980 4615 1259 4686 Magistri
1288 4620 1342 4671 et
1405 4612 1739 4682 Logothetw

139 4708 331 4765 nomine
361 4710 695 4784 appelletur
738 4727 754 4779 ;
787 4706 952 4779 quod
980 4720 1189 4761 eorum
1236 4717 1454 4757 munus
1483 4704 1591 4769 est,
1633 4699 1734 4772 qui

136 4796 346 4854 rationes
368 4800 602 4856 ﬁscales
634 4797 722 4854 vel
760 4794 1024 4869 publicas
1055 4795 1427 4863 cognoscunt
1455 4794 1512 4846 et
1548 4788 1733 4845 disce-

140 4890 285 4953 ptant,
322 4895 713 4962 sumptusque
750 4886 843 4942 vel
867 4891 923 4942 et
968 4883 1194 4940 reditus
1227 4882 1309 4936 ita
1342 4878 1622 4948 dirigunt,
1674 4882 1737 4933 ut

138 4976 423 5046 reipublicm
448 4978 643 5051 potius
676 4991 861 5050 quam
910 4974 1277 5047 privatorum
1311 4984 1531 5024 munus
1562 4966 1737 5022 susti-

141 5070 296 5127 neant:
326 5068 518 5139 hujus,
554 5068 825 5138 inquam,
855 5060 1162 5132 dignitatis
1200 5058 1381 5115 fuisse
1416 5056 1732 5127 Metaphra-

143 5156 275 5219 stem,
295 5158 582 5213 evidenter
600 5156 1077 5211 demonstratum
1095 5144 1547 5204 lectorinveniet
1568 5143 1732 5215 apud

144 5236 439 5301 Bollandum
486 5250 754 5301 nostrum
795 5242 855 5297 in
885 5236 1233 5295 Praefatione
1270 5250 1404 5305 gen.
1456 5233 1534 5289 ad
1576 5234 1731 5288 Vitas

144 5339 451 5401 sanctorum,
479 5351 611 5405 cap.
639 5340 685 5399 t,
719 5333 817 5404 53,
852 5338 908 5386 et
952 5328 1145 5384 fusius
1171 5325 1329 5397 apud
1361 5322 1638 5377 Allatium
1672 5323 1729 5376 in

146 5415 357 5479 Distriba
376 5425 669 5495 praedicta.
692 5426 966 5479 Nostrum
999 5434 1135 5473 vero
1169 5422 1473 5472 auctorem
1497 5411 1728 5482 conspi-

143 5520 238 5563 cuae
263 5512 420 5569 fuisse
444 5514 505 5570 in
535 5512 839 5585 republica
857 5508 1185 5580 dignitatis,
1217 5520 1290 5560 ex
1312 5520 1381 5559 eo
1413 5502 1550 5557 licet
1587 5515 1731 5555 con-

145 5594 302 5666 iicere.
344 5602 504 5675 quod
543 5604 604 5659 in
641 5603 765 5660 Vita
808 5615 977 5657 num.
1020 5599 1082 5653 t2
1114 5597 1342 5653 asserat
1374 5608 1436 5648 se
1465 5589 1728 5646 amicum

1770 4380 1813 4434 Ι)

1858 508 2146 577 dignitate
2186 513 2530 581 constituto,
2582 513 2758 568 Leoni
2801 512 3044 580 scilicet,
3079 517 3131 567 ὅν
3182 518 3206 567 ὁ
3234 525 3519 591 πατρικίων

1858 618 1910 650 τε
1962 604 2050 651 καὶ
2114 606 2471 674 πραιποσίτων
2549 599 2662 673 εἶχε
2739 606 2923 675 χορὸς,
2993 608 3081 656 καὶ
3158 606 3210 665 ὃς
3303 606 3520 677 μετῆλθε

1857 691 1946 759 μὲν
2003 694 2097 746 τὴν
2150 698 2241 742 τοῦ
2299 696 2655 765 Δρουγγαρίου
2713 697 2806 749 τὴν
2876 712 2975 745 των
3056 693 3317 766 πλωῖμων,
3404 716 3520 766 μιτ-

1858 779 1980 835 ῆλθε
2029 775 2087 831 δὲ
2143 784 2233 831 καὶ
2304 785 2397 838 τὴν
2470 788 2561 833 τοῦ
2628 783 2917 851 Λογοθέτου
2992 790 3085 834 τοῦ
3153 788 3353 857 Δρόμου
3433 785 3521 858 αρ-

1858 872 1986 937 χήν,
2024 887 2046 916 α
2089 868 2193 940 qui
2230 869 2290 924 in
2321 868 2708 939 patriciorum
2738 870 3322 943 praepositorumque
3360 873 3523 929 ordi-

1856 971 1994 1011 nem
2010 956 2229 1012 relatus
2248 957 2374 1019 fuit,
2397 958 2619 1031 quique
2642 960 2723 1014 rei
2745 960 3061 1017 maritimas
3106 960 3523 1033 prmfecturam

1856 1061 1926 1100 ac
1950 1045 2287 1116 Logothetaa
2316 1048 2534 1103 Cursus
2560 1047 2789 1119 publice
2812 1050 3225 1120 magistratum
3256 1054 3455 1122 gessit,
3494 1074 3520 1102 »

1856 1148 1983 1205 qua)
2001 1139 2140 1190 sunt
2170 1134 2319 1190 inter
2344 1152 2625 1208 suprema
2652 1137 2996 1209 reipublicae
3029 1136 3523 1213 Constantinopo-

1852 1221 2050 1280 litante
2076 1238 2346 1281 munera.

1925 1358 1955 1410 6
1987 1398 2001 1413 .
2035 1357 2181 1413 Cum
2212 1372 2353 1413 vero
2385 1356 2538 1413 alius
2578 1359 2828 1430 quidam
2863 1361 2993 1425 Leo,
3030 1362 3136 1434 qui
3171 1363 3380 1420 Leonis
3413 1380 3519 1438 pa-

1856 1442 2003 1499 tricii
2035 1445 2360 1501 ministerio
2392 1446 2646 1510 suberat,
2680 1448 2902 1520 quique
2930 1455 3055 1506 erat
3097 1454 3520 1525 protospatha-

1852 1533 1975 1587 rius
2005 1533 2087 1604 (id
2116 1541 2203 1589 est
2236 1534 2512 1606 princeps
2541 1552 2749 1591 eorum
2782 1538 2887 1610 qui
2919 1539 2997 1594 ad
3026 1542 3287 1613 corporis
3308 1548 3515 1601 custo-

1849 1621 2012 1677 diam
2044 1627 2212 1678 erant
2242 1623 2519 1695 deputati)
2552 1624 2779 1681 domini
2814 1626 2904 1681 sui
2945 1629 3139 1697 gratia
3178 1646 3247 1687 ac
3292 1631 3512 1700 favore,

1851 1726 2031 1782 quam
2058 1710 2136 1766 ob
2157 1726 2404 1767 causam
2428 1713 2654 1780 nescio,
2687 1714 3023 1782 excidisset,
3060 1718 3380 1793 nullusque
3406 1738 3514 1793 pro

1853 1800 2070 1855 misero
2102 1800 2462 1857 intercedere
2490 1802 2755 1870 auderet,
2784 1804 2948 1876 quod
2995 1805 3251 1863 difﬁcilis
3292 1808 3366 1865 ad
3410 1826 3514 1882 pa-

1854 1887 2082 1944 tricium
2118 1895 2341 1960 pateret
2381 1890 2596 1956 aditus,
2640 1897 2697 1947 et
2725 1907 2900 1964 asper
2928 1899 3081 1950 esset
3116 1895 3177 1951 in
3222 1899 3513 1954 sermonis

1851 1991 2199 2046 congressu,
2220 1979 2539 2049 praesertim
2555 1979 2702 2035 inter
2713 1980 2983 2053 famulos;
2998 1983 3159 2038 solus
3176 1983 3359 2058 hujus
3374 1988 3511 2045 Vitas

1852 2071 2077 2132 auctor,
2098 2082 2207 2138 pro
2222 2083 2334 2123 sua
2352 2068 2577 2124 scilicet
2591 2084 2715 2141 qua
2732 2069 2898 2143 apud
2914 2071 3169 2127 Leonem
3202 2075 3509 2146 patricium

1853 2154 2118 2225 pollebat
2146 2156 2494 2213 auctoritate
2524 2163 2579 2212 et
2608 2158 2817 2229 gratia,
2850 2161 3207 2231 pertinacem
3239 2164 3508 2221 animum

1853 2243 1931 2298 ad
1957 2244 2398 2316 impetrandam
2434 2246 2649 2303 misero
2670 2248 2904 2305 veniam
2934 2250 3306 2323 interpellare
3336 2255 3510 2311 susti-

1853 2331 2003 2397 nuit,
2039 2337 2101 2387 ut
2124 2331 2379 2404 ipsemet
2408 2334 2584 2390 refert
2605 2334 2736 2391 loco
2768 2338 3091 2409 praecitato.
3128 2340 3269 2396 Inde
3294 2342 3508 2399 inferre

1854 2418 1986 2476 licet
2030 2422 2191 2478 hunc
2235 2438 2478 2495 quoque
2518 2423 2699 2480 fuisse
2743 2427 2969 2481 eximias
2999 2428 3306 2496 dignitatis
3328 2437 3505 2503 atque

1854 2512 2238 2581 auctoritaiis,
2264 2512 2635 2586 dignumque
2661 2516 2759 2585 qui
2786 2516 2843 2570 in
2878 2518 3022 2571 tanti
3047 2518 3153 2572 viri
3182 2519 3502 2576 amicitiam

1855 2598 2439 2673 familiaritatemque
2501 2603 2929 2659 admitteretur.
2988 2607 3273 2662 Convenit
3329 2608 3505 2678 igitur

1852 2690 2076 2743 auctori
2124 2694 2324 2744 nostro
2358 2690 2549 2761 stylus
2571 2696 2629 2745 et
2656 2692 2956 2747 scribendi
2978 2693 3233 2749 formula
3255 2697 3505 2767 Symeo-

1852 2778 1944 2831 nis
1976 2778 2409 2850 Metaphrastis,
2433 2782 2711 2836 convenit
2739 2780 2872 2836 vitae
2896 2780 3254 2849 institutum,
3284 2800 3503 2842 conve-

1852 2867 1936 2922 nit
1978 2866 2235 2937 diguitas
2283 2884 2299 2934 ;
2353 2884 2510 2925 nunc
2558 2876 2846 2942 superest,
2892 2876 3091 2927 utrum
3136 2889 3275 2930 cum
3329 2880 3501 2933 astate

1849 2956 2119 3026 ejusdem
2168 2956 2487 3013 convenire
2519 2960 2726 3030 possit,
2761 2960 3115 3032 perspicere.

1919 3096 1972 3145 ‘7.
2002 3090 2291 3146 Floruisse
2316 3092 2771 3163 Metaphrastem
2802 3092 3023 3149 ultimis
3063 3096 3238 3151 annis
3266 3097 3503 3170 imperii

1853 3181 2056 3236 Leonis
2096 3180 2463 3251 PhiIOSOphi,
2496 3181 2599 3253 qui
2639 3181 2787 3238 obiit
2815 3198 2977 3240 anno
3008 3186 3131 3253 909,
3166 3192 3400 3244 constat
3427 3204 3502 3246 ex

1846 3269 2160 3341 ipsiusmet
2180 3270 2515 3325 testimonio
2540 3270 2599 3325 in
2621 3271 2746 3326 Vita
2772 3272 2825 3328 S.
2853 3271 3239 3340 Theoctistes,
3267 3276 3367 3331 ubi
3390 3278 3497 3334 ait:

1848 3380 1875 3408 ι(
1924 3361 2175 3429 Γενομένῳ
2237 3361 2326 3429 μοί
2400 3378 2523 3410 ποτε
2581 3362 2717 3411 κατὰ
2780 3364 2866 3411 τὸν
2928 3363 3115 3436 Πάρον·
3174 3367 3365 3435 γέγονα
3420 3362 3498 3420 δέ·

1847 3450 1932 3498 καὶ
1986 3449 2086 3521 γὰρ
2165 3446 2246 3498 ἐπὶ
2311 3451 2519 3521 Κρήτην
2580 3444 2810 3500 διέπλεον
2878 3451 2977 3501 ὑπό
3037 3460 3123 3503 τοῦ
3207 3460 3499 3526 μακαρίτου

1851 3540 2065 3595 Λέοντος
2117 3534 2279 3587 ἐκεῖσε
2339 3538 2605 3607 πεμφθείς·
2678 3542 2915 3600 Λέοντος,
2966 3545 3118 3611 φημὶ,
3175 3550 3266 3593 τοῦ
3355 3544 3501 3597 εὐτυ-

1847 3633 1980 3696 χοῦς
2032 3625 2188 3687 ὁντως
2253 3624 2528 3695 βασιλέως,
2591 3632 2679 3676 καὶ
2760 3632 2851 3678 τὴν
2912 3628 3161 3699 εὐτυχίαν
3233 3630 3496 3703 Ῥωμαίων

1846 3722 1917 3783 τῷ
1964 3716 2105 3784 τάφῳ
2173 3713 2545 3784 ἀναθάψαντος·
2632 3713 2931 3787 ἐπεμπόμην
3005 3713 3063 3769 δὲ
3154 3737 3500 3790 συστρατευο-

1845 3822 1988 3874 μενος
2034 3802 2255 3876 Ἠμιρίῳ
2304 3812 2375 3873 τῷ
2453 3806 2607 3871 πάνυ,
2672 3813 2745 3874 τῷ
2795 3809 3268 3878 στρατηγικωτοὲτῳ
3337 3804 3494 3867 δηλαι

1848 3889 1938 3957 δὴ,
1994 3898 2082 3945 καὶ
2130 3893 2352 3966 ἄρχοντι
2391 3900 2482 3943 τοῦ
2526 3911 2577 3943 τι
2616 3887 2837 3967 δρόμου,
2884 3898 2973 3946 καὶ
3012 3902 3102 3945 τοῦ
3149 3895 3333 3947 στολου
3373 3917 3495 3949 παν-

1850 3986 2011 4042 τός....
2106 3980 2446 4052 Ἐστιλλομην
2530 3990 2804 4054 τοιγαροῦν
2884 3991 3037 4035 τοῦτο
3129 3986 3218 4055 μὲν

1849 4075 2341 4144 συστρατευόμενος,

3325 4003 3497 4039 εκεινω

2450 4074 2539 4121 καὶ
2618 4042 3077 4143 ⁷ττροϐιϐαξιηιιενος
3129 4042 3234 4136 ⁸εἰς
3318 4042 3497 4150 πεῖραν

1850 4164 2223 4234 στρατηγικὴν,
2271 4156 2355 4211 οἶα
2413 4159 2581 4221 πῶλος
2654 4166 2816 4233 μητρὶ
2872 4164 3001 4233 πρὸς
3053 4166 3117 4214 τὰ
3169 4168 3498 4233 γενναιότατα

1848 4258 1945 4301 τῶν
1988 4252 2439 4322 στρατηγημάτων
2487 4254 2805 4321 συσκαίρων.
2861 4251 3010 4302 Οὕτω
3061 4255 3163 4325 γὰρ
3223 4248 3282 4309 ἦν
3332 4254 3357 4303 ο
3410 4264 3498 4309 τοῦ

1846 4344 2131 4411 μακαρίτου
2190 4358 2288 4410 μου
2376 4338 2627 4400 Βασιλέως
2716 4344 2927 4400 σκοπός·
3014 4348 3165 4393 τοῦτο
3251 4336 3309 4393 δὴ
3374 4362 3498 4415 πρε-

1850 4427 2152 4500 σϐευόμενος
2216 4431 2341 4498 πρὸς
2397 4431 2516 4489 τοὺς
2578 4431 2670 4486 τὴν
2748 4432 2957 4501 Κρήτην
3040 4433 3260 4501 ἔχοντας
3341 4433 3500 4508 ⁴Αροι.

1848 4516 1955 4578 ϐας.
2014 4518 2183 4583 »Οιιω
2237 4516 2317 4571 sic
2349 4516 2549 4572 Latine
2602 4523 2819 4573 sonant
2847 4517 3103 4575 Allatio:
3141 4524 3346 4581 «Cum
3397 4527 3498 4582 ali-

1845 4606 2089 4679 quando
2116 4606 2177 4661 in
2208 4608 2354 4661 Paro
2380 4621 2577 4661 essem
2608 4605 2803 4662 insula
2832 4626 2847 4674 ;
2881 4607 2963 4662 fui
2994 4616 3229 4667 autem:
3264 4630 3407 4672 nam
3437 4616 3497 4672 in

1846 4694 2078 4751 Cretam
2128 4694 2488 4764 navigabam
2520 4710 2556 4750 a
2602 4697 2791 4750 Leone
2834 4694 3019 4753 beatae
3074 4703 3379 4761 memoriae
3427 4720 3499 4762 eo

1847 4784 2062 4840 missus
2091 4803 2103 4853 ;
2132 4786 2341 4848 Leone,
2375 4784 2646 4856 inquam,
2682 4783 2783 4840 illo
2812 4801 2947 4841 vere
2976 4786 3277 4848 fortunato
3307 4793 3500 4865 impe-

1844 4878 2055 4937 ratore,
2085 4872 2190 4945 qui
2218 4872 2414 4944 ipsam
2463 4874 2867 4929 Romanorum
2914 4872 3250 4935 felicitatem
3292 4897 3497 4938 secum

1842 4963 2076 5020 videtur
2120 4964 2180 5018 in
2226 4962 2570 5035 sepulcrum
2622 4962 2927 5020 intulisse:
2967 4965 3242 5025 mittebar
3298 4976 3497 5028 autem

1846 5070 1961 5108 una
2002 5051 2261 5107 militans
2286 5068 2422 5108 cum
2464 5051 2796 5109 clarissimo
2822 5052 2920 5108 illo
2951 5056 3236 5123 Hemerio,
3295 5065 3498 5131 utpote

1841 5141 2101 5197 ducendi
2161 5141 2450 5197 exercitus
2513 5142 2888 5209 peritissimo,
2944 5144 3139 5201 dromi
3205 5148 3495 5218 prmfecto,

1840 5231 1942 5303 qui
1969 5235 2024 5284 et
2056 5229 2341 5285 universae
2374 5230 2545 5285 classi
2577 5230 2911 5301 imperabat
2936 5235 3294 5292 ....Mittebar
3321 5237 3499 5306 igitur

1841 5318 2053 5390 partim
2084 5334 2221 5373 cum
2249 5333 2319 5373 eo
2366 5318 2647 5384 militans,
2682 5326 2736 5374 et
2785 5320 2860 5375 ad
2904 5321 3298 5392 imperatoriae
3352 5328 3496 5384 artis

1840 5408 2267 5463 documentum
2312 5406 2556 5479 aliquod
2610 5410 3076 5480 promovendus,
3136 5418 3197 5468 ut
3243 5416 3498 5486 equulus

1844 5496 2040 5562 matri,
2073 5495 2152 5551 ad
2202 5497 2489 5567 praeclara
2528 5498 2656 5568 ejus
2706 5503 3131 5570 stratagemata
3176 5504 3496 5563 assiliens:

1844 5585 1903 5642 id
1962 5585 2121 5641 enim
2190 5584 2488 5657 praecipue
2536 5588 2841 5658 Augustus
2881 5590 3186 5661 spectabat
3249 5594 3498 5664 :partim
