4084 6216
590 353 684 406 ἓΊΙ

2014 300 2271 399 MENSis
2303 342 2569 399 JUNIUS.

3876 344 3984 399 272

561 482 624 532 ut
680 476 756 532 ad
796 474 1021 529 Arabas
1071 471 1302 526 Cretam
1356 468 1683 525 obtinentes
1736 468 2032 538 legatione
2079 469 2209 523 fun-
2239 467 2286 522 A
2316 468 2586 539 (ingenii)
2617 468 3118 540 incomparabiles
3165 469 3361 523 statim
3403 473 3457 524 et
3489 484 3524 522 a
3555 469 3766 540 primo,
3797 474 3859 524 ut
3891 486 3986 525 se-

731 586 801 617 .))

731 608 741 617 ,
776 586 801 613 ››

557 581 799 708 εϐἔῗΐῐίχ
849 652 941 706 his
979 650 1155 704 infert
1184 647 1507 703 Bollandus
1560 652 1779 710 noster,
1810 646 1869 701 in
1921 647 2205 717 praedicta

553 740 921 813 praefatione,
956 738 1419 809 Metaphrastem
1458 735 1518 790 id
1564 736 1846 807 temporis
1887 752 2005 790 non
2051 735 2202 790 adeo

552 830 731 885 fuisse
763 836 904 885 natu
940 834 1308 899 provectum,
1339 830 1397 879 ut
1420 825 1521 897 qui
1550 824 1944 895 imperatoriae
1979 824 2203 880 virtutis

554 919 893 975 tirocinium
916 933 1137 990 ponere
1170 915 1284 970 sub
1308 923 1583 969 veterano
1610 915 1760 969 duce
1781 914 2107 985 juberetur,
2128 914 2203 969 ei-

551 1026 669 1083 que
710 1010 951 1067 additus
973 1008 1143 1063 fuerit
1172 1008 1257 1059 οἴα
1295 1005 1460 1067 πῶλος
1496 1010 1677 1078 μητρί,
1709 1006 1919 1061 «velut
1948 1005 2203 1078 equulus

553 1100 748 1167 matri,
783 1121 810 1149 »
839 1098 1155 1169 solumque
1204 1096 1256 1152 ei
1286 1095 1488 1151 tribuit
1528 1112 1597 1150 xx
1628 1111 1707 1150 ou
1744 1110 1864 1150 xxii
1904 1110 2199 1150 annorum

550 1195 807 1245 aetatem.
843 1186 1091 1243 Allatius
1120 1200 1258 1240 vero
1298 1186 1450 1240 hanc
1481 1182 1936 1238 similitudinem
1969 1199 2088 1239 non
2125 1184 2202 1239 ad

550 1283 806 1344 aetatem,
831 1276 938 1332 sed
965 1275 1043 1331 ad
1074 1273 1430 1329 docilitatem
1457 1278 1510 1328 et
1541 1271 1920 1343 disciplinam
1945 1272 2204 1328 referens

550 1383 619 1422 ex
667 1365 885 1423 ultimis
926 1364 1139 1433 verbis,
1174 1371 1324 1415 τοῦτο
1381 1360 1438 1414 δὲ
1493 1361 1892 1436 πρεσϐευόμενος
1936 1366 2060 1436 πρὸς
2092 1366 2206 1422 τούς

540 1461 641 1524 ’τὴν
674 1459 884 1528 Κρήτην
916 1458 1127 1525 ἔχοντας
1158 1450 1413 1527 Ἄραϐας.
1456 1474 1484 1501 ‹‹
1517 1451 1729 1523 partim
1759 1458 1822 1507 ut
1854 1451 1931 1506 ad
1977 1453 2206 1507 Arabas

550 1546 779 1601 Cretam
820 1543 1157 1600 obtinentes
1186 1541 1479 1610 legatione
1503 1539 1801 1610 fungerer,
1836 1563 1852 1588 ι
1885 1539 2206 1622 concludit,

548 1650 619 1690 ea
636 1634 696 1689 in
714 1634 1090 1706 expeditione
1115 1630 1574 1702 Metaphrastem
1599 1628 1987 1702 provectioris
2022 1630 2208 1685 astatis

547 1722 751 1791 fuisse,
772 1739 910 1795 quas
931 1737 1123 1792 capax
1145 1726 1293 1775 esset
1321 1718 1681 1773 sustinendae
1713 1717 2101 1781 auctoritatis,
2122 1722 2205 1773 at-

2317 556 2435 614 mel
2460 557 2681 623 dicam,
2703 564 2857 622 ortu,
2881 557 3055 612 etiam
3087 555 3332 612 ﬂorente
3355 557 3569 629 capillo
3591 558 3979 629 ostendebat;

2313 661 2432 701 non
2461 662 2631 701 secus
2657 652 2838 719 atque
2866 646 3106 701 leonum
3139 647 3314 701 catuli
3354 647 3678 702 ostendunt
3705 649 3978 719 protinus

2315 736 2701 805 supercilium
2734 742 2789 790 et
2827 737 3079 791 densam
3122 736 3253 791 colli
3278 737 3516 808 jubam.
3552 737 3776 792 Etenim
3803 736 3977 792 ﬂores

2312 824 2699 895 pullulabant
2749 824 3167 894 intelligentiae,
3228 833 3279 881 et
3338 826 3603 881 habebat
3643 826 3979 897 prudentiae

2315 913 2677 982 profundam
2701 914 3023 986 quamdam
3048 914 3606 987 radicem,quodam
3632 914 3981 970 admirabili

2312 1000 2539 1070 fulgore
2562 1018 2733 1057 mens
2751 1003 3029 1058 micabat.
3049 1003 3182 1058 Haec
3196 1002 3582 1076 aliisquidem
3600 1002 3983 1059 suffecissent

2313 1090 2391 1146 ad
2438 1092 2889 1163 perfectionem;
2940 1092 3001 1147 in
3060 1093 3159 1149 illo
3220 1096 3417 1148 autem
3487 1093 3979 1163 agnoscebantur

2312 1179 2487 1235 veluti
2516 1182 2796 1253 quaedam
2827 1181 2990 1251 prius
3020 1181 3332 1253 descriptas
3362 1182 3590 1255 ﬁgurae,
3618 1198 3755 1255 quas
3783 1183 3980 1255 perfe-

2313 1274 2471 1325 ctam
2511 1270 2640 1340 ejus
2675 1270 2939 1325 indolem
2974 1270 3535 1343 praasigniﬁcabant.
3572 1294 3601 1324 ››
3643 1272 3797 1338 Quid
3837 1272 3981 1328 miri

2313 1359 2504 1431 igitur,
2535 1360 2585 1414 si
2612 1359 3037 1431 Metaphrastes
3063 1359 3124 1415 id
3148 1362 3427 1432 temporis
3450 1361 3744 1431 legatione
3771 1360 3983 1434 aliqua

2317 1448 2660 1521 perfunctus
2718 1448 2904 1514 fuerit,
2946 1449 3263 1521 prudentia
3312 1450 3503 1520 magis
3555 1467 3737 1523 quam
3796 1456 3985 1507 aetate

2317 1545 2635 1610 provectus
2657 1536 2685 1592 ?
2717 1539 2865 1594 forte
2898 1539 3076 1595 etiam
3108 1539 3240 1594 aliis
3271 1539 3478 1609 legatis
3511 1538 3843 1595 senioribus
3869 1540 3989 1597 ho-

2316 1626 2477 1682 noris
2504 1643 2689 1683 causa
2718 1627 2976 1691 additus,
3013 1635 3075 1683 ut
3095 1628 3615 1700 quemadmodum
3638 1629 3753 1684 sub
3786 1629 3988 1685 Hime-

2316 1717 2403 1772 rio
2434 1722 2715 1773 veterano
2745 1717 2894 1772 duce
2920 1718 3002 1772 rei
3034 1718 3330 1782 militaris,
3361 1719 3441 1773 ita
3471 1718 3587 1774 sub
3617 1718 3689 1773 iis
3712 1720 3795 1774 rei
3826 1719 3991 1791 poli-

546 1827 663 1883 que
707 1810 866 1866 illius
915 1810 1254 1883 prudentia,
1302 1824 1436 1879 quas
1490 1810 1549 1863 iu
1597 1807 1794 1879 legato
1846 1807 2199 1878 requiritur:
2243 1828 2284 1883 Β
2317 1807 2444 1861 ticaa
2476 1809 2628 1862 inter
2664 1814 2898 1862 exteras
2948 1809 3214 1862 nationes
3254 1808 3662 1864 rudimentum
3705 1816 3981 1879 poneret.

547 1916 733 1973 quare
764 1916 956 1956 annos
1007 1916 1093 1966 XL,
1135 1905 1238 1954 aut
1287 1898 1604 1952 minimum
1655 1913 1809 1951 xxxv
1867 1896 1916 1950 ei
1965 1896 2196 1951 tribuit.

546 1990 725 2045 Multa
756 1989 1003 2061 quidem
1050 1987 1144 2043 ille
1202 1994 1411 2059 praeter
1441 1986 1558 2041 alia
1597 2002 1788 2057 eaque
1843 1985 2201 2054 gravissima

545 2080 771 2134 erudite
784 2078 1068 2147 congerit,
1087 2076 1242 2132 unde
1265 2074 1604 2148 opinionem
1618 2090 1780 2130 suam
1798 2075 2199 2130 verosimilem

548 2166 781 2225 reddat.

616 2256 668 2310 9.
699 2256 915 2313 Omnia
947 2259 1169 2319 tamen,
1210 2267 1586 2325 quaecunque
1612 2251 1801 2316 affert,
1863 2268 1987 2307 rem
2022 2250 2199 2323 plane

541 2360 664 2400 non
696 2344 1034 2408 conficiunt,
1068 2341 1843 2413 idquesolumcouvincunt,
1870 2340 2197 2396 communi-

542 2439 628 2490 ter
652 2435 711 2489 id
743 2434 1085 2501 contingere
1126 2432 1457 2487 secundum
1488 2430 1839 2486 ordinariun
1867 2447 2064 2485 rerum
2090 2430 2197 2485 hu-

542 2539 858 2579 manarum
892 2538 1155 2587 cursum,
1188 2537 1309 2575 non
1358 2536 1500 2576 vero
1531 2520 1816 2585 absolute,
1864 2521 1944 2575 ita
1974 2518 2195 2575 factum

450 2600 453 2605 ’
539 2627 830 2683 nunquan
861 2611 1219 2681 esse.Capax
1244 2610 1461 2665 etenim
1487 2615 1573 2664 est
1600 2624 2034 2680 nonnunquam
2055 2608 2196 2662 ado-

538 2702 820 2758 lescentia
846 2718 1041 2757 rerum
1086 2700 1509 2763 maximarum,
1540 2705 1662 2754 tum
1706 2699 1766 2753 in
1802 2698 2025 2763 militia,
2071 2703 2193 2752 tum

537 2791 599 2847 in
638 2791 967 2864 republica,
1008 2788 1337 2862 praesertim
1388 2788 1435 2843 si
1495 2788 1805 2859 prudentia
1838 2795 1893 2842 et
1944 2788 2195 2842 exterior

536 2882 804 2952 corporis
849 2881 1093 2951 species,
1130 2884 1193 2934 ut
1225 2878 1593 2950 quandoque
1643 2876 1865 2932 factum
1910 2876 2190 2941 vidimus,

535 2968 721 3024 astatis
749 2969 1043 3023 defectum
1069 2967 1361 3038 suppleat.
1400 2967 1469 3022 Ut
1495 2969 1647 3021 alios
1681 2973 2045 3036 praeteream,
2078 2965 2193 3020 Sci-

534 3058 634 3128 pio
666 3058 995 3122 Africanus,
1015 3056 1179 3128 quod
1200 3058 1469 3110 Romana
1491 3055 1670 3109 habet
1698 3053 1960 3117 historia,
1998 3069 2191 3108 annos

535 3162 671 3200 xx1v
716 3154 912 3209 natus,
959 3146 1282 3215 imperator
1309 3145 1524 3198 missus
1583 3149 1669 3196 est
1700 3143 1757 3196 in
1819 3142 2186 3213 Hispaniam,
2228 3174 2270 3233 Ο

533 3250 719 3306 quam
767 3241 1026 3305 quatuor
1058 3232 1352 3287 mensium
1396 3233 1579 3302 spatio
1629 3232 2188 3300 Carthaginensibus

532 3324 766 3395 eripuit.
801 3322 1121 3393 Pompeius
1146 3321 1416 3391 Magnus,
1457 3327 1597 3375 teste
1630 3320 1907 3375 Cicerone
1938 3322 1994 3375 in
2027 3326 2181 3378 Orat.

523 3428 641 3484 pro
704 3414 823 3483 lege
860 3411 1133 3477 Manilia,
1169 3431 1197 3463 ς(
1239 3412 1477 3465 ineunte
1524 3408 1925 3465 adolescentia
1965 3413 2185 3467 summi

530 3502 656 3573 ipse
705 3501 994 3556 exercitus
1043 3507 1369 3572 imperator
1400 3498 1543 3563 fuit;
1577 3519 1598 3547 ι
1641 3504 1697 3553 et
1721 3503 1918 3552 tamen
1958 3506 2186 3570 quanta

529 3588 590 3644 in
623 3589 989 3645 moderando
1020 3589 1445 3660 dirigendoque
1473 3588 1725 3642 exercitu
1764 3588 2077 3658 prudentia
2102 3606 2188 3645 re-

529 3694 784 3752 rumque
811 3695 952 3734 usus
973 3679 1290 3750 requiritur
1319 3677 1331 3729 ι
1358 3676 1535 3731 Juvat
1561 3677 1655 3731 hic
1683 3684 1994 3731 annectere
2023 3678 2185 3748 quod

524 3768 697 3825 refert
712 3766 1093 3842 Beyerlinkin
1120 3767 1371 3824 Theatra
1386 3767 1717 3830 vitae/ium,
1733 3764 2185 3837 verbozLegatus

529 3857 892 3923 «Venerant,
923 3856 1136 3929 inquit,
1173 3855 1463 3928 superiori
1490 3871 1620 3909 εξνο
1649 3853 1726 3909 ad
1757 3855 2177 3925 imperatorem

527 3947 776 4004 Orientis
803 3946 1099 4002 imberbes
1120 3946 1319 4014 legati,
1353 3961 1506 4016 quos
1532 3960 1667 3998 cum
1700 3943 1796 3998 ille
1828 3945 2175 4016 despiceret,

525 4037 687 4108 quod
746 4037 1242 4092 adolescentiores
1282 4034 1449 4090 missi
1489 4039 1701 4101 essent,
1733 4032 1909 4088 libere
1972 4042 2027 4089 et
2066 4051 2175 4091 au-

524 4124 726 4180 dacter
764 4126 1066 4180 dixerunt:
1111 4123 1166 4178 Si
1199 4139 1269 4178 ex
1300 4121 1483 4177 menti
1512 4121 1795 4191 lanugine
1825 4123 2177 4178 aestimanda

528 4214 604 4268 sit
638 4213 908 4284 aptitudo
939 4219 993 4268 et
1024 4212 1307 4283 dignitas,
1342 4211 1538 4267 hircos
1562 4212 1821 4283 potiores
1848 4217 2043 4283 partes
2074 4211 2177 4268 ha-

522 4301 777 4359 bituros.
814 4325 841 4353 »

592 4404 680 4458 10.
716 4400 886 4467 Quod
910 4400 1088 4470 igitur
1122 4400 1181 4455 in
1224 4398 1426 4471 paucis
1452 4397 1716 4469 contigit,
1748 4397 1807 4453 in
1849 4398 2175 4470 Metaphra-

519 4496 605 4546 ste
632 4492 974 4562 contingere
1002 4491 1211 4561 potuit,
1238 4490 1560 4580 praesertim
1584 4504 1717 4580 cum
1750 4487 1997 4544 Michael
2019 4488 2176 4580 Psel-
2206 4525 2250 4580 ι)

513 4580 609 4636 lus
642 4579 829 4653 ipsius
861 4580 1281 4648 encomiastes,
1309 4579 1438 4649 ejus
1478 4578 1536 4632 in
1570 4577 1765 4649 prima
1807 4584 1981 4633 aetate
2014 4579 2175 4648 inge-

515 4670 701 4734 nium,
732 4669 1122 4740 innatamque
1145 4668 1317 4740 quasi
1348 4666 1725 4737 prudentiam
1747 4666 1986 4721 extollat
2010 4667 2173 4723 hisce

513 4758 747 4813 verbis:
817 4778 843 4809 (ι
906 4763 1003 4811 Καὶ
1056 4761 1113 4809 τὸ
1186 4759 1320 4808 κατὰ
1362 4758 1564 4807 πάντων
1616 4755 1931 4830 ἀσύγκριτον
1986 4760 2170 4830 κράτος

511 4853 601 4900 καὶ
646 4846 1021 4921 ἀπαράμιλλον,
1079 4843 1138 4904 ἧν
1190 4849 1279 4918 μὲν
1320 4844 1469 4904 εὐθὺς
1517 4848 1574 4895 τὸ
1620 4843 1673 4895 ἐκ
1714 4850 1942 4913 πρώτης,
1998 4848 2066 4906 ὡς
2098 4846 2167 4897 εἰς

510 4943 641 5003 πεῖν,
700 4941 962 5008 γενέσεως,
1023 4941 1110 4988 καὶ
1163 4934 1215 4997 ἐξ
1264 4933 1522 4993 ἀνθούσης
1580 4930 1685 4991 ἤδη
1738 4938 1941 5007 τριχὸς,
1992 4937 2165 5007 ὥσπερ

507 5029 556 5079 οἱ
608 5035 705 5078 τῶν
758 5026 968 5077 λεόντων
1030 5028 1272 5097 σκύμνοι,
1331 5024 1477 5083 εὐθὺς
1530 5028 1621 5080 τὴν
1685 5023 1839 5097 ὀφρύν
1912 5021 2168 5095 παραδει-

505 5119 759 5181 κνύοντες,
820 5120 909 5167 καὶ
976 5124 1075 5167 τῶν
1144 5115 1467 5185 ἐπαυχενίων
1555 5120 1755 5183 τριχῶν
1825 5116 1882 5163 τὸ
1960 5112 2159 5168 λάσιον,

502 5204 740 5264 ’Υπὴνθει
816 5208 916 5277 γὰρ
996 5204 1134 5274 αὐτῷ
1193 5206 1257 5255 τὰ
1298 5210 1394 5261 τῆς
1444 5206 1693 5261 συνέσεως
1743 5203 1895 5266 ἄνθη,
1951 5207 2037 5253 καὶ
2102 5207 2159 5254 τὸ

503 5298 739 5364 φρόνημα
788 5294 941 5367 ῥίζαν
1000 5296 1115 5344 τινὰ
1196 5288 1307 5362 εἶχε
1376 5288 1611 5360 βαθεῖαν,
1671 5296 1757 5341 καὶ
1816 5292 1840 5340 ὁ
1903 5298 2021 5350 νοῦς
2084 5292 2159 5353 ἐξ·

501 5386 769 5453 ἡστραπτέ
830 5403 879 5434 τι
938 5384 1245 5453 θαυμάσιον.
1309 5381 1484 5433 Torum
1541 5375 1599 5430 δὲ
1660 5386 1765 5441 τοῖς
1820 5383 1909 5449 μεν
1986 5380 2159 5441 ἄλλοις

498 5469 756 5543 ἀρκούντα
812 5469 1090 5542 ἐτύγχανεν
1140 5471 1210 5532 εἰς
1264 5469 1541 5530 τελείωσιν,
1592 5466 1764 5538 ἐκείνῳ
1820 5465 1876 5520 δὲ
1953 5488 2158 5540 προχα-

493 5560 740 5633 ράγματα
787 5567 882 5621 τῆς
939 5561 1130 5622 τελείας
1183 5559 1486 5633 ἐγνωρίζετο
1541 5560 1760 5629 φύσεως.
1813 5579 1840 5611 ι)
1883 5559 2025 5623 Qum
2082 5574 2154 5614 ex

493 5648 983 5718 interpretatione
1005 5649 1201 5705 Allatii
1220 5648 1299 5703 ita
1322 5650 1566 5703 sonant:
1596 5666 1620 5697 α
1646 5648 1711 5702 Et
1736 5648 1889 5703 vires
1914 5646 2149 5719 quidem

2388 1898 2474 1953 11.
2530 1896 2701 1961 Quod
2757 1897 2933 1968 igitur
2971 1896 3094 1952 fieri
3148 1898 3360 1969 potuit,
3418 1896 3644 1953 factum
3684 1900 3990 1970 tantisper

2313 2000 2754 2057 supponamus,
2772 1990 2952 2057 atque
2968 1985 3178 2041 ultimo
3196 1987 3403 2041 Leonis
3428 1986 3767 2059 Philosophi
3782 2002 3985 2056 anno,

2309 2090 2440 2129 tera;
2472 2074 2812 2129 communis
2843 2075 2966 2141 9M,
3002 2076 3287 2146 Symeoni
3310 2076 3687 2145 Metaphrasti
3722 2092 3833 2132 xxx
3864 2082 3986 2134 aut

2308 2180 2461 2219 xxxii
2490 2180 2787 2219 annorum
2820 2169 3054 2219 aetatem
3082 2164 3439 2219 tribuamus.
3472 2164 3683 2221 Poterit
3724 2172 3861 2222 tunc
3889 2166 3983 2222 ad

2309 2256 2587 2324 tempora
2601 2252 2911 2324 Nicephori
2931 2252 3143 2308 Phocaa
3166 2254 3505 2324 pervenisse
3520 2254 3646 2326 (qui
3659 2270 3818 2311 anno
3830 2272 3984 2312 Lxm

2308 2341 2568 2411 ejusdem
2584 2342 2786 2397 saeculi
2800 2342 2993 2412 imperi
3003 2360 3100 2398 um
3118 2342 3369 2399 Orientis
3382 2345 3627 2416 adeptus
3642 2344 3770 2412 fuit)
3785 2350 3983 2417 atque

2306 2432 2691 2499 octogenario
2736 2432 2929 2501 major
2959 2431 3163 2504 aliqua
3196 2433 3373 2487 etiam
3407 2433 3812 2491 elucubrasse.
3848 2438 3984 2490 Hoc

2307 2521 2639 2591 supposito,
2670 2519 2979 2575 videamus
3002 2537 3073 2576 an
3098 2521 3482 2587 chronologia
3504 2522 3629 2578 haec
3648 2525 3981 2580 convenire

2308 2609 2493 2679 possit
2516 2614 2718 2664 nostro
2741 2611 2990 2673 auctori,
3019 2609 3120 2681 qui
3140 2627 3307 2666 num.
3342 2611 3408 2666 19
3438 2628 3692 2668 narrans
3725 2615 3984 2669 miracu-

2303 2696 2427 2752 lum
2460 2698 2621 2769 quod
2646 2697 2861 2753 Bardae
2898 2700 3380 2771 protOspathario
3421 2701 3656 2767 accidit,
3692 2701 3773 2757 ait
3804 2719 3817 2757 :
3845 2709 3981 2774 Σφό-

2307 2782 2411 2858 δρα
2476 2783 2533 2838 δὲ
2589 2783 2738 2847 οὗτος
2784 2787 3029 2859 Ῥωμανῷ
3081 2787 3290 2861 βασιλεῖ
3356 2800 3427 2860 τῷ
3485 2790 3698 2843 ἐπιεικεῖ
3771 2811 3823 2844 τε
3878 2798 3981 2845 καὶ

2303 2883 2527 2947 χρηστῷ
2603 2882 2992 2948 προσῳκείωτο,
3055 2880 3107 2929 ὃν
3184 2883 3273 2931 καὶ
3350 2882 3501 2931 ἲσασι
3582 2883 3786 2944 πάντες,
3855 2884 3979 2933 υἱὸν

3116 2975 3224 3032 τοῦ,
3308 2970 3372 3020 τὰ
3445 2972 3614 3021 πάντα
3692 2970 3977 3023 συνελόντα

2304 3052 2475 3119 εἰπὼν,
2510 3052 2954 3125 βασι)ικωτάτου.
2989 3080 3014 3105 ‹‹
3050 3056 3110 3110 Ei
3157 3073 3296 3112 vero
3326 3057 3577 3129 (Bardau
3618 3074 3839 3127 magna
3878 3063 3977 3116 in-

2305 3148 2643 3198 tercesserat
2692 3144 3061 3201 familiaritas
3113 3163 3251 3202 cum
3295 3147 3570 3203 Romano
3603 3149 3969 3219 imperatore

2300 3230 2555 3299 benigno
2587 3236 2645 3286 et
2671 3232 2981 3300 clemente,
3005 3252 3187 3307 quem
3216 3237 3410 3291 sciunt
3439 3253 3650 3292 omnes
3672 3237 3856 3293 fuisse
3886 3239 3969 3293 ﬁ-

2296 3319 2439 3375 lium
2473 3322 2855 3387 Constantini,
2897 3326 2999 3395 qui
3031 3324 3117 3395 (ut
3146 3327 3353 3381 omnia
3383 3326 3567 3382 semel
3595 3326 3815 3399 dicam)
3848 3327 3967 3384 fuit

2297 3409 2618 3480 imperator
2667 3413 2961 3483 egregius,
2997 3435 3021 3464 ι
3067 3415 3288 3485 quibus
3332 3416 3529 3470 verbis
3560 3416 3634 3471 de
3680 3416 3963 3473 Romano

2298 3499 2666 3554 Constantini
2690 3500 3185 3573 Porphyrogeniti
3206 3504 3347 3570 ﬁlio,
3376 3506 3578 3574 utjam
3610 3512 3842 3561 mortuo
3868 3506 3959 3562 lo-

2296 3589 2391 3658 qui
2437 3589 2686 3655 videtur,
2730 3590 2844 3645 nisi
2889 3590 3038 3646 forte
3078 3593 3221 3649 verti
3254 3596 3467 3665 possit:
3500 3595 3611 3650 «Ei
3650 3611 3787 3651 vero
3825 3611 3961 3651 ma-

2297 3691 2411 3745 gna
2431 3677 3214 3737 intercedebatfamiliaritas
3236 3698 3373 3737 cum
3394 3682 3668 3740 Romano
3695 3685 3959 3754 impera-

2296 3772 2439 3831 tore,
2466 3784 2639 3837 quem
2660 3768 3080 3825 sciuntomncs
3109 3788 3243 3827 esse
3259 3770 3449 3828 ﬁlium
3480 3772 3884 3840 Constantini;
3924 3797 3952 3825 ι

2290 3862 2467 3928 atque
2489 3858 2569 3912 ita
2599 3857 2671 3911 ad
2710 3858 2959 3913 Romani
2995 3862 3372 3932 imperatoris
3408 3869 3696 3934 tempora,
3731 3866 3835 3935 qui
3867 3864 3953 3919 ab

2289 3960 2448 4000 anno
2479 3946 2582 4001 960
2609 3946 2683 4001 ad
2715 3952 2779 4001 63
2821 3946 3145 4018 imperium
3200 3952 3406 4017 tenuit,
3467 3952 3666 4008 referri
3721 3958 3951 4023 posset,

2286 4034 2435 4089 alias
2453 4036 2527 4089 ad
2562 4038 2916 4093 successoris
2942 4038 3094 4093 illius
3114 4039 3425 4112 Nlcephori
3456 4044 3656 4099 Phocaa
3678 4049 3954 4115 tempora

2286 4123 2753 4190 transferendus,
2809 4125 3075 4199 adeoque
3112 4129 3257 4185 nihil
3288 4131 3382 4187 hic
3426 4138 3532 4197 est,
3588 4132 3752 4205 quod
3805 4148 3950 4188 cum

2285 4219 2455 4268 astate
2487 4214 2901 4285 Metaphrastis
2934 4224 3164 4287 pugnet.

2357 4313 2441 4366 l2.
2474 4312 2544 4367 At
2574 4316 2775 4368 terruit
2809 4330 2902 4369 me
2923 4315 3085 4385 quod
3113 4332 3279 4372 num.
3316 4320 3381 4374 t5
3409 4318 3656 4391 legatur,
3687 4328 3750 4379 ut
3774 4327 3949 4396 apud

2287 4402 2524 4457 Surium
2576 4404 2924 4459 translatum
2976 4411 3082 4471 est,
3136 4406 3384 4463 scilicet:
3432 4432 3453 4459 ε
3489 4409 3636 4466 Petit
3691 4431 3727 4469 a
3776 4413 3951 4473 bono

2282 4490 2509 4546 Joanne
2542 4491 2653 4562 (ille
2680 4492 2837 4548 enim
2863 4500 2997 4549 tunc
3019 4495 3327 4552 obtinebat
3345 4498 3691 4574 imperium)
3715 4510 3774 4558 ut
3795 4521 3949 4563 cura

2283 4580 2463 4651 hujus
2511 4583 2729 4637 domus
2781 4583 2891 4639 sibi
2929 4584 3428 4657 demandaretur;
3464 4611 3491 4642 ››
3527 4591 3627 4648 ubi
3674 4596 3946 4653 Joannes

2284 4671 2572 4726 Zemisces
2598 4670 2965 4739 indigitatur,
2989 4677 3091 4747 qui
3114 4692 3275 4732 anno
3295 4684 3397 4735 969
3424 4696 3672 4751 regnare
3693 4684 3947 4758 incepit,

2282 4759 2358 4813 ad
2387 4760 2555 4830 cujus
2581 4766 2849 4831 tempora
2875 4763 3294 4835 Metaphrastes
3322 4784 3478 4839 aegre
3507 4777 3694 4842 potest
3718 4775 3948 4845 pertin-

2282 4863 2438 4917 gere,
2474 4848 2583 4903 nisi
2616 4865 2752 4904 eum
2779 4854 3186 4919 nonagenario
3218 4858 3527 4928 majorem,
3566 4860 3753 4917 Vitam
3778 4863 3945 4920 hanc

2279 4939 2584 5008 scripsisse
2614 4939 2923 4995 fateamur.
2954 4943 3144 5007 Quam
3160 4945 3239 5000 ob
3267 4963 3386 5001 rem
3413 4964 3516 5019 pro
3537 4951 3767 5006 Joanne
3796 4954 3947 5009 scri-

2278 5026 2539 5081 bendum
2576 5034 2720 5098 puto
2750 5028 3235 5089 Constantinum:
3270 5034 3451 5108 idque
3473 5054 3544 5094 eo
3568 5038 3802 5095 facilius
3831 5042 3943 5098 ad-

2274 5115 2462 5170 ducor
2492 5123 2551 5169 ut
2589 5117 2850 5185 credam,
2893 5121 3035 5192 quia
3067 5123 3123 5176 in
3166 5126 3464 5197 eegrapho
3498 5138 3692 5185 nostro
3724 5130 3942 5190 Graeco

2272 5219 2489 5259 nomen
2513 5206 2765 5260 Joannes
2799 5208 3021 5277 integre
3052 5213 3334 5284 scriptum
3366 5232 3485 5271 non
3510 5218 3780 5284 habetur,
3824 5226 3938 5279 sed

2272 5292 2504 5346 duabus
2532 5298 2760 5349 tantum
2807 5296 3134 5353 initialibus
3181 5301 3385 5358 litteris
3442 5306 3540 5361 Ἰὼ.
3574 5308 3638 5363 In
3679 5310 3941 5369 anthea-

2271 5381 2385 5435 tico
2417 5381 2593 5449 igitur
2634 5399 2853 5440 nomen
2898 5389 3317 5447 Constantinus
3360 5411 3464 5465 per
3494 5400 3935 5469 compendium

2268 5471 2555 5540 scriptum
2588 5472 2758 5528 fuerit
2811 5474 3045 5531 duabus
3101 5484 3412 5537 auttribus
3457 5486 3661 5555 primis
3716 5488 3935 5546 litteris

2269 5565 2381 5612 Κῶν
2434 5566 2667 5618 tantum
2706 5581 3055 5635 expressum
3099 5587 3112 5634 ;
3165 5572 3321 5627 unde
3371 5575 3598 5630 extritis
3629 5577 3933 5637 edacitate

2266 5650 2573 5721 temporis,
2608 5651 2667 5706 in
2685 5653 3083 5721 primalittera
3110 5660 3175 5724 K,
3203 5659 3443 5719 duabus
3474 5668 3831 5722 transversis
3860 5668 3931 5725 li-

2307 2969 2694 3016 Κωνσταντίνου
2775 2968 3034 3035 γενέσθαι,
