4084 6216
184 275 257 326 373

1443 268 1610 324 VITA
1655 266 1714 320 S.
1758 264 2185 323 SAMPSONIS.

3414 272 3518 325 274

179 394 311 454 neolis
337 397 388 449 et
434 391 630 448 ultima
660 391 809 447 forte
842 391 1035 448 littera
1062 412 1109 451 ν,
1148 395 1232 446 ’ἰῶ
1275 393 1656 456 remanserit;
1687 406 1759 446 ex
1790 390 1835 445 A
1871 389 2025 445 illius
2083 392 2344 450 historia
2377 400 2565 467 putat,
2625 410 2755 466 qua
2792 394 3031 458 habeat,
3102 396 3519 452 nosocomium

175 500 310 555 eoque
336 484 614 538 Joannem
650 482 907 536 fecerint.
942 480 1091 537 Cum
1138 483 1314 551 igitur
1352 484 1451 539 illa
1483 485 1562 538 ita
1602 498 1760 537 com-

168 573 298 630 mode
314 572 580 643 explicari
605 571 847 642 possint,
868 577 1198 643 catcraque
1214 574 1418 628 omnia
1437 572 1757 643 Metaphra-

159 665 207 717 sti
251 662 603 725 conveniant,
660 660 807 715 nihil
861 662 1044 723 obest,
1095 664 1421 732 quominus
1465 662 1658 717 Vitam
1702 663 1755 717 S.

156 749 454 822 Sampsonis
484 750 536 804 ei
568 750 956 810 ascribamus.
992 766 1181 822 quam
1225 752 1284 805 in
1329 751 1627 822 decrepita
1655 767 1761 805 sua

157 845 404 895 senectute
421 856 546 895 com
556 839 830 907 posuerit,
852 846 1175 911 postquam
1190 840 1586 911 plurimorum
1603 857 1758 896 mar-

154 938 297 1001 tyrutn
335 936 385 984 et
428 929 862 993 confessorum,
916 935 976 984 ut
1006 931 1260 1000 ipsemet
1305 930 1633 995 conﬁtetur,
1669 946 1759 986 res

157 1026 315 1090 gestas
344 1020 402 1073 in
432 1019 625 1074 lucem
655 1018 937 1074 ediderat.

205 1110 274 1162 13.
304 1108 569 1162 Notatum
618 1108 855 1163 invenio
899 1108 958 1163 in
1002 1108 1196 1163 Indice
1238 1114 1439 1164 nostro
1478 1110 1752 1175 viatorio,

154 1198 303 1253 Vitam
348 1198 707 1268 Sampsonis,
757 1213 893 1269 qua
951 1197 1178 1267 incipit,
1239 1198 1391 1251 Ἀλλὰ
1449 1202 1538 1270 μὲν
1593 1201 1755 1270 χάρι-

150 1306 213 1346 τος
254 1290 385 1360 ἔργον
437 1292 524 1339 καὶ
579 1290 872 1359 θεραπείας,
926 1295 1021 1348 τῆς
1083 1291 1215 1360 πρὸς
1270 1292 1356 1339 τὸν
1410 1292 1573 1359 μέγαν
1624 1296 1756 1361 Σαμ-

150 1376 235 1445 ’ᾇών
281 1382 402 1446 etc.,
454 1376 677 1432 servari
740 1377 1209 1448 manuscriptam
1274 1378 1331 1433 in
1384 1377 1756 1433 bibliothecis

151 1466 383 1521 Vaticana
407 1471 461 1521 et
487 1465 852 1522 Vallicellina
886 1468 1119 1530 Roma;
1148 1467 1290 1522 item
1320 1467 1377 1521 in
1414 1467 1751 1523 Florentina

152 1560 195 1609 et
226 1553 562 1610 Taurinensi.
592 1553 773 1610 Nobis
816 1554 915 1610 illa
947 1556 1179 1626 pridem
1239 1560 1499 1611 extracta
1543 1556 1651 1611 fuit
1685 1574 1756 1611 ex

152 1642 312 1697 codice
348 1659 473 1709 ms.,
518 1650 580 1698 ut
602 1644 733 1714 jam
781 1644 920 1707 dixi,
966 1644 1241 1700 Medicao
1286 1645 1440 1716 regis
1489 1645 1759 1701 Christia-

1873 483 2240 553 Sampsonis,
2273 486 2483 540 eodem
2514 490 2779 554 rogante,
2812 500 2847 538 a
2871 483 3210 538 Iustiniano
3232 490 3517 550 erectum,

1871 585 2008 624 cum
2032 572 2353 645 Procopius
2374 574 2555 637 dicat,
2582 577 2997 637 restauratum,
3017 572 3178 644 quod
3196 574 3325 642 jam
3346 579 3523 630 antea

1869 658 2029 714 idem
2050 660 2348 733 Sampson
2367 664 2814 719 exadiﬁcasset.
2836 662 3044 717 Verum
3068 662 3218 716 adeo
3240 662 3523 731 exiguum

1870 748 1977 805 fuit
2008 753 2265 821 primum
2299 752 2444 808 illud
2478 754 2829 823 Sampsonis
2869 751 3205 815 aediﬁcium,
3246 758 3367 806 tam
3399 751 3525 806 illu-

1870 844 1983 894 stre
2013 857 2148 895 vero
2169 848 2410 914 tamque
2436 842 2822 911 magniﬁcum
2851 858 2885 896 a
2910 840 3247 896 Iustiniano
3277 839 3523 909 factum,

1872 934 1932 983 ut
1981 929 2122 984 nihil
2176 931 2398 987 veritati
2453 931 2782 987 detraxisse
2843 930 3267 1002 Metaphrastes
3338 929 3523 984 videri

1870 1020 2074 1088 possit.
2099 1020 2262 1084 Quod
2288 1020 2450 1076 addit
2482 1020 2775 1078 Baronius
2796 1019 2869 1075 de
2892 1018 3362 1088 conﬂagratione
3392 1018 3523 1089 ejus

1868 1108 2220 1168 nosocomii,
2262 1125 2435 1181 quam
2492 1115 2618 1165 tum
2649 1109 2973 1177 contigisse
3004 1109 3340 1172 arbitratur,
3386 1123 3524 1163 cum

1870 1196 1981 1250 sub
2012 1198 2323 1253 Anastasio
2368 1201 2595 1254 Sancta
2630 1197 2863 1267 Sophia
2914 1196 3204 1268 templum
3247 1200 3522 1251 exustum

1868 1284 1977 1340 fuit
2008 1302 2022 1349 ;
2055 1285 2284 1342 clarum
2316 1294 2403 1343 est
2440 1288 2499 1342 in
2540 1286 2801 1343 historiis
2840 1302 2961 1342 non
2994 1285 3175 1340 semel
3208 1285 3353 1340 illud
3378 1290 3523 1340 tem-

1870 1372 2035 1445 plum
2066 1375 2357 1431 incendiis
2405 1376 2735 1431 obnoxium
2779 1374 2992 1445 fuisse;
3035 1374 3351 1429 Iustiniani
3384 1388 3525 1430 vero

1869 1478 2030 1518 anno
2059 1481 2093 1517 v
2120 1464 2261 1519 illud
2277 1465 3022 1521 nosocomiumincensum
3042 1479 3173 1519 esse
3198 1463 3354 1519 idem
3388 1462 3526 1519 Pro-

1870 1552 2074 1624 copius
2103 1552 2276 1608 refert
2308 1554 2409 1609 lib.
2442 1572 2461 1607 ι
2480 1556 2564 1611 De
2588 1554 2749 1623 wdif.
2775 1558 2828 1609 et
2859 1572 2873 1607 ι
2903 1554 3058 1610 Belli
3082 1556 3245 1609 Pers.
3274 1568 3403 1624 cap.
3431 1555 3522 1616 24,

1869 1648 1924 1697 et
1987 1642 2373 1714 Theophanes
2427 1644 2502 1699 ad
2535 1660 2759 1699 annum
2787 1660 2821 1697 v
2876 1643 3215 1699 Iustiniani.
3256 1644 3525 1697 Fortasse

154 1731 348 1799 nissimi,
393 1733 497 1787 sub
546 1733 668 1788 hoc
710 1733 896 1798 titulo,
932 1738 1046 1795 Βίος
1076 1740 1164 1785 καὶ
1208 1734 1443 1787 πολιτεία
1488 1743 1579 1787 τοῦ
1606 1737 1755 1787 ὁσίου

1872 1730 2117 1803 majoris
2151 1730 2436 1787 momenti
2462 1731 2527 1787 ﬁt
2560 1732 2619 1786 in
2645 1731 2757 1786 hac
2787 1747 2867 1796 re,
2901 1730 3062 1801 quod
3091 1731 3419 1802 Procopius
3450 1730 3524 1784 de

161 1826 317 1892 “r96;
356 1824 487 1893 ἡμῶν
520 1822 755 1892 Σαμψὼν
794 1831 884 1875 τοῦ
933 1821 1218 1895 ξενοδὸχου
1248 1844 1259 1855 ·
1319 1847 1340 1873 ι
1377 1825 1503 1880 Vita
1534 1832 1589 1880 et
1619 1841 1753 1881 con-

163 1912 362 1965 versatio
385 1914 567 1966 sancti
592 1912 784 1966 Patris
811 1913 995 1967 nostri
1032 1914 1166 1968 Sam
1178 1914 1403 1980 psonis,
1428 1916 1758 1985 exceptoris

162 1998 413 2069 hospitum.
448 2003 767 2056 sLatinam
803 2002 1239 2072 impresserunt
1273 2002 1636 2073 Lipomanus
1678 2010 1754 2060 to-

157 2102 233 2142 mo
253 2092 292 2151 6,
308 2094 355 2143 et
372 2106 437 2145 ex
467 2091 607 2160 ipso
638 2090 843 2146 Surius
866 2096 1029 2145 tomo
1048 2095 1079 2145 2
1107 2092 1301 2161 ;juxta
1328 2092 1761 2163 interpretatio-

153 2192 254 2231 nem
277 2178 524 2234 Gentiani
560 2179 801 2234 Herveti
824 2194 835 2233 :
860 2195 1042 2251 quam
1072 2181 1352 2236 eamdem
1380 2196 1491 2251 ego
1516 2198 1759 2255 quoque

150 2264 219 2319 hic
242 2266 460 2333 retineo,
500 2269 559 2322 in
588 2270 802 2340 paucis
837 2274 1034 2323 tamen
1064 2269 1385 2342 aliquibus,
1418 2287 1553 2325 cum
1596 2277 1759 2328 textu

149 2352 307 2410 Graeco
328 2355 571 2420 collatis,
611 2361 925 2412 mutatam.

515 2478 544 2550 ς
571 2480 641 2533 ll.
677 2508 744 2519 —
773 2479 1022 2547 Tempus
1048 2480 1277 2536 mortis.

197 2618 259 2671 tt.
305 2618 466 2682 Quod
498 2619 578 2673 ad
626 2622 857 2673 atatem
906 2620 1258 2689 Sampsonis
1300 2620 1527 2690 attinet,
1581 2624 1749 2677 Meta-

142 2705 375 2773 phrastes,
404 2708 807 2780 Menologium
840 2708 1033 2763 Basilii
1076 2709 1600 2780 Porphyrogeniti,
1644 2714 1751 2767 Me-

142 2808 239 2848 ntea
255 2811 480 2859 excusa,
514 2798 786 2866 Origines
817 2799 1489 2870 Constantinopolitana
1513 2800 1746 2856 inedita

140 2892 267 2953 parte
292 2901 345 2950 ιι,
376 2901 513 2940 eum
539 2885 817 2941 ﬂoruisse
845 2885 1012 2941 aiunt
1050 2887 1163 2941 sub
1188 2887 1526 2943 Iustiniano
1558 2890 1750 2961 impe-

141 2980 307 3035 ratore,
357 2979 560 3044 utpote
620 2974 722 3045 qui
763 2974 841 3029 ab
872 2974 1084 3030 eodem
1142 2983 1349 3031 sancto
1381 2977 1439 3031 in
1470 2977 1617 3032 vivis
1649 2996 1749 3034 ex-

140 3060 333 3117 sistente
360 3062 437 3118 ab
478 3063 912 3119 immedicabili
957 3065 1168 3119 morbo
1208 3065 1380 3121 fuerit
1417 3066 1700 3123 liberatus
1734 3084 1747 3133 ;

140 3154 297 3220 atque,
324 3158 506 3223 utpro
521 3159 693 3208 tanto
710 3154 998 3208 beneﬁcio
1016 3160 1207 3222 grates
1231 3156 1491 3219 referret,
1524 3158 1754 3225 magni-

142 3236 278 3295 ﬁcum
294 3241 481 3297 eidem
495 3241 887 3297 adiﬁcaverit
903 3242 1369 3305 xenodochium,
1392 3246 1556 3317 quod
1588 3246 1754 3301 dein-

144 3326 195 3380 de
240 3328 521 3401 Hospitale
567 3332 619 3386 S.
678 3330 1032 3401 Sampsonis
1074 3338 1159 3386 est
1210 3332 1598 3403 appellatum.
1655 3338 1758 3390 Ast

1782 3108 1821 3162 C

142 3418 409 3475 cardinalis
438 3420 737 3476 Baronius
765 3420 822 3475 in
848 3421 1010 3475 Notis
1032 3421 1108 3475 ad
1133 3421 1619 3491 Martyrologium
1646 3424 1757 3479 Ro-

142 3520 366 3571 manum,
409 3510 519 3565 hoc
556 3510 679 3573 die,
706 3526 777 3564 ea
806 3510 1013 3565 omnia
1058 3511 1272 3565 erroris
1323 3512 1535 3581 arguit,
1577 3529 1649 3568 ex
1697 3530 1763 3568 eo

136 3596 264 3664 quod
299 3596 649 3670 Procopius,
686 3599 787 3670 qui
824 3598 938 3653 illis
973 3600 1347 3669 temporibus
1378 3603 1541 3665 vixit,
1576 3618 1763 3673 eaque

141 3683 199 3736 ob
238 3688 423 3742 oculos
464 3687 700 3752 habuit,
738 3688 839 3743 lib.
886 3688 1184 3765 thdiﬁc.
1220 3690 1557 3745 Justim‘ani
1594 3692 1760 3764 imp.,

141 3786 243 3842 cap.
272 3774 317 3838 2,
358 3783 627 3843 testetur,
662 3776 960 3847 HOspitale
990 3780 1342 3849 Sampsonis
1381 3782 1644 3844 nomine,
1688 3781 1765 3836 ab

142 3864 308 3919 eodem
354 3867 695 3937 Sampsone
728 3874 1013 3931 erectum,
1058 3867 1200 3921 olim
1243 3868 1509 3925 incendio
1539 3869 1762 3926 conﬂa-

142 3963 337 4020 grasse;
355 3972 622 4029 cumque
640 3956 731 4011 vix
751 3957 1030 4027 quadam
1050 3959 1475 4013 remansissent
1495 3961 1762 4029 vestigia,

142 4038 253 4096 illud
277 4044 461 4115 ipsum
484 4046 787 4117 hospitale
811 4046 884 4099 ab
906 4047 1122 4101 eodem
1147 4046 1485 4104 Iustiniano
1511 4048 1761 4121 impera.

141 4132 236 4185 tore
262 4134 708 4190 muniﬁcentius
760 4134 1161 4192 instauratum
1203 4136 1404 4202 fuisse,
1460 4154 1763 4210 censuque

142 4224 584 4295 annuoingentis
602 4225 870 4295 pecunia
903 4224 1350 4297 locupletatum.
1386 4230 1529 4283 Cum
1562 4234 1761 4283 autem

142 4306 530 4382 Metaphrastes
562 4331 731 4369 num.
768 4316 823 4368 11
864 4320 1130 4381 testetur,
1163 4316 1386 4371 dictum
1415 4316 1758 4372 incendium

140 4402 415 4471 contigisse
446 4409 591 4475 post
614 4404 847 4458 obitum
885 4404 1256 4476 Sampsonis,
1290 4406 1537 4478 quando
1568 4413 1624 4462 et
1650 4409 1757 4462 So-

139 4486 458 4557 phianobile
489 4493 783 4565 templum
808 4501 1079 4549 exustum
1100 4501 1203 4558 est,
1239 4511 1309 4550 ac
1336 4498 1555 4567 pariter
1581 4500 1757 4551 teste-

140 4582 211 4631 tur
244 4580 609 4637 Marcellinus
640 4583 698 4637 in
731 4583 1041 4645 Chronico,
1076 4584 1134 4638 id
1166 4586 1482 4653 contigisse
1520 4586 1577 4640 in
1612 4592 1759 4641 tem-

143 4668 349 4733 poribus
365 4671 670 4727 Anastasii
688 4672 1066 4744 imperatoris
1085 4673 1416 4739 ;concludit
1432 4674 1751 4746 pralaudav

142 4760 216 4807 tus
261 4760 597 4826 cardinalis,
657 4762 833 4831 longe
887 4769 1023 4817 ante
1072 4763 1381 4819 Iustiniani
1440 4764 1757 4835 imperium

145 4843 500 4917 Sampsonem
533 4851 694 4905 diem
726 4867 900 4906 suum
934 4850 1186 4922 obiisse;
1222 4857 1401 4922 atque
1442 4869 1513 4907 ex
1545 4854 1755 4908 eodem

143 4928 393 5007 Procopio
427 4940 621 4994 multo
653 4940 845 5009 magis
877 4940 1184 5009 redarguit
1224 4941 1577 5002 Cedrenum.
1613 4942 1756 4996 dum

145 5022 602 5095 aitconﬂagrasse
623 5028 877 5085 domum
903 5030 1333 5101 Sampsouiam
1360 5046 1521 5085 anno
1556 5031 1759 5101 penul-

146 5108 260 5167 timo
285 5116 613 5173 Iustiniani.

200 5200 271 5255 15.
321 5206 428 5259 Has
466 5206 847 5261 difﬁcultates
887 5206 1153 5261 dissolvit
1195 5206 1466 5263 Nicotaus
1502 5208 1758 5264 Aleman‘

146 5301 238 5343 nus
272 5292 322 5347 in
354 5296 501 5350 notis
535 5296 611 5350 ad
662 5296 835 5367 cap.4
875 5296 1153 5353 Historia
1190 5313 1416 5353 arcanae
1468 5298 1757 5369 Procopii.

146 5374 287 5433 Juvat
312 5383 436 5452 ejus
456 5384 638 5441 verba
668 5384 763 5441 hic
793 5392 1106 5441 annectere
1131 5406 1143 5445 :
1178 5406 1205 5438 ‹‹
1240 5388 1433 5457 Longe
1465 5387 1764 5459 antiquio-

148 5477 249 5522 rem
269 5468 592 5529 Iustiniano
616 5477 1004 5547 Sampsonem
1029 5476 1215 5533 credit
1238 5476 1567 5532 cardinalis
1594 5478 1766 5531 Baro-

152 5555 257 5611 nius
286 5560 340 5615 in
368 5562 530 5619 Notis
566 5566 641 5619 ad
666 5565 1172 5639 Martyrologium,
1208 5574 1262 5622 el
1287 5565 1559 5623 vacillare
1583 5564 1764 5621 ﬁdem

1873 1819 2223 1891 Sampsonis
2278 1826 2444 1875 atate
2496 1821 2611 1878 ait:
2669 1820 2824 1892 ’Δνήρ
2880 1839 2955 1880 τις
3007 1817 3250 1879 θεοσεϐὴς
3308 1818 3357 1869 ἐν
3414 1825 3524 1880 τοῖς

1870 1910 1974 1960 ἅνω
2028 1914 2262 1981 χρόνοις,
2297 1910 2519 1981 Σαμψὼν
2566 1913 2743 1980 ὄνομα.
2822 1910 2923 1963 Vir
2956 1908 3198 1979 quidam
3230 1907 3362 1975 pius
3426 1906 3525 1978 qui

1870 2001 2273 2066 superioribus
2300 2000 2477 2055 annis
2504 1999 2727 2068 ﬂoruit.
2765 2001 2836 2052 At
2864 1997 2978 2052 hoc
3019 1998 3197 2051 etiam
3228 1994 3373 2051 nihil
3400 2000 3521 2061 est;

1872 2103 2015 2143 nam
2078 2088 2395 2160 Procopius
2448 2088 2665 2143 librum
2717 2087 2882 2142 illum
2940 2088 3021 2141 De
3080 2086 3368 2153 adiﬁciis.
3423 2084 3522 2139 ubi

1870 2176 1985 2232 hoc
2030 2177 2228 2242 habet,
2279 2182 2544 2233 extremo
2581 2176 2895 2231 Iustiniani
2950 2175 3201 2246 imperio
3268 2173 3521 2245 scripsit,

1872 2281 2087 2336 nempe
2125 2282 2227 2320 sex
2254 2256 2328 2321 et'
2368 2265 2606 2335 triginta
2645 2270 2825 2336 atque
2868 2262 3128 2335 amplius
3160 2261 3333 2316 annis
3390 2264 3526 2331 post

1870 2360 2111 2410 mortem
2147 2355 2514 2426 Sampsonis.
2553 2354 2797 2424 Vigebat
2825 2358 3028 2408 tamen
3060 2350 3212 2407 adeo
3240 2351 3368 2422 ejus
3404 2366 3524 2406 me-

1868 2445 2066 2505 moria,
2131 2450 2190 2500 ut
2245 2444 2637 2511 Iustinianus,
2696 2442 2935 2498 Novella
2990 2443 3056 2497 59
3110 2447 3166 2495 et
3238 2442 3359 2502 131,
3418 2439 3523 2496 ubi

1865 2534 1936 2588 de
1986 2536 2316 2604 Sampsone
2371 2533 2653 2603 loquitur.
2692 2530 2751 2584 '0
2794 2539 2888 2591 τῆς
2937 2533 3085 2590 ὁσίας
3142 2548 3351 2601 μνημπς
3390 2536 3525 2599 Σαμ-

1862 2621 1994 2693 ψών,
2028 2622 2210 2688 dicat,
2257 2624 2523 2677 «Sancta
2557 2621 2860 2676 memoria
2905 2621 3203 2690 Sampson
3232 2636 3245 2686 ;
3295 2640 3322 2666 η
3353 2617 3523 2689 quod

1863 2715 1946 2784 (ut
1990 2711 2179 2767 obiter
2228 2714 2453 2779 notem)
2494 2726 2631 2766 cum
2671 2710 2729 2764 in
2763 2710 3023 2780 antiquis
3070 2704 3519 2776 manuscriptis,

1860 2800 2062 2855 litteris
2109 2800 2513 2868 singularibus
2546 2798 2603 2853 S.
2647 2799 2715 2851 Μ.
2776 2802 3043 2853 notatum
3073 2800 3243 2861 esset,
3282 2793 3437 2849 male
3459 2793 3521 2848 in

1862 2889 2079 2943 Latinis
2093 2889 2333 2943 editioni
2346 2888 2455 2941 bus
2471 2886 2720 2942 Novella
2736 2887 2828 2940 l3l
2852 2890 3159 2956 exceptum
3174 2884 3519 2939 est:Sancta

1861 2978 2052 3034 Maria
2093 2979 2401 3047 Sampson.
2438 2977 2609 3041 Quod
2640 2980 2840 3030 autem
2875 2974 2935 3028 in
2966 2974 3354 3043 Metaphraste
3397 2986 3523 3026 cor-

1862 3066 2177 3136 rigendum
2224 3065 2397 3138 plane
2446 3080 2681 3127 censeo,
2722 3070 2809 3119 est
2858 3064 3009 3119 ratio
3054 3060 3337 3133 temporis
3391 3060 3523 3116 vita

1869 3156 2220 3227 Sampsonis
2267 3162 2323 3210 et
2364 3170 2659 3210 annorum
2702 3152 2937 3225 imperii
2985 3150 3302 3206 Iustiniani
3335 3170 3347 3214 ;
3378 3164 3523 3204 nam

1868 3246 2121 3302 antistite
2144 3247 2307 3301 Mena
2330 3246 2725 3315 Sampsonem
2766 3240 3151 3313 superfuisse,
3178 3238 3343 3295 haud
3370 3239 3523 3294 bene

1871 3335 2289 3407 Metaphrastes
2315 3338 2537 3396 narrat,
2563 3349 2700 3387 cum
2732 3339 2866 3387 ante
2890 3330 3272 3386 consulatum
3306 3328 3524 3384 Behza-

1871 3425 1938 3479 rii
1969 3424 2206 3486 obiisse,
2237 3438 2306 3477 ex
2340 3422 2573 3478 Novella
2601 3422 2669 3475 59
2701 3421 3012 3492 perspicue
3067 3422 3315 3474 constet.
3346 3418 3523 3473 Porro

1872 3514 2141 3585 ejusdem
2191 3511 2448 3566 Novella
2476 3510 2800 3582 publicatio
2842 3516 3019 3581 atque
3060 3508 3269 3563 electio
3316 3507 3519 3571 Mena,

1872 3604 1991 3659 fere
2018 3603 2076 3657 in
2103 3602 2260 3656 idem
2286 3607 2516 3672 tempus
2547 3598 2836 3664 incidunt,
2867 3613 3079 3668 nempe
3109 3596 3267 3652 circa
3295 3611 3523 3651 annum

1872 3691 2183 3747 Iustiniani
2216 3706 2310 3755 x1;
2336 3695 2395 3744 at
2426 3705 2565 3744 vero
2586 3694 2720 3743 ante
2745 3704 2972 3743 annum
2995 3688 3124 3756 ejus
3154 3702 3189 3740 v
3219 3690 3523 3740 mortuum

1877 3785 2270 3852 Sampsonem
2298 3780 2479 3834 fuisse
2522 3793 2697 3832 nemo
2736 3776 2979 3831 dubitet.
3022 3775 3107 3830 Ad
3132 3776 3291 3829 hunc
3330 3773 3522 3828 calcu-

1872 3873 1993 3929 lum
2035 3870 2374 3926 revocanda
2402 3874 2535 3923 sunt
2567 3884 2696 3940 qua
2719 3874 2791 3921 de
2821 3864 3096 3921 incendio
3128 3861 3460 3919 nosocomii
3490 3876 3528 3917 a

1874 3961 2264 4033 Metaphraste
2295 3965 2631 4014 narrantur.
2690 3976 2720 4009 ›

1946 4052 2034 4107 16.
2086 4053 2215 4104 Hac
2274 4047 2498 4104 erudite
2548 4046 3044 4101 Alemannustat
3100 4058 3259 4107 vero,
3318 4045 3527 4097 contra

1872 4140 2037 4213 quod
2078 4138 2175 4194 hic
2221 4136 2539 4201 existimat,
2582 4140 2791 4191 auctor
2827 4133 3095 4190 Chronici
3144 4129 3527 4188 Alexandrini

1872 4228 2319 4300 amplissimum
2352 4242 2421 4281 ea
2459 4230 2809 4297 tempestate
2836 4225 3022 4297 (anno
3055 4222 3275 4278 scilicet
3313 4222 3525 4293 quinto

1870 4316 2213 4386 Iustiniani)
2275 4316 2454 4370 fuisse
2516 4315 2595 4369 ait
2651 4313 3072 4368 nosocomium
3128 4310 3482 4382 Sampsonis

1871 4424 2007 4463 cum
2062 4406 2256 4461 dicat:
2293 4426 2312 4454 ι
2357 4407 2517 4456 Ξενὼν
2569 4410 2659 4454 τοῦ
2728 4400 2950 4472 Σαμψὼν
3004 4402 3030 4452 ὀ
3087 4405 3245 4473 μέγας
3306 4398 3523 4464 ἐκαύθη,

1870 4502 1957 4548 καὶ
2012 4494 2274 4546 ἀπώλοντο
2356 4495 2403 4544 οὶ
2480 4493 2527 4543 ἐν
2610 4491 2749 4560 αὐτῷ
2837 4490 3159 4556 ἀνακείμενοι
3242 4487 3525 4562 ᾶῤῥωστοι.

1870 4584 2313 4641 Xenodochium
2364 4580 2713 4652 Sampsonis
2766 4595 3053 4647 magnum
3108 4575 3523 4646 conﬂagravit,

1870 4692 2111 4748 unaque
2152 4674 2369 4745 periere
2394 4670 2496 4742 qui
2530 4672 2587 4725 in
2627 4687 2697 4725 eo
2723 4676 2891 4725 erant
2916 4668 3157 4723 inﬁrmi.
3198 4688 3217 4716 ι
3264 4666 3526 4736 Repara-

1868 4768 1997 4818 tum
2034 4768 2234 4817 autem
2265 4766 2322 4816 et
2355 4758 2779 4814 readiﬁcatum
2812 4773 2846 4811 a
2871 4756 3206 4811 Iustiniano
3231 4753 3393 4809 haud
3424 4752 3529 4809 diu

1868 4858 2078 4924 postea
2110 4852 2281 4913 stetit,
2312 4847 2607 4920 siquidem
2640 4862 2801 4902 anno
2824 4861 3021 4900 xxxvii
3048 4844 3317 4914 ejusdem
3343 4844 3529 4915 impe-

1870 4941 2083 4998 ratoris
2122 4955 2355 4995 rursum
2390 4938 2553 5004 arsit,
2603 4944 2663 4991 ut
2713 4935 2916 4991 scribit
2946 4933 3338 5007 Theophanes
3365 4938 3419 4989 et
3459 4948 3527 4988 ex

1873 5046 1942 5087 eo
2019 5029 2399 5085 Cedrenusn
2462 5033 2543 5096 Τῷ
2611 5024 2684 5084 λζ
2742 5028 2838 5075 ἔτει
2910 5026 3111 5093 γέγονεν
3206 5021 3528 5093 ἐμπυρισμὸς

1872 5122 2050 5191 μέγας,
2152 5120 2240 5167 καὶ
2316 5112 2507 5169 ἐκαύθη
2586 5111 2783 5171 τελείως
2865 5112 2888 5160 ὁ
2983 5110 3130 5171 ξενὼν
3231 5118 3321 5160 τοι)
3398 5115 3528 5178 Σαμ-

1872 5208 2003 5278 ψών.
2080 5212 2249 5260 Anno
2320 5200 2683 5274 (Iustiniani)
2757 5215 2955 5254 xxxvu
3026 5198 3247 5253 factum
3300 5202 3388 5251 est
3441 5198 3526 5250 in-

1873 5296 2145 5352 cendium
2184 5307 2491 5363 magnum,
2512 5296 2564 5345 et
2593 5286 2986 5356 conﬂagravit
3013 5286 3247 5358 penitus
3273 5284 3529 5341 xenodo-

1872 5385 2073 5441 chium
2107 5379 2471 5452 Sampsonis.
2509 5397 2536 5429 »
2565 5376 2851 5442 Quamvis
2879 5379 3087 5447 postea
3104 5372 3527 5430 readiﬁcatum

1951 5478 2121 5528 nstet.

1874 5490 2121 5529 constet.

1950 5564 2012 5617 i7
2036 5563 2227 5627 Quare
2282 5557 2502 5612 frustra
2555 5553 2858 5625 redarguit
2911 5552 3125 5610 erroris
3203 5552 3529 5609 Cedrenum
