4084 6216
502 318 606 374 275

1928 301 2188 364 MENSIS
2228 306 2496 367 JUNIUS.

3810 312 3924 369 276

501 441 812 508 Barouius,
843 438 1008 513 quod
1039 437 1369 511 penultimo
1391 435 1625 509 imperii
1665 432 1972 490 Justiniani
2000 446 2158 488 :nno

2277 452 2350 507 νη·
2378 439 2435 489 τὸ
2467 434 2525 491 δὲ
2551 438 2790 509 λείψανον
2815 439 2976 493 αὐτοῦ
3006 439 3150 499 ἐτέθη
3179 440 3226 493 ἐν
3257 447 3329 511 τῷ
3352 446 3459 510 ναῷ
3484 445 3576 492 τοῦ
3602 437 3750 509 ἁγίου
3775 440 3919 511 μάρ-

498 530 843 588 incendium
874 529 987 586 hoc
1026 528 1317 602 posuerit:
1348 543 1487 583 cum
1530 541 1652 581 non
1673 540 1885 588 unum,
1920 521 2022 577 sed
2050 521 2155 577 du-

501 620 637 693 plex
667 619 820 675 illius
871 618 1226 674 xenodochii
1272 620 1501 673 constet
1542 614 1725 670 fuisse
1784 611 2152 669 incendium.

502 711 653 766 Dum
684 709 862 779 igitur
890 708 1017 763 haec
1041 707 1245 762 omnia
1274 712 1429 762 recte
1452 704 1538 759 sic
1569 703 1848 775 explicari
1876 704 2153 774 possunt,

500 814 623 854 non
653 802 741 854 est
766 814 871 853 cur
899 797 1244 853 recedamus
1271 812 1307 850 a
1336 794 1759 865 Metaphraste,
1786 791 2150 863 Synaxariis,

500 889 849 960 Menaeisque
875 886 1233 949 Graecorum,
1264 886 1659 956 Sampsonem
1684 882 1796 938 sub
1820 880 2151 937 Iustiniano

501 978 721 1035 vixisse
734 976 1155 1033 asserentibus.
1172 974 1353 1030 Porro
1368 990 1504 1029 cum
1519 974 1783 1045 primum
1796 968 2151 1027 xenodochii

500 1067 659 1124 illius
698 1065 1041 1123 incendium
1083 1064 1369 1121 accidisse
1410 1080 1481 1119 ex
1532 1061 1885 1134 supradictis
1924 1064 2153 1115 constet

502 1173 662 1214 anno
680 1158 707 1212 J
717 1155 992 1212 ustiniani
1024 1155 1254 1228 quinto,
1282 1154 1463 1226 idque
1495 1170 1530 1209 a
1555 1152 1951 1223 Metaphraste
1982 1164 2149 1204 num.

502 1250 561 1303 11
615 1253 748 1319 post
787 1251 1039 1303 mortem
1090 1244 1441 1316 Sampsonis
1496 1242 1769 1299 evenisse
1829 1244 2149 1309 asseratur,

502 1354 663 1395 anno
694 1337 965 1409 ejusdem
995 1334 1373 1407 imperatoris
1414 1350 1472 1390 ιιι
1504 1339 1607 1390 aut
1643 1350 1702 1390 1v
1740 1333 1825 1403 (id
1860 1337 1949 1388 est
1992 1345 2154 1387 anno

501 1427 710 1487 Christi
740 1427 846 1482 530
884 1425 972 1481 vel
1002 1426 1122 1497 531)
1147 1426 1544 1497 Sampsonem
1584 1423 1663 1480 ad
1721 1437 1972 1495 superos
2004 1419 2153 1475 emi-

501 1532 704 1590 grasse
735 1516 1075 1573 statuimus.

573 1609 659 1663 18.
691 1608 766 1661 At
806 1621 947 1661 vero
980 1604 1114 1676 jure
1163 1604 1370 1659 merito
1408 1602 1777 1659 Alemannus
1827 1598 2158 1671 Metaphra-

503 1702 653 1754 stem
684 1695 880 1765 arguit
914 1694 1124 1749 erroris
1155 1693 1283 1765 (qui
1312 1708 1473 1748 error
1494 1692 1674 1747 etiam
1705 1690 1864 1746 estin
1897 1690 2158 1761 Synaxa-

2266 544 2414 601 τυρος
2443 533 2677 581 Μωκίου.
2718 551 2737 577 ι

2340 618 2428 671 20.
2464 616 2763 673 «Sanctus
2807 621 2974 674 Pater
3016 623 3216 675 noster
3244 618 3539 690 Sampson
3572 633 3643 672 ex
3668 617 3919 690 antiqua

2264 707 2453 761 Roma
2481 706 2736 763 ducebat
2778 708 3090 777 originem,
3142 708 3329 777 Magni
3356 706 3726 763 Constantini
3774 722 3919 762 con-

2264 795 2654 866 sanguineus:
2688 795 2889 852 divisis
2934 813 3073 853 vero
3120 797 3271 853 inter
3309 812 3604 868 pauperes
3636 794 3921 851 omnibus

2262 883 2384 937 suis
2418 883 2815 953 facultatibus,
2839 892 2896 942 et
2927 892 3165 958 propter
3195 886 3490 942 Christum
3543 884 3924 953 mendicans,

2262 974 2808 1047 ConstantinOpolim
2824 992 2886 1031 se
2899 976 3138 1047 recepit,
3159 981 3338 1047 atque
3352 976 3407 1030 in
3422 974 3568 1046 ipsis
3583 980 3925 1030 sanctorum

2263 1063 2685 1134 Prophetarum
2702 1066 2965 1121 ecclesiis
2976 1066 3227 1121 orationi
3242 1065 3482 1121 assidue
3499 1065 3754 1120 vacavit.
3770 1066 3925 1121 Cum

2262 1158 2463 1208 autem
2482 1153 2772 1225 privatam
2787 1162 2843 1211 et
2862 1156 3182 1211 obscuram
3207 1160 3408 1224 ageret
3429 1155 3635 1219 vitam,
3662 1155 3927 1226 Scriptu-

2262 1257 2462 1297 rarum
2490 1243 2829 1299 divinarum
2862 1244 3230 1300 meditationi
3276 1244 3558 1311 intentus,
3599 1243 3923 1298 virtutibus

2264 1332 2407 1397 suis,
2442 1332 2809 1389 sanctissimo
2854 1333 3209 1405 patriarchas
3255 1335 3433 1390 Menas
3481 1331 3731 1397 enotuit,
3760 1336 3816 1388 et
3845 1331 3924 1388 ab

2265 1421 2398 1492 ipso
2426 1421 2734 1478 ordinatus
2754 1427 2843 1479 est
2866 1422 3145 1479 sacerdos
3168 1422 3399 1492 Magnas
3419 1421 3705 1478 ecclesias.
3730 1423 3921 1478 Caete-

2266 1526 2401 1566 rum
2434 1516 2638 1583 portus
2684 1512 2961 1567 salutaris
3006 1518 3130 1568 erat
3160 1511 3525 1585 pauperibus
3554 1516 3612 1566 et
3638 1510 3916 1576 inﬁrmis,

2270 1600 2518 1656 scientia
2558 1602 2698 1656 artis
2720 1601 2965 1657 medicae
2995 1601 3283 1658 imbutus.
3310 1602 3460 1657 Cum
3498 1616 3639 1657 vero
3670 1600 3924 1672 impera-

2270 1696 2458 1747 torem
2512 1692 2916 1749 Justinianum
2943 1708 2980 1749 a
3020 1690 3241 1747 difﬁcili
3269 1692 3483 1747 morbo
3516 1695 3810 1757 sanasset,
3842 1690 3924 1745 ab

499 1787 600 1843 riis
632 1785 984 1856 Menaeisque
1015 1783 1350 1839 Graecorum
1381 1782 1399 1854 )
1429 1781 1592 1854 quod
1626 1796 1794 1836 num.
1829 1782 1861 1834 4
1880 1778 2164 1848 Sampso-
2198 1789 2240 1845 Β
2270 1780 2386 1837 hoc
2404 1780 2663 1837 maxime
2684 1782 3067 1854 dilectusest;
3095 1781 3509 1853 aadiﬁcatoque
3526 1779 3923 1845 xenodochio,

498 1893 637 1935 nem
668 1892 705 1932 a
732 1874 1075 1947 patriarcha
1098 1876 1158 1930 C.
1188 1876 1246 1928 P.
1292 1875 1481 1938 Mena,
1510 1871 1882 1927 sacerdotem
1924 1868 2164 1925 ordina-

498 1973 625 2023 tum
649 1981 776 2021 esse
802 1965 1057 2031 referat;
1090 1968 1215 2019 tum
1243 1969 1488 2035 propter
1507 1961 1767 2016 rationes
1784 1960 2055 2031 superius
2084 1959 2162 2014 ab

499 2058 831 2113 Alemanno
862 2053 1095 2118 allatas,
1143 2058 1266 2107 tum
1300 2058 1586 2122 presteres
1615 2048 1772 2119 quod
1817 2051 2014 2104 Menas
2046 2048 2160 2113 ille,

501 2150 824 2215 antequam
840 2142 1188 2211 dignitatem
1206 2138 1663 2210 patriarchalem
1678 2141 2164 2209 consequeretur,

504 2234 716 2290 eodem
748 2230 1080 2286 Justiniano
1103 2230 1430 2299 imperante
1456 2226 1761 2299 praefuerit
1786 2226 2165 2281 xenodochio

506 2320 882 2393 Sampsonis,
925 2317 1020 2372 cui
1068 2319 1368 2388 Sampson
1418 2317 1544 2387 ipse
1593 2331 1784 2387 usque
1823 2314 1969 2369 dum
2001 2315 2163 2378 vixit,

504 2409 758 2486 prmfuit,
795 2414 856 2463 ut
894 2406 1071 2463 refert
1106 2406 1477 2477 Nicephorus
1527 2403 1587 2460 C.
1624 2404 1684 2459 P.
1717 2404 1777 2459 in
1810 2403 2164 2459 Patriarchis

506 2504 567 2560 C.
626 2500 687 2554 P.
722 2513 942 2555 vocans
998 2496 1277 2551 eumdem
1324 2491 1614 2567 Ξενοδόχον
1661 2501 1752 2545 τοῦ
1807 2492 2058 2565 Σαμψὼνε
2112 2501 2170 2553 et

510 2589 818 2648 Liberatus
857 2586 1149 2642 diaconus
1192 2585 1264 2641 de
1318 2585 1528 2640 eodem
1562 2584 1645 2640 ait
1695 2599 1826 2656 cap.
1858 2586 1927 2638 2:
1963 2603 1991 2633 «
2039 2583 2166 2648 Fuit

505 2681 613 2737 iste
624 2682 820 2736 Menas
837 2673 1196 2748 praepositus
1220 2672 1575 2730 xenodocbii
1593 2672 1859 2744 majoris,
1878 2672 2045 2745 quod
2068 2688 2167 2728 vo-

505 2775 673 2827 catur
702 2769 1024 2839 Sampson,
1075 2779 1291 2834 genere
1333 2762 1797 2829 Alexandrinus;
1832 2782 1860 2814 »
1894 2761 2166 2834 adeoque

502 2862 642 2934 post
668 2861 920 2913 mortem
956 2853 1306 2926 Sampsonis
1335 2852 1529 2909 solum
1562 2851 1640 2908 ad
1679 2852 2026 2921 dignitatern
2060 2866 2164 2923 pa-

504 2946 881 3007 triarchalem
916 2949 1006 2999 est
1035 2949 1298 2999 evectus.

505 3108 653 3182 §Ill.
686 3138 753 3148 —
784 3106 999 3163 Cultus
1051 3119 1126 3161 ea:
1176 3102 1544 3196 Μςπποίρρίίε,
1595 3101 1858 3168 Menaeis,
1911 3099 2164 3171 aliisque
2200 3140 2241 3196 Ο

1228 3174 1439 3230 Fastis.

582 3356 665 3410 l9.
712 3351 967 3409 Celebris
1015 3350 1178 3423 apud
1230 3348 1463 3406 Graecos
1493 3364 1723 3419 semper
1744 3346 1852 3403 fuit
1897 3348 1951 3404 S.
1988 3348 2160 3403 Sam-

507 3442 711 3516 psonis
740 3440 1051 3505 memoria,
1098 3444 1299 3511 utpote
1324 3438 1496 3510 cujus
1527 3436 1866 3509 sepulcrum
1903 3434 2101 3493 statim
2125 3451 2161 3491 a

506 3537 695 3589 morte
748 3528 1051 3586 miraculis
1102 3527 1396 3593 claruerit,
1449 3532 1506 3583 et
1553 3526 1874 3583 salutarem
1934 3524 2160 3581 morbis

507 3620 846 3691 omnigenis
875 3618 1170 3691 liquorem
1213 3616 1434 3673 stillare
1475 3615 1791 3689 inceperit;
1816 3614 1975 3671 unde
2002 3614 2158 3669 illius

506 3711 724 3767 festum
756 3709 907 3766 inter
948 3708 1318 3768 solemniora
1356 3704 2031 3778 Constantinopolitanae
2058 3706 2155 3759 Ec-

507 3800 700 3857 clesiae
742 3804 1119 3856 numeratur:
1146 3798 1205 3853 in
1237 3796 1354 3852 hoc
1380 3797 1539 3852 enim
1567 3796 1718 3852 festo
1743 3812 1777 3851 a
1804 3792 2046 3867 judiciis
2065 3808 2159 3847 va-

506 3890 767 3947 candum
798 3895 924 3944 erat
955 3904 1143 3960 usque
1173 3887 1245 3942 ad
1274 3885 1458 3943 Ofﬁcii
1491 3886 1671 3941 divini
1697 3885 1900 3950 ﬁnem,
1931 3892 1991 3942 ut
2018 3900 2159 3945 con-

508 3984 621 4035 stat
638 3994 707 4034 ex
737 3976 1156 4033 constitutione
1180 3975 1412 4032 novella
1435 3974 1829 4031 Emmanuelis
1853 3978 2158 4034 Commeni

505 4066 884 4139 imperatoris
907 4066 981 4120 de
1012 4065 1191 4119 Feriis
1216 4064 1337 4121 lata
1371 4080 1530 4120 anno
1574 4064 1727 4121 1166.
1765 4066 2156 4137 Synaxarium

502 4154 880 4229 imperatoris
913 4152 1112 4209 Basilii
1154 4153 1638 4224 Porphyrogeniti
1670 4153 1727 4209 in
1763 4171 1872 4210 ms.
1926 4156 2159 4228 Cryptm

509 4246 757 4301 Ferrata:
809 4243 923 4299 hoc
971 4242 1027 4297 in
1076 4240 1175 4296 illo
1220 4241 1400 4297 habet
1450 4242 1807 4311 elogium:«
1842 4244 2062 4317 Σαμψὼν
2110 4246 2159 4298 ἐν

508 4333 679 4405 ἁγίοις
749 4336 926 4403 Πατὴρ
994 4332 1160 4403 ἡμῶν,
1234 4332 1443 4404 ὑπῆρχε
1517 4336 1605 4403 μὲν
1663 4332 1717 4385 ἐκ
1774 4342 1869 4396 τῆς
1942 4334 2161 4395 παλαιᾶς

504 4422 721 4492 Ῥωμης,
839 4424 1064 4491 συγγενῆ
1075 4441 1096 4482 ς
1208 4428 1300 4473 τοῦ
1392 4422 1619 4492 μεγάλου
1746 4429 2157 4478 Κωνσταντίνου.

509 4514 921 4585 Παρασχόμενος
967 4512 1052 4561 τὸν
1106 4510 1321 4562 πλοῦτον
1393 4513 1552 4564 αὑτοῦ
1627 4514 1796 4564 πάντα
1854 4522 1961 4576 τοῖς
2026 4534 2160 4566 πτω-
2195 4499 2238 4553 D

506 4609 630 4676 χοῖς
679 4604 769 4653 καὶ
823 4602 1089 4671 πτωχικὸς
1142 4596 1235 4652 διὰ
1310 4604 1557 4673 Χριστὸν,
1622 4604 2160 4657 Κωνσταντινούπολιν

506 4689 769 4759 κατέλαϐε,
824 4694 914 4741 καὶ
968 4696 1078 4750 τοῖς
1144 4685 1280 4749 ναοῖς
1367 4698 1465 4741 τῶν
1536 4690 1696 4760 ἁγίων
1774 4698 2053 4764 Προφητῶν
2112 4693 2159 4745 ἐν

506 4782 676 4842 αὐτοῖς
724 4783 1139 4855 προσευχόμενος
1209 4776 1439 4832 διετέλει.
1505 4779 1764 4852 Ἡσυχίας
1810 4777 1867 4833 δε
1942 4781 2156 4855 λαϐόμε-

502 4891 607 4935 νος,
697 4875 787 4922 καὶ
868 4877 979 4929 ταῖς
1055 4870 1408 4930 θεοπνεύστοις
1487 4874 1710 4942 Γραφαῐς
1786 4869 2155 4942 ἕμμελετήσας,

503 4963 715 5034 φανερὸς
766 4958 958 5031 ἐγένετο
1012 4954 1085 5010 δι’
1161 4957 1345 5028 ἀρετὴν
1392 4966 1463 5027 τῷ
1522 4957 1793 5030 ἁγιωτάτῳ
1849 4964 2154 5035 πατριάρχη

500 5057 674 5122 Μηνᾷ,
739 5053 828 5102 καὶ
906 5055 1282 5121 χειροτονεῖται
1348 5047 1468 5119 παρ’
1541 5047 1732 5099 ἐκείνου
1812 5049 2161 5125 πρεσϐύτερος

498 5150 595 5203 τῆς
651 5140 875 5214 μεγάλης
924 5138 1256 5198 Ἐκκλησίας.
1311 5143 1410 5191 Καὶ
1460 5137 1635 5190 λοιπὸν
1684 5135 1743 5197 ἦν
1790 5139 1945 5211 λιμὴν
1989 5148 2159 5200 σωτή-

498 5251 605 5305 ριος
658 5238 763 5291 τοῖς
845 5232 1137 5302 πενομένοις
1226 5233 1315 5279 καὶ
1391 5225 1687 5294 ἀσθενοῦσι,
1756 5234 1989 5301 μετέχων
2073 5238 2161 5283 καὶ

500 5325 688 5393 τέχνης
752 5320 1012 5393 ἰατρικῆς.
1073 5322 1412 5392 Θεραπεύσας
1484 5315 1542 5370 δὲ
1621 5324 1710 5371 καὶ
1794 5323 1880 5371 τὸν
1937 5319 2161 5392 βασιλέα

501 5409 863 5463 Ἰουστινιανὸν
968 5409 1067 5461 ἀπὸ

1164 5412 1362 5470 πάθους
1450 5405 1707 5462 δυσιάτου
1788 5408 2086 5482 ἐφιλοφρονή
2097 5414 2158 5471 θη

496 5499 625 5573 παρ’
678 5498 868 5551 ἐκείνου
927 5502 991 5550 τὰ
1035 5504 1280 5571 μέγιστα.
1330 5504 1427 5552 Καὶ
1476 5504 1657 5559 κτίσας
1706 5498 1893 5562 ξενῶνα
1932 5501 1997 5561 εὶς
2041 5500 2162 5553 ἀνά·

496 5606 691 5641 παυσιν
749 5596 847 5639 τῶν
928 5598 1153 5660 πτωχῶν
1210 5598 1298 5641 καὶ
1358 5588 1604 5657 ἀσθενῶν,
1655 5588 1744 5641 καί
1800 5590 1963 5643 πολλὰ
2036 5611 2157 5643 κατ-

493 5679 773 5753 ορθώματα
849 5683 938 5731 καὶ
1011 5681 1252 5752 θαύματα
1308 5684 1549 5746 ποιήσας,
1605 5680 1856 5754 ἕκοιμήθη
1911 5680 1959 5733 ἄν
2012 5684 2151 5756 είρή.

2272 1872 2349 1928 ad
2377 1887 2713 1945 pauperum
2736 1877 2792 1928 et
2820 1873 3193 1928 inﬁrmorum
3217 1873 3519 1936 solatium,
3548 1875 3683 1943 post
3735 1870 3931 1927 multa

2272 1967 2427 2017 recte
2448 1964 2600 2017 facta
2629 1977 2699 2017 ac
2723 1962 3031 2027 miracula,
3051 1961 3413 2017 obdormivit
3438 1962 3496 2017 in
3530 1976 3707 2033 pace;
3731 1960 3927 2033 ipsius

2272 2067 2415 2106 vero
2458 2067 2675 2123 corpus
2705 2051 3044 2124 depositum
3088 2056 3177 2107 est
3201 2051 3261 2105 in
3290 2050 3513 2122 templo
3546 2052 3601 2107 S.
3641 2050 3930 2123 martyris

2274 2139 2464 2196 Mocii.
2500 2161 2527 2189 »

2345 2230 2432 2284 21.
2468 2228 2693 2285 Similia
2722 2228 2946 2285 habent
2970 2244 3116 2284 mss.
3146 2226 3377 2297 collegii
3406 2228 3591 2283 nostri
3616 2227 3937 2283 Divionen-

2276 2319 2356 2374 sis
2383 2323 2439 2374 et
2456 2317 2919 2382 Claromontani,
2944 2333 3105 2373 nunc
3137 2317 3416 2373 Ludovici
3439 2315 3656 2389 Magni.
3673 2317 3815 2373 Huic
3843 2317 3941 2372 in-

2279 2424 2459 2481 super
2486 2422 2743 2479 sequens
2769 2407 3008 2463 additur
3023 2407 3375 2480 dystichon:

2349 2529 2560 2601 Ἐξῆγεν
2588 2532 2613 2582 ὁ
2638 2535 2758 2603 πρὶν
2790 2530 2838 2582 ἐν
2862 2532 3058 2601 γνάθου
3083 2530 3304 2653 Σαμκζὼν
3335 2526 3503 2604 ὕδωρ,

2349 2603 2404 2653 Ὁ
2429 2612 2516 2653 νῦν
2554 2599 2613 2653 δε
2640 2600 2863 2653 Σααώὠν
2896 2602 2947 2653 ἐκ
2969 2604 3132 2653 τάφου
3170 2601 3202 2653 Β
3236 2605 3349 2653 ύζει
3380 2605 3503 2653 mina

2346 2603 2404 2655 Ὀ
2429 2599 2516 2654 νῦν
2554 2599 2613 2655 δε
2640 2599 2878 2674 Σαμψὼν.
2896 2602 2947 2654 ἐκ
2969 2604 3132 2674 τάφου
3155 2599 3349 2674 ’βλύζει
3378 2599 3593 2674 μύρους.

2345 2710 2581 2783 Aquam
2612 2710 2773 2765 dedit
2793 2710 3048 2783 maxilla
3070 2710 3415 2783 Sampsonis
3430 2708 3634 2783 prius;

2345 2780 2683 2851 Sdmpsonz‘s
2700 2788 2761 2837 al
2789 2796 2946 2836 nunc
2973 2781 3142 2837 busta
3171 2781 3401 2837 stillant
3430 2780 3782 2836 balsamum.

2274 2907 2337 2962 In
2361 2905 2594 2961 Menaeis
2615 2920 2755 2959 vero
2773 2903 3003 2959 excusis
3028 2902 3297 2960 Ofﬁcium
3320 2902 3502 2959 habet
3526 2902 3836 2975 proprium
3872 2906 3934 2958 et

2274 2996 2575 3050 Canonem
2608 2993 2721 3048 sub
2750 2993 2866 3049 hac
2897 2992 3329 3049 acrostichide:

2341 3118 2505 3190 ’Υμνῶ
2537 3138 2613 3185 σε,
2647 3118 2888 3190 Σαμψὼν,
2920 3124 3145 3182 πίστεως
3174 3121 3327 3181 θείοις
3355 3118 3543 3190 λόγοις.
3578 3120 3812 3171 ἸΩΣΗΦ.

2340 3209 2648 3273 Sermone,
2680 3209 2991 3278 Sampson,
3043 3215 3096 3265 te
3134 3225 3302 3265 sacro
3327 3209 3469 3277 ﬁdei
3497 3224 3667 3265 cano.
3698 3210 3932 3265 Josnpn.

2272 3334 2416 3389 Cum
2447 3338 2647 3389 autem
2698 3349 2894 3388 canon
2925 3333 3020 3388 hic
3087 3333 3234 3389 nihil
3287 3334 3509 3390 habeat
3554 3331 3928 3405 particulare,

2270 3422 2382 3477 nisi
2406 3421 2570 3494 quod
2602 3421 2658 3476 in
2691 3421 2887 3493 elogio
2913 3421 3186 3489 habetur,
3220 3440 3357 3478 eum
3399 3420 3931 3495 praetermittimus.

2271 3510 2473 3580 Elogio
2503 3511 2624 3566 duo
2651 3510 2707 3566 hi
2737 3512 3182 3583 praemittuntur
3212 3528 3445 3568 versus:

2342 3636 2561 3711 Σαμψὼν
2585 3635 2871 3711 ᾩμόῤῥους
2893 3635 3171 3711 ξτροποϋτο
3198 3640 3287 3711 μεν
3316 3636 3494 3692 πάλαι.

2340 3706 2561 3781 Σαμψὼν
2595 3706 2655 3761 δε
2677 3706 2854 3782 θραύει
2883 3706 3132 3781 δαίμονας
3158 3706 3327 3782 ἄρδην
3356 3714 3484 3771 νέος.

2336 3816 2622 3890 Sampson
2645 3816 3026 3890 fugavitolim
3057 3816 3478 3890 Homorrhaeos
3509 3816 3777 3890 quidem:

2338 3889 2457 3945 Sed
2470 3890 2735 3943 vulnerat
2763 3904 2920 3944 nunc
2944 3888 3244 3944 daemonas
3266 3888 3546 3961 Sampson
3569 3903 3777 3945 novus.

2266 4012 2635 4084 Additurque
2664 4012 2839 4068 etiam
2873 4012 3183 4085 praemisso
3208 4013 3486 4085 dysticho
3514 4013 3932 4069 hexametrum

2267 4102 2445 4167 istud,
2463 4118 2535 4157 ex
2549 4118 2673 4174 quo
2692 4102 3070 4173 cognoscitur
3081 4102 3421 4175 praecipuus
3448 4103 3800 4175 Sampsonis
3812 4102 3934 4159 hoc

2268 4193 2363 4247 die
2390 4192 2611 4255 cultus;

2340 4312 2652 4388 Ξεινοδόχος
2679 4312 2730 4367 δ’
2757 4314 2827 4367 ἐνὶ
2856 4312 3027 4367 εἰκάδι
3056 4313 3321 4389 ἑϐδομάτῃ
3358 4318 3475 4369 θάνε
3502 4317 3744 4389 Σαμψών.

2339 4406 2744 4463 Xenodochum
2789 4405 3075 4475 Sampson
3120 4408 3395 4463 vicesima
3444 4408 3689 4476 septima
3744 4408 3932 4464 tollit.

2340 4515 2427 4570 22.
2512 4514 2782 4583 Elogium
2834 4529 2975 4569 vero
3055 4513 3135 4570 ita
3209 4514 3634 4579 habetzOﬁro;
3698 4519 3724 4569 ὁ
3781 4518 3935 4589 ἅγιος

2268 4604 2536 4678 [Σαμψὼν]
2593 4606 2801 4676 ὑπῆρχε
2853 4603 3097 4676 Ῥωμαῖος
3145 4609 3202 4656 τὸ
3272 4610 3433 4677 γένος·
3508 4607 3563 4668 ὅς
3612 4604 3936 4682 διασκορπί-

2271 4713 2361 4753 σας
2435 4698 2518 4745 τὸν
2588 4692 2987 4763 καταλειφθέντα
3054 4693 3193 4765 αύτῷ
3260 4694 3478 4747 πλοῦτον
3527 4696 3627 4747 ὑπὸ
3684 4706 3782 4749 τῶν
3841 4718 3935 4770 70-

2266 4787 2385 4836 νέων
2461 4790 2565 4844 τοῖς
2634 4786 2821 4839 πένησι
2888 4789 2976 4834 καὶ
3042 4790 3295 4854 πτωχοῖς,
3367 4789 3460 4842 τὴν
3534 4783 3932 4857 βασιλεύουσαν

2266 4871 2513 4925 κατέλαϐε
2566 4876 2652 4922 καὶ
2710 4874 2830 4930 τοὺς
2881 4871 3185 4945 εύκτηρίους
3232 4876 3407 4935 οἴκους
3459 4880 3548 4927 καὶ
3606 4874 3935 4948 σεϐασμίους

2268 4960 2591 5028 καταλαϐὼν,
2651 4965 2740 5012 καὶ
2783 4962 3056 5023 ὁσιότητος
3102 4962 3268 5015 αὐτῶν
3302 4964 3725 5030 καταπολαύσας,
3786 4968 3932 5024 ησυ-

2268 5058 2395 5125 χίαν
2447 5051 2745 5122 λαϐομενος,
2810 5059 2925 5113 ταῖς
3001 5055 3353 5114 θεοπνεύστοις
3420 5057 3645 5127 Γραφαῖς
3722 5059 3935 5131 ἑνετρύο

2270 5162 2357 5213 φα,
2414 5146 2548 5213 μόνῳ
2616 5146 2721 5211 Θεῷ
2790 5146 3151 5213 προσανέχων.
3206 5141 3357 5194 ’⁷Οθεν
3419 5141 3719 5207 κατάδηλος
3785 5154 3936 5217 γενό-

2270 5249 2413 5303 μενος
2486 5238 2557 5299 τῷ
2634 5234 2931 5301 τιμιωτάτῳ
3006 5235 3310 5305 πατριάρχη
3384 5239 3558 5304 Μηνᾴ,
3617 5244 3934 5308 χειροτονεῖν

2273 5340 2359 5372 ται
2404 5320 2489 5372 ὑπ’
2518 5321 2679 5373 αὑτοῦ
2724 5320 3089 5393 πρεσϐύτερος,
3142 5324 3213 5383 εἷς
3258 5332 3357 5375 τῶν
3402 5332 3492 5376 τού
3546 5324 3739 5398 κλήρου
3782 5331 3935 5394 ’γενό-

2271 5416 2433 5483 μένος.
2509 5416 2608 5463 Καὶ
2666 5412 2728 5469 ἧν
2789 5416 3045 5483 σωτήριος
3116 5411 3270 5484 λιμὴν
3328 5421 3437 5476 τοῖς
3489 5419 3781 5486 πενομένοις
3836 5422 3935 5468 καὶ

2271 5500 2543 5573 χρηζουσι
2597 5498 2863 5571 βοηθείας·
2916 5506 3005 5553 καὶ
3058 5510 3153 5563 τῆς
3213 5502 3451 5575 ἰατρικῆς
3503 5502 3798 5576 ἐπιστήμης
3856 5510 3933 5557 ὧν

2270 5588 2316 5641 ἐν
2369 5596 2520 5663 πείρᾳ
2569 5591 2740 5656 αὐτὸς,
2793 5596 2881 5643 καὶ
2927 5596 3012 5644 τὸν
3063 5591 3288 5665 βασιλέα
3332 5595 3698 5648 Ἰουστινιανὸν
3728 5594 3933 5670 ἁνιάτῳ

2269 5685 2422 5737 πάθει
2476 5688 2823 5756 περιπεσόντα
2882 5680 3235 5756 ἕλευθίρωσεν.
3298 5686 3386 5740 Ἐκ
3443 5690 3627 5740 τούτου
3684 5690 3710 5741 ὀ
3753 5684 3898 5760 βασι
