4084 6216
206 302 274 356 m
1480 290 1646 347 VITA
1687 289 1746 346 S.
1790 289 2196 345 SAMPSONlS.

3409 296 3516 349 278

196 425 282 483 ὶιὺς
307 420 687 492 {Impar/acati;
728 422 818 475 τὴν
867 415 1048 489 ἀρετὴν
1087 423 1175 468 τοῦ
1215 412 1419 488 ἀνδρὸς,
1460 420 1548 467 καὶ
1600 414 1752 476 σέϐας

1865 416 1922 470 in
1949 415 2173 471 honore
2195 414 2445 479 habens,
2474 415 2803 473 maximam
2836 421 2892 471 et
2928 416 3220 473 celebrem
3260 417 3513 475 domum

192 513 307 580 αύτῷ
347 509 630 579 ἀπονέμων,
690 511 778 559 τόν
838 510 1075 577 μέγιστον
1128 504 1265 557 οἷκον
1314 510 1401 557 καὶ
1450 503 1753 577 περιϐόητον

187 598 421 653 διἀὐτοῦ
461 596 752 670 ἀνεγείρας,
805 596 987 657 ξενῶνα
1032 597 1397 658 κατεσκεύασε,
1441 599 1526 644 καὶ
1578 613 1757 646 σκευο-

185 690 364 761 eam:
414 695 510 748 τῆς
564 686 812 757 Μεγάλης
868 684 1171 744 Ἐκκλησίας
1219 686 1305 735 τὸν
1355 682 1531 753 Ἀγιον
1579 691 1756 735 τοῦτον

184 784 500 835 κατέστησεν.
558 776 728 837 Αὐτὸς
790 771 848 827 δὲ
897 774 1061 834 καλῶς
1111 778 1197 825 καὶ
1251 773 1487 844 θεοφιλῶς
1527 772 1759 825 πολιτευ-

184 873 399 940 σάμενος,
455 873 548 918 καὶ
603 865 815 925 πολλοῖς
873 863 1107 936 πρόξενος
1166 867 1425 935 σωτηρίας
1475 868 1757 934 γενόμενος,

182 964 256 1009 καὶ
306 956 525 1017 πολλοὺς
580 959 705 1029 πρὸς
773 953 927 1013 ζῆλον
1003 957 1088 1005 καὶ
1146 958 1373 1024 μίμησιν
1442 960 1533 1003 τοῦ
1605 951 1761 1003 αὐτοῦ

182 1046 468 1121 ἀκραιφνοῦς
516 1044 639 1116 βίου
694 1040 1078 1105 διαναστήσας,
1125 1045 1227 1094 ἐκεῖ
1273 1045 1361 1113 μὲν
1412 1039 1759 1105 ἀνεπαύσατο,

181 1138 403 1193 κατετέθη
439 1131 500 1187 δὲ
539 1138 596 1186 τὸ
631 1138 807 1205 τίμιόν
839 1132 994 1184 αὐτοῦ
1036 1131 1272 1200 λείψανον
1316 1129 1363 1182 ἐν
1412 1139 1483 1201 τῷ
1532 1135 1761 1202 μεγίστῳ

178 1235 266 1294 ναῷ
302 1232 391 1277 τοῦ
420 1224 575 1295 ἁγίου
607 1227 847 1283 Μωκίου,
900 1221 1013 1272 καθ’
1057 1220 1280 1278 ἑκάστην
1331 1218 1492 1293 βρύον
1553 1219 1764 1291 ἰαματο·

182 1320 294 1386 φορα
330 1316 537 1385 νάματα
566 1312 640 1372 εἰς
691 1308 852 1373 δόξαν
899 1315 987 1361 καὶ
1028 1307 1165 1361 αἶνον
1214 1316 1450 1383 Χριστοῦ
1498 1316 1589 1361 τοῦ
1630 1316 1763 1362 Θεοῦ

179 1406 203 1462 η
210 1413 323 1475 μῶν.

234 1496 315 1547 23.
358 1512 385 1543 ει
414 1490 678 1548 Sanctus
706 1488 802 1545 ille
826 1488 1168 1560 (Sampson)
1201 1503 1415 1559 genere
1446 1487 1762 1543 Romanus

180 1587 304 1638 erat.
332 1581 429 1637 Hic
457 1578 808 1635 distributis
837 1578 987 1633 inter
1025 1592 1322 1650 pauperes
1352 1575 1591 1640 divitiis,
1626 1591 1761 1648 quae

183 1671 279 1727 sibi
305 1689 337 1725 a
370 1669 728 1741 parentibus
751 1671 921 1723 erant
945 1666 1177 1732 relictae,
1206 1664 1284 1722 ad
1314 1664 1762 1737 imperatoriam

1866 504 2050 575 ipsius
2090 520 2276 559 suasu
2330 504 2689 560 aediﬁcatam
2730 506 2787 559 in
2827 504 3267 560 xenodochium
3312 509 3513 563 erexit.

1869 596 2150 650 Sanctum
2180 599 2459 665 praeterea
2488 593 2831 666 supellectili
2854 609 3032 649 sacrm
3067 594 3313 665 majoris
3332 596 3519 651 Eccle-

1867 683 1969 737 siae
1988 684 2267 755 praefecit.
2301 683 2565 739 Tandem
2586 684 3045 755 posthonestam
3071 683 3355 755 piamque
3378 699 3521 739 con-

1867 774 2619 846 versationem,postquam
2646 773 2917 844 plurimis
2930 773 3135 829 salutis
3156 780 3361 829 auctor
3384 770 3525 826 fuis-

1871 867 1977 926 set,
2033 864 2368 934 multosque
2416 864 2490 918 ad
2529 863 2717 918 zelum
2764 870 2819 917 et
2858 862 2983 919 vitae
3032 880 3153 918 suae
3204 861 3523 933 inculpataa

1872 954 2261 1009 imitationem
2320 954 2656 1020 excitasset,
2716 952 2940 1009 ibidem
2996 953 3238 1025 quievit,
3314 952 3528 1024 pretio-

1874 1058 2129 1114 sumque
2177 1043 2363 1113 ipsius
2410 1059 2621 1113 corpus
2661 1042 2988 1113 repositum
3035 1042 3211 1097 estin
3262 1040 3528 1097 maximo

1873 1132 2099 1203 templo
2121 1134 2175 1188 S.
2210 1132 2461 1196 Mocii,in
2491 1131 2618 1186 dies
2652 1130 2895 1186 salutari
2928 1130 3293 1201 scaturigine
3334 1129 3528 1185 mede-

1874 1222 1992 1278 lam
2023 1220 2249 1277 morbis
2272 1221 2631 1289 afferens,ad
2660 1220 2903 1277 laudem
2936 1226 2994 1276 et
3020 1221 3278 1291 gloriam
3308 1218 3525 1275 Christi

1876 1312 1976 1366 Dei
2014 1310 2221 1366 nostri.
2246 1330 2274 1362 »

1945 1403 2031 1455 24.
2064 1400 2244 1470 Hujus
2283 1415 2527 1472 quoque
2567 1398 2756 1455 sancti
2794 1398 2910 1455 hoc
2939 1398 3035 1454 die
3064 1412 3285 1453 nomen
3325 1396 3530 1453 inscri-

1875 1495 2043 1561 ptum
2070 1490 2359 1561 reperitur
2384 1488 2743 1545 Kalendario
2772 1486 3017 1559 Syriaco
3046 1503 3151 1543 seu
3184 1485 3528 1551 Cbaldaico,

1874 1581 2075 1635 Romae
2106 1580 2399 1651 impresso
2430 1593 2591 1635 anno
2638 1580 2790 1643 1624,
2823 1577 2987 1650 quod
3026 1575 3167 1632 olim
3201 1590 3362 1631 anno
3392 1576 3530 1631 1662

1873 1670 2073 1725 Latine
2113 1668 2369 1724 reddidit
2410 1671 2471 1723 Ι).
2518 1668 2829 1739 Josephus,
2869 1666 3067 1722 Italice
3106 1681 3247 1721 vero
3307 1665 3530 1737 Symon

185 1761 446 1816 civitatem
462 1758 655 1821 venit,
680 1756 943 1829 atquein
966 1755 1223 1811 oratoria
1254 1758 1310 1810 et
1334 1753 1613 1811 basilicas
1628 1769 1761 1809 sese
1795 1775 1838 1829 Β
1873 1761 2116 1830 Moyses,
2146 1757 2327 1813 arnbo
2350 1758 2582 1827 collegii
2608 1755 3028 1813 Maronitarum
3060 1754 3308 1810 alumni.
3347 1753 3530 1824 Hujus

190 1848 569 1920 recipiens,pie
586 1847 864 1902 locorum
883 1845 1114 1901 illorum
1131 1842 1441 1899 sanctitate
1454 1841 1763 1898 fruebatur

197 1938 568 2010 privatamque
586 1941 771 2007 atque
795 1934 1108 1989 obscuram
1136 1933 1364 1988 ducens
1386 1933 1592 1996 vitam,
1612 1929 1762 1985 divi-

195 2042 368 2081 narum
381 2027 831 2097 Scripturarum
847 2023 1095 2079 lectione
1109 2023 1380 2078 animum
1396 2019 1756 2084 oblectabat,

189 2115 273 2170 soli
292 2117 396 2170 Deo
417 2115 690 2170 intentus
713 2130 726 2167 :
749 2113 905 2168 unde
921 2112 1197 2181 cognitus
1225 2128 1261 2167 a
1282 2108 1636 2179 dignissimo
1659 2124 1761 2180 pa-

182 2205 589 2261 triarcballena
606 2202 688 2259 ab
705 2201 913 2258 eodem
933 2201 1210 2257 sacerdos
1227 2198 1758 2262 ordinatur,factus

181 2309 311 2369 unus
337 2309 404 2349 ex
423 2293 757 2349 clero.Erat
780 2307 917 2346 vero
935 2296 1143 2362 portus
1174 2288 1451 2344 salutaris
1481 2287 1759 2358 pauperi-

177 2382 270 2437 bus
297 2388 470 2454 atque
496 2398 617 2453 ope
648 2380 1074 2451 indigentibus.
1109 2378 1377 2450 Cumque
1399 2377 1482 2432 rei
1514 2375 1757 2431 medicae

175 2477 309 2526 esset
332 2471 789 2543 peritus,ipsum
817 2471 991 2525 etiam
1024 2469 1445 2541 imperatorem
1477 2465 1756 2520 Justinia-

175 2576 286 2615 num
297 2560 706 2617 immedicabili
723 2560 923 2615 morbo
934 2559 1297 2614 laborantem
1312 2553 1755 2612 liberavit.lnde

174 2650 471 2722 imperator
482 2650 823 2707 admiratus
834 2648 945 2705 viri
958 2647 1521 2717 virtutem,eumque
1538 2658 1753 2713 magno

1872 1854 2158 1922 praeterea
2211 1848 2478 1902 meminit
2526 1846 3012 1918 Martyrologium
3071 1843 3529 1914 Arabico-Egy-

1874 1940 2083 2010 ptium,
2116 1937 2275 2009 quod
2303 1954 2374 1992 ex
2403 1936 2652 1991 Arabico
2667 1934 2963 1989 transtulit
2993 1932 3193 1989 Gratia
3227 1931 3527 1988 Simonius

1874 2027 2181 2092 Maronita,
2214 2027 2599 2099 postmodum
2624 2024 3023 2096 Tripolitanus
3055 2022 3115 2076 in
3148 2022 3311 2093 Syria
3335 2019 3531 2075 archi-

1869 2117 2213 2189 episcopus.
2245 2120 2305 2170 In
2333 2117 2446 2171 hoc
2478 2113 2890 2186 Martyrologio
2930 2116 3278 2182 sequentem
3318 2108 3531 2165 oratio-

1869 2222 2006 2261 nem
2022 2200 2210 2261 habet
2236 2221 2371 2260 cum
2401 2207 2455 2261 S.
2489 2206 2715 2259 Joanne
2741 2199 3230 2272 Eleemosynario
3255 2213 3527 2253 commu-

1866 2311 2035 2353 nem:
2069 2317 2097 2345 ‹‹
2152 2294 2467 2349 Possedisti
2520 2292 2746 2357 omnia,
2778 2307 2814 2346 o
2873 2292 3039 2345 Pater
3102 2293 3307 2344 sancte
3366 2287 3531 2343 Sam-

1866 2403 2042 2459 pson,
2092 2386 2333 2441 dum'iu
2380 2381 2662 2439 omnibus
2714 2380 2873 2435 fuisti
2935 2393 3171 2450 semper
3224 2374 3525 2440 assiduus,

1866 2477 2063 2533 ditans
2080 2489 2393 2547 pauperes,
2422 2473 2707 2543 ipsosque
2742 2469 2924 2533 alens,
2953 2473 3006 2523 et
3031 2466 3526 2535 sublevans;pre-

1864 2582 1999 2623 care
2038 2565 2337 2621 Christum
2368 2563 2576 2625 Deum,
2611 2563 2673 2614 ut
2701 2558 2909 2613 liberet
2946 2555 3182 2611 animas
3218 2557 3471 2609 nostras.
3498 2574 3519 2600 ι

187 2803 3510 2846 —_______________________________

954 2957 1186 3048 ΤΟΥ
1245 2959 1390 3045 ΕΝ
1450 2953 1831 3043 ΑΓΙΟΙΣ
1894 2947 2333 3037 ΠΑΤΡΟΣ
2394 2941 2721 3032 ΗΜΩΝ

1348 3161 2347 3347 ΣΑΜΣΩΝ

1078 3477 1437 3597 ΒΙΟΣ
1507 3473 1775 3593 ΚΑΙ
1836 3466 2606 3591 ΠΟΛΙΤΕΙΑ

686 3885 859 4057 S.
1004 3886 1184 4052 P.
1327 3882 1543 4056 N.
1693 3741 2977 4045 S—AMPSONIS

961 4178 1297 4298 VITA
1386 4177 1567 4296 ET
1656 4165 2674 4296 CONVERSATIO

1649 4616 2043 4675 PROLOGUS.

220 4800 286 4853 A'.
345 4803 480 4856 Αλλὰ
538 4806 642 4875 μὴν
694 4803 917 4876 χάριτος
971 4802 1122 4872 ξογον
1163 4803 1252 4850 καὶ
1308 4799 1595 4871 θεραπείας,
1644 4805 1731 4857 τῆς
1771 4805 1809 4858 C

160 4893 264 4959 πρός
310 4898 391 4943 τόν
446 4897 613 4964 μέγαν
662 4889 885 4962 Σαμψὼν
936 4888 1321 4959 ἐκπληροῦντες,
1372 4888 1483 4959 ἅμα
1523 4883 1581 4938 δὲ
1642 4891 1731 4938 καὶ

164 4977 329 5048 μειψιν
372 4986 463 5039 τήν
514 4979 570 5043 ἐξ
616 4980 895 5054 ἀνθρώπων
956 4977 1287 5039 ἐκκλίνοντες,
1352 4977 1418 5036 εἰς
1463 4979 1548 5027 τὸν
1598 4995 1733 5048 παρ-

164 5082 264 5117 όντα
307 5069 451 5139 λόγον
520 5071 821 5140 καθήκαμεν
890 5068 1125 5130 ἑαυτοὺς,
1202 5072 1291 5117 καὶ
1372 5070 1454 5117 τὸν
1540 5065 1730 5116 ἐκείνου

169 5157 490 5221 συντάξασθαι
552 5158 669 5230 βίον
731 5158 1060 5228 εὐγνωμόνως
1107 5158 1420 5227 ὑπέστημεν.
1477 5160 1573 5207 Καὶ
1628 5162 1731 5213 πῶς

165 5245 246 5314 γὰρ
276 5247 327 5297 οὐ
366 5249 565 5321 μέμψις
610 5248 819 5319 εὐλογος
863 5250 953 5298 καὶ
998 5242 1201 5308 δικαία,
1240 5245 1282 5297 εἰ
1324 5245 1518 5297 πολλῶν
1548 5243 1730 5315 ἐτέρων

166 5330 323 5402 ἁγίων,
364 5346 463 5389 τῶν
650 5339 944 5410 μαρτύρων,
992 5344 1091 5386 τῶν
1141 5331 1199 5387 δὲ
1238 5339 1327 5385 καὶ
1369 5334 1532 5394 ἄλλως
1561 5332 1733 5405 εὐαρε-

170 5430 405 5477 mme
438 5435 576 5497 Θεῷ,
637 5435 735 5478 τῶν
779 5429 869 5498 μὲν
918 5424 1101 5484 ἄθλους
1136 5429 1223 5475 καὶ
1267 5428 1471 5485 πόνους,
1519 5431 1615 5472 τὼν
1676 5418 1731 5473 δὲ

168 5515 242 5561 καὶ
290 5511 427 5583 βίους
478 5520 568 5567 καὶ
620 5516 833 5589 πράξεις
884 5517 1015 5566 κατὰ
1056 5510 1294 5571 σπουδὴν
1338 5511 1728 5582 συνταξάμενοι,

171 5602 326 5653 τούτου
376 5600 443 5662 δὴ
501 5612 591 5657 τοῦ
638 5605 863 5678 μεγάλου
905 5602 1127 5675 Σαμψὼν
1177 5603 1480 5674 φαινοίμεθα
1529 5599 1731 5652 κατολι-

1912 4798 1951 4850 l.
1988 4794 2205 4850 Partim
2225 4794 2463 4866 quidem
2485 4809 2706 4866 magno
2730 4795 3049 4867 Sampsoni
3078 4794 3508 4866 gratitudinem

1840 4890 1896 4940 et
1927 4883 2148 4940 cultum
2187 4883 2450 4939 debitum
2499 4882 2869 4949 exhibentes,
2906 4884 3123 4955 partim
3165 4889 3363 4941 autem
3402 4883 3508 4939 ho-

1844 4974 2075 5029 minum
2103 4974 2333 5045 justam
2378 4974 2625 5028 vitantes
2652 4973 3198 5045 reprehensionem,
3242 4972 3316 5029 ad
3349 4974 3505 5028 hanc

1841 5063 2205 5120 accessimus
2244 5061 2600 5128 orationem,
2643 5068 2699 5117 et
2753 5062 2909 5117 illius
2968 5062 3302 5117 scribendae
3361 5060 3503 5115 Vitae

1840 5168 1992 5207 onus
2044 5152 2286 5207 libenter
2345 5151 2741 5223 suscepimus.
2810 5152 3125 5217 Quomodo
3179 5151 3339 5204 enim
3386 5165 3504 5205 non

1841 5243 2068 5313 optimo
2117 5242 2249 5313 jure
2302 5241 2893 5311 reprehenderemur,
2925 5239 2992 5305 si,
3036 5239 3139 5311 qui
3174 5237 3498 5294 multorum

1842 5330 2095 5386 aliorum
2119 5335 2487 5392 sanctorum,
2522 5334 2647 5383 tum
2677 5335 3030 5400 martyrum,
3060 5331 3184 5382 tum
3204 5326 3370 5382 aliter
3384 5330 3500 5383 Deo

1840 5420 2213 5493 placitorum,
2243 5417 2479 5473 illorum
2512 5417 2757 5489 quidem
2792 5417 3028 5472 labores
3057 5423 3114 5471 et
3145 5417 3491 5483 certamina,

1841 5511 2051 5566 borum
2112 5524 2253 5564 vero
2308 5508 2490 5563 vitam
2542 5513 2597 5562 et
2628 5523 2722 5561 res
2763 5511 2960 5577 gestas
3005 5505 3317 5576 diligenter
3362 5523 3502 5562 con-

1845 5598 2206 5669 scripsimus,
2247 5597 2409 5653 hunc
2441 5612 2729 5668 magnum
2755 5598 3145 5669 Sampsonem
3183 5596 3498 5653 videamur
