4084 6216
512 327 616 383 279
1902 328 2051 386 ΜΕΝ
2059 328 2123 384 SI

2264 327 2469 386 lNIUS.
3765 323 3877 379 280

512 454 913 521 contemnere,
946 451 1270 522 praesertim
1325 468 1463 509 cum
1503 453 1553 509 is
1600 455 1752 512 adeo
1806 454 1978 511 nobis
2028 470 2125 526 prc

2276 464 2571 530 γωροῦντες,
2630 463 2719 511 καὶ
2772 457 3003 529 μάλιστα
3083 453 3243 514 οὕτως
3300 450 3567 523 ἐγγυτάτω
3637 453 3871 522 κειμένου

512 540 797 613 pinquus,
851 546 906 594 et
970 539 1263 609 sepulcro,
1337 542 1435 596 ubi
1506 543 1806 600 mirabilia
1863 551 2125 616 operatm

2278 552 2366 597 xui.
2410 549 2529 599 ὅσον
2579 546 2679 600 ἀπό
2729 554 2819 599 τοῦ
2858 541 3285 618 παραδοξοποιοῦ
3321 543 3483 613 τάφου
3523 547 3871 611 γειτονοῦντος

512 628 944 704 propemodum
976 629 1201 683 vicinus
1237 630 1351 685 sit?
1399 631 1562 687 Adde
1604 634 1763 706 quod
1812 633 2044 689 nullum
2097 650 2125 689 e

2280 636 2402 707 ἡμῖν
2436 653 2449 703 ;
2484 643 2571 688 καὶ
2615 645 2795 701 ταῦτα,
2856 632 3058 708 μηδένα
3112 642 3210 685 τῶν
3268 634 3367 703 πρὸ
3434 633 3578 701 ήμῶν
3638 629 3867 702 εύρόντις

514 720 605 784 iis,
634 718 737 789 qui
764 733 876 772 nos
903 725 1349 788 praecesserunt,
1377 722 1798 789 invenerimus,
1842 723 1943 796 qui
1998 722 2126 778 fuer

2278 733 2372 785 τῆς
2425 726 2585 787 αὐτῆς
2637 729 2763 798 ἡμῖν
2804 732 3069 797 γενόμενον
3116 720 3368 783 διανοίας,
3423 725 3511 772 καὶ
3555 722 3641 770 τὸν
3682 720 3868 769 ἐκείνου

514 808 804 878 ejusdem,
839 808 1011 877 cujus
1042 823 1144 861 nos
1167 808 1376 871 animi,
1406 818 1460 865 et
1496 810 1683 866 Vitam
1733 812 1890 867 illius
1937 811 2127 885 scripti

2281 812 2396 885 βίον
2453 815 2886 889 συγγραψάμενον
2939 814 3240 886 φιλοπόνως.
3304 814 3403 863 Καί
3462 828 3524 880 με
3580 808 3638 859 ού
3695 806 3873 863 λέληθε

516 900 721 953 exacte
754 897 1151 953 mandaverit.
1184 897 1310 953 Non
1337 898 1581 970 quidem
1610 917 1702 955 me
1746 900 1903 967 latet,
1958 918 1993 958 a
2045 902 2129 955 vir

2279 906 2335 954 τό
2393 912 2482 956 τοῦ
2536 904 2798 977 θεοφιλοῦς
2853 900 3043 977 ἀνδρὸς
3095 906 3185 953 καὶ
3232 898 3539 974 ἀρχιερέως,
3596 895 3723 948 ἀλλά
3787 900 3878 946 καὶ

515 985 615 1057 pio
641 990 697 1040 et
743 984 1040 1056 pontiﬁce,
1090 992 1146 1041 et
1191 1001 1313 1042 non
1366 1003 1579 1059 parum
1652 991 1905 1056 erudito,
1966 1006 2128 1059 mag:

2279 987 2525 1054 παιδείας
2576 993 2633 1045 ού
2679 992 2906 1068 [μικρὸν]
2959 995 3186 1063 ἔχοντος,
3240 989 3311 1050 εἰς
3355 991 3442 1040 τόν
3488 989 3658 1057 Μέγαν
3704 1003 3878 1037 συντε-

516 1073 866 1145 Sampsonis
923 1075 1323 1147 compositum
1390 1075 1578 1133 fuisse
1635 1080 1998 1135 encomium.
2047 1078 2129 1147 Eg

2284 1081 2363 1132 θεν
2411 1080 2664 1153 ἐγκώμιον
2698 1101 2708 1112 ·
2746 1081 2844 1153 ἐγὼ
2895 1078 2953 1134 δε
3004 1078 3120 1154 βίον
3171 1078 3322 1149 λέγω,
3370 1078 3507 1128 κατὰ
3554 1078 3704 1148 μέρος
3755 1092 3880 1125 συν-

517 1168 718 1220 autem
749 1163 822 1218 de
849 1161 978 1219 Vita
1013 1163 1230 1236 loquor
1258 1164 1533 1221 distincte
1564 1168 1917 1239 composita,
1949 1184 2086 1241 quin
2116 1184 2130 1222 ι

2281 1175 2602 1241 τεταγμένον,
2674 1176 2761 1223 καὶ
2844 1174 2909 1223 τά
2990 1168 3181 1222 ἐκείνου
3247 1163 3669 1238 διαλαμϐάνοντα
3747 1164 3880 1235 πρὸς

516 1268 610 1308 res
634 1251 713 1308 ab
742 1251 843 1307 illo
883 1252 1161 1325 prmclare
1186 1259 1384 1322 gestas
1417 1261 1693 1312 accurate
1718 1262 1943 1326 tractet,
1974 1262 2031 1313 et
2062 1274 2129 1313 m1

2283 1256 2569 1330 ἀκρίϐειαν,
2619 1264 2749 1335 πρὸς
2803 1258 2860 1314 δε
2918 1265 3005 1312 καὶ
3053 1263 3149 1311 τὼν
3191 1259 3496 1329 θαυμασίων
3534 1257 3743 1325 μνήμην
3786 1250 3882 1322 ἁρ-

517 1341 854 1399 raculorum
907 1342 1037 1412 ejus
1103 1343 1466 1399 mentionem
1524 1344 1702 1402 faciat
1755 1345 2130 1403 sufﬁcientem

2282 1352 2500 1409 κούντως
2542 1354 2862 1422 ποιούμενον.
2922 1357 3086 1403 Τοῦτο
3142 1350 3243 1419 γὰρ
3299 1347 3409 1399 οὗθ’
3466 1344 3669 1418 ἐτέρους
3728 1344 3881 1411 ἔγνω·

521 1432 641 1486 Hoc
694 1430 852 1486 enim
903 1429 1009 1503 qui
1067 1432 1461 1503 praestiterint,
1494 1433 1555 1489 in
1593 1434 1950 1491 hodiernum
1980 1451 2134 1507 usqu

2283 1458 2371 1510 μεν
2412 1441 2546 1513 ἄχρι
2575 1445 2660 1491 καὶ
2698 1448 2784 1491 νῦν
2818 1436 3134 1512 δράσαντας,
3186 1436 3295 1488 οὔθ’
3345 1438 3493 1507 ἡμεῖς
3532 1440 3755 1490 ποιῆσαι
3785 1425 3884 1481 δυ-

519 1520 699 1587 diem,
726 1535 920 1591 neque
949 1520 1096 1577 alios
1144 1521 1445 1588 novimus,
1499 1539 1694 1596 neque
1751 1541 1862 1581 nos
1888 1530 2132 1597 praestat

2283 1533 2427 1580 νατοὶ
2470 1532 2797 1600 τυγχάνομεν
2837 1532 2988 1598 ὄντες,
3023 1525 3268 1598 πάμπολυ
3319 1532 3429 1585 τοῖς
3482 1527 3696 1595 χρόνοις
3745 1518 3882 1571 ἀπο-

521 1624 868 1683 possumus,
897 1610 1001 1681 qui
1032 1610 1110 1666 ab
1140 1609 1253 1665 illis
1281 1611 1650 1683 temporibus
1674 1629 1885 1669 sumus
1913 1614 2134 1670 multur

2283 1615 2572 1689 λειπόμενοι
2602 1638 2613 1649 ·
2648 1624 2737 1670 καὶ
2769 1615 3170 1690 ἀκριϐωσασθαι
3200 1616 3265 1666 τά
3310 1632 3371 1685 γε
3399 1619 3491 1665 τοῦ
3537 1610 3659 1683 βίου
3707 1608 3882 1667 καλῶς

522 1700 770 1762 remoti;
807 1714 999 1771 neque
1021 1715 1343 1770 possumus
1373 1702 1502 1770 ejus
1533 1701 1713 1758 vitam
1745 1702 2000 1774 perfecte
2039 1720 2135 1776 prc

2286 1710 2356 1778 μὴ
2413 1703 2711 1778 δυνάμενοι,
2758 1706 2889 1766 πλὴν
2937 1708 3058 1758 ὅσον
3112 1703 3497 1776 ἐπιμελέστερον
3551 1700 3685 1752 αύτὰ
3746 1694 3885 1750 διελ-

524 1788 714 1861 sequi,
748 1788 852 1843 sed
883 1788 1075 1844 solum
1106 1805 1239 1845 eam
1270 1791 1482 1847 referre
1520 1792 1697 1863 paulo
1728 1792 2090 1865 diligentius,
2121 1811 2137 1851 ε

2289 1796 2412 1861 θεῖν,
2445 1801 2533 1847 καὶ
2564 1795 2713 1867 ὀλίγα
2760 1805 2857 1847 τῶν
2900 1797 3176 1866 θαυμάτων
3222 1792 3287 1853 εἰς
3337 1788 3493 1854 δόξαν
3546 1796 3678 1842 Θεοῦ
3708 1806 3884 1859 παρα-

521 1894 717 1951 pauca
746 1893 819 1933 ex
849 1879 977 1947 ejus
1010 1878 1304 1934 miraculis
1335 1879 1475 1935 viris
1507 1883 1616 1952 piis
1647 1883 1721 1938 ad
1771 1883 1871 1938 Dei
1922 1883 2134 1950 gloria:

2290 1886 2472 1937 θέσθαι
2503 1894 2604 1945 τοῖς
2635 1886 2883 1957 φιλοθέοις
2915 1901 2926 1912 ·
3033 1887 3133 1955 γὰρ
3180 1881 3481 1953 ἐνετύχομεν
3530 1878 3585 1930 ἐκ
3635 1884 3724 1929 τοῦ
3762 1874 3890 1931 κλή-

523 1983 847 2039 exponere.
886 1968 1023 2039 Ejus
1065 1969 1225 2024 enim
1261 1986 1511 2040 parvum
1540 1973 1672 2027 Vitaa
1702 1973 2081 2044 opusculum,
2116 1976 2132 2030 i

2287 1993 2380 2048 ρον
2411 1972 2651 2034 λαϐόντες
2680 1982 2849 2047 μικρῷ
2906 1975 3232 2043 συντάγματι
3281 1975 3422 2035 Βίου,
3459 1976 3611 2020 τοῦτο
3651 1962 3718 2023 δή
3772 1965 3890 2015 οὔτε

524 2057 705 2130 quod,
740 2072 775 2112 a
812 2055 969 2112 clero
1000 2065 1332 2130 acceptum,
1378 2060 1717 2125 incidimus,
1770 2062 1964 2119 visum
2009 2064 2137 2120 nobi

2288 2063 2530 2138 ῥᾳθύμως
2560 2070 2712 2135 μόνον
2765 2061 2911 2125 ἔδοξε
2962 2061 3330 2131 συντετάχθαι,
3364 2057 3493 2109 ἀλλὰ
3520 2060 3609 2108 καὶ
3647 2049 3892 2138 παιδείας

524 2152 612 2203 est
638 2162 761 2202 non
782 2146 976 2202 solum
1002 2147 1364 2217 negligenter
1402 2152 1829 2221 compositum,
1857 2155 1963 2207 sed
1984 2154 2137 2225 ipsut

2289 2136 2375 2204 τόν
2411 2155 2710 2223 συνθέμενον
2765 2149 2951 2211 ἐνδεῶς
2998 2153 3190 2221 ἔχοντα
3240 2153 3513 2221 μαρτυρεῖ,
3574 2143 3762 2216 μᾶλλον
3817 2136 3888 2198 δή

526 2237 705 2294 etiam
740 2240 1004 2301 testatur,
1029 2252 1190 2304 eum,
1218 2239 1323 2311 qui
1363 2239 1421 2295 id
1469 2244 1821 2311 composuit,
1874 2243 2021 2299 nihil
2078 2245 2139 2300 ιιε

2290 2250 2457 2293 ταῦτα
2510 2247 2624 2315 περὶ
2672 2242 2739 2292 ὧν
2788 2244 3069 2297 πεποίηται
3122 2244 3215 2296 τήν
3274 2237 3547 2308 ἐξήγησιν,
3592 2237 3650 2285 οῦ
3802 2227 3893 2283 οὖν

525 2327 727 2384 buisse
778 2326 1163 2399 eruditionis;
1196 2328 1319 2383 imo
1368 2344 1515 2386 vero
1564 2346 1673 2386 nec
1735 2348 1805 2388 ea
1863 2332 2018 2405 ipsa,
2048 2350 2138 2406 qui

2292 2329 2493 2390 ἐντελῶς
2551 2332 2768 2401 ἔχουσιν
2827 2326 2943 2381 οὐδ’
2995 2326 3379 2402 ήκριϐωμένως,
3429 2323 3599 2393 πολλῷ
3654 2318 3712 2374 δὲ
3764 2319 3896 2393 μάλ-

526 2421 750 2483 narrat,
784 2416 928 2472 satis
979 2416 1228 2488 perfecte
1283 2423 1339 2473 et
1398 2418 1671 2476 absolute
1733 2423 2065 2488 traduntur,
2125 2439 2139 2478 ι

2290 2420 2374 2472 λον
2424 2418 2688 2493 ἀκριϐείας
2739 2417 3184 2490 ἀπολιμπάνονται
3216 2434 3228 2447 ·
3262 2418 3392 2489 πρὸς
3442 2410 3501 2467 δε
3550 2417 3641 2465 καὶ
3770 2429 3894 2462 συν·-

525 2507 701 2577 longe
726 2507 949 2562 absunt
989 2522 1025 2564 a
1068 2522 1307 2563 summa
1360 2508 1736 2580 perfectione.
1792 2510 1945 2578 Quin
1998 2511 2138 2567 etiat

2291 2511 2519 2580 τάγματι
2574 2507 2721 2560 πάλιν
2777 2507 3091 2580 ὡμιληκότες
3151 2505 3321 2577 ἐσμεν,
3377 2502 3753 2577 παραπλησίως
3809 2500 3898 2551 εύ-

527 2596 668 2653 illud
701 2612 875 2668 opus,
900 2612 1023 2668 quo
1076 2596 1180 2652 diu
1226 2597 1315 2653 usi
1373 2614 1607 2664 sumus,
1673 2601 2072 2672 comperimus
2121 2620 2140 2655 ε

2291 2617 2443 2671 ρομεν
2475 2600 2596 2669 ἔχον
2642 2602 2732 2650 καὶ
2774 2606 2886 2660 τῆς,
2929 2598 2996 2658 ὥς
3038 2614 3188 2668 φασι,
3241 2597 3512 2666 κεραμείας
3550 2592 3894 2661 πεποιημένον

525 2685 746 2745 habere
770 2685 1057 2751 similiter,
1090 2690 1146 2742 et
1182 2703 1251 2742 ex
1309 2688 1519 2744 eadem
1571 2690 1663 2760 (ut
1712 2691 1902 2762 aiunt)
1955 2690 2138 2747 factu:

2292 2686 2545 2759 ἐγκώμιον
2590 2690 2678 2759 μεν
2731 2683 2857 2739 εἶναι
2906 2694 2995 2738 τοῦ
3051 2688 3189 2738 θείου
3235 2683 3459 2755 Σαμψὼν
3511 2680 3897 2753 ἐπιγεγραμμέ-

526 2792 656 2834 esse
680 2775 916 2843 fidelia;
945 2774 1124 2846 idque
1150 2775 1496 2849 inscriptum
1536 2778 1780 2851 quidem
1810 2796 1939 2836 esse
1999 2783 2139 2837 Encc

2291 2796 2372 2828 νον
2422 2782 2509 2829 καὶ
2558 2781 2773 2851 μερικὴν
2821 2778 2944 2848 ἕχον
2993 2778 3109 2827 τινὰ
3162 2770 3416 2844 διήγησιν
3457 2780 3557 2823 τῶν
3602 2769 3775 2839 ἐκείνῳ
3806 2765 3892 2839 βε-

528 2865 716 2922 mium
756 2864 940 2919 divini
996 2865 1358 2934 Sampsonis,
1415 2873 1472 2921 et
1537 2866 1758 2923 habere
1818 2869 2141 2940 singulare:

2294 2866 2574 2938 ϐιωμένων,
2634 2867 2767 2918 πάνυ
2828 2863 2887 2917 δὲ
2945 2860 3203 2933 φειδωλῶς
3256 2867 3343 2914 καὶ
3418 2858 3739 2934 μικρολόγως
3792 2865 3894 2908 τῶν

525 2953 859 3027 quamdam
891 2952 1291 3008 narrationem
1325 2970 1554 3020 eorum,
1590 2972 1724 3026 quae
1752 2958 1829 3011 ab
1856 2957 1952 3012 illo
1978 2959 2036 3012 in
2065 2959 2138 3013 vil

2293 2957 2452 3008 αύτοῦ
2515 2958 2790 3028 θαυμάτων
2846 2953 3108 3025 ἀπογεύων
3161 2956 3277 3013 τούς
3329 2949 3656 3023 φιλοκάλους.
3710 2946 3775 2999 ⁸0
3834 2943 3895 2998 δε

526 3047 693 3116 gesta
721 3044 892 3096 sunt:
924 3040 1027 3094 sed
1060 3056 1233 3110 parce
1260 3042 1610 3108 admodum,
1644 3050 1698 3099 et
1757 3047 2004 3101 tenuiter
2045 3049 2139 3101 viri

2292 3045 2439 3097 πλέον
2484 3044 2595 3097 ἐστὶ
2628 3048 2850 3110 πάντων,
2902 3047 2958 3096 τό
3006 3045 3259 3116 ταράττον
3309 3043 3465 3112 ἡμὰς,
3498 3040 3577 3091 ὅτι
3622 3041 3711 3089 xui.
3742 3036 3897 3087 αὐτοὶ

526 3130 704 3187 bonis
731 3129 1005 3201 praebens
1030 3134 1278 3200 gustum
1318 3130 1448 3202 ejus
1507 3133 1955 3190 miraculorum.
2013 3137 2139 3200 Quo

2294 3136 2414 3186 ὅσον
2445 3133 2546 3186 ἀπὸ
2595 3142 2691 3196 τῆς
2734 3142 2833 3185 τῶν
2872 3136 3244 3205 πεπραγμένων
3291 3129 3587 3199 ἐξηγήσεως
3616 3122 3765 3195 (οὐδε
3789 3126 3895 3197 γὰρ

526 3224 726 3277 autem
761 3234 867 3274 nos
905 3217 1179 3274 omnium
1209 3219 1461 3275 maxime
1490 3221 1826 3288 conturbat,
1864 3228 1972 3287 est.
2018 3241 2139 3297 quo

2294 3229 2458 3296 παρόν
2516 3225 2750 3295 ἄλλοθεν)
2807 3223 3102 3275 ἀκολουθεῖν
3173 3222 3348 3282 αὐτοῖς
3402 3218 3661 3290 μέλλομεν.
3715 3218 3894 3285 Ταύτῃ

527 3310 638 3382 ipsi
697 3308 930 3364 illorum
1018 3308 1413 3364 narrationem
1459 3311 1676 3382 (neque
1731 3312 1887 3368 enim
1942 3314 2140 3369 aliund

2294 3334 2376 3367 τοι
2405 3320 2492 3366 καὶ
2535 3320 2850 3385 συγγνώμην
2896 3312 2996 3364 ἀπό
3045 3320 3145 3364 τῶν
3200 3310 3620 3380 ἐντυγχανόντων
3662 3313 3769 3365 τοῖς
3810 3322 3901 3355 πε-

528 3398 867 3472 quidquam
926 3396 1251 3468 habemus)
1307 3400 1471 3471 sequi
1528 3399 1878 3457 debeamus.
1956 3406 2035 3459 Ea
2107 3404 2141 3458 d

2294 3408 2596 3476 πονημένοις
2644 3405 2768 3474 ἡμῖν
2822 3402 3086 3473 αἰτοῦμεν,
3140 3403 3277 3452 ὥστε
3323 3403 3395 3471 μή
3454 3396 3709 3469 ἀμέλειαν,
3760 3388 3898 3457 μηδ’

526 3502 711 3543 causa
732 3487 988 3558 petimus
1018 3485 1191 3540 nobis
1221 3486 1353 3542 dari
1384 3489 1623 3544 veniam
1650 3489 1727 3545 ab
1750 3490 1819 3545 iis
1855 3492 1957 3563 qui
1984 3492 2139 3563 lege:

2295 3492 2570 3563 ὀλιγωρίαν
2625 3499 2715 3551 τῆς
2774 3490 3129 3543 ἀϐασανίστου
3188 3491 3382 3549 ταύτης
3431 3483 3898 3556 καταψηφίζεσθαι

527 3593 599 3633 ea
617 3592 753 3649 quas
786 3580 944 3641 sunt,
975 3591 1011 3631 a
1038 3576 1203 3631 nobis
1235 3576 1563 3641 elaborata,
1594 3585 1654 3634 ut
1704 3596 1814 3635 nos
1857 3597 1975 3636 non
2038 3598 2140 3638 con

2295 3579 2591 3652 διηγήσεως
2626 3598 2637 3608 '
2687 3577 2809 3633 ούδέ
2860 3584 2959 3653 γὰρ
3018 3582 3285 3651 ἡμέτερον,
3343 3580 3517 3649 ὥσπερ
3570 3577 3779 3645 ἔφημεν,
3834 3574 3895 3623 τὸ

525 3666 812 3723 demnent
837 3665 1230 3735 negligentiae,
1264 3682 1458 3738 neque
1496 3667 1650 3723 hanc
1680 3669 1922 3725 minime
1956 3686 2129 3726 exam

2292 3676 2619 3743 προκείμενον
2670 3672 2839 3742 ἔργον,
2905 3668 3010 3720 ἀλλ’
3082 3669 3240 3739 ἰχνῶν
3317 3666 3496 3736 ἐτέρων
3572 3660 3897 3734 παρακολούο

526 3760 727 3812 natam
758 3755 1023 3826 rejiciant
1046 3755 1467 3812 narrationem.
1494 3758 1695 3831 Neque
1721 3759 1875 3813 enim
1912 3767 2139 3815 nostrut

2296 3763 2456 3833 θημα.
2484 3759 2769 3833 Τοιγαροῦν
2819 3756 3085 3810 κάνταῦθα
3130 3762 3185 3809 τό
3220 3752 3545 3828 Ἠροδότειον
3573 3756 3733 3805 ἐκεῖνο
3758 3751 3896 3823 λέγε-

529 3850 619 3905 est
647 3846 761 3903 hoc
791 3863 955 3917 opus,
985 3851 1045 3901 ut
1084 3846 1247 3917 prius
1295 3846 1577 3913 diximus,
1625 3849 1728 3905 sed
1781 3850 2017 3906 illorum
2075 3867 2142 3923 pe

2295 3853 2419 3904 σθαι
2456 3855 2636 3924 χώραν
2685 3848 2804 3911 ἕξει,
2834 3848 3084 3901 Ἰστιαίου
3129 3852 3186 3899 τό
3238 3841 3492 3917 ὑπόδημα
3521 3842 3709 3915 μᾶλλον
3741 3839 3890 3901 εἶναι,

528 3940 664 4008 tius,
696 3956 852 4014 quos
884 3955 1097 3995 sumus
1129 3938 1332 3993 secuti.
1369 3937 1517 3993 Illud
1548 3938 1749 4009 itaque
1781 3940 2057 3995 Herodoti
2088 3940 2141 3995 hi

2293 3940 2337 3993 εἰ
2357 3944 2445 3991 καὶ
2478 3940 2861 4011 Ἀρισταγόρας
2888 3936 3014 3989 αύτό
3042 3932 3353 3989 ἐπεδύσατο.
3388 3932 3543 4005 Ἐχει
3567 3936 3741 4005 μέντοι
3770 3925 3897 3983 τόδε

529 4030 745 4103 poterit
766 4030 1084 4086 commode
1113 4026 1263 4082 dici:
1297 4042 1427 4082 esse
1459 4029 1656 4099 potius
1697 4028 1866 4084 Istiaei
1896 4029 2179 4093 calceum,
2292 4030 2471 4089 οὕτως.

530 4121 761 4177 etiamsi
793 4120 993 4193 ipsum
1020 4116 1282 4175 induerit
1297 4118 1691 4190 Aristagoras.

2062 4244 2295 4301 CAPUT
2323 4247 2366 4300 Ι.

706 4368 1040 4440 Sampsom's
1076 4386 1276 4443 genus,
1303 4371 1525 4441 patria,
1557 4369 1836 4434 studium,
1862 4370 2195 4440 benignitas
2225 4370 2291 4426 in
2311 4384 2597 4439 pauperes
2628 4374 2683 4426 et
2704 4373 2984 4440 aegrotos;
3014 4382 3158 4439 erga
3188 4369 3608 4437 imperatorem

1903 4458 2264 4529 beneﬁcium.
2318 4459 2531 4516 obitus.

602 4590 663 4644 11.
699 4588 799 4644 Hic
851 4602 994 4657 ergo
1036 4602 1314 4659 magnus,
1365 4590 1424 4642 et
1468 4586 1636 4657 cujus
1684 4601 1922 4641 omnem
1976 4584 2215 4641 orbemi

2366 4584 2435 4637 B’.
2484 4582 2542 4635 Ὀ
2586 4587 2743 4654 μέγας
2783 4582 2933 4645 οὗτος
2977 4588 3065 4635 καὶ
3111 4578 3205 4634 διὰ
3248 4582 3425 4642 πάσης
3457 4578 3773 4653 βεϐοημένος
3799 4586 3898 4641 τῆς

528 4681 696 4734 terras
714 4677 973 4749 pervasit
993 4676 1172 4738 fama.
1200 4676 1518 4748 Sampson,
1544 4690 1733 4745 genus
1749 4674 1990 4748 quidem
2013 4673 2133 4729 dux

2292 4674 2600 4745 οἰκουμένης
2676 4672 2917 4744 Σαμψὼν,
2995 4670 3129 4725 εἷλκε
3188 4675 3277 4743 μεν
3344 4673 3402 4722 τὸ
3458 4675 3602 4741 γένος
3671 4668 3725 4720 ἐκ
3797 4677 3896 4730 τῆς

528 4782 601 4823 ex
626 4765 730 4823 illa
754 4765 969 4821 celebri
995 4771 1051 4823 et
1088 4764 1310 4836 inclyta
1351 4767 1556 4821 Roma.
1616 4766 1790 4822 Ortus
1838 4770 1925 4820 est
1980 4769 2141 4819 auter

2291 4766 2613 4835 περιωνύμου
2669 4768 2758 4813 καὶ
2820 4759 3101 4834 διαφανοῦς
3149 4761 3369 4833 Ῥώμης,
3412 4760 3639 4832 προῆλθε
3690 4755 3747 4811 δε
3796 4759 3895 4811 οῦκ

527 4872 646 4912 non
678 4871 746 4912 ex
775 4856 1133 4925 ignobilibus
1165 4870 1272 4910 nec
1302 4854 1656 4923 vulgaribus
1672 4854 2041 4927 parentibus,
2073 4869 2135 4908 se

2292 4851 2343 4915 ἐξ
2375 4851 2590 4922 ἀσήμων
2620 4853 2723 4923 ἄρα
2776 4860 2943 4911 τινῶν,
2996 4847 3119 4903 οὐδε
3171 4860 3271 4902 τῶν
3324 4849 3699 4921 ἐπιτυχόντων,
3763 4846 3896 4900 ἀλλὰ

528 4944 703 5001 valde
727 4944 991 5000 honestis
1016 4948 1075 4999 et
1103 4942 1315 4998 claris:
1348 4958 1607 5016 quorum
1643 4958 1879 5013 magnae
1929 4942 2141 5017 quidet

2290 4946 2377 4992 καὶ
2439 4940 2551 4992 λίαν
2606 4940 2814 5010 εὐγενῶν
2872 4960 2925 4991 τε
2968 4946 3056 4992 καὶ
3112 4936 3397 5013 περιδόξων
3445 4956 3457 4968 '
3515 4939 3740 4991 πλούτου
3800 4942 3896 5009 μεν

527 5041 883 5106 erantopes,
913 5049 1098 5103 genus
1142 5039 1344 5089 autem
1395 5032 1723 5088 ducebatur
1774 5048 1845 5087 ex
1889 5034 2140 5102 sanguin

2288 5034 2591 5104 περιουσίαν
2676 5026 2876 5102 βαθέως
2955 5032 3203 5100 ἐχόντων,
3257 5027 3521 5101 βασιλικῷ
3596 5024 3654 5080 δέ
3705 5028 3896 5099 αἰματι

528 5124 1030 5196 imperatoris(i).
1062 5122 1174 5179 Sed
1225 5138 1364 5178 cum
1415 5123 1521 5177 viri
1571 5122 1751 5193 hujus
1804 5122 2050 5178 maximi
2083 5138 2141 5179 re

2288 5121 2422 5170 κατά
2475 5122 2620 5189 γένος
2675 5115 3118 5191 φαιδρυνομένων.
3176 5118 3313 5176 Πλὴν
3364 5116 3489 5169 ἀλλὰ
3523 5126 3622 5169 τῶν
3670 5118 3893 5189 θύραθεν

528 5223 785 5272 externas
811 5214 894 5269 ita
941 5230 1002 5267 se
1054 5212 1363 5276 haberent,
1397 5227 1592 5285 neque
1619 5214 1878 5267 internas
1909 5228 2141 5283 unquac

2288 5210 2313 5259 ὸ
2366 5212 2645 5280 Ιῐαμμέγας
2711 5208 2868 5269 οὕτως
2922 5212 3075 5279 ἔχων,
3149 5204 3273 5260 ούδε
3333 5215 3432 5259 τῶν
3487 5208 3665 5259 οἰκίων
3713 5207 3897 5277 ἡμέλει

528 5305 804 5376 neglexit.
841 5306 986 5359 Nam
1010 5309 1067 5358 et
1091 5302 1326 5358 virtutis
1361 5317 1645 5373 magnam
1673 5318 1878 5358 curam
1908 5302 2141 5371 gerebat

2286 5298 2439 5348 πόθεν
2472 5312 2484 5325 ⁸
2517 5302 2606 5349 καὶ
2653 5299 2750 5369 γὰρ
2794 5296 2975 5369 ἀρετῆς
3032 5297 3293 5368 ἐφρόντιζε
3340 5296 3476 5361 λίαν,
3537 5301 3625 5347 καὶ
3796 5302 3898 5355 τῆς

530 5402 585 5451 et
610 5395 827 5451 divine:
860 5394 1174 5467 Scriptura:
1205 5392 1441 5448 lectioni
1467 5398 1590 5447 erat
1612 5394 1892 5458 intentus,
1948 5398 2004 5448 et
2051 5397 2143 5448 tan

2290 5396 2429 5457 θείας
2492 5402 2696 5470 Γραφῆς
2750 5394 2965 5458 ἐντεύξει
3040 5391 3253 5468 σπουδῇ
3315 5399 3638 5468 προσέκειτο,
3686 5398 3775 5445 καὶ
3828 5394 3899 5454 ὥς

601 5546 682 5619 (1)
714 5545 1117 5628 Menologiutn
1141 5545 1510 5628 gohstantini
1540 5544 2027 5628 Rorphyrogeniti
2056 5544 2257 5611 habet,
2290 5561 2427 5603 eum
2461 5547 2639 5603 fuisse
2690 5548 3205 5620 consanguineum
3271 5545 3639 5606 Constantini
3674 5547 3899 5618 Magni,

531 5615 755 5676 meum
784 5615 1007 5675 excusa
1040 5617 1187 5675 nihil
1214 5618 1440 5676 habent
1459 5618 1532 5675 de
1561 5615 1749 5691 ipsius
1778 5615 2028 5675 familia.
