  <div class='ocr_page' id='page_1' title='image "/cluster/home/n/w/nwhite01/storage/ocr_20150623/115/hvd.32044073502262/146.png"; bbox 0 0 4066 6224; ppageno 0'>
   <div class='ocr_carea' id='block_1_1' title="bbox 248 279 2244 372">
    <p class='ocr_par' dir='ltr' id='par_1_1' title="bbox 248 279 2244 372">
     <span class='ocr_line' id='line_1_1' title="bbox 248 279 2244 372; baseline -0.007 -16"><span class='ocrx_word' id='word_1_1' title='bbox 248 315 318 372; x_wconf 63' lang='grc' dir='ltr'>,ω</span> <span class='ocrx_word' id='word_1_2' title='bbox 1508 290 1676 347; x_wconf 86' lang='lat' dir='ltr'><strong>VITA</strong></span> <span class='ocrx_word' id='word_1_3' title='bbox 1719 286 1785 343; x_wconf 90' lang='lat' dir='ltr'>s.</span> <span class='ocrx_word' id='word_1_4' title='bbox 1823 279 2244 342; x_wconf 69' lang='lat' dir='ltr'>sempsoms.</span> 
     </span>
    </p>
   </div>
   <div class='ocr_carea' id='block_1_2' title="bbox 3457 277 3562 332">
    <p class='ocr_par' dir='ltr' id='par_1_2' title="bbox 3457 277 3562 332">
     <span class='ocr_line' id='line_1_2' title="bbox 3457 277 3562 332; baseline 0.01 -1"><span class='ocrx_word' id='word_1_5' title='bbox 3457 277 3562 332; x_wconf 68' lang='lat'>382</span> 
     </span>
    </p>
   </div>
   <div class='ocr_carea' id='block_1_3' title="bbox 242 402 1816 505">
    <p class='ocr_par' dir='ltr' id='par_1_3' title="bbox 242 414 1791 505">
     <span class='ocr_line' id='line_1_3' title="bbox 242 414 1791 505; baseline -0.019 -13"><span class='ocrx_word' id='word_1_6' title='bbox 242 458 350 499; x_wconf 79' lang='grc' dir='ltr'>τινος</span> <span class='ocrx_word' id='word_1_7' title='bbox 390 430 611 494; x_wconf 76' lang='grc' dir='ltr'>ἡδίστης</span> <span class='ocrx_word' id='word_1_8' title='bbox 653 438 847 505; x_wconf 74' lang='grc' dir='ltr'>τροφῆς</span> <span class='ocrx_word' id='word_1_9' title='bbox 886 427 1111 501; x_wconf 71' lang='grc' dir='ltr'>ἐμμελῶς</span> <span class='ocrx_word' id='word_1_10' title='bbox 1142 428 1335 496; x_wconf 82' lang='grc' dir='ltr'>εἴχετο,</span> <span class='ocrx_word' id='word_1_11' title='bbox 1368 425 1459 473; x_wconf 87' lang='grc' dir='ltr'>καὶ</span> <span class='ocrx_word' id='word_1_12' title='bbox 1491 415 1564 471; x_wconf 84' lang='grc' dir='ltr'>δι’</span> <span class='ocrx_word' id='word_1_13' title='bbox 1616 414 1791 484; x_wconf 75' lang='grc' dir='ltr'>ὀλίγον</span> 
     </span>
    </p>
   </div>
   <div class='ocr_carea' id='block_1_4' title="bbox 1929 402 3561 505">
    <p class='ocr_par' dir='ltr' id='par_1_4' title="bbox 1929 402 3561 505">
     <span class='ocr_line' id='line_1_4' title="bbox 1929 402 3561 505; baseline -0.002 -44"><span class='ocrx_word' id='word_1_14' title='bbox 1929 422 2083 505; x_wconf 76' lang='lat' dir='ltr'>[nam</span> <span class='ocrx_word' id='word_1_15' title='bbox 2125 410 2568 505; x_wconf 60' lang='lat' dir='ltr'>iucundissimo</span> <span class='ocrx_word' id='word_1_16' title='bbox 2598 410 2729 466; x_wconf 91' lang='lat' dir='ltr'>cibo</span> <span class='ocrx_word' id='word_1_17' title='bbox 2781 409 2831 465; x_wconf 92' lang='lat' dir='ltr'>ei</span> <span class='ocrx_word' id='word_1_18' title='bbox 2858 407 3171 476; x_wconf 72' lang='lat' dir='ltr'>diligenter</span> <span class='ocrx_word' id='word_1_19' title='bbox 3200 402 3561 461; x_wconf 72' lang='lat' dir='ltr'>adhmrebat</span> 
     </span>
    </p>
   </div>
   <div class='ocr_carea' id='block_1_5' title="bbox 235 505 1797 602">
    <p class='ocr_par' dir='ltr' id='par_1_5' title="bbox 235 505 1797 602">
     <span class='ocr_line' id='line_1_5' title="bbox 235 505 1797 602; baseline -0.019 -21"><span class='ocrx_word' id='word_1_20' title='bbox 235 532 339 602; x_wconf 82' lang='grc' dir='ltr'>πρὸς</span> <span class='ocrx_word' id='word_1_21' title='bbox 384 532 547 577; x_wconf 83' lang='grc' dir='ltr'>πᾶσαν</span> <span class='ocrx_word' id='word_1_22' title='bbox 584 522 743 580; x_wconf 70' lang='grc' dir='ltr'>αὐτῆς</span> <span class='ocrx_word' id='word_1_23' title='bbox 786 525 877 578; x_wconf 80' lang='grc' dir='ltr'>τὴν</span> <span class='ocrx_word' id='word_1_24' title='bbox 931 526 1123 588; x_wconf 75' lang='grc' dir='ltr'>’γνῶσιν</span> <span class='ocrx_word' id='word_1_25' title='bbox 1158 515 1386 587; x_wconf 80' lang='grc' dir='ltr'>ἀφίκετο.</span> <span class='ocrx_word' id='word_1_26' title='bbox 1430 505 1583 566; x_wconf 67' lang='grc' dir='ltr'>Μηδὲ</span> <span class='ocrx_word' id='word_1_27' title='bbox 1635 507 1797 575; x_wconf 84' lang='grc' dir='ltr'>ἰατρι-</span> 
     </span>
    </p>
   </div>
   <div class='ocr_carea' id='block_1_6' title="bbox 234 601 1797 683">
    <p class='ocr_par' dir='ltr' id='par_1_6' title="bbox 234 601 1797 683">
     <span class='ocr_line' id='line_1_6' title="bbox 234 601 1797 683; baseline -0.015 -15"><span class='ocrx_word' id='word_1_28' title='bbox 234 601 333 678; x_wconf 71' lang='grc' dir='ltr'>κῆς,</span> <span class='ocrx_word' id='word_1_29' title='bbox 378 623 466 675; x_wconf 79' lang='grc' dir='ltr'>τῆς</span> <span class='ocrx_word' id='word_1_30' title='bbox 538 611 893 683; x_wconf 71' lang='grc' dir='ltr'>φιλανθρώπου</span> <span class='ocrx_word' id='word_1_31' title='bbox 951 610 1164 678; x_wconf 82' lang='grc' dir='ltr'>τέχνης,</span> <span class='ocrx_word' id='word_1_32' title='bbox 1224 606 1248 656; x_wconf 85' lang='grc' dir='ltr'>ὁ</span> <span class='ocrx_word' id='word_1_33' title='bbox 1311 601 1797 675; x_wconf 76' lang='grc' dir='ltr'>φιλανθρωπότατος</span> 
     </span>
    </p>
   </div>
   <div class='ocr_carea' id='block_1_7' title="bbox 234 687 1794 777">
    <p class='ocr_par' dir='ltr' id='par_1_7' title="bbox 234 687 1794 777">
     <span class='ocr_line' id='line_1_7' title="bbox 234 687 1794 777; baseline -0.015 -20"><span class='ocrx_word' id='word_1_34' title='bbox 234 706 489 777; x_wconf 77' lang='grc' dir='ltr'>ἀμελήσας.</span> <span class='ocrx_word' id='word_1_35' title='bbox 541 700 694 753; x_wconf 78' lang='grc' dir='ltr'>Ἀλλὰ</span> <span class='ocrx_word' id='word_1_36' title='bbox 741 703 830 750; x_wconf 82' lang='grc' dir='ltr'>καὶ</span> <span class='ocrx_word' id='word_1_37' title='bbox 887 697 1015 769; x_wconf 73' lang='grc' dir='ltr'>αὐτῇ</span> <span class='ocrx_word' id='word_1_38' title='bbox 1077 694 1364 768; x_wconf 72' lang='grc' dir='ltr'>φιλοπόνως</span> <span class='ocrx_word' id='word_1_39' title='bbox 1408 687 1794 764; x_wconf 82' lang='grc' dir='ltr'>προσενεχθεὶς,</span> 
     </span>
    </p>
   </div>
   <div class='ocr_carea' id='block_1_8' title="bbox 232 782 1798 862">
    <p class='ocr_par' dir='ltr' id='par_1_8' title="bbox 232 782 1798 862">
     <span class='ocr_line' id='line_1_8' title="bbox 232 782 1798 862; baseline -0.015 -16"><span class='ocrx_word' id='word_1_40' title='bbox 232 799 406 847; x_wconf 79' lang='grc' dir='ltr'>καίτοι</span> <span class='ocrx_word' id='word_1_41' title='bbox 447 791 592 861; x_wconf 66' lang='grc' dir='ltr'>ὀλίγα</span> <span class='ocrx_word' id='word_1_42' title='bbox 643 794 732 862; x_wconf 68' lang='grc' dir='ltr'>μὲν</span> <span class='ocrx_word' id='word_1_43' title='bbox 788 789 999 861; x_wconf 80' lang='grc' dir='ltr'>ὑπῆρχε</span> <span class='ocrx_word' id='word_1_44' title='bbox 1049 793 1107 857; x_wconf 79' lang='grc' dir='ltr'>τῇ</span> <span class='ocrx_word' id='word_1_45' title='bbox 1158 788 1315 855; x_wconf 75' lang='grc' dir='ltr'>τέχνῃ</span> <span class='ocrx_word' id='word_1_46' title='bbox 1375 786 1664 854; x_wconf 85' lang='grc' dir='ltr'>χρώμενος,</span> <span class='ocrx_word' id='word_1_47' title='bbox 1700 782 1798 825; x_wconf 83' lang='grc' dir='ltr'>τῶν</span> 
     </span>
    </p>
   </div>
   <div class='ocr_carea' id='block_1_9' title="bbox 232 868 1799 953">
    <p class='ocr_par' dir='ltr' id='par_1_9' title="bbox 232 868 1799 953">
     <span class='ocr_line' id='line_1_9' title="bbox 232 868 1799 953; baseline -0.014 -17"><span class='ocrx_word' id='word_1_48' title='bbox 232 882 273 937; x_wconf 78' lang='grc' dir='ltr'>δ’</span> <span class='ocrx_word' id='word_1_49' title='bbox 322 882 475 935; x_wconf 74' lang='grc' dir='ltr'>ἄλλων</span> <span class='ocrx_word' id='word_1_50' title='bbox 523 885 817 953; x_wconf 83' lang='grc' dir='ltr'>παρεχώρει</span> <span class='ocrx_word' id='word_1_51' title='bbox 871 886 945 947; x_wconf 74' lang='grc' dir='ltr'>τῷ</span> <span class='ocrx_word' id='word_1_52' title='bbox 999 878 1224 948; x_wconf 75' lang='grc' dir='ltr'>θεουργῷ</span> <span class='ocrx_word' id='word_1_53' title='bbox 1254 880 1344 932; x_wconf 83' lang='grc' dir='ltr'>τῆς</span> <span class='ocrx_word' id='word_1_54' title='bbox 1400 871 1619 943; x_wconf 90' lang='grc' dir='ltr'>χάριτος</span> <span class='ocrx_word' id='word_1_55' title='bbox 1646 868 1799 920; x_wconf 80' lang='grc' dir='ltr'>νοση-</span> 
     </span>
    </p>
   </div>
   <div class='ocr_carea' id='block_1_10' title="bbox 230 955 1801 1045">
    <p class='ocr_par' dir='ltr' id='par_1_10' title="bbox 230 955 1801 1045">
     <span class='ocr_line' id='line_1_10' title="bbox 230 955 1801 1045; baseline -0.013 -21"><span class='ocrx_word' id='word_1_56' title='bbox 230 992 351 1045; x_wconf 85' lang='grc' dir='ltr'>ματα</span> <span class='ocrx_word' id='word_1_57' title='bbox 398 976 483 1022; x_wconf 80' lang='grc' dir='ltr'>καὶ</span> <span class='ocrx_word' id='word_1_58' title='bbox 540 971 679 1026; x_wconf 87' lang='grc' dir='ltr'>πάθη</span> <span class='ocrx_word' id='word_1_59' title='bbox 738 967 923 1020; x_wconf 79' lang='grc' dir='ltr'>ἀνίατα</span> <span class='ocrx_word' id='word_1_60' title='bbox 977 967 1285 1039; x_wconf 75' lang='grc' dir='ltr'>θεραπεύων,</span> <span class='ocrx_word' id='word_1_61' title='bbox 1341 964 1430 1012; x_wconf 82' lang='grc' dir='ltr'>καὶ</span> <span class='ocrx_word' id='word_1_62' title='bbox 1486 962 1549 1018; x_wconf 83' lang='grc' dir='ltr'>ὡς</span> <span class='ocrx_word' id='word_1_63' title='bbox 1606 955 1801 1030; x_wconf 91' lang='grc' dir='ltr'>προκά-</span> 
     </span>
    </p>
   </div>
   <div class='ocr_carea' id='block_1_11' title="bbox 229 1044 1798 1133">
    <p class='ocr_par' dir='ltr' id='par_1_11' title="bbox 229 1044 1798 1133">
     <span class='ocr_line' id='line_1_11' title="bbox 229 1044 1798 1133; baseline -0.013 -19"><span class='ocrx_word' id='word_1_64' title='bbox 229 1064 385 1133; x_wconf 76' lang='grc' dir='ltr'>λυμμα</span> <span class='ocrx_word' id='word_1_65' title='bbox 412 1069 498 1119; x_wconf 84' lang='grc' dir='ltr'>τῆς</span> <span class='ocrx_word' id='word_1_66' title='bbox 541 1060 759 1131; x_wconf 83' lang='grc' dir='ltr'>χάριτος</span> <span class='ocrx_word' id='word_1_67' title='bbox 805 1060 1082 1129; x_wconf 77' lang='grc' dir='ltr'>ἐπιχειρῶν</span> <span class='ocrx_word' id='word_1_68' title='bbox 1122 1061 1182 1112; x_wconf 85' lang='grc' dir='ltr'>τῆ</span> <span class='ocrx_word' id='word_1_69' title='bbox 1235 1056 1393 1123; x_wconf 75' lang='grc' dir='ltr'>τέχνη</span> <span class='ocrx_word' id='word_1_70' title='bbox 1443 1044 1536 1101; x_wconf 85' lang='grc' dir='ltr'>διὰ</span> <span class='ocrx_word' id='word_1_71' title='bbox 1563 1062 1798 1097; x_wconf 87' lang='grc' dir='ltr'>ταπεινο-</span> 
     </span>
    </p>
   </div>
   <div class='ocr_carea' id='block_1_12' title="bbox 231 1147 799 1224">
    <p class='ocr_par' dir='ltr' id='par_1_12' title="bbox 231 1147 799 1224">
     <span class='ocr_line' id='line_1_12' title="bbox 231 1147 799 1224; baseline -0.004 -21"><span class='ocrx_word' id='word_1_72' title='bbox 231 1154 466 1224; x_wconf 67' lang='grc' dir='ltr'>φροσύνης</span> <span class='ocrx_word' id='word_1_73' title='bbox 494 1147 799 1221; x_wconf 72' lang='grc' dir='ltr'>ὑπερϐολήν.</span> 
     </span>
    </p>
   </div>
   <div class='ocr_carea' id='block_1_13' title="bbox 289 1314 1805 1398">
    <p class='ocr_par' dir='ltr' id='par_1_13' title="bbox 289 1314 1805 1398">
     <span class='ocr_line' id='line_1_13' title="bbox 289 1314 1805 1398; baseline -0.011 -17"><span class='ocrx_word' id='word_1_74' title='bbox 289 1330 347 1382; x_wconf 72' lang='grc' dir='ltr'>Γ.</span> <span class='ocrx_word' id='word_1_75' title='bbox 393 1329 472 1387; x_wconf 76' lang='grc' dir='ltr'>Ὠς</span> <span class='ocrx_word' id='word_1_76' title='bbox 519 1324 579 1379; x_wconf 63' lang='grc' dir='ltr'>δε</span> <span class='ocrx_word' id='word_1_77' title='bbox 634 1331 725 1378; x_wconf 82' lang='grc' dir='ltr'>καὶ</span> <span class='ocrx_word' id='word_1_78' title='bbox 782 1327 831 1377; x_wconf 85' lang='grc' dir='ltr'>οἱ</span> <span class='ocrx_word' id='word_1_79' title='bbox 877 1328 1092 1398; x_wconf 74' lang='grc' dir='ltr'>πατέρες</span> <span class='ocrx_word' id='word_1_80' title='bbox 1140 1321 1299 1373; x_wconf 75' lang='grc' dir='ltr'>αὐτοῦ</span> <span class='ocrx_word' id='word_1_81' title='bbox 1342 1323 1429 1371; x_wconf 87' lang='grc' dir='ltr'>τὸν</span> <span class='ocrx_word' id='word_1_82' title='bbox 1470 1316 1586 1390; x_wconf 77' lang='grc' dir='ltr'>βίον</span> <span class='ocrx_word' id='word_1_83' title='bbox 1628 1314 1805 1367; x_wconf 75' lang='grc' dir='ltr'>ἀπέλι-</span> 
     </span>
    </p>
   </div>
   <div class='ocr_carea' id='block_1_14' title="bbox 233 1402 1804 1488">
    <p class='ocr_par' dir='ltr' id='par_1_14' title="bbox 233 1402 1804 1488">
     <span class='ocr_line' id='line_1_14' title="bbox 233 1402 1804 1488; baseline -0.011 -17"><span class='ocrx_word' id='word_1_84' title='bbox 233 1439 327 1488; x_wconf 77' lang='grc' dir='ltr'>πον,</span> <span class='ocrx_word' id='word_1_85' title='bbox 382 1417 469 1469; x_wconf 80' lang='grc' dir='ltr'>ούκ</span> <span class='ocrx_word' id='word_1_86' title='bbox 527 1418 605 1468; x_wconf 78' lang='grc' dir='ltr'>ἔτι</span> <span class='ocrx_word' id='word_1_87' title='bbox 660 1413 851 1485; x_wconf 75' lang='grc' dir='ltr'>μέλλων</span> <span class='ocrx_word' id='word_1_88' title='bbox 910 1409 989 1476; x_wconf 77' lang='grc' dir='ltr'>ἧν,</span> <span class='ocrx_word' id='word_1_89' title='bbox 1043 1408 1157 1464; x_wconf 78' lang='grc' dir='ltr'>οὐδ’</span> <span class='ocrx_word' id='word_1_90' title='bbox 1214 1407 1637 1479; x_wconf 79' lang='grc' dir='ltr'>ἀναϐαλλόμενος,</span> <span class='ocrx_word' id='word_1_91' title='bbox 1698 1402 1804 1455; x_wconf 77' lang='grc' dir='ltr'>ἀλλ’</span> 
     </span>
    </p>
   </div>
   <div class='ocr_carea' id='block_1_15' title="bbox 231 1493 1809 1580">
    <p class='ocr_par' dir='ltr' id='par_1_15' title="bbox 231 1493 1809 1580">
     <span class='ocr_line' id='line_1_15' title="bbox 231 1493 1809 1580; baseline -0.01 -21"><span class='ocrx_word' id='word_1_92' title='bbox 231 1513 287 1569; x_wconf 76' lang='grc' dir='ltr'>ὡς</span> <span class='ocrx_word' id='word_1_93' title='bbox 327 1514 500 1580; x_wconf 81' lang='grc' dir='ltr'>καιροῦ</span> <span class='ocrx_word' id='word_1_94' title='bbox 549 1502 831 1576; x_wconf 77' lang='grc' dir='ltr'>λαϐόμενος</span> <span class='ocrx_word' id='word_1_95' title='bbox 889 1498 1206 1565; x_wconf 70' lang='grc' dir='ltr'>ἐπιτηδείου,</span> <span class='ocrx_word' id='word_1_96' title='bbox 1282 1498 1367 1550; x_wconf 78' lang='grc' dir='ltr'>ἅτε</span> <span class='ocrx_word' id='word_1_97' title='bbox 1427 1493 1650 1561; x_wconf 81' lang='grc' dir='ltr'>μηδενός</span> <span class='ocrx_word' id='word_1_98' title='bbox 1707 1495 1809 1545; x_wconf 83' lang='grc' dir='ltr'>ὑπ-</span> 
     </span>
    </p>
   </div>
   <div class='ocr_carea' id='block_1_16' title="bbox 230 1584 1805 1671">
    <p class='ocr_par' dir='ltr' id='par_1_16' title="bbox 230 1584 1805 1671">
     <span class='ocr_line' id='line_1_16' title="bbox 230 1584 1805 1671; baseline -0.01 -23"><span class='ocrx_word' id='word_1_99' title='bbox 230 1597 453 1671; x_wconf 68' lang='grc' dir='ltr'>άρχοντος</span> <span class='ocrx_word' id='word_1_100' title='bbox 504 1602 601 1646; x_wconf 82' lang='grc' dir='ltr'>τοῦ</span> <span class='ocrx_word' id='word_1_101' title='bbox 647 1594 984 1655; x_wconf 80' lang='grc' dir='ltr'>κωλύσοντος,</span> <span class='ocrx_word' id='word_1_102' title='bbox 1044 1593 1109 1643; x_wconf 83' lang='grc' dir='ltr'>τὰ</span> <span class='ocrx_word' id='word_1_103' title='bbox 1168 1592 1302 1641; x_wconf 83' lang='grc' dir='ltr'>κατὰ</span> <span class='ocrx_word' id='word_1_104' title='bbox 1347 1592 1556 1659; x_wconf 76' lang='grc' dir='ltr'>γνώμην</span> <span class='ocrx_word' id='word_1_105' title='bbox 1624 1584 1805 1645; x_wconf 78' lang='grc' dir='ltr'>ἐποίει,</span> 
     </span>
    </p>
   </div>
   <div class='ocr_carea' id='block_1_17' title="bbox 231 1673 1811 1755">
    <p class='ocr_par' dir='ltr' id='par_1_17' title="bbox 231 1673 1811 1755">
     <span class='ocr_line' id='line_1_17' title="bbox 231 1673 1811 1755; baseline -0.009 -18"><span class='ocrx_word' id='word_1_106' title='bbox 231 1692 303 1738; x_wconf 83' lang='grc' dir='ltr'>και</span> <span class='ocrx_word' id='word_1_107' title='bbox 351 1686 565 1738; x_wconf 82' lang='grc' dir='ltr'>πλούτου</span> <span class='ocrx_word' id='word_1_108' title='bbox 625 1685 714 1755; x_wconf 76' lang='grc' dir='ltr'>μεν</span> <span class='ocrx_word' id='word_1_109' title='bbox 776 1684 1007 1754; x_wconf 79' lang='grc' dir='ltr'>φθαρτοῦ</span> <span class='ocrx_word' id='word_1_110' title='bbox 1063 1685 1153 1732; x_wconf 83' lang='grc' dir='ltr'>καὶ</span> <span class='ocrx_word' id='word_1_111' title='bbox 1204 1680 1526 1752; x_wconf 77' lang='grc' dir='ltr'>προσκαίρου</span> <span class='ocrx_word' id='word_1_112' title='bbox 1594 1673 1811 1727; x_wconf 79' lang='grc' dir='ltr'>πλοῦτον</span> 
     </span>
    </p>
   </div>
   <div class='ocr_carea' id='block_1_18' title="bbox 1907 494 3563 573">
    <p class='ocr_par' dir='ltr' id='par_1_18' title="bbox 1907 494 3563 573">
     <span class='ocr_line' id='line_1_18' title="bbox 1907 494 3563 573; baseline -0.004 -20"><span class='ocrx_word' id='word_1_113' title='bbox 1907 505 1963 553; x_wconf 92' lang='lat' dir='ltr'>et</span> <span class='ocrx_word' id='word_1_114' title='bbox 1988 499 2153 555; x_wconf 87' lang='lat' dir='ltr'>brevi</span> <span class='ocrx_word' id='word_1_115' title='bbox 2208 507 2472 573; x_wconf 88' lang='lat' dir='ltr'>tempore</span> <span class='ocrx_word' id='word_1_116' title='bbox 2506 503 2661 558; x_wconf 85' lang='lat' dir='ltr'>venit</span> <span class='ocrx_word' id='word_1_117' title='bbox 2698 500 2767 556; x_wconf 69' lang='lat' dir='ltr'>ad</span> <span class='ocrx_word' id='word_1_118' title='bbox 2814 514 3053 554; x_wconf 85' lang='lat' dir='ltr'>omnem</span> <span class='ocrx_word' id='word_1_119' title='bbox 3103 496 3234 567; x_wconf 86' lang='lat' dir='ltr'>ejus</span> <span class='ocrx_word' id='word_1_120' title='bbox 3275 494 3563 562; x_wconf 80' lang='lat' dir='ltr'>cognitio-</span> 
     </span>
    </p>
   </div>
   <div class='ocr_carea' id='block_1_19' title="bbox 1908 587 3563 663">
    <p class='ocr_par' dir='ltr' id='par_1_19' title="bbox 1908 587 3563 663">
     <span class='ocr_line' id='line_1_19' title="bbox 1908 587 3563 663; baseline -0.005 -20"><span class='ocrx_word' id='word_1_121' title='bbox 1908 604 2070 645; x_wconf 88' lang='lat' dir='ltr'>nem.</span> <span class='ocrx_word' id='word_1_122' title='bbox 2125 593 2336 646; x_wconf 90' lang='lat' dir='ltr'>Verum</span> <span class='ocrx_word' id='word_1_123' title='bbox 2400 608 2533 647; x_wconf 89' lang='lat' dir='ltr'>cum</span> <span class='ocrx_word' id='word_1_124' title='bbox 2588 605 2782 663; x_wconf 91' lang='lat' dir='ltr'>neque</span> <span class='ocrx_word' id='word_1_125' title='bbox 2831 587 3210 646; x_wconf 82' lang='lat' dir='ltr'>medicinam,</span> <span class='ocrx_word' id='word_1_126' title='bbox 3275 598 3409 653; x_wconf 68' lang='lat' dir='ltr'>qua:</span> <span class='ocrx_word' id='word_1_127' title='bbox 3465 596 3563 636; x_wconf 89' lang='lat' dir='ltr'>ars</span> 
     </span>
    </p>
   </div>
   <div class='ocr_carea' id='block_1_20' title="bbox 1907 669 3565 747">
    <p class='ocr_par' dir='ltr' id='par_1_20' title="bbox 1907 669 3565 747">
     <span class='ocr_line' id='line_1_20' title="bbox 1907 669 3565 747; baseline -0.005 -15"><span class='ocrx_word' id='word_1_128' title='bbox 1907 678 2079 734; x_wconf 84' lang='lat' dir='ltr'>valde</span> <span class='ocrx_word' id='word_1_129' title='bbox 2107 680 2387 737; x_wconf 85' lang='lat' dir='ltr'>conducit</span> <span class='ocrx_word' id='word_1_130' title='bbox 2432 682 2710 737; x_wconf 72' lang='lat' dir='ltr'>humanae</span> <span class='ocrx_word' id='word_1_131' title='bbox 2737 678 2932 747; x_wconf 87' lang='lat' dir='ltr'>saluti,</span> <span class='ocrx_word' id='word_1_132' title='bbox 2982 675 3068 729; x_wconf 90' lang='lat' dir='ltr'>vir</span> <span class='ocrx_word' id='word_1_133' title='bbox 3099 669 3565 730; x_wconf 87' lang='lat' dir='ltr'>humanissimus</span> 
     </span>
    </p>
   </div>
   <div class='ocr_carea' id='block_1_21' title="bbox 1908 759 3563 837">
    <p class='ocr_par' dir='ltr' id='par_1_21' title="bbox 1908 759 3563 837">
     <span class='ocr_line' id='line_1_21' title="bbox 1908 759 3563 837; baseline -0.008 -14"><span class='ocrx_word' id='word_1_134' title='bbox 1908 769 2272 837; x_wconf 82' lang='lat' dir='ltr'>neglexisset,</span> <span class='ocrx_word' id='word_1_135' title='bbox 2328 772 2427 826; x_wconf 86' lang='lat' dir='ltr'>sed</span> <span class='ocrx_word' id='word_1_136' title='bbox 2461 787 2521 826; x_wconf 91' lang='lat' dir='ltr'>se</span> <span class='ocrx_word' id='word_1_137' title='bbox 2570 772 2750 826; x_wconf 88' lang='lat' dir='ltr'>etiam</span> <span class='ocrx_word' id='word_1_138' title='bbox 2801 768 2852 823; x_wconf 95' lang='lat' dir='ltr'>ei</span> <span class='ocrx_word' id='word_1_139' title='bbox 2909 766 3223 828; x_wconf 83' lang='lat' dir='ltr'>diligenter</span> <span class='ocrx_word' id='word_1_140' title='bbox 3284 759 3563 824; x_wconf 86' lang='lat' dir='ltr'>dedisset,</span> 
     </span>
    </p>
   </div>
   <div class='ocr_carea' id='block_1_22' title="bbox 1907 850 3564 931">
    <p class='ocr_par' dir='ltr' id='par_1_22' title="bbox 1907 850 3564 931">
     <span class='ocr_line' id='line_1_22' title="bbox 1907 850 3564 931; baseline -0.008 -19"><span class='ocrx_word' id='word_1_141' title='bbox 1907 858 2012 913; x_wconf 87' lang='lat' dir='ltr'>etsi</span> <span class='ocrx_word' id='word_1_142' title='bbox 2047 868 2170 916; x_wconf 89' lang='lat' dir='ltr'>arte</span> <span class='ocrx_word' id='word_1_143' title='bbox 2208 877 2419 931; x_wconf 84' lang='lat' dir='ltr'>parum</span> <span class='ocrx_word' id='word_1_144' title='bbox 2471 860 2803 916; x_wconf 87' lang='lat' dir='ltr'>admodum</span> <span class='ocrx_word' id='word_1_145' title='bbox 2825 858 2902 913; x_wconf 90' lang='lat' dir='ltr'>ad</span> <span class='ocrx_word' id='word_1_146' title='bbox 2934 858 3238 927; x_wconf 76' lang='lat' dir='ltr'>quaestum</span> <span class='ocrx_word' id='word_1_147' title='bbox 3276 850 3348 904; x_wconf 89' lang='lat' dir='ltr'>sit</span> <span class='ocrx_word' id='word_1_148' title='bbox 3398 863 3564 911; x_wconf 90' lang='lat' dir='ltr'>usus,</span> 
     </span>
    </p>
   </div>
   <div class='ocr_carea' id='block_1_23' title="bbox 1906 934 3572 1021">
    <p class='ocr_par' dir='ltr' id='par_1_23' title="bbox 1906 934 3572 1021">
     <span class='ocr_line' id='line_1_23' title="bbox 1906 934 3572 1021; baseline -0.012 -12"><span class='ocrx_word' id='word_1_149' title='bbox 1906 950 1966 1006; x_wconf 88' lang='lat' dir='ltr'>in</span> <span class='ocrx_word' id='word_1_150' title='bbox 2000 950 2365 1021; x_wconf 86' lang='lat' dir='ltr'>pauperibus</span> <span class='ocrx_word' id='word_1_151' title='bbox 2410 956 2611 1005; x_wconf 91' lang='lat' dir='ltr'>tamen</span> <span class='ocrx_word' id='word_1_152' title='bbox 2669 947 2842 1003; x_wconf 81' lang='lat' dir='ltr'>cessit</span> <span class='ocrx_word' id='word_1_153' title='bbox 2872 946 3093 1000; x_wconf 81' lang='lat' dir='ltr'>divinae</span> <span class='ocrx_word' id='word_1_154' title='bbox 3144 940 3348 1010; x_wconf 72' lang='lat' dir='ltr'>gratiae</span> <span class='ocrx_word' id='word_1_155' title='bbox 3397 934 3572 991; x_wconf 86' lang='lat' dir='ltr'>mini-</span> 
     </span>
    </p>
   </div>
   <div class='ocr_carea' id='block_1_24' title="bbox 1909 1033 3567 1101">
    <p class='ocr_par' dir='ltr' id='par_1_24' title="bbox 1909 1033 3567 1101">
     <span class='ocr_line' id='line_1_24' title="bbox 1909 1033 3567 1101; baseline -0.008 -7"><span class='ocrx_word' id='word_1_156' title='bbox 1909 1038 2103 1101; x_wconf 87' lang='lat' dir='ltr'>sterio,</span> <span class='ocrx_word' id='word_1_157' title='bbox 2131 1041 2369 1095; x_wconf 85' lang='lat' dir='ltr'>morbos</span> <span class='ocrx_word' id='word_1_158' title='bbox 2410 1056 2626 1095; x_wconf 91' lang='lat' dir='ltr'>curans</span> <span class='ocrx_word' id='word_1_159' title='bbox 2649 1033 3141 1097; x_wconf 87' lang='lat' dir='ltr'>immedicabiles,</span> <span class='ocrx_word' id='word_1_160' title='bbox 3177 1036 3233 1086; x_wconf 89' lang='lat' dir='ltr'>et</span> <span class='ocrx_word' id='word_1_161' title='bbox 3278 1036 3567 1100; x_wconf 82' lang='lat' dir='ltr'>tanquam</span> 
     </span>
    </p>
   </div>
   <div class='ocr_carea' id='block_1_25' title="bbox 1909 1117 3568 1201">
    <p class='ocr_par' dir='ltr' id='par_1_25' title="bbox 1909 1117 3568 1201">
     <span class='ocr_line' id='line_1_25' title="bbox 1909 1117 3568 1201; baseline -0.008 -17"><span class='ocrx_word' id='word_1_162' title='bbox 1909 1130 2109 1201; x_wconf 63' lang='lat' dir='ltr'>gratiae</span> <span class='ocrx_word' id='word_1_163' title='bbox 2140 1129 2471 1187; x_wconf 90' lang='lat' dir='ltr'>velamento</span> <span class='ocrx_word' id='word_1_164' title='bbox 2501 1137 2622 1186; x_wconf 85' lang='lat' dir='ltr'>arte</span> <span class='ocrx_word' id='word_1_165' title='bbox 2664 1135 2831 1183; x_wconf 90' lang='lat' dir='ltr'>utens</span> <span class='ocrx_word' id='word_1_166' title='bbox 2856 1132 3097 1198; x_wconf 84' lang='lat' dir='ltr'>propter</span> <span class='ocrx_word' id='word_1_167' title='bbox 3129 1134 3431 1175; x_wconf 85' lang='lat' dir='ltr'>summam</span> <span class='ocrx_word' id='word_1_168' title='bbox 3462 1117 3568 1172; x_wconf 89' lang='lat' dir='ltr'>hu-</span> 
     </span>
    </p>
   </div>
   <div class='ocr_carea' id='block_1_26' title="bbox 1910 1219 2246 1274">
    <p class='ocr_par' dir='ltr' id='par_1_26' title="bbox 1910 1219 2246 1274">
     <span class='ocr_line' id='line_1_26' title="bbox 1910 1219 2246 1274; baseline -0.006 0"><span class='ocrx_word' id='word_1_169' title='bbox 1910 1219 2246 1274; x_wconf 88' lang='lat' dir='ltr'>mititatem.</span> 
     </span>
    </p>
   </div>
   <div class='ocr_carea' id='block_1_27' title="bbox 1984 1299 3571 1380">
    <p class='ocr_par' dir='ltr' id='par_1_27' title="bbox 1984 1299 3571 1380">
     <span class='ocr_line' id='line_1_27' title="bbox 1984 1299 3571 1380; baseline -0.009 -17"><span class='ocrx_word' id='word_1_170' title='bbox 1984 1311 2075 1364; x_wconf 93' lang='lat' dir='ltr'>lll.</span> <span class='ocrx_word' id='word_1_171' title='bbox 2109 1311 2426 1380; x_wconf 84' lang='lat' dir='ltr'>Postquam</span> <span class='ocrx_word' id='word_1_172' title='bbox 2450 1313 2647 1364; x_wconf 91' lang='lat' dir='ltr'>autem</span> <span class='ocrx_word' id='word_1_173' title='bbox 2689 1307 2817 1377; x_wconf 90' lang='lat' dir='ltr'>ejus</span> <span class='ocrx_word' id='word_1_174' title='bbox 2857 1306 3137 1376; x_wconf 87' lang='lat' dir='ltr'>parentes</span> <span class='ocrx_word' id='word_1_175' title='bbox 3166 1317 3196 1354; x_wconf 88' lang='lat' dir='ltr'>e</span> <span class='ocrx_word' id='word_1_176' title='bbox 3226 1299 3344 1354; x_wconf 88' lang='lat' dir='ltr'>vita</span> <span class='ocrx_word' id='word_1_177' title='bbox 3375 1309 3571 1351; x_wconf 85' lang='lat' dir='ltr'>exces-</span> 
     </span>
    </p>
   </div>
   <div class='ocr_carea' id='block_1_28' title="bbox 1914 1385 3571 1471">
    <p class='ocr_par' dir='ltr' id='par_1_28' title="bbox 1914 1385 3571 1471">
     <span class='ocr_line' id='line_1_28' title="bbox 1914 1385 3571 1471; baseline -0.009 -18"><span class='ocrx_word' id='word_1_178' title='bbox 1914 1399 2144 1463; x_wconf 86' lang='lat' dir='ltr'>sissent,</span> <span class='ocrx_word' id='word_1_179' title='bbox 2177 1414 2297 1453; x_wconf 91' lang='lat' dir='ltr'>non</span> <span class='ocrx_word' id='word_1_180' title='bbox 2327 1398 2593 1471; x_wconf 89' lang='lat' dir='ltr'>amplius</span> <span class='ocrx_word' id='word_1_181' title='bbox 2617 1396 3023 1457; x_wconf 73' lang='lat' dir='ltr'>cunctabatur,</span> <span class='ocrx_word' id='word_1_182' title='bbox 3070 1407 3177 1447; x_wconf 91' lang='lat' dir='ltr'>nec</span> <span class='ocrx_word' id='word_1_183' title='bbox 3216 1385 3571 1451; x_wconf 78' lang='lat' dir='ltr'>differebat;</span> 
     </span>
    </p>
   </div>
   <div class='ocr_carea' id='block_1_29' title="bbox 1917 1477 3575 1558">
    <p class='ocr_par' dir='ltr' id='par_1_29' title="bbox 1917 1477 3575 1558">
     <span class='ocr_line' id='line_1_29' title="bbox 1917 1477 3575 1558; baseline -0.01 -15"><span class='ocrx_word' id='word_1_184' title='bbox 1917 1488 2015 1543; x_wconf 89' lang='lat' dir='ltr'>sed</span> <span class='ocrx_word' id='word_1_185' title='bbox 2043 1495 2181 1558; x_wconf 91' lang='lat' dir='ltr'>apta</span> <span class='ocrx_word' id='word_1_186' title='bbox 2208 1504 2351 1541; x_wconf 89' lang='lat' dir='ltr'>usus</span> <span class='ocrx_word' id='word_1_187' title='bbox 2384 1488 2716 1551; x_wconf 89' lang='lat' dir='ltr'>occasione,</span> <span class='ocrx_word' id='word_1_188' title='bbox 2744 1490 2947 1556; x_wconf 92' lang='lat' dir='ltr'>utpote</span> <span class='ocrx_word' id='word_1_189' title='bbox 2967 1482 3131 1554; x_wconf 90' lang='lat' dir='ltr'>quod</span> <span class='ocrx_word' id='word_1_190' title='bbox 3183 1477 3385 1534; x_wconf 87' lang='lat' dir='ltr'>nullus</span> <span class='ocrx_word' id='word_1_191' title='bbox 3416 1478 3575 1530; x_wconf 90' lang='lat' dir='ltr'>esset</span> 
     </span>
    </p>
   </div>
   <div class='ocr_carea' id='block_1_30' title="bbox 1920 1566 3574 1648">
    <p class='ocr_par' dir='ltr' id='par_1_30' title="bbox 1920 1566 3574 1648">
     <span class='ocr_line' id='line_1_30' title="bbox 1920 1566 3574 1648; baseline -0.008 -17"><span class='ocrx_word' id='word_1_192' title='bbox 1920 1576 2341 1648; x_wconf 83' lang='lat' dir='ltr'>prohibiturus,</span> <span class='ocrx_word' id='word_1_193' title='bbox 2375 1593 2444 1632; x_wconf 91' lang='lat' dir='ltr'>ea</span> <span class='ocrx_word' id='word_1_194' title='bbox 2473 1575 2745 1641; x_wconf 87' lang='lat' dir='ltr'>faciebat,</span> <span class='ocrx_word' id='word_1_195' title='bbox 2796 1589 2927 1646; x_wconf 64' lang='lat' dir='ltr'>quae</span> <span class='ocrx_word' id='word_1_196' title='bbox 2970 1571 3077 1627; x_wconf 90' lang='lat' dir='ltr'>sibi</span> <span class='ocrx_word' id='word_1_197' title='bbox 3110 1568 3486 1632; x_wconf 82' lang='lat' dir='ltr'>videbantur,</span> <span class='ocrx_word' id='word_1_198' title='bbox 3519 1566 3574 1619; x_wconf 91' lang='lat' dir='ltr'>et</span> 
     </span>
    </p>
   </div>
   <div class='ocr_carea' id='block_1_31' title="bbox 1920 1657 3574 1737">
    <p class='ocr_par' dir='ltr' id='par_1_31' title="bbox 1920 1657 3574 1737">
     <span class='ocr_line' id='line_1_31' title="bbox 1920 1657 3574 1737; baseline -0.009 -17"><span class='ocrx_word' id='word_1_199' title='bbox 1920 1665 2127 1720; x_wconf 86' lang='lat' dir='ltr'>breves</span> <span class='ocrx_word' id='word_1_200' title='bbox 2184 1666 2593 1737; x_wconf 87' lang='lat' dir='ltr'>periturasque</span> <span class='ocrx_word' id='word_1_201' title='bbox 2658 1665 2895 1721; x_wconf 87' lang='lat' dir='ltr'>divitias</span> <span class='ocrx_word' id='word_1_202' title='bbox 2976 1657 3390 1718; x_wconf 87' lang='lat' dir='ltr'>commutabat</span> <span class='ocrx_word' id='word_1_203' title='bbox 3444 1668 3574 1707; x_wconf 91' lang='lat' dir='ltr'>cum</span> 
     </span>
    </p>
   </div>
   <div class='ocr_carea' id='block_1_32' title="bbox 232 1742 1816 1830">
    <p class='ocr_par' dir='ltr' id='par_1_32' title="bbox 232 1767 1812 1830">
     <span class='ocr_line' id='line_1_32' title="bbox 232 1767 1812 1830; baseline -0.008 -4"><span class='ocrx_word' id='word_1_204' title='bbox 232 1775 407 1826; x_wconf 74' lang='grc' dir='ltr'>αἰώνιον</span> <span class='ocrx_word' id='word_1_205' title='bbox 460 1772 837 1830; x_wconf 69' lang='grc' dir='ltr'>ἀπηλλάττετο</span> <span class='ocrx_word' id='word_1_206' title='bbox 888 1772 1023 1823; x_wconf 81' lang='grc' dir='ltr'>κατὰ</span> <span class='ocrx_word' id='word_1_207' title='bbox 1060 1774 1153 1827; x_wconf 80' lang='grc' dir='ltr'>τὴν</span> <span class='ocrx_word' id='word_1_208' title='bbox 1213 1770 1351 1820; x_wconf 81' lang='grc' dir='ltr'>θείαν</span> <span class='ocrx_word' id='word_1_209' title='bbox 1404 1772 1495 1817; x_wconf 82' lang='grc' dir='ltr'>τοῦ</span> <span class='ocrx_word' id='word_1_210' title='bbox 1554 1767 1812 1816; x_wconf 77' lang='grc' dir='ltr'>Δεσπότου</span> 
     </span>
    </p>
   </div>
   <div class='ocr_carea' id='block_1_33' title="bbox 1929 1742 3575 1830">
    <p class='ocr_par' dir='ltr' id='par_1_33' title="bbox 1929 1744 3575 1823">
     <span class='ocr_line' id='line_1_33' title="bbox 1929 1744 3575 1823; baseline -0.009 -13"><span class='ocrx_word' id='word_1_211' title='bbox 1929 1755 2177 1822; x_wconf 65' lang='lat' dir='ltr'>aeternis,</span> <span class='ocrx_word' id='word_1_212' title='bbox 2208 1756 2631 1823; x_wconf 86' lang='lat' dir='ltr'>obtemperans</span> <span class='ocrx_word' id='word_1_213' title='bbox 2664 1754 2794 1809; x_wconf 88' lang='lat' dir='ltr'>voci</span> <span class='ocrx_word' id='word_1_214' title='bbox 2819 1752 3156 1813; x_wconf 71' lang='lat' dir='ltr'>Dominicae,</span> <span class='ocrx_word' id='word_1_215' title='bbox 3176 1744 3409 1819; x_wconf 89' lang='lat' dir='ltr'>jubenti</span> <span class='ocrx_word' id='word_1_216' title='bbox 3436 1756 3575 1798; x_wconf 92' lang='lat' dir='ltr'>ven-</span> 
     </span>
    </p>
   </div>
   <div class='ocr_carea' id='block_1_34' title="bbox 237 1856 1815 1935">
    <p class='ocr_par' dir='ltr' id='par_1_34' title="bbox 237 1856 1815 1935">
     <span class='ocr_line' id='line_1_34' title="bbox 237 1856 1815 1935; baseline -0.009 -20"><span class='ocrx_word' id='word_1_217' title='bbox 237 1869 396 1935; x_wconf 70' lang='grc' dir='ltr'>φωνὴν,</span> <span class='ocrx_word' id='word_1_218' title='bbox 453 1868 483 1921; x_wconf 83' lang='grc' dir='ltr'><strong>ἦ</strong></span> <span class='ocrx_word' id='word_1_219' title='bbox 536 1865 610 1914; x_wconf 76' lang='grc' dir='ltr'>τὰ</span> <span class='ocrx_word' id='word_1_220' title='bbox 648 1863 955 1935; x_wconf 78' lang='grc' dir='ltr'>ὑπάρχοντα</span> <span class='ocrx_word' id='word_1_221' title='bbox 1002 1858 1246 1917; x_wconf 82' lang='grc' dir='ltr'>πωλῆσαι</span> <span class='ocrx_word' id='word_1_222' title='bbox 1302 1856 1492 1909; x_wconf 78' lang='grc' dir='ltr'>κελεύει</span> <span class='ocrx_word' id='word_1_223' title='bbox 1531 1858 1621 1906; x_wconf 83' lang='grc' dir='ltr'>καὶ</span> <span class='ocrx_word' id='word_1_224' title='bbox 1651 1871 1815 1925; x_wconf 89' lang='grc' dir='ltr'>παρα-</span> 
     </span>
    </p>
   </div>
   <div class='ocr_carea' id='block_1_35' title="bbox 240 1944 1817 2024">
    <p class='ocr_par' dir='ltr' id='par_1_35' title="bbox 240 1944 1817 2024">
     <span class='ocr_line' id='line_1_35' title="bbox 240 1944 1817 2024; baseline -0.008 -21"><span class='ocrx_word' id='word_1_225' title='bbox 240 1960 366 2022; x_wconf 84' lang='grc' dir='ltr'>σχεῖν</span> <span class='ocrx_word' id='word_1_226' title='bbox 414 1951 789 2024; x_wconf 82' lang='grc' dir='ltr'>ίλεημοσύνην,</span> <span class='ocrx_word' id='word_1_227' title='bbox 845 1948 1067 2001; x_wconf 75' lang='grc' dir='ltr'>ἐντεῦθεν</span> <span class='ocrx_word' id='word_1_228' title='bbox 1138 1965 1187 1998; x_wconf 84' lang='grc' dir='ltr'>τε</span> <span class='ocrx_word' id='word_1_229' title='bbox 1247 1944 1504 2017; x_wconf 80' lang='grc' dir='ltr'>βαλάντια</span> <span class='ocrx_word' id='word_1_230' title='bbox 1566 1947 1636 2015; x_wconf 85' lang='grc' dir='ltr'>μὴ</span> <span class='ocrx_word' id='word_1_231' title='bbox 1720 1960 1817 1993; x_wconf 89' lang='grc' dir='ltr'>πα-</span> 
     </span>
    </p>
   </div>
   <div class='ocr_carea' id='block_1_36' title="bbox 238 2031 1816 2114">
    <p class='ocr_par' dir='ltr' id='par_1_36' title="bbox 238 2031 1816 2114">
     <span class='ocr_line' id='line_1_36' title="bbox 238 2031 1816 2114; baseline -0.008 -20"><span class='ocrx_word' id='word_1_232' title='bbox 238 2041 487 2114; x_wconf 78' lang='grc' dir='ltr'>λαιούμενα</span> <span class='ocrx_word' id='word_1_233' title='bbox 544 2042 874 2098; x_wconf 75' lang='grc' dir='ltr'>κτήσασθαι.</span> <span class='ocrx_word' id='word_1_234' title='bbox 937 2034 1152 2092; x_wconf 83' lang='grc' dir='ltr'>Ἐδίδου</span> <span class='ocrx_word' id='word_1_235' title='bbox 1211 2033 1271 2089; x_wconf 62' lang='grc' dir='ltr'>δι</span> <span class='ocrx_word' id='word_1_236' title='bbox 1327 2040 1412 2087; x_wconf 84' lang='grc' dir='ltr'>τὸν</span> <span class='ocrx_word' id='word_1_237' title='bbox 1465 2034 1699 2097; x_wconf 78' lang='grc' dir='ltr'>πλοῦτον,</span> <span class='ocrx_word' id='word_1_238' title='bbox 1758 2031 1816 2083; x_wconf 82' lang='grc' dir='ltr'>ού</span> 
     </span>
    </p>
   </div>
   <div class='ocr_carea' id='block_1_37' title="bbox 231 2123 1818 2205">
    <p class='ocr_par' dir='ltr' id='par_1_37' title="bbox 231 2123 1818 2205">
     <span class='ocr_line' id='line_1_37' title="bbox 231 2123 1818 2205; baseline -0.006 -24"><span class='ocrx_word' id='word_1_239' title='bbox 231 2135 344 2182; x_wconf 83' lang='grc' dir='ltr'>κατὰ</span> <span class='ocrx_word' id='word_1_240' title='bbox 413 2135 609 2205; x_wconf 76' lang='grc' dir='ltr'>μικρὸν</span> <span class='ocrx_word' id='word_1_241' title='bbox 694 2126 818 2182; x_wconf 72' lang='grc' dir='ltr'>οὐδὲ</span> <span class='ocrx_word' id='word_1_242' title='bbox 896 2125 1228 2201; x_wconf 78' lang='grc' dir='ltr'>φειδομένως,</span> <span class='ocrx_word' id='word_1_243' title='bbox 1306 2129 1423 2177; x_wconf 71' lang='grc' dir='ltr'>οὔτε</span> <span class='ocrx_word' id='word_1_244' title='bbox 1512 2127 1614 2195; x_wconf 84' lang='grc' dir='ltr'>μὴν</span> <span class='ocrx_word' id='word_1_245' title='bbox 1682 2123 1818 2173; x_wconf 80' lang='grc' dir='ltr'>κατὰ</span> 
     </span>
    </p>
   </div>
   <div class='ocr_carea' id='block_1_38' title="bbox 234 2211 1813 2295">
    <p class='ocr_par' dir='ltr' id='par_1_38' title="bbox 234 2211 1813 2295">
     <span class='ocr_line' id='line_1_38' title="bbox 234 2211 1813 2295; baseline -0.008 -22"><span class='ocrx_word' id='word_1_246' title='bbox 234 2223 447 2293; x_wconf 70' lang='grc' dir='ltr'>στράγγα</span> <span class='ocrx_word' id='word_1_247' title='bbox 491 2221 649 2295; x_wconf 79' lang='grc' dir='ltr'>ῥέων,</span> <span class='ocrx_word' id='word_1_248' title='bbox 707 2217 835 2270; x_wconf 79' lang='grc' dir='ltr'>ἀλλα</span> <span class='ocrx_word' id='word_1_249' title='bbox 885 2223 972 2270; x_wconf 83' lang='grc' dir='ltr'>καὶ</span> <span class='ocrx_word' id='word_1_250' title='bbox 1021 2217 1135 2269; x_wconf 84' lang='grc' dir='ltr'>λίαν</span> <span class='ocrx_word' id='word_1_251' title='bbox 1180 2211 1360 2287; x_wconf 83' lang='grc' dir='ltr'>χύδην</span> <span class='ocrx_word' id='word_1_252' title='bbox 1399 2217 1490 2265; x_wconf 84' lang='grc' dir='ltr'>καὶ</span> <span class='ocrx_word' id='word_1_253' title='bbox 1524 2211 1813 2283; x_wconf 79' lang='grc' dir='ltr'>ἀνειμένως,</span> 
     </span>
    </p>
   </div>
   <div class='ocr_carea' id='block_1_39' title="bbox 232 2305 1815 2381">
    <p class='ocr_par' dir='ltr' id='par_1_39' title="bbox 232 2305 1815 2381">
     <span class='ocr_line' id='line_1_39' title="bbox 232 2305 1815 2381; baseline -0.006 -20"><span class='ocrx_word' id='word_1_254' title='bbox 232 2308 391 2381; x_wconf 70' lang='grc' dir='ltr'>ἀμφοῖν</span> <span class='ocrx_word' id='word_1_255' title='bbox 436 2317 668 2381; x_wconf 80' lang='grc' dir='ltr'>χειροῖν,</span> <span class='ocrx_word' id='word_1_256' title='bbox 725 2312 782 2359; x_wconf 88' lang='grc' dir='ltr'>τὸ</span> <span class='ocrx_word' id='word_1_257' title='bbox 825 2315 916 2359; x_wconf 72' lang='grc' dir='ltr'>τοῦ</span> <span class='ocrx_word' id='word_1_258' title='bbox 967 2307 1145 2377; x_wconf 75' lang='grc' dir='ltr'>λόγου,</span> <span class='ocrx_word' id='word_1_259' title='bbox 1195 2308 1324 2378; x_wconf 89' lang='grc' dir='ltr'>πρὸς</span> <span class='ocrx_word' id='word_1_260' title='bbox 1381 2305 1470 2363; x_wconf 84' lang='grc' dir='ltr'>τὰς</span> <span class='ocrx_word' id='word_1_261' title='bbox 1518 2310 1616 2353; x_wconf 85' lang='grc' dir='ltr'>τῶν</span> <span class='ocrx_word' id='word_1_262' title='bbox 1669 2305 1815 2357; x_wconf 83' lang='grc' dir='ltr'>πενή-</span> 
     </span>
    </p>
   </div>
   <div class='ocr_carea' id='block_1_40' title="bbox 232 2395 1817 2465">
    <p class='ocr_par' dir='ltr' id='par_1_40' title="bbox 232 2395 1817 2465">
     <span class='ocr_line' id='line_1_40' title="bbox 232 2395 1817 2465; baseline -0.006 -16"><span class='ocrx_word' id='word_1_263' title='bbox 232 2417 314 2450; x_wconf 80' lang='grc' dir='ltr'>των</span> <span class='ocrx_word' id='word_1_264' title='bbox 358 2403 385 2457; x_wconf 78' lang='grc' dir='ltr'><strong><em>ἦ</em></strong></span> <span class='ocrx_word' id='word_1_265' title='bbox 449 2404 748 2451; x_wconf 84' lang='grc' dir='ltr'>πεινώντων</span> <span class='ocrx_word' id='word_1_266' title='bbox 816 2395 1083 2449; x_wconf 75' lang='grc' dir='ltr'>ἀπαντλῶν</span> <span class='ocrx_word' id='word_1_267' title='bbox 1151 2397 1431 2465; x_wconf 72' lang='grc' dir='ltr'>γαστέρας,</span> <span class='ocrx_word' id='word_1_268' title='bbox 1502 2395 1592 2443; x_wconf 83' lang='grc' dir='ltr'>καὶ</span> <span class='ocrx_word' id='word_1_269' title='bbox 1665 2397 1817 2441; x_wconf 82' lang='grc' dir='ltr'>τουτο</span> 
     </span>
    </p>
   </div>
   <div class='ocr_carea' id='block_1_41' title="bbox 230 2480 1818 2559">
    <p class='ocr_par' dir='ltr' id='par_1_41' title="bbox 230 2480 1818 2559">
     <span class='ocr_line' id='line_1_41' title="bbox 230 2480 1818 2559; baseline -0.007 -19"><span class='ocrx_word' id='word_1_270' title='bbox 230 2489 317 2559; x_wconf 71' lang='grc' dir='ltr'>οὐχ</span> <span class='ocrx_word' id='word_1_271' title='bbox 342 2488 495 2552; x_wconf 73' lang='grc' dir='ltr'>ἅπαξ,</span> <span class='ocrx_word' id='word_1_272' title='bbox 540 2484 672 2540; x_wconf 76' lang='grc' dir='ltr'>ούδέ</span> <span class='ocrx_word' id='word_1_273' title='bbox 707 2483 812 2551; x_wconf 83' lang='grc' dir='ltr'>δὶς,</span> <span class='ocrx_word' id='word_1_274' title='bbox 847 2485 973 2537; x_wconf 76' lang='grc' dir='ltr'>ἀλλὰ</span> <span class='ocrx_word' id='word_1_275' title='bbox 1021 2481 1115 2536; x_wconf 80' lang='grc' dir='ltr'>διὰ</span> <span class='ocrx_word' id='word_1_276' title='bbox 1138 2487 1332 2545; x_wconf 89' lang='grc' dir='ltr'>παντὸς</span> <span class='ocrx_word' id='word_1_277' title='bbox 1360 2489 1451 2535; x_wconf 82' lang='grc' dir='ltr'>τοῦ</span> <span class='ocrx_word' id='word_1_278' title='bbox 1481 2480 1602 2553; x_wconf 84' lang='grc' dir='ltr'>βίου</span> <span class='ocrx_word' id='word_1_279' title='bbox 1634 2480 1818 2531; x_wconf 84' lang='grc' dir='ltr'>ποιού-</span> 
     </span>
    </p>
   </div>
   <div class='ocr_carea' id='block_1_42' title="bbox 231 2572 1821 2649">
    <p class='ocr_par' dir='ltr' id='par_1_42' title="bbox 231 2572 1821 2649">
     <span class='ocr_line' id='line_1_42' title="bbox 231 2572 1821 2649; baseline -0.007 -19"><span class='ocrx_word' id='word_1_280' title='bbox 231 2595 372 2649; x_wconf 72' lang='grc' dir='ltr'>μινοςο</span> <span class='ocrx_word' id='word_1_281' title='bbox 421 2577 699 2637; x_wconf 70' lang='grc' dir='ltr'>ἡλικιῶτις</span> <span class='ocrx_word' id='word_1_282' title='bbox 744 2578 845 2649; x_wconf 76' lang='grc' dir='ltr'>γὰρ</span> <span class='ocrx_word' id='word_1_283' title='bbox 895 2575 1035 2645; x_wconf 68' lang='grc' dir='ltr'>αὐτῷ</span> <span class='ocrx_word' id='word_1_284' title='bbox 1078 2579 1169 2626; x_wconf 77' lang='grc' dir='ltr'>καὶ</span> <span class='ocrx_word' id='word_1_285' title='bbox 1214 2576 1496 2643; x_wconf 76' lang='grc' dir='ltr'>σύντροφος</span> <span class='ocrx_word' id='word_1_286' title='bbox 1556 2572 1689 2641; x_wconf 81' lang='grc' dir='ltr'>ἄχρι</span> <span class='ocrx_word' id='word_1_287' title='bbox 1742 2572 1821 2620; x_wconf 84' lang='grc' dir='ltr'>τί-</span> 
     </span>
    </p>
   </div>
   <div class='ocr_carea' id='block_1_43' title="bbox 230 2657 1820 2734">
    <p class='ocr_par' dir='ltr' id='par_1_43' title="bbox 230 2657 1820 2734">
     <span class='ocr_line' id='line_1_43' title="bbox 230 2657 1820 2734; baseline -0.006 -17"><span class='ocrx_word' id='word_1_288' title='bbox 230 2666 330 2727; x_wconf 81' lang='grc' dir='ltr'>λονς</span> <span class='ocrx_word' id='word_1_289' title='bbox 375 2667 402 2723; x_wconf 80' lang='grc' dir='ltr'>ἡ</span> <span class='ocrx_word' id='word_1_290' title='bbox 452 2664 804 2734; x_wconf 79' lang='grc' dir='ltr'>ἐλεημοσύνη.</span> <span class='ocrx_word' id='word_1_291' title='bbox 858 2666 962 2723; x_wconf 84' lang='grc' dir='ltr'>Τὰς</span> <span class='ocrx_word' id='word_1_292' title='bbox 1011 2659 1070 2715; x_wconf 72' lang='grc' dir='ltr'>δε</span> <span class='ocrx_word' id='word_1_293' title='bbox 1114 2670 1214 2713; x_wconf 86' lang='grc' dir='ltr'>τῶν</span> <span class='ocrx_word' id='word_1_294' title='bbox 1255 2658 1453 2713; x_wconf 85' lang='grc' dir='ltr'>δούλων</span> <span class='ocrx_word' id='word_1_295' title='bbox 1496 2658 1676 2729; x_wconf 70' lang='grc' dir='ltr'>ἀγέλας</span> <span class='ocrx_word' id='word_1_296' title='bbox 1702 2657 1820 2709; x_wconf 71' lang='grc' dir='ltr'>οὐκ⁹</span> 
     </span>
    </p>
   </div>
   <div class='ocr_carea' id='block_1_44' title="bbox 238 2744 1819 2828">
    <p class='ocr_par' dir='ltr' id='par_1_44' title="bbox 238 2744 1819 2828">
     <span class='ocr_line' id='line_1_44' title="bbox 238 2744 1819 2828; baseline -0.006 -21"><span class='ocrx_word' id='word_1_297' title='bbox 238 2758 297 2807; x_wconf 77' lang='grc' dir='ltr'>ἐτι</span> <span class='ocrx_word' id='word_1_298' title='bbox 342 2760 499 2827; x_wconf 81' lang='grc' dir='ltr'>μένειν</span> <span class='ocrx_word' id='word_1_299' title='bbox 555 2754 687 2828; x_wconf 85' lang='grc' dir='ltr'>παρ’</span> <span class='ocrx_word' id='word_1_300' title='bbox 744 2753 911 2823; x_wconf 79' lang='grc' dir='ltr'>ἑαυτῷ</span> <span class='ocrx_word' id='word_1_301' title='bbox 970 2752 1140 2815; x_wconf 80' lang='grc' dir='ltr'>ἠξίου,</span> <span class='ocrx_word' id='word_1_302' title='bbox 1194 2748 1317 2803; x_wconf 72' lang='grc' dir='ltr'>οὐδὲ</span> <span class='ocrx_word' id='word_1_303' title='bbox 1370 2758 1469 2801; x_wconf 83' lang='grc' dir='ltr'>τῶν</span> <span class='ocrx_word' id='word_1_304' title='bbox 1522 2744 1819 2819; x_wconf 79' lang='grc' dir='ltr'>ὁμοδούλων</span> 
     </span>
    </p>
   </div>
   <div class='ocr_carea' id='block_1_45' title="bbox 236 2836 1818 2916">
    <p class='ocr_par' dir='ltr' id='par_1_45' title="bbox 236 2836 1818 2916">
     <span class='ocr_line' id='line_1_45' title="bbox 236 2836 1818 2916; baseline -0.006 -21"><span class='ocrx_word' id='word_1_305' title='bbox 236 2846 548 2916; x_wconf 72' lang='grc' dir='ltr'>ὑπερηφάνως</span> <span class='ocrx_word' id='word_1_306' title='bbox 591 2844 707 2896; x_wconf 77' lang='grc' dir='ltr'>κατ’</span> <span class='ocrx_word' id='word_1_307' title='bbox 767 2842 1056 2899; x_wconf 80' lang='grc' dir='ltr'>αὐθεντίαν.</span> <span class='ocrx_word' id='word_1_308' title='bbox 1110 2838 1217 2892; x_wconf 77' lang='grc' dir='ltr'>ἀλλ’</span> <span class='ocrx_word' id='word_1_309' title='bbox 1277 2838 1560 2912; x_wconf 78' lang='grc' dir='ltr'>ἐλευθερίας</span> <span class='ocrx_word' id='word_1_310' title='bbox 1630 2836 1818 2908; x_wconf 70' lang='grc' dir='ltr'>μᾶλλον</span> 
     </span>
    </p>
   </div>
   <div class='ocr_carea' id='block_1_46' title="bbox 231 2928 1821 3004">
    <p class='ocr_par' dir='ltr' id='par_1_46' title="bbox 231 2928 1821 3004">
     <span class='ocr_line' id='line_1_46' title="bbox 231 2928 1821 3004; baseline -0.004 -21"><span class='ocrx_word' id='word_1_311' title='bbox 231 2933 420 3003; x_wconf 62' lang='grc' dir='ltr'>εὐγενῶς</span> <span class='ocrx_word' id='word_1_312' title='bbox 469 2934 652 2995; x_wconf 78' lang='grc' dir='ltr'>ἠξίου,</span> <span class='ocrx_word' id='word_1_313' title='bbox 722 2932 993 3004; x_wconf 66' lang='grc' dir='ltr'>αὐτάρκεις</span> <span class='ocrx_word' id='word_1_314' title='bbox 1044 2930 1227 2991; x_wconf 76' lang='grc' dir='ltr'>αὐτοῖς</span> <span class='ocrx_word' id='word_1_315' title='bbox 1279 2932 1525 3003; x_wconf 77' lang='grc' dir='ltr'>παρέχων</span> <span class='ocrx_word' id='word_1_316' title='bbox 1578 2930 1666 2978; x_wconf 71' lang='grc' dir='ltr'>καί⁹</span> <span class='ocrx_word' id='word_1_317' title='bbox 1728 2928 1821 2985; x_wconf 79' lang='grc' dir='ltr'>τὰς</span> 
     </span>
    </p>
   </div>
   <div class='ocr_carea' id='block_1_47' title="bbox 232 3014 1819 3095">
    <p class='ocr_par' dir='ltr' id='par_1_47' title="bbox 232 3014 1819 3095">
     <span class='ocr_line' id='line_1_47' title="bbox 232 3014 1819 3095; baseline -0.004 -23"><span class='ocrx_word' id='word_1_318' title='bbox 232 3027 337 3093; x_wconf 81' lang='grc' dir='ltr'>πρὸς</span> <span class='ocrx_word' id='word_1_319' title='bbox 386 3027 441 3074; x_wconf 81' lang='grc' dir='ltr'>τὸ</span> <span class='ocrx_word' id='word_1_320' title='bbox 493 3023 596 3095; x_wconf 74' lang='grc' dir='ltr'>ζῇν</span> <span class='ocrx_word' id='word_1_321' title='bbox 649 3021 905 3095; x_wconf 73' lang='grc' dir='ltr'>ἀφορμάς.</span> <span class='ocrx_word' id='word_1_322' title='bbox 954 3024 1018 3073; x_wconf 87' lang='grc' dir='ltr'>Τί</span> <span class='ocrx_word' id='word_1_323' title='bbox 1066 3022 1168 3093; x_wconf 75' lang='grc' dir='ltr'>γὰρ</span> <span class='ocrx_word' id='word_1_324' title='bbox 1218 3014 1384 3070; x_wconf 77' lang='grc' dir='ltr'>ἐδεῖτο</span> <span class='ocrx_word' id='word_1_325' title='bbox 1422 3024 1511 3077; x_wconf 78' lang='grc' dir='ltr'>τῆς</span> <span class='ocrx_word' id='word_1_326' title='bbox 1543 3014 1596 3079; x_wconf 82' lang='grc' dir='ltr'><strong>ἐξ</strong></span> <span class='ocrx_word' id='word_1_327' title='bbox 1626 3014 1819 3090; x_wconf 78' lang='grc' dir='ltr'>ἀνθρώ-</span> 
     </span>
    </p>
   </div>
   <div class='ocr_carea' id='block_1_48' title="bbox 1924 1835 3568 1916">
    <p class='ocr_par' dir='ltr' id='par_1_48' title="bbox 1924 1835 3568 1916">
     <span class='ocr_line' id='line_1_48' title="bbox 1924 1835 3568 1916; baseline 0 -19"><span class='ocrx_word' id='word_1_328' title='bbox 1924 1843 2062 1899; x_wconf 91' lang='lat' dir='ltr'>dere</span> <span class='ocrx_word' id='word_1_329' title='bbox 2079 1859 2150 1898; x_wconf 88' lang='lat' dir='ltr'>ea</span> <span class='ocrx_word' id='word_1_330' title='bbox 2178 1860 2315 1915; x_wconf 63' lang='lat' dir='ltr'>qua;</span> <span class='ocrx_word' id='word_1_331' title='bbox 2337 1846 2467 1916; x_wconf 90' lang='lat' dir='ltr'>quis</span> <span class='ocrx_word' id='word_1_332' title='bbox 2496 1844 2689 1911; x_wconf 88' lang='lat' dir='ltr'>habet,</span> <span class='ocrx_word' id='word_1_333' title='bbox 2721 1847 2780 1898; x_wconf 89' lang='lat' dir='ltr'>et</span> <span class='ocrx_word' id='word_1_334' title='bbox 2797 1842 3064 1914; x_wconf 66' lang='lat' dir='ltr'>praebere</span> <span class='ocrx_word' id='word_1_335' title='bbox 3085 1835 3568 1906; x_wconf 65' lang='lat' dir='ltr'>eleemosynam‘,</span> 
     </span>
    </p>
   </div>
   <div class='ocr_carea' id='block_1_49' title="bbox 1926 1924 3571 2005">
    <p class='ocr_par' dir='ltr' id='par_1_49' title="bbox 1926 1924 3571 2005">
     <span class='ocr_line' id='line_1_49' title="bbox 1926 1924 3571 2005; baseline -0.009 -17"><span class='ocrx_word' id='word_1_336' title='bbox 1926 1937 1983 1989; x_wconf 86' lang='lat' dir='ltr'>et</span> <span class='ocrx_word' id='word_1_337' title='bbox 2004 1933 2141 1988; x_wconf 90' lang='lat' dir='ltr'>hinc</span> <span class='ocrx_word' id='word_1_338' title='bbox 2166 1930 2372 2005; x_wconf 88' lang='lat' dir='ltr'>parare</span> <span class='ocrx_word' id='word_1_339' title='bbox 2389 1949 2723 1995; x_wconf 89' lang='lat' dir='ltr'>crumenas,</span> <span class='ocrx_word' id='word_1_340' title='bbox 2748 1948 2885 2003; x_wconf 72' lang='lat' dir='ltr'>qum</span> <span class='ocrx_word' id='word_1_341' title='bbox 2914 1930 3159 1985; x_wconf 91' lang='lat' dir='ltr'>minime</span> <span class='ocrx_word' id='word_1_342' title='bbox 3182 1924 3571 1979; x_wconf 88' lang='lat' dir='ltr'>veterascunt.</span> 
     </span>
    </p>
   </div>
   <div class='ocr_carea' id='block_1_50' title="bbox 1930 2013 3576 2095">
    <p class='ocr_par' dir='ltr' id='par_1_50' title="bbox 1930 2013 3576 2095">
     <span class='ocr_line' id='line_1_50' title="bbox 1930 2013 3576 2095; baseline -0.009 -17"><span class='ocrx_word' id='word_1_343' title='bbox 1930 2023 2116 2078; x_wconf 87' lang='lat' dir='ltr'>Dabat</span> <span class='ocrx_word' id='word_1_344' title='bbox 2138 2039 2274 2076; x_wconf 91' lang='lat' dir='ltr'>vero</span> <span class='ocrx_word' id='word_1_345' title='bbox 2302 2039 2446 2095; x_wconf 89' lang='lat' dir='ltr'>opes</span> <span class='ocrx_word' id='word_1_346' title='bbox 2477 2039 2595 2078; x_wconf 92' lang='lat' dir='ltr'>non</span> <span class='ocrx_word' id='word_1_347' title='bbox 2628 2038 2823 2093; x_wconf 87' lang='lat' dir='ltr'>parce,</span> <span class='ocrx_word' id='word_1_348' title='bbox 2849 2021 3027 2090; x_wconf 87' lang='lat' dir='ltr'>idque</span> <span class='ocrx_word' id='word_1_349' title='bbox 3052 2033 3159 2072; x_wconf 88' lang='lat' dir='ltr'>nec</span> <span class='ocrx_word' id='word_1_350' title='bbox 3195 2013 3443 2071; x_wconf 85' lang='lat' dir='ltr'>tenuiter</span> <span class='ocrx_word' id='word_1_351' title='bbox 3469 2025 3576 2064; x_wconf 88' lang='lat' dir='ltr'>uec</span> 
     </span>
    </p>
   </div>
   <div class='ocr_carea' id='block_1_51' title="bbox 1927 2101 3574 2181">
    <p class='ocr_par' dir='ltr' id='par_1_51' title="bbox 1927 2101 3574 2181">
     <span class='ocr_line' id='line_1_51' title="bbox 1927 2101 3574 2181; baseline -0.008 -15"><span class='ocrx_word' id='word_1_352' title='bbox 1927 2114 2197 2180; x_wconf 82' lang='lat' dir='ltr'>guttatim</span> <span class='ocrx_word' id='word_1_353' title='bbox 2220 2111 2533 2175; x_wconf 89' lang='lat' dir='ltr'>distillans,</span> <span class='ocrx_word' id='word_1_354' title='bbox 2560 2112 2665 2167; x_wconf 93' lang='lat' dir='ltr'>sed</span> <span class='ocrx_word' id='word_1_355' title='bbox 2700 2110 2935 2181; x_wconf 86' lang='lat' dir='ltr'>profuse</span> <span class='ocrx_word' id='word_1_356' title='bbox 2958 2106 3288 2163; x_wconf 86' lang='lat' dir='ltr'>admodum</span> <span class='ocrx_word' id='word_1_357' title='bbox 3312 2108 3368 2157; x_wconf 93' lang='lat' dir='ltr'>et</span> <span class='ocrx_word' id='word_1_358' title='bbox 3390 2101 3574 2168; x_wconf 82' lang='lat' dir='ltr'>large,</span> 
     </span>
    </p>
   </div>
   <div class='ocr_carea' id='block_1_52' title="bbox 1925 2192 3578 2267">
    <p class='ocr_par' dir='ltr' id='par_1_52' title="bbox 1925 2192 3578 2267">
     <span class='ocr_line' id='line_1_52' title="bbox 1925 2192 3578 2267; baseline -0.009 -10"><span class='ocrx_word' id='word_1_359' title='bbox 1925 2201 2248 2267; x_wconf 90' lang='lat' dir='ltr'>ambabus,</span> <span class='ocrx_word' id='word_1_360' title='bbox 2304 2205 2367 2255; x_wconf 91' lang='lat' dir='ltr'>ut</span> <span class='ocrx_word' id='word_1_361' title='bbox 2394 2201 2633 2264; x_wconf 91' lang='lat' dir='ltr'>dicitur,</span> <span class='ocrx_word' id='word_1_362' title='bbox 2668 2200 2943 2255; x_wconf 89' lang='lat' dir='ltr'>manibus</span> <span class='ocrx_word' id='word_1_363' title='bbox 2976 2195 3289 2253; x_wconf 72' lang='lat' dir='ltr'>effundens</span> <span class='ocrx_word' id='word_1_364' title='bbox 3330 2192 3388 2246; x_wconf 90' lang='lat' dir='ltr'>in</span> <span class='ocrx_word' id='word_1_365' title='bbox 3431 2206 3578 2244; x_wconf 89' lang='lat' dir='ltr'>ven-</span> 
     </span>
    </p>
   </div>
   <div class='ocr_carea' id='block_1_53' title="bbox 1928 2277 3575 2363">
    <p class='ocr_par' dir='ltr' id='par_1_53' title="bbox 1928 2277 3575 2363">
     <span class='ocr_line' id='line_1_53' title="bbox 1928 2277 3575 2363; baseline -0.009 -16"><span class='ocrx_word' id='word_1_366' title='bbox 1928 2297 2041 2347; x_wconf 90' lang='lat' dir='ltr'>tres</span> <span class='ocrx_word' id='word_1_367' title='bbox 2070 2298 2545 2363; x_wconf 89' lang='lat' dir='ltr'>pauperum,aut</span> <span class='ocrx_word' id='word_1_368' title='bbox 2575 2291 2956 2345; x_wconf 79' lang='lat' dir='ltr'>esurientium</span> <span class='ocrx_word' id='word_1_369' title='bbox 2988 2302 3003 2352; x_wconf 92' lang='lat'><strong>;</strong></span> <span class='ocrx_word' id='word_1_370' title='bbox 3032 2286 3214 2357; x_wconf 89' lang='lat' dir='ltr'>idque</span> <span class='ocrx_word' id='word_1_371' title='bbox 3243 2297 3365 2337; x_wconf 93' lang='lat' dir='ltr'>non</span> <span class='ocrx_word' id='word_1_372' title='bbox 3380 2277 3575 2342; x_wconf 76' lang='lat' dir='ltr'>Semel,</span> 
     </span>
    </p>
   </div>
   <div class='ocr_carea' id='block_1_54' title="bbox 1929 2372 3579 2452">
    <p class='ocr_par' dir='ltr' id='par_1_54' title="bbox 1929 2372 3579 2452">
     <span class='ocr_line' id='line_1_54' title="bbox 1929 2372 3579 2452; baseline -0.007 -15"><span class='ocrx_word' id='word_1_373' title='bbox 1929 2386 2032 2437; x_wconf 89' lang='lat' dir='ltr'>aut</span> <span class='ocrx_word' id='word_1_374' title='bbox 2063 2380 2173 2445; x_wconf 90' lang='lat' dir='ltr'>bis,</span> <span class='ocrx_word' id='word_1_375' title='bbox 2204 2382 2307 2434; x_wconf 90' lang='lat' dir='ltr'>sed</span> <span class='ocrx_word' id='word_1_376' title='bbox 2340 2396 2443 2452; x_wconf 90' lang='lat' dir='ltr'>per</span> <span class='ocrx_word' id='word_1_377' title='bbox 2483 2387 2665 2436; x_wconf 92' lang='lat' dir='ltr'>totam</span> <span class='ocrx_word' id='word_1_378' title='bbox 2696 2382 2876 2435; x_wconf 84' lang='lat' dir='ltr'>vitam</span> <span class='ocrx_word' id='word_1_379' title='bbox 2904 2396 2916 2433; x_wconf 91' lang='lat'><strong>:</strong></span> <span class='ocrx_word' id='word_1_380' title='bbox 2959 2380 3219 2432; x_wconf 89' lang='lat' dir='ltr'>connata</span> <span class='ocrx_word' id='word_1_381' title='bbox 3251 2372 3409 2427; x_wconf 92' lang='lat' dir='ltr'>enim</span> <span class='ocrx_word' id='word_1_382' title='bbox 3440 2383 3579 2425; x_wconf 87' lang='lat' dir='ltr'>cum</span> 
     </span>
    </p>
   </div>
   <div class='ocr_carea' id='block_1_55' title="bbox 1927 2460 3581 2542">
    <p class='ocr_par' dir='ltr' id='par_1_55' title="bbox 1927 2460 3581 2542">
     <span class='ocr_line' id='line_1_55' title="bbox 1927 2460 3581 2542; baseline -0.015 -7"><span class='ocrx_word' id='word_1_383' title='bbox 1927 2470 2059 2542; x_wconf 81' lang='lat' dir='ltr'>ipso</span> <span class='ocrx_word' id='word_1_384' title='bbox 2091 2484 2147 2532; x_wconf 91' lang='lat' dir='ltr'>et</span> <span class='ocrx_word' id='word_1_385' title='bbox 2176 2472 2511 2529; x_wconf 87' lang='lat' dir='ltr'>connutrita</span> <span class='ocrx_word' id='word_1_386' title='bbox 2551 2485 2739 2542; x_wconf 90' lang='lat' dir='ltr'>usque</span> <span class='ocrx_word' id='word_1_387' title='bbox 2782 2469 2858 2524; x_wconf 91' lang='lat' dir='ltr'>ad</span> <span class='ocrx_word' id='word_1_388' title='bbox 2906 2473 3157 2522; x_wconf 87' lang='lat' dir='ltr'>mortem</span> <span class='ocrx_word' id='word_1_389' title='bbox 3190 2463 3300 2518; x_wconf 91' lang='lat' dir='ltr'>fuit</span> <span class='ocrx_word' id='word_1_390' title='bbox 3329 2460 3581 2514; x_wconf 85' lang='lat' dir='ltr'>eleemo-</span> 
     </span>
    </p>
   </div>
   <div class='ocr_carea' id='block_1_56' title="bbox 1930 2547 3581 2639">
    <p class='ocr_par' dir='ltr' id='par_1_56' title="bbox 1930 2547 3581 2639">
     <span class='ocr_line' id='line_1_56' title="bbox 1930 2547 3581 2639; baseline -0.013 -18"><span class='ocrx_word' id='word_1_391' title='bbox 1930 2583 2101 2639; x_wconf 85' lang='lat' dir='ltr'>syna.</span> <span class='ocrx_word' id='word_1_392' title='bbox 2138 2566 2457 2622; x_wconf 91' lang='lat' dir='ltr'>Servornm</span> <span class='ocrx_word' id='word_1_393' title='bbox 2509 2565 2709 2619; x_wconf 91' lang='lat' dir='ltr'>autem</span> <span class='ocrx_word' id='word_1_394' title='bbox 2761 2572 2970 2629; x_wconf 70' lang='lat' dir='ltr'>greges</span> <span class='ocrx_word' id='word_1_395' title='bbox 3018 2554 3257 2610; x_wconf 89' lang='lat' dir='ltr'>nolebat</span> <span class='ocrx_word' id='word_1_396' title='bbox 3317 2547 3581 2619; x_wconf 91' lang='lat' dir='ltr'>amplius</span> 
     </span>
    </p>
   </div>
   <div class='ocr_carea' id='block_1_57' title="bbox 1931 2643 3576 2729">
    <p class='ocr_par' dir='ltr' id='par_1_57' title="bbox 1931 2643 3576 2729">
     <span class='ocr_line' id='line_1_57' title="bbox 1931 2643 3576 2729; baseline -0.014 -17"><span class='ocrx_word' id='word_1_397' title='bbox 1931 2657 2095 2729; x_wconf 91' lang='lat' dir='ltr'>apud</span> <span class='ocrx_word' id='word_1_398' title='bbox 2137 2672 2197 2711; x_wconf 92' lang='lat' dir='ltr'>se</span> <span class='ocrx_word' id='word_1_399' title='bbox 2240 2669 2501 2717; x_wconf 87' lang='lat' dir='ltr'>manere,</span> <span class='ocrx_word' id='word_1_400' title='bbox 2546 2666 2741 2722; x_wconf 91' lang='lat' dir='ltr'>neque</span> <span class='ocrx_word' id='word_1_401' title='bbox 2775 2649 2832 2702; x_wconf 92' lang='lat' dir='ltr'>in</span> <span class='ocrx_word' id='word_1_402' title='bbox 2876 2661 3076 2701; x_wconf 90' lang='lat' dir='ltr'>servos</span> <span class='ocrx_word' id='word_1_403' title='bbox 3113 2643 3193 2697; x_wconf 90' lang='lat' dir='ltr'>uti</span> <span class='ocrx_word' id='word_1_404' title='bbox 3228 2643 3576 2707; x_wconf 80' lang='lat' dir='ltr'>arroganter</span> 
     </span>
    </p>
   </div>
   <div class='ocr_carea' id='block_1_58' title="bbox 1928 2727 3578 2817">
    <p class='ocr_par' dir='ltr' id='par_1_58' title="bbox 1928 2727 3578 2817">
     <span class='ocr_line' id='line_1_58' title="bbox 1928 2727 3578 2817; baseline -0.015 -15"><span class='ocrx_word' id='word_1_405' title='bbox 1928 2727 2219 2817; x_wconf 85' lang='lat' dir='ltr'>imperio:</span> <span class='ocrx_word' id='word_1_406' title='bbox 2256 2744 2360 2799; x_wconf 90' lang='lat' dir='ltr'>sed</span> <span class='ocrx_word' id='word_1_407' title='bbox 2392 2742 2583 2806; x_wconf 87' lang='lat' dir='ltr'>potius</span> <span class='ocrx_word' id='word_1_408' title='bbox 2604 2740 2868 2794; x_wconf 87' lang='lat' dir='ltr'>libertate</span> <span class='ocrx_word' id='word_1_409' title='bbox 2908 2735 3163 2803; x_wconf 89' lang='lat' dir='ltr'>ingenue</span> <span class='ocrx_word' id='word_1_410' title='bbox 3194 2727 3578 2798; x_wconf 86' lang='lat' dir='ltr'>dignabatur,</span> 
     </span>
    </p>
   </div>
   <div class='ocr_carea' id='block_1_59' title="bbox 1929 2816 3575 2904">
    <p class='ocr_par' dir='ltr' id='par_1_59' title="bbox 1929 2816 3575 2904">
     <span class='ocr_line' id='line_1_59' title="bbox 1929 2816 3575 2904; baseline -0.015 -13"><span class='ocrx_word' id='word_1_411' title='bbox 1929 2816 2281 2890; x_wconf 87' lang='lat' dir='ltr'>eisabunde</span> <span class='ocrx_word' id='word_1_412' title='bbox 2325 2832 2620 2904; x_wconf 70' lang='lat' dir='ltr'>praebens,</span> <span class='ocrx_word' id='word_1_413' title='bbox 2677 2827 2838 2899; x_wconf 89' lang='lat' dir='ltr'>quod</span> <span class='ocrx_word' id='word_1_414' title='bbox 2871 2825 2950 2880; x_wconf 91' lang='lat' dir='ltr'>ad</span> <span class='ocrx_word' id='word_1_415' title='bbox 2987 2825 3210 2877; x_wconf 89' lang='lat' dir='ltr'>victum</span> <span class='ocrx_word' id='word_1_416' title='bbox 3259 2816 3575 2872; x_wconf 85' lang='lat' dir='ltr'>sufﬁceret.</span> 
     </span>
    </p>
   </div>
   <div class='ocr_carea' id='block_1_60' title="bbox 1930 2903 3581 2992">
    <p class='ocr_par' dir='ltr' id='par_1_60' title="bbox 1930 2903 3581 2992">
     <span class='ocr_line' id='line_1_60' title="bbox 1930 2903 3581 2992; baseline -0.013 -16"><span class='ocrx_word' id='word_1_417' title='bbox 1930 2924 2078 2990; x_wconf 87' lang='lat' dir='ltr'>Quid</span> <span class='ocrx_word' id='word_1_418' title='bbox 2101 2924 2257 2979; x_wconf 90' lang='lat' dir='ltr'>enim</span> <span class='ocrx_word' id='word_1_419' title='bbox 2293 2903 2343 2978; x_wconf 85' lang='lat' dir='ltr'>ei</span> <span class='ocrx_word' id='word_1_420' title='bbox 2370 2937 2513 2992; x_wconf 90' lang='lat' dir='ltr'>opus</span> <span class='ocrx_word' id='word_1_421' title='bbox 2538 2924 2659 2973; x_wconf 88' lang='lat' dir='ltr'>erat</span> <span class='ocrx_word' id='word_1_422' title='bbox 2692 2916 2963 2971; x_wconf 82' lang='lat' dir='ltr'>servitute</span> <span class='ocrx_word' id='word_1_423' title='bbox 3012 2909 3349 2972; x_wconf 88' lang='lat' dir='ltr'>hominum,</span> <span class='ocrx_word' id='word_1_424' title='bbox 3389 2903 3495 2976; x_wconf 90' lang='lat' dir='ltr'>qui</span> <span class='ocrx_word' id='word_1_425' title='bbox 3519 2916 3581 2956; x_wconf 89' lang='lat' dir='ltr'>se</span> 
     </span>
    </p>
   </div>
   <div class='ocr_carea' id='block_1_61' title="bbox 1933 3002 3579 3081">
    <p class='ocr_par' dir='ltr' id='par_1_61' title="bbox 1933 3002 3579 3081">
     <span class='ocr_line' id='line_1_61' title="bbox 1933 3002 3579 3081; baseline -0.015 -13"><span class='ocrx_word' id='word_1_426' title='bbox 1933 3029 2138 3068; x_wconf 89' lang='lat' dir='ltr'>verum</span> <span class='ocrx_word' id='word_1_427' title='bbox 2165 3020 2221 3068; x_wconf 92' lang='lat' dir='ltr'>et</span> <span class='ocrx_word' id='word_1_428' title='bbox 2248 3025 2604 3081; x_wconf 91' lang='lat' dir='ltr'>germanum</span> <span class='ocrx_word' id='word_1_429' title='bbox 2635 3021 2870 3062; x_wconf 88' lang='lat' dir='ltr'>servum</span> <span class='ocrx_word' id='word_1_430' title='bbox 2907 3002 3157 3058; x_wconf 90' lang='lat' dir='ltr'>Domino</span> <span class='ocrx_word' id='word_1_431' title='bbox 3191 3006 3579 3052; x_wconf 53' lang='lat' dir='ltr'>consecrave-</span> 
     </span>
    </p>
   </div>
   <div class='ocr_carea' id='block_1_62' title="bbox 232 3084 1816 3181">
    <p class='ocr_par' dir='ltr' id='par_1_62' title="bbox 232 3102 1816 3181">
     <span class='ocr_line' id='line_1_62' title="bbox 232 3102 1816 3181; baseline -0.004 -20"><span class='ocrx_word' id='word_1_432' title='bbox 232 3129 320 3161; x_wconf 72' lang='grc' dir='ltr'>πων</span> <span class='ocrx_word' id='word_1_433' title='bbox 349 3108 580 3173; x_wconf 78' lang='grc' dir='ltr'>δουλείας</span> <span class='ocrx_word' id='word_1_434' title='bbox 617 3112 643 3162; x_wconf 85' lang='grc' dir='ltr'><strong>ὀ</strong></span> <span class='ocrx_word' id='word_1_435' title='bbox 689 3107 873 3162; x_wconf 82' lang='grc' dir='ltr'>δοῦλον</span> <span class='ocrx_word' id='word_1_436' title='bbox 920 3109 1098 3161; x_wconf 83' lang='grc' dir='ltr'>ἑαυτὸν</span> <span class='ocrx_word' id='word_1_437' title='bbox 1140 3117 1213 3178; x_wconf 82' lang='grc' dir='ltr'>τῷ</span> <span class='ocrx_word' id='word_1_438' title='bbox 1272 3112 1445 3181; x_wconf 80' lang='grc' dir='ltr'>Κυρίῳ</span> <span class='ocrx_word' id='word_1_439' title='bbox 1474 3110 1689 3177; x_wconf 78' lang='grc' dir='ltr'>γνήσιον</span> <span class='ocrx_word' id='word_1_440' title='bbox 1723 3102 1816 3175; x_wconf 76' lang='grc' dir='ltr'>ἁφν</span> 
     </span>
    </p>
   </div>
   <div class='ocr_carea' id='block_1_63' title="bbox 1929 3084 3574 3181">
    <p class='ocr_par' dir='ltr' id='par_1_63' title="bbox 1932 3084 3574 3174">
     <span class='ocr_line' id='line_1_63' title="bbox 1932 3084 3574 3174; baseline -0.015 -15"><span class='ocrx_word' id='word_1_441' title='bbox 1932 3104 2150 3160; x_wconf 86' lang='lat' dir='ltr'>rat?Sic</span> <span class='ocrx_word' id='word_1_442' title='bbox 2172 3104 2371 3174; x_wconf 86' lang='lat' dir='ltr'>itaque</span> <span class='ocrx_word' id='word_1_443' title='bbox 2416 3115 2559 3168; x_wconf 90' lang='lat' dir='ltr'>erga</span> <span class='ocrx_word' id='word_1_444' title='bbox 2610 3096 2918 3153; x_wconf 85' lang='lat' dir='ltr'>facultates</span> <span class='ocrx_word' id='word_1_445' title='bbox 2957 3090 3226 3151; x_wconf 80' lang='lat' dir='ltr'>affectus,</span> <span class='ocrx_word' id='word_1_446' title='bbox 3274 3084 3574 3153; x_wconf 88' lang='lat' dir='ltr'>rebusque</span> 
     </span>
    </p>
   </div>
   <div class='ocr_carea' id='block_1_64' title="bbox 232 3193 1818 3274">
    <p class='ocr_par' dir='ltr' id='par_1_64' title="bbox 232 3193 1818 3274">
     <span class='ocr_line' id='line_1_64' title="bbox 232 3193 1818 3274; baseline -0.004 -23"><span class='ocrx_word' id='word_1_447' title='bbox 232 3204 557 3274; x_wconf 81' lang='grc' dir='ltr'>οσιωσάμενος</span> <span class='ocrx_word' id='word_1_448' title='bbox 600 3218 617 3266; x_wconf 89' lang='grc'>;</span> <span class='ocrx_word' id='word_1_449' title='bbox 650 3199 801 3252; x_wconf 82' lang='grc' dir='ltr'>Οὕτω</span> <span class='ocrx_word' id='word_1_450' title='bbox 847 3207 971 3269; x_wconf 80' lang='grc' dir='ltr'>γοῦν</span> <span class='ocrx_word' id='word_1_451' title='bbox 1001 3202 1117 3270; x_wconf 89' lang='grc' dir='ltr'>περὶ</span> <span class='ocrx_word' id='word_1_452' title='bbox 1147 3200 1212 3249; x_wconf 81' lang='grc' dir='ltr'>τὰ</span> <span class='ocrx_word' id='word_1_453' title='bbox 1244 3201 1365 3249; x_wconf 83' lang='grc' dir='ltr'>ὄντα</span> <span class='ocrx_word' id='word_1_454' title='bbox 1394 3193 1427 3248; x_wconf 86' lang='grc' dir='ltr'>δ</span> <span class='ocrx_word' id='word_1_455' title='bbox 1434 3197 1669 3260; x_wconf 86' lang='grc' dir='ltr'>ιατεθεις,</span> <span class='ocrx_word' id='word_1_456' title='bbox 1720 3202 1818 3245; x_wconf 88' lang='grc' dir='ltr'>τῶ-</span> 
     </span>
    </p>
   </div>
   <div class='ocr_carea' id='block_1_65' title="bbox 233 3285 1821 3362">
    <p class='ocr_par' dir='ltr' id='par_1_65' title="bbox 233 3285 1821 3362">
     <span class='ocr_line' id='line_1_65' title="bbox 233 3285 1821 3362; baseline -0.004 -23"><span class='ocrx_word' id='word_1_457' title='bbox 233 3296 536 3362; x_wconf 71' lang='grc' dir='ltr'>προσκαίρων</span> <span class='ocrx_word' id='word_1_458' title='bbox 598 3295 693 3341; x_wconf 84' lang='grc' dir='ltr'>καὶ</span> <span class='ocrx_word' id='word_1_459' title='bbox 740 3292 891 3341; x_wconf 86' lang='grc' dir='ltr'>οἰονεὶ</span> <span class='ocrx_word' id='word_1_460' title='bbox 951 3285 1161 3359; x_wconf 79' lang='grc' dir='ltr'>δεσμῶν</span> <span class='ocrx_word' id='word_1_461' title='bbox 1219 3306 1367 3339; x_wconf 89' lang='grc' dir='ltr'>τινων</span> <span class='ocrx_word' id='word_1_462' title='bbox 1424 3285 1646 3347; x_wconf 82' lang='grc' dir='ltr'>ἀναθεὶς,</span> <span class='ocrx_word' id='word_1_463' title='bbox 1702 3290 1821 3334; x_wconf 81' lang='grc' dir='ltr'>κοῦ-</span> 
     </span>
    </p>
   </div>
   <div class='ocr_carea' id='block_1_66' title="bbox 234 3374 1821 3451">
    <p class='ocr_par' dir='ltr' id='par_1_66' title="bbox 234 3374 1821 3451">
     <span class='ocr_line' id='line_1_66' title="bbox 234 3374 1821 3451; baseline -0.004 -22"><span class='ocrx_word' id='word_1_464' title='bbox 234 3397 302 3448; x_wconf 59' lang='grc' dir='ltr'>ρος</span> <span class='ocrx_word' id='word_1_465' title='bbox 337 3377 392 3437; x_wconf 71' lang='grc' dir='ltr'>ἦν</span> <span class='ocrx_word' id='word_1_466' title='bbox 436 3383 680 3451; x_wconf 80' lang='grc' dir='ltr'>ἀτεχνῶς</span> <span class='ocrx_word' id='word_1_467' title='bbox 724 3385 815 3431; x_wconf 82' lang='grc' dir='ltr'>καὶ</span> <span class='ocrx_word' id='word_1_468' title='bbox 858 3379 1097 3438; x_wconf 75' lang='grc' dir='ltr'>εὔζωνος.</span> <span class='ocrx_word' id='word_1_469' title='bbox 1149 3380 1238 3428; x_wconf 83' lang='grc' dir='ltr'>καὶ</span> <span class='ocrx_word' id='word_1_470' title='bbox 1268 3384 1340 3446; x_wconf 84' lang='grc' dir='ltr'>τῷ</span> <span class='ocrx_word' id='word_1_471' title='bbox 1372 3374 1443 3427; x_wconf 84' lang='grc' dir='ltr'>ἑνὶ</span> <span class='ocrx_word' id='word_1_472' title='bbox 1474 3378 1562 3446; x_wconf 74' lang='grc' dir='ltr'>μεν</span> <span class='ocrx_word' id='word_1_473' title='bbox 1606 3381 1821 3445; x_wconf 80' lang='grc' dir='ltr'>χιτώνι-</span> 
     </span>
    </p>
   </div>
   <div class='ocr_carea' id='block_1_67' title="bbox 235 3460 1817 3539">
    <p class='ocr_par' dir='ltr' id='par_1_67' title="bbox 235 3460 1817 3539">
     <span class='ocr_line' id='line_1_67' title="bbox 235 3460 1817 3539; baseline 0.001 -22"><span class='ocrx_word' id='word_1_474' title='bbox 235 3467 290 3518; x_wconf 81' lang='grc' dir='ltr'>ἰνὶ</span> <span class='ocrx_word' id='word_1_475' title='bbox 334 3465 388 3521; x_wconf 74' lang='grc' dir='ltr'>δε</span> <span class='ocrx_word' id='word_1_476' title='bbox 441 3477 542 3520; x_wconf 83' lang='grc' dir='ltr'>τῶν</span> <span class='ocrx_word' id='word_1_477' title='bbox 609 3470 817 3521; x_wconf 83' lang='grc' dir='ltr'>οἰκετῶν</span> <span class='ocrx_word' id='word_1_478' title='bbox 871 3467 1203 3539; x_wconf 77' lang='grc' dir='ltr'>ἀρκούμενος.</span> <span class='ocrx_word' id='word_1_479' title='bbox 1262 3460 1388 3519; x_wconf 87' lang='grc' dir='ltr'>Εἶτα</span> <span class='ocrx_word' id='word_1_480' title='bbox 1434 3468 1524 3516; x_wconf 84' lang='grc' dir='ltr'>καὶ</span> <span class='ocrx_word' id='word_1_481' title='bbox 1564 3469 1656 3521; x_wconf 81' lang='grc' dir='ltr'>τὴν</span> <span class='ocrx_word' id='word_1_482' title='bbox 1703 3461 1817 3518; x_wconf 81' lang='grc' dir='ltr'>Ῥώ.</span> 
     </span>
    </p>
   </div>
   <div class='ocr_carea' id='block_1_68' title="bbox 238 3550 1821 3628">
    <p class='ocr_par' dir='ltr' id='par_1_68' title="bbox 238 3550 1821 3628">
     <span class='ocr_line' id='line_1_68' title="bbox 238 3550 1821 3628; baseline -0.008 -14"><span class='ocrx_word' id='word_1_483' title='bbox 238 3577 323 3626; x_wconf 71' lang='grc' dir='ltr'>μην</span> <span class='ocrx_word' id='word_1_484' title='bbox 362 3557 631 3611; x_wconf 74' lang='grc' dir='ltr'>ἀπολιπὼν</span> <span class='ocrx_word' id='word_1_485' title='bbox 674 3560 699 3609; x_wconf 85' lang='grc' dir='ltr'><strong>ὁ</strong></span> <span class='ocrx_word' id='word_1_486' title='bbox 732 3553 1006 3622; x_wconf 82' lang='grc' dir='ltr'>Γεννάδας,</span> <span class='ocrx_word' id='word_1_487' title='bbox 1048 3559 1173 3628; x_wconf 86' lang='grc' dir='ltr'>πρὸς</span> <span class='ocrx_word' id='word_1_488' title='bbox 1204 3561 1296 3613; x_wconf 80' lang='grc' dir='ltr'>τὴν</span> <span class='ocrx_word' id='word_1_489' title='bbox 1340 3558 1454 3606; x_wconf 80' lang='grc' dir='ltr'>νέαν</span> <span class='ocrx_word' id='word_1_490' title='bbox 1504 3555 1697 3610; x_wconf 85' lang='grc' dir='ltr'>ταύτην</span> <span class='ocrx_word' id='word_1_491' title='bbox 1730 3550 1821 3623; x_wconf 77' lang='grc' dir='ltr'>ἁφ-</span> 
     </span>
    </p>
   </div>
   <div class='ocr_carea' id='block_1_69' title="bbox 237 3647 1819 3719">
    <p class='ocr_par' dir='ltr' id='par_1_69' title="bbox 237 3647 1819 3719">
     <span class='ocr_line' id='line_1_69' title="bbox 237 3647 1819 3719; baseline 0.002 -24"><span class='ocrx_word' id='word_1_492' title='bbox 237 3654 422 3699; x_wconf 78' lang='grc' dir='ltr'>ικνείται</span> <span class='ocrx_word' id='word_1_493' title='bbox 477 3647 708 3719; x_wconf 76' lang='grc' dir='ltr'>Ῥώμην,</span> <span class='ocrx_word' id='word_1_494' title='bbox 766 3651 853 3704; x_wconf 82' lang='grc' dir='ltr'>τὴν</span> <span class='ocrx_word' id='word_1_495' title='bbox 911 3653 1003 3698; x_wconf 84' lang='grc' dir='ltr'>τοῦ</span> <span class='ocrx_word' id='word_1_496' title='bbox 1065 3648 1201 3698; x_wconf 86' lang='grc' dir='ltr'>θείου</span> <span class='ocrx_word' id='word_1_497' title='bbox 1260 3648 1670 3705; x_wconf 80' lang='grc' dir='ltr'>Κωνσταντίνου,</span> <span class='ocrx_word' id='word_1_498' title='bbox 1728 3661 1819 3713; x_wconf 75' lang='grc' dir='ltr'>φη-</span> 
     </span>
    </p>
   </div>
   <div class='ocr_carea' id='block_1_70' title="bbox 236 3731 1820 3809">
    <p class='ocr_par' dir='ltr' id='par_1_70' title="bbox 236 3731 1820 3809">
     <span class='ocr_line' id='line_1_70' title="bbox 236 3731 1820 3809; baseline -0.003 -24"><span class='ocrx_word' id='word_1_499' title='bbox 236 3754 299 3805; x_wconf 76' lang='grc' dir='ltr'>μι’</span> <span class='ocrx_word' id='word_1_500' title='bbox 349 3735 430 3809; x_wconf 73' lang='grc' dir='ltr'>ἀφ’</span> <span class='ocrx_word' id='word_1_501' title='bbox 480 3738 544 3799; x_wconf 79' lang='grc' dir='ltr'>ἧς</span> <span class='ocrx_word' id='word_1_502' title='bbox 602 3740 696 3807; x_wconf 67' lang='grc' dir='ltr'>μὶν</span> <span class='ocrx_word' id='word_1_503' title='bbox 772 3736 945 3795; x_wconf 86' lang='grc' dir='ltr'>αἰτίας</span> <span class='ocrx_word' id='word_1_504' title='bbox 997 3736 1221 3794; x_wconf 79' lang='grc' dir='ltr'>κινηθεὶς</span> <span class='ocrx_word' id='word_1_505' title='bbox 1269 3737 1399 3808; x_wconf 83' lang='grc' dir='ltr'>πρὸς</span> <span class='ocrx_word' id='word_1_506' title='bbox 1455 3740 1608 3785; x_wconf 77' lang='grc' dir='ltr'>τοῦτο</span> <span class='ocrx_word' id='word_1_507' title='bbox 1658 3731 1820 3801; x_wconf 77' lang='grc' dir='ltr'>λέγειν</span> 
     </span>
    </p>
   </div>
   <div class='ocr_carea' id='block_1_71' title="bbox 238 3818 1821 3896">
    <p class='ocr_par' dir='ltr' id='par_1_71' title="bbox 238 3818 1821 3896">
     <span class='ocr_line' id='line_1_71' title="bbox 238 3818 1821 3896; baseline -0.002 -23"><span class='ocrx_word' id='word_1_508' title='bbox 238 3828 312 3873; x_wconf 71' lang='grc' dir='ltr'>οὐκ</span> <span class='ocrx_word' id='word_1_509' title='bbox 352 3828 470 3896; x_wconf 79' lang='grc' dir='ltr'>ἔχω·</span> <span class='ocrx_word' id='word_1_510' title='bbox 531 3826 671 3882; x_wconf 72' lang='grc' dir='ltr'>πλὴν</span> <span class='ocrx_word' id='word_1_511' title='bbox 729 3825 823 3876; x_wconf 70' lang='grc' dir='ltr'>οὐκ</span> <span class='ocrx_word' id='word_1_512' title='bbox 876 3823 1011 3877; x_wconf 81' lang='grc' dir='ltr'>ἀθεεὶ</span> <span class='ocrx_word' id='word_1_513' title='bbox 1061 3825 1275 3884; x_wconf 87' lang='grc' dir='ltr'>πάντως,</span> <span class='ocrx_word' id='word_1_514' title='bbox 1334 3818 1447 3874; x_wconf 74' lang='grc' dir='ltr'>οὐδ’</span> <span class='ocrx_word' id='word_1_515' title='bbox 1508 3820 1821 3879; x_wconf 79' lang='grc' dir='ltr'>ἀλυσιτελῶς</span> 
     </span>
    </p>
   </div>
   <div class='ocr_carea' id='block_1_72' title="bbox 237 3905 1822 3989">
    <p class='ocr_par' dir='ltr' id='par_1_72' title="bbox 237 3905 1822 3989">
     <span class='ocr_line' id='line_1_72' title="bbox 237 3905 1822 3989; baseline -0.003 -24"><span class='ocrx_word' id='word_1_516' title='bbox 237 3920 286 3983; x_wconf 70' lang='grc' dir='ltr'>τῇ</span> <span class='ocrx_word' id='word_1_517' title='bbox 329 3912 537 3989; x_wconf 81' lang='grc' dir='ltr'>λαμπρᾲ</span> <span class='ocrx_word' id='word_1_518' title='bbox 577 3917 748 3986; x_wconf 79' lang='grc' dir='ltr'>ταύτῃ</span> <span class='ocrx_word' id='word_1_519' title='bbox 806 3918 895 3965; x_wconf 80' lang='grc' dir='ltr'>καὶ</span> <span class='ocrx_word' id='word_1_520' title='bbox 927 3910 1174 3986; x_wconf 81' lang='grc' dir='ltr'>βασιλίδι</span> <span class='ocrx_word' id='word_1_521' title='bbox 1218 3921 1316 3964; x_wconf 83' lang='grc' dir='ltr'>τών</span> <span class='ocrx_word' id='word_1_522' title='bbox 1361 3910 1552 3963; x_wconf 82' lang='grc' dir='ltr'>πολεων</span> <span class='ocrx_word' id='word_1_523' title='bbox 1607 3905 1822 3966; x_wconf 83' lang='grc' dir='ltr'>ἐνδεδη-</span> 
     </span>
    </p>
   </div>
   <div class='ocr_carea' id='block_1_73' title="bbox 236 4000 1823 4077">
    <p class='ocr_par' dir='ltr' id='par_1_73' title="bbox 236 4000 1823 4077">
     <span class='ocr_line' id='line_1_73' title="bbox 236 4000 1823 4077; baseline -0.001 -24"><span class='ocrx_word' id='word_1_524' title='bbox 236 4008 403 4071; x_wconf 69' lang='grc' dir='ltr'>μηκὼς9</span> <span class='ocrx_word' id='word_1_525' title='bbox 529 4008 716 4055; x_wconf 82' lang='grc' dir='ltr'>καὶτὸ</span> <span class='ocrx_word' id='word_1_526' title='bbox 751 4005 882 4073; x_wconf 77' lang='grc' dir='ltr'>ἱερὸν</span> <span class='ocrx_word' id='word_1_527' title='bbox 931 4001 1091 4055; x_wconf 77' lang='grc' dir='ltr'>αὐτοῦ</span> <span class='ocrx_word' id='word_1_528' title='bbox 1144 4000 1467 4054; x_wconf 79' lang='grc' dir='ltr'>ἐναποκειται</span> <span class='ocrx_word' id='word_1_529' title='bbox 1524 4009 1697 4071; x_wconf 82' lang='grc' dir='ltr'>σῶμα,</span> <span class='ocrx_word' id='word_1_530' title='bbox 1731 4001 1823 4057; x_wconf 90' lang='grc' dir='ltr'>θη-</span> 
     </span>
    </p>
   </div>
   <div class='ocr_carea' id='block_1_74' title="bbox 241 4087 1821 4163">
    <p class='ocr_par' dir='ltr' id='par_1_74' title="bbox 241 4087 1821 4163">
     <span class='ocr_line' id='line_1_74' title="bbox 241 4087 1821 4163; baseline -0.003 -20"><span class='ocrx_word' id='word_1_531' title='bbox 241 4096 410 4163; x_wconf 79' lang='grc' dir='ltr'>σαυρὸς</span> <span class='ocrx_word' id='word_1_532' title='bbox 453 4093 675 4158; x_wconf 85' lang='grc' dir='ltr'>οἰσυλος,</span> <span class='ocrx_word' id='word_1_533' title='bbox 703 4092 919 4151; x_wconf 78' lang='grc' dir='ltr'>πλοῦτος</span> <span class='ocrx_word' id='word_1_534' title='bbox 964 4087 1246 4156; x_wconf 74' lang='grc' dir='ltr'>ἀδάπανος,</span> <span class='ocrx_word' id='word_1_535' title='bbox 1278 4090 1588 4162; x_wconf 85' lang='grc' dir='ltr'>νοσημάτων</span> <span class='ocrx_word' id='word_1_536' title='bbox 1618 4090 1821 4141; x_wconf 87' lang='grc' dir='ltr'>πάντων</span> 
     </span>
    </p>
   </div>
   <div class='ocr_carea' id='block_1_75' title="bbox 237 4176 558 4254">
    <p class='ocr_par' dir='ltr' id='par_1_75' title="bbox 237 4176 558 4254">
     <span class='ocr_line' id='line_1_75' title="bbox 237 4176 558 4254; baseline 0.003 -20"><span class='ocrx_word' id='word_1_537' title='bbox 237 4176 558 4254; x_wconf 70' lang='grc' dir='ltr'>ἀλεξιτήριον.</span> 
     </span>
    </p>
   </div>
   <div class='ocr_carea' id='block_1_76' title="bbox 295 4268 1823 4341">
    <p class='ocr_par' dir='ltr' id='par_1_76' title="bbox 295 4268 1823 4341">
     <span class='ocr_line' id='line_1_76' title="bbox 295 4268 1823 4341; baseline -0.002 -20"><span class='ocrx_word' id='word_1_538' title='bbox 295 4270 356 4325; x_wconf 80' lang='grc' dir='ltr'>Δ’.</span> <span class='ocrx_word' id='word_1_539' title='bbox 406 4270 463 4323; x_wconf 84' lang='grc' dir='ltr'><em>Ὀ</em></span> <span class='ocrx_word' id='word_1_540' title='bbox 518 4278 652 4341; x_wconf 72' lang='grc' dir='ltr'>γοῦν</span> <span class='ocrx_word' id='word_1_541' title='bbox 705 4272 772 4323; x_wconf 81' lang='grc' dir='ltr'>τὰ</span> <span class='ocrx_word' id='word_1_542' title='bbox 820 4271 988 4322; x_wconf 87' lang='grc' dir='ltr'>πάντα</span> <span class='ocrx_word' id='word_1_543' title='bbox 1032 4272 1191 4340; x_wconf 72' lang='grc' dir='ltr'>μέγας</span> <span class='ocrx_word' id='word_1_544' title='bbox 1245 4268 1469 4341; x_wconf 64' lang='grc' dir='ltr'>Σαμψὼν</span> <span class='ocrx_word' id='word_1_545' title='bbox 1522 4271 1615 4327; x_wconf 80' lang='grc' dir='ltr'>τὴν</span> <span class='ocrx_word' id='word_1_546' title='bbox 1661 4268 1823 4339; x_wconf 75' lang='grc' dir='ltr'>μεγά-</span> 
     </span>
    </p>
   </div>
   <div class='ocr_carea' id='block_1_77' title="bbox 238 4357 1825 4433">
    <p class='ocr_par' dir='ltr' id='par_1_77' title="bbox 238 4357 1825 4433">
     <span class='ocr_line' id='line_1_77' title="bbox 238 4357 1825 4433; baseline -0.003 -19"><span class='ocrx_word' id='word_1_547' title='bbox 238 4357 315 4414; x_wconf 71' lang='grc' dir='ltr'>λην</span> <span class='ocrx_word' id='word_1_548' title='bbox 380 4358 536 4418; x_wconf 77' lang='grc' dir='ltr'>τήνδε</span> <span class='ocrx_word' id='word_1_549' title='bbox 612 4360 760 4412; x_wconf 79' lang='grc' dir='ltr'>πόλιν</span> <span class='ocrx_word' id='word_1_550' title='bbox 819 4357 1142 4418; x_wconf 77' lang='grc' dir='ltr'>καταλαϐὼν,</span> <span class='ocrx_word' id='word_1_551' title='bbox 1199 4357 1247 4410; x_wconf 78' lang='grc' dir='ltr'>ἐν</span> <span class='ocrx_word' id='word_1_552' title='bbox 1329 4364 1529 4433; x_wconf 80' lang='grc' dir='ltr'>σμικρᾷ</span> <span class='ocrx_word' id='word_1_553' title='bbox 1580 4361 1669 4429; x_wconf 77' lang='grc' dir='ltr'>μέν</span> <span class='ocrx_word' id='word_1_554' title='bbox 1724 4377 1825 4409; x_wconf 87' lang='grc' dir='ltr'>τινι</span> 
     </span>
    </p>
   </div>
   <div class='ocr_carea' id='block_1_78' title="bbox 1930 3182 3585 3266">
    <p class='ocr_par' dir='ltr' id='par_1_78' title="bbox 1930 3182 3585 3266">
     <span class='ocr_line' id='line_1_78' title="bbox 1930 3182 3585 3266; baseline -0.016 -15"><span class='ocrx_word' id='word_1_555' title='bbox 1930 3202 2046 3251; x_wconf 90' lang='lat' dir='ltr'>tem</span> <span class='ocrx_word' id='word_1_556' title='bbox 2065 3192 2367 3266; x_wconf 89' lang='lat' dir='ltr'>poralibus</span> <span class='ocrx_word' id='word_1_557' title='bbox 2398 3196 2689 3260; x_wconf 90' lang='lat' dir='ltr'>tanquam</span> <span class='ocrx_word' id='word_1_558' title='bbox 2718 3183 2965 3240; x_wconf 86' lang='lat' dir='ltr'>vinculis</span> <span class='ocrx_word' id='word_1_559' title='bbox 2998 3182 3585 3240; x_wconf 83' lang='lat' dir='ltr'>exutus,eratrevera</span> 
     </span>
    </p>
   </div>
   <div class='ocr_carea' id='block_1_79' title="bbox 1928 3268 3579 3345">
    <p class='ocr_par' dir='ltr' id='par_1_79' title="bbox 1928 3268 3579 3345">
     <span class='ocr_line' id='line_1_79' title="bbox 1928 3268 3579 3345; baseline -0.015 -5"><span class='ocrx_word' id='word_1_560' title='bbox 1928 3284 2073 3340; x_wconf 87' lang='lat' dir='ltr'>levis</span> <span class='ocrx_word' id='word_1_561' title='bbox 2114 3290 2167 3339; x_wconf 90' lang='lat' dir='ltr'>et</span> <span class='ocrx_word' id='word_1_562' title='bbox 2207 3281 2528 3345; x_wconf 89' lang='lat' dir='ltr'>accinctus,</span> <span class='ocrx_word' id='word_1_563' title='bbox 2559 3284 2614 3332; x_wconf 91' lang='lat' dir='ltr'>et</span> <span class='ocrx_word' id='word_1_564' title='bbox 2642 3292 2761 3332; x_wconf 88' lang='lat' dir='ltr'>una</span> <span class='ocrx_word' id='word_1_565' title='bbox 2781 3274 3025 3345; x_wconf 90' lang='lat' dir='ltr'>quidem</span> <span class='ocrx_word' id='word_1_566' title='bbox 3067 3268 3290 3331; x_wconf 91' lang='lat' dir='ltr'>tunica,</span> <span class='ocrx_word' id='word_1_567' title='bbox 3322 3279 3441 3319; x_wconf 93' lang='lat' dir='ltr'>uno</span> <span class='ocrx_word' id='word_1_568' title='bbox 3474 3276 3579 3317; x_wconf 81' lang='lat' dir='ltr'>au-</span> 
     </span>
    </p>
   </div>
   <div class='ocr_carea' id='block_1_80' title="bbox 1930 3350 3584 3432">
    <p class='ocr_par' dir='ltr' id='par_1_80' title="bbox 1930 3350 3584 3432">
     <span class='ocr_line' id='line_1_80' title="bbox 1930 3350 3584 3432; baseline -0.016 0"><span class='ocrx_word' id='word_1_569' title='bbox 1930 3382 2050 3432; x_wconf 89' lang='lat' dir='ltr'>tem</span> <span class='ocrx_word' id='word_1_570' title='bbox 2088 3373 2316 3429; x_wconf 89' lang='lat' dir='ltr'>famulo</span> <span class='ocrx_word' id='word_1_571' title='bbox 2356 3374 2685 3425; x_wconf 91' lang='lat' dir='ltr'>contentus.</span> <span class='ocrx_word' id='word_1_572' title='bbox 2727 3362 2945 3419; x_wconf 90' lang='lat' dir='ltr'>Deinde</span> <span class='ocrx_word' id='word_1_573' title='bbox 2988 3363 3180 3416; x_wconf 79' lang='lat' dir='ltr'>Roma</span> <span class='ocrx_word' id='word_1_574' title='bbox 3228 3356 3435 3410; x_wconf 89' lang='lat' dir='ltr'>relicta</span> <span class='ocrx_word' id='word_1_575' title='bbox 3462 3350 3584 3407; x_wconf 83' lang='lat' dir='ltr'>hic-</span> 
     </span>
    </p>
   </div>
   <div class='ocr_carea' id='block_1_81' title="bbox 1930 3441 3576 3532">
    <p class='ocr_par' dir='ltr' id='par_1_81' title="bbox 1930 3441 3576 3532">
     <span class='ocr_line' id='line_1_81' title="bbox 1930 3441 3576 3532; baseline -0.016 -11"><span class='ocrx_word' id='word_1_576' title='bbox 1930 3466 2019 3521; x_wconf 89' lang='lat' dir='ltr'>vir</span> <span class='ocrx_word' id='word_1_577' title='bbox 2052 3463 2323 3532; x_wconf 88' lang='lat' dir='ltr'>egregius</span> <span class='ocrx_word' id='word_1_578' title='bbox 2363 3461 2424 3513; x_wconf 91' lang='lat' dir='ltr'>in</span> <span class='ocrx_word' id='word_1_579' title='bbox 2455 3459 2611 3513; x_wconf 88' lang='lat' dir='ltr'>hanc</span> <span class='ocrx_word' id='word_1_580' title='bbox 2640 3468 2873 3510; x_wconf 89' lang='lat' dir='ltr'>novam</span> <span class='ocrx_word' id='word_1_581' title='bbox 2926 3450 3085 3505; x_wconf 88' lang='lat' dir='ltr'>venit</span> <span class='ocrx_word' id='word_1_582' title='bbox 3162 3449 3434 3508; x_wconf 82' lang='lat' dir='ltr'>Romam,</span> <span class='ocrx_word' id='word_1_583' title='bbox 3492 3441 3576 3496; x_wconf 88' lang='lat' dir='ltr'>di-</span> 
     </span>
    </p>
   </div>
   <div class='ocr_carea' id='block_1_82' title="bbox 1930 3538 3588 3622">
    <p class='ocr_par' dir='ltr' id='par_1_82' title="bbox 1930 3538 3588 3622">
     <span class='ocr_line' id='line_1_82' title="bbox 1930 3538 3588 3622; baseline -0.014 -13"><span class='ocrx_word' id='word_1_584' title='bbox 1930 3554 2071 3619; x_wconf 88' lang='lat' dir='ltr'>vini,</span> <span class='ocrx_word' id='word_1_585' title='bbox 2122 3551 2390 3622; x_wconf 90' lang='lat' dir='ltr'>inquam,</span> <span class='ocrx_word' id='word_1_586' title='bbox 2440 3542 2806 3603; x_wconf 88' lang='lat' dir='ltr'>Constantini</span> <span class='ocrx_word' id='word_1_587' title='bbox 2846 3540 3164 3597; x_wconf 85' lang='lat' dir='ltr'>civitatem.</span> <span class='ocrx_word' id='word_1_588' title='bbox 3208 3538 3397 3603; x_wconf 85' lang='lat' dir='ltr'>Atque</span> <span class='ocrx_word' id='word_1_589' title='bbox 3427 3546 3588 3603; x_wconf 69' lang='lat' dir='ltr'>quaa-</span> 
     </span>
    </p>
   </div>
   <div class='ocr_carea' id='block_1_83' title="bbox 1930 3630 3581 3713">
    <p class='ocr_par' dir='ltr' id='par_1_83' title="bbox 1930 3630 3581 3713">
     <span class='ocr_line' id='line_1_83' title="bbox 1930 3630 3581 3713; baseline -0.015 -15"><span class='ocrx_word' id='word_1_590' title='bbox 1930 3660 2071 3699; x_wconf 92' lang='lat' dir='ltr'>nam</span> <span class='ocrx_word' id='word_1_591' title='bbox 2102 3640 2335 3713; x_wconf 85' lang='lat' dir='ltr'>quidem</span> <span class='ocrx_word' id='word_1_592' title='bbox 2367 3653 2505 3692; x_wconf 88' lang='lat' dir='ltr'>eum</span> <span class='ocrx_word' id='word_1_593' title='bbox 2546 3650 2729 3690; x_wconf 87' lang='lat' dir='ltr'>causa</span> <span class='ocrx_word' id='word_1_594' title='bbox 2768 3630 3147 3700; x_wconf 85' lang='lat' dir='ltr'>permoverit,</span> <span class='ocrx_word' id='word_1_595' title='bbox 3194 3638 3581 3695; x_wconf 87' lang='lat' dir='ltr'>nequaquam</span> 
     </span>
    </p>
   </div>
   <div class='ocr_carea' id='block_1_84' title="bbox 1931 3715 3586 3805">
    <p class='ocr_par' dir='ltr' id='par_1_84' title="bbox 1931 3715 3586 3805">
     <span class='ocr_line' id='line_1_84' title="bbox 1931 3715 3586 3805; baseline -0.014 -18"><span class='ocrx_word' id='word_1_596' title='bbox 1931 3747 2162 3805; x_wconf 88' lang='lat' dir='ltr'>possum</span> <span class='ocrx_word' id='word_1_597' title='bbox 2204 3730 2421 3784; x_wconf 78' lang='lat' dir='ltr'>dicere.</span> <span class='ocrx_word' id='word_1_598' title='bbox 2460 3725 2572 3782; x_wconf 88' lang='lat' dir='ltr'>Sed</span> <span class='ocrx_word' id='word_1_599' title='bbox 2612 3738 2730 3778; x_wconf 92' lang='lat' dir='ltr'>non</span> <span class='ocrx_word' id='word_1_600' title='bbox 2774 3721 2899 3774; x_wconf 90' lang='lat' dir='ltr'>sine</span> <span class='ocrx_word' id='word_1_601' title='bbox 2943 3719 3038 3773; x_wconf 90' lang='lat' dir='ltr'>Dei</span> <span class='ocrx_word' id='word_1_602' title='bbox 3080 3715 3348 3798; x_wconf 87' lang='lat' dir='ltr'>numine,</span> <span class='ocrx_word' id='word_1_603' title='bbox 3394 3726 3586 3782; x_wconf 89' lang='lat' dir='ltr'>neque</span> 
     </span>
    </p>
   </div>
   <div class='ocr_carea' id='block_1_85' title="bbox 1932 3793 3590 3878">
    <p class='ocr_par' dir='ltr' id='par_1_85' title="bbox 1932 3793 3590 3878">
     <span class='ocr_line' id='line_1_85' title="bbox 1932 3793 3590 3878; baseline -0.016 0"><span class='ocrx_word' id='word_1_604' title='bbox 1932 3821 2178 3878; x_wconf 91' lang='lat' dir='ltr'>omnino</span> <span class='ocrx_word' id='word_1_605' title='bbox 2212 3817 2490 3873; x_wconf 85' lang='lat' dir='ltr'>inutiliter</span> <span class='ocrx_word' id='word_1_606' title='bbox 2547 3817 2813 3869; x_wconf 88' lang='lat' dir='ltr'>versatus</span> <span class='ocrx_word' id='word_1_607' title='bbox 2869 3810 2923 3863; x_wconf 90' lang='lat' dir='ltr'>in</span> <span class='ocrx_word' id='word_1_608' title='bbox 2969 3807 3084 3862; x_wconf 91' lang='lat' dir='ltr'>hac</span> <span class='ocrx_word' id='word_1_609' title='bbox 3118 3793 3281 3875; x_wconf 81' lang='lat' dir='ltr'>regia</span> <span class='ocrx_word' id='word_1_610' title='bbox 3317 3805 3402 3856; x_wconf 91' lang='lat' dir='ltr'>est</span> <span class='ocrx_word' id='word_1_611' title='bbox 3450 3798 3590 3854; x_wconf 90' lang='lat' dir='ltr'>civi-</span> 
     </span>
    </p>
   </div>
   <div class='ocr_carea' id='block_1_86' title="bbox 1932 3887 3590 3980">
    <p class='ocr_par' dir='ltr' id='par_1_86' title="bbox 1932 3887 3590 3980">
     <span class='ocr_line' id='line_1_86' title="bbox 1932 3887 3590 3980; baseline -0.016 -13"><span class='ocrx_word' id='word_1_612' title='bbox 1932 3918 2068 3979; x_wconf 89' lang='lat' dir='ltr'>tate,</span> <span class='ocrx_word' id='word_1_613' title='bbox 2093 3911 2152 3965; x_wconf 91' lang='lat' dir='ltr'>in</span> <span class='ocrx_word' id='word_1_614' title='bbox 2191 3924 2312 3980; x_wconf 89' lang='lat' dir='ltr'>qua</span> <span class='ocrx_word' id='word_1_615' title='bbox 2343 3911 2431 3961; x_wconf 90' lang='lat' dir='ltr'>est</span> <span class='ocrx_word' id='word_1_616' title='bbox 2459 3904 2636 3960; x_wconf 87' lang='lat' dir='ltr'>etiam</span> <span class='ocrx_word' id='word_1_617' title='bbox 2667 3915 2905 3956; x_wconf 87' lang='lat' dir='ltr'>sacrum</span> <span class='ocrx_word' id='word_1_618' title='bbox 2938 3897 3063 3967; x_wconf 90' lang='lat' dir='ltr'>ejus</span> <span class='ocrx_word' id='word_1_619' title='bbox 3104 3909 3325 3963; x_wconf 91' lang='lat' dir='ltr'>corpus</span> <span class='ocrx_word' id='word_1_620' title='bbox 3367 3887 3590 3959; x_wconf 89' lang='lat' dir='ltr'>reposi-</span> 
     </span>
    </p>
   </div>
   <div class='ocr_carea' id='block_1_87' title="bbox 1934 3979 3587 4065">
    <p class='ocr_par' dir='ltr' id='par_1_87' title="bbox 1934 3979 3587 4065">
     <span class='ocr_line' id='line_1_87' title="bbox 1934 3979 3587 4065; baseline -0.015 -9"><span class='ocrx_word' id='word_1_621' title='bbox 1934 4008 2079 4065; x_wconf 92' lang='lat' dir='ltr'>tum,</span> <span class='ocrx_word' id='word_1_622' title='bbox 2174 3999 2490 4053; x_wconf 88' lang='lat' dir='ltr'>thesaurus</span> <span class='ocrx_word' id='word_1_623' title='bbox 2592 3992 3021 4049; x_wconf 81' lang='lat' dir='ltr'>sacrosanctus,</span> <span class='ocrx_word' id='word_1_624' title='bbox 3119 3979 3361 4045; x_wconf 63' lang='lat' dir='ltr'>divitias,</span> <span class='ocrx_word' id='word_1_625' title='bbox 3450 3992 3587 4050; x_wconf 63' lang='lat' dir='ltr'>quas</span> 
     </span>
    </p>
   </div>
   <div class='ocr_carea' id='block_1_88' title="bbox 1934 4072 3591 4148">
    <p class='ocr_par' dir='ltr' id='par_1_88' title="bbox 1934 4072 3591 4148">
     <span class='ocr_line' id='line_1_88' title="bbox 1934 4072 3591 4148; baseline -0.015 -2"><span class='ocrx_word' id='word_1_626' title='bbox 1934 4089 2179 4145; x_wconf 92' lang='lat' dir='ltr'>minime</span> <span class='ocrx_word' id='word_1_627' title='bbox 2207 4087 2666 4148; x_wconf 90' lang='lat' dir='ltr'>consumuntur,</span> <span class='ocrx_word' id='word_1_628' title='bbox 2699 4077 2969 4136; x_wconf 91' lang='lat' dir='ltr'>omnium</span> <span class='ocrx_word' id='word_1_629' title='bbox 3009 4072 3359 4131; x_wconf 89' lang='lat' dir='ltr'>morborum</span> <span class='ocrx_word' id='word_1_630' title='bbox 3400 4082 3591 4124; x_wconf 87' lang='lat' dir='ltr'>reme-</span> 
     </span>
    </p>
   </div>
   <div class='ocr_carea' id='block_1_89' title="bbox 1932 4178 2128 4235">
    <p class='ocr_par' dir='ltr' id='par_1_89' title="bbox 1932 4178 2128 4235">
     <span class='ocr_line' id='line_1_89' title="bbox 1932 4178 2128 4235; baseline -0.015 0"><span class='ocrx_word' id='word_1_631' title='bbox 1932 4178 2128 4235; x_wconf 91' lang='lat' dir='ltr'>dium.</span> 
     </span>
    </p>
   </div>
   <div class='ocr_carea' id='block_1_90' title="bbox 2004 4250 3587 4335">
    <p class='ocr_par' dir='ltr' id='par_1_90' title="bbox 2004 4250 3587 4335">
     <span class='ocr_line' id='line_1_90' title="bbox 2004 4250 3587 4335; baseline -0.015 -12"><span class='ocrx_word' id='word_1_632' title='bbox 2004 4270 2093 4324; x_wconf 85' lang='grc' dir='ltr'>ιν.</span> <span class='ocrx_word' id='word_1_633' title='bbox 2128 4266 2226 4323; x_wconf 83' lang='lat' dir='ltr'>Hic</span> <span class='ocrx_word' id='word_1_634' title='bbox 2255 4279 2397 4335; x_wconf 91' lang='lat' dir='ltr'>ergo</span> <span class='ocrx_word' id='word_1_635' title='bbox 2426 4262 2591 4320; x_wconf 91' lang='lat' dir='ltr'>omni</span> <span class='ocrx_word' id='word_1_636' title='bbox 2639 4275 2712 4317; x_wconf 83' lang='lat' dir='ltr'>ex</span> <span class='ocrx_word' id='word_1_637' title='bbox 2750 4262 2916 4331; x_wconf 88' lang='lat' dir='ltr'>parte</span> <span class='ocrx_word' id='word_1_638' title='bbox 2955 4268 3212 4325; x_wconf 90' lang='lat' dir='ltr'>magnus</span> <span class='ocrx_word' id='word_1_639' title='bbox 3270 4250 3587 4319; x_wconf 87' lang='lat' dir='ltr'>Sampson,</span> 
     </span>
    </p>
   </div>
   <div class='ocr_carea' id='block_1_91' title="bbox 1934 4336 3594 4425">
    <p class='ocr_par' dir='ltr' id='par_1_91' title="bbox 1934 4336 3594 4425">
     <span class='ocr_line' id='line_1_91' title="bbox 1934 4336 3594 4425; baseline -0.014 -11"><span class='ocrx_word' id='word_1_640' title='bbox 1934 4374 2073 4414; x_wconf 91' lang='lat' dir='ltr'>cum</span> <span class='ocrx_word' id='word_1_641' title='bbox 2104 4358 2181 4413; x_wconf 91' lang='lat' dir='ltr'>ad</span> <span class='ocrx_word' id='word_1_642' title='bbox 2224 4356 2379 4411; x_wconf 89' lang='lat' dir='ltr'>hanc</span> <span class='ocrx_word' id='word_1_643' title='bbox 2426 4350 2792 4425; x_wconf 89' lang='lat' dir='ltr'>pervenisset</span> <span class='ocrx_word' id='word_1_644' title='bbox 2834 4345 3153 4406; x_wconf 88' lang='lat' dir='ltr'>civitatem,</span> <span class='ocrx_word' id='word_1_645' title='bbox 3211 4340 3271 4395; x_wconf 92' lang='lat' dir='ltr'>in</span> <span class='ocrx_word' id='word_1_646' title='bbox 3323 4336 3594 4409; x_wconf 92' lang='lat' dir='ltr'>quadam</span> 
     </span>
    </p>
   </div>
   <div class='ocr_carea' id='block_1_92' title="bbox 240 4428 1816 4520">
    <p class='ocr_par' dir='ltr' id='par_1_92' title="bbox 240 4428 1816 4520">
     <span class='ocr_line' id='line_1_92' title="bbox 240 4428 1816 4520; baseline 0 -23"><span class='ocrx_word' id='word_1_647' title='bbox 240 4447 377 4519; x_wconf 61' lang='grc' dir='ltr'>φαύλῃ</span> <span class='ocrx_word' id='word_1_648' title='bbox 432 4445 622 4520; x_wconf 75' lang='grc' dir='ltr'>διῆγεν</span> <span class='ocrx_word' id='word_1_649' title='bbox 652 4448 812 4520; x_wconf 77' lang='grc' dir='ltr'>οἰκία,</span> <span class='ocrx_word' id='word_1_650' title='bbox 861 4447 908 4499; x_wconf 75' lang='grc' dir='ltr'>ἐν</span> <span class='ocrx_word' id='word_1_651' title='bbox 949 4444 1007 4500; x_wconf 66' lang='grc' dir='ltr'>δε</span> <span class='ocrx_word' id='word_1_652' title='bbox 1039 4455 1110 4517; x_wconf 85' lang='grc' dir='ltr'>τῷ</span> <span class='ocrx_word' id='word_1_653' title='bbox 1150 4428 1373 4505; x_wconf 83' lang='grc' dir='ltr'>πλησίον</span> <span class='ocrx_word' id='word_1_654' title='bbox 1421 4428 1684 4505; x_wconf 69' lang='grc' dir='ltr'>κηδεσθαι</span> <span class='ocrx_word' id='word_1_655' title='bbox 1728 4465 1816 4497; x_wconf 70' lang='grc' dir='ltr'>πρε</span> 
     </span>
    </p>
   </div>
   <div class='ocr_carea' id='block_1_93' title="bbox 1929 4428 3597 4520">
    <p class='ocr_par' dir='ltr' id='par_1_93' title="bbox 1938 4428 3597 4520">
     <span class='ocr_line' id='line_1_93' title="bbox 1938 4428 3597 4520; baseline -0.015 -16"><span class='ocrx_word' id='word_1_656' title='bbox 1938 4463 2118 4520; x_wconf 83' lang='lat' dir='ltr'>parva</span> <span class='ocrx_word' id='word_1_657' title='bbox 2146 4450 2201 4502; x_wconf 89' lang='lat' dir='ltr'>et</span> <span class='ocrx_word' id='word_1_658' title='bbox 2229 4442 2439 4499; x_wconf 89' lang='lat' dir='ltr'>humili</span> <span class='ocrx_word' id='word_1_659' title='bbox 2480 4441 2663 4496; x_wconf 94' lang='lat' dir='ltr'>domo</span> <span class='ocrx_word' id='word_1_660' title='bbox 2688 4434 3015 4499; x_wconf 88' lang='lat' dir='ltr'>habitabat,</span> <span class='ocrx_word' id='word_1_661' title='bbox 3060 4435 3118 4489; x_wconf 92' lang='lat' dir='ltr'>in</span> <span class='ocrx_word' id='word_1_662' title='bbox 3157 4428 3410 4503; x_wconf 82' lang='lat' dir='ltr'>proximi</span> <span class='ocrx_word' id='word_1_663' title='bbox 3451 4440 3597 4481; x_wconf 88' lang='lat' dir='ltr'>cura</span> 
     </span>
    </p>
   </div>
   <div class='ocr_carea' id='block_1_94' title="bbox 238 4533 1826 4609">
    <p class='ocr_par' dir='ltr' id='par_1_94' title="bbox 238 4533 1826 4609">
     <span class='ocr_line' id='line_1_94' title="bbox 238 4533 1826 4609; baseline -0.002 -20"><span class='ocrx_word' id='word_1_664' title='bbox 238 4534 310 4596; x_wconf 75' lang='grc' dir='ltr'>λὺς</span> <span class='ocrx_word' id='word_1_665' title='bbox 357 4533 435 4596; x_wconf 78' lang='grc' dir='ltr'>ἦν’</span> <span class='ocrx_word' id='word_1_666' title='bbox 493 4544 591 4596; x_wconf 78' lang='grc' dir='ltr'>τὴν</span> <span class='ocrx_word' id='word_1_667' title='bbox 653 4540 755 4609; x_wconf 78' lang='grc' dir='ltr'>γὰρ</span> <span class='ocrx_word' id='word_1_668' title='bbox 801 4537 968 4589; x_wconf 75' lang='grc' dir='ltr'>οἰκίαν</span> <span class='ocrx_word' id='word_1_669' title='bbox 1024 4539 1218 4594; x_wconf 89' lang='grc' dir='ltr'>ταύτην</span> <span class='ocrx_word' id='word_1_670' title='bbox 1258 4537 1645 4609; x_wconf 74' lang='grc' dir='ltr'>φιλανθρωπίας</span> <span class='ocrx_word' id='word_1_671' title='bbox 1702 4537 1826 4587; x_wconf 83' lang='grc' dir='ltr'>ὑπο-</span> 
     </span>
    </p>
   </div>
   <div class='ocr_carea' id='block_1_95' title="bbox 245 4624 1827 4699">
    <p class='ocr_par' dir='ltr' id='par_1_95' title="bbox 245 4624 1827 4699">
     <span class='ocr_line' id='line_1_95' title="bbox 245 4624 1827 4699; baseline 0.002 -25"><span class='ocrx_word' id='word_1_672' title='bbox 245 4624 361 4676; x_wconf 76' lang='grc' dir='ltr'>θεσιν</span> <span class='ocrx_word' id='word_1_673' title='bbox 388 4632 473 4678; x_wconf 84' lang='grc' dir='ltr'>καὶ</span> <span class='ocrx_word' id='word_1_674' title='bbox 529 4627 756 4685; x_wconf 81' lang='grc' dir='ltr'>ἰατρεῖον</span> <span class='ocrx_word' id='word_1_675' title='bbox 806 4628 1033 4699; x_wconf 79' lang='grc' dir='ltr'>ἄμισθον</span> <span class='ocrx_word' id='word_1_676' title='bbox 1089 4627 1459 4697; x_wconf 83' lang='grc' dir='ltr'>ποιησάμενος,</span> <span class='ocrx_word' id='word_1_677' title='bbox 1518 4629 1637 4686; x_wconf 80' lang='grc' dir='ltr'>τοὺς</span> <span class='ocrx_word' id='word_1_678' title='bbox 1691 4631 1827 4694; x_wconf 85' lang='grc' dir='ltr'>νόσῳ</span> 
     </span>
    </p>
   </div>
   <div class='ocr_carea' id='block_1_96' title="bbox 243 4711 1830 4787">
    <p class='ocr_par' dir='ltr' id='par_1_96' title="bbox 243 4711 1830 4787">
     <span class='ocr_line' id='line_1_96' title="bbox 243 4711 1830 4787; baseline 0.001 -21"><span class='ocrx_word' id='word_1_679' title='bbox 243 4718 544 4785; x_wconf 76' lang='grc' dir='ltr'>πιεζομένους</span> <span class='ocrx_word' id='word_1_680' title='bbox 600 4716 809 4779; x_wconf 82' lang='grc' dir='ltr'>ξενίζων</span> <span class='ocrx_word' id='word_1_681' title='bbox 861 4712 921 4774; x_wconf 75' lang='grc' dir='ltr'>ἦν</span> <span class='ocrx_word' id='word_1_682' title='bbox 986 4720 1073 4767; x_wconf 82' lang='grc' dir='ltr'>καὶ</span> <span class='ocrx_word' id='word_1_683' title='bbox 1127 4711 1448 4787; x_wconf 77' lang='grc' dir='ltr'>φιλαδέλφως</span> <span class='ocrx_word' id='word_1_684' title='bbox 1503 4712 1830 4787; x_wconf 76' lang='grc' dir='ltr'>ὑποδεχόμε-</span> 
     </span>
    </p>
   </div>
   <div class='ocr_carea' id='block_1_97' title="bbox 243 4804 1827 4879">
    <p class='ocr_par' dir='ltr' id='par_1_97' title="bbox 243 4804 1827 4879">
     <span class='ocr_line' id='line_1_97' title="bbox 243 4804 1827 4879; baseline 0 -23"><span class='ocrx_word' id='word_1_685' title='bbox 243 4821 325 4865; x_wconf 69' lang='grc' dir='ltr'>νος,</span> <span class='ocrx_word' id='word_1_686' title='bbox 378 4811 457 4856; x_wconf 77' lang='grc' dir='ltr'>καὶ</span> <span class='ocrx_word' id='word_1_687' title='bbox 520 4810 594 4876; x_wconf 79' lang='grc' dir='ltr'>μὴ</span> <span class='ocrx_word' id='word_1_688' title='bbox 649 4811 802 4877; x_wconf 80' lang='grc' dir='ltr'>μόνον</span> <span class='ocrx_word' id='word_1_689' title='bbox 854 4804 1143 4877; x_wconf 75' lang='grc' dir='ltr'>ἐπιμελείας</span> <span class='ocrx_word' id='word_1_690' title='bbox 1196 4804 1352 4867; x_wconf 76' lang='grc' dir='ltr'>ἀξιῶν</span> <span class='ocrx_word' id='word_1_691' title='bbox 1402 4806 1594 4869; x_wconf 79' lang='grc' dir='ltr'>πάσης,</span> <span class='ocrx_word' id='word_1_692' title='bbox 1653 4807 1827 4879; x_wconf 82' lang='grc' dir='ltr'>ὥσπερ</span> 
     </span>
    </p>
   </div>
   <div class='ocr_carea' id='block_1_98' title="bbox 246 4892 1831 4966">
    <p class='ocr_par' dir='ltr' id='par_1_98' title="bbox 246 4892 1831 4966">
     <span class='ocr_line' id='line_1_98' title="bbox 246 4892 1831 4966; baseline 0.004 -25"><span class='ocrx_word' id='word_1_693' title='bbox 246 4892 285 4942; x_wconf 81' lang='grc' dir='ltr'>οἱ</span> <span class='ocrx_word' id='word_1_694' title='bbox 322 4901 407 4955; x_wconf 87' lang='grc' dir='ltr'>τῆς</span> <span class='ocrx_word' id='word_1_695' title='bbox 452 4898 645 4966; x_wconf 84' lang='grc' dir='ltr'>τέχνης</span> <span class='ocrx_word' id='word_1_696' title='bbox 698 4893 977 4965; x_wconf 77' lang='grc' dir='ltr'>βούλονται</span> <span class='ocrx_word' id='word_1_697' title='bbox 1008 4900 1175 4965; x_wconf 83' lang='grc' dir='ltr'>νόμοι,</span> <span class='ocrx_word' id='word_1_698' title='bbox 1211 4893 1338 4945; x_wconf 80' lang='grc' dir='ltr'>ἀλλὰ</span> <span class='ocrx_word' id='word_1_699' title='bbox 1373 4899 1461 4945; x_wconf 80' lang='grc' dir='ltr'>καὶ</span> <span class='ocrx_word' id='word_1_700' title='bbox 1490 4903 1683 4965; x_wconf 74' lang='grc' dir='ltr'>τροφῆς</span> <span class='ocrx_word' id='word_1_701' title='bbox 1720 4914 1831 4947; x_wconf 87' lang='grc' dir='ltr'>κοι-</span> 
     </span>
    </p>
   </div>
   <div class='ocr_carea' id='block_1_99' title="bbox 248 4983 1828 5056">
    <p class='ocr_par' dir='ltr' id='par_1_99' title="bbox 248 4983 1828 5056">
     <span class='ocr_line' id='line_1_99' title="bbox 248 4983 1828 5056; baseline 0.004 -25"><span class='ocrx_word' id='word_1_702' title='bbox 248 4990 389 5033; x_wconf 71' lang='grc' dir='ltr'>νωνῶν</span> <span class='ocrx_word' id='word_1_703' title='bbox 441 4988 530 5036; x_wconf 86' lang='grc' dir='ltr'>καὶ</span> <span class='ocrx_word' id='word_1_704' title='bbox 580 4991 876 5056; x_wconf 75' lang='grc' dir='ltr'>στρωμνῆς,</span> <span class='ocrx_word' id='word_1_705' title='bbox 934 4983 1227 5046; x_wconf 76' lang='grc' dir='ltr'>ἀκολούθως</span> <span class='ocrx_word' id='word_1_706' title='bbox 1279 4992 1394 5045; x_wconf 91' lang='grc' dir='ltr'>ταῖς</span> <span class='ocrx_word' id='word_1_707' title='bbox 1452 4992 1542 5036; x_wconf 80' lang='grc' dir='ltr'>τοῦ</span> <span class='ocrx_word' id='word_1_708' title='bbox 1594 4992 1828 5054; x_wconf 79' lang='grc' dir='ltr'>Χριστοῦ</span> 
     </span>
    </p>
   </div>
   <div class='ocr_carea' id='block_1_100' title="bbox 251 5067 1829 5145">
    <p class='ocr_par' dir='ltr' id='par_1_100' title="bbox 251 5071 1829 5145">
     <span class='ocr_line' id='line_1_100' title="bbox 251 5071 1829 5145; baseline 0.004 -25"><span class='ocrx_word' id='word_1_709' title='bbox 251 5071 461 5137; x_wconf 80' lang='grc' dir='ltr'>εντολαῖς,</span> <span class='ocrx_word' id='word_1_710' title='bbox 517 5078 609 5125; x_wconf 82' lang='grc' dir='ltr'>καὶ</span> <span class='ocrx_word' id='word_1_711' title='bbox 666 5082 820 5125; x_wconf 79' lang='grc' dir='ltr'>τοῦτο</span> <span class='ocrx_word' id='word_1_712' title='bbox 884 5076 973 5144; x_wconf 70' lang='grc' dir='ltr'>μεν</span> <span class='ocrx_word' id='word_1_713' title='bbox 1022 5076 1087 5125; x_wconf 77' lang='grc' dir='ltr'>τὰ</span> <span class='ocrx_word' id='word_1_714' title='bbox 1142 5081 1229 5133; x_wconf 83' lang='grc' dir='ltr'>τῆς</span> <span class='ocrx_word' id='word_1_715' title='bbox 1278 5078 1492 5145; x_wconf 83' lang='grc' dir='ltr'>τέχνης,</span> <span class='ocrx_word' id='word_1_716' title='bbox 1563 5082 1715 5126; x_wconf 80' lang='grc' dir='ltr'>τοῦτο</span> <span class='ocrx_word' id='word_1_717' title='bbox 1770 5071 1829 5126; x_wconf 75' lang='grc' dir='ltr'>δε</span> 
     </span>
    </p>
   </div>
   <div class='ocr_carea' id='block_1_101' title="bbox 254 5158 1825 5237">
    <p class='ocr_par' dir='ltr' id='par_1_101' title="bbox 254 5158 1825 5237">
     <span class='ocr_line' id='line_1_101' title="bbox 254 5158 1825 5237; baseline 0.01 -36"><span class='ocrx_word' id='word_1_718' title='bbox 254 5158 412 5225; x_wconf 49' lang='lat' dir='ltr'>gmw</span> <span class='ocrx_word' id='word_1_719' title='bbox 460 5167 551 5213; x_wconf 77' lang='grc' dir='ltr'>καὶ</span> <span class='ocrx_word' id='word_1_720' title='bbox 601 5164 667 5213; x_wconf 81' lang='grc' dir='ltr'>τὰ</span> <span class='ocrx_word' id='word_1_721' title='bbox 708 5170 802 5223; x_wconf 65' lang='lat' dir='ltr'>ny&quot;;</span> <span class='ocrx_word' id='word_1_722' title='bbox 842 5164 1065 5234; x_wconf 86' lang='grc' dir='ltr'>χάριτος</span> <span class='ocrx_word' id='word_1_723' title='bbox 1120 5159 1519 5234; x_wconf 81' lang='grc' dir='ltr'>ἐνδεικνύμενος.</span> <span class='ocrx_word' id='word_1_724' title='bbox 1571 5170 1676 5216; x_wconf 87' lang='grc' dir='ltr'>Ποῦ</span> <span class='ocrx_word' id='word_1_725' title='bbox 1724 5166 1825 5237; x_wconf 74' lang='grc' dir='ltr'>γὰρ</span> 
     </span>
    </p>
   </div>
   <div class='ocr_carea' id='block_1_102' title="bbox 254 5247 1827 5324">
    <p class='ocr_par' dir='ltr' id='par_1_102' title="bbox 254 5247 1827 5324">
     <span class='ocr_line' id='line_1_102' title="bbox 254 5247 1827 5324; baseline 0.001 -21"><span class='ocrx_word' id='word_1_726' title='bbox 254 5250 413 5317; x_wconf 78' lang='grc' dir='ltr'>τέχνης</span> <span class='ocrx_word' id='word_1_727' title='bbox 458 5253 607 5324; x_wconf 74' lang='grc' dir='ltr'>ἔργον</span> <span class='ocrx_word' id='word_1_728' title='bbox 662 5247 917 5323; x_wconf 81' lang='grc' dir='ltr'>δαίμονας</span> <span class='ocrx_word' id='word_1_729' title='bbox 971 5251 1287 5316; x_wconf 80' lang='grc' dir='ltr'>ἀπελαύνειν,</span> <span class='ocrx_word' id='word_1_730' title='bbox 1342 5257 1431 5304; x_wconf 80' lang='grc' dir='ltr'>καὶ</span> <span class='ocrx_word' id='word_1_731' title='bbox 1476 5254 1652 5304; x_wconf 86' lang='grc' dir='ltr'>παθών</span> <span class='ocrx_word' id='word_1_732' title='bbox 1686 5251 1827 5305; x_wconf 78' lang='grc' dir='ltr'>ἀνιά-</span> 
     </span>
    </p>
   </div>
   <div class='ocr_carea' id='block_1_103' title="bbox 256 5338 1821 5415">
    <p class='ocr_par' dir='ltr' id='par_1_103' title="bbox 256 5338 1821 5415">
     <span class='ocr_line' id='line_1_103' title="bbox 256 5338 1821 5415; baseline 0.007 -33"><span class='ocrx_word' id='word_1_733' title='bbox 256 5351 336 5385; x_wconf 75' lang='grc' dir='ltr'>των</span> <span class='ocrx_word' id='word_1_734' title='bbox 384 5340 789 5414; x_wconf 78' lang='grc' dir='ltr'>θαυματουργεῖν</span> <span class='ocrx_word' id='word_1_735' title='bbox 834 5343 997 5406; x_wconf 82' lang='grc' dir='ltr'>ἴασιν,</span> <span class='ocrx_word' id='word_1_736' title='bbox 1052 5341 1085 5392; x_wconf 81' lang='grc' dir='ltr'>οἱ</span> <span class='ocrx_word' id='word_1_737' title='bbox 1132 5339 1304 5412; x_wconf 74' lang='grc' dir='ltr'>ἐκείνῳ</span> <span class='ocrx_word' id='word_1_738' title='bbox 1348 5338 1566 5415; x_wconf 84' lang='grc' dir='ltr'>δρᾶσαι,</span> <span class='ocrx_word' id='word_1_739' title='bbox 1622 5338 1705 5393; x_wconf 88' lang='grc' dir='ltr'>οἷα</span> <span class='ocrx_word' id='word_1_740' title='bbox 1754 5338 1821 5400; x_wconf 81' lang='grc' dir='ltr'>δὴ</span> 
     </span>
    </p>
   </div>
   <div class='ocr_carea' id='block_1_104' title="bbox 258 5426 1824 5505">
    <p class='ocr_par' dir='ltr' id='par_1_104' title="bbox 258 5426 1824 5505">
     <span class='ocr_line' id='line_1_104' title="bbox 258 5426 1824 5505; baseline 0.008 -31"><span class='ocrx_word' id='word_1_741' title='bbox 258 5430 329 5475; x_wconf 67' lang='grc' dir='ltr'>καὶ</span> <span class='ocrx_word' id='word_1_742' title='bbox 370 5431 422 5478; x_wconf 85' lang='grc' dir='ltr'>τὸ</span> <span class='ocrx_word' id='word_1_743' title='bbox 467 5429 680 5488; x_wconf 81' lang='grc' dir='ltr'>θελῆσαι</span> <span class='ocrx_word' id='word_1_744' title='bbox 723 5426 909 5504; x_wconf 75' lang='grc' dir='ltr'>ῥᾴδιον</span> <span class='ocrx_word' id='word_1_745' title='bbox 948 5436 1037 5482; x_wconf 85' lang='grc' dir='ltr'>καὶ</span> <span class='ocrx_word' id='word_1_746' title='bbox 1087 5430 1260 5494; x_wconf 83' lang='grc' dir='ltr'>ἁπλῶς</span> <span class='ocrx_word' id='word_1_747' title='bbox 1296 5430 1524 5498; x_wconf 83' lang='grc' dir='ltr'>;”Αλλου</span> <span class='ocrx_word' id='word_1_748' title='bbox 1566 5434 1655 5505; x_wconf 68' lang='grc' dir='ltr'>μὲν</span> <span class='ocrx_word' id='word_1_749' title='bbox 1703 5432 1824 5486; x_wconf 79' lang='grc' dir='ltr'>ἄλλο</span> 
     </span>
    </p>
   </div>
   <div class='ocr_carea' id='block_1_105' title="bbox 323 5604 709 5665">
    <p class='ocr_par' dir='ltr' id='par_1_105' title="bbox 323 5604 709 5665">
     <span class='ocr_line' id='line_1_105' title="bbox 323 5604 709 5665; baseline -0.003 0"><span class='ocrx_word' id='word_1_750' title='bbox 323 5605 334 5637; x_wconf 90' lang='grc'>¹</span> <span class='ocrx_word' id='word_1_751' title='bbox 372 5604 569 5665; x_wconf 76' lang='lat' dir='ltr'>Matth.</span> <span class='ocrx_word' id='word_1_752' title='bbox 595 5624 709 5665; x_wconf 71' lang='grc' dir='ltr'>ιιι.</span> 
     </span>
    </p>
   </div>
   <div class='ocr_carea' id='block_1_106' title="bbox 1938 4516 3590 4608">
    <p class='ocr_par' dir='ltr' id='par_1_106' title="bbox 1938 4516 3590 4608">
     <span class='ocr_line' id='line_1_106' title="bbox 1938 4516 3590 4608; baseline -0.013 -16"><span class='ocrx_word' id='word_1_753' title='bbox 1938 4534 2202 4608; x_wconf 89' lang='lat' dir='ltr'>gerenda</span> <span class='ocrx_word' id='word_1_754' title='bbox 2226 4532 2530 4589; x_wconf 87' lang='lat' dir='ltr'>assiduus.</span> <span class='ocrx_word' id='word_1_755' title='bbox 2574 4532 2719 4584; x_wconf 90' lang='lat' dir='ltr'>Nam</span> <span class='ocrx_word' id='word_1_756' title='bbox 2763 4543 2898 4581; x_wconf 88' lang='lat' dir='ltr'>cum</span> <span class='ocrx_word' id='word_1_757' title='bbox 2940 4525 3096 4579; x_wconf 91' lang='lat' dir='ltr'>hanc</span> <span class='ocrx_word' id='word_1_758' title='bbox 3135 4523 3386 4577; x_wconf 92' lang='lat' dir='ltr'>domum</span> <span class='ocrx_word' id='word_1_759' title='bbox 3427 4516 3590 4573; x_wconf 87' lang='lat' dir='ltr'>beni-</span> 
     </span>
    </p>
   </div>
   <div class='ocr_carea' id='block_1_107' title="bbox 1936 4604 3598 4698">
    <p class='ocr_par' dir='ltr' id='par_1_107' title="bbox 1936 4604 3598 4698">
     <span class='ocr_line' id='line_1_107' title="bbox 1936 4604 3598 4698; baseline -0.013 -17"><span class='ocrx_word' id='word_1_760' title='bbox 1936 4604 2178 4698; x_wconf 78' lang='lat' dir='ltr'>gnitatis</span> <span class='ocrx_word' id='word_1_761' title='bbox 2211 4626 2655 4691; x_wconf 87' lang='lat' dir='ltr'>argumentum,</span> <span class='ocrx_word' id='word_1_762' title='bbox 2689 4622 2745 4671; x_wconf 87' lang='lat' dir='ltr'>et</span> <span class='ocrx_word' id='word_1_763' title='bbox 2784 4614 3101 4685; x_wconf 86' lang='lat' dir='ltr'>gratuitam</span> <span class='ocrx_word' id='word_1_764' title='bbox 3144 4612 3378 4667; x_wconf 84' lang='lat' dir='ltr'>fecisset</span> <span class='ocrx_word' id='word_1_765' title='bbox 3411 4604 3598 4662; x_wconf 77' lang='lat' dir='ltr'>oi’ﬁci-</span> 
     </span>
    </p>
   </div>
   <div class='ocr_carea' id='block_1_108' title="bbox 1941 4696 3597 4783">
    <p class='ocr_par' dir='ltr' id='par_1_108' title="bbox 1941 4696 3597 4783">
     <span class='ocr_line' id='line_1_108' title="bbox 1941 4696 3597 4783; baseline -0.011 -13"><span class='ocrx_word' id='word_1_766' title='bbox 1941 4732 2104 4779; x_wconf 93' lang='lat' dir='ltr'>nam,</span> <span class='ocrx_word' id='word_1_767' title='bbox 2135 4729 2257 4777; x_wconf 88' lang='lat' dir='ltr'>eos,</span> <span class='ocrx_word' id='word_1_768' title='bbox 2286 4711 2389 4783; x_wconf 89' lang='lat' dir='ltr'>qui</span> <span class='ocrx_word' id='word_1_769' title='bbox 2418 4708 2629 4765; x_wconf 90' lang='lat' dir='ltr'>morbo</span> <span class='ocrx_word' id='word_1_770' title='bbox 2670 4705 3110 4778; x_wconf 84' lang='lat' dir='ltr'>premebantur,</span> <span class='ocrx_word' id='word_1_771' title='bbox 3148 4700 3410 4772; x_wconf 89' lang='lat' dir='ltr'>hospitio</span> <span class='ocrx_word' id='word_1_772' title='bbox 3450 4696 3597 4752; x_wconf 85' lang='lat' dir='ltr'>exci-</span> 
     </span>
    </p>
   </div>
   <div class='ocr_carea' id='block_1_109' title="bbox 1940 4788 3593 4877">
    <p class='ocr_par' dir='ltr' id='par_1_109' title="bbox 1940 4788 3593 4877">
     <span class='ocr_line' id='line_1_109' title="bbox 1940 4788 3593 4877; baseline -0.013 -17"><span class='ocrx_word' id='word_1_773' title='bbox 1940 4804 2159 4877; x_wconf 91' lang='lat' dir='ltr'>piebat,</span> <span class='ocrx_word' id='word_1_774' title='bbox 2192 4808 2248 4856; x_wconf 92' lang='lat' dir='ltr'>et</span> <span class='ocrx_word' id='word_1_775' title='bbox 2304 4800 2556 4856; x_wconf 86' lang='lat' dir='ltr'>fraterne</span> <span class='ocrx_word' id='word_1_776' title='bbox 2596 4796 2926 4853; x_wconf 90' lang='lat' dir='ltr'>tractabat:</span> <span class='ocrx_word' id='word_1_777' title='bbox 2974 4808 3083 4848; x_wconf 91' lang='lat' dir='ltr'>nec</span> <span class='ocrx_word' id='word_1_778' title='bbox 3126 4790 3323 4845; x_wconf 87' lang='lat' dir='ltr'>solum</span> <span class='ocrx_word' id='word_1_779' title='bbox 3376 4788 3435 4842; x_wconf 93' lang='lat' dir='ltr'>in</span> <span class='ocrx_word' id='word_1_780' title='bbox 3490 4801 3593 4840; x_wconf 91' lang='lat' dir='ltr'>eos</span> 
     </span>
    </p>
   </div>
   <div class='ocr_carea' id='block_1_110' title="bbox 1940 4875 3596 4955">
    <p class='ocr_par' dir='ltr' id='par_1_110' title="bbox 1940 4875 3596 4955">
     <span class='ocr_line' id='line_1_110' title="bbox 1940 4875 3596 4955; baseline -0.013 -6"><span class='ocrx_word' id='word_1_781' title='bbox 1940 4875 2105 4950; x_wconf 85' lang='lat' dir='ltr'>omni</span> <span class='ocrx_word' id='word_1_782' title='bbox 2137 4890 2413 4947; x_wconf 89' lang='lat' dir='ltr'>utebatur</span> <span class='ocrx_word' id='word_1_783' title='bbox 2443 4904 2585 4945; x_wconf 88' lang='lat' dir='ltr'>cura</span> <span class='ocrx_word' id='word_1_784' title='bbox 2616 4891 2671 4943; x_wconf 92' lang='lat' dir='ltr'>et</span> <span class='ocrx_word' id='word_1_785' title='bbox 2703 4883 3033 4955; x_wconf 78' lang='lat' dir='ltr'>diligentia,</span> <span class='ocrx_word' id='word_1_786' title='bbox 3077 4885 3139 4936; x_wconf 91' lang='lat' dir='ltr'>ut</span> <span class='ocrx_word' id='word_1_787' title='bbox 3181 4879 3388 4935; x_wconf 88' lang='lat' dir='ltr'>volunt</span> <span class='ocrx_word' id='word_1_788' title='bbox 3427 4875 3596 4944; x_wconf 87' lang='lat' dir='ltr'>leges</span> 
     </span>
    </p>
   </div>
   <div class='ocr_carea' id='block_1_111' title="bbox 1940 4965 3594 5049">
    <p class='ocr_par' dir='ltr' id='par_1_111' title="bbox 1940 4965 3594 5049">
     <span class='ocr_line' id='line_1_111' title="bbox 1940 4965 3594 5049; baseline -0.013 -10"><span class='ocrx_word' id='word_1_789' title='bbox 1940 4984 2106 5049; x_wconf 91' lang='lat' dir='ltr'>artis,</span> <span class='ocrx_word' id='word_1_790' title='bbox 2164 4980 2268 5037; x_wconf 89' lang='lat' dir='ltr'>sed</span> <span class='ocrx_word' id='word_1_791' title='bbox 2316 4985 2372 5034; x_wconf 91' lang='lat' dir='ltr'>et</span> <span class='ocrx_word' id='word_1_792' title='bbox 2420 4979 2641 5040; x_wconf 89' lang='lat' dir='ltr'>cibum,</span> <span class='ocrx_word' id='word_1_793' title='bbox 2697 4983 2750 5033; x_wconf 92' lang='lat' dir='ltr'>et</span> <span class='ocrx_word' id='word_1_794' title='bbox 2809 4974 3025 5042; x_wconf 42' lang='lat' dir='ltr'>cubile,</span> <span class='ocrx_word' id='word_1_795' title='bbox 3057 4972 3140 5028; x_wconf 90' lang='lat' dir='ltr'>eis</span> <span class='ocrx_word' id='word_1_796' title='bbox 3202 4965 3594 5041; x_wconf 88' lang='lat' dir='ltr'>impertiebat,</span> 
     </span>
    </p>
   </div>
   <div class='ocr_carea' id='block_1_112' title="bbox 1941 5052 3596 5139">
    <p class='ocr_par' dir='ltr' id='par_1_112' title="bbox 1941 5052 3596 5139">
     <span class='ocr_line' id='line_1_112' title="bbox 1941 5052 3596 5139; baseline -0.013 -11"><span class='ocrx_word' id='word_1_797' title='bbox 1941 5071 2270 5129; x_wconf 92' lang='lat' dir='ltr'>secundum</span> <span class='ocrx_word' id='word_1_798' title='bbox 2299 5067 2513 5124; x_wconf 89' lang='lat' dir='ltr'>Christi</span> <span class='ocrx_word' id='word_1_799' title='bbox 2548 5070 2864 5139; x_wconf 65' lang='lat' dir='ltr'>praecepta,</span> <span class='ocrx_word' id='word_1_800' title='bbox 2899 5063 3115 5137; x_wconf 88' lang='lat' dir='ltr'>partim</span> <span class='ocrx_word' id='word_1_801' title='bbox 3153 5057 3411 5132; x_wconf 79' lang='lat' dir='ltr'>quidem</span> <span class='ocrx_word' id='word_1_802' title='bbox 3444 5052 3596 5112; x_wconf 86' lang='lat' dir='ltr'>artis</span> 
     </span>
    </p>
   </div>
   <div class='ocr_carea' id='block_1_113' title="bbox 1938 5145 3591 5233">
    <p class='ocr_par' dir='ltr' id='par_1_113' title="bbox 1938 5145 3591 5233">
     <span class='ocr_line' id='line_1_113' title="bbox 1938 5145 3591 5233; baseline -0.012 -16"><span class='ocrx_word' id='word_1_803' title='bbox 1938 5178 2081 5228; x_wconf 75' lang='lat' dir='ltr'>sum,</span> <span class='ocrx_word' id='word_1_804' title='bbox 2118 5159 2332 5233; x_wconf 88' lang='lat' dir='ltr'>partim</span> <span class='ocrx_word' id='word_1_805' title='bbox 2371 5173 2511 5213; x_wconf 90' lang='lat' dir='ltr'>vero</span> <span class='ocrx_word' id='word_1_806' title='bbox 2544 5156 2764 5212; x_wconf 68' lang='lat' dir='ltr'>divinm</span> <span class='ocrx_word' id='word_1_807' title='bbox 2803 5154 3006 5225; x_wconf 73' lang='lat' dir='ltr'>gratim</span> <span class='ocrx_word' id='word_1_808' title='bbox 3056 5148 3347 5205; x_wconf 90' lang='lat' dir='ltr'>beneﬁcia</span> <span class='ocrx_word' id='word_1_809' title='bbox 3378 5145 3591 5215; x_wconf 89' lang='lat' dir='ltr'>imper-</span> 
     </span>
    </p>
   </div>
   <div class='ocr_carea' id='block_1_114' title="bbox 1942 5237 3598 5316">
    <p class='ocr_par' dir='ltr' id='par_1_114' title="bbox 1942 5237 3598 5316">
     <span class='ocr_line' id='line_1_114' title="bbox 1942 5237 3598 5316; baseline -0.012 -9"><span class='ocrx_word' id='word_1_810' title='bbox 1942 5252 2107 5308; x_wconf 89' lang='lat' dir='ltr'>tiens.</span> <span class='ocrx_word' id='word_1_811' title='bbox 2157 5250 2309 5316; x_wconf 85' lang='lat' dir='ltr'>Quid</span> <span class='ocrx_word' id='word_1_812' title='bbox 2354 5246 2547 5303; x_wconf 82' lang='lat' dir='ltr'>enim?</span> <span class='ocrx_word' id='word_1_813' title='bbox 2591 5250 2679 5301; x_wconf 88' lang='lat' dir='ltr'>An</span> <span class='ocrx_word' id='word_1_814' title='bbox 2732 5245 2870 5301; x_wconf 89' lang='lat' dir='ltr'>artis</span> <span class='ocrx_word' id='word_1_815' title='bbox 2937 5257 3089 5312; x_wconf 88' lang='lat' dir='ltr'>opus</span> <span class='ocrx_word' id='word_1_816' title='bbox 3146 5243 3233 5295; x_wconf 90' lang='lat' dir='ltr'>est</span> <span class='ocrx_word' id='word_1_817' title='bbox 3291 5237 3598 5293; x_wconf 62' lang='lat' dir='ltr'>daemones</span> 
     </span>
    </p>
   </div>
   <div class='ocr_carea' id='block_1_115' title="bbox 1935 5328 3596 5413">
    <p class='ocr_par' dir='ltr' id='par_1_115' title="bbox 1935 5328 3596 5413">
     <span class='ocr_line' id='line_1_115' title="bbox 1935 5328 3596 5413; baseline -0.011 -16"><span class='ocrx_word' id='word_1_818' title='bbox 1935 5340 2245 5413; x_wconf 81' lang='lat' dir='ltr'>expellere,</span> <span class='ocrx_word' id='word_1_819' title='bbox 2280 5344 2336 5395; x_wconf 92' lang='lat' dir='ltr'>et</span> <span class='ocrx_word' id='word_1_820' title='bbox 2373 5338 2724 5394; x_wconf 90' lang='lat' dir='ltr'>morborum</span> <span class='ocrx_word' id='word_1_821' title='bbox 2770 5333 3094 5389; x_wconf 87' lang='lat' dir='ltr'>mirabilem</span> <span class='ocrx_word' id='word_1_822' title='bbox 3130 5328 3361 5385; x_wconf 87' lang='lat' dir='ltr'>efﬁcere</span> <span class='ocrx_word' id='word_1_823' title='bbox 3428 5339 3596 5380; x_wconf 84' lang='lat' dir='ltr'>cura-</span> 
     </span>
    </p>
   </div>
   <div class='ocr_carea' id='block_1_116' title="bbox 1936 5422 3595 5503">
    <p class='ocr_par' dir='ltr' id='par_1_116' title="bbox 1936 5422 3595 5503">
     <span class='ocr_line' id='line_1_116' title="bbox 1936 5422 3595 5503; baseline -0.01 -15"><span class='ocrx_word' id='word_1_824' title='bbox 1936 5431 2188 5488; x_wconf 90' lang='lat' dir='ltr'>tionem?</span> <span class='ocrx_word' id='word_1_825' title='bbox 2214 5430 2355 5496; x_wconf 69' lang='lat' dir='ltr'>Qum</span> <span class='ocrx_word' id='word_1_826' title='bbox 2394 5428 2638 5503; x_wconf 90' lang='lat' dir='ltr'>quidem</span> <span class='ocrx_word' id='word_1_827' title='bbox 2670 5427 2721 5481; x_wconf 90' lang='lat' dir='ltr'>ei</span> <span class='ocrx_word' id='word_1_828' title='bbox 2761 5424 2975 5491; x_wconf 88' lang='lat' dir='ltr'>facere,</span> <span class='ocrx_word' id='word_1_829' title='bbox 3020 5437 3133 5478; x_wconf 87' lang='lat' dir='ltr'>non</span> <span class='ocrx_word' id='word_1_830' title='bbox 3173 5422 3361 5477; x_wconf 89' lang='lat' dir='ltr'>minus</span> <span class='ocrx_word' id='word_1_831' title='bbox 3407 5431 3595 5491; x_wconf 90' lang='lat' dir='ltr'>quam</span> 
     </span>
    </p>
   </div>
  </div>
