4084 6216
439 260 549 315 283

1864 247 2129 307 MENSIS
2167 247 2430 307 JUNIUS.

3712 256 3817 311 284

440 382 608 449 velle,
644 387 771 438 erat
823 381 1012 439 facile.
1053 382 1117 438 Et
1153 382 1316 438 alteri
1371 380 1618 455 quidem
1660 378 1889 451 aliquid
1920 374 2102 439 aliud,

2219 393 2288 427 Tt'
2333 377 2554 449 Σαμψὼν
2610 376 2668 432 δὲ
2700 383 2729 439 ἡ
2781 379 3064 454 ξενοδοχία
3113 387 3203 434 καὶ
3260 380 3617 455 φιλανθρωπία
3670 384 3755 432 καὶ
3786 384 3816 433 6

443 473 764 545 Sampsoni
816 479 1020 527 autem
1069 472 1439 544 hospitalitas
1480 477 1534 526 et
1566 470 1924 541 benignitas,
1961 472 2017 521 et
2048 466 2105 519 in

441 569 684 633 egentes
718 562 1143 627 misericordia,
1172 569 1297 617 erat
1328 562 1478 617 adeo
1513 561 1774 633 propria,
1806 563 1867 613 ut
1902 570 2108 628 prope-

444 652 695 708 modum
736 652 849 725 ipsi
882 653 1166 707 naturalis
1197 652 1381 713 ﬁeret,
1415 651 1567 705 sicut
1595 651 1701 704 soli
1732 647 1978 720 quidem
2019 658 2107 710 est

441 742 796 807 illuminare,
831 742 951 811 igni
983 746 1184 795 autem
1220 758 1403 795 urere.
1442 742 1581 795 Hinc
1631 741 1808 793 etiam
1848 736 2103 792 innotuit

443 832 492 886 ei
534 831 637 903 qui
678 834 820 885 tunc
860 837 984 885 erat
1022 830 1232 886 Christi
1275 830 1572 884 Pontifex:
1619 828 1902 883 bonitatis
1942 828 2103 881 enim

445 920 729 992 splendor
784 924 839 974 et
890 920 1072 975 decus
1125 935 1244 984 eos,
1300 920 1403 990 qui
1458 934 1593 973 eam
1640 922 1927 982 exercent,
1986 917 2103 971 cito

445 1008 739 1081 propalat.
796 1012 848 1064 ls
897 1016 1098 1064 autem
1155 1014 1281 1063 erat
1326 1011 1521 1063 Menas
1571 1011 1670 1077 (2),
1722 1006 1933 1061 virtute
1982 1021 2103 1060 non

442 1100 757 1154 obscurus.
790 1100 878 1154 Ab
905 1099 1004 1154 illo
1030 1098 1343 1154 ordinatur
1374 1098 1675 1163 sacerdos,
1712 1096 1950 1165 triginta
1976 1096 2105 1167 jam

443 1205 635 1245 annos
674 1196 871 1254 natus,
907 1194 963 1245 et
994 1189 1173 1259 paulo
1205 1188 1357 1259 plus.
1404 1188 1622 1243 Deinde
1653 1192 1708 1243 et
1738 1188 1789 1242 ei
1828 1187 2102 1250 innotuit,

439 1280 543 1353 qui
583 1278 1042 1336 administrabat
1080 1278 1422 1350 imperium.
1459 1280 1520 1333 ld
1552 1283 1754 1334 autem
1788 1293 1861 1332 ex
1900 1292 1971 1332 eo
2010 1292 2104 1333 ac-

448 1367 610 1424 cidit.

518 1460 579 1514 V.
644 1457 1010 1513 Justinianus
1067 1456 1313 1529 quidem
1376 1459 1520 1519 erat,
1585 1455 1689 1527 qui
1750 1455 2110 1525 imperabat,

442 1547 613 1618 cujus
673 1551 728 1600 et
783 1546 1011 1617 imperii
1055 1546 1406 1601 diuturnum
1448 1544 1557 1599 fuit
1616 1550 1850 1615 tempus
1907 1544 2005 1616 (3),
2059 1548 2115 1600 et

441 1636 561 1691 vita
608 1635 874 1690 illustris.
922 1635 981 1689 Ei
1042 1635 1289 1690 morbus
1346 1634 1616 1689 incubuit
1662 1635 1834 1691 valde
1893 1637 2110 1708 gravis,

2217 471 2334 539 περὶ
2393 472 2512 530 τοῦς
2566 466 2749 530 ἐνδεεῖς
2809 473 2976 535 οἶκτος
3040 476 3097 523 τὸ
3146 468 3458 535 ἰδιαίτατον,
3514 472 3581 530 ὡς
3630 477 3813 543 μικροῦ

2216 561 2305 608 καὶ
2358 556 2424 617 εἰς
2476 561 2670 629 φύσεως
2716 559 3012 614 ἀποϐαίνειν
3066 560 3474 631 ἀναγκαιοτητα,
3524 559 3628 609 οἷον
3689 558 3809 627 ἡλίῳ

2217 647 2304 716 μὲν
2353 650 2409 698 τό
2464 652 2724 719 φωτίζειν,
2780 656 2906 722 πυρὶ
2965 647 3023 703 δὲ
3070 655 3127 702 τὸ
3176 655 3359 702 καίειν.
3419 648 3680 701 Ἐντεῦθεν
3728 654 3810 697 καὶ

2215 743 2285 803 τῷ
2341 744 2625 794 τηνικαῦτα
2680 738 2916 811 ἀρχιερεῖ
2972 748 3060 791 τοῦ
3112 746 3344 810 Χριστοῦ
3404 734 3559 795 δῆλος
3616 740 3816 806 γίνεται

2215 823 2393 898 (ἀρετή
2448 828 2549 900 γὰρ
2600 834 2818 900 πρᾶγμα
2870 831 2966 881 ἶσα
3041 834 3169 901 φωτὶ
3248 828 3469 899 λάμπον,
3541 827 3652 877 ὅθεν
3727 828 3817 875 καὶ

2214 918 2355 985 ταχὺ
2438 914 2550 967 λίαν
2630 915 2973 990 ἀνακηρύττει
3046 922 3167 978 τοὺς
3250 916 3562 987 μετιόντας).
3632 922 3818 973 Μῆνας

2215 1002 2358 1064 οὗτος
2437 1001 2497 1062 ἧν
2563 1007 2588 1056 6
2650 1011 2741 1065 τήν
2810 1005 2991 1080 ἀρετήν
3058 1008 3152 1059 οὐκ
3207 1003 3418 1069 ἄδηλος,
3474 1004 3565 1056 καὶ
3629 1006 3809 1075 ἱερεύς

2214 1095 2300 1144 ὑπ’
2386 1093 2576 1147 ἐκείνου
2647 1106 3024 1171 χειροτονεῖται
3088 1100 3365 1171 τριάκοντα
3419 1091 3525 1153 ἤδη
3594 1096 3823 1165 γεγονὼς

2217 1185 2325 1246 ἔτην
2376 1188 2464 1235 καὶ
2508 1190 2692 1257 μικρὸν
2757 1206 2806 1238 τι
2854 1192 3001 1258 πρός.
3055 1187 3181 1240 Εἶτα
3229 1191 3317 1237 καὶ
3368 1194 3438 1255 τῷ
3504 1187 3597 1240 τήν
3659 1181 3824 1253 βασι-

2216 1270 2353 1321 λείαν
2436 1269 2667 1326 διέποντι
2748 1280 2961 1349 φανερός
3015 1280 3233 1347 γίνεταιο
3314 1274 3436 1348 παρ’
3514 1272 3685 1324 αἰτίαν
3755 1266 3820 1321 δε

2220 1363 2485 1419 τοιαύτην.

2294 1448 2362 1503 Ε’.
2398 1452 2762 1515 Ἰουστινιανός
2814 1458 2903 1527 μεν
2960 1456 3021 1513 ἦν
3062 1456 3085 1506 ό
3134 1462 3357 1522 κρατῶν,
3415 1451 3476 1504 οὗ
3525 1455 3614 1503 καὶ
3663 1452 3688 1501 6
3728 1457 3838 1511 τῆς

2225 1537 2401 1611 ἀρχῆς
2428 1546 2618 1614 χρόνος
2657 1543 2834 1609 πολὺς,
2883 1549 2970 1597 καὶ
3001 1546 3026 1596 ὁ
3070 1542 3183 1617 βίος
3232 1542 3501 1615 ἐπιφανής.
3533 1543 3711 1611 Τούτῳ
3742 1544 3835 1591 νόο-

2229 1646 2314 1689 σος
2360 1629 2635 1689 ἐνσκήπτει
2683 1632 2823 1704 μάλα
2866 1632 3055 1709 βαρεῖα
3085 1641 3182 1685 τῶν
3232 1629 3449 1684 αἰδοίων
3499 1630 3639 1700 αὐτῷ
3668 1648 3840 1686 πονη-

445 1741 582 1780 cum
635 1725 684 1780 ei
745 1724 897 1780 male
949 1723 1162 1779 affecta
1212 1730 1409 1778 essent
1452 1724 1752 1794 pudenda,
1809 1732 1863 1781 et
1914 1728 2104 1782 vesica

2226 1726 2327 1790 ρῶς
2375 1718 2621 1791 ἐχόντων,
2672 1727 2759 1773 καὶ
2813 1730 2907 1785 τῆς
2936 1726 3167 1784 κύστεως
3214 1722 3347 1775 ἕλκει
3401 1720 3616 1792 χαλεπῷ
3656 1738 3837 1770 κακω-

445 1815 611 1884 gravi
666 1815 963 1869 laboraret
1006 1814 1219 1869 ulcere.
1262 1816 1453 1885 Atque
1494 1814 1587 1869 ille
1629 1814 1875 1886 quidem
1935 1817 2115 1886 patie-

442 1904 639 1968 batur,
682 1911 739 1958 et
775 1902 1111 1969 laborabat,
1146 1920 1254 1959 nec
1295 1904 1533 1959 dolores
1566 1904 1712 1960 ferre
1757 1910 2004 1975 poterat.
2045 1906 2103 1960 Ei

444 1997 645 2047 autem
697 1996 823 2047 erat
870 1992 1303 2047 circumfusum
1345 2008 1593 2048 examen
1640 1994 2011 2050 medicorum
2058 2010 2113 2061 et

441 2084 597 2138 circa
627 2098 790 2147 eum,
827 2087 886 2136 ut
920 2098 1049 2136 mos
1077 2086 1183 2145 est,
1226 2082 1474 2137 aderant
1506 2098 1727 2154 magno
1760 2084 1958 2139 studio
1988 2086 2107 2140 dis-

444 2175 724 2245 putantes
760 2188 771 2225 :
827 2173 929 2243 qui
971 2172 1048 2226 ad
1092 2172 1557 2243 promittendum
1613 2172 1881 2244 quidem,
1924 2182 1979 2231 et
2036 2175 2113 2231 ad

445 2263 601 2318 bona
640 2278 745 2333 spe
783 2261 1155 2332 implendum
1192 2267 1331 2317 sunt
1370 2262 1541 2317 valde
1573 2264 1856 2334 prompti,
1896 2268 1963 2319 ut
1999 2265 2107 2337 qui

449 2356 502 2408 et
549 2352 676 2421 ejus
708 2366 981 2414 manum,
1013 2351 1115 2423 qui
1148 2350 1403 2415 laborat,
1435 2350 1575 2406 hinc
1605 2352 1863 2419 incitent,
1897 2359 1953 2407 et
1990 2354 2113 2408 efﬁ-

448 2439 623 2503 ciant,
668 2445 730 2494 ut
767 2439 840 2494 sit
878 2439 955 2494 ad
994 2440 1265 2494 dandum
1306 2438 1588 2495 alacrior:
1633 2444 1698 2494 ut
1735 2446 1933 2497 autem
1975 2459 2114 2514 pro-

447 2529 636 2584 missa
674 2530 976 2584 deducant
1015 2530 1091 2584 ad
1126 2527 1424 2595 effectum,
1467 2535 1523 2583 et
1561 2529 1933 2588 laborantem
1975 2532 2116 2592 libe-

446 2623 576 2674 rent
602 2617 678 2673 ab
705 2634 775 2674 eo
800 2618 961 2691 quod
991 2634 1127 2673 eum
1159 2618 1313 2674 male
1341 2618 1537 2684 habet,
1568 2635 1687 2675 non
1718 2620 1916 2677 solum
1946 2621 2111 2680 brevi

446 2722 569 2763 non
621 2714 876 2780 possunt
932 2708 1183 2774 efﬁcere,
1227 2708 1334 2764 sed
1375 2724 1569 2781 neque
1608 2710 1794 2782 longa
1841 2728 2011 2768 mora
2061 2721 2119 2772 et

447 2796 752 2863 dilatione,
804 2813 998 2870 neque
1038 2797 1201 2868 longi
1242 2798 1525 2870 temporis
1566 2805 1796 2855 utentes
1841 2802 2061 2857 auxilio
2096 2803 2110 2842 ε

449 2887 555 2943 sed
583 2887 774 2959 parati
804 2888 1048 2960 quidem
1079 2894 1216 2944 sunt
1240 2903 1447 2943 eorum
1478 2889 1580 2958 qui
1613 2889 1908 2956 laborant,
1942 2908 2117 2946 accu-

450 2992 579 3032 sare
628 2977 985 3044 tarditatem,
1027 2992 1105 3032 au
1154 2977 1334 3031 etiam
1373 2977 1449 3032 ad
1491 2976 1570 3042 id,
1629 2978 1791 3048 quod
1826 2984 1914 3034 est
1952 2981 2108 3035 dete.

2229 1810 2424 1870 θείσης.
2474 1809 2530 1861 Ὀ
2588 1814 2677 1881 μεν
2733 1808 2821 1864 οῦν
2865 1815 3069 1883 ἔπασχέ
3107 1831 3159 1865 τε
3210 1816 3299 1863 καὶ
3357 1812 3541 1881 ἔκαμνε
3592 1813 3680 1860 καὶ
3728 1810 3832 1870 τὰς

2226 1894 2413 1959 ὀδύνας
2460 1904 2645 1972 φέρειν,
2679 1901 2738 1952 οὐ
2792 1898 3016 1961 δυνατός
3056 1898 3135 1959 ἦν’
3183 1901 3371 1975 ἰατρῶν
3414 1896 3474 1951 δὲ
3505 1906 3701 1969 σμῆνος
3730 1898 3833 1949 αὖ·

2223 1996 2294 2057 τῷ
2321 1993 2657 2060 περιεκέχυτο
2688 1996 2776 2043 καὶ
2806 1996 2921 2064 περὶ
2952 1991 3127 2055 αὐτὸν,
3162 1993 3334 2063 ὧσπερ
3367 1991 3498 2051 ἔθος,
3532 1984 3830 2040 σπουδαιο-

2222 2076 2520 2149 λογουμενοι
2550 2087 2815 2153 παρῆσαν,
2856 2082 2905 2131 οῖ
2946 2080 3356 2151 ἐπαγγείλασθαι
3403 2081 3491 2150 μεν
3544 2083 3634 2129 καί
3683 2075 3829 2146 ἁγα-

2226 2168 2325 2217 θῶν
2356 2164 2577 2220 ἐλπίδων
2607 2169 2884 2243 πληρῶσαι
2930 2166 3125 2240 κομιδὴ
3168 2175 3464 2241 πρόχειροι,
3499 2168 3586 2219 ᾶτε
3630 2163 3698 2223 δή
3731 2170 3833 2217 καὶ

2224 2260 2312 2313 τὴν
2364 2264 2522 2328 χεῖρα
2578 2265 2667 2309 τοῦ
2716 2260 2991 2331 κάμνοντος
3038 2258 3260 2312 ἱντεῦθεν
3300 2260 3679 2317 ῦποκινοῦντες,
3731 2259 3833 2307 καὶ

2224 2347 2615 2418 προθυμοτέραν
2686 2351 2758 2410 είς
2809 2346 3074 2410 ἐπιδόσεις
3129 2345 3258 2400 εἶναι
3312 2346 3827 2414 παρασκευάζοντες

2226 2434 2297 2493 εἰς
2326 2436 2472 2508 ἔργον
2504 2432 2562 2488 δε
2594 2440 2649 2488 τὸ
2690 2436 2997 2508 ἐπαγγελθεν
3046 2436 3279 2508 ἀγαγεῖν,
3330 2441 3419 2487 καὶ
3461 2442 3551 2487 τοῦ
3602 2433 3836 2486 λυποῦν-

2224 2542 2305 2584 τος
2349 2524 2637 2589 ἀπαλλάξαι
2668 2530 2751 2579 τὸν
2801 2528 3119 2598 πιεζόμενον,
3161 2526 3219 2578 οὐ
3269 2530 3421 2598 μόνον
3469 2524 3562 2577 οὐκ
3614 2523 3663 2576 ἐν
3708 2523 3832 2575 ὀλί-

2224 2632 2298 2683 γῳ
2348 2610 2563 2668 δυνατοὶ
2609 2618 2793 2680 ποιεῖν,
2850 2616 2954 2668 ἀλλ’
3008 2613 3132 2669 οὐδὲ
3198 2614 3349 2689 τριϐῇ
3422 2619 3512 2666 καὶ
3582 2612 3837 2685 μελλήσει

2226 2702 2489 2771 πολλάκις,
2545 2701 2667 2757 οὐδε
2720 2709 2805 2757 τὸν
2858 2708 3056 2778 μακρὸν
3108 2710 3299 2777 χρόνον
3354 2702 3697 2776 λαμϐάνοντες
3753 2702 3835 2764 εἰς

2228 2790 2497 2864 βοήθειαν·
2582 2794 2687 2846 ἀλλ’
2773 2797 2969 2867 ἕτοιμοι
3048 2794 3236 2868 μᾶλλον
3316 2797 3439 2854 τοὺς
3514 2794 3835 2864 πάσχοντας

2225 2881 2494 2935 αἰτιᾶσθαι
2524 2891 2613 2945 τῆς
2657 2882 3012 2959 βραδύτητος,
3056 2885 3086 2944 ἦ
3132 2890 3221 2937 καὶ
3251 2886 3344 2944 τὰς
3372 2886 3504 2956 πρὸς
3541 2885 3600 2934 τὸ
3642 2889 3830 2953 χεῖρον

2227 2970 2615 3042 συμϐαινούσας
2678 2980 3017 3047 περιπετείας,
3073 2977 3195 3027 ὡσεὶ
3247 2978 3318 3046 μὴ
3377 2980 3479 3033 τοῖς
3534 2970 3830 3045 παραγγέλ-

445 3066 586 3129 rius,
629 3063 1081 3136 proclivitatem,
1125 3070 1188 3119 ut
1224 3066 1324 3137 qui
1369 3064 1459 3120 vel
1501 3068 1809 3139 praeceptis
1857 3084 1976 3124 non
2014 3087 2104 3126 ac-

2224 3080 2386 3132 μασιν
2443 3065 2688 3133 εἴκοντας,
2743 3065 2773 3122 ἦ
2829 3071 2946 3139 περὶ
2990 3066 3083 3125 τὰς
3132 3061 3357 3137 βρώσεις
3398 3063 3427 3122 ἣ
3474 3065 3655 3123 πόσεις
3693 3058 3829 3131 ἀφυ-

445 3154 779 3228 quiescant,
824 3153 916 3209 vel
954 3153 1087 3210 cibo
1127 3160 1180 3209 et
1221 3158 1365 3226 potu
1396 3171 1517 3210 non
1558 3171 1647 3223 ea,
1689 3172 1811 3228 qua
1852 3174 1962 3230 par
2000 3166 2109 3225 est,

445 3244 716 3300 cautione
759 3248 1042 3299 utantur:
1102 3259 1165 3298 se
1211 3249 1433 3309 autem,
1474 3249 1531 3300 et
1574 3261 1666 3309 ea,
1715 3262 1850 3319 qum
1897 3250 1975 3304 ad
2016 3266 2118 3306 cu-

440 3334 702 3389 randum
757 3332 1063 3398 adhibent,
1120 3332 1560 3390 medicamenta
1617 3334 1866 3392 minime
1918 3353 2118 3410 repre.

440 3423 729 3478 hendunt.
789 3422 943 3488 Quid
996 3437 1138 3492 ergo
1187 3422 1548 3495 imperator?
1587 3426 1909 3499 Postquam
1959 3428 2105 3485 vidit

440 3527 539 3569 eos
578 3511 765 3568 multa
809 3512 1054 3585 quidem
1097 3511 1313 3578 dicere,
1346 3517 1405 3568 et
1434 3529 1659 3584 magna
1697 3515 1880 3572 verba
1920 3516 2102 3591 loqui,

437 3600 583 3658 nihil
637 3606 834 3657 autem
891 3601 1157 3657 conferre
1213 3602 1290 3658 ad
1345 3603 1736 3670 curationem,
1790 3605 1914 3660 imo
1968 3623 2110 3663 vero

435 3690 671 3757 laedere,
705 3697 763 3747 et
788 3692 1048 3762 majores
1074 3692 1311 3749 dolores
1344 3693 1575 3761 afferre,
1610 3694 1734 3767 ipse
1764 3696 2106 3765 agitabatur

434 3781 679 3853 quidem
717 3781 1047 3849 doloribus,
1091 3782 1241 3837 ferre
1280 3798 1419 3839 vero
1459 3799 1577 3839 non
1619 3790 1870 3858 poterat.
1912 3792 2102 3860 Atque

432 3887 643 3927 omnes
672 3871 919 3943 quidem
952 3871 1213 3927 medicos
1254 3888 1323 3928 ex
1355 3888 1530 3944 aequo
1574 3875 2006 3943 condemnans,
2043 3883 2107 3935 ut

434 3960 689 4027 inutiles,
739 3962 798 4016 in
852 3961 1080 4017 malam
1130 3977 1253 4017 rem
1304 3963 1467 4018 abire
1509 3964 1727 4033 jussit:
1780 3965 1860 4020 ad
1910 3966 2098 4022 Deum

433 4056 633 4105 autem
680 4049 961 4121 confugit,
1002 4056 1059 4105 et
1102 4051 1153 4105 ei
1195 4066 1417 4121 magno
1461 4052 1657 4109 studio
1705 4054 1987 4123 adhaeret,
2039 4050 2097 4111 et

434 4137 592 4194 illinc
617 4140 831 4211 quaerit
857 4138 1169 4195 auxilium.
1203 4142 1649 4212 Nonnunquam
1679 4142 1838 4198 enim
1870 4150 2103 4214 egestas

427 4228 620 4299 docet,
653 4228 799 4301 quid
832 4229 1007 4285 nobis
1040 4229 1113 4285 sit
1154 4229 1328 4297 utile;
1360 4235 1417 4285 et
1446 4229 1640 4302 efﬁcit,
1677 4237 1741 4287 ut
1769 4232 2096 4297 discamus,

431 4318 737 4375 undenam
761 4334 969 4375 verum
991 4318 1193 4375 veniat
1214 4317 1537 4380 auxilium:
1564 4342 1593 4370 «
1616 4322 1919 4378 Auxilium
1936 4324 2099 4379 enim

432 4416 647 4473 meum,
679 4408 887 4481 inquit,
920 4425 955 4465 a
992 4409 1243 4465 Domino
1273 4411 1315 4464 ².
1349 4430 1375 4461 ι

501 4499 588 4553 Vl.
630 4500 774 4555 Cum
812 4498 1012 4571 itaque
1046 4498 1429 4555 vehementer
1457 4499 1742 4572 petiisset,
1776 4515 1899 4557 non
1930 4501 2097 4558 tarde

426 4585 835 4660 consequitur,
890 4586 994 4643 sed
1047 4588 1098 4643 ei
1130 4588 1189 4643 in
1242 4589 1469 4645 somnis
1528 4588 1860 4646 ostenditur
1903 4590 2095 4647 multi-

427 4676 572 4733 tudo
606 4676 995 4745 medicorum,
1025 4677 1127 4751 qui
1153 4678 1360 4734 ordine
1385 4679 1632 4752 quidem
1654 4680 1953 4746 astabant,
1983 4682 2085 4739 ho-

430 4769 599 4821 nesta
659 4781 821 4832 vero,
891 4772 947 4821 et
1001 4782 1138 4838 quae
1205 4766 1616 4823 sacerdotibus
1677 4771 2090 4837 conveniebat,

431 4858 599 4910 erant
640 4860 797 4911 veste
849 4855 1059 4909 induti.
1115 4854 1263 4910 Vidit
1298 4862 1496 4912 autem
1545 4858 1872 4928 quemdam
1922 4875 2086 4915 acce-

430 4945 669 5001 dentem
701 4944 1067 5012 eunuchum,
1099 4959 1170 5000 ex
1197 4962 1343 5003 auro
1365 4947 1610 5017 quidem
1634 4954 1906 5006 contexta
1934 4955 2092 5011 veste

433 5034 734 5101 indutum,
760 5034 1084 5108 Praeposito
1105 5052 1243 5093 vero
1266 5038 1485 5093 amictu
1510 5038 1784 5106 similem,
1809 5040 1913 5111 qui
1942 5042 2101 5095 visus

432 5131 525 5181 est
545 5124 857 5181 ostendere
884 5142 1067 5182 unum
1094 5142 1469 5200 quemquam
1496 5144 1565 5184 ex
1590 5129 2003 5202 medicis,‘quo
2030 5130 2102 5192 sit

506 5251 527 5285 ³
568 5250 695 5306 Psal
732 5293 743 5306 .
778 5265 910 5320 cxx,
936 5250 987 5304 2.

509 5428 585 5503 (2)
619 5430 663 5482 A
688 5429 1022 5503 Patriarcha
1052 5430 1219 5485 Mena
1249 5446 1367 5485 non
1400 5430 1665 5503 potuisse
1697 5434 2091 5502 Sampsonem

436 5500 716 5628 ordinarii8
731 5500 1099 5557 sacerdotem
1127 5502 1350 5559 dictum
1384 5500 1470 5559 est
1498 5504 1557 5559 in
1581 5500 1908 5561 Comment.
1944 5518 2093 5577 pra:-

439 5588 624 5628 vnom.
725 5612 736 5624 .

2224 3148 2425 3212 λάκτως
2480 3154 2713 3223 ἔχοντας·
2774 3152 2975 3214 ἑαυτοῖς
3029 3150 3087 3206 δε
3137 3158 3227 3205 καὶ
3280 3152 3359 3214 οἷς
3413 3154 3700 3224 κέχρηνται
3747 3148 3830 3210 εἰς

2228 3241 2494 3314 θεραπείαν
2544 3245 2851 3316 φαρμάκοις,
2920 3243 3115 3315 μέμψιν
3190 3245 3238 3295 oi
3323 3240 3585 3314 βελτιστοι
3658 3257 3825 3313 προσ-

2226 3330 2480 3381 άπτουσιν
2530 3327 2800 3403 οὐδεμίαν.
2851 3335 2913 3388 Τί
2973 3332 3060 3385 οὖν
3118 3334 3144 3384 ό
3194 3330 3443 3404 βασιλεὺς
3474 3347 3488 3397 ;
3520 3331 3605 3381 ἐπὶ
3658 3327 3831 3381 πολλὰ

2223 3420 2313 3488 μεν
2368 3418 2557 3481 αὐτοὺς
2603 3420 2843 3491 λέγοντας
2896 3420 3031 3495 ἑώρα
3071 3425 3161 3472 καὶ
3218 3418 3820 3494 μεγαλορῥημονοῦντας,

2221 3504 2371 3560 οῦδὲν
2422 3506 2480 3561 δε
2538 3513 2667 3582 πρὸς
2714 3511 2984 3585 θεραπείαν
3029 3512 3291 3573 ἀνύοντας,
3342 3510 3422 3560 ὅτι
3469 3512 3540 3580 μή
3573 3512 3659 3558 καὶ
3690 3505 3823 3578 βλά-

2219 3617 2441 3661 πτοντας
2489 3604 2577 3651 καὶ
2626 3599 2838 3653 ἀκεσίαν
2889 3600 3121 3661 ἅπαντας
3192 3595 3675 3669 ἀποδεικνυμένους,
3726 3596 3821 3648 αὐ-

2215 3693 2297 3749 τός
2334 3708 2388 3741 τε
2435 3686 2647 3751 ὀδύναις
2698 3689 2930 3742 ἐϐάλλετο
2983 3692 3091 3761 μεν,
3143 3692 3306 3762 φέρειν
3351 3684 3411 3740 δε
3438 3687 3532 3739 οὐκ
3562 3682 3813 3744 ἠδύνατο.

2218 3777 2405 3852 ἰατρῶν
2457 3784 2546 3853 μὲν
2609 3778 2685 3832 ἐπ’
2740 3784 2861 3841 ἴσης
2914 3782 3115 3830 πάντων
3168 3783 3226 3829 τό
3280 3776 3599 3849 ἀνωφέλητον
3647 3794 3816 3826 κατα-

2212 3873 2385 3940 γνοὺς,
2432 3870 2673 3943 οἰμώζειν
2712 3873 2918 3942 ἔφασκε·
2956 3871 3269 3941 προσφεύγει
3324 3863 3383 3919 δὲ
3432 3865 3620 3938 μᾶλλον
3675 3872 3811 3934 Θεῷ,

2213 3965 2301 4011 καὶ
2357 3959 2517 4011 αὐτοῦ
2556 3958 2669 4009 λίαν
2718 3958 2938 4029 ἐμμελῶς
2996 3961 3311 4030 περιέχεται,
3349 3960 3437 4007 καὶ
3479 3958 3573 4012 τὴν
3624 3952 3814 4005 ἐκεῖθεν

2214 4048 2361 4109 ζητεί
2392 4046 2657 4121 βοήθειαν.
2692 4046 2846 4100 Ἐστι
2872 4049 2972 4121 γὰρ
3022 4048 3103 4098 ὅτε
3153 4043 3220 4103 δὴ
3267 4049 3358 4097 καὶ
3401 4045 3432 4102 ἡ
3488 4041 3681 4117 ἀπορία
3730 4038 3814 4093 διο

2212 4134 2477 4199 δάσκαλος
2518 4140 2641 4210 ἡμῖν
2688 4144 2779 4189 τοῦ
2816 4136 3204 4199 λυσιτελοῦντος
3246 4140 3462 4207 γίνεται,
3507 4138 3595 4185 καὶ
3634 4134 3745 4184 ὃθεν
3776 4133 3807 4189 ἡ

2210 4224 2444 4299 ἀψευδὴς
2503 4231 2615 4287 ἣκει
2669 4226 2908 4299 βοήθεια,
2964 4227 3237 4299 μανθάνειν
3286 4231 3442 4276 ποιεῖ.
3500 4242 3528 4274 ί(
3582 4222 3639 4275 Ἡ
3706 4224 3809 4293 γὰρ

2210 4316 2429 4390 βοήθειά
2455 4336 2575 4388 μου,
2599 4322 2750 4389 φησὶ,
2772 4318 2917 4390 παρὰ
2948 4319 3163 4388 Κυρίου.
3200 4335 3225 4365 ν

2130 4443 2174 4497 D
2417 4414 2629 4482 Θερμῶς
2670 4412 2942 4478 τοιγαροῦν
2991 4404 3236 4470 αἰτήσας,
3292 4402 3350 4497 οὐ
3398 4398 3640 4476 βραδέως
3701 4402 3811 4452 im-

2206 4501 2479 4570 τυγχάνει,
2540 4496 2666 4549 ἀλλὰ
2743 4496 2857 4548 κατ’
2906 4498 3025 4568 ὄναρ
3085 4494 3227 4564 αὐτῷ
3285 4488 3553 4546 δείκνυται
3622 4490 3808 4562 ἰατρῶν

2206 4588 2400 4649 πλῆθος
2460 4583 2723 4659 στιχηδὸν
2774 4587 3172 4659 παριστάμενοι,
3226 4586 3318 4641 τὴν
3356 4585 3445 4654 μέν
3489 4600 3568 4633 τοι
3619 4579 3807 4637 στολήν

2211 4682 2519 4752 ἱεροπρεπῶς
2600 4679 2957 4747 περικείμενοι·
3039 4674 3285 4744 εὐνοῦχον
3359 4668 3419 4723 δέ
3492 4689 3610 4721 τινα
3676 4687 3808 4741 παρ-

2210 4768 2418 4822 ελθόντα
2459 4766 2611 4841 ίὼρα,
2666 4771 2947 4837 χρυσουφῇ
2997 4765 3086 4834 μεν
3138 4759 3593 4834 περιϐεϐλημένον,
3645 4766 3805 4831 Πραι-

2209 4862 2409 4927 ποσίτῳ
2465 4852 2523 4907 δε
2572 4859 2662 4913 τὴν
2696 4852 2946 4911 ἀναϐολήν
2977 4854 3171 4923 ὅμοιον,
3222 4853 3274 4912 ὃς
3314 4854 3399 4901 καὶ
3449 4845 3807 4901 ὑποδεικνύειν

2212 4952 2351 5017 αὐτῷ
2405 4946 2549 5017 ἐῴκει
2598 4954 2695 4997 τῶν
2752 4944 2937 5018 ἰατρῶν
2979 4944 3213 5006 ἕκαστον,
3279 4942 3412 4999 ὅπως
3473 4940 3586 5010 ἔχει
3639 4956 3811 5009 προσ-

2212 5042 2352 5089 ώπου
2405 5041 2494 5087 καὶ
2556 5035 2753 5095 ἡλικίας
2826 5038 2914 5085 καὶ
2974 5036 3400 5107 παραστήματος,
3462 5026 3535 5099 ἔφ’
3594 5028 3668 5087 οἷς
3722 5026 3809 5079 ἕνα

2272 5430 2350 5502 (3)
2434 5428 2739 5502 Regnavit,
2776 5426 3148 5481 Iustinianus
3211 5424 3457 5491 Magnus
3510 5420 3588 5477 ab
3647 5434 3810 5475 anno

2202 5500 2413 5559 Christi
2444 5504 2545 5557 527
2574 5500 2648 5557 ad
2678 5501 2802 5555 463.
