4066 6224
258 292 344 349 285

252 424 355 471 ὄντα
398 422 455 470 τό
508 422 799 492 πρόσχημα
848 421 1107 477 ταπεινόν,
1172 421 1265 475 τὴν
1322 415 1505 469 πολιὰν
1569 414 1831 488 εὐπρεπῆ,
1870 413 1910 465 Α

248 515 323 567 τὴν
352 505 547 560 ἔνδυσιν
593 508 835 568 εὐσταλῆ,
868 511 1125 580 γνωρίσαι
1172 526 1226 558 τε
1267 513 1444 557 τοῦτον
1496 512 1568 573 τῷ
1622 502 1834 575 βασιλεῖ

253 598 583 669 ἐμμελέστερον
638 602 725 649 καὶ
791 597 897 657 οἷος
950 596 1061 647 ἐστι
1130 598 1332 647 πάντων
1430 594 1835 664 παρασκευάσαι

250 688 558 758 καταμαθεῖν,
592 691 681 738 καὶ
727 688 792 746 ὡς
821 685 976 746 αὐτὸς
1014 689 1188 756 μόνος,
1222 684 1279 735 οὐ
1340 688 1433 755 μέν
1478 701 1555 735 τοι
1604 689 1701 733 τῶν
1750 679 1835 731 οἳλ-

248 776 330 827 λων
380 771 567 838 οὐδεὶς,
606 778 782 847 φάναι,
839 772 1062 834 δυνατός
1116 784 1201 824 σοι
1262 771 1451 825 δοῦναι
1498 779 1591 823 τοῦ
1636 771 1837 829 πάθους

248 864 544 935 ἀπαλλαγήν.
590 865 730 916 Ἐπεὶ
778 860 865 916 οὖν
913 869 1002 915 καὶ
1051 864 1213 915 ὕπνου
1264 861 1439 919 ἀνείθη
1489 862 1514 912 ό
1566 859 1831 932 βασιλεὺς,

253 952 400 1011 ἀληθῆ
452 958 628 1025 κρίνας
678 956 762 1005 τὸν
814 957 1004 1025 ὄνειρον
1046 952 1236 1022 (ἐποίει
1282 954 1382 1022 γὰρ
1433 952 1696 1002 πιστεύειν
1744 950 1833 998 καὶ

244 1050 395 1095 ταῦτα
424 1043 768 1113 οἰκονομήσας
814 1040 944 1095 ἰδεῖν
993 1047 1081 1094 καὶ
1112 1040 1304 1114 μέλλων
1351 1039 1403 1102 ἐξ
1434 1042 1584 1112 ἔργον
1615 1040 1681 1089 τά
1710 1039 1836 1111 όρα-

243 1134 377 1183 θέντα
430 1132 849 1203 πιστώσασθαι),
900 1137 1078 1206 χαρᾶς
1133 1134 1223 1203 μεν
1300 1129 1623 1200 πληροῦται·
1680 1146 1809 1198 μετα

240 1219 449 1272 καλεῖται
498 1218 557 1273 δὲ
605 1225 727 1283 τοὺς
777 1222 983 1295 ἰατροὺς
1034 1220 1242 1281 εὐθέως.
1280 1224 1380 1272 Καὶ
1429 1220 1477 1270 οἰ
1507 1221 1595 1289 μὲν
1647 1214 1831 1273 συνῆλ-

242 1312 313 1361 θον
360 1314 444 1362 καὶ
494 1311 568 1371 εἷς
620 1311 741 1381 ὄψιν
795 1311 935 1381 αὐτῷ
992 1315 1330 1384 παρέστησαν
1386 1308 1607 1368 ἅπαντες
1638 1327 1648 1338 ·
1684 1308 1709 1357 ό
1771 1302 1828 1356 δ’

241 1397 365 1472 iuris:
438 1402 660 1452 ἕκαστον
714 1401 1141 1473 φιλοπραγμονών
1196 1398 1462 1470 ἐσχάτως,
1515 1402 1605 1448 καὶ
1660 1394 1831 1467 βασα-

240 1489 374 1547 νίζων
403 1488 505 1560 οὐχ
540 1490 722 1551 ἧττον,
753 1490 783 1548 ἦ
832 1493 918 1541 τόν
948 1492 1156 1561 χρυσὸν
1189 1490 1218 1546 ἡ
1258 1483 1435 1541 Λυδία
1476 1486 1633 1551 λίθος,
1664 1487 1829 1552 πρόσ-

242 1582 359 1628 ωπόν
406 1596 457 1630 τε
512 1582 606 1629 καὶ
662 1587 856 1649 σχῆμα
907 1584 995 1630 καὶ
1052 1578 1262 1636 ἠλικίαν
1311 1579 1446 1628 κατά
1496 1577 1561 1626 τὰ
1617 1569 1829 1625 ὑποδει-

242 1668 415 1735 χθέντα
464 1668 764 1740 παράσημα
821 1664 915 1719 διὰ
972 1676 1070 1718 τῶν
1141 1667 1365 1737 ὀνείρων.
1421 1664 1503 1725 Ὠς
1559 1660 1617 1716 δι
1678 1659 1827 1715 οὐδὲν

242 1764 324 1805 τῶν
377 1763 645 1829 παρόντων
708 1756 840 1831 ἐώρα
918 1753 1120 1809 τοιόνδε
1187 1762 1483 1827 γνώρισμα,
1545 1757 1677 1825 Λύπη
1737 1758 1827 1803 και.
1864 1762 1908 1818 Β

244 1842 410 1917 ἀπορίᾳ
465 1851 764 1917 συνείχετο,
824 1851 913 1897 καὶ
971 1846 1055 1896 οἶα
1109 1841 1524 1916 διψητικώτερος
1576 1846 1649 1894 ἔτι
1704 1843 1829 1893 καθ-

241 1939 393 1985 ίστατο
449 1943 541 1986 τοῦ
621 1935 1016 2006 ἑπαγγελθέντος
1094 1933 1496 2005 ἀποτυγχάνων.
1547 1933 1831 1984 Ἐντεῦθενι

241 2023 375 2079 πολλή
430 2044 480 2076 τε
535 2029 630 2076 καὶ
686 2026 845 2099 θερμὴ
896 2029 981 2075 καὶ
1060 2023 1204 2085 ὀξειᾶ
1260 2026 1502 2089 ζήτησις,
1552 2021 1832 2092 ἐπαγγελία

241 2131 283 2163 τε
325 2110 523 2185 δωρεῶν
575 2120 667 2165 καὶ
716 2122 878 2184 τιμῶν
928 2117 1216 2185 μεγίστοιν,
1248 2111 1307 2173 ἃς
1356 2113 1497 2163 ότὸν
1544 2108 1716 2185 ἄνδρα
1745 2114 1830 2162 τὸν

242 2201 536 2272 ζητούμενον
597 2201 908 2275 ἕριτανίσων,
963 2201 1255 2262 ἀκολούθως
1336 2202 1412 2261 οἷς
1469 2198 1575 2253 εἶδε
1633 2200 1826 2272 συμϐό-

243 2289 335 2350 λοις
391 2294 415 2343 ό
489 2291 770 2364 βασιλεὺς,
824 2292 1020 2364 ἔμελλεν
1094 2291 1244 2353 εὐθὺς
1296 2289 1579 2361 λήψεσθαι.
1630 2289 1689 2341 Ὀ
1741 2294 1830 2362 μεν

242 2376 316 2431 οὖν
369 2379 604 2444 ἐζητεῖτο
660 2380 775 2433 λίαν
851 2380 1105 2453 ἐκθύμως,
1162 2385 1252 2432 καὶ
1309 2383 1365 2431 τό
1416 2384 1695 2451 γνώρισμα
1747 2376 1826 2445 ἦν,

241 2470 289 2521 οὐ
331 2475 457 2523 κατὰ
484 2480 585 2524 τοῦ
634 2470 876 2537 Πέλοπος,
908 2472 1081 2545 ὥσπερ
1133 2466 1272 2522 οἶδεν
1321 2470 1347 2521 ό
1391 2470 1573 2540 μῦθος,
1607 2466 1707 2520 ἀπὸ
1738 2476 1830 2520 τοῦ

242 2559 384 2631 ὤμου,
429 2560 537 2612 ἀλλ’
590 2559 693 2612 ἀπό
745 2568 836 2613 τοῦ
874 2566 1139 2634 περιόντος
1180 2567 1269 2619 τῆς
1318 2557 1500 2633 ἀρετῆς
1556 2563 1644 2609 καὶ
1697 2577 1828 2631 προ-

242 2654 510 2721 ηγουμένως
610 2649 710 2702 ἀπὸ
789 2657 882 2701 τοῦ
948 2650 1327 2724 μετριοπαθοῦς
1383 2652 1470 2698 καὶ
1552 2647 1826 2699 συνεσταλ-

238 2743 389 2809 μένου.

293 2918 356 2971 Ζ’.
399 2924 539 2972 Ἐπεὶ
578 2916 637 2971 τῖε
674 2922 763 2970 καὶ
808 2920 883 2969 ἔτι
933 2914 1207 2992 δυσχερὴς
1238 2914 1297 2975 ἧν
1329 2918 1359 2975 ἠ
1416 2916 1615 2989 εὕρεσις
1652 2914 1827 2991 (ἐκρύ-

233 3027 369 3060 πτετο
414 3010 513 3083 γὰρ
571 3008 635 3059 οὐ
690 3012 783 3065 τὴν
838 3012 1040 3082 μορφὴν
1089 3004 1436 3078 μεταϐάλλων,
1484 3006 1568 3057 οἷα
1616 3001 1683 3064 δὴ
1736 3010 1824 3058 καὶ

232 3100 301 3147 τὸν
332 3102 537 3170 Πρωτέα
586 3096 927 3161 πλάττουσιν,
971 3095 1078 3147 ἀλλ’
1128 3095 1396 3167 οἰκονομίᾳ
1441 3099 1543 3146 τινὶ
1594 3096 1825 3167 θειοτέρα
1856 3119 1897 3177 G

231 3188 390 3238 τούτου
437 3184 844 3258 συμϐαίνοντος,
880 3188 963 3237 ἱνα
990 3190 1080 3237 καὶ
1128 3186 1157 3235 ᾗ
1211 3181 1443 3259 βραδεῖα
1490 3180 1719 3245 δήλωσις
1750 3187 1827 3246 ἔτι

234 3273 398 3343 μᾶλλον
450 3276 617 3327 αὐτὸν
666 3274 980 3331 ίπιπόθητον
1027 3273 1369 3345 καταστήσῃ)
1413 3272 1508 3344 ὀψε
1546 3278 1636 3325 καὶ
1680 3272 1830 3345 μόλις

233 3371 314 3414 τῶν
361 3365 540 3436 ἰατρῶν
598 3383 673 3424 τις
717 3372 817 3415 τῶν
851 3361 1166 3435 βασιλικῶν,
1201 3370 1271 3432 τῷ
1323 3366 1413 3435 μεν
1458 3360 1668 3433 βασιλεῖ
1703 3368 1831 3433 γνώ-

238 3472 385 3523 ριμος,
421 3454 661 3514 συνήθης
704 3449 763 3504 δὲ
811 3460 883 3523 τῷ
939 3450 1181 3523 Μεγάλῳ,
1234 3456 1325 3504 καὶ
1369 3455 1433 3504 τὰ
1477 3454 1670 3504 ἐκείνου
1719 3453 1836 3525 ἄρι-

250 3559 337 3593 στα
363 3539 635 3607 συνειδὼς,
669 3542 728 3594 οὑ
782 3545 847 3593 τὰ
899 3549 989 3602 τῆς
1038 3540 1224 3616 ἀρετῆς
1271 3560 1443 3613 μονον,
1478 3540 1605 3593 ἀλλά
1634 3547 1722 3593 καὶ
1776 3545 1839 3594 τά

251 3639 330 3694 τῆς
372 3636 601 3703 χάριτός
645 3651 700 3684 τε
741 3636 831 3684 καὶ
872 3640 971 3683 τῶν
1023 3633 1318 3702 θαυμάτων,
1367 3632 1500 3683 ἔνθεν
1549 3631 1690 3701 αὐτῷ
1746 3619 1836 3682 καἱ

246 3720 497 3792 συμϐαλεῖν
549 3717 743 3795 ῥᾴδιον
803 3718 883 3785 ἦν,
940 3720 1127 3773 ἐκεῖνον
1201 3719 1331 3772 εἶναι
1387 3724 1472 3772 τόν
1544 3720 1836 3792 ἰασόμενον,

248 3809 373 3869 αὐτὸς
416 3812 562 3871 οὗτος
604 3808 762 3869 δῆλον
812 3811 959 3870 εὐθὺς
1004 3814 1090 3861 τόν
1134 3814 1309 3880 Μέγαν
1339 3818 1410 3879 τῷ
1459 3808 1669 3882 βασιλεῖ
1707 3812 1843 3861 καθ-

249 3900 409 3955 ίστησι
460 3906 547 3952 καὶ
617 3906 795 3973 χαρᾶς
857 3900 996 3969 αὐτῷ
1046 3905 1246 3969 γίνεται
1300 3900 1560 3967 πρόξενος,
1611 3901 1736 3958 ὅσης
1791 3896 1840 3951 οἱ

244 3988 373 4039 πάθει
436 3998 728 4059 σωματικῷ
784 3992 1060 4061 κάμνοντες
1122 3992 1211 4040 καὶ
1272 3986 1577 4059 ἀπαλλαγῆς
1650 3987 1840 4060 ἐφιέμε-

246 4094 327 4139 νοι,
358 4073 570 4130 δυνατοὶ
608 4084 760 4149 μόνον
808 4086 1053 4131 συνεῖναι.
1103 4078 1271 4139 Εὐθὺς
1325 4081 1414 4150 μεν
1464 4075 1550 4130 οὖν
1592 4078 1661 4140 εἰς
1723 4078 1843 4149 ὄψιν

245 4164 266 4215 ό
305 4168 606 4238 θαυμαστὸς
658 4167 798 4237 αὐτῷ
850 4173 1042 4241 παρῄει
1089 4167 1353 4239 Σαμψών
1389 4165 1513 4221 οὐδὲ
1560 4170 1658 4241 γὰρ
1718 4166 1841 4222 οὐδὲ

246 4250 409 4326 βραχὺ
452 4261 509 4309 τό
555 4262 722 4329 μέσον
773 4255 933 4319 ἀκοῆς
979 4278 1131 4330 φημι,
1164 4262 1253 4310 καὶ
1299 4266 1393 4319 τῆς
1439 4260 1555 4320 θεας
1598 4261 1835 4330 γενέσθαι

244 4354 484 4417 παρῆκεν·
522 4347 690 4408 οὕτως
741 4345 896 4398 αὐτόν
956 4349 985 4405 ἡ
1043 4343 1133 4399 τοῦ
1211 4344 1341 4399 ἰδεῖν
1426 4346 1662 4419 ἰσχυρῶς
1714 4348 1838 4401 εἶλεν

247 4429 491 4506 ἐπιθυμία.
553 4431 709 4489 Ἰδὼν
758 4432 845 4487 οὖν
902 4434 1090 4507 ἀνέγνω
1136 4436 1308 4497 καλῶς
1361 4434 1461 4488 ἀπὸ
1504 4446 1602 4488 τῶν
1654 4442 1838 4500 νυκτός
1869 4471 1916 4529 D

248 4519 504 4589 ὁραθέντων
558 4527 629 4577 τὰ
702 4525 813 4597 μεθ’
868 4527 1063 4599 ἡμέραν
1118 4529 1412 4597 φαινόμενα,
1470 4527 1574 4578 οἷον
1649 4526 1837 4598 ὀφθαλ-

249 4617 339 4678 Ιιιῶν
426 4615 752 4686 ἡμερότητα,
836 4622 1037 4690 μορφῆς

252 4705 470 4770 κοσμίαν,
535 4708 785 4773 πώγωνος
837 4704 1162 4776 αὐχμηρίαν,
1226 4703 1472 4776 ὀμμάτων
1529 4710 1831 4777 κατήφειαν,

256 4786 461 4856 σύμϐολα
560 4811 614 4843 τε
707 4792 848 4862 αὐτῷ
950 4791 1290 4865 ἐπιτρέποντα
1372 4797 1830 4866 μετριοφροσύνης.

252 4878 403 4928 Ταῦτα
456 4878 667 4947 ἐκεῖνος,
722 4886 1033 4954 προσιόντος
1088 4890 1178 4934 του
1239 4884 1565 4955 θαυμαστοῦ,
1643 4886 1831 4936 θεασά-

252 4982 394 5032 μενος,
426 4966 547 5021 οὐδὲ
596 4971 845 5031 καθεκτὸς
878 4968 937 5029 ἦν
984 4974 1075 5035 ἔτι,
1114 4970 1220 5024 ἀλλ’
1252 4972 1476 5033 ἀναστὰς
1505 4972 1558 5036 ἐξ
1607 4972 1829 5048 ἀμέτρου

252 5062 565 5131 περιχαρείας
635 5058 929 5132 περιϐάλλει
982 5080 1032 5113 τε
1107 5065 1193 5113 τόν
1247 5061 1418 5121 εὐτελῆ
1471 5066 1528 5114 τό
1585 5069 1827 5136 φαινόμε-

252 5160 334 5207 νον,
390 5148 413 5197 ὁ
464 5153 557 5206 τὴν
611 5147 888 5220 βασιλείαν
944 5149 1299 5221 περίϐλεπτος,
1359 5157 1449 5204 καὶ
1506 5152 1641 5225 φιλεῖ
1696 5155 1827 5224 ἄγαν

254 5227 412 5301 ἡδέως,
460 5238 517 5289 οὐ
567 5244 738 5310 στόμα
789 5243 957 5310 μόνον,
997 5237 1125 5291 ἀλλὰ
1171 5245 1261 5292 καὶ
1306 5241 1548 5312 κεφαλήν.
1606 5241 1671 5293 Ἠ
1723 5247 1825 5313 μὴν

1142 4614 1440 4687 ἱλαρότητα,
1536 4616 1565 4673 ἡ
1576 4617 1674 4667 θῶν
1758 4616 1837 4668 εὗ-

707 4792 771 4843 αὐ
778 4800 848 4862 τῷ

255 5318 377 5382 αὐτὸς
426 5323 485 5388 εἴ,
535 5326 715 5398 λέγων,
774 5330 965 5402 Πάτερ,
1018 5328 1170 5389 αὐτὸς
1200 5326 1262 5393 εἰ,
1322 5330 1345 5380 ό
1398 5330 1512 5381 κατ’
1570 5334 1690 5406 ὄναρ
1734 5352 1823 5403 μοι

256 5407 531 5479 παραδόξως
583 5419 859 5487 ἑπιφανεὶς,
919 5417 1047 5470 ἀλλά
1104 5423 1193 5469 καὶ
1246 5422 1302 5470 τό
1357 5420 1524 5480 πάθός
1588 5424 1645 5472 τὸ
1700 5424 1820 5493 ἐμόν

256 5492 541 5569 ἕπαγγελθεὶς
612 5506 885 5559 ἰάσασθαι.
945 5508 1123 5568 Οὕτως
1197 5507 1370 5572 εἰπὼν,
1429 5507 1576 5568 εὐθὺς
1631 5509 1702 5570 εἰς
1753 5513 1819 5562 τὰ

258 5596 532 5663 προσωτίρω
604 5601 862 5669 πνεισῄει
936 5606 1037 5648 τῶν
1091 5595 1372 5669 βασιλείων
1445 5596 1697 5671 ἐγκρατὴς
1748 5600 1815 5651 ὢν

1537 288 1700 345 VITA
1737 287 1801 343 S.
1845 284 2277 346 SAMPSONIS.

3504 296 3609 350 286

1950 411 2132 478 vultu,
2172 419 2342 471 aetate
2373 422 2429 473 et
2457 419 2695 486 habitu;
2728 419 2875 474 inter
2913 434 3067 491 quos
3096 434 3306 486 unum,
3337 422 3439 494 qui
3480 430 3609 483 erat

1948 503 2144 573 specie
2196 505 2457 573 humilis,
2517 510 2683 563 canis
2737 508 3007 573 decorus,
3059 511 3268 563 vestitu
3320 510 3607 566 honestus

1947 596 2002 645 et
2048 598 2441 664 compasitus,
2484 597 2818 667 diligentius
2851 613 3076 662 curare,
3113 602 3173 651 ut
3224 603 3401 652 notus
3451 606 3609 657 esset

1949 680 2290 751 imperatori
2325 700 2337 739 :
2388 692 2443 741 et
2483 686 2736 753 efﬁcere,
2782 692 2845 741 ut
2898 687 3071 741 sciret
3122 685 3320 757 qualis
3361 696 3511 744 esset
3545 689 3606 743 in

1946 771 2244 839 omnibus,
2287 779 2343 827 et
2380 775 2636 830 dixisse:
2672 776 2774 830 Hic
2802 775 2983 839 solus,
3020 782 3074 829 et
3104 773 3301 828 nullus
3345 790 3416 829 ex
3451 777 3605 842 aliis,

1946 858 2051 914 tibi
2098 868 2289 931 potest
2336 864 2500 932 dare,
2545 872 2603 920 ut
2644 883 2679 921 a
2718 872 2902 921 morte
2942 865 3229 921 libereris.
3280 863 3605 934 Postquam

1944 957 2145 1004 autem
2190 967 2224 1008 a
2272 969 2485 1008 somno
2530 954 2636 1009 fuit
2682 956 2977 1010 excitatus
3017 956 3368 1024 imperator,
3402 969 3605 1007 verum

1939 1038 2216 1109 judicans
2258 1057 2388 1097 esse
2419 1044 2721 1100 somnium
2755 1048 2843 1113 (ut
2872 1043 3136 1098 crederet
3166 1044 3347 1111 enim,
3402 1042 3611 1099 eﬁ‘ece-

1942 1134 2034 1183 rat
2069 1129 2119 1183 is
2156 1131 2257 1201 qui
2302 1133 2640 1203 providerat
2679 1140 2742 1188 ut
2791 1132 3029 1200 videret,
3064 1138 3119 1188 et
3158 1149 3290 1204 quae
3333 1134 3455 1188 visa
3487 1133 3609 1188 fue-

1944 1223 2095 1283 rant,
2123 1227 2245 1274 erat
2276 1236 2335 1274 re
2360 1221 2491 1291 ipsa
2512 1222 3021 1290 conﬁrmaturum,
3056 1221 3336 1293 impletur
3362 1223 3606 1295 quidem

1942 1307 2207 1375 gaudio:
2250 1311 2496 1365 accersit
2548 1320 2745 1367 autem
2805 1311 3008 1367 statim
3057 1311 3341 1367 medicos.
3403 1312 3468 1367 Et
3524 1309 3606 1367 illi

1940 1394 2183 1465 quidem
2223 1405 2649 1466 convenerunt,
2683 1405 2737 1455 et
2768 1416 2831 1455 se
2870 1401 2922 1456 ei
2949 1416 3160 1456 omnes
3207 1416 3412 1457 coram
3447 1400 3607 1456 stite-

1938 1492 2096 1542 runt.
2124 1487 2226 1543 Hic
2276 1505 2411 1545 vero
2457 1505 2954 1562 unumquemque
3000 1490 3307 1561 lustrabat,
3358 1490 3603 1561 diligen-

1942 1577 2166 1637 tissime
2224 1584 2623 1651 perscrutans,
2682 1585 2739 1635 et
2803 1596 2925 1635 non
2989 1580 3187 1635 minus
3249 1581 3605 1637 examinans

1940 1683 2124 1739 quam
2163 1683 2378 1724 aurum
2409 1668 2562 1741 lapis
2596 1670 2836 1741 Lydius,
2874 1668 3228 1741 vultumque
3261 1675 3316 1725 et
3344 1670 3606 1739 ﬁguram

1940 1762 1993 1812 et
2044 1762 2296 1823 aetatem,
2341 1759 2671 1814 secundum
2728 1760 2920 1828 signa,
2963 1775 3099 1831 qum
3151 1764 3323 1815 erant
3362 1766 3607 1816 ostensa

1941 1862 2047 1918 per
2073 1847 2326 1902 somnia.
2362 1848 2688 1919 Postquam
2715 1855 2915 1903 autem
2944 1848 3173 1903 nullum
3206 1848 3351 1903 vidit
3386 1848 3497 1904 tale
3529 1847 3605 1903 si-

1941 1951 2126 2008 gnum
2183 1936 2242 1990 in
2282 1936 2368 1990 eis
2414 1936 2517 2007 qui
2563 1937 2832 2002 aderant,
2864 1937 3065 1993 dolore
3115 1936 3506 2002 afficiebatur,
3550 1943 3606 1994 et

1941 2026 2223 2099 perplexo
2266 2032 2389 2081 erat
2412 2026 2633 2092 animo,
2665 2027 2972 2098 multoque
2999 2026 3196 2083 factus
3234 2030 3323 2082 est
3348 2025 3604 2082 avidior,

1941 2116 2105 2188 quod
2157 2114 2427 2171 nondum
2467 2121 2621 2171 esset
2658 2117 3027 2188 promissum
3089 2121 3415 2171 assecutus.
3461 2117 3605 2170 Hinc

1940 2205 2189 2275 diligens
2222 2204 2376 2260 facta
2407 2211 2497 2260 est
2520 2205 2846 2277 inquisitio,
2880 2206 3298 2276 donorumque
3331 2209 3389 2259 et
3418 2205 3605 2260 maxi-

1941 2309 2178 2349 morum
2201 2293 2499 2349 honorum
2530 2295 2868 2365 promissio,
2896 2310 3050 2367 quos
3080 2301 3233 2349 esset
3258 2300 3607 2365 accepturus

1940 2381 2038 2453 qui
2084 2383 2274 2437 virum
2308 2382 2644 2439 ostenderet
2692 2399 2764 2439 ex
2796 2384 2866 2439 iis
2915 2382 3148 2439 indiciis
3193 2400 3329 2455 qum
3380 2383 3608 2439 viderat

1941 2469 2283 2542 imperator.
2346 2472 2445 2527 Hic
2500 2472 2750 2544 quidem
2804 2472 3117 2543 diligenter
3180 2472 3604 2545 quaerebatur;

1940 2559 2182 2629 signum
2214 2565 2434 2631 autem,
2466 2577 2588 2632 quo
2619 2567 3080 2630 cognosceretur
3109 2566 3254 2623 erat,
3300 2577 3419 2616 non
3454 2575 3605 2631 quo-

1940 2649 2123 2704 modo
2184 2649 2412 2721 Pelopis
2451 2655 2540 2719 (ut
2588 2657 2791 2705 narrat
2843 2648 3070 2720 fabula)
3108 2650 3441 2715 humerus;
3495 2647 3605 2704 sed

1938 2738 2124 2793 virtus
2179 2737 2458 2808 insignis,
2507 2743 2564 2794 et
2608 2738 2907 2810 praecipue
2959 2737 3249 2794 moderati
3291 2752 3485 2793 mores
3544 2743 3607 2794 et

1935 2826 2271 2898 compositi.

2006 2918 2115 2971 Vll.
2159 2918 2305 2973 Cum
2338 2918 2537 2971 autem
2576 2919 2728 2971 esset
2755 2914 3008 2971 difﬁcilis
3043 2915 3304 2971 inventio
3340 2914 3595 2988 (celaba-

1934 3007 2028 3061 tur
2078 3006 2258 3071 enim,
2305 3021 2427 3061 non
2467 3004 2728 3061 formam
2773 3012 3041 3071 mutans,
3086 3010 3146 3059 ut
3192 3005 3425 3075 ﬁngunt
3468 3021 3607 3078 pro-

1935 3102 2117 3159 teum,
2150 3095 2254 3150 sed
2284 3095 2559 3167 quodam
2594 3093 2800 3150 divino
2842 3095 2954 3149 hoc
2993 3095 3301 3150 eveniente
3331 3094 3603 3163 consilio,

1938 3191 2000 3241 ut
2025 3184 2248 3241 tardior
2266 3184 2528 3239 ostensio
2551 3199 2690 3239 eum
2714 3183 2996 3239 redderet
3020 3182 3212 3253 magis
3236 3183 3607 3241 desiderabi-

1936 3276 2099 3340 lem),
2146 3273 2246 3329 vix
2286 3273 2529 3329 tandem
2586 3288 2740 3328 unus
2781 3289 2854 3328 ex
2905 3273 3152 3329 medicis
3201 3273 3602 3345 imperatoris,

1942 3369 2117 3420 notus
2144 3362 2387 3435 quidem
2414 3362 2777 3432 imperatori,
2805 3377 3030 3432 magno
3056 3369 3255 3418 autem
3279 3362 3601 3436 Sampsoni

1944 3451 2273 3518 familiaris,
2309 3456 2365 3506 et
2404 3452 2507 3523 qui
2557 3467 2651 3506 res
2694 3450 2853 3507 illius
2896 3452 3122 3524 optime
3172 3456 3433 3516 noverat,
3482 3467 3605 3508 non

1946 3542 2223 3599 virtutem
2268 3540 2484 3608 solum,
2528 3539 2635 3596 sed
2685 3540 2866 3596 etiam
2912 3541 3163 3612 gratiam
3193 3546 3247 3596 et
3296 3541 3604 3610 miracula,

1950 3646 2083 3687 eum
2109 3628 2489 3685 manifestum
2519 3629 2732 3684 reddit.
2770 3629 2913 3684 Hinc
2946 3634 3148 3685 autem
3174 3629 3252 3685 illi
3282 3630 3454 3687 facile
3481 3636 3611 3687 erat

1951 3719 2265 3792 conjicere,
2296 3734 2433 3775 eum
2476 3734 2605 3773 esse
2649 3718 2753 3790 qui
2787 3718 2953 3773 illum
2985 3725 3109 3773 erat
3136 3724 3469 3775 curaturus.
3504 3721 3605 3776 Hic

1952 3824 2093 3878 ergo
2114 3808 2236 3879 ipse
2261 3822 2550 3878 magnum
2570 3807 2738 3862 illum
2761 3809 3161 3877 Sampsonem
3187 3811 3394 3863 notum
3413 3808 3609 3866 reddit

1950 3897 2316 3969 imperatori,
2356 3902 2415 3952 et
2446 3896 2497 3951 ei
2527 3899 2753 3951 tantam
2786 3895 3060 3950 conciliat
3096 3895 3378 3961 laetitiam,
3413 3913 3603 3969 quan-

1951 3990 2072 4042 tam
2105 3986 2162 4051 ii,
2195 3986 2298 4058 qui
2329 3984 2605 4040 laborant
2634 3984 2850 4041 morbo
2890 3984 3173 4056 corporis.
3212 3991 3267 4040 et
3296 3984 3373 4041 ab
3406 4002 3477 4041 eo
3503 4002 3607 4041 cu-

1950 4077 2119 4148 piunt
2178 4074 2437 4141 liberari,
2504 4074 2608 4129 soli
2684 4079 2938 4147 possunt
2992 4073 3339 4145 intelligere.
3414 4081 3605 4149 Atque

1950 4165 2139 4222 statim
2170 4164 2417 4238 quidem
2452 4164 2610 4221 venit
2640 4164 3012 4221 admirabilis
3048 4166 3376 4237 Sampson:
3411 4181 3605 4239 neque

1947 4256 2108 4312 enim
2156 4256 2307 4311 inter
2334 4255 2524 4310 visum
2566 4260 2622 4311 et
2669 4255 2943 4311 auditum
2996 4254 3323 4310 intercessit
3365 4261 3604 4328 tempus

1945 4345 2038 4402 vel
2069 4344 2519 4401 brevissimum:
2557 4349 2784 4399 tantum
2830 4344 2961 4416 ejus
3004 4343 3243 4400 videndi
3284 4344 3605 4415 imperato-

1946 4452 2071 4491 rem
2122 4440 2358 4507 ceperat
2395 4433 2783 4489 desiderium.
2817 4434 2960 4490 Cum
2994 4448 3135 4489 vero
3168 4449 3300 4488 eum
3334 4432 3601 4504 vidisset,

1946 4542 2019 4583 ex
2048 4526 2117 4581 iis
2142 4540 2277 4598 quae
2308 4530 2489 4580 noctu
2520 4524 2649 4580 visa
2696 4524 2948 4591 fuerant,
2981 4523 3224 4597 pulchre
3258 4523 3608 4595 recognovit

1946 4630 2015 4672 ea
2068 4632 2201 4688 quas
2251 4616 2651 4671 cernebantur
2700 4614 2978 4679 interdiu,
3035 4619 3235 4685 utpote
3293 4613 3602 4669 oculorum

1948 4704 2481 4767 mansuetudinem,
2513 4702 2720 4758 formae
2752 4702 3129 4769 hilaritatem,
3163 4718 3399 4758 morum
3421 4703 3607 4759 hone-

1946 4798 2181 4856 statem,
2216 4791 2421 4847 barbae
2462 4790 2826 4862 squalorem,
2870 4798 3146 4864 aspectus
3188 4791 3505 4860 tristitiam,
3548 4798 3605 4849 et

1941 4898 2078 4955 quae
2118 4896 2253 4936 eum
2282 4880 2574 4935 decebant
2605 4878 2780 4951 signa
2813 4880 3261 4936 moderationis.
3299 4883 3429 4936 Haec
3458 4896 3596 4935 cum

1940 4972 2062 5037 ille,
2114 4969 2456 5026 admirabili
2501 4971 2809 5025 accedente
2847 4971 3196 5041 Sampsone.
3242 4974 3401 5025 esset
3452 4984 3598 5025 con-

1939 5060 2283 5131 templatus,
2316 5076 2432 5116 non
2470 5058 2655 5131 potuit
2684 5059 2943 5130 amplius
2985 5060 3291 5124 contineri,
3332 5058 3440 5113 sed
3470 5074 3600 5113 sur-

1937 5166 2083 5222 gens
2112 5165 2231 5222 prm
2264 5148 2661 5205 immoderata
2693 5148 2913 5214 laetitia,
2939 5164 3074 5203 eum
3102 5148 3204 5220 qui
3223 5148 3417 5219 specie
3465 5147 3598 5203 vilis

1933 5245 2059 5296 erat
2096 5244 2152 5295 et
2196 5238 2494 5309 abjectus,
2538 5237 2685 5308 ipse,
2737 5237 2839 5310 qui
2883 5243 3011 5293 erat
3031 5236 3289 5305 insignis
3318 5237 3594 5309 imperio,

1898 5372 1901 5373 ν
1932 5329 2326 5401 amplectitur,
2360 5332 2417 5383 et
2462 5328 2721 5383 suaviter
2752 5327 3085 5382 admodum
3119 5324 3443 5393 osculatur,
3474 5340 3596 5382 non

1928 5434 1996 5474 os
2028 5417 2244 5481 solum,
2279 5417 2381 5472 sed
2414 5416 2595 5472 etiam
2622 5422 2820 5487 caput,
2852 5415 3057 5470 dicens
3084 5433 3100 5470 :
3124 5416 3309 5483 Certe,
3331 5432 3367 5473 o
3392 5416 3589 5487 Pater,

1928 5513 1989 5565 tu
2022 5524 2087 5564 es
2118 5508 2270 5579 ipse,
2298 5508 2401 5580 qui
2435 5506 2578 5562 mihi
2611 5504 3039 5561 admirabiliter
3068 5506 3125 5561 in
3145 5506 3371 5562 somnis
3403 5522 3589 5579 appa—

1923 5598 2091 5656 ruisti
2127 5614 2138 5652 :
2173 5598 2318 5672 quin
2348 5597 2528 5655 etiam
2561 5603 2613 5652 te
2651 5595 2934 5653 morbum
2965 5611 3171 5653 meum
3201 5597 3499 5670 pollicitus
3520 5612 3583 5653 es
