4084 6216
406 272 513 325 287

1856 276 2115 337 MENSIS
2153 280 2422 344 JUNIUS.

3661 299 3760 354 288

407 400 767 455 curaturum.
816 399 950 460 Haec
1015 423 1153 465 cum
1200 412 1464 478 dixisset,
1505 410 1703 467 statim
1742 409 2049 477 ἰοεξνθεευε

2168 407 2359 465 ἐκείνου
2390 424 2479 477 τῆς
2530 436 2583 469 τε
2619 416 2800 470 Ὀσίου
2844 423 3044 493 χειρός,
3077 416 3200 473 οῦδὲ
3246 423 3347 493 γὰρ
3396 426 3521 492 ᾤετο
3550 426 3680 494 μέγα
3709 430 3759 476 τί

408 492 495 541 est
530 486 592 541 in
630 491 807 561 regiae
852 499 1191 566 penetralia,
1235 506 1521 563 Sanctum
1561 510 1730 565 illum
1764 526 1949 565 manu
1978 516 2054 564 te-

406 590 559 670 nens
592 593 605 631 :
640 593 834 651 neque
874 586 1032 641 enim
1075 592 1453 652 existimabat
1483 614 1544 653 se
1592 614 1884 669 magnum
1908 598 2056 670 Quid

405 663 620 731 facere,
657 667 820 725 illam
871 671 1194 745 honorans,
1235 686 1406 754 cujus
1431 689 1849 744 admirabilem
1882 689 2055 744 virtu-

407 757 526 809 tem
552 771 693 812 mox
724 767 875 816 esset
905 774 1265 836 experturus.

479 846 611 899 VIII.
646 846 963 940 Postquam
1004 865 1203 915 autem
1235 861 1544 932 ingressus
1577 874 1663 923 est
1715 869 2053 940 imperator,

407 936 462 987 et
514 949 650 989 eum
707 935 919 995 habuit
972 960 1177 1004 secum
1231 954 1558 1020 sedentem,
1616 935 1889 1014 nondum
1948 975 2058 1015 sua

406 1036 547 1117 erga
578 1040 724 1117 eum
750 1026 1114 1100 benignitate
1151 1040 1423 1111 satiatus,
1458 1046 1630 1117 plura
1655 1047 1853 1103 adhuc
1883 1047 2057 1103 facie-

403 1108 525 1207 bat.
578 1114 712 1183 Ejus
740 1132 959 1175 manus
986 1126 1244 1196 capiens,
1277 1134 1399 1187 suis
1446 1134 1798 1207 imponebat
1846 1137 2053 1202 oculis,

405 1202 463 1293 et
487 1215 589 1293 eas
613 1218 752 1259 cum
776 1210 1039 1268 maxima
1066 1217 1362 1290 voluptate
1391 1223 1766 1293 deosculans,
1791 1231 1846 1282 et
1872 1228 1928 1281 in
1955 1242 2055 1282 eas

404 1287 689 1346 distillans
727 1294 1045 1388 lacrymas,
1089 1287 1419 1365 laetabatur.
1476 1315 1660 1371 Morbi
1712 1287 1895 1381 enim,
1951 1316 2056 1388 qui

404 1389 543 1432 eum
584 1383 908 1475 premebat,
950 1394 1271 1451 necessitas
1301 1399 1610 1470 efﬁciebat,
1645 1411 1707 1459 ut
1731 1405 1915 1460 homo
1954 1383 2057 1475 ap-

405 1472 886 1565 pareretpotius
931 1494 1117 1550 quam
1157 1484 1502 1557 imperator,
1538 1498 1594 1547 et
1637 1495 1741 1565 qui
1779 1472 2055 1549 human—is

400 1551 749 1652 flectebatur
776 1563 1051 1635 miseriis,
1080 1587 1267 1643 quam
1306 1580 1407 1649 qui
1448 1551 1830 1652 imperatoria
1855 1582 2056 1638 effere-

403 1640 577 1741 batur
607 1652 1072 1718 magnificentia.
1109 1640 1629 1726 Verumenimvero
1670 1671 1795 1727 haec
1834 1686 2057 1741 magna

2168 510 2329 554 ποιεῖν
2375 503 2567 563 ἐκείνην
2610 517 2788 579 τιμῶν,
2822 510 2885 573 ἧς
2933 508 3229 563 ἀπολαῦσαι
3270 513 3759 583 θαυματουργούσης

2168 591 2388 649 ἔμελλεν.

2242 861 2320 914 Η’.
2357 861 2494 916 Ἐπεὶ
2520 860 2580 916 δὲ
2620 870 2709 917 καὶ
2740 866 2971 939 εἰσῇλθεν
3015 864 3158 920 ἔνδον
3206 868 3477 939 βασιλεὺς,
3510 874 3598 921 καὶ
3630 889 3767 940 συγ-

2168 953 2451 1023 καθήμενον
2505 954 2661 1006 αύτὸν
2719 952 2880 1027 εἶχεν,
2936 960 3077 1009 οὔπω
3133 964 3283 1032 κόρον
3341 955 3625 1031 δεχόμενος
3675 969 3772 1020 τῆς

2167 1039 2566 1114 φιλοφροσύνης,
2624 1046 2698 1097 ἔτι
2745 1051 2834 1097 καὶ
2877 1046 3023 1099 πλέον
3064 1046 3242 1110 ἐποίει,
3285 1047 3559 1119 λαμϐάνων
3609 1048 3769 1100 αὐτοῦ

2166 1131 2257 1191 τὰς
2304 1138 2511 1206 χεῖρας,
2544 1136 2774 1204 ὄμμασιν
2828 1133 2983 1187 έτίθει
3026 1144 3134 1197 τοῖς
3185 1136 3371 1189 ἑαυτοῦ
3424 1142 3509 1189 καὶ
3546 1158 3768 1209 καταφι-

2164 1217 2262 1269 λῶν
2300 1220 2412 1291 μεθ’
2462 1224 2592 1283 ὅσης
2640 1226 2769 1275 εἶποι
2820 1244 2896 1284 τις
2943 1221 3157 1290 ἡδονῆς,
3212 1232 3301 1278 καὶ
3351 1223 3561 1299 δάκρυα
3612 1246 3771 1279 κατα-

2169 1309 2373 1369 στάζων
2425 1310 2593 1362 αὐτῶν
2644 1309 2841 1371 ήδετο·
2874 1315 2904 1372 η
2959 1317 3060 1387 γὰρ
3114 1324 3206 1368 τοῦ
3255 1317 3523 1378 πιέζοντος
3574 1318 3772 1377 πάθους

2166 1395 2365 1467 ἀνάγκη
2416 1401 2685 1474 ἄνθρωπον
2739 1403 2894 1455 αὐτόν
2962 1403 3122 1456 ἐποίει
3174 1404 3364 1477 μᾶλλον
3437 1406 3468 1465 ἦ
3548 1404 3773 1479 βασιλέα

2167 1483 2469 1541 δείκνυσθαι
2530 1495 2618 1543 καὶ
2676 1489 3022 1564 ἀνθρωπίναις
3084 1494 3472 1566 καλυπτόμενον
3532 1494 3773 1553 ἀθλιότη-

2168 1594 2249 1627 σιν
2349 1578 2379 1636 ὴ
2473 1578 2935 1653 μεγαλοπρεπείαις
3013 1581 3318 1654 βασιλικαῖς
3416 1583 3771 1657 έπαιρόμενον.

2169 1664 2305 1724 Πλὴν
2356 1665 2461 1718 ἀλλ’
2506 1670 2535 1726 ἡ
2584 1668 2743 1727 πολλὴ
2789 1672 2920 1729 αῦτη
2969 1680 3059 1723 τοῦ
3107 1671 3370 1745 βασιλέως
3401 1675 3775 1745 μετριοπάθεια

403 1732 775 1834 imperatoris
823 1744 1155 1806 moderatio
1203 1760 1258 1809 et
1290 1756 1516 1827 religio,
1547 1775 1791 1829 gravem
1842 1732 2056 1818 Saricto

2168 1758 2256 1806 xui.
2308 1759 2364 1807 τό
2420 1755 2568 1818 σέϐας
2623 1756 2900 1829 βαρύτητα
2953 1766 3042 1813 καὶ
3098 1761 3265 1820 λύπην
3318 1762 3625 1834 ἐμϐέϐληκεν
3696 1770 3769 1833 τῷ

403 1821 601 1921 injecit
632 1828 991 1903 molestiam,
1024 1844 1079 1891 et
1102 1844 1344 1911 perinde
1372 1862 1442 1902 ac
1474 1848 1519 1902 si
1548 1850 1597 1904 ei
1623 1849 1785 1905 fieret
1814 1850 2053 1922 injuria,

401 1918 457 1966 et
498 1911 557 1967 in
591 1929 727 1971 eum
760 1920 944 1977 nimia
983 1940 1351 1989 exerceretur
1390 1937 1680 2005 molestia,
1715 1955 1832 1994 non
1866 1940 2057 2012 potuit

402 2005 598 2101 tenere
648 2006 964 2082 silentium,
999 2018 1137 2075 sed:
1185 2024 1264 2077 Ne
1305 2026 1389 2080 sic
1445 2026 1667 2094 feceris,
1722 2045 1758 2083 o
1802 2029 2056 2101 impera-

402 2092 512 2159 tor,
559 2108 751 2166 neque
800 2104 920 2157 tam
970 2105 1225 2165 demisse
1251 2117 1304 2168 et
1346 2114 1590 2185 abjecte,
1629 2092 2052 2187 exclama-bat;

403 2194 509 2234 nec
554 2188 818 2280 eo_qu‘od
864 2196 917 2245 te
955 2194 1082 2264 ipse
1124 2199 1445 2274 immodice
1475 2205 1718 2276 dejicias
1766 2214 1819 2263 et
1862 2209 2056 2280 depri-

400 2285 552 2336 mas,
594 2273 834 2343 efficias,
870 2287 929 2336 ut
961 2283 1212 2343 damner
1241 2273 1612 2362 arrogantiae.
1647 2296 1711 2351 In
1742 2313 1865 2370 quo
1894 2300 2054 2353 enim

400 2373 534 2458 sum
583 2369 1009 2427 communibus
1059 2375 1407 2436 hominibus
1448 2386 1737 2457 superior,
1772 2388 1873 2460 qui
1922 2404 2055 2444 sum

400 2463 597 2547 miser,
628 2458 685 2547 et
714 2460 970 2527 peccatis
1004 2463 1323 2535 obnoxius,
1350 2478 1403 2526 et
1425 2488 1577 2544 opus
1602 2458 1809 2531 habeo
1833 2493 2058 2547 magna

401 2536 604 2595 Christi
644 2541 1007 2615 benignitate
1042 2562 1097 2609 et
1128 2536 1499 2617 clementiai
1534 2536 2057 2622 Verumenimvvero

402 2624 530 2717 haec
570 2634 669 2687 tua
701 2634 839 2691 ﬁdei
880 2639 1253 2703 abundantia
1292 2659 1348 2705 et
1394 2651 1604 2717 fervor,
1660 2658 1748 2709 est
1795 2655 1971 2711 futuri
2022 2672 2059 2711 a

403 2716 630 2776 Christo
663 2725 863 2781 auxilii
894 2736 1091 2788 certus
1121 2739 1385 2806 nuntius,
1420 2743 1523 2815 qui
1556 2750 1641 2799 est
1675 2747 1791 2800 Rex
1823 2761 2054 2815 regum,

402 2810 692 2905 etpotest
734 2818 937 2873 omnia
976 2820 1190 2880 facere.
1222 2828 1368 2884 Cum
1408 2810 1533 2886 haec
1573 2832 1840 2897 dixisset,
1876 2810 2060 2905 impo-

405 2894 525 2992 suit
566 2916 809 2992 manum
844 2910 995 2978 parti
1029 2912 1276 2971 affectae.
1312 2921 1377 2973 Et
1407 2936 1477 2975 ea
1506 2922 1749 2992 quidem
1782 2894 1891 2976 suo
1935 2894 2060 2978 fun-

404 2985 882 3078 gebaturofﬁcio.
911 2998 1041 3066 Ipse
1064 3011 1260 3059 autem
1285 3010 1459 3078 copia
1479 2985 1830 3065 humilitatis
1858 3012 2061 3066 volens

404 3072 596 3131 celare
650 3080 1080 3143 abundantiam
1141 3072 1377 3161 gratias,
1426 3098 1791 3168 quibusdam
1857 3099 2058 3165 rebus,

404 3177 572 3256 quas
600 3170 749 3236 parti
781 3170 1071 3231 laboranti
1105 3196 1175 3234 ex
1208 3189 1331 3237 arte
1362 3184 1667 3256 imposutt,
1700 3189 2059 3243 curationem

405 3253 737 3349 conabatur
783 3264 1099 3324 ascribere.
1135 3271 1247 3325 Sed
1283 3253 1668 3342 medicinam,
1696 3293 1831 3349 quae
1870 3278 2064 3349 appli-

405 3341 669 3412 cabatur,
731 3351 1024 3421 vincebat,
1097 3375 1225 3428 qua:
1279 3361 1614 3428 celabatur,
1651 3341 1655 3342 ί
1686 3341 1970 3425 veritas}.
2006 3376 2063 3427 et

405 3432 507 3502 qui
566 3434 626 3489 in
675 3437 804 3493 aliis
852 3440 1040 3501 fuerat
1089 3449 1363 3517 cognitus
1410 3469 1610 3510 rerum
1660 3455 1899 3512 effector
1958 3458 2063 3512 mi-

405 3519 709 3612 rabilium,
776 3528 833 3585 in
889 3533 1012 3589 haec
1079 3552 1319 3611 quoque
1377 3541 1485 3597 fuit
1536 3545 1805 3612 cognitus
1852 3546 2060 3603 fecisse

407 3611 783 3704 miraculum.
829 3623 954 3678 Non
985 3626 1150 3682 multi
1181 3629 1339 3684 enim
1381 3631 1507 3685 dies
1546 3611 1972 3704 praeterierunt,
2004 3642 2060 3693 et

406 3697 736 3789 imperator
785 3708 891 3766 fuit
927 3715 1176 3772 omnino
1204 3716 1487 3775 liberatus
1527 3737 1561 3776 a
1603 3724 1835 3789 morbo,
1877 3730 1931 3779 et
1972 3730 2059 3780 est

402 3786 688 3883 integram
733 3809 1030 3857 assecutus
1068 3807 1402 3869 sanitatem,
1427 3786 2059 3883 repletusque—estlte-

407 3877 529 3933 titia
556 3888 611 3937 et
656 3886 1076 3975 admiratione,
1105 3892 1206 3949 illa
1231 3895 1476 3966 quidem
1497 3877 1508 3880 ﬁ
1529 3877 1770 3970 propter
1819 3917 2037 3975 recupe

402 3973 596 4063 ratam
643 3974 1061 4045 valetudinem,
1110 3983 1223 4038 hac
1270 3988 1465 4041 autem
1512 3993 1847 4058 propterea,
1897 3973 2063 4063 quod

402 4058 505 4128 qui
554 4075 692 4117 eum
745 4081 963 4124 sanum
1011 4069 1250 4138 fecerat,
1297 4076 1413 4130 Deo
1465 4082 1618 4131 esset
1666 4058 2064 4134 familiaritate

403 4148 781 4219 conjunctus.

475 4237 562 4292 IX.
617 4240 837 4300 Deinde
865 4246 1063 4312 etiam,
1125 4254 1189 4305 ut
1235 4254 1417 4307 tantae
1443 4254 2065 4313 curationisbeneﬁcio

403 4330 806 4417 responderet,
854 4335 916 4388 Β.
965 4339 1284 4412 Sampsoni
1332 4356 1548 4397 aurum
1589 4344 1834 4400 donavit
1875 4346 2068 4417 splen-

404 4416 544 4475 dide
573 4436 642 4476 ac
673 4425 1008 4493 magnifice,
1034 4433 1091 4482 et
1114 4445 1500 4501 quaecunque
1529 4438 1800 4503 poterant
1823 4416 2066 4490 incitare

403 4506 762 4567 desiderium
796 4513 947 4585 ejus,
980 4517 1082 4589 qui
1132 4520 1465 4576 secundum
1505 4538 1748 4578 carnem
1778 4524 1936 4579 vivit.
1977 4524 2065 4580 Illi

404 4600 602 4654 autem
651 4603 902 4659 tenuiter
939 4612 996 4661 et
1042 4606 1352 4679 frugaliter
1403 4612 1621 4676 vivere,
1668 4622 1791 4668 erat
1834 4612 2061 4670 bonum

403 4702 507 4760 per
545 4705 607 4745 se
636 4694 1037 4763 expetendum
1080 4698 1370 4754 omnibus
1408 4701 1638 4772 quidem
1672 4702 1892 4758 divitiis
1922 4704 2063 4760 bea-

405 4778 539 4846 tius,
571 4783 788 4853 quavis
835 4800 973 4840 vero
1015 4785 1204 4858 gloria
1236 4803 1304 4844 ac
1335 4790 1626 4860 dignitate
1656 4794 2059 4850 excellentius.

403 4866 784 4941 Imperatoris
833 4879 986 4929 certe
1036 4874 1441 4933 liberalitatem
1490 4886 1547 4935 et
1594 4881 2062 4938 muniﬁcentiam

401 4960 757 5031 opportunis
816 4967 874 5017 et
928 4963 1133 5019 validis
1191 4968 1490 5024 recusavit
1542 4972 2057 5027 recusationibus:

400 5048 504 5105 Illa
535 5049 678 5105 mihi
710 5050 838 5118 das,
894 5053 1119 5120 dicens,
1148 5072 1183 5111 o
1228 5058 1569 5130 imperator,
1611 5076 1747 5133 quas
1793 5061 2063 5117 lubenter

400 5138 610 5211 reliqui
644 5146 889 5213 propter
918 5144 1237 5209 Christum,
1286 5152 1350 5202 ut
1390 5148 1493 5219 qui
1534 5149 1752 5205 multas
1800 5149 2061 5221 posside.

402 5246 527 5287 rem
588 5232 891 5302 pecunias,
935 5240 989 5290 et
1037 5234 1257 5291 multas
1304 5237 1585 5293 haberem
1629 5240 2060 5310 possessiones-

402 5321 716 5386 Quomodo
776 5339 919 5393 ergo
968 5340 1039 5380 ea
1081 5326 1394 5398 accipiam,
1436 5329 1560 5383 sine
1603 5328 1822 5400 quibus
1874 5330 2064 5385 vivere

401 5416 605 5485 aperte
647 5415 908 5486 comperi
944 5414 1140 5472 utilius
1171 5432 1319 5479 esse,
1343 5422 1400 5472 et
1428 5432 1463 5472 a
1485 5416 1709 5489 quibus
1742 5418 2064 5489 prudenter

400 5503 809 5560 discedentem
879 5503 1000 5561 Deo
1054 5521 1181 5561 esse
1225 5507 1634 5578 conjunctum,
1683 5507 1943 5564 dilucide
1975 5513 2066 5565 est

400 5596 713 5650 ostensum
740 5592 767 5647 ?
802 5592 975 5660 Quod
1005 5594 1056 5649 si
1088 5610 1197 5666 pro
1228 5611 1469 5653 summa
1498 5600 1601 5654 tua
1623 5594 1985 5668 benignitate
2014 5604 2068 5655 et

2165 1841 2346 1915 Ὀσίῳ,
2394 1851 2483 1897 καὶ
2528 1848 2703 1919 ὥσπερ
2747 1845 2932 1900 ἄδικόν
2970 1870 3021 1901 τι
3066 1854 3310 1923 πάσχων,
3345 1857 3435 1903 καὶ
3466 1852 3537 1914 εὶς
3570 1871 3772 1925 μετριο-

2168 1936 2427 2004 φροσύνην
2536 1935 2982 2011 πλεονεκτούμενος
3068 1940 3163 1992 ούκ
3258 1945 3441 2012 ἤνεγκε
3516 1947 3717 2012 σιωπᾴν
3754 1960 3768 1974 ⁸

2169 2022 2315 2089 ἀλλὰ,
2362 2028 2447 2081 Μή
2505 2025 2639 2077 οὕτω
2682 2032 2836 2092 ποίει,
2885 2026 2924 2080 ὦ
2969 2027 3212 2100 βασιλεῦ,
3259 2034 3329 2101 μὴ
3384 2031 3549 2092 οὕτως
3605 2032 3771 2104 ἦρέμα

2167 2117 2256 2164 καὶ
2311 2122 2577 2181 ταπεινῶς,
2633 2116 2902 2188 ύπεφωνει,
2959 2115 3099 2189 μηδὲ
3156 2127 3226 2189 τῷ
3300 2119 3530 2194 ἀμέτρως
3586 2120 3770 2172 ἐθέλειν

2168 2201 2322 2253 αὐτόν
2379 2212 2712 2269 ταπεινῶσαι,
2775 2205 2887 2277 ἐμοὶ
2968 2214 3133 2279 κρῖμα
3210 2209 3531 2281 προξενήσας
3606 2212 3767 2284 ὑπερ-

2168 2288 2342 2360 οψίας.
2402 2296 2465 2343 Τί
2516 2295 2616 2367 γὰρ
2675 2294 2820 2347 πλέον
2867 2298 2975 2367 ἔχω
3028 2295 3127 2368 ἐγὼ
3183 2306 3281 2349 τῶν
3338 2308 3518 2350 κοινῶν
3575 2298 3767 2372 ἀνθρώ-

2168 2399 2294 2445 πων,
2354 2380 2679 2454 ταλαίπωρος
2727 2384 2793 2435 ὢν
2846 2390 2934 2437 καὶ
2988 2384 3270 2458 ἁμαρτίαις
3327 2388 3633 2455 ὑπεύθυνος,
3685 2393 3773 2440 καὶ

2167 2468 2360 2531 πολλῆς
2410 2478 2501 2532 τῆς
2572 2475 2715 2543 παρὰ
2773 2481 3007 2544 Χριστοῦ
3086 2481 3453 2547 χρηστότητος
3507 2482 3594 2529 καὶ
3656 2477 3767 2550 φιλ-

2169 2560 2461 2631 ανθρωπίκς
2537 2559 2788 2628 ἐπιδεής;
2849 2562 2987 2621 Πλήν
3068 2564 3196 2616 ἀλλὰ
3284 2570 3341 2618 τὸ
3399 2567 3617 2637 ἄφθονόν
3677 2585 3771 2619 σου

2169 2656 2321 2700 τοῦτο
2395 2657 2489 2710 τῆς
2536 2655 2736 2712 πίστως
2782 2658 2871 2704 καὶ
2932 2655 3115 2727 θερμόν
3170 2655 3384 2727 ἄγγελός
3436 2676 3520 2709 σοι
3574 2661 3774 2728 γίνεται

2171 2734 2408 2807 ἀψευδὴς
2460 2747 2551 2801 τῆς
2603 2739 2701 2792 ἀπὸ
2756 2749 2991 2815 Χριστοῦ
3046 2742 3310 2815 βοηθείας,
3367 2754 3458 2797 τοῦ
3518 2746 3772 2807 Βασιλέως

2172 2823 2239 2884 δὴ
2292 2836 2389 2879 τῶν
2449 2826 2829 2899 βασιλευόντων
2877 2836 2967 2883 καὶ
3026 2835 3194 2885 πάντα
3246 2831 3533 2906 δυναμένου
3585 2843 3768 2889 ποιεῖν.

2172 2916 2350 2978 Ούτως
2408 2918 2580 2981 εἰπὼν,
2640 2927 2799 2995 χεῖρα
2851 2920 3071 2974 ἐπετίθει
3128 2932 3199 2993 τῷ
3268 2927 3536 2995 πάσχοντι
3587 2929 3766 2996 μέρει·

2171 3008 2259 3054 καὶ
2315 3007 2343 3062 ἡ
2400 3010 2488 3076 μεν
2541 3006 2741 3081 ἐνήργει
2793 3012 2856 3060 τὰ
2907 3011 3185 3071 ἑαυτῆς·ό
3246 3009 3306 3065 δὲ
3366 3015 3609 3087 κρύπτειν
3661 3012 3772 3065 ἐθέ-

2170 3090 2267 3142 λων
2318 3099 2784 3168 ταπεινοφροσύνης
2863 3106 3141 3172 περιουσίᾳ
3204 3104 3423 3175 χάριτος
3502 3101 3766 3174 ἀφθονίαν,

2173 3178 2449 3252 ἐπιθέμασί
2497 3203 2607 3235 τισι
2649 3192 2754 3245 τοῖς
2797 3185 2851 3237 ἐκ
2900 3193 3111 3259 τέχνης,
3144 3190 3179 3241 ἃ
3220 3199 3293 3261 τῷ
3338 3189 3581 3262 ἀλγοῦντι
3633 3196 3775 3263 μέρει

2172 3267 2457 3327 ἐπέϐαλλεν.
2541 3272 2838 3347 ἐπιγράφειν
2914 3276 3149 3351 ἐπειρᾶτο
3227 3284 3318 3338 τήν
3395 3284 3557 3335 ἴασιν.
3637 3282 3771 3334 Ἀλλ’

2172 3357 2313 3411 ἐνίκα
2368 3359 2805 3434 έπιπλαττομένην
2854 3366 2989 3418 οὕτω
3044 3369 3314 3441 θεραπείαν
3366 3372 3395 3428 ἡ
3450 3372 3774 3443 ὑποκρύπτο-

2169 3451 2294 3518 μένη
2347 3448 2579 3515 ἀλήθεια,
2632 3456 2719 3504 καὶ
2767 3455 2791 3505 ό
2841 3453 2888 3505 ἐν
2936 3456 3139 3520 πολλοῖς
3188 3463 3277 3510 καὶ
3325 3458 3493 3520 ἄλλοῖς
3544 3462 3773 3531 θαυματ-

2171 3542 2359 3611 ουργὸς
2435 3545 2742 3613 γνωρισθεὶς
2822 3543 2916 3595 κᾶν
2973 3549 3137 3617 τούτῳ
3215 3544 3282 3605 δή
3368 3550 3772 3621 θαυματουργῶν

2169 3623 2494 3701 ἕγνωρίζετο.
2531 3632 2605 3683 Ού
2656 3632 2839 3685 πολλαὶ
2880 3635 3143 3706 παρῆλθον
3174 3638 3365 3709 ἡμέραι
3417 3644 3501 3690 καὶ
3545 3641 3569 3690 ό
3620 3637 3774 3711 βασι-

2166 3720 2282 3778 λεύς
2334 3719 2460 3780 ὅλως
2514 3719 2783 3792 ἀπηλλάγη
2842 3732 2931 3775 τοῦ
3000 3727 3199 3788 πάθους
3249 3732 3337 3779 καὶ
3388 3730 3620 3801 καθαρᾶς
3669 3728 3761 3781 ἀπ-

2168 3807 2378 3861 έλαυσεν
2423 3811 2658 3880 ὑγιείαις,
2692 3811 2895 3886 πλήρης
2937 3832 2990 3865 τε
3039 3810 3098 3871 ἧν
3147 3816 3466 3889 εύφροσύνης
3512 3823 3601 3869 καὶ
3651 3820 3771 3871 θαύ-

2170 3916 2351 3969 ματος,
2385 3907 2479 3959 τῆς
2527 3903 2616 3971 μὲν
2664 3897 2757 3952 διὰ
2801 3906 2895 3959 τὴν
2941 3901 3288 3979 ἀνάστρωσιν,
3317 3914 3408 3958 τοῦ
3440 3903 3498 3959 δὲ
3546 3904 3638 3959 διὰ
3681 3912 3773 3967 τήν

2172 3994 2262 4039 τοῦ
2290 3988 2603 4058 ύγιάσαντος
2634 3994 2763 4064 πρὸς
2788 3995 2915 4044 Θεὸν
2943 3992 3221 4049 οἰκείωσιν.

2097 3117 2137 3174 C

2247 4260 2328 4313 ϐ’.
2372 4257 2587 4311 Ἔπειτα
2628 4278 2717 4311 και
2764 4262 2831 4322 ὡς
2873 4259 3215 4335 ἀμειψόμενος
3265 4268 3322 4316 τὸ
3370 4270 3504 4336 μέγα
3556 4275 3646 4327 τῆς
3700 4269 3772 4320 θεο

2176 4353 2387 4424 ραπείας
2446 4344 2756 4422 δωρήμασιν
2828 4348 3128 4425 ἐπικαίροις,
3195 4358 3398 4425 χρυσόν
3467 4374 3521 4406 τε
3591 4352 3772 4409 ἐδίδου

2098 4436 2581 4529 Ι)μιεγαλοε,ιύχως,
2638 4443 2726 4489 καὶ
2798 4438 2928 4491 ἄλλα
3000 4441 3101 4492 ὅσα
3176 4439 3243 4499 δή
3329 4442 3607 4513 ἐπιθυμίαν
3662 4439 3775 4495 οἶδε

2179 4525 2507 4599 παρακαλεῖν,
2556 4535 2645 4579 τοῦ
2703 4531 2838 4579 κατὰ
2893 4531 3074 4601 σάρχα
3133 4530 3320 4591 ζῶντός
3373 4551 3505 4603 φημι
3540 4548 3551 4559 ·
3603 4531 3775 4602 ἐκείνῳ

2177 4612 2235 4668 δε
2282 4620 2338 4668 τό
2386 4616 2535 4677 λιτῶς
2589 4617 2721 4668 οὕτω
2770 4623 2854 4669 καὶ
2911 4618 3241 4690 ἠμελημένως
3301 4620 3417 4692 ζῇν,
3473 4619 3774 4692 αὐθαίρετον

2174 4704 2387 4775 ἀγαθόν,
2443 4709 2633 4766 παντὸς
2690 4710 2778 4777 μεν
2852 4707 3076 4759 πλούτου
3138 4715 3545 4782 μακαριώτερον,
3599 4712 3775 4771 πάσης

2173 4791 2232 4847 δε
2280 4792 2435 4857 δόξης
2479 4794 2987 4867 ἀξιωματικώτερον·
3021 4796 3193 4867 ἀμέλει
3235 4802 3323 4850 καὶ
3369 4802 3426 4850 τό
3473 4806 3565 4849 τοῦ
3618 4797 3774 4870 βασι·

2169 4881 2294 4945 λέως
2354 4884 2615 4956 φιλότιμόν
2686 4904 2739 4937 τε
2787 4891 2875 4937 καὶ
2954 4884 3317 4960 μεγαλόδωρον
3368 4887 3630 4960 εύκαίροις
3686 4892 3776 4940 καὶ

2175 4973 2428 5047 ἰσχυραῖς
2460 4970 2805 5045 διεκρούσατο
2854 4973 3173 5047 ἀπολογίαις,
3220 4976 3415 5030 Ἐκεῖνα
3465 4996 3554 5048 μοι
3586 4974 3771 5039 δίδως,

2172 5059 2210 5112 ὦ
2261 5060 2499 5134 βασιλεῦ,
2537 5062 2708 5129 εἰπὼν,
2746 5064 2813 5115 ὧν
2854 5065 3007 5126 αὐτὸς
3051 5062 3219 5126 ἡδέως
3263 5064 3472 5129 ἐξέστην
3519 5063 3613 5119 διὰ
3651 5074 3773 5138 Χρι-

2175 5155 2316 5217 στόν,
2350 5152 2510 5204 πολλὰ
2559 5155 2647 5223 μὲν
2693 5151 2745 5204 ἐκ
2777 5160 3032 5225 κτήμασι,
3062 5155 3282 5208 πλεῖστα
3329 5152 3387 5208 δε
3418 5161 3507 5208 καὶ
3551 5154 3600 5207 ἐν
3642 5160 3781 5227 χρή-

2172 5261 2305 5312 μασι
2347 5246 2671 5313 κεκτημένος.
2722 5250 2836 5305 Πῶς
2884 5241 2970 5296 οὖν
3025 5243 3123 5315 ὀγὼ
3178 5245 3414 5317 λήψομαι
3470 5253 3650 5311 ταῦτα,
3709 5246 3777 5295 ὧν

2172 5335 2229 5383 τό
2296 5335 2455 5393 ζῆσαι
2526 5337 2692 5405 χωρὶς
2740 5342 2966 5404 φανερῶς
3018 5334 3163 5407 εὗρον
3220 5334 3632 5406 ὠφελιμώτατον,
3688 5340 3778 5385 καὶ

2173 5421 2239 5471 ὧν
2282 5425 2339 5472 τὸ
2384 5419 2675 5479 ἀποστῆναι
2734 5427 3009 5493 φρονίμως.
3069 5429 3175 5494 Θεῷ
3228 5425 3558 5483 οἰκειωθῆναι
3616 5425 3778 5475 καθαο

2173 5518 2276 5582 ρῶς
2316 5507 2689 5563 ἀποδέδεικται
2717 5529 2730 5576 ;
2762 5516 2816 5564 Εἰ
2850 5509 2907 5563 δε
2939 5511 3115 5584 βούλει
3164 5509 3257 5565 διὰ
3300 5512 3490 5570 πολλὴν
3531 5519 3777 5584 χρηστό-

2175 5619 2311 5657 τητα
2364 5605 2454 5653 καὶ
2507 5601 2890 5675 φιλανθρωπίαν
2944 5607 3322 5678 κεχαρισμένον
3371 5604 3495 5675 ἡμῖν
3544 5609 3591 5655 τί
3642 5608 3777 5675 γίνεο
