4084 6216
280 296 369 348 289
1570 287 1733 349 VlTA
1774 282 1834 337 S.
1878 280 2303 338 SAMPSONIS.

3518 285 3625 342 290

278 420 406 480 σθαι,
460 414 641 487 μᾶλλον
690 414 823 487 [Θεῷ
861 414 1108 488 γινέσθω]
1154 420 1242 467 καὶ
1277 416 1411 466 οὕτω
1462 414 1531 472 δὴ
1583 417 1672 465 καὶ
1723 414 1852 483 πρὸς

1978 407 2330 462 inmanitate
2375 408 2548 463 nobis
2580 408 2782 479 aliqua
2826 407 2886 463 in
2932 423 2992 463 re
3042 407 3355 477 gratiﬁcari
3388 425 3620 482 cupias,

275 511 401 578 ἡμᾶς
446 511 500 557 τό
552 509 747 575 γεγονός
808 502 1142 562 διαϐήσεται.
1204 504 1393 557 Ἔσται
1455 501 1513 556 δὲ
1579 510 1750 566 τοῦτο,
1810 497 1852 549 εἰ

277 596 479 652 πλησίον
529 614 614 645 του
653 594 779 664 ἐμοῦ
834 593 1095 659 οἰκίσκον,
1149 594 1201 644 ὃν
1255 613 1308 645 τε
1354 592 1508 653 αὐτὸς
1568 591 1709 649 οἰκῶ,
1766 591 1853 637 καί

275 706 399 743 τινας
449 693 545 735 τῶν
594 688 852 754 νοσήματι
906 687 1150 753 κατόχων
1192 683 1411 753 εἰσάγων
1455 680 1743 752 ἐπιμελείας
1787 680 1855 735 ως

271 774 354 845 ἐμὴ
399 770 616 843 δύναμις
652 771 801 834 ἀξιῶ,
848 769 984 823 οἷκον
1036 779 1138 831 τοῖς
1177 776 1312 841 νόσῳ
1344 773 1631 843 κάμνουσιν
1675 768 1854 824 ἐπιτη-

272 860 396 914 δειον
445 862 600 924 αὐτὸς
647 861 846 931 ἐγερεῖς.
907 868 1071 913 Τοῦτο
1120 863 1222 933 γάρ
1276 880 1358 912 σοι
1404 856 1647 931 ἀοίδιμον
1696 862 1853 927 ὄνομα

273 955 409 1008 θήσει
455 956 543 1002 καὶ
588 950 891 1023 προξενήσει
933 952 1126 1021 μισθόν
1179 948 1533 1021 ἀναφαίρετον.
1596 947 1851 999 Ἤκουσεν

267 1044 289 1092 ό
338 1038 602 1112 βασιλεὺς,
661 1045 750 1090 καὶ
817 1043 872 1090 τό
925 1039 1134 1097 αἰτηθὲν
1200 1042 1268 1099 ως
1317 1035 1514 1108 δωρεάν
1566 1036 1756 1110 μᾶλλον
1818 1035 1846 1092 ἡ

268 1133 465 1187 αἴτησιν
511 1128 741 1201 ἀσμένως
796 1134 1121 1200 προσήκατο.
1188 1133 1286 1181 Καὶ
1352 1135 1688 1199 παραχρῆμα
1739 1127 1851 1195 (καὶ

266 1223 357 1290 γὰρ
389 1214 446 1275 ἧν
492 1222 605 1270 τότε
652 1221 856 1269 καὶτὸν
901 1220 1033 1269 θεῖον
1064 1216 1140 1269 ἐπ’
1188 1217 1401 1288 ὀνόματι
1445 1224 1540 1276 τῆς
1586 1222 1676 1267 του
1718 1220 1850 1266 Θεοῦ

270 1313 444 1379 σοφίας
487 1311 607 1358 ναόν
655 1307 1193 1378 κατασκευασομενος)
1246 1312 1337 1358 καὶ
1406 1305 1558 1357 αὐτόν
1616 1304 1853 1356 ἐπέταττε

270 1392 750 1467 συνοικοδομεῖσθαι
807 1398 1072 1468 προθυμία
1129 1415 1181 1447 τε
1232 1395 1439 1467 ψυχῆς,
1510 1399 1599 1445 καὶ
1642 1389 1853 1445 οἰκοδο-

270 1489 482 1557 μούντων
534 1486 869 1557 πολυχειρίᾳ,
923 1491 1011 1537 καὶ
1061 1483 1308 1556 δαψιλείᾳ
1343 1488 1535 1545 παντὸς
1578 1482 1856 1553 ἀναλώμα-

270 1594 364 1640 τος,
416 1574 577 1626 αὐτοῦ
629 1576 718 1646 μὲν
771 1578 1094 1647 παρέχοντος
1148 1574 1451 1645 φιλοτίμως,
1506 1575 1642 1625 κατὰ
1701 1567 1758 1623 δε
1800 1574 1855 1622 τὸ

273 1663 470 1736 ἀρέσκον
522 1671 597 1729 τῷ
662 1662 881 1734 Μεγάλῳ
933 1671 1027 1725 τῆς
1080 1658 1385 1734 οἰκοδομίας
1466 1661 1858 1731 τελευτόυργου-

1965 494 2022 549 id
2055 496 2155 551 ﬁat
2203 497 2318 552 Deo
2370 500 2581 569 potius,
2616 504 2671 553 et
2700 498 2781 553 ita
2831 496 2995 569 quod
3041 496 3259 551 factum
3314 498 3503 563 fuerit,
3552 499 3629 555 ad

1964 600 2071 639 nos
2100 601 2343 657 quoque
2389 587 2687 643 transibit.
2765 588 2880 642 Fiet
2922 592 3122 643 autem
3169 585 3302 651 hoc,
3345 588 3391 641 si
3442 604 3627 661 prope

1965 689 2160 729 meam
2207 676 2660 741 domunculam,
2700 693 2883 749 quam
2914 682 2971 731 et
3000 676 3129 746 ipse
3158 674 3385 742 habito,
3431 684 3488 732 et
3525 678 3632 734 ali-

1963 778 2117 834 quos
2147 780 2215 818 ex
2249 765 2344 829 iis,
2386 766 2489 836 qui
2531 766 2754 821 morbis
2798 766 3094 828 laborant,
3142 779 3211 818 eo
3252 765 3630 821 introducens

1964 868 2107 907 curo
2148 869 2251 923 pro
2284 855 2530 918 viribus,
2561 855 2987 924 mgrotantibus
3018 854 3265 909 domum
3296 861 3501 925 aptam
3530 870 3632 910 ex-

1964 943 2256 997 citaveris.
2301 947 2418 999 Hoc
2452 946 2609 1000 enim
2656 945 2756 1000 tibi
2798 952 2855 1000 et
2891 945 3112 1002 clarum
3162 960 3382 1001 nomen
3421 944 3628 1017 pariet,

1963 1037 2018 1086 et
2047 1032 2390 1089 conciliabit
2422 1035 2779 1103 mercedem,
2813 1050 2947 1106 quin
2977 1036 3195 1092 auferri
3226 1051 3346 1091 non
3395 1034 3627 1107 poterit.

1965 1120 2202 1176 Audivit
2232 1123 2574 1190 imperator,
2615 1130 2673 1180 et
2702 1124 2862 1195 quod
2904 1124 3155 1196 petitum
3198 1126 3407 1191 fuerat,
3446 1123 3633 1180 liben-

1964 1218 2051 1269 ter
2080 1210 2336 1277 admisit,
2370 1216 2661 1283 tanquam
2684 1213 2912 1269 donum
2939 1215 3164 1287 potius,
3188 1231 3367 1287 quam
3398 1214 3631 1287 petitio-

1965 1314 2123 1355 nem.
2150 1301 2214 1355 Et
2266 1303 2468 1356 statim
2521 1302 2685 1372 (tunc
2730 1303 2889 1358 enim
2933 1303 3204 1359 divinum
3247 1302 3629 1359 construebat

1966 1390 2257 1460 templum
2307 1392 2549 1447 nomine
2586 1392 2681 1447 Dei
2714 1392 2974 1465 Sophim)
3009 1394 3185 1464 jussit
3218 1402 3279 1448 ut
3309 1394 3366 1448 id
3392 1407 3632 1465 quoque

1967 1477 2146 1534 simul
2175 1480 2571 1536 aediﬁcaretur
2601 1490 2878 1554 prompto
2905 1488 2957 1537 et
2985 1482 3166 1538 alacri
3196 1482 3379 1538 animi
3410 1481 3631 1546 studio,

1969 1570 2259 1623 eteorum
2290 1586 2424 1642 quae
2452 1570 2850 1631 aedificabant.
2884 1588 3109 1641 magna
3146 1571 3543 1641 multitudine,
3577 1575 3633 1625 et

1972 1656 2248 1713 omnium
2280 1660 2693 1730 impensarum
2730 1661 2922 1732 capia,
2968 1663 3093 1733 ipso
3135 1662 3382 1734 quidem
3416 1675 3630 1732 suppe-

274 1756 423 1824 μέθης.
499 1751 649 1804 Ἐπεὶ
722 1748 779 1801 δὲ
844 1757 932 1803 καὶ
1001 1748 1310 1822 ᾠκοδόμητο
1390 1750 1505 1802 λίαν
1576 1750 1859 1822 φιλοκάλως

1978 1745 2198 1800 ditante
2229 1746 2567 1814 liberaliter,
2601 1764 2671 1803 ex
2705 1749 2908 1819 magni
2942 1766 3080 1804 vero
3122 1749 3471 1821 Sampsonis
3500 1763 3634 1804 sen-

277 1849 349 1892 καὶ
408 1841 835 1913 μεγαλοπρεπῶς,
898 1845 987 1892 καὶ
1063 1840 1309 1911 ὀνόματος
1385 1840 1543 1891 αὐτοῦ
1627 1839 1856 1902 ἠξιοντο,

283 1930 401 1992 τὶθὺς
463 1929 644 2000 ἐκείνῳ
724 1949 776 1982 τε
851 1930 1178 2003 ἐπετράπετο,
1259 1934 1348 1981 καὶ
1458 1929 1608 1989 αὐτὸς
1690 1925 1750 1986 ἦν
1835 1930 1860 1980 ό

280 2020 389 2079 θεῖος
417 2020 671 2090 Σαμψὼν,
704 2021 727 2070 ὁ
758 2024 852 2077 τὴν
904 2027 995 2071 τοῦ
1027 2022 1171 2071 οἴκου
1213 2024 1543 2093 προστασίαν
1580 2037 1858 2071 πεπιστευ-

272 2112 414 2177 μένος.

334 2287 385 2340 l'.
420 2288 783 2361 Προστίθησιν
829 2287 853 2337 ό
904 2285 1155 2358 βασιλεὺς
1206 2291 1295 2337 καὶ
1354 2286 1543 2360 ἕτερον,
1578 2284 1861 2358 βασιλικῆς

270 2374 397 2435 ἀξιον
443 2372 866 2448 μεγαλοδωρίας,
920 2375 1211 2449 ἀπόμοιραν
1260 2375 1353 2427 οὐκ
1393 2374 1589 2445 ὀλίγην,
1639 2372 1753 2427 οὐδ’
1812 2375 1865 2439 ἐξ

270 2462 432 2534 ὀλίγης
482 2469 842 2539 προαιρέσεως
893 2474 964 2534 τῲ
1022 2464 1153 2535 ἁγίῳ
1206 2466 1371 2534 τούτῳ
1417 2466 1539 2534 οἴκῳ
1568 2466 1860 2536 καθιεροῦν,

268 2555 316 2604 ἑκ
368 2562 633 2628 προνομῆς
684 2550 857 2611 δήπου
910 2550 1283 2627 διαιρεθεῖσαν,
1346 2554 1407 2615 ἧς
1474 2556 1499 2604 ό
1561 2555 1863 2626 θαυμαστός

274 2642 560 2717 Βελισάριος
640 2641 740 2694 ἀπὸ
822 2651 919 2703 τῆς
1001 2651 1097 2694 τῶν
1164 2643 1459 2715 Ἀσσυρίων
1531 2652 1623 2713 γῆς
1690 2646 1863 2715 ἐκείνῳ

266 2738 615 2803 προσαγαγὼν
668 2728 748 2795 ἧν,
825 2731 1066 2803 λαμπρᾶς
1120 2739 1190 2801 τῷ
1262 2735 1367 2782 ἄντι
1419 2737 1507 2783 καὶ
1570 2732 1859 2803 φιλοτίμου.

271 2818 386 2873 Εἶτα
428 2828 518 2874 καὶ
568 2823 846 2892 κτημάτων
897 2818 1117 2892 δωρεαῖς
1159 2824 1399 2893 κρατύνει
1431 2824 1517 2872 τόν
1554 2816 1712 2885 οἷκον,
1749 2821 1865 2873 ἰκα-

268 2921 351 2972 νώς
392 2910 626 2983 ἐχόντων
685 2914 756 2972 εἰς
804 2930 856 2963 τε
891 2910 1047 2971 ἄλλας
1092 2910 1250 2962 αὐτοῦ
1302 2907 1537 2971 δαπάνας
1590 2916 1678 2963 καὶ
1735 2916 1863 2984 πρός

270 3003 443 3075 ἰατρῶν
509 3004 813 3075 σιτηρέσια,
902 3005 990 3051 καὶ
1044 3008 1141 3051 τῶν
1196 2999 1364 3072 ἐτέρας
1420 2999 1864 3073 ἐπιτετραμμίνων

1975 1834 2157 1889 tentia
2187 1834 2395 1891 effecto
2426 1837 2702 1893 aedificio.
2734 1841 3049 1910 Postquam
3081 1846 3279 1895 autem
3306 1838 3551 1910 pulchre
3579 1842 3637 1892 et

1976 1924 2291 1993 magniﬁce
2331 1924 2441 1980 fuit
2470 1926 2851 1991 aedificatum,
2897 1933 2954 1982 et
2987 1927 3059 1982 ab
3094 1928 3225 1999 ejus
3258 1926 3363 1982 fuit
3397 1926 3633 1981 nomine

1974 2013 2445 2078 denominatum,
2502 2016 2771 2086 protinus
2819 2016 2898 2071 illi
2961 2016 3066 2073 fuit
3126 2017 3507 2088 permissum.
3572 2016 3637 2070 Et

1973 2102 2101 2172 ipse
2130 2110 2251 2157 erat
2279 2103 2518 2159 divinus
2547 2104 2641 2160 ille
2677 2107 2992 2174 Sampson,
3028 2107 3124 2162 cui
3167 2105 3491 2161 commissa
3515 2102 3637 2159 fue-

1972 2197 2063 2247 rat
2092 2191 2311 2248 domus
2340 2192 2769 2250 administratio
2798 2196 2900 2265 (4).

2043 2284 2105 2337 Χ.
2141 2281 2356 2353 Adjicit
2407 2290 2607 2339 autem
2639 2284 2961 2355 imperator
3031 2282 3193 2339 aliud
3256 2296 3495 2354 quoque
3552 2280 3638 2336 di-

1975 2387 2160 2441 gnum
2216 2373 2601 2443 imperatoria
2665 2375 3100 2430 muniﬁcentia.
3162 2376 3285 2429 Non
3356 2373 3636 2441 exiguam

1974 2462 2133 2516 enim
2179 2479 2423 2516 suorum
2466 2462 2765 2518 bonorum
2796 2471 3049 2535 partem,
3082 2469 3139 2517 et
3168 2478 3290 2517 non
3320 2461 3444 2516 sine
3478 2475 3639 2530 egre-

1975 2567 2072 2618 gio
2123 2552 2444 2621 praposito,
2496 2552 2633 2606 huic
2678 2553 2793 2607 aedi
2842 2560 3062 2607 sanctae.
3110 2557 3439 2610 consecrat,
3479 2565 3639 2604 sum-

1974 2647 2160 2713 ptam,
2194 2640 2416 2695 scilicet
2445 2658 2511 2696 ex
2539 2642 2773 2712 prmdis,
2820 2658 2971 2710 quas
3003 2639 3375 2695 admirabilis
3406 2639 3501 2693 ille
3530 2640 3637 2693 Be-

1974 2729 2208 2784 lisarius
2266 2729 2341 2784 ad
2397 2746 2530 2785 eum
2581 2730 2856 2785 attulerat
2882 2746 2912 2784 e
2940 2736 3092 2783 terra
3125 2728 3500 2799 Assyriorum
3535 2727 3638 2798 (5)9

1974 2835 2109 2890 quae
2169 2834 2373 2874 revera
2430 2824 2598 2874 erant
2645 2818 2937 2889 prieclara:
2994 2821 3053 2872 et
3106 2816 3348 2888 opimas.
3416 2815 3638 2871 Deinde

1974 2907 2226 2963 domum
2266 2923 2508 2980 quoque
2549 2906 2740 2961 munit
2778 2906 2953 2961 donis
2995 2906 3467 2978 possessionum,
3507 2921 3640 2976 quae

1976 3003 2033 3053 et
2059 2998 2129 3052 ad
2162 2996 2309 3052 alios
2331 2998 2461 3066 ejus
2485 3002 2760 3067 sumptus
2784 2996 3184 3061 sufﬁciebant,
3213 3000 3271 3049 et
3297 2995 3373 3049 ad
3396 2995 3640 3051 alimen-

268 3091 417 3143 ιώτοὺ
470 3090 817 3161 λειτουργίας.
855 3091 973 3141 Ἐπὶ
1023 3088 1222 3149 πολλοῖς
1267 3085 1352 3140 οὖν
1402 3096 1505 3149 τοίς
1536 3097 1747 3162 χρόνοις
1786 3090 1862 3142 οὖ·

1981 3094 2104 3143 tum
2148 3087 2543 3153 medicorum,
2573 3093 2630 3141 et
2659 3086 3108 3156 eorum,quibus
3137 3089 3309 3140 erant
3335 3084 3453 3140 alia
3480 3100 3641 3139 com-

268 3199 359 3241 τως
406 3183 430 3230 ὁ
472 3181 752 3253 Μακάριος
808 3176 1089 3249 διαρκέσας
1142 3177 1189 3229 ἐν
1243 3186 1359 3239 ταῖς
1421 3188 1519 3230 τῶν
1574 3185 1867 3250 καμνόντων

268 3268 594 3341 ἐπιμελείαις,
641 3273 729 3319 καὶ
794 3276 1054 3334 πατρικῶς
1114 3269 1313 3319 πάντων
1385 3274 1474 3319 καὶ
1544 3268 1657 3319 λίαν
1715 3266 1868 3327 κηδε-

268 3367 501 3428 μονικῶς,
560 3358 1007 3429 προμηθούμενος,
1064 3355 1170 3408 ἐπεὶ
1221 3362 1309 3409 καὶ
1376 3357 1443 3417 εἰς
1498 3355 1638 3429 βαθὺ
1704 3366 1869 3431 γῆρας

269 3444 365 3505 ἤδη
398 3445 650 3522 παραδὺς
699 3443 778 3511 ἦν,
816 3451 905 3497 καὶ
953 3442 1223 3507 ἀδυνάτως
1278 3448 1402 3516 ἔχον
1450 3446 1586 3517 αὐτῷ
1626 3450 1683 3498 τό
1719 3456 1869 3518 σῶμα

266 3544 347 3594 τὴν
390 3538 631 3593 τελευτὴν
671 3531 841 3606 ὦδινε,
888 3553 1072 3587 νοσονν
1130 3538 1219 3606 μὲν
1266 3534 1418 3605 ὀλίγα
1464 3542 1550 3587 καὶ
1614 3537 1698 3588 οἷα
1745 3556 1867 3611 προ-

272 3631 409 3697 οίμια
452 3623 765 3678 δείκνυσθαι
819 3632 986 3675 ταῦτα
1040 3629 1129 3676 καὶ
1184 3623 1386 3697 ἀφορμὴ
1450 3626 1689 3679 θανάτου.
1736 3631 1867 3684 Θνή-

274 3734 377 3767 σκει
430 3712 489 3768 δε
539 3714 637 3766 οὐκ
693 3713 921 3785 ἀθυμῶν,
971 3710 1105 3769 miti":
1166 3712 1536 3785 βαρυνόμενος,
1602 3711 1725 3767 οὐδὲ
1776 3720 1868 3773 τὴν

271 3806 539 3874 μετάθεσιν
592 3800 957 3874 δυσχεραίνων
1013 3804 1148 3853 κατά
1194 3805 1283 3863 τὰς
1332 3803 1723 3874 φιλοσωμάτους
1761 3803 1867 3874 ψυο

272 3897 368 3963 χάς
415 3913 467 3945 τε
523 3900 617 3943 καὶ
672 3891 1039 3963 φιλοκόσμους,
1072 3890 1200 3942 ἀλλὰ
1226 3895 1403 3963 πράως
1433 3897 1521 3943 καὶ
1550 3892 1753 3964 ἱλαρῶς,
1785 3893 1873 3946 ait:

270 3991 386 4052 γοῦν
441 3980 491 4033 δ’
544 3979 773 4054 ἀκριϐῶς
824 3979 1163 4050 ἐπιστάμενος
1194 3980 1275 4051 ὑφ’
1321 3976 1379 4032 οὗ
1411 3980 1662 4042 καλεῖται,
1696 3987 1785 4034 καὶ
1820 3982 1873 4045 ἐξ

272 4072 375 4130 οἰας
431 4076 719 4143 περιφοράς
773 4070 838 4130 εὶς
892 4070 1002 4121 οἰσν
1056 4072 1383 4121 κατάστασιν
1432 4068 1748 4141 μεταϐαίνει,
1782 4078 1870 4123 καὶ

270 4160 367 4210 οἷαι
406 4166 500 4216 τὴν
534 4163 795 4231 μακαρίαν
841 4158 1001 4210 αὐτοῦ
1044 4157 1224 4229 ψυχὴν
1279 4157 1592 4220 ἀπολαύσεις
1640 4157 1867 4222 ἐκδέξον-

271 4267 350 4301 ται
400 4266 411 4276 ·
468 4248 525 4299 ἐκ
579 4250 683 4319 γὰρ
732 4256 831 4299 τῶν
882 4254 1049 4299 πόνων
1125 4250 1216 4309 τὰς
1272 4244 1591 4311 αντιδοσεις,
1660 4250 1715 4298 ἐκ
1769 4258 1867 4300 τῶν

275 4340 579 4409 σπερμάτων
644 4355 697 4389 τε
754 4332 874 4409 ᾔδει
934 4342 1022 4387 καὶ
1073 4340 1192 4397 τοὺς
1237 4338 1485 4409 καρπούς.
1542 4342 1580 4387 Η
1636 4340 1723 4407 μεν
1782 4334 1867 4389 οὖν

1980 3178 2167 3231 missa
2195 3191 2463 3231 munera.
2482 3176 2629 3230 Cum
2663 3178 2883 3230 multos
2904 3181 3104 3229 autem
3130 3190 3323 3229 annos
3344 3173 3427 3228 sic
3450 3179 3643 3229 trans-

1979 3264 2288 3337 egisset(6)
2320 3265 2411 3319 ille
2444 3264 2649 3320 beatus
2682 3266 2741 3319 in
2781 3280 2923 3319 cura
2954 3262 3216 3333 gerenda
3256 3269 3638 3333 aegrotorum,

1978 3354 2052 3409 de
2084 3354 2303 3426 quibus
2334 3354 2616 3410 omnibus
2656 3360 2782 3409 erat
2813 3354 2999 3407 instar
3031 3354 3212 3423 patris
3244 3352 3551 3417 sollicitus,
3590 3356 3645 3407 et

1975 3443 2099 3510 jam
2143 3442 2221 3499 ad
2261 3458 2503 3511 gravem
2544 3443 2872 3497 devenisset
2910 3448 3295 3508 senectutem,
3336 3449 3390 3496 et
3422 3456 3643 3512 corpus

1980 3532 2349 3587 imbecillum
2389 3532 2441 3586 ei
2482 3538 2733 3586 mortem
2774 3530 3109 3602 parturiret,
3143 3546 3357 3602 parum
3398 3531 3643 3603 quidem

1982 3629 2250 3691 aegrotat,
2284 3625 2340 3676 et
2379 3620 2542 3693 quod
2569 3626 2768 3692 posset
2797 3620 3029 3675 ostendi
3061 3636 3188 3675 esse
3213 3621 3568 3690 prooemium
3592 3623 3648 3674 et

1981 3712 2218 3767 occasio
2261 3713 2486 3765 mortis.
2533 3709 2769 3765 Moritur
2808 3717 3006 3764 autem
3051 3725 3170 3764 non
3216 3711 3413 3774 tristis,
3457 3724 3645 3779 neque

1983 3800 2241 3870 graviter
2269 3806 2324 3855 et
2355 3815 2505 3867 aagre
2539 3800 2731 3853 ferens
2763 3798 3104 3864 decessum,
3135 3804 3197 3853 ut
3217 3798 3407 3852 solent
3428 3798 3645 3852 animae

1982 3905 2117 3961 quas
2149 3891 2415 3961 corporis
2442 3892 2501 3943 et
2530 3886 2739 3943 mundi
2769 3884 2956 3940 nimio
2987 3893 3257 3941 tenentur
3275 3902 3478 3940 amore
3503 3901 3515 3939 :
3543 3886 3646 3939 sed

1981 3978 2212 4051 placide
2263 3984 2319 4034 et
2363 3977 2645 4039 hilariter,
2699 3982 2759 4031 ut
2806 3974 2909 4047 qui
2956 3975 3199 4046 pulchre
3244 3975 3419 4030 sciret
3449 3990 3485 4030 a
3524 3990 3645 4046 quo

1980 4073 2311 4132 vocaretur,
2355 4074 2411 4122 et
2439 4084 2475 4123 a
2507 4082 2629 4138 qua
2669 4064 3116 4136 perturbatione
3147 4063 3225 4120 ad
3251 4080 3435 4136 quam
3459 4068 3649 4118 trans-

1979 4153 2086 4213 iret
2116 4158 2405 4229 requiem,
2448 4162 2505 4213 et
2541 4164 2777 4228 quantae
2819 4154 3150 4225 voluptates
3176 4160 3371 4209 essent
3405 4154 3645 4209 beatam

1979 4250 2107 4319 ejus
2139 4249 2404 4303 animam
2430 4252 2781 4318 excepturus.
2804 4247 2878 4299 Ex
2910 4243 3217 4299 laboribus
3247 4244 3403 4299 enim
3456 4259 3651 4298 remu-

1978 4338 2336 4401 nerationes,
2369 4341 2426 4391 et
2452 4335 2676 4390 fructus
2710 4339 2953 4389 noverat
2982 4349 3056 4388 ex
3081 4332 3427 4387 seminibus.
3462 4335 3647 4403 Atque

273 4424 496 4488 ἁξιόθεος
545 4427 739 4477 ἐκείνου
789 4428 992 4498 καθαρά
1024 4424 1178 4496 ψυχὴ
1232 4430 1359 4499 πρός
1416 4426 1685 4499 οὐρανίους
1724 4427 1862 4485 οἰκή-

1979 4427 2099 4481 Deo
2129 4426 2374 4497 quidem
2413 4426 2598 4493 digna
2628 4428 2685 4479 et
2716 4423 2943 4478 munda
2972 4422 3135 4477 illius
3167 4422 3373 4477 anima
3403 4422 3481 4477 ad
3532 4438 3649 4477 co:-

274 4534 370 4576 σεις
423 4521 717 4587 μεταφοιτᾲ
774 4534 786 4545 ·
840 4518 896 4566 τό
956 4511 1015 4567 δὲ
1058 4517 1189 4585 ἱερὸν
1251 4522 1403 4586 σῶμα
1452 4519 1540 4565 καὶ
1592 4513 1740 4585 ἅγιον
1795 4524 1865 4585 τῷ

339 4693 414 4765 (4)
450 4696 585 4749 Erat
612 4693 723 4749 hoc
751 4692 1212 4765 xenodochium,
1238 4696 1302 4747 ut
1324 4692 1499 4748 habet
1530 4692 1785 4763 Cangius
1806 4695 1866 4749 in

275 4764 775 4837 ConStantinOpoli
803 4764 1258 4837 Christianaglib.
1288 4781 1363 4837 iv,
1380 4765 1532 4837 inter
1552 4766 1740 4821 aidem
1764 4765 1868 4819 So-

276 4836 558 4905 phianam
591 4835 865 4892 et'zedem
894 4836 1111 4891 lrenes.
1141 4835 1226 4901 Et,
1263 4843 1322 4890 ut
1354 4836 1571 4890 ibidem
1605 4836 1685 4891 ait
1718 4841 1868 4892 Can-

275 4907 621 4977 gius,eXstat
637 4908 888 4979 Epistola
904 4908 1223 4963 Innocentii
1242 4908 1307 4961 III
1327 4907 1625 4962 Pontiﬁcis
1641 4908 1865 4972 libanu,

274 4984 433 5050 epist.
476 4984 559 5044 t7,
590 4997 709 5050 qua
752 4980 1067 5034 conﬁrmat
1094 4980 1437 5050 praeceptori
1481 4986 1535 5034 et
1571 4980 1869 5035 Fratribus

276 5048 578 5121 hospitalis
596 5048 1012 5121 S.Sampsonis
1028 5048 1659 5120 Constantinopolitani
1682 5050 1869 5105 dona-

277 5124 491 5177 tionem
522 5122 787 5187 cancelli.
811 5124 966 5194 quod
997 5121 1221 5194 Garelis
1244 5123 1867 5194 nuncupatur,factiim

275 5194 347 5247 ab
366 5193 622 5249 Henrico
653 5193 1011 5265 imperatore
1057 5193 1159 5265 UP.
1204 5193 1459 5247 Meminit
1487 5195 1661 5265 etiam
1696 5193 1868 5248 istius

277 5266 625 5320 xenodochii
653 5265 913 5319 Ja-tobus
940 5265 1012 5319 de
1028 5264 1279 5319 Vitriaco
1299 5268 1354 5318 in
1383 5264 1866 5324 Hist.0ccident.,

279 5350 401 5416 cap.
424 5337 514 5401 29,
542 5338 629 5416 his
652 5336 845 5416 verbis
875 5354 887 5391 :
916 5336 1486 5416 «.Qtl‘elllatimodllllll
1515 5341 1650 5416 sunt
1674 5336 1872 5416 hpspi-

280 5406 403 5461 talia
444 5410 628 5462 sancti
664 5409 914 5475 Spiritus
945 5409 1002 5462 in
1046 5410 1314 5462 Romana
1356 5407 1493 5461 urbe
1523 5414 1577 5461 et
1608 5410 1667 5461 ὃ.
1705 5406 1868 5464 Sain-

279 5478 479 5546 psonis
509 5496 563 5535 in
586 5478 1242 5549 Constantinopolitana
1270 5478 1591 5543 civitate,et
1625 5478 1865 5533 B.Anto-

280 5549 355 5622 iiii
394 5550 451 5603 in
492 5552 619 5622 ip~o
667 5553 880 5622 capite,
923 5559 976 5605 et
1012 5550 1073 5622 AB.
1110 5551 1313 5622 Μεινίῳ
1343 5550 1766 5622 Bonsciovallis
1810 5552 1869 5605 in

279 5619 856 5696 introitu’Hispanim,
883 5628 939 5678 et
972 5620 1091 5678 alia
1143 5620 1422 5694 quasdam
1465 5620 1586 5678 Deo
1616 5627 1786 5691 grata
1810 5626 1867 5679 et

1976 4516 2187 4571 lestem
2228 4515 2433 4571 transit
2471 4513 2925 4569 habitationem:
2963 4528 3199 4568 sacrum
3235 4528 3374 4568 vero
3405 4518 3461 4568 et
3514 4527 3647 4567 san-

1978 4694 2338 4768 pauperibus
2385 4693 2727 4764 peregrinis.
2777 4708 2881 4747 seu
2925 4690 3173 4747 inﬁrmis
3217 4690 3392 4747 valde
3441 4706 3645 4747 neces-

1978 4783 2155 4822 saria.
2195 4787 2215 4814 1

2047 4836 2453 4909 (5,Transferri
2494 4834 2563 4909 id
2598 4840 2826 4907 oportet
2870 4839 3008 4906 post
3060 4838 3330 4909 mortem,
3366 4835 3653 4909 Sampso-

1980 4905 2109 4964 nis:
2154 4910 2388 4963 vivente
2415 4905 3008 4976 etenim'SampSOne
3048 4906 3496 4976 xenodochium
3536 4905 3648 4959 hoc

1979 4982 2121 5035 satis
2169 4981 2384 5034 misere
2418 4978 2697 5045 habebat,
2744 4975 3089 5032 uthabetur
3117 4977 3271 5031 infra
3316 4978 3427 5031 sub
3471 4975 3648 5030 ﬁnem

1979 5068 2147 5106 num.
2206 5056 2265 5105 l7
2318 5067 2331 5105 :
2385 5050 2713 5121 quamvis,
2746 5050 2946 5121 quoad
3007 5055 3364 5121 structuram
3423 5048 3645 5111 attinet,

1980 5126 2120 5177 satis
2154 5119 2542 5189 magnificum
2572 5119 2859 5185 fuerit,'ut
2884 5120 3108 5175 dictum
3138 5127 3225 5174 est
3246 5122 3303 5174 in
3337 5120 3647 5173 Commen-

1979 5194 2132 5250 tario
2168 5209 2393 5257 praeVio
2428 5209 2593 5246 num.
2635 5197 2716 5247 15.

2049 5266 2126 5333 (6)
2160 5264 2294 5319 Hice
2343 5280 2461 5318 non
2496 5262 2881 5329 intelligenda
2932 5267 3069 5317 sunt
3104 5268 3238 5333 post
3270 5260 3574 5315 conditum
3616 5278 3653 5316 a

1977 5336 2319 5390 Iustiniano
2358 5336 2801 5390 xenodochium
2835 5354 2847 5389 :
2881 5350 3083 5389 verum
3117 5334 3191 5387 de
3224 5349 3363 5387 cura
3404 5342 3457 5387 et
3489 5333 3654 5389 solli-

1979 5410 2243 5463 citudine
2275 5424 2459 5480 quam
2492 5408 2672 5461 etiam
2712 5407 2879 5477 prius
2909 5407 3145 5480 aegrotis
3186 5410 3242 5459 et
3286 5405 3651 5480 pauperibus

1978 5476 2342 5548 impenderat
2392 5495 2404 5533 :
2460 5484 2590 5549 post
2641 5476 2936 5531 structum
3001 5476 3158 5531 enim
3218 5476 3653 5549 xenodochium

1981 5567 2167 5605 unum
2195 5548 2524 5606 alterumve
2561 5565 2788 5605 annum
2820 5556 3051 5605 tantum
3090 5548 3436 5621 supervixit.
