4066 6224
389 331 487 385 291

1807 327 2061 383 MENSIS
2098 327 2364 384 JUNlUS.

3654 327 3759 382 292

385 460 547 511 ctum
616 453 748 524 ejus
809 466 1030 522 corpus
1111 450 1431 523 deponitur
1492 454 1921 510 honorabiliter
1982 453 2043 508 in

2161 458 2385 525 μεγίστῳ
2440 462 2544 505 ναῶ
2598 458 2813 507 Μωκίου
2868 460 2960 505 τοῦ
3013 456 3271 526 μάρτυρος
3323 455 3625 513 πανσέπτως
3674 452 3757 524 ἔγ-

386 543 655 601 maximo
697 540 920 612 templo
973 539 1137 596 Mocii
1191 543 1468 613 martyris
1498 543 1600 614 (7),
1642 547 1845 613 utpote
1883 542 2044 615 quod

385 649 645 704 magnus
676 630 769 686 ille
803 632 1098 700 Sampson
1139 647 1210 686 ex
1241 647 1312 686 eo
1341 631 1633 688 diceretur
1674 632 1901 688 trahere
1946 647 2044 687 co-

385 722 751 794 gnationem,
800 735 915 774 non
956 734 1205 790 corpore
1251 719 1467 785 solum,
1497 721 1601 776 sed
1635 722 1822 776 multo
1857 721 2046 791 magis

385 812 588 867 animo
641 816 696 865 et
749 808 1035 864 moribus.
1066 808 1260 876 Quam
1329 809 1531 865 multis
1592 816 1794 867 autem
1852 810 2047 866 clarus

384 900 555 956 fuerit
581 897 903 961 miraculis,
934 899 1035 970 qui
1067 904 1153 953 est
1183 898 1243 952 in
1274 897 1448 954 rebus
1473 900 1758 957 omnibus
1785 898 2046 955 maxime

386 988 776 1052 admirabilis,
814 988 1021 1043 nonin
1064 987 1180 1043 vita
1230 988 1453 1053 solum,
1499 991 1605 1044 sed
1629 989 1811 1045 etiam
1861 988 2047 1044 multo

385 1079 575 1149 magis
606 1082 740 1150 post
780 1080 1055 1141 mortem,
1094 1092 1290 1149 neque
1333 1077 1539 1149 lingua
1588 1084 1783 1150 potest
1831 1079 2045 1142 dicere,

383 1183 580 1239 neque
613 1165 775 1222 auris
805 1165 1139 1222 admittere.
1174 1167 1488 1232 Quomodo
1522 1167 1705 1232 enim,
1738 1168 1910 1238 cujus
1940 1183 2050 1222 nec

384 1258 440 1312 in
505 1256 863 1311 hodiernum
894 1253 1139 1324 quidem
1188 1255 1348 1310 diem
1397 1257 1780 1312 constiterunt
1830 1255 2053 1311 ﬂuenta

384 1345 857 1402 miraculorum?
888 1347 1011 1398 [mo
1061 1360 1201 1399 vero
1260 1360 1367 1399 nec
1413 1344 1740 1399 consistent
1778 1345 2048 1417 quidem,

386 1435 576 1490 donec
604 1432 699 1488 ille
727 1432 883 1488 idem
917 1432 1112 1497 fuerit,
1136 1436 1194 1487 et
1218 1432 1491 1502 ejusdem
1519 1432 1945 1489 misericordia
1976 1431 2055 1488 ad

384 1521 869 1578 intercedendum
898 1536 1005 1593 pro
1039 1520 1391 1576 hominibus
1430 1521 1593 1592 apud
1620 1521 1829 1578 Deum.
1861 1523 2057 1576 Pauca

386 1627 550 1682 ergo,
580 1612 626 1666 si
654 1611 912 1676 videtur,
941 1610 1020 1666 ad
1046 1611 1144 1666 Dei
1172 1610 1443 1681 gloriam,
1472 1618 1528 1665 et
1558 1626 1788 1675 eorum,
1820 1612 1922 1681 qui
1955 1625 2057 1665 au-

386 1701 577 1767 diunt,
609 1700 1070 1756 delectationem
1105 1716 1175 1755 ac
1208 1700 1515 1756 utilitatem
1548 1716 1620 1755 ex
1648 1700 1719 1755 iis
1746 1716 1883 1772 quae
1925 1702 2059 1771 post

387 1790 513 1861 ejus
596 1790 735 1846 hinc
810 1806 1120 1846 excessum
1184 1788 1343 1846 facta
1422 1795 1581 1855 sunt,
1661 1794 2059 1861 prosequatur

388 1877 601 1935 oratio.

2155 545 2487 594 κατατίθεται
2540 562 2552 575 ·
2614 542 2704 595 άτε
2752 539 2818 600 δὴ
2874 548 2964 594 καὶ
3022 546 3322 613 συγγένειαν
3366 540 3526 593 ἕλκειν
3574 541 3758 594 ἐκεῖθεν

2157 638 2246 682 τοῦ
2304 631 2538 702 Μεγάλου
2606 635 2979 704 φημιζομένου,

2156 723 2290 772 κατὰ
2362 730 2513 793 σῶμα
2578 727 2750 793 μόνον,
2808 720 2937 773 ἀλλά
3012 726 3101 772 καὶ
3169 720 3319 773 πλέον
3390 723 3524 772 κατὰ
3573 719 3760 790 ψυχὴν

2159 806 2367 868 δηλαδὴ
2419 816 2509 862 καὶ
2558 815 2674 870 τοὺς
2725 817 2969 884 τρόπους.
3022 816 3202 870 Ὅσοις
3249 806 3307 862 δε
3344 817 3454 870 τοῖς
3499 811 3762 881 θαύμασιν

2157 895 2419 961 ἐδοξάσθη
2480 901 2504 950 ὁ
2557 902 2623 951 τὰ
2661 901 2831 951 πάντα
2877 902 3330 971 θαυμασιώτατος,
3383 899 3441 950 ού
3482 901 3618 950 κατὰ
3664 902 3762 956 τὴν

3056 636 3143 683 καὶ
3197 631 3400 691 οἰκείως
3473 633 3633 701 ἔχειν,
3699 630 3758 682 ού

2158 991 2379 1041 ἐνταῦθα
2410 990 2549 1049 ζωὴν
2596 989 2787 1056 ἁπλῶς,
2839 988 2967 1041 ἀλλὰ
3012 992 3143 1061 μετὰ
3198 992 3286 1040 τόν
3336 989 3551 1039 θάνατον
3591 987 3762 1057 πολλῷ

2159 1078 2368 1148 μᾶλλον,
2422 1081 2536 1130 οὔτε
2579 1078 2786 1150 γλῶττα
2834 1076 3032 1136 δυνατὴ
3074 1078 3256 1149 λέγειν,
3291 1080 3405 1129 οὔτε
3431 1076 3561 1134 ἀκοὴ
3596 1096 3767 1148 παρα-

2162 1164 2439 1237 δέχεσθαι.
2478 1175 2587 1228 Πῶς
2616 1170 2737 1242 γὰρ,
2788 1171 2846 1220 ού
2892 1165 3030 1239 μηδὲ
3076 1171 3239 1239 μέχρι
3294 1172 3379 1217 xui
3433 1174 3520 1217 νῦν
3570 1168 3618 1217 οἱ
3662 1173 3766 1217 τῶν

2165 1258 2440 1327 θαυμάτων
2480 1259 2707 1314 ἔστησαν
2750 1257 2934 1331 ῥύακες
2982 1274 2992 1286 ·
3028 1255 3215 1327 μᾶλλον
3266 1252 3324 1308 δὲ
3368 1250 3491 1307 οὐδε
3542 1260 3767 1311 στήσον-

2163 1365 2270 1410 ται,
2316 1347 2410 1407 ἕως
2439 1343 2498 1396 ἂν
2547 1343 2735 1406 ἐκεῖνος
2765 1346 2789 1396 ό
2821 1345 2976 1407 αὐτὸς
3012 1345 3064 1417 ᾖ,
3092 1349 3181 1396 καὶ
3213 1352 3323 1404 τοῖς
3363 1344 3537 1404 αὐτοῖς
3562 1352 3770 1418 χρῆται

2168 1435 2495 1505 σπλάγχνοις
2526 1435 2650 1506 ὑπὲρ
2698 1433 2978 1507 ἀνθρώπων
3010 1438 3137 1507 πρὸς
3164 1438 3293 1488 Θεὸν
3326 1431 3765 1508 διαπρεσϐευόμε·

2166 1544 2249 1584 νος
2278 1541 2291 1585 ;
2323 1524 2503 1594 Ὀλίγα
2531 1529 2722 1589 τοίνυν,
2771 1524 2813 1576 εἰ
2845 1521 3008 1588 δοκεῖ,
3041 1527 3168 1596 πρὸς
3199 1520 3356 1586 δόξαν
3397 1531 3529 1576 Θεοῦ
3563 1527 3651 1574 καὶ
3676 1526 3771 1579 τὴν

2168 1613 2456 1665 ἀκουόντων
2488 1610 2683 1670 ἡδονὴν
2712 1613 2803 1665 καί
2853 1613 3113 1685 ὠφέλειαν,
3162 1621 3260 1664 τῶν
3304 1614 3434 1683 μετὰ
3482 1616 3575 1669 τὴν
3606 1610 3773 1663 ἐντεῦ-

2172 1703 2251 1753 θεν
2311 1701 2470 1753 αὐτοῦ
2529 1704 2806 1773 μετάθεσιν
2871 1706 3150 1774 γενομένων
3218 1709 3290 1771 τῷ
3346 1702 3482 1773 λόγῳ
3548 1700 3777 1772 μεταλη-

2092 1814 2134 1867 Β
2171 1793 2339 1845 πτίον.

1940 2003 2165 2059 CAPUT
2202 2005 2247 2058 ll

1704 2128 2009 2184 Miracula
2037 2136 2167 2197 post
2202 2135 2469 2186 mortem.

464 2253 547 2305 XI.
596 2253 661 2305 Et
699 2251 962 2322 primum
992 2250 1232 2321 quidem
1275 2251 1366 2318 sit,
1417 2252 1579 2324 quod
1608 2257 1665 2307 et
1709 2252 1909 2307 multae
1951 2252 2065 2307 lin-

390 2354 523 2409 guae
582 2344 823 2407 canunt,
866 2345 923 2392 et
970 2337 1097 2392 libri
1150 2338 1362 2405 ferunt,
1409 2345 1466 2395 et
1520 2355 1730 2395 omnes
1793 2340 2059 2420 credunt,

389 2426 634 2499 quodin
661 2426 930 2498 populari
978 2427 1255 2495 tumultu,
1297 2428 1587 2483 adversus
1632 2429 2054 2492 Justinianum,

386 2530 677 2585 magnum
707 2515 875 2570 illum
939 2521 995 2571 et
1024 2514 1418 2572 clarissimum
1455 2518 1875 2589 imperatorem
1909 2518 2060 2573 exci-

389 2609 508 2661 tato
573 2604 783 2660 accidit
840 2606 942 2675 (8).
1030 2605 1130 2660 Illo
1180 2611 1447 2678 tempore
1510 2607 2057 2663 audacissimorum

389 2700 569 2766 atque
609 2694 905 2765 imprimis
952 2697 1407 2751 temerariorum
1459 2697 1769 2751 hominum
1817 2712 2053 2761 manus,

391 2772 595 2853 ignem
626 2784 897 2851 ferentes,
927 2785 1413 2856 praeclarissimas
1444 2792 1500 2841 et
1528 2786 1853 2841 ditissimas
1898 2785 2057 2840 aedes

390 2874 839 2944 aggrediuntur,
887 2881 1067 2945 atque
1114 2873 1463 2946 principium
1511 2874 1785 2930 incendio
1831 2874 1979 2929 dant
2019 2889 2055 2929 a

388 2964 655 3018 maximo
699 2962 917 3034 templo
970 2962 1071 3017 Dei
1099 2964 1351 3033 Sophias,
1381 2964 1544 3035 quod
1585 2980 1722 3019 cum
1746 2962 1803 3017 in
1845 2963 2055 3018 orbem

390 3052 597 3107 omnia
638 3052 947 3115 exedisset,
993 3051 1210 3105 deinde
1255 3068 1501 3123 serpens
1538 3052 1701 3106 venit
1746 3068 1937 3123 usque
1977 3051 2053 3106 ad

391 3139 707 3211 praeclaras
738 3139 893 3194 aedes
923 3137 1111 3193 divini
1140 3140 1500 3209 Sampsonis.
1521 3145 1575 3194 et
1603 3145 1818 3195 tectum
1848 3138 2057 3210 arripit

391 3228 671 3293 celeriter,
712 3235 767 3282 et
808 3227 1066 3281 fremens
1130 3227 1370 3282 ulterius
1410 3229 1673 3299 procedit
1706 3251 1717 3282 :
1753 3230 2052 3284 existima-

390 3317 689 3389 baturque
728 3316 873 3381 fore,
921 3322 985 3370 ut
1028 3332 1169 3371 mox
1213 3322 1333 3371 tota
1363 3316 1583 3372 domus
1615 3317 1863 3372 omnino
1907 3317 2057 3372 inte-

391 3406 547 3461 riret.
600 3405 747 3470 Quid
794 3420 934 3476 ergo
987 3410 1077 3460 est
1116 3411 1323 3476 postea
1371 3409 1755 3461 consecutum
1787 3407 1816 3463 ?
1864 3405 2055 3464 Multae

391 3494 636 3567 quidem
659 3510 731 3550 ex
757 3494 1007 3549 adverso
1030 3495 1088 3549 in
1118 3510 1188 3549 eo
1212 3495 1612 3550 movebantur
1637 3511 1850 3552 manus
1872 3502 2055 3565 gratae

392 3590 451 3639 et
499 3582 632 3655 pim,
683 3582 828 3639 nihil
870 3598 993 3638 non
1049 3583 1347 3650 facientes,
1400 3583 1543 3638 nihil
1576 3600 1697 3639 non
1747 3584 2057 3639 molientes

391 3688 604 3729 eorum
634 3689 771 3745 quae
802 3679 1057 3745 possunt
1086 3672 1212 3728 ﬁeri
1243 3674 1319 3728 ad
1341 3674 1494 3743 ignis
1517 3674 1920 3730 cohibendum
1945 3674 2059 3729 im-

391 3768 618 3834 petum.
654 3761 768 3819 Sed
818 3761 1047 3817 malum
1088 3768 1216 3817 erat
1260 3762 1739 3833 inexpugnabile.
1777 3769 1834 3819 et
1879 3778 2058 3820 omne

392 3850 720 3923 superabat
772 3849 1084 3906 auxilium.
1138 3851 1401 3906 Vincitur
1447 3857 1670 3916 tamen,
1717 3856 1776 3908 et
1827 3868 1898 3908 eo
1954 3852 2059 3908 fuit

389 3942 687 4012 potentior
716 3957 855 3996 cura
892 3941 1096 4012 magni
1144 3940 1519 4010 Sampsonis.
1575 3942 1828 3998 Fuerunt
1871 3941 2055 4005 enim,

390 4028 648 4093 fuerunt,
681 4029 780 4100 qui
807 4034 950 4084 tunc
976 4030 1138 4100 digni
1169 4035 1308 4084 sunt
1335 4029 1522 4084 habiti
1557 4029 1825 4085 divinum
1862 4032 2058 4086 videre

393 4119 787 4189 Sampsonem
818 4135 923 4190 per
968 4122 1186 4173 tectum
1226 4120 1609 4173 circumcirca
1650 4119 2055 4186 cursitantem,

391 4213 445 4262 et
487 4206 688 4276 ignem
742 4207 1174 4278 increpantem,
1237 4212 1292 4261 et
1345 4206 1523 4262 veluti
1574 4208 1947 4272 frementem,
2002 4216 2058 4268 et

391 4295 823 4351 admirabiliter
879 4299 1007 4367 ejus
1057 4292 1349 4367 impetum
1408 4297 1827 4352 retardantem.
1875 4298 2055 4367 Cujus

390 4386 634 4456 quidem
667 4392 909 4455 aspectu
964 4385 1118 4456 ignis
1159 4386 1342 4440 veluti
1380 4385 1835 4458 obstupefactus
1878 4396 2054 4443 retro-

390 4474 605 4529 cessit:
640 4474 855 4529 deinde
886 4491 1023 4529 cum
1054 4476 1271 4530 tonitru
1303 4483 1545 4546 repente
1597 4478 1907 4548 erupisset,
1957 4494 2050 4533 co-

391 4563 567 4635 piosa
595 4579 836 4636 quoque
878 4563 1104 4619 afﬂuxit
1140 4564 1363 4636 pluvia,
1413 4580 1537 4636 quo
1582 4564 1805 4622 factum
1849 4573 1955 4631 est,
1988 4571 2053 4622 ut

390 4652 545 4722 ignis
591 4652 1085 4723 exstingueretur,
1120 4659 1175 4708 et
1209 4653 1432 4709 domus
1480 4662 1946 4711 conservaretur
1987 4656 2051 4710 il-

394 4740 541 4798 laasa
574 4747 787 4815 praeter
812 4747 1029 4799 tectum
1060 4742 1158 4814 (9).

466 5117 546 5187 (7)
613 5116 697 5187 De
779 5114 833 5169 S.
917 5113 1101 5169 Mocio
1188 5117 1442 5185 martyre
1525 5118 1726 5169 actum
1800 5117 1887 5168 est
1961 5112 2057 5168 die

399 5194 453 5244 ll
480 5186 646 5243 Maii.

466 5260 546 5332 (8)
580 5262 709 5313 Haec
742 5255 950 5332 seditio
973 5256 1235 5332 factaest
1265 5271 1426 5310 anno
1453 5272 1486 5309 v
1510 5254 1842 5332 Justiniani,
1877 5260 2054 5332 atque

396 5326 649 5386 excitata
674 5336 758 5381 est
791 5344 825 5381 a
856 5326 1202 5389 Victoriatis,
1255 5333 1335 5381 ita
1376 5326 1703 5397 appellatis,
1744 5326 1903 5397 quod
1949 5342 2055 5397 pro

394 5408 617 5457 tessera
647 5402 703 5450 τὸ
734 5404 872 5449 Νίκα
920 5400 1104 5463 Vince,
1135 5404 1527 5452 assumerent.
1565 5400 1723 5452 Hanc
1772 5398 1897 5452 fuse
1948 5398 2051 5451 de-

396 5472 663 5527 scribunt
694 5470 1015 5537 Pl'OCOpillS
1046 5471 1112 5525 de
1163 5470 1307 5523 bello
1338 5469 1496 5524 Pers.
1533 5469 1633 5523 lib.
1687 5484 1724 5532 ι,
1777 5484 1907 5540 (κιρΣ
1960 5470 2049 5540 24,

396 5550 451 5598 et
504 5540 837 5597 Chronicon
874 5541 1358 5597 Alexandrinum
1414 5541 1491 5596 ad
1531 5555 1759 5596 annum
1805 5539 2054 5595 v'Justi-

396 5612 578 5679 niani,
615 5616 722 5666 etc.

2249 2256 2354 2309 IA'.
2417 2260 2516 2308 Καὶ
2563 2259 2763 2328 πρῶτόν
2809 2274 2868 2328 γε
2918 2264 3091 2323 τοῦτο,
3138 2257 3163 2308 ὁ
3214 2262 3302 2309 καὶ
3330 2257 3555 2329 γλῶτται
3585 2257 3773 2309 πολλαὶ

2174 2338 2390 2412 ᾄδουσι,
2422 2349 2511 2396 καὶ
2545 2342 2719 2415 βίϐλοι
2764 2350 2997 2417 φέρουσι,
3050 2351 3138 2398 καὶ
3184 2347 3387 2416 πάντες,
3432 2350 3765 2409 πιστεύουσι,

2172 2436 2261 2483 καὶ
2318 2431 2345 2483 ὃ
2398 2436 2532 2485 κατὰ
2592 2439 2687 2491 τὴν
2744 2441 2835 2485 τοῦ
2887 2434 3135 2505 μεγάλου,
3190 2440 3343 2506 φημὶ,
3398 2440 3487 2487 xui
3543 2439 3676 2507 μέγα
3722 2435 3774 2487 ἄν

2174 2518 2453 2590 βασιλεῦσι
2504 2522 2805 2594 λάμψαντος
2875 2526 3247 2575 ’Ῑουστινιανοῦ
3307 2532 3398 2575 τοῦ
3453 2520 3626 2597 δήμου
3687 2544 3773 2596 φο-

2169 2612 2282 2683 ρὰν,
2316 2612 2432 2672 ἧτις
2484 2629 2543 2681 γε
2596 2612 2708 2663 κατ’
2762 2611 2920 2664 αὐτοῦ
2971 2617 3219 2679 συνέστη,
3246 2615 3487 2684 γενέσθαι
3538 2613 3724 2672 συνέϐη
3755 2635 3767 2646 ·

2169 2703 2255 2749 καὶ
2316 2701 2449 2759 ὅπως
2491 2700 2773 2772 πάντολμοί
2830 2720 2961 2762 τινες
3017 2709 3193 2774 χεῖρες
3244 2706 3333 2753 καὶ
3391 2700 3768 2774 φιλοκίνδυνοι,

2171 2796 2270 2860 πῦρ
2325 2787 2612 2860 ἀνάψασαι,
2673 2799 2777 2851 τοῖς
2824 2791 3080 2863 λαμπροῖς
3127 2800 3225 2845 τῶν
3278 2794 3430 2843 οἴκων
3478 2798 3566 2845 καὶ
3613 2793 3774 2845 πολυ-

2167 2881 2415 2948 χρύσοις,
2475 2882 2611 2931 κατὰ
2665 2883 2723 2931 τὸ
2790 2878 3042 2945 ίξαίρετον
3100 2878 3430 2934 ἐπιτίθενται.
3506 2880 3772 2953 Ἀρχεται

2166 2970 2254 3035 μὲν
2314 2962 2401 3017 οὖν
2457 2971 2511 3018 τό
2564 2971 2721 3020 κακόν
2773 2967 2872 3020 ὰπὸ
2930 2976 3021 3020 τοῦ
3065 2974 3315 3039 μεγίστου
3374 2977 3497 3021 ναοῦ
3545 2978 3636 3030 τῆς
3675 2979 3770 3023 τοῦ

2168 3061 2301 3107 Θεοῦ
2332 3061 2537 3124 Σοφίας,
2594 3063 2681 3109 καὶ
2724 3061 2789 3109 τα
2818 3058 2991 3129 κύκλῳ
3035 3055 3342 3129 διανεμηθεν
3387 3059 3612 3122 ἅπαντα,
3655 3056 3771 3112 εἶτα

2165 3148 2251 3194 καὶ
2310 3148 2474 3216 μέχρι
2517 3153 2609 3197 τοῦ
2645 3144 2886 3217 λαμπροῦ
2934 3144 3087 3198 τοῦδε
3129 3150 3272 3199 οἴκου
3316 3155 3405 3199 τοῦ
3457 3151 3593 3200 θείου
3630 3155 3763 3220 Σαμο

2164 3231 2275 3301 ψὼν
2315 3233 2467 3305 ἕρπον
2521 3236 2754 3305 ἔρχεται,
2810 3240 2900 3287 καὶ
2952 3244 3048 3298 τῆς
3100 3235 3290 3308 ὀροφῆς
3345 3236 3497 3299 ὀξέως
3548 3236 3766 3310 ἐπιλαμ-

2166 3319 2375 3373 ϐάνεται
2425 3328 2514 3375 καὶ
2582 3327 2639 3374 τὸ
2692 3330 3004 3398 προσωτέρω
3067 3323 3259 3398 βρέμον
3304 3324 3465 3397 ἐπῄει,
3520 3322 3761 3390 ἐπίδοξον

2165 3429 2220 3461 τε
2268 3407 2328 3468 ἦν
2376 3413 2494 3463 ὅσον
2549 3414 2712 3477 οὔπω,
2790 3418 2879 3465 καὶ
2934 3414 3188 3474 παντελῶς
3262 3416 3444 3467 θέσθαι
3512 3423 3582 3484 τῷ
3641 3418 3769 3487 οἴκῳ

2091 3529 2130 3583 C
2167 3501 2380 3574 φθοράν.
2421 3504 2485 3552 Τί
2532 3506 2700 3552 τοίνυν
2755 3506 2812 3553 τό
2856 3505 2987 3572 μετά
3033 3511 3241 3571 ταῦτας
3274 3502 3459 3556 πολλαὶ
3510 3507 3596 3575 μὲν
3629 3502 3768 3556 ἀντι-

2170 3593 2401 3661 στρόφως
2476 3597 2592 3651 ταῖς
2657 3588 3043 3663 προλαϐοῦσαις
3114 3591 3374 3645 ἐκινοῦντο
3444 3598 3561 3664 περὶ
3612 3593 3768 3646 αὐτὸν

2166 3685 2337 3749 χεῖρες
2380 3677 2751 3753 φιλοχάριστοι
2810 3685 2895 3731 xui
2944 3680 3311 3752 φιλάνθρωποι,
3369 3685 3420 3733 τί
3472 3686 3543 3754 μὴ
3576 3690 3769 3734 ποιοῦ-

2170 3786 2277 3832 σαι,
2337 3773 2427 3820 καὶ
2483 3774 2533 3820 τί
2568 3777 2664 3820 τῶν
2693 3772 2934 3839 γενέσθαι
2991 3766 3283 3841 δυναμένων
3336 3770 3394 3822 ού
3447 3778 3770 3843 μηχανώμε-

3506 3880 3517 3892 ·
3555 3859 3681 3911 ἀλλὰ
3707 3865 3766 3913 τὸ

2170 3941 2335 3997 δεινὸν
2387 3947 2597 4017 ἄμαχον
2658 3943 2740 4013 ἧν,
2808 3952 2897 3998 καὶ
2972 3950 3149 4009 πάσης
3209 3948 3549 4022 ἰσχυρότερον
3636 3948 3769 4021 βοη-

2171 4036 2303 4094 θείας
2334 4052 2345 4063 ·
2379 4036 2593 4092 ἡττᾶται
2628 4031 2679 4087 δ’
2726 4032 2812 4087 οὖν
2861 4038 3018 4107 ὅμως,
3059 4042 3147 4087 καὶ
3201 4042 3444 4107 κρείττων
3476 4039 3505 4096 ἡ
3542 4046 3631 4089 τοῦ
3657 4045 3764 4091 Με-

2166 3876 2249 3907 ναι
2296 3860 2420 3930 πρὸς
2469 3860 2746 3928 ἐπίσχεσιν
2794 3865 2886 3920 τῆς
2939 3865 3031 3910 τοῦ
3081 3866 3239 3933 πυρός
3283 3860 3453 3933 ῥύμης

2166 4124 2323 4195 γάλου
2361 4128 2663 4196 πρόστασία
2713 4129 2933 4193 γίνεται,
2988 4123 3159 4177 Ἦσαν
3210 4127 3332 4199 γὰρ,
3388 4122 3543 4191 ἦσαν,
3596 4126 3642 4179 οἱ
3675 4131 3763 4179 τὸν

2168 4214 2298 4264 θεῖον
2326 4220 2441 4264 τότε
2480 4211 2701 4284 Σαμψὼν
2745 4212 2982 4275 ἠξιοῦντο
3035 4214 3255 4287 θεωρεῖν,
3288 4213 3459 4285 κύκλῳ
3508 4222 3601 4277 τῆς
3651 4215 3766 4288 ὀρο-

2166 4308 2259 4371 φῆς
2310 4303 2628 4374 περιθέοντα,
2670 4299 2985 4373 ἐπιτιμῶντά
3038 4320 3090 4352 τε
3148 4309 3217 4370 τῷ
3278 4308 3421 4374 πυρὶ,
3464 4308 3553 4355 καὶ
3609 4305 3766 4356 οἱονεὶ

2164 4388 2567 4461 ἐμϐριμώμενον,
2655 4394 2745 4441 καὶ
2824 4397 2913 4449 τῆς
2998 4392 3158 4462 ὁρμῆς
3234 4391 3373 4461 αὐτῷ
3454 4389 3766 4468 παραδόξως

2164 4476 2592 4548 ἀναχαιτίξοντα,
2672 4479 2732 4530 οὗ
2817 4483 2899 4529 καὶ
2972 4483 3065 4537 τὴν
3152 4481 3266 4531 θέαν
3344 4479 3501 4532 ἐκεῖνο
3586 4484 3761 4555 ὥσπερ

2160 4566 2508 4638 καταπλαγὲν,
2550 4566 2623 4627 εἰς
2669 4567 2908 4619 τούπίσω
2967 4586 3019 4618 τε
3065 4566 3275 4640 ἐχώρει,
3329 4573 3418 4619 καὶ
3476 4569 3757 4622 ἀνεκόπτε-

2158 4674 2215 4707 το
2253 4672 2264 4683 '
2302 4658 2476 4707 ἔπειτα
2525 4655 2750 4728 βροντῆς
2804 4656 2988 4727 ἀθρόον
3041 4655 3495 4730 καταρῥαγούσης,
3548 4660 3760 4732 ὄμϐρος,

2158 4746 2264 4806 οἶος
2297 4741 2527 4815 δαψιλὴς
2576 4743 2817 4818 ἐπερῥύη,
2850 4746 2918 4805 ὡς
2968 4743 3213 4812 ἐντεῦθεν,
3264 4751 3321 4798 τὸ
3366 4750 3454 4819 μὲν
3484 4755 3586 4819 πῦρ
3631 4747 3763 4800 ἁπο-

2078 4841 2123 4895 D
2161 4831 2366 4896 σϐέσαι,
2403 4829 2728 4891 διασωθῆναι
2770 4830 2828 4886 δε
2868 4837 2955 4885 καὶ
2998 4837 3083 4885 τὸν
3120 4830 3256 4887 οἷκον
3283 4835 3411 4894 πλὴν
3442 4843 3535 4898 τῆς
3570 4838 3764 4912 ὀροφῆς

2165 4920 2340 4980 ἀπαθῆ
2354 4962 2366 4976 .

2238 5113 2314 5185 (9)
2354 5113 2850 5195 Hocmiraculum
2880 5133 3047 5195 _eegre
3077 5119 3378 5195 conciliari
3408 5126 3601 5195 potest
3623 5141 3759 5181 cum

2166 5199 2254 5249 eo,
2288 5186 2450 5309 quod
2474 5185 2650 5241 habet
2666 5185 3007 5266 _Chronic0n
3042 5185 3429 5262 praecitatum'.
3463 5210 3762 5263 asserens,

2166 5272 2283 5309 αυο
2375 5272 2433 5309 In
2493 5260 2771 5309 nrmdlcto
2818 5262 3069 5309 tumultu
3130 5264 3419 5309 nnnnlnri-
3454 5267 3615 5309 Ξκνὼν
3669 5275 3762 5309 τ·οεῖ

2164 5260 2440 5335 quodin
2493 5260 2789 5335 prmtlictof
2816 5260 3071 5335 tumultu
3130 5264 3420 5335 populari.
3454 5267 3615 5318 Ξενὼν
3669 5260 3764 5319 τοῦ

2164 5326 2388 5396 Σαμψὼν
2419 5326 2626 5408 μέγας
2675 5330 2889 5394 ἐκαύθη,
2921 5338 3008 5384 καὶ
3040 5326 3299 5387 ὸπῶλοντο
3328 5339 3375 5387 οἰ
3402 5335 3449 5388 ἐν
3482 5338 3618 5408 αύτῴ
3644 5336 3767 5391 ἀνα-

2162 5403 2384 5477 κείμενοι
2414 5399 2691 5477 ἄρρωστοι.
2747 5403 3033 5477 Magnum
3084 5404 3449 5477 Sampsonis
3501 5399 3769 5466 xenodo-

2161 5470 2359 5552 obium
2385 5470 2804 5552 conﬂagravit,
2840 5470 2895 5531 et
2926 5470 3274 5534 interierunt
3304 5479 3410 5552 qui
3441 5479 3500 5536 in
3532 5480 3633 5538 illo
3665 5482 3769 5538 de-

2161 5540 2523 5599 cumbebant
2547 5540 2791 5601 inﬁrmi.
