4084 6216
270 266 345 317 293
1522 248 1688 305 VITA
1728 243 1768 299 S
1783 288 1794 299 .
1843 239 2267 304 SAMPSONIS.

3473 254 3575 307 294

316 387 403 438 lB’.
455 385 781 457 Προσκείσθω
829 387 917 434 καὶ
969 384 1116 454 ἕτερα
1145 383 1257 432 ’τῶν
1323 380 1619 449 θαυμάτων,
1654 374 1710 425 οὗ
1751 373 1815 423 τὰ

2000 370 2108 425 ΧΠ.
2131 372 2497 443 Adjiciantur
2526 374 2643 431 alia
2670 390 2911 447 quoque
2945 375 3252 440 miracula,
3288 392 3407 433 non
3439 394 3577 449 quae

256 475 433 534 πολλοῖς
482 492 713 545 πρότερον
743 479 987 543 γενόμενοι
1032 476 1266 543 χρόνοις,
1310 466 1382 521 δι’
1439 466 1658 537 ἀπορίαν
1703 482 1812 512 και·

256 575 334 615 um
362 570 444 615 καὶ
492 564 796 633 προσφάτων
841 558 989 625 ςοὺδε
1040 564 1140 635 γὰρ
1191 559 1515 611 ἐκλείπουσιν
1565 556 1698 625 ἄχρι
1728 554 1817 602 καὶ

252 661 325 704 νῦν
360 661 447 703 τῶν
503 658 743 721 ποταμῶν
796 654 1091 721 μιμούμενα
1140 651 1259 709 τοὺς
1303 648 1511 721 ῥέοντας
1552 639 1815 707 ἀεννάως),

254 741 361 791 ἀλλὰ
414 744 475 791 τα
526 747 691 812 μικρῷ
740 741 963 811 πρόσθεν
1017 741 1350 809 γεγενημένα,
1403 736 1485 786 ἱνα
1540 737 1628 783 καὶ
1672 730 1819 782 πλέον

250 830 365 881 οὕτω
414 832 575 880 πιστά
623 832 723 893 εἵη,
784 832 846 880 τὰ
884 831 973 899 μεν
1031 827 1221 888 αὐτοὺς
1268 825 1489 884 ἐκείνους
1540 817 1820 890 διηγουμέ-

252 937 351 978 νους
403 920 606 988 ἔχοντα,
664 921 784 978 τοὺς
836 925 936 968 τῶν
981 921 1217 988 χαρίτων
1255 912 1623 983 ἁποναμένους,
1657 908 1819 979 γλωτ-

251 1027 328 1068 τας
371 1006 654 1077 φιλαλήθεις
704 1010 793 1058 καὶ
861 1014 929 1076 τῷ
986 1001 1174 1076 ψεύδει
1208 1004 1540 1055 παντάπασιν
1591 997 1823 1067 ἀπεχθα-

250 1101 458 1166 νομένας·
513 1098 577 1147 τὰ
629 1092 687 1148 δὲ
740 1099 859 1157 τοὺς
905 1100 1038 1166 γένει
1088 1099 1449 1166 προσήκοντας
1483 1093 1512 1145 ἦ
1568 1089 1826 1157 ὑπηρετή-

251 1203 413 1244 σαντας
491 1188 519 1241 ἦ
588 1184 750 1245 ἄλλως
804 1185 1148 1254 ᾠκειωμένους
1204 1181 1381 1240 αὐτοῖς
1447 1179 1650 1235 ἐκείνοις
1720 1183 1827 1234 τοίς

247 1283 327 1325 τῶν
404 1276 675 1346 θαυμάτων
723 1278 1137 1347 πεπειραμένοις.
1194 1270 1395 1322 Αὐτίκα
1448 1276 1572 1338 γονν
1623 1261 1827 1318 Θεοδὼο

256 1383 399 1435 ριτος,
458 1366 481 1415 ό
541 1372 617 1435 τῷ
665 1360 1348 1436 Σπαθαροκουϐικουλαρίων
1407 1355 1706 1429 διαπρέπων
1744 1356 1830 1405 τά·

250 1472 410 1523 γματι,
533 1452 695 1510 πολλὴ
741 1472 797 1523 γε
840 1454 868 1510 ἡ
924 1450 1077 1524 ἀρετή
1120 1456 1483 1521 μαρτυρεῖται,
1520 1448 1831 1517 χρηστότης

247 1544 357 1609 μετὰ
434 1550 523 1602 τῆς
603 1540 865 1605 ἀληθείας,
939 1545 1030 1592 καὶ
1114 1539 1473 1612 μετριοπαθής
1566 1534 1828 1585 ἐπιείκεια·

248 1630 386 1691 Οὗτος
466 1632 732 1703 ὑπηρέτης
808 1630 886 1691 ἧν,
964 1634 1055 1680 καὶ
1146 1629 1413 1699 ὑπηρετῶν
1498 1625 1828 1681 οἱκειοτατος’

1927 460 2130 516 multis
2164 472 2299 519 ante
2330 466 2503 519 annis
2530 464 2685 520 facta
2712 472 2870 533 sunt,
2903 464 3067 536 quod
3101 465 3300 521 desint
3332 483 3489 523 nova
3524 473 3583 523 et

1928 552 2185 607 recentia
2211 552 2356 624 (non
2388 554 2549 609 enim
2580 556 2639 609 in
2663 553 3021 610 hodiernum
3041 570 3232 626 usque
3259 555 3417 611 diem
3437 555 3584 612 deﬁ-

1930 639 2111 703 ciunt,
2164 649 2366 714 utpote
2416 658 2700 715 perennes
2750 642 3041 699 imitantia
3072 643 3333 715 ﬂuvios),
3369 645 3473 700 sed
3515 662 3586 701 ea

1929 744 2065 800 quas
2117 731 2294 801 paulo
2345 739 2482 787 ante
2510 733 2905 802 contigerunt,
2948 732 3205 805 ideoque
3234 740 3372 789 sunt
3398 735 3587 805 magis

1933 818 2238 875 credibilia
2284 837 2297 887 ;
2339 836 2600 893 quasque
2648 822 2830 877 relata
2882 821 3139 891 fuerunt,
3195 828 3324 879 tum
3387 823 3466 878 ab
3513 823 3588 878 iis

1933 904 2095 977 ipsis,
2142 908 2246 979 qui
2282 908 2573 965 beneﬁcia
2604 910 2905 966 consecuti
2933 916 3091 975 sunt,
3127 911 3269 966 viris
3294 910 3587 977 veridicis,

1933 1000 1989 1050 et
2013 998 2211 1051 omnis
2232 998 2529 1054 mendacii
2551 998 2829 1054 osoribus
2864 1016 2877 1055 :
2914 1006 3037 1054 tum
3072 1000 3150 1055 ab
3190 1000 3322 1065 illis,
3356 1003 3459 1074 qui
3490 1007 3593 1058 aut

1936 1086 2386 1156 consanguinei,
2407 1092 2510 1143 aut
2536 1086 2763 1154 famuli,
2790 1094 2892 1144 aut
2922 1088 3088 1144 aliter
3117 1089 3443 1146 familiares
3460 1090 3591 1147 fue-

1934 1180 2074 1228 runt
2114 1175 2200 1241 iis,
2235 1176 2294 1230 in
2345 1177 2566 1248 quibus
2623 1178 2915 1233 miracula
2962 1185 3195 1250 patrata
3240 1185 3398 1236 sunt.
3432 1180 3596 1236 Adsit

1936 1255 2115 1333 igitur
2186 1265 2594 1333 Theodoritus,
2682 1267 3382 1339 Spatharocubicularius
3456 1270 3596 1326 insi-

1941 1352 2074 1422 gnis
2124 1354 2258 1426 (t0),
2305 1356 2474 1426 cujus
2514 1357 2901 1413 testatissima
2949 1364 3038 1414 est
3067 1360 3272 1427 virtus,
3306 1360 3594 1432 probitas,

1941 1443 2254 1509 veracitas,
2287 1450 2343 1500 et
2369 1462 2611 1502 summa
2635 1446 2821 1502 animi
2869 1448 3220 1505 moderatio.
3276 1450 3327 1504 Is
3354 1455 3481 1506 erat
3511 1450 3594 1507 fa-

1943 1530 2162 1598 mulus,
2194 1531 2627 1590 etfamulorum
2672 1534 3197 1606 familiarissimus,
3238 1542 3295 1594 et
3324 1539 3601 1595 ﬁdelissi-

1947 1637 2081 1675 mus
2116 1622 2321 1677 Leonis
2349 1622 2525 1695 illius,
2556 1625 2659 1697 qui
2689 1632 2811 1681 erat
2843 1642 2913 1681 ex
2944 1628 3152 1682 ordine
3184 1629 3597 1701 patriciorum,

264 1723 449 1780 Λέοντος
498 1720 694 1771 ἐκείνου
752 1724 909 1791 φημὶ,
955 1721 1009 1770 ὃν
1063 1719 1087 1768 ό
1140 1726 1239 1787 τῷν
1295 1719 1587 1786 Πατρικίων
1645 1730 1697 1763 τε
1748 1729 1830 1760 και

1946 1715 2001 1765 et
2019 1712 2498 1782 praepositorum,
2519 1715 2743 1786 quique
2757 1715 2942 1784 gessit
2977 1718 3393 1786 magistratum
3413 1719 3600 1774 Drun-

254 1814 576 1879 πραιποσίτων
649 1804 761 1879 εἶχε
823 1812 1014 1881 χορός,
1086 1812 1174 1858 καὶ
1234 1808 1283 1865 ὃς
1340 1803 1559 1875 μετῆλθε
1612 1804 1699 1871 μεν
1751 1802 1835 1850 τόν

261 1906 333 1948 τοῦ
373 1904 725 1973 Δρουγγαρίου
770 1907 869 1950 τῶν
901 1896 1182 1969 πλωίμων,
1239 1893 1459 1965 μετῆλθε
1507 1887 1565 1943 δὲ
1610 1895 1700 1941 καὶ
1744 1892 1837 1945 τήν

263 1996 333 2037 τον
357 1991 641 2059 Λογοθέτου
693 1996 785 2040 τοῦ
826 1983 1027 2061 δρόμου
1080 1984 1284 2059 ἀρχὴν,
1326 1982 1401 2054 ἐφ’
1531 1985 1617 2032 καὶ
1666 1981 1841 2035 τέθνη-

254 2094 319 2126 κεν
356 2077 406 2128 οὗ
449 2077 601 2130 πλέον
648 2080 779 2149 μετὰ
825 2081 911 2129 τόν
974 2075 1174 2127 ἐκείνου
1228 2075 1465 2136 θάνατον,
1517 2071 1545 2128 ἡ
1596 2077 1752 2141 μῆνες
1778 2072 1835 2120 τό

248 2172 481 2235 μέγιστον,
538 2172 712 2219 πέντε.
770 2172 945 2237 Τούτῳ
1023 2171 1308 2235 τοιγαροῦν
1385 2169 1457 2230 τῷ
1515 2156 1834 2231 Θεοδωρίτῳ,

245 2260 318 2306 καὶ
358 2257 513 2329 ἔτερος
574 2257 642 2313 ἧν
688 2256 851 2326 [Λέων
896 2253 1140 2325 τοῦνομα]
1203 2260 1303 2304 τῶν
1354 2248 1835 2321 συνυπηρετούντων

244 2352 300 2404 τῷ
348 2352 610 2418 περιφανεῖ
672 2348 874 2408 Λέοντι,
930 2343 1058 2395 ἀλλὰ
1113 2348 1201 2393 καὶ
1248 2340 1444 2401 οἰκείως
1482 2337 1706 2410 ἑχόντων
1745 2343 1833 2389 καὶ

243 2429 436 2484 ἰδιωτῶν
505 2454 615 2496 τις,
679 2433 1161 2506 πρωτοσπαθοίριός
1215 2449 1266 2481 τε
1315 2431 1416 2500 γὰρ
1490 2423 1571 2493 ἦν,
1622 2430 1711 2477 καὶ
1764 2427 1831 2486 ὡς

244 2524 426 2582 σύνηθες
472 2522 781 2593 ὀνομάζειν,
833 2520 918 2573 ἐπὶ
985 2526 1078 2571 τοῦ
1156 2515 1517 2588 Μαγκλαϐίου,
1578 2514 1715 2586 φίλος
1779 2530 1833 2565 τε

244 2619 301 2679 τῷ
346 2609 660 2685 Θεοδωρίτῳ
696 2613 744 2672 ές
793 2614 859 2662 τὰ
887 2609 1119 2682 μάλιστα
1166 2613 1255 2659 καὶ
1302 2609 1660 2677 συνυπηρέτης
1707 2605 1833 2674 όμό-

242 2698 417 2771 ψυχος.
457 2705 642 2771 Τούτῳ
671 2704 841 2753 τοίνυν
874 2707 947 2769 τῷ
994 2702 1177 2751 Λέοντι
1226 2697 1251 2747 ό
1301 2696 1651 2769 Δρουγγοίριος
1697 2694 1831 2743 κατά

244 2808 344 2841 τινα
395 2796 661 2863 πρόφασιν
705 2788 1023 2861 χαλεπήνας,
1090 2786 1143 2849 ἐξ
1200 2784 1365 2855 ὄψεώς
1419 2802 1473 2835 τε
1530 2784 1685 2847 ἔθετο,
1741 2790 1829 2838 καὶ

246 2879 523 2954 παρρησίας
600 2879 754 2931 αὐτόν
828 2877 1091 2935 ἀπέστησε
1143 2883 1235 2937 τῆς
1304 2875 1580 2937 συνήθους,
1639 2877 1829 2944 χρόνον

250 2970 359 3039 οὐχι
397 2969 636 3043 βραχύν.
689 2970 901 3041 Μάρτυς
950 2967 1055 3038 εἰμὶ
1107 2985 1197 3016 και
1242 2964 1392 3023 αὐτός
1439 2972 1532 3023 τῆς
1573 2966 1703 3033 πρὸς
1745 2965 1828 3013 τόν

1947 1800 2095 1869 garii
2126 1800 2237 1872 (11)
2266 1800 2733 1867 classiariorum,
2766 1819 2999 1860 necnon
3022 1806 3453 1862 ratiocinatoris
3483 1808 3597 1879 (t2)

1947 1905 2157 1944 cursus
2192 1906 2205 1956 ;
2234 1889 2293 1946 in
2340 1907 2463 1963 quo
2494 1892 2649 1948 diem
2684 1892 2900 1949 clausit
2928 1900 3282 1964 extremum,
3317 1911 3439 1952 non
3470 1912 3597 1953 am—

1948 1979 2104 2050 plius
2148 1995 2335 2051 quam
2382 1997 2645 2047 menses,
2697 1987 2761 2038 ut
2802 1999 3131 2049 summum,
3161 1985 3429 2056 quinque
3460 1989 3599 2057 post

1945 2069 2176 2125 obitum
2224 2070 2400 2125 illius.
2438 2074 2571 2128 Erat
2596 2071 2950 2129 Theodorito
2989 2074 3129 2129 huic
3168 2075 3346 2130 etiam
3400 2076 3597 2131 socius

1945 2174 2017 2214 ex
2067 2175 2319 2216 numero
2364 2176 2567 2217 secum
2600 2160 3256 2219 famulantiumillustri
3306 2165 3497 2230 Leoni,
3541 2165 3599 2220 et

1944 2248 2072 2320 ipse
2089 2251 2199 2304 Leo
2212 2248 2427 2315 dictus,
2443 2250 2691 2306 domino
2704 2267 2813 2307 suo
2826 2251 3043 2307 charus
3059 2260 3237 2325 atque
3267 2253 3594 2309 familiaris.

1946 2339 2078 2393 Erat
2123 2337 2283 2393 enim
2333 2339 2844 2411 protospatharius
2882 2346 2938 2396 et
2992 2348 3053 2396 ut
3122 2358 3252 2398 mos
3283 2348 3375 2398 est
3404 2342 3599 2398 nomi—

1942 2441 2087 2482 nare
2136 2428 2270 2499 (13),
2316 2427 2375 2482 in
2429 2428 2757 2484 Manclabio
2805 2429 2943 2501 (14).
3004 2432 3101 2486 Hic
3160 2448 3435 2488 summus
3476 2437 3600 2487 erat

1941 2514 2275 2571 Theodoriti
2315 2516 2569 2584 amicus,
2616 2522 2672 2572 et
2717 2518 3019 2574 unanimis
3079 2521 3275 2574 socius
3325 2520 3386 2575 in
3427 2519 3599 2575 mini-

1944 2606 2141 2659 sterio.
2173 2604 2317 2660 Huic
2338 2611 2537 2661 autem
2573 2607 2749 2662 Leoni
2772 2623 2909 2661 cum
2934 2607 3137 2679 aliqua
3156 2609 3230 2663 de
3254 2625 3437 2665 causa
3464 2626 3596 2665 suc-

1940 2694 2269 2749 censuisset
2295 2694 2682 2763 Drungarius,
2728 2711 2867 2750 eum
2898 2694 3109 2750 habuit
3141 2703 3507 2768 suspectum,
3536 2704 3594 2754 et

1940 2788 2206 2856 tempore
2233 2798 2352 2839 non
2387 2799 2574 2855 parvo
2599 2799 2739 2839 eum
2770 2800 2806 2839 a
2834 2791 3120 2841 consueta
3146 2787 3402 2842 rcmovit
3427 2787 3592 2843 fami-

1936 2870 2207 2938 liaritate,
2263 2877 2321 2929 et
2350 2872 2428 2929 ab
2453 2889 2546 2940 ea,
2575 2889 2762 2945 quam
2809 2874 2977 2946 prius
3017 2874 3303 2939 habebat,
3349 2875 3593 2934 ﬁducia.

1938 2961 2077 3016 Sum
2111 2978 2354 3035 quoque
2380 2978 2493 3031 ego
2515 2963 2676 3018 testis
2694 2964 3005 3033 Drungarii
3032 2964 3320 3021 adversus
3338 2966 3593 3022 Leonem

246 3063 418 3111 Λέοντα
464 3059 830 3131 χαλεπότητος
886 3064 974 3108 τοῦ
1026 3051 1233 3125 ἀνδρὸς,
1289 3058 1376 3105 καὶ
1428 3058 1522 3110 τήν
1576 3051 1829 3122 ἀποστρο-

1944 3052 2387 3120 indignationis,
2437 3052 2681 3124 vidique
2724 3052 3100 3109 aversionem
3130 3055 3259 3124 ejus
3288 3062 3344 3110 et
3374 3056 3591 3112 diutur-

248 3151 328 3217 φὺν
372 3146 512 3212 οἷὸα,
570 3153 666 3199 καὶ
717 3152 809 3205 τήν
857 3150 1075 3219 χρόνίαν
1126 3143 1439 3195 ἀπόστασιν.
1486 3146 1585 3194 Καὶ
1614 3142 1711 3215 γὰρ
1741 3145 1829 3191 καὶ

246 3236 378 3300 αὐτὸς
429 3237 615 3300 ἠξίουν
663 3238 789 3309 ὑπὲρ
835 3243 925 3287 τοῦ
977 3238 1207 3297 Λέοντος,
1262 3231 1401 3303 φίλος
1447 3235 1514 3281 ὧν
1566 3235 1651 3281 καὶ
1708 3249 1829 3281 συν-

247 3328 355 3385 ήθης
406 3337 475 3396 τῷ
522 3330 889 3401 Δρουγγαρίῳ.
932 3324 1141 3375 Ἠνιᾶτο
1196 3327 1365 3374 τοίνυν
1418 3322 1443 3371 ό
1499 3325 1639 3373 Λέων
1692 3319 1830 3391 μάλα

245 3412 460 3490 σφοδρῶς
498 3421 598 3467 καὶ
644 3414 842 3486 ἀθυμίᾳ
889 3417 1181 3484 συνείχετο,
1224 3415 1314 3462 καὶ
1351 3414 1442 3467 τήν
1489 3410 1653 3467 λύπην
1696 3410 1825 3479 εἶχε,

244 3509 319 3555 καὶ
379 3508 546 3557 αὐτῶν
633 3504 829 3555 ὀστέων
914 3502 1204 3573 ἁπτομένην
1286 3505 1377 3551 καὶ
1451 3498 1665 3571 μυελῶν,
1740 3503 1829 3550 καὶ

252 3592 463 3667 ἰσχυρῶς
502 3602 794 3653 τήκουσαν.
846 3591 941 3644 Ἦν
992 3588 1051 3643 δὲ
1098 3594 1156 3642 τό
1202 3588 1395 3642 λυποῦν
1444 3588 1501 3640 οὐ
1550 3594 1703 3660 μόνον
1738 3596 1829 3640 τοῦ

252 3687 461 3746 Λέοντος,
513 3683 648 3736 ἀλλὰ
704 3686 793 3754 μεν
850 3685 940 3732 καὶ
990 3676 1311 3751 Θεοδὼριτος
1365 3680 1451 3730 τόν
1503 3677 1657 3729 αὐτόν
1700 3676 1831 3729 εἷλκε

250 3770 387 3841 ζυγόν
429 3782 520 3825 τοῦ
568 3773 749 3844 λόγου,
783 3775 870 3822 καὶ
917 3769 1158 3839 συνήλγει
1187 3767 1326 3838 αὐτῷ
1380 3772 1469 3819 καὶ
1507 3771 1828 3837 συνέπασχε,

249 3867 401 3933 νόμοις
456 3868 606 3915 εἴκων
665 3862 1067 3935 φιλανθρωπίας,
1139 3858 1226 3909 ἅτε
1279 3854 1345 3915 δή
1427 3856 1569 3928 φίλος
1624 3858 1691 3907 ὧν
1743 3862 1832 3909 καὶ

252 3957 610 4024 συνυπηρέτης,
648 3954 819 4022 ὥσπερ
847 3951 871 4000 ό
892 3948 1044 4019 λόγος
1073 3948 1279 4020 φθάσας
1303 3942 1581 4003 ἐδήλωσεν.

314 4046 401 4095 ll“.
434 4045 613 4112 Ταύτῃ
663 4044 831 4091 τοίνυν
861 4034 999 4109 μηδὲ
1043 4041 1204 4109 φέρων
1258 4036 1392 4086 οὕτω
1433 4036 1711 4105 πάσχοντα
1749 4039 1835 4087 τόν

255 4135 429 4182 Λέοντα
473 4133 727 4202 καθορᾲν,
808 4127 1071 4198 ἀπετόλμα
1120 4121 1327 4183 δηλαδή
1380 4130 1469 4175 καὶ
1528 4121 1838 4198 παρεκινδύ-

252 4238 347 4271 νευε
403 4228 511 4280 τοῖς
586 4219 763 4287 λόγοις
839 4224 947 4276 τοῖς
1010 4219 1135 4288 πρός
1190 4219 1276 4265 τόν
1334 4212 1525 4265 ἑαυτῶν
1581 4210 1839 4271 δεσπότην

252 4306 462 4382 (σφόδρα
497 4312 602 4382 γὰρ
634 4304 992 4378 δυσπρόσιτός
1042 4324 1094 4357 τε
1125 4309 1214 4355 καὶ
1246 4299 1604 4374 ὃνσομίλητος
1628 4304 1653 4354 ό
1687 4302 1837 4376 ἀνὴρ,

1937 3155 2082 3195 nam
2125 3141 2587 3212 separationem.
2634 3143 2759 3195 lmo
2814 3156 2921 3211 ego
2975 3157 3217 3213 quoque
3247 3143 3451 3213 rogavi
3483 3159 3593 3215 pro

1939 3231 2152 3295 Leone,
2198 3235 2259 3285 ut
2290 3230 2393 3301 qui
2414 3245 2607 3285 essem
2628 3230 2958 3299 Drungario
2992 3235 3222 3287 amicus
3242 3239 3299 3288 et
3344 3232 3593 3289 familia-

1938 3321 2036 3375 ris.
2080 3319 2260 3374 Valde
2287 3319 2487 3391 itaque
2504 3319 2837 3388 angebatur
2865 3322 2995 3384 Leo,
3032 3326 3090 3375 et
3122 3337 3344 3391 magna
3375 3323 3593 3379 afﬁcie-

1939 3409 2114 3465 batur
2144 3408 2327 3463 animi
2375 3408 2747 3476 aegritudine,
2781 3408 3071 3480 dolorque
3100 3410 3190 3465 vel
3223 3411 3355 3481 ipsa
3377 3429 3515 3469 ossa
3536 3418 3592 3469 et

1941 3497 2230 3553 medullas
2286 3496 2587 3565 tangebat,
2647 3503 2704 3551 et
2767 3497 2940 3552 valde
2984 3502 3393 3557 consumebat.
3440 3503 3593 3567 Quin

1939 3587 2116 3641 etiam
2174 3584 2561 3641 Theodoritus
2594 3584 2749 3640 idem
2768 3585 2984 3655 jugum
3026 3588 3317 3657 trahebat,
3352 3594 3415 3646 ut
3453 3590 3593 3644 dici-

1940 3680 2052 3742 tur,
2121 3676 2373 3747 ejusque
2427 3674 2783 3729 movebatur
2819 3674 3249 3742 misericordia,
3312 3679 3595 3749 gravique

1940 3764 2144 3820 dolore
2201 3762 2590 3827 afﬁciebatur,
2632 3761 2864 3833 legibus
2922 3763 3140 3818 cedens
3200 3767 3489 3833 amicitia},
3533 3771 3597 3823 ut

1942 3854 2041 3927 qui
2100 3858 2256 3908 esset
2316 3852 2573 3919 amicus,
2628 3856 2684 3907 et
2746 3852 2807 3905 in
2865 3851 3199 3909 ministerio
3255 3853 3473 3921 socius,
3534 3860 3597 3912 ut

1942 3942 2109 4014 prius
2141 3946 2231 3997 est
2254 3946 2584 3995 ostensum.

2015 4031 2149 4088 XIII.
2200 4032 2343 4086 Cum
2396 4031 2596 4102 itaque
2626 4029 2775 4085 ferre
2814 4045 2934 4085 non
2962 4036 3179 4103 posset,
3213 4032 3470 4087 Leonem
3513 4034 3598 4089 sic

1948 4122 2123 4186 afﬁci,
2177 4137 2365 4176 ausus
2397 4125 2484 4175 est
2513 4120 2708 4175 verbis
2741 4137 2919 4175 suum
2983 4123 3229 4192 aggredi
3278 4122 3597 4178 dominum

1950 4215 2169 4283 (neque
2210 4210 2369 4265 enim
2388 4209 2572 4264 facilis
2604 4209 2674 4263 ad
2693 4225 2828 4263 eum
2857 4210 3319 4280 patebataditus,
3338 4219 3393 4267 et
3425 4229 3602 4284 asper

1951 4308 2078 4358 erat
2126 4302 2185 4355 in
2231 4300 2523 4355 sermonis
2556 4298 2998 4369 congressione,
3030 4302 3287 4356 maxime
3312 4302 3462 4358 inter
3516 4302 3600 4360 fa-

251 4378 327 4449 καὶ
379 4399 608 4469 μάλιστα
656 4396 705 4447 ἐν
777 4396 1083 4466 ὑπηρέταις)
1138 4397 1227 4444 καὶ
1281 4392 1429 4454 ἠξίου
1507 4398 1623 4466 περὶ
1682 4393 1830 4445 αὐτοῦ

1954 4392 2170 4461 mulos)
2211 4396 2267 4445 et
2292 4378 2567 4461 prud'enti
2597 4388 2741 4442 inita
2778 4388 3025 4453 ratione,
3076 4406 3185 4461 pro
3223 4407 3294 4446 eo
3328 4393 3597 4463 rogavit:

252 4491 420 4555 τρόπον
476 4490 564 4537 τόν
610 4488 856 4558 ἔμφρονα·
906 4486 1152 4553 Οἶχεται,
1205 4481 1385 4550 λέγων,
1438 4480 1463 4531 ὁ
1518 4485 1655 4533 Λέων
1697 4485 1839 4553 οἴχε-

253 4593 343 4626 ται’
382 4574 494 4637 δέος
548 4580 623 4648 μή
672 4578 759 4625 καὶ
810 4569 1009 4647 δρᾶσαι
1065 4575 1155 4643 μέν
1193 4590 1242 4621 τι
1273 4578 1371 4621 τῶν
1416 4570 1682 4641 χαλεπῶν,
1718 4573 1838 4643 ὅπερ

254 4665 471 4739 ἄντικρυς
514 4664 575 4717 οὐ
622 4662 936 4736 βουλόμεθα,
1004 4657 1142 4729 μηδὲ
1196 4661 1416 4711 θανάτου
1501 4670 1838 4733 καταστῶμεν

316 4845 423 4914 (10)
447 4842 747 4916 Spatharii
766 4845 964 4916 erant,
994 4839 1094 4916 qui
1123 4837 1414 4916 custodia;
1439 4839 1706 4909 corporis
1732 4838 1842 4916 im-

257 4910 527 4984 peratoris
553 4920 722 4970 erant
746 4910 1035 4983 deputati,
1056 4926 1087 4966 a
1113 4926 1258 4984 voce
1277 4910 1475 4984 Σπάθᾳ,
1500 4925 1635 4980 quae
1656 4910 1843 4984 majo-

256 4980 365 5041 rem
390 4986 661 5057 gladium
686 4980 998 5057 rsigniﬁcat,
1021 4980 1234 5057 quoilli
1253 4980 1835 5057 ar_mabantur._Vide

257 5052 526 5127 Cangium
552 5059 612 5112 in
635 5052 930 5113 Glossario
961 5052 1481 5127 Graeco-Barbam.
1517 5052 1838 5127 Spatharo7

258 5123 660 5189 cubicularius.
702 5127 807 5199 qui
857 5125 1025 5181 simul
1058 5123 1345 5196 spatharii
1388 5128 1444 5178 et
1489 5123 1836 5179 cubicularii

260 5214 484 5255 munere
516 5201 895 5267 fungebatur.

320 5272 422 5341 (Ii)
455 5266 837 5347 Drungarius,
868 5269 1033 5347 i_d__est
1058 5266 1390 5347 praefectus,
1418 5280 1614 5347 a_voce
1645 5272 1837 5347 ρρουγ-

257 5337 353 5419 γοέ.
382 5337 515 5414 quae
548 5337 792 5398 Globum
820 5337 1081 5421 militum
1104 5338 1418 5418 signiﬁcat.
1447 5337 1836 5419 Leunclavius

260 5427 309 5466 ιι]
362 5415 732 5469 Onomastico
780 5415 1021 5468 TUI‘CICO
1070 5416 1149 5465 ita
1187 5408 1405 5465 Graecrs
1437 5408 1719 5479 appellari
1759 5413 1838 5464 alt

264 5483 518 5542 baculum
546 5484 787 5548 tribuni,
816 5499 996 5555 quem
1019 5482 1204 5555 instar
1226 5479 1441 5555 sceptri
1456 5483 1624 5549 gerit,
1646 5480 1839 5555 fortea

262 5568 387 5612 voce
410 5557 613 5614 Latina
634 5550 888 5623 truncus,
907 5559 969 5611 ut
983 5554 1062 5611 ait
1079 5550 1347 5625 Cangius
1366 5566 1574 5624 ;quem
1589 5550 1837 5608 consule

1951 4482 2121 4549 Perit,
2166 4480 2392 4545 dicens,
2447 4478 2560 4532 Leo
2610 4476 2761 4549 perit
2815 4497 2828 4532 :
2866 4476 3198 4535 timendum
3252 4486 3360 4551 est,
3389 4497 3462 4537 ne
3490 4482 3601 4537 sibi

1951 4587 2129 4643 grave
2160 4568 2385 4640 aliquid
2418 4566 2617 4635 faciat,
2652 4565 2817 4637 quod
2847 4566 3094 4637 quidem
3124 4575 3277 4624 certe
3319 4570 3599 4637 nolimus,

1951 4676 2143 4733 neque
2170 4659 2357 4714 simus
2386 4661 2656 4712 auctores
2686 4656 2817 4725 ejus
2846 4657 3071 4711 mortis.
3097 4658 3269 4714 Miser
3292 4660 3451 4715 enim
3473 4661 3603 4730 jam

1949 4838 2012 4895 in
2065 4842 2315 4908 utroque
2362 4834 2682 4908 Glossario.
2733 4834 2833 4889 Hic
2868 4836 3233 4907 Drungarius
3276 4837 3354 4894 ad
3389 4839 3601 4895 classis

1950 4907 2366 4981 praefecturam
2380 4907 2659 4981 refertur.

2017 4982 2129 5049 (l2)
2219 4980 2513 5048 Λογοθέτης
2587 4983 2678 5028 τοῦ
2719 4980 2917 5050 Δρόμου
2965 4982 3091 5050 erat
3138 4979 3209 5044 is,
3270 4980 3370 5050 qui
3423 4981 3601 5036 ratio-

1945 5068 2052 5106 nes
2084 5067 2296 5105 cursus
2324 5050 2534 5121 publici
2566 5049 2958 5120 expendebat.
2994 5049 3137 5105 Vide
3165 5049 3453 5121 Cangium
3498 5053 3604 5108 ibi-

1944 5123 2132 5274 de(“13)
2180 5193 2671 5267 Πρωτοσπαθάριος,
2717 5189 3028 5246 Praefectus
3099 5192 3420 5248 custodum
3478 5210 3604 5251 cor-

1944 5282 2133 5403 ”?!le
2199 5332 2532 5405 Μαγκλάϐιον
2575 5335 2837 5407 Clavum
2887 5333 3203 5407 signiﬁcat,
3236 5351 3357 5407 qua
3403 5355 3603 5394 arma-

1945 5408 2163 5463 bantur
2207 5410 2310 5478 qni
2354 5412 2522 5460 erant
2567 5405 2967 5478 imperatoriis
3020 5405 3300 5473 cohortis;
3343 5408 3436 5465 hic
3465 5427 3605 5466 vero

1946 5480 2198 5608 Eumitur
2211 5477 2319 5550 pro
2335 5477 2469 5551 ipsa
2489 5477 2725 5533 cohorte
2746 5478 3150 5548 imperatoria.
3177 5482 3432 5538 Rursum
3474 5483 3605 5540 vide

1990 5565 2257 5621 angium.
