4066 6224
511 299 613 353 295

1914 289 2163 348 MENSIS
2201 290 2466 349 JUNIUS.

3763 298 3872 354 296

507 441 785 505 extabuit,
819 446 871 495 et
899 444 985 494 est
1002 454 1145 495 sane
1160 442 1573 509 consumptus,
1606 452 1729 491 non
1764 435 1958 490 ferens
1988 439 2126 489 tuan

2269 437 2447 487 αἴτιον
2489 441 2664 494 τέτηκε
2687 440 2784 512 γὰρ
2826 440 2851 491 ὀ
2884 435 3167 511 δυστυχὴς
3203 437 3311 499 ἤδη
3363 445 3449 493 xui
3481 436 3864 501 δεδαπάνηται,

504 533 939 586 aversationem
992 544 1005 594 ;
1061 534 1117 583 et
1168 529 1363 583 statim
1398 530 1626 583 amittet
1655 527 1837 581 etiam
1866 524 2152 580 animam.

502 620 623 674 Hoc
649 634 786 673 cum
820 632 937 672 non
968 615 1171 681 semel,
1204 616 1308 671 sed
1332 614 1764 687 sespedixisset,
1807 612 2154 669 assiduitate

503 715 558 764 et
604 714 943 779 opportuna
976 706 1360 777 persuasione
1390 703 1542 759 belle
1589 701 1926 759 reconciliet
1975 700 2153 756 Leoni

500 796 817 851 dominum
870 811 1046 850 suum
1100 793 1505 866 ;jubeturque
1541 793 1744 864 ipsum
1772 791 2066 847 adducere
2092 791 2151 845 in

496 890 885 956 conspectum
938 884 1085 954 ejus.
1147 883 1245 939 Ille
1278 899 1416 938 vero
1453 898 1574 954 prie
1605 882 1793 937 nimio
1827 880 2048 950 gaudio
2080 894 2150 935 ac

495 973 869 1029 festinatione
887 973 1056 1044 (dum
1088 971 1233 1028 forte
1261 972 1519 1027 debebat
1547 986 1650 1042 per
1677 970 1873 1026 scalas
1902 969 2150 1024 descen-

497 1064 660 1135 dere)
708 1063 1062 1135 impeditum
1121 1062 1337 1118 alicubi
1388 1062 1603 1133 pedem
1642 1061 1894 1131 graviter
1934 1058 2144 1125 luxat;

489 1153 768 1225 jacetque
813 1154 940 1208 sine
971 1169 1138 1221 voce,
1170 1152 1494 1207 immobilis
1546 1158 1602 1206 et
1645 1150 1848 1206 dolore
1901 1148 2142 1214 fractus,

494 1257 565 1298 ac
590 1258 741 1312 aegre
799 1243 1039 1298 tandem
1084 1240 1315 1297 delatus
1346 1247 1432 1296 est
1470 1240 1545 1295 ad
1580 1240 1817 1295 lectum.
1852 1238 1990 1292 Tres
2019 1238 2145 1292 dies

492 1331 918 1401 praeterieram,
972 1336 1029 1384 et
1076 1330 1203 1401 ipse
1234 1330 1316 1384 sic
1342 1328 1581 1400 jacebat
1611 1329 1881 1399 supinus,
1917 1332 2139 1391 mutus,

491 1419 878 1491 stUpefactns,
924 1420 1119 1473 somni
1151 1427 1205 1474 et
1227 1420 1341 1473 cibi
1363 1433 1592 1489 expers,
1628 1432 1735 1472 nec
1758 1432 1980 1487 aquam
2013 1416 2143 1486 qui-

489 1509 626 1564 dem
646 1509 985 1574 admittens,
1011 1525 1119 1563 nec
1144 1509 1391 1563 omnino
1419 1524 1481 1562 se
1523 1523 1793 1570 movens,
1829 1504 1934 1559 sed
1965 1504 2141 1559 veluti

489 1597 636 1653 lecto
690 1597 924 1667 afﬁxus,
956 1606 1010 1653 et
1040 1614 1076 1653 a
1105 1613 1166 1652 re
1195 1597 1464 1652 inanima
1490 1596 1634 1651 nihil
1665 1593 1965 1649 differens.
1994 1594 2142 1649 San-

489 1691 645 1742 ctum
700 1692 901 1742 tamen
955 1688 1133 1741 etiam
1196 1686 1447 1740 tacendo
1493 1700 1731 1755 rogans,
1791 1683 1950 1737 videt
2001 1698 2137 1735 eum

2268 528 2359 581 τὴν
2406 523 2742 600 ἀποστροφὴν
2799 528 2856 580 ού
2898 535 3058 603 φέρων
3118 534 3209 587 τὴν
3245 534 3359 589 σὴν,
3415 535 3503 582 καὶ
3554 532 3671 582 ὅσον
3720 534 3865 582 οὔπω

2267 610 2542 665 ἀποϐάλλει
2572 620 2660 667 καὶ
2693 621 2784 674 τὴν
2836 616 3040 689 ψυχήν.
3101 625 3263 670 Τοῦτο
3313 617 3419 690 ούχ
3458 618 3598 681 ἅπαξ
3628 618 3860 689 εἰρηκὼς,

2264 697 2391 751 ἀλλά
2439 708 2528 754 καὶ
2570 704 2831 768 πολλάκις,
2883 716 2953 777 τῷ
3010 714 3223 779 συνεχεῖ
3266 712 3352 759 καὶ
3404 707 3627 781 εύκαίρῳ
3677 709 3861 773 πείθει,

2262 795 2346 840 καὶ
2436 796 2526 850 τὴν
2585 794 2911 865 καταλλαγὴν
2970 796 3241 870 πρεσϐεύει
3309 795 3473 856 καλῶς
3539 805 3609 866 τῷ
3661 801 3863 852 Λέοντι.

2263 876 2387 931 Εἶτα
2439 887 2527 934 xui
2576 883 2646 945 εἰς
2686 884 2806 954 ὄψιν
2859 884 3014 937 αὐτόν
3055 884 3263 957 ἀγαγεῖν
3321 884 3631 947 κελευσθεὶς,
3674 884 3867 947 ἐκεῖνος

2259 969 2312 1020 ix
2367 979 2464 1021 τῶν
2522 973 2654 1043 ἄγαν
2710 980 3052 1048 περιχαρείας
3133 974 3383 1047 (κλίμακα
3444 976 3578 1026 οὕτω
3655 973 3863 1047 συμϐὰν

2258 1064 2470 1129 κατιὼν)
2520 1066 2607 1113 καὶ
2656 1070 2724 1133 τῷ
2776 1066 2931 1135 τάχει
2988 1060 3394 1135 συμποδισθεὶς,
3448 1061 3766 1139 διάστροφος
3806 1082 3864 1116 τε

2256 1152 2341 1198 καὶ
2386 1146 2587 1224 ἕξεδρος
2637 1156 2731 1210 τὴν
2783 1160 2874 1203 τοῦ
2927 1150 3094 1215 ποδός
3126 1154 3361 1227 ἁρμογὴν
3390 1159 3609 1223 γίνεται’
3659 1159 3747 1205 καὶ
3779 1153 3861 1205 εὖ·

2257 1237 2348 1297 θὺς
2399 1239 2598 1310 ἄφωνός
2654 1260 2706 1293 τε
2759 1247 2847 1293 καὶ
2892 1240 3137 1305 ἀκίνητος
3184 1240 3264 1305 ἦν,
3316 1244 3415 1294 ὑπὸ
3467 1251 3562 1303 τῆς
3599 1239 3858 1316 περιωδυο

2252 1329 2359 1386 νίας
2390 1326 2715 1403 ἀπορῤαγεὶς,
2770 1334 2798 1389 ἡ
2850 1331 2996 1391 κλίνη
3042 1351 3094 1384 τε
3138 1329 3250 1404 εἶχε
3290 1340 3487 1394 τοῦτον,
3541 1337 3694 1402 μόγις
3724 1336 3857 1404 πρὸς

2252 1414 2413 1474 αὐτὴν
2484 1417 2929 1491 ἐκκεκομισμένον.
2985 1425 3131 1495 Τρεῖς
3193 1421 3455 1496 παρῆλθον
3507 1423 3714 1495 ἡμέραι,
3764 1426 3854 1472 καὶ

2252 1502 2403 1565 αὐτὸς
2456 1507 2615 1568 οὕτως
2692 1512 2855 1562 ἔκειτο
2910 1511 3115 1573 ὕπτιος,
3171 1512 3371 1582 ἄφωνος
3419 1512 3609 1570 οἰύπνός
3658 1529 3710 1562 τε
3758 1514 3853 1561 καὶ

2252 1591 2453 1664 ἀχανὴς
2499 1601 2587 1648 καὶ
2636 1599 2838 1664 ἄσιτος,
2892 1596 3017 1652 οὐδὲ
3069 1596 3257 1660 ὕδατος
3305 1604 3637 1673 προσιέμενος
3685 1595 3850 1651 ούδα-

2249 1691 2373 1753 μῶς,
2417 1681 2538 1737 οὐδὲ
2590 1690 2813 1748 κινηθεὶς
2854 1688 2998 1751 ὅλως·
3050 1688 3155 1740 ἀλλ’
3202 1692 3352 1741 οἱονεί
3393 1696 3453 1761 τῇ
3506 1688 3649 1745 κλίνη
3680 1706 3847 1761 προσ-

488 1781 743 1831 stantem
771 1776 849 1831 ad
870 1783 1203 1831 extremum
1226 1774 1380 1843 lecti,
1403 1779 1745 1843 tangentem
1764 1771 1949 1826 talum
1972 1770 2126 1842 pedis

2250 1771 2506 1843 ηλωμένος
2552 1781 2641 1827 καὶ
2688 1784 2773 1836 τῆς
2825 1776 3041 1848 ἀψύχου
3093 1774 3350 1850 διαφέρων
3391 1774 3564 1830 οὐδέν.
3608 1782 3851 1849 Δεόμενός

487 1864 703 1929 affecti,
732 1870 784 1921 et
827 1865 1122 1920 dicentem
1151 1880 1162 1918 :
1209 1863 1417 1935 Surge,
1446 1863 1584 1918 nihil
1618 1862 1722 1917 erit
1750 1862 1854 1917 tibi
1879 1860 2138 1930 amplius

485 1954 647 2009 mali.
711 1955 897 2010 Simul
936 1961 1137 2009 autem
1168 1959 1346 2025 atque
1372 1954 1485 2008 hoc
1507 1953 1666 2021 dixit,
1722 1950 1901 2006 simul
1940 1949 2138 2020 dispa-

483 2044 619 2111 ruit,
678 2050 979 2114 spectante
1027 2043 1399 2107 Theodorito,
1458 2047 1515 2097 et
1568 2057 1688 2113 pra:
1720 2046 1959 2110 stupore
1990 2038 2137 2094 nihil

480 2131 780 2203 loquente.
840 2135 1163 2203 Postquam
1217 2147 1356 2187 vero
1413 2146 1670 2197 magnus
1714 2129 1809 2184 ille
1838 2130 2134 2199 Sampson

482 2220 691 2289 procul
723 2222 830 2275 fuit
860 2221 938 2275 ab
965 2219 1171 2285 oculis,
1197 2219 1276 2276 ad
1322 2236 1384 2273 se
1417 2219 1565 2275 redit
1614 2218 2024 2285 Theodoritus,
2080 2223 2136 2272 et

480 2322 639 2363 novo
670 2309 847 2363 veluti
880 2310 1081 2380 spiritu
1114 2309 1434 2373 animatur,
1485 2308 1715 2379 sibique
1764 2307 2087 2362 restituitur
2115 2323 2129 2372 ;

479 2397 598 2452 oris
650 2414 892 2470 quoque
956 2404 1012 2453 et
1048 2398 1268 2467 lingua:
1297 2414 1466 2452 usum
1499 2397 1808 2470 recipiens,
1834 2397 1969 2451 laeta
1991 2411 2132 2450 voce

479 2485 851 2555 gloriﬁcabat
879 2487 1065 2542 Deum
1097 2486 1682 2558 subsusurrabalque
1706 2503 1719 2541 :
1744 2488 1994 2542 Sanctus
2025 2484 2131 2540 iste

476 2582 564 2630 est
585 2577 877 2647 Sampson
911 2592 924 2641 ;
958 2584 1014 2632 et
1040 2576 1238 2633 statim
1276 2576 1609 2631 ministrum
1668 2581 1756 2630 est
1812 2574 2127 2639 allocutus,

475 2663 676 2719 dicens
711 2681 722 2718 :
754 2668 958 2735 Surge,
990 2666 1169 2723 Basili
1194 2667 1296 2735 (ita
1318 2668 1475 2721 enim
1500 2666 1546 2719 is
1574 2664 1941 2735 vocabatur),
1967 2669 2020 2719 et
2052 2668 2131 2718 da

475 2754 619 2809 mihi
651 2762 894 2820 vestem,
929 2763 992 2811 ut
1021 2771 1113 2810 me
1150 2756 1392 2810 induam
1421 2762 1510 2811 :et
1560 2754 1738 2809 simul
1764 2755 1975 2825 pedem
2008 2754 2131 2809 teti-

473 2845 575 2913 git.
604 2843 749 2899 Eum
776 2850 975 2899 autem
1002 2846 1205 2899 Videns
1262 2860 1500 2910 sanum,
1553 2843 1713 2899 alteri
1747 2860 1992 2899 manum
2026 2844 2129 2898 ad-

474 2934 679 2998 movit,
709 2934 811 3005 qui
842 2940 967 2989 erat
995 2934 1217 2989 illaasus
1236 2935 1314 2988 ab
1341 2934 1526 2990 initio.
1550 2934 1646 2989 Rei
1678 2934 1837 2989 enim
1870 2933 2128 2989 admira-

472 3020 670 3077 bilitas
693 3039 831 3077 eum
864 3023 1148 3079 reddebat
1177 3039 1361 3095 prope
1391 3030 1606 3079 emotae
1649 3026 1885 3087 mentis,
1915 3029 1969 3077 et
2001 3029 2128 3078 erat

475 3114 761 3181 tanquam
783 3112 874 3165 sui
901 3111 1144 3175 oblitus,
1175 3119 1229 3166 et
1268 3112 1551 3167 dubitans
1570 3117 1626 3167 et
1648 3110 1941 3166 hmsitanti
1966 3111 2125 3165 simi-
2161 3149 2203 3205 Ε

474 3198 568 3253 lis.
617 3200 872 3255 Nimium
901 3202 1057 3256 enim
1091 3202 1373 3272 gaudium
1399 3210 1456 3256 et
1493 3202 1719 3256 bonum
1754 3201 2123 3271 inexspecta-

473 3294 597 3343 tum
629 3306 698 3345 ac
726 3296 939 3361 praeter
958 3290 1301 3363 opinionem
1330 3292 1627 3355 eveniens,
1660 3296 1917 3345 mentem
1974 3290 2121 3345 solet

470 3377 794 3434 dimovere.
832 3379 934 3435 Ubi
962 3388 1160 3434 autem
1195 3379 1485 3451 comperit
1509 3379 1725 3433 ambos
1751 3394 1878 3433 esse
1912 3394 2116 3443 sanos,

470 3466 649 3521 alacri
679 3469 1091 3523 statimanimo
1123 3468 1445 3538 etpedibus
1472 3468 1654 3523 tendit
1685 3468 1758 3523 ad
1778 3467 2119 3539 sepulcrum

470 3554 619 3626 ejus,
652 3558 753 3628 qui
774 3557 991 3612 misero
1022 3566 1394 3612 curationem
1426 3556 1809 3627 impertierat,
1852 3564 1907 3612 et
1938 3557 2117 3612 bene-

468 3643 669 3699 ﬁcium
698 3647 751 3699 ei
782 3646 955 3701 refert
1010 3652 1338 3718 acceptum.
1395 3648 1741 3718 gratiasque
1774 3647 1865 3718 pie
1888 3647 2026 3716 agit,
2058 3650 2120 3701 ut

465 3733 617 3788 solet
644 3741 848 3803 gratus
869 3743 924 3790 et
955 3752 1184 3790 memor
1212 3736 1475 3790 animus.

2248 1865 2420 1932 μέντοι
2477 1868 2565 1915 καὶ
2618 1875 2825 1917 σιωπῶν
2900 1875 2987 1918 τού
3051 1866 3249 1937 Ἀγίου,
3301 1868 3397 1938 όρᾷ
3473 1874 3649 1918 τοῦτον
3701 1868 3849 1938 παρά

2246 1954 2368 2012 τοὺς
2393 1948 2665 2023 πρόποδας
2708 1954 2968 2013 ἑστηκότα
3013 1964 3101 2016 τῆς
3131 1955 3325 2019 κλίνης,
3365 1963 3457 2008 τοῦ
3510 1954 3847 2027 ἀστραγάλου

2246 2043 2332 2090 τόν
2385 2038 2708 2113 ἐπαφωμενον
2766 2052 2858 2097 τοῦ
2910 2047 3222 2107 πεπονθότος
3288 2041 3472 2110 ποδὸς,
3531 2049 3621 2097 καὶ
3675 2043 3849 2115 Ἐγει-

2244 2147 2353 2202 ραι,
2396 2128 2655 2203 εἰρηκότα,
2712 2136 2870 2185 κακόν
2918 2136 3019 2208 γάρ
3081 2132 3194 2186 ἐστί
3245 2153 3325 2186 σοι
3374 2138 3431 2185 τό
3485 2135 3727 2205 παράπαν
3758 2132 3847 2185 ού-

2246 2212 2351 2269 δέν·
2406 2218 2515 2290 οἶμα
2561 2239 2614 2272 τε
2652 2222 2743 2293 ἔφη
2801 2230 2967 2286 τοῦτο,
3024 2229 3111 2275 καὶ
3169 2222 3277 2295 ἅμα
3340 2223 3493 2295 ἐξῄει,
3554 2220 3845 2295 βλεπόντων

2242 2314 2333 2357 τοῦ
2388 2303 2713 2383 Θεοδωρίτου
2767 2320 2866 2363 τῶν
2918 2311 3208 2384 ὀφθαλμῶν.
3272 2319 3362 2363 τοῦ
3416 2317 3666 2383 στόματος
3699 2308 3845 2381 μηδὲ

2242 2397 2555 2467 φθέγγεσθαι
2611 2395 2921 2471 δυναμένου,
2981 2399 3192 2460 Ἐπειδὴ
3244 2407 3333 2454 καὶ
3378 2404 3403 2452 ό
3460 2405 3624 2473 Μέγας
3662 2400 3841 2475 πόρρω

2241 2493 2338 2535 τῶν
2380 2484 2651 2559 ὀφθαλμῶν
2706 2486 2786 2557 ἦν,
2845 2489 3075 2543 ἐπάνεισι
3126 2496 3215 2563 μεν
3274 2492 3346 2553 εἰς
3399 2491 3579 2543 ἑαυτὸν
3632 2492 3655 2541 ό
3713 2497 3842 2543 Θεο-

2242 2569 2478 2645 δῶριτος,
2525 2582 2613 2629 xui
2668 2581 2818 2631 οἱονεί
2868 2580 3161 2652 ψυχοῦται,
3222 2585 3311 2633 καὶ
3367 2585 3646 2652 κινουμένῳ
3702 2598 3837 2652 παρ-

2240 2667 2413 2733 όμοιος
2471 2662 2756 2733 δείκνυται,
2805 2674 2972 2739 φωνὴν
3020 2667 3079 2722 δὲ
3140 2676 3229 2722 xui
3308 2674 3364 2721 τό
3421 2676 3593 2739 στόμα
3662 2672 3839 2743 ὥσπερ

2769 2753 3005 2820 δοξάζων
3070 2778 3127 2811 τε
3194 2755 3254 2817 ἦν
3330 2763 3417 2811 τὸν
3466 2762 3606 2823 Θεὸν,
3696 2766 3836 2830 φωνῇ

2240 2840 2583 2919 φαιδροτέρῳ,
2642 2848 2709 2907 ὡς
2767 2842 2827 2898 δι
2898 2854 2985 2899 xui
3041 2850 3501 2921 ύποφθεγγόμενος,
3569 2846 3627 2899 Ὀ
3692 2847 3840 2918 ἅγιός

2237 2931 2349 2984 ἐστι
2399 2934 2639 3005 Σαμψων.
2698 2940 2795 2987 Καὶ
2849 2936 3036 2987 αὐτίκα
3097 2935 3272 3011 [πρὸς]
3335 2941 3420 2989 τόν
3484 2939 3836 3004 ὑπηρετούμεο

2236 3039 2337 3083 νον,
2402 3022 2647 3088 Ἀνάστα,
2702 3026 2813 3096 ἔφη,
2874 3024 3110 3079 Βασίλειε
3167 3026 3326 3095 (οὕτω
3401 3029 3501 3100 γὰρ
3561 3024 3836 3094 ἐκαλεῖτο),

2234 3115 2322 3162 xui
2371 3114 2426 3163 τό
2483 3114 2685 3183 ἱμάτιόν
2718 3133 2807 3185 μοι
2848 3110 2942 3175 δός
2972 3111 3379 3169 ἐπενδύσασθαι.
3437 3120 3537 3168 Καὶ
3582 3114 3692 3187 ἅμα
3740 3124 3837 3166 τοῦ

2232 3196 2397 3260 ποδὸς
2477 3203 2683 3266 ἥπτετο,
2739 3209 2827 3255 xui
2883 3205 3010 3273 ὑγιᾶ
3063 3213 3242 3257 τοῦτον
3287 3208 3437 3275 ὀρῶν,
3496 3207 3690 3277 θατέρῳ
3739 3208 3837 3262 τὴν

2230 3295 2389 3359 χεῖρα
2437 3298 2675 3361 προσῆγε
2727 3300 2797 3362 τῷ
2847 3292 2899 3355 ἐξ
2946 3292 3118 3367 ἀρχῆς
3175 3294 3383 3346 ἀπαθεῖ·
3448 3291 3649 3345 ἐδείκνυ
3728 3296 3834 3368 γὰρ

2229 3377 2384 3429 αὐτόν
2437 3387 2628 3453 μικροῦ
2694 3386 2783 3433 καὶ
2860 3384 3079 3456 ἔκφρονα
3137 3385 3166 3441 ἠ
3244 3379 3662 3457 παραδοξοποιία
3738 3390 3835 3434 τοῦ

2240 2758 2485 2825 πρότερον
2562 2757 2691 2827 εἶχε,

2228 3469 2553 3539 πράγματος.
2633 3476 2722 3522 xui
2804 3473 2976 3546 ὥσπερ
3060 3471 3393 3544 ἐκλαθόμενος
3468 3474 3674 3536 ἑαυτου,
3742 3478 3836 3524 καὶ

2229 3554 2524 3627 ἀμφιγνοῶν
2579 3554 2821 3626 διέκεὶτο,
2872 3566 2960 3613 xui
3009 3564 3342 3635 ἀπορουμένῳ
3400 3561 3571 3615 ἕοίκει.
3631 3559 3835 3623 ’Ἄλλως

2226 3663 2281 3697 τε
2334 3643 2391 3698 δε
2446 3650 2532 3700 κάὶ
2592 3650 2622 3707 ἡ
2676 3652 2989 3723 περιχάρεια
3037 3656 3123 3702 καὶ
3171 3656 3228 3703 τό
3285 3648 3539 3709 ἀδόκητον
3611 3651 3826 3722 ἀγαθόν,

2228 3731 2366 3786 οἶδεν
2419 3736 2623 3808 ἐξιστᾴν
2674 3739 2731 3791 ού
2794 3745 3035 3813 μετρίως.
3090 3739 3177 3801 Ὠς
3234 3740 3320 3792 οὖν
3373 3747 3461 3793 καὶ
3509 3740 3834 3814 ἀμφοτέρους

466 3820 721 3897 ὶρῥῶσθαι
756 3821 960 3895 διέγνω,
992 3825 1182 3876 αὐτίκα
1209 3827 1469 3898 πρόθυμος
1499 3826 1784 3899 προθύμοις
1812 3829 1960 3890 ποσὶ,
1990 3828 2118 3897 πρὸς
2148 3825 2235 3874 τὸν
2261 3832 2352 3875 τοῦ
2388 3828 2795 3900 θεραπεύσαντος
2825 3832 3003 3901 τάφον,
3038 3828 3277 3901 ὁμολογεῖ
3308 3850 3360 3882 τε
3390 3835 3482 3889 ’ὴν
3521 3833 3702 3902 χάριν,
3736 3831 3835 3881 xui

464 3915 559 3969 τὴν
589 3912 954 3987 εὐχαριστίαν,
989 3916 1161 3987 ὥσπερ
1195 3911 1334 3967 οἶδεν
1364 3915 1637 3987 εὐγνώμων
1666 3913 1845 3985 ψυχὴ,
1887 3914 2127 3987 θεοφιλῶς
2158 3910 2483 3969 ἀποδίδωσι.

533 4001 668 4057 XIV.
718 4004 860 4058 Huic
898 4018 1034 4057 vero
1080 4004 1433 4059 Theodorito
1472 4003 1702 4067 accidit,
1740 4012 1798 4058 ut
1860 4004 2113 4059 Sanctus

464 4088 560 4144 ille
577 4091 635 4144 in
657 4091 771 4145 alio
802 4106 1044 4162 quoque
1078 4091 1390 4156 miraculo,
1416 4094 1578 4164 quod
1602 4093 1758 4147 circa
1774 4092 2110 4156 dominum,

463 4179 593 4249 ejus
622 4178 845 4234 factum
872 4186 959 4234 est
990 4180 1293 4251 (quisnam
1325 4187 1524 4237 autem
1552 4181 1601 4235 is
1642 4181 1732 4241 sit.
1762 4182 1889 4251 jam
1916 4187 2111 4236 osten-

463 4282 595 4321 sum
615 4274 723 4335 est)
748 4270 1075 4325 inserviret.
1100 4270 1211 4325 Sed
1243 4271 1550 4342 quomodo
1577 4270 1635 4324 id
1676 4269 1944 4325 accidit?
1966 4270 2112 4325 Cum

461 4355 839 4423 Drungarius
894 4358 989 4413 hic
1024 4362 1134 4414 Leo
1154 4358 1478 4431 aliquando
1527 4358 1837 4435 eqyitaret,
1894 4360 2108 4423 evenit,

460 4449 524 4499 ut
556 4460 743 4517 equus
764 4445 919 4501 illius
953 4448 1165 4519 pedem
1223 4464 1395 4503 muro
1447 4448 1719 4512 allidens,
1744 4464 1880 4502 eum
1918 4446 2113 4503 feriret
2147 4435 2193 4490 Π

460 4534 717 4603 graviter
778 4536 924 4591 Male
955 4543 1154 4592 autem
1188 4554 1249 4592 se
1278 4537 1536 4593 habebat
1584 4554 1707 4609 pes,
1768 4552 1890 4593 non
1955 4536 2111 4593 brevi

461 4622 663 4695 aliquo
696 4630 981 4697 tempore,
1010 4627 1111 4681 sed
1145 4626 1585 4682 multisdiebus.
1608 4627 1827 4682 Deinde
1864 4642 2002 4682 cum
2029 4629 2111 4683 sic

461 4710 710 4767 affectus
742 4716 1150 4770 ostenderetur
1175 4714 1437 4779 medicis,
1472 4731 1573 4770 eos
1604 4715 1679 4771 ad
1710 4716 2111 4771 necessariam

461 4801 781 4858 sectionem
806 4809 862 4858 et
876 4804 1273 4874 chirurgicam
1290 4806 1700 4877 operationem
1720 4804 2106 4876 propellebat.

459 4894 649 4963 Atque
692 4897 819 4948 erat
864 4893 1108 4965 quidem
1165 4894 1291 4950 dies
1349 4900 1621 4967 quartus,
1679 4910 1800 4967 quo
1860 4894 2108 4949 medicis

459 4979 656 5036 visum
712 4981 904 5038 fuerat
960 4984 1040 5038 sic
1080 4982 1293 5040 facere.
1342 4986 1406 5039 Et
1436 4983 1879 5053 Nicolaus(erat
1908 4992 2109 5039 autem

462 5070 512 5125 is
543 5087 780 5143 quoque
804 5088 958 5127 unus
984 5073 1144 5127 exiis
1167 5073 1264 5145 qui
1295 5073 1633 5129 serviebant
1665 5072 2010 5141 Drungario,
2052 5078 2109 5127 et

463 5159 592 5229 ejus
647 5162 893 5216 domum
948 5163 1351 5234 complebant)
1404 5166 1694 5218 statuerat
1733 5160 1843 5230 ipsi
1898 5160 2107 5217 afferre

460 5250 804 5307 sectionem.
858 5250 954 5305 Illa
1013 5266 1151 5305 vero
1200 5259 1371 5307 nocte
1453 5256 1747 5322 apparent
1794 5248 2107 5305 Teodorito

458 5336 587 5392 iviri
620 5346 753 5405 tres,
807 5340 1058 5394 domum
1116 5340 1874 5409 Drungariiingredientes,
1901 5337 2106 5395 habitu

459 5432 515 5481 et
538 5428 758 5481 amictu
782 5429 1051 5484 Romani.
1077 5429 1306 5495 Quibus
1336 5430 1524 5485 factus
1546 5430 1812 5494 obviam,
1833 5431 2105 5493 Quonam

456 5514 552 5570 itis
590 5513 618 5568 ?
649 5516 892 5585 rogavit.
921 5517 1006 5571 llli
1036 5525 1233 5573 autem
1259 5534 1397 5574 voce
1430 5525 1485 5574 et
1518 5526 1764 5590 aspectu
1817 5518 2052 5591 placido
2092 5539 2103 5576 :

458 5603 543 5659 Ad
585 5603 896 5661 dominum
951 5611 1121 5663 tuum
1187 5608 1549 5664 accedimus.
1627 5608 1717 5665 Ad
1762 5612 1890 5666 haec
1913 5615 2110 5666 autem

2303 4003 2397 4057 lA'.
2454 4012 2535 4076 Τῷ
2593 4002 2904 4079 Θεοδωρίτῳ
2951 4004 3017 4065 δὴ
3067 4011 3229 4080 τούτῳ
3272 4014 3361 4061 xui
3391 4009 3541 4083 ἑτέρῳ
3574 4011 3828 4079 θαύματι,

2226 4092 2252 4142 ὃ
2285 4099 2401 4165 περὶ
2451 4098 2535 4146 τὸν
2576 4096 2759 4148 έαυτὸύ
2809 4102 3101 4168 πέπρακται
3144 4101 3322 4170 κύριον
3376 4095 3558 4160 (δῆλος
3599 4095 3657 4150 δι
3688 4094 3825 4163 ἠδη,

2227 4186 2304 4243 τίς
2360 4183 2511 4246 οὗτός
2558 4184 2719 4256 ἔστιν)
2773 4184 3020 4256 ἐξεγένετο
3103 4188 3457 4259 ὑπουργῆσαι,
3519 4187 3625 4239 ἀλλ’
3685 4189 3830 4249 ὅπως

2225 4273 2327 4340 ἄρα
2384 4280 2471 4326 καί
2530 4273 2794 4345 ἐξεγένετο.
2847 4282 2949 4327 Τοῦ
3016 4282 3369 4351 Δρουγγαρίου
3434 4281 3666 4341 Λέοντος,
3730 4286 3828 4329 τοῦ

2226 4357 2283 4413 δι
2338 4364 2687 4435 ἱππαζομενου
2762 4369 2903 4429 ποτε,
2963 4364 3232 4437 συμϐαίνει
3301 4371 3387 4418 τόν
3444 4368 3598 4419 ἵππον
3653 4372 3827 4438 τοίχῳ

2225 4452 2658 4527 προσαρράξαντα
2710 4456 2794 4505 τὸν
2853 4452 3043 4506 ἐκείνου
3118 4451 3258 4508 πόδα
3310 4456 3502 4519 πλῆξαι
3556 4455 3821 4527 χαλεπῶς.

2227 4540 2353 4614 Εἶχε
2383 4551 2659 4617 τοιγαροῦν
2692 4551 2924 4615 πονηρῶς
2959 4548 2985 4596 ό
3018 4552 3161 4609 πούς,
3201 4544 3257 4597 ού
3307 4546 3429 4619 παρ’
3484 4546 3677 4616 ὀλίγον,
3712 4544 3824 4597 ἀλλ’

2223 4630 2271 4682 ἐν
2329 4634 2540 4704 ἡμέραις
2596 4639 2821 4703 συχναῖς
2918 4630 3039 4685 Εἶτα
3102 4637 3191 4685 καὶ
3238 4640 3341 4694 τοῖς
3402 4634 3593 4709 ἰατροῖς
3656 4635 3826 4697 οὕτως

2222 4724 2358 4792 ἔχων
2407 4718 2839 4792 ίπιδεικνύμενος,
2892 4727 3019 4795 πρὸς
3076 4727 3233 4795 τομὴν
3288 4724 3477 4785 αύτούς
3515 4722 3817 4795 ἀναγκαίως

2222 4810 2495 4884 παρεκάλει
2547 4816 2635 4862 xui
2688 4816 3046 4884 χειρουργίαν,
3095 4811 3151 4865 Ἢ
3214 4816 3302 4883 μὲν
3370 4813 3456 4865 οὖν
3510 4815 3678 4887 ἡμέρα
3737 4835 3827 4869 τε-

2221 4904 2361 4974 τράς,
2401 4902 2482 4952 ὅτε
2512 4900 2646 4951 οὕτω
2678 4895 2928 4953 δέδοκται
2955 4909 3057 4963 τοῖς
3091 4902 3281 4975 ἰατροῖς
3322 4898 3474 4974 δρᾴν
3520 4908 3607 4956 καὶ
3648 4906 3673 4955 ὁ
3722 4912 3820 4957 Νι-

2221 4990 2406 5051 κόλαος
2458 4990 2552 5060 (εἷς
2611 4985 2668 5042 δε
2716 4996 2806 5044 xui
2844 4992 2995 5051 αὐτὸς
3027 4995 3217 5044 τούτων
3259 4988 3339 5056 ἦν,
3370 5000 3440 5061 τῷ
3482 4999 3821 5068 Δρουγγαρίῳ

2219 5099 2271 5131 τε
2326 5080 2735 5150 ὑπηρετούμενος
2782 5085 2871 5130 καὶ
2918 5083 3004 5131 τόν
3055 5080 3211 5132 αύτου
3255 5078 3393 5133 οἶκον
3457 5083 3821 5159 συμπληροῦν)

2220 5168 2434 5239 ὡρίζετο
2486 5170 2767 5237 ἐπενεγκεῖν
2821 5168 2977 5228 αὐτὸς
3020 5173 3111 5226 τὴν
3160 5176 3341 5241 τομήν.
3404 5177 3553 5225 Κατά
3607 5170 3665 5226 δε
3729 5180 3821 5232 τὴν

2218 5260 2378 5307 νύκτα
2431 5254 2642 5317 ἐκείνην,
2714 5256 3065 5328 ἐπιφαίνονται
3144 5267 3213 5328 τῷ
3262 5257 3571 5335 Θεοδωρίτῳ
3628 5261 3823 5335 ἄνδρες

2220 5352 2374 5416 τρεῖς,
2408 5349 2493 5395 τόν
2524 5341 2661 5397 οἷκον
2711 5346 2953 5406 εἰσιόντες
2993 5354 3082 5397 τοῦ
3110 5353 3488 5423 Δρουγγαρίου,
3532 5356 3587 5403 τό
3620 5360 3818 5424 σχῆμα

2217 5434 2460 5506 Ῥωμαῖοι
2512 5438 2597 5485 καὶ
2641 5439 2731 5491 τὴν
2798 5433 3090 5506 περιϐολήν.
3158 5438 3250 5498 Οἷς
3321 5439 3644 5505 ὑπαντησας,
3706 5449 3819 5495 Ποῦ

2222 5518 2279 5574 δὲ
2334 5524 2362 5580 ἠ
2420 5521 2588 5594 ἄφιξις
2621 5538 2633 5588 ;
2669 5525 2838 5585 ἤρετο·
2906 5528 3003 5574 Καὶ
3053 5524 3200 5577 αύτοὶ
3245 5532 3434 5600 πραείᾳ
3489 5531 3599 5601 οἶμα
3646 5541 3814 5605 φωνῇ,

2221 5612 2371 5685 πράῳ
2412 5608 2470 5663 δὲ
2530 5615 2620 5663 xui
2685 5619 2757 5682 τῷ
2806 5610 3089 5685 βλέμματι,
3141 5618 3275 5688 ῐιρός
3347 5619 3433 5667 τόν
3476 5623 3656 5691 κύριόν
3716 5640 3816 5674 σου
