4066 6224
233 199 295 263 ειη
1467 181 1632 250 VITA
1671 191 1734 252 s.
1771 178 2201 252 SAMPSONIS.

3413 187 3518 247 298

231 325 334 383 πνδι
388 329 616 399 πάριμεν,
678 321 837 377 εἷπον.
917 326 1050 396 Πρός
1104 330 1270 376 ταῦτα
1317 329 1388 393 τῷ
1443 317 1751 396 Θεοδωρίτῳ

1888 319 2216 376 Theodorito
2238 317 2398 374 venit
2418 317 2480 372 in
2519 319 2802 380 mentem,
2829 318 2893 370 ut
2929 314 3149 372 diceret
3177 331 3196 372 :
3244 316 3362 373 Sed
3386 330 3517 387 vos,

223 420 340 488 λέγειν
370 414 507 486 ἐπῄει
539 432 549 442 ·
588 411 726 464 Ἀλλ’
771 413 1022 482 ἠγνόηται
1069 417 1158 464 καὶ
1205 414 1325 484 ὑμῖν
1371 418 1477 472 τοῖς
1529 414 1749 484 κυρίοις,

217 511 279 558 οἶα
303 507 421 560 λύπη
453 513 522 574 τῷ
554 503 886 578 δρουγγαρίῳ
933 510 1066 573 τῷγε
1113 509 1200 553 νῦν
1247 504 1380 572 ἔχει,
1429 507 1518 552 καὶ
1567 504 1634 560 ὡς
1665 503 1754 557 τή-

213 616 335 670 μερον
384 593 552 666 μέλλον
601 599 712 652 τοῖς
763 591 958 662 ἰατροῖς
1016 596 1178 662 τομὴν
1259 599 1330 661 τῷ
1383 587 1510 642 ποδὶ
1563 587 1752 640 ἐκείνου

215 683 588 753 ἐπενεγκεῖνςοὶ
642 677 719 742 δε,
779 682 875 744 Οὔ,
928 684 1106 751 φασὶν,
1167 679 1296 730 ἀλλὰ
1343 684 1492 731 τοῦτό
1553 698 1635 730 σοι
1683 681 1753 749 μὴ

216 769 522 846 παραδεκτέον
573 787 584 797 ·
640 771 791 840 ἡμεῖς
863 770 964 839 γὰρ
1052 772 1183 840 πρὸς
1239 769 1394 820 αὐτὸν
1449 767 1760 840 ἐλευσόμεθα

1574 863 1673 909 Ἕω
1682 858 1706 908 θ
1714 876 1760 907 εν

214 948 280 1001 οὖν
322 954 427 1008 τοὺς
501 949 704 1020 ἰατροὺς
757 948 906 1018 ἔργου
982 949 1202 1018 ἔχεσθαι
1261 945 1620 1019 βουλομένους,
1673 950 1762 997 καὶ

213 871 283 922 τῆς
348 866 698 930 Παρασκευῆς,
790 862 880 909 καὶ
948 858 1100 909 αὑτὸν
1176 857 1493 930 ἐποψόμεθα.

214 1050 266 1110 τῷ
309 1036 423 1090 ποδὶ
464 1037 742 1107 ἐπαγαγεῖν
788 1040 882 1093 τὴν
932 1042 1114 1108 τομὴν,
1163 1034 1325 1111 εἶργεν
1357 1038 1381 1087 ὁ
1413 1033 1759 1110 Θεοδώριτος,

213 1126 498 1198 ἐπιμνησθεὶς
575 1126 762 1177 αὐτίκα
848 1133 938 1185 τῆς
1024 1125 1204 1195 ὄψεως,
1289 1125 1550 1187 κάκείνοις
1626 1127 1762 1186 ὅπως

214 1213 324 1286 εἶχεν
371 1216 770 1286 ἐξηγησάμενος,
831 1219 921 1265 καὶ
976 1215 1124 1266 αὐτοὶ
1172 1213 1230 1266 δὲ
1279 1217 1548 1286 μαθόντες,
1581 1220 1669 1266 καὶ
1705 1214 1761 1266 ο.)

215 1308 463 1376 παροπτέαν
516 1305 645 1355 εἶναι
702 1307 796 1360 τήν
862 1302 980 1373 ὀψιν
1040 1303 1260 1365 εὐσεϐῶς
1330 1308 1612 1377 κρίναντες,
1668 1303 1764 1356 ἐπ-

216 1401 347 1463 εῖχον.
380 1392 457 1453 Ὠς
494 1389 667 1444 δὲκαὶ
701 1394 728 1449 ἡ
768 1397 1076 1465 Παρασκευὴ
1111 1401 1281 1466 παρῆν
1313 1389 1375 1463 (ὦ
1424 1397 1634 1468 Χριστε,
1665 1400 1763 1443 τῶν

219 1490 296 1531 σῶν
322 1481 603 1551 μεγαλείων,
647 1485 711 1538 ὡς
758 1481 1060 1552 θαυμαστός
1090 1479 1135 1532 εἷ
1163 1483 1187 1532 ό
1236 1486 1360 1541 Θεὸς
1410 1482 1458 1532 ἐν
1501 1490 1604 1538 τοῖς
1655 1488 1766 1543 σοῖς

216 1570 426 1641 aiio-1;!)
459 1572 482 1622 ό
523 1577 654 1630 ποῦς
685 1568 767 1635 ἧν,
803 1571 908 1631 οἶος
953 1573 1052 1642 πρὸ
1096 1578 1189 1621 τοῦ
1242 1573 1441 1638 παθεῖν,
1479 1570 1765 1644 ἀκραιφνὴς

1862 423 1898 464 o
1937 409 2186 475 domini,
2221 407 2379 470 latet,
2399 411 2624 479 quanto
2645 405 2704 460 in
2728 403 3042 476 praasentia
3064 403 3267 462 dolore
3287 405 3520 461 laboret

1867 499 2252 569 Drungarius,
2287 503 2343 553 et
2372 497 2537 570 quod
2577 496 2693 552 sint
2734 494 2912 550 hodie
2945 493 3161 550 medici
3200 494 3354 550 illius
3379 494 3520 567 pedi

1867 587 2189 644 sectionem
2221 585 2594 643 adhibituri?
2615 584 2692 640 Illi
2725 588 2958 641 autem:
2992 583 3410 656 Nequaquam,
3436 585 3522 640 in-

1868 678 2084 749 quiunt
2113 695 2125 732 :
2159 683 2215 732 et
2256 683 2314 733 tu
2340 677 2401 732 id
2424 692 2496 732 ne
2523 674 2868 732 credideris.
2892 676 3009 730 Nos
3033 672 3193 728 enim
3223 672 3301 730 ad
3320 673 3522 745 ipsum

1868 767 2101 822 venturi
2131 783 2340 821 sumus
2372 767 2430 821 in
2459 769 2800 829 Parasceve,
2834 768 2890 820 et
2911 762 3140 820 malum
3169 763 3298 834 ejus
3327 761 3524 834 inspe-

1872 856 2037 910 cturi.
2102 856 2275 911 Mane
2341 871 2483 925 ergo
2529 855 2792 910 medicos
2817 853 2947 924 jam
2979 853 3240 910 volentes
3272 867 3525 910 manum

1871 946 2192 1001 admovere
2218 946 2398 1018 operi,
2436 955 2493 1000 et
2522 944 2662 1017 pedi
2689 943 2904 999 inferre
2936 943 3282 1006 sectionem,
3325 941 3525 1014 prohi-

1872 1033 2002 1090 buit
2050 1034 2460 1100 Theodoritus,
2529 1034 2730 1089 statim
2785 1032 3133 1088 recordatus
3165 1031 3436 1096 visionis,
3469 1034 3526 1088 et

1873 1123 1958 1179 eis
1983 1139 2234 1179 narrans
2264 1123 2780 1196 quemadmodum
2815 1138 2885 1178 ea
2901 1138 2961 1177 se
2983 1122 3310 1178 habuisset.
3333 1123 3523 1187 Quam

1875 1228 2010 1267 cum
2059 1213 2175 1284 ipsi
2213 1211 2658 1277 intellexissent,
2687 1215 2744 1266 et
2795 1211 3091 1267 visionem
3108 1226 3232 1266 non
3262 1226 3394 1266 esse
3425 1210 3526 1267 de-

1875 1300 2244 1372 spiciendam
2292 1302 2386 1371 pie
2406 1301 2858 1370 judicavissent,
2904 1299 3343 1356 abstinuerunt.
3379 1302 3528 1356 Cum

1873 1405 2015 1446 vero
2021 1391 2148 1461 jam
2170 1391 2404 1446 adesset
2423 1393 2746 1447 Parasceve
2782 1389 2841 1463 (o
2864 1394 2986 1456 tua,
3013 1389 3258 1459 Christe,
3280 1404 3528 1459 magna-

1874 1479 1954 1536 lia
1987 1480 1999 1534 !
2035 1502 2063 1529 «
2097 1482 2289 1546 Quam
2315 1480 2682 1536 admirabilis
2716 1483 2866 1535 Deus
2895 1479 2957 1535 in
2975 1481 3193 1536 sanctis
3227 1479 3377 1535 tuis3
3419 1479 3430 1534 !
3465 1479 3527 1550 »)

1877 1585 1982 1642 pes
2035 1573 2158 1625 erat
2214 1569 2410 1641 qualis
2466 1575 2790 1642 antequam
2843 1569 3175 1632 laederetur,
3217 1584 3424 1640 purus,
3475 1571 3532 1623 et

219 1665 285 1709 καὶ
313 1660 409 1721 όλος
432 1661 806 1730 ὑγιεινότατος,
836 1659 939 1729 οὐχ
969 1661 1106 1719 ὅπως
1135 1667 1314 1731 τομῆς,
1347 1659 1454 1711 ἀλλ’
1486 1657 1609 1713 οὐδέ
1632 1682 1768 1724 τινος

1888 1665 2034 1715 totus
2051 1674 2256 1725 sanus,
2287 1674 2408 1715 non
2438 1658 2622 1714 modo
2650 1659 2811 1714 nulla
2833 1658 3110 1724 sectione,
3141 1657 3244 1712 sed
3278 1673 3384 1713 nec
3411 1655 3532 1714 ulla

224 1746 339 1808 οὖλος
370 1748 651 1818 ἐπιμελείας
691 1745 948 1820 δεόμενος.

282 1841 352 1888 ΙΕ’.
399 1841 472 1888 Οὐ
525 1839 729 1898 ταύτης
782 1843 932 1908 μόνον
998 1837 1146 1897 οὗτος
1197 1839 1220 1888 ό
1278 1843 1551 1910 περιφανὴς
1605 1846 1764 1905 Λέων,

355 1930 434 1976 καὶ
487 1926 670 1990 ἐτέρας
724 1925 982 1978 ἀπέλαυσε
1031 1934 1122 1978 τοῦ
1162 1928 1389 1998 μεγάλου
1441 1931 1768 2001 θαυματουρ-

223 2019 308 2084 νέας
335 2036 346 2047 ’
381 2020 508 2086 νόσῳ
562 2024 668 2066 τῶν
723 2013 1032 2089 βαρυτάτων
1080 2019 1436 2087 περισχεθεὶς,
1459 2026 1563 2078 τοῖς
1608 2039 1660 2071 τε
1685 2021 1774 2072 οἷ).-

221 2102 398 2163 ὶοιςτοῡ
437 2111 688 2176 σώματος
719 2109 924 2177 μέρεσιν
974 2101 1272 2168 ἀδυνάτοις,
1332 2114 1438 2168 τοῖς
1481 2105 1538 2160 δε
1586 2115 1774 2179 γόνασι

219 2193 367 2263 μᾶλλον
393 2197 456 2256 ὡς
487 2191 694 2266 σχεδόν
750 2193 1046 2266 ἀχρήστοις
1095 2195 1292 2263 αὐτοῖς,
1343 2202 1430 2248 καὶ
1475 2195 1614 2268 μηδὲ
1643 2197 1772 2271 ἐνερο

218 2290 303 2349 γοῖς
347 2279 501 2351 οὖσιν⁹
559 2283 821 2356 ἐκέχρητο
873 2300 883 2311 °
920 2282 966 2334 ἐν
1020 2287 1110 2355 μὲν
1159 2289 1260 2358 γαρ
1303 2285 1480 2356 όμαλεῐ
1517 2294 1657 2358 τόπῳ
1687 2294 1775 2340 καὶ

219 2368 371 2441 saria?)
398 2369 647 2441 βαδίζειν
683 2375 811 2434 ἴσως
843 2372 982 2442 αὐτῷ
1013 2375 1148 2424 κατά
1181 2373 1381 2444 σχολὴν
1428 2375 1520 2426 οὐκ
1572 2374 1775 2429 αδύνα-

217 2477 296 2525 τον,
339 2460 562 2529 κλίμακα
618 2457 678 2512 δὲ
730 2459 972 2524 ἀνελθεῖν,
1026 2462 1052 2519 ἦ
1115 2458 1335 2514 ὁδεῦσαι
1379 2468 1506 2538 πρὸς
1559 2467 1772 2532 ἄναντα,

221 2544 262 2604 iw
288 2558 372 2600 τῶν
423 2549 740 2622 Ἡρακλείων
787 2550 954 2602 οἱθλων
1005 2550 1144 2620 αὐτῷ
1203 2555 1258 2603 τό
1311 2551 1625 2627 ἐγχείρημα.
1679 2557 1776 2609 Ἰασ

219 2646 318 2709 res)»
364 2635 445 2690 οὖν
475 2643 684 2692 πάντων
720 2644 808 2691 καὶ
854 2648 949 2691 τῶν
1007 2639 1171 2691 ἄλλων
1222 2639 1475 2711 βοηθειῶν
1530 2643 1777 2716 ἐπαγγελ-

218 2725 416 2795 iambon,
461 2726 621 2780 οὐδὲν
661 2728 808 2780 πλέον
861 2738 957 2780 τῶν
1012 2727 1326 2799 ἐπαγγελιῶν
1381 2729 1638 2785 ἀπέλαυσε
1685 2740 1774 2787 καὶ

219 2823 300 2873 ταῖς
325 2817 512 2868 ἐλπίσιν
564 2817 851 2875 ἐνησθῆναι
903 2823 1100 2888 μόναις.
1137 2816 1262 2871 Εἶτα
1311 2827 1406 2882 τῆς
1453 2830 1543 2872 τοῦ
1597 2823 1774 2895 Ἀγίου

218 2909 386 2975 μνήμης
438 2904 816 2968 ἐπιλαϐούσης,
891 2914 1062 2980 φρονεῖ
1115 2928 1166 2959 τι
1236 2909 1622 2985 θεοσεϐέα-ερον
1689 2919 1778 2965 καὶ

1878 1748 1997 1804 alia
2036 1748 2312 1817 indigens
2349 1748 2674 1804 curatione.

1951 1839 2059 1893 XV.
2093 1839 2223 1894 Non
2253 1838 2364 1893 hoc
2396 1837 2590 1893 solum
2616 1837 2863 1908 insignis
2884 1837 2979 1894 hic
3012 1839 3145 1902 Leo,
3211 1836 3317 1892 sed
3369 1833 3535 1892 aliud

1878 1943 2121 2000 quoque
2147 1942 2182 1982 a
2211 1942 2433 1997 magno
2450 1926 2784 1998 Sampsone
2802 1929 2889 1982 est
2911 1930 3268 1982 consecutus
3279 1925 3534 1980 miracu-

1879 2017 2025 2072 lum.
2043 2015 2241 2072 Morbo
2255 2018 2412 2072 enim
2428 2017 2788 2087 gravissimo
2805 2015 3109 2081 laborans,
3126 2014 3273 2071 alias
3284 2014 3534 2086 quidem

1883 2107 2147 2178 corporis
2185 2106 2276 2161 sui
2306 2111 2503 2177 partes
2530 2105 2792 2162 habebat
2821 2105 2994 2176 plane
3025 2104 3346 2176 impeditas
3368 2121 3386 2174 ;
3438 2117 3537 2174 ge-

1884 2211 2006 2252 nua
2036 2211 2174 2251 vero
2202 2195 2642 2268 propemodum
2665 2193 2914 2260 inutilia,
2938 2198 2996 2249 et
3024 2209 3161 2266 quae
3189 2208 3300 2248 suo
3332 2191 3534 2248 ofﬁcio

1885 2285 2132 2341 minime
2179 2284 2345 2356 fungi
2399 2288 2692 2357 poterant.
2750 2285 2812 2339 In
2859 2283 2992 2340 loco
3045 2283 3207 2339 enim
3272 2282 3449 2353 plano
3481 2284 3538 2337 et

1885 2374 2101 2446 aequali
2139 2378 2437 2446 utcunque
2467 2374 2736 2430 fortassis
2760 2372 2989 2443 ingredi
3029 2375 3261 2444 poterat
3294 2387 3306 2426 :
3341 2370 3536 2427 scalas

1885 2471 2084 2520 autem
2117 2463 2564 2533 ascendei'e,aut
2585 2478 2690 2534 per
2711 2462 2912 2517 locum
2930 2461 3217 2517 acclivem
3239 2461 3532 2526 incedere,

1885 2559 2010 2609 erat
2038 2553 2143 2624 ipsi
2173 2552 2344 2607 labor
2394 2551 2674 2606 Herculeo
2697 2552 2910 2621 major.
2953 2552 3030 2605 Ex
3090 2549 3337 2604 medicis
3393 2563 3536 2604 vero

1885 2642 2190 2708 omnibus,
2237 2647 2293 2696 et
2339 2641 2563 2696 caeteris
2607 2640 2710 2711 qui
2767 2640 3030 2711 aliquam
3084 2639 3136 2693 ei
3183 2653 3362 2709 opem
3385 2637 3536 2691 ferre

1886 2731 2338 2804 pollicebantur,
2406 2729 2552 2784 nihil
2603 2733 2816 2801 praeter
2877 2728 3178 2798 promissa
3251 2730 3306 2782 et
3366 2740 3537 2796 spem

1887 2821 2111 2877 bonam
2151 2826 2240 2875 est
2261 2825 2590 2874 assecutus.
2636 2816 2852 2873 Deinde
2909 2833 3048 2871 cum
3079 2831 3219 2871 eum
3263 2815 3540 2870 subiisset

1889 2910 2179 2966 memoria
2203 2909 2424 2974 Sancti,
2452 2909 2634 2979 agitat
2649 2907 2851 2962 animo
2878 2904 3106 2977 aliquid
3126 2904 3318 2974 magis
3346 2904 3534 2975 pium,

220 2997 320 3062 πρὸς
371 2999 423 3045 τό
475 2995 685 3066 ὠφελεῖν
739 2993 1098 3069 ἀληθέστερον,
1162 3006 1258 3047 τῶν
1335 2999 1498 3050 ἄλλων
1578 3005 1775 3054 πάντων

1890 3005 1946 3057 et
2001 3000 2193 3070 magis
2240 3003 2452 3071 aptum
2505 2997 2583 3052 ad
2623 2994 2941 3052 medelam.
2969 2994 3110 3049 Aliis
3136 2993 3420 3050 omnibus
3441 2993 3542 3048 de-

221 3083 266 3140 4.;
309 3081 522 3140 mm»
572 3081 839 3156 ὑπεριδὼν
892 3093 961 3155 τῷ
1015 3084 1205 3136 ἐκείνου
1260 3093 1468 3160 προσεὶς
1513 3094 1675 3163 ταφῳ,
1732 3092 1778 3144 ἐν

221 3171 543 3244 ᾧγειόριενος
629 3179 1006 3245 πραγματείαις
1059 3179 1149 3246 μὲν
1226 3177 1283 3227 οὐ
1350 3186 1554 3253 χρῆταί
1617 3202 1776 3250 τισιν,

223 3256 314 3310 οὐδὲ
337 3261 683 3337 πολυημέρόις
733 3263 899 3324 ἄλλως
945 3261 1308 3337 προσεδρίαις,
1360 3268 1491 3340 εὐχῇ
1547 3267 1606 3322 δὲ
1649 3278 1776 3343 μόνη

220 3352 305 3400 τότε
361 3359 442 3402 καὶ
499 3351 692 3423 ἀλοιφῇ
745 3360 836 3403 τοῦ
895 3352 1081 3404 ἐκεῖθεν
1143 3352 1420 3425 βλύζοντος
1478 3363 1644 3431 μύρου
1699 3361 1782 3415 ἐπὶ

221 3442 298 3495 τοῖς
322 3445 522 3506 γόνασιν
555 3439 722 3491 αὐτοῦ
765 3448 870 3500 τοῖς
915 3447 1261 3499 πεπονηκόσιν
1317 3459 1327 3470 ⁸
1391 3445 1448 3496 οὐ
1488 3454 1778 3521 γενομένου,

221 3521 521 3579 ἀποϐάλλεται
570 3531 666 3599 μεν
715 3528 898 3588 εὐθέως
954 3533 1046 3591 τὰς
1093 3539 1186 3593 τῆς
1215 3536 1370 3584 νόσου
1426 3532 1607 3600 πέδας,
1655 3540 1783 3613 ῥών-

221 3632 340 3665 ννται
386 3612 440 3668 δὲ
495 3621 619 3677 τοὺς
695 3613 863 3678 πόδας
922 3619 1083 3692 ρῶσιν
1137 3619 1504 3682 ἐντονωτάτην.
1562 3612 1780 3682 Ἔπειτα

222 3707 290 3752 καὶ
314 3704 584 3774 ὑγιαίνοντι
639 3704 736 3777 ὅλῳ
780 3712 987 3778 σώματι
1034 3714 1122 3761 καὶ
1173 3707 1400 3786 ἡδομένῖῗ
1456 3713 1608 3786 ψυχῇ
1655 3723 1784 3791 πρὸς

224 3793 290 3840 τόν
340 3790 466 3845 οἰκον
522 3795 762 3848 ἐπάνεισι
810 3800 896 3848 τὸν
964 3798 1168 3852 οἰκεῖον.
1244 3801 1381 3860 Πλὴν
1435 3801 1561 3856 ἀλλα
1615 3790 1785 3870 δεῖξαι

225 3877 513 3955 ﬂavi-09590;.
573 3887 657 3937 ὅτι
706 3891 774 3958 μὴ
825 3889 951 3961 πρὸς
1004 3889 1237 3962 ῥᾴθυμον
1276 3890 1481 3964 ψυχὴν,
1525 3901 1642 3970 περὶ
1694 3903 1788 3962 τὰς

224 3975 416 4041 χάριτας
462 3977 489 4033 ἡ
545 3976 840 4049 εὐεργεσία,
900 3975 1028 4029 ἀλλὰ
1078 3983 1204 4053 πρὸς
1254 3981 1551 4055 εὐγνώμονα
1597 3986 1786 4057 μᾶλλον

226 4064 703 4136 καίοεραπευτικὴν,
738 4063 939 4141 ἐπείπερ
985 4069 1009 4118 ό
1058 4076 1146 4120 τοῦ
1197 4071 1334 4122 θείου
1382 4071 1535 4126 τοῦδε
1567 4076 1789 4147 Σαμψὼν

227 4144 339 4209 οἶκος
363 4156 564 4224 κάμνων
627 4150 686 4211 ἦν
726 4159 839 4206 τότε
886 4160 975 4207 καὶ
1028 4157 1093 4217 εἰς
1141 4163 1264 4228 γόνυ
1310 4160 1520 4226 κλιθεὶς,
1573 4165 1692 4216 ὅσον
1743 4165 1790 4217 ἐν

227 4245 440 4309 χρήμασι
478 4249 566 4295 καὶ
603 4243 915 4315 ἀναλώμασι
962 4253 1068 4307 τοῖς
1126 4247 1196 4309 εἰς
1253 4246 1389 4318 δέον,
1436 4252 1658 4305 αἰτεῖται
1705 4259 1790 4307 τόν

1892 3093 2127 3162 spectis,
2185 3095 2472 3162 tanquam
2526 3085 2852 3152 inutilibus,
2910 3084 3139 3140 accedit
3163 3083 3241 3139 ad
3270 3083 3426 3138 illius
3456 3098 3541 3137 se-

1893 3180 2185 3252 pulcrum.
2211 3179 2301 3233 Ad
2339 3177 2505 3250 quod
2542 3192 2680 3232 cum
2730 3174 3008 3240 venisset,
3050 3189 3166 3229 non
3194 3174 3378 3228 utitur
3414 3171 3544 3243 qui-

1891 3271 2029 3325 dem
2111 3266 2408 3340 aliquibus
2457 3265 2778 3337 negotiosis
2860 3263 3293 3330 vacationibus,
3354 3276 3545 3333 neque

1893 3358 2108 3414 multas
2147 3357 2368 3428 alioqui
2413 3355 2540 3410 dies
2605 3353 2719 3409 illic
2767 3353 3007 3418 assidet,
3037 3352 3142 3408 sed
3168 3351 3298 3407 sola
3338 3366 3548 3421 preca-

1891 3447 2051 3503 tione
2090 3451 2146 3502 et
2172 3447 2447 3501 unctione
2489 3442 2796 3514 unguenti,
2851 3441 3018 3514 quod
3082 3440 3241 3497 illinc
3279 3439 3543 3504 scaturit,

1894 3536 2074 3593 utitur
2130 3535 2342 3590 liniens
2397 3549 2594 3603 genua
2652 3531 2806 3587 male
2855 3530 3157 3586 habentia.
3192 3528 3364 3595 Quod
3405 3543 3544 3583 cum

1891 3618 2117 3683 factum
2165 3628 2341 3691 esset,
2383 3622 2666 3678 continuo
2693 3619 2884 3675 morbi
2916 3617 3311 3674 incommodis
3337 3616 3551 3672 libera-

1894 3723 2012 3786 tus,
2035 3713 2412 3786 pedibusque
2442 3726 2600 3768 novo
2638 3709 2852 3766 robore
2883 3707 3131 3763 ﬁrmiter
3159 3706 3548 3762 conﬁrmatus

1895 3806 2003 3861 fuit
2034 3823 2047 3864 :
2076 3809 2133 3859 et
2185 3817 2324 3858 mox
2355 3805 2475 3856 toto
2525 3814 2709 3854 sanus
2748 3812 3016 3868 corpore,
3050 3801 3106 3851 et
3149 3795 3319 3850 laetus
3340 3793 3548 3849 animo

1897 3895 2146 3950 domum
2200 3890 2524 3946 revertitur.
2577 3890 2783 3943 Verum
2835 3887 3138 3942 enimvero
3201 3899 3338 3939 cum
3376 3882 3549 3938 vellet

1899 3982 2230 4047 ostendere,
2259 3996 2380 4036 non
2407 3980 2466 4034 in
2508 3979 2794 4050 ignavum
2820 3975 3148 4042 hominem,
3191 3979 3246 4030 et
3277 3971 3552 4028 beneﬁcii

1901 4071 2129 4144 accepti
2170 4071 2608 4136 immemorem,
2659 4066 2720 4122 id
2775 4065 2957 4123 fuisse
3000 4064 3306 4134 collatum,
3357 4063 3462 4118 sed
3492 4061 3551 4116 in

1902 4164 2096 4218 virum
2149 4165 2384 4231 gratum
2424 4165 2480 4214 et
2502 4159 2665 4230 pium
2724 4173 2736 4223 ;
2785 4155 3075 4228 quoniam
3123 4151 3309 4208 divini
3368 4150 3552 4222 hujus

1907 4251 2257 4324 Sampsonis
2279 4249 2496 4304 domus
2517 4254 2654 4302 tunc
2677 4245 2833 4302 male
2851 4251 3011 4299 sarta
3028 4248 3299 4314 tectaque
3318 4241 3554 4297 ruinam

230 4333 430 4396 χρηστὸν
485 4338 874 4384 Κωνσταντῖνον
927 4335 1134 4405 (ἐκεῖνος
1171 4341 1272 4409 γὰρ
1323 4336 1382 4397 ἦν
1440 4342 1464 4392 ό
1514 4347 1625 4395 τότε
1674 4365 1772 4420 κρα

233 4423 277 4433 Α-
312 4417 324 4433 κ
361 4421 370 4430 .
602 4423 658 4433 -_
831 4425 840 4433 .
1067 4428 1085 4433 _
1339 4425 1358 4433 -

1906 4341 2266 4404 minabatur,
2290 4337 2503 4394 oblatis
2528 4335 2794 4407 pecuniis
2814 4350 2882 4389 ac
2910 4332 3248 4404 sumptibus
3273 4334 3554 4402 opportu-

232 4417 326 4486 τῶν)
357 4421 753 4495 ἐγχειρισθῆναι
796 4425 844 4473 οὶ
895 4432 982 4474 του
1037 4428 1181 4477 οἴκου
1231 4425 1385 4480 τοῦδε
1433 4435 1525 4489 τὴν
1566 4417 1796 4504 προστα-

234 4507 346 4558 σίαν.
372 4506 424 4558 Ὀ
457 4513 545 4579 μεν
578 4507 669 4562 οὖν
711 4507 920 4576 ἐδίδου,
950 4510 1070 4584 ᾔδει
1099 4518 1198 4588 γὰρ
1227 4519 1331 4578 οἷος
1363 4523 1455 4577 τὴν
1502 4519 1794 4594 ἐπιμέλειαν

233 4591 399 4667 ὁανὴρ,
429 4598 577 4658 αὐτὸς
609 4595 668 4651 δε
699 4599 889 4666 λαϐὼν,
923 4602 1014 4653 οὐκ
1043 4601 1194 4671 ἀνίει,
1236 4612 1323 4659 καὶ
1376 4615 1544 4683 χειρὶ,
1592 4591 1652 4664 τὸ
1705 4621 1794 4665 τοῦ

237 4688 380 4750 θάνον,
429 4695 517 4740 καὶ
566 4686 697 4741 ποδὶ
754 4690 1188 4763 συμϐαλλόμενος,
1223 4702 1310 4748 καὶ
1347 4706 1523 4752 πᾶσαν
1575 4703 1794 4774 εἰσάγων

239 4778 320 4820 εκεῖ
339 4778 421 4829 τήν
454 4775 720 4844 σπουδὴν,
753 4781 842 4839 ἕως
870 4778 1124 4840 ἀνέστησέ
1150 4802 1202 4835 τε
1227 4790 1312 4837 καὶ
1343 4786 1627 4862 ἀρκούντως
1654 4794 1792 4862 ἔχειν

236 4861 328 4910 καθ’
352 4861 521 4916 ἑαυτὸν
548 4872 956 4942 παρεσκεύασεν.
1375 4847 1384 4862 .
1676 4847 1718 4862 η

1905 4433 2015 4497 nis,
2048 4429 2212 4503 quod
2244 4427 2531 4485 attinebat
2560 4425 2637 4480 ad
2668 4423 2947 4495 pecunias
2970 4427 3313 4493 etsumptus
3338 4433 3557 4490 oppor-

1909 4527 2101 4586 tunos,
2134 4517 2334 4591 petita
2361 4516 2523 4571 bono
2542 4515 2926 4569 Constantino
2954 4512 3063 4582 (l5)
3083 4511 3202 4581 (ille
3225 4510 3385 4564 enim
3415 4515 3557 4562 tunc

1905 4609 2217 4667 obtinebat
2244 4605 2586 4678 imperium)
2603 4608 2663 4658 ut
2684 4618 2823 4658 cura
2846 4601 3008 4656 illam
3033 4597 3409 4655 restaurandi
3443 4596 3558 4651 sibi

1905 4698 2391 4756 demandaretur.
2442 4696 2633 4766 Atque
2685 4693 2779 4748 ille
2831 4691 3076 4764 quidem
3103 4689 3296 4744 dedit.
3327 4687 3560 4743 Sciebat

1906 4791 2066 4846 enim
2085 4792 2311 4860 quanta
2340 4790 2496 4841 esset
2517 4781 2622 4838 viri
2652 4779 2948 4836 industria
2975 4784 3029 4834 et
3058 4777 3384 4848 diligentia.
3429 4776 3559 4846 Ipse

1909 4885 2106 4935 autem
2140 4892 2278 4930 cum
2300 4875 2643 4944 accepisset,
2668 4885 2788 4926 non
2811 4867 3163 4937 remittebat,
3195 4865 3294 4921 sed
3317 4877 3561 4920 omnem

238 4948 512 5043 “'fléPlem
541 4963 682 5029 apte
739 4959 1042 5027 movebat,
1104 4967 1161 5018 et
1213 4965 1510 5033 manibus,
1550 4975 1612 5026 ut
1663 4972 1896 5040 dicitur,
1936 4967 2308 5043 pedibusque
2345 4960 2769 5026 confundebat,
2801 4963 2856 5014 et
2887 4971 3066 5013 omne
3097 4955 3173 5011 ad
3212 4954 3274 5010 id
3297 4951 3564 5009 studium

239 5034 547 5110 adhibebat,
589 5045 782 5103 donec
828 5063 964 5105 eam
989 5051 1257 5121 restituit,
1279 5061 1334 5110 et
1371 5061 1667 5128 quantum
1700 5062 1759 5118 in
1805 5034 2246 5126 se’fuit,eﬁ‘ecit_,
2280 5058 2344 5110 ut
2374 5066 2556 5108 sanus
2586 5050 2740 5108 bene
2782 5063 2842 5103 se
2867 5046 3139 5103 haberet.

301 5215 468 5277 'Psal.
500 5237 676 5290 van,
713 5227 798 5283 36.

299 5409 798 5510 95.21959erth
829 5423 1033 5508 Graece
1064 5428 1353 5510 εοείρωιξι
1382 5439 1510 5510 erat
1548 5433 1650 5508 ἠδ,
1684 5452 1795 5510 pro

242 5493 338 5552 (Ῑαο
363 5491 802 5551 Constantinum
832 5496 1032 5568 posui,
1065 5491 1284 5560 scilicet
1317 5491 1796 5581 Porphyro’gerni:

602 5588 838 5651 ΡΑτιιοι..
879 5594 984 5654 Cn.
1021 5596 1193 5660 CXV.

1905 5443 2054 5506 tum,
2123 5431 2222 5506 qui
2277 5429 2354 5506 ab
2381 5446 2541 5490 anno
2585 5428 2690 5506 9ίὲ
2739 5437 2920 5500 usque
2949 5419 3023 5482 ad
3059 5424 3134 5506 6_0_
3169 5421 3573 5506 _tenuitimpe-

1904 5497 2082 5567 rium.
2113 5497 2256 5563 Vide
2291 5505 2620 5561 Comment.
2659 5497 2843 5557 Praevl
2874 5513 3039 5555 num.
3075 5497 3178 5570 12,?

3227 5594 3296 5649 10
