4066 6224
19 28 95 2772 ³

21 2717 52 2898 al

19 3081 64 3360 ll

35 3365 62 3634 ἓ

579 260 684 348 εόθ

620 424 632 436 ·’
651 414 782 471 XVI.
816 403 954 470 Nec‘
992 410 1102 467 hoc
1126 425 1370 483 quoque
1423 409 2018 484 praetermittendum,
2073 409 2233 482 quod
2268 411 2314 464 A

575 503 853 561 eumdem
896 499 1097 568 habet,
1146 499 1249 571 qui
1301 515 1520 572 passus
1551 504 1658 566 est,
1720 509 1774 556 et
1801 500 2102 563 eumdem,
2129 499 2233 571 qui

573 593 818 651 curavit.
855 593 1002 646 Nam
1033 587 1134 660 qui
1169 603 1384 660 passus
1409 589 1654 662 quidem
1694 594 1800 654 est,
1834 588 1943 644 fuit
1983 588 2232 656 insignis

575 685 683 738 Leo
712 682 1050 750 :Sampson
1091 680 1290 732 autem
1325 677 1585 743 divinus,
1640 679 1742 750 qui
1803 677 2051 733 curavit.
2089 679 2230 748 Hye-

568 771 657 827 los
705 771 818 843 (l6)
877 773 964 824 est
1018 783 1178 822 unus
1230 766 1474 823 morbus
1505 785 1571 822 ex
1604 767 1674 822 iis
1705 767 1808 839 qui
1839 770 2231 836 corrumpunt

569 858 776 915 oculos
808 857 1144 912 hominum.
1169 853 1438 924 Quicum
1469 855 1528 911 in
1552 855 1705 910 illius
1736 854 2021 910 canthum
2068 853 2230 908 incu-

566 947 817 1010 buisset,
872 960 1012 1001 eum
1069 943 1239 1000 valde
1271 944 1600 1016 premebat.
1633 946 1778 999 Eum
1829 959 1968 998 cum
2014 941 2228 1013 aliquis

565 1037 926 1094 exsecuisset
965 1033 1251 1099 medicus,
1288 1033 1537 1088 laedebat
1569 1032 1788 1105 potius,
1830 1047 2013 1105 quam
2056 1032 2228 1101 juva-

566 1126 670 1182 bat
695 1144 707 1180 ε
729 1126 786 1180 in
819 1125 932 1180 hoc
963 1122 1090 1178 solo
1112 1122 1516 1191 excusandus,
1539 1120 1700 1194 quod
1728 1136 1845 1177 non
1880 1135 1991 1174 sua
2015 1125 2226 1190 sponte

565 1215 861 1270 damnum
893 1211 1104 1268 attulit.
1146 1211 1231 1267 Fit
1254 1211 1413 1266 enim
1441 1211 1621 1266 sectio
1645 1210 1931 1272 maxima,
1970 1213 2026 1263 et
2050 1208 2224 1263 valde

566 1303 923 1376 periculosa,
978 1316 1165 1373 quam
1215 1299 1409 1372 ipsam
1457 1315 1695 1372 quoque
1771 1299 2004 1353 divinus
2059 1302 2226 1353 curat

566 1393 887 1466 Sampson,
929 1389 1076 1446 dum
1130 1387 1284 1445 illius
1313 1393 1617 1459 unguento
1650 1387 1891 1458 ungitur
1941 1386 2222 1458 frequen-

565 1483 699 1549 tius,
759 1480 1027 1554 quodam
1071 1477 1406 1534 admodum
1433 1493 1617 1550 parvo
1667 1476 1868 1533 relicto
1908 1475 2218 1541 foramine,

563 1570 956 1643 idquededita
975 1583 1178 1640 opera,
1206 1572 1516 1640 etpropter
1555 1566 1880 1623 utilitatem.
1923 1564 2072 1620 Nam
2117 1581 2224 1637 per

562 1661 763 1732 ipsum
792 1660 1015 1715 humor
1044 1657 1296 1729 quidam
1339 1655 1507 1713 facile
1534 1655 1808 1723 efﬂuens,
1859 1659 1912 1711 et
1944 1653 2118 1710 oculo
2165 1658 2221 1710 et

563 1749 738 1822 capiti
791 1747 1047 1803 multum
1090 1745 1328 1816 profuit.

599 1838 760 1894 'XVll
802 1835 1128 1908 Adjiciatur
1154 1834 1281 1891 aliis
1317 1834 1519 1906 magni
1560 1833 1917 1905 Sampsonis
1969 1832 2224 1889 miracu-

558 1927 630 1984 lis
664 1924 1021 1982 miraculum
1058 1938 1304 1996 quoque
1343 1923 1593 1980 Genesii.
1627 1925 1770 1978 Nam
1802 1925 2013 1994 praeter
2043 1926 2222 1977 terro-

557 2022 704 2082 rem,
763 2015 946 2071 habet
993 2015 1172 2070 etiam
1230 2013 1288 2068 in
1317 2011 1859 2082 sejucunditatem,
1905 2015 1964 2066 et
2001 2015 2086 2065 est
2118 2026 2221 2065 au-

558 2107 683 2160 ditu
723 2104 1168 2174 dignissimum.
1199 2101 1299 2156 Hie
1332 2117 1474 2171 ergo
1505 2100 1787 2156 Genesius
1818 2105 1941 2156 erat
1971 2099 2213 2171 quidem

560 2203 712 2249 u‘nus
740 2210 806 2249 ex
841 2193 997 2248 clero
1047 2207 1060 2257 ;
1093 2191 1204 2247 fuit
1229 2196 1428 2246 autem
1450 2189 1669 2244 multos
1721 2205 1912 2245 annos
1953 2189 2218 2244 minister

554 2281 913 2339 xenodochii
981 2295 1157 2349 ;non
1202 2278 1402 2334 minus
1461 2277 1644 2347 enim,
1739 2295 1918 2346 quam
1983 2278 2216 2348 triginta

555 2387 844 2428 annorum
884 2369 991 2425 fuit
1012 2369 1140 2440 ejus
1183 2367 1595 2424 ministerium.
1640 2369 1773 2422 Erat
1813 2371 2012 2422 autem
2047 2367 2104 2420 in
2143 2382 2214 2422 eo

555 2460 887 2517 admodum
913 2473 1115 2515 socors
1155 2463 1211 2513 et
1252 2455 1576 2527 negligens.
1622 2454 1749 2511 Una
1805 2457 2002 2527 itaque
2044 2460 2214 2510 nocte

555 2549 850 2606 accedens
877 2547 1150 2612 Sanctus,
1184 2548 1403 2602 multas
1427 2546 1477 2601 ei
1507 2546 1717 2616 plagas
1735 2543 1968 2613 inﬂixit,
1981 2545 2209 2599 dicens:

556 2640 670 2693 Cur
715 2653 836 2693 non
868 2653 938 2694 ea
967 2635 1216 2709 praebes,
1259 2633 1482 2706 quibus
1509 2640 1682 2702 egent
1713 2633 1932 2687 inﬁmi
1964 2632 1990 2686 ἢ
2019 2638 2075 2688 et
2113 2649 2214 2688 cur

555 2726 923 2798 negligenter
979 2723 1232 2780 versaris
1285 2723 1340 2778 in
1368 2722 1480 2778 hoc
1522 2727 1623 2778 tuo
1656 2721 1982 2777 ministerio
2019 2722 2046 2777 ‘2
2080 2722 2211 2777 Haec

555 2823 756 2872 autem
827 2828 948 2870 non
1001 2812 1064 2868 in
1105 2811 1355 2880 somnis,
1396 2826 1587 2882 neque
1621 2825 1725 2882 per
1763 2811 1988 2864 nudam
2015 2809 2210 2864 solum

553 2905 841 2960 visionem
887 2902 1065 2968 facta,
1124 2901 1230 2956 sed
1258 2914 1436 2971 opere
1466 2903 1601 2972 ipso
1650 2915 1791 2954 mox
1835 2898 2204 2954 manifestata

554 2992 814 3047 fuerunt.
846 2993 1011 3046 Mane
1053 2990 1212 3044 enim
1283 2995 1517 3042 mutum
1561 2987 1804 3058 quidem
1851 2994 1976 3041 erat
2013 3002 2080 3041 os
2108 2988 2210 3041 Ge-

555 3080 740 3141 nesio,
772 3078 919 3134 livor
950 3082 1152 3133 autem
1185 3081 1240 3132 et
1269 3075 1472 3131 tibices
1515 3074 1808 3129 manifesti
1842 3074 1900 3130 in
1937 3090 2204 3146 corpore,

553 3179 676 3224 n'on
731 3166 950 3231 minus,
1019 3180 1204 3237 quam
1263 3164 1490 3232 lingua,
1544 3163 1704 3234 quod
1739 3163 1960 3218 factum
1995 3164 2203 3230 fuerat,

553 3255 995 3328 signiﬁcabant.
1024 3258 1170 3310 Cum
1199 3252 1702 3324 itaquequidnam
1733 3252 1843 3307 sibi
1875 3252 2201 3318 accidisset,

552 3348 795 3416 rogatus
835 3342 1128 3415 explicare
1163 3355 1281 3396 non
1313 3344 1534 3412 posset,
1577 3341 1628 3394 ei
1668 3340 1843 3395 datur
1881 3340 2105 3405 charta,
2145 3341 2203 3396 in

550 3449 671 3506 qua
712 3432 966 3504 scripsit,
991 3430 1296 3504 quomodo
1320 3445 1380 3485 se
1406 3429 1756 3485 habuissent
1787 3444 1854 3484 ea
1888 3446 2019 3500 quae
2052 3429 2204 3485 facta

550 3523 800 3579 fuerant.
867 3521 1010 3576 Tres
1057 3519 1294 3576 interim
1355 3519 1482 3574 dies
1524 3518 1952 3590 prasterierunt,
2011 3524 2066 3574 et
2108 3518 2202 3575 ille

546 3611 791 3684 quidem
825 3610 1020 3666 adhuc
1051 3613 1175 3665 erat
1199 3607 1470 3678 elinguis.
1507 3609 1647 3663 Cum
1682 3608 1808 3663 haec
1841 3613 2040 3663 autem
2074 3609 2200 3680 jam

547 3700 842 3758 audiisset
874 3697 1264 3769 Drungarius,
1291 3713 1411 3753 non
1445 3696 1702 3768 amplius
1719 3697 2005 3752 contineri
2039 3705 2197 3768 pote-

545 3796 657 3852 rat,
687 3789 791 3845 sed
817 3788 895 3845 ad
927 3803 1161 3844 sacram
1184 3786 1431 3843 domum
1459 3787 1656 3842 statim
1688 3785 2199 3857 accedit,cupiens

545 3896 650 3954 per
678 3877 1200 3948 interrogationem
1236 3881 1290 3932 et
1311 3876 1763 3949 responsionem
1795 3875 2000 3931 audire
2031 3892 2198 3948 aper-

543 3970 677 4035 tius,
710 3984 932 4040 eaquae
970 3967 1125 4022 facta
1155 3965 1391 4022 fuerant
1423 3981 1435 4019 :
1471 3965 1572 4020 sed
1607 3966 1855 4019 modum
1883 3980 2004 4020 non
2029 3965 2194 4020 inve-

541 4059 712 4114 niens
753 4061 993 4129 propter
1027 4055 1284 4117 vincula,
1332 4053 1550 4124 quibus
1615 4053 1813 4108 adhuc
1861 4059 1985 4109 erat
2025 4055 2197 4109 astri-

539 4153 634 4203 cta
674 4147 880 4219 lingua
931 4143 1292 4215 asgrotantis,
1335 4158 1460 4198 rem
1511 4144 1824 4198 committit
1868 4144 2142 4214 precibus
2177 4167 2189 4197 :

537 4238 748 4292 Sancte
781 4235 898 4299 Dei,
940 4235 1163 4298 dicens,
1190 4231 1322 4301 scis,
1359 4233 1473 4287 scis
1504 4239 1734 4303 quanta
1763 4248 1896 4287 mea
1925 4233 1998 4287 sit
2049 4233 2105 4287 in
2141 4238 2190 4289 te

539 4325 705 4387 fides,
737 4329 791 4379 et
820 4339 1004 4395 quam
1059 4321 1267 4377 fuerim
1298 4320 1355 4376 in
1386 4327 1484 4376 tuo
1534 4320 1858 4376 ministerio
1921 4319 2188 4391 diligens,

539 4413 813 4482 concede,
847 4417 907 4468 ut
935 4411 1217 4467 Genesius
1246 4425 1357 4465 sua
1383 4409 1507 4481 ipse
1539 4409 1764 4478 lingua,
1799 4425 1932 4482 quae
1978 4427 2189 4482 passus

537 4508 644 4568 est,
675 4502 956 4558 enuntiet.
978 4503 1121 4556 Cum
1143 4499 1235 4556 ille
1254 4499 1335 4554 sic
1358 4504 1510 4554 esset
1537 4504 1907 4568 precaturus,
1943 4515 2059 4555 non
2084 4500 2191 4555 fuit

536 4591 839 4647 fraudatus
872 4605 983 4645 sua
1027 4589 1307 4661 petitione
1345 4604 1359 4653 ;
1395 4587 1496 4642 sed
1537 4587 1612 4642 ab
1651 4587 1784 4657 ipso
1816 4596 2056 4657 rogatus
2088 4590 2188 4645 Ge-

535 4680 754 4746 nesius,
785 4680 1044 4752 primum
1069 4677 1309 4748 quidem
1349 4675 1734 4742 halbutiebat,
1769 4676 2112 4749 exiliterque
2134 4684 2189 4734 et

534 4769 810 4825 intercise
865 4767 1236 4840 loquebatur,
1297 4772 1353 4822 et
1390 4781 1459 4821 ea
1506 4765 1757 4829 dicebat,
1799 4782 1932 4838 quae
1990 4768 2187 4824 minus

533 4859 778 4930 intelligi
809 4861 1086 4930 poterant
1123 4857 1341 4926 Lingua
1373 4859 1572 4911 autem
1615 4856 1664 4909 ei
1707 4855 1999 4926 paulatim
2040 4856 2186 4912 rela-

532 4954 690 5015 xata,
740 4947 949 5004 omnia
1001 4945 1268 5017 explicat,
1326 4944 1611 5015 adjiciens
1643 4945 1819 4999 etiam
1862 4944 2086 5016 aliquid
2113 4945 2186 5000 de

530 5041 712 5095 domo
740 5037 942 5108 magni
988 5035 1355 5106 Sampsonis,
1383 5038 1625 5104 propter
1656 5031 1814 5088 illam
1848 5035 2006 5088 enim
2041 5034 2187 5089 indi-

529 5129 733 5198 gnatio
792 5126 1089 5200 praecipue
1142 5129 1271 5180 orta
1324 5128 1441 5178 erat
1471 5138 1484 5178 :
1521 5139 1648 5193 quae
1680 5123 1918 5193 quidem
1946 5123 2186 5198 domus,

528 5219 674 5272 dum
707 5218 794 5272 vir
821 5221 1065 5272 sanctus
1106 5213 1300 5268 adhuc
1325 5212 1558 5267 vivebat
1597 5212 1748 5267 inter
1779 5212 2050 5267 homines
2095 5231 2185 5268 su-

526 5312 771 5378 perstes,
806 5305 1024 5361 nullius
1051 5303 1216 5376 pretii
1243 5302 1354 5373 (l7)
1379 5307 1522 5368 erat,
1557 5305 1613 5357 et
1654 5302 2180 5372 contemnebatur;

597 5431 710 5500 (16)
739 5429 967 5496 ’Υελοπὴ,
1007 5429 1198 5502 inquit
1245 5426 1520 5502 _Cangi_us_
1542 5426 1618 5502 inp
1651 5426 1946 5482 Glossario
1973 5429 2174 5502 Graeco

524 5498 805 5572 cat-baro,
854 5509 958 5572 est
995 5498 1202 5572 vitium
1234 5499 1302 5572 _in
1322 5498 1744 5572 accipitribus,
1774 5514 1909 5572 cum
1953 5498 2173 5572 scilicet

525 5571 736 5632 Bculos
789 5571 971 5649 quasi
993 5571 1208 5630 vitreos
1233 5569 1483 5630 habenti
1507 5570 1662 5628 ldem
1692 5569 1926 5628 videtur
1951 5569 2173 5644 signifi-

1939 265 2238 340 ~MENSIS
2281 269 2553 343 iurans.

3809 293 3903 351 300

2416 411 2515 476 ἶς’.
2561 408 2700 466 Οὐδὲ
2751 419 2900 464 τοῦτο
2951 411 3256 484 παραλιπεῖν
3309 412 3474 478 ἄξιον,
3521 413 3543 463 ὁ
3588 420 3669 466 καί
3717 420 3792 470 τόν
3833 421 3898 472 ἰα-

2343 502 2560 572 σάμενον
2595 507 2682 553 καὶ
2730 505 2815 554 τὸν
2861 501 3014 554 αὐτόν
3069 500 3153 552 ἐπὶ
3207 501 3359 572 οἰμφω
3413 500 3612 554 ἐαθέντα
3648 512 3895 576 σημαίνει·

2341 591 2364 642 6
2413 593 2502 662 μὲν
2549 593 2650 664 γὰρ
2689 587 2749 648 ἦν
2783 592 2808 642 ό
2860 594 3138 664 περιφανὴς
3182 595 3342 654 Λέων,
3377 590 3594 661 Σαμψὼν
3625 589 3678 645 δὲ
3720 596 3742 646 6
3786 599 3898 658 θεῖος

2338 679 2363 728 ό
2425 679 2721 751 ἰασάμενος.
2779 679 2968 750 ’Υέλωψ
3025 682 3082 730 τὸ
3147 681 3313 740 πάθος
3369 681 3417 730 ἓν
3475 679 3583 732 ἐστι
3635 688 3714 733 καὶ
3764 695 3899 738 τοῦτο

2337 776 2435 820 τῶν
2493 768 2787 841 ὀφθαλμοὺς
2843 767 3122 840 ἀνθρώπων
3177 767 3558 833 ἐπισαινόντων,
3611 771 3654 834 6,
3710 778 3791 824 καὶ
3839 784 3901 844 τῷ

2336 856 2527 909 ἐκείνου
2586 859 2756 928 κανθῷ
2810 856 3128 927 ἐπισκῆψαν,
3187 855 3380 916 ἐπίεζεν
3459 857 3700 929 ἰσχυρῶς.
3755 867 3904 915 Τοῦτο

2338 945 2524 1020 ἰατρῶν
2589 967 2667 1008 τις
2738 945 2982 1017 ἐκκόψας,
3055 945 3300 1017 βλάπτων
3373 948 3580 1018 ὑπῆρχε
3633 949 3810 1020 μᾶλλον
3877 953 3902 1010 ᾖ

2335 1034 2555 1106 ὠφελῶν,
2589 1041 2678 1086 καὶ
2721 1038 2887 1106 τούτῳ
2928 1041 3066 1106 μόνῳ
3119 1030 3327 1092 δηλαδὴ
3378 1038 3449 1106 μὴ
3507 1043 3905 1109 πονηρευόμενος,

2334 1125 2410 1174 ὅτι
2467 1129 2538 1195 μὴ
2596 1124 2719 1176 ἑκὼν
2796 1123 2954 1193 ἐπῆγε
3002 1127 3094 1182 τὴν
3155 1122 3356 1195 βλάϐην
3391 1139 3403 1151 ”
3460 1129 3680 1195 μεγίστη
3736 1129 3830 1201 γὰρ
3881 1131 3906 1186 ἠ

2330 1217 2460 1284 τομὴ
2516 1217 2714 1284 γίνεται
2772 1217 2861 1264 καὶ
2919 1215 3090 1284 οἷκρως
3142 1212 3446 1284 ἐπισφαλὴς,
3504 1214 3564 1272 ἦν
3621 1219 3705 1266 καὶ
3761 1216 3908 1274 αὐτὴν

2332 1303 2357 1353 ό
2421 1303 2555 1362 θεῖος
2632 1301 2774 1354 ἰᾶται
2854 1301 3096 1373 Σαμψὼν,
3158 1310 3230 1372 τῷ
3316 1300 3507 1352 ἐκείνου
3589 1305 3912 1377 θαμινώτερον

2331 1389 2723 1465 ἐπιχριομένην,
2805 1397 2999 1464 μικρᾶς
3080 1409 3213 1450 τινος
3323 1392 3454 1462 ἄγαν
3539 1391 3912 1465 ὑπολειφθείσης

2331 1478 2478 1545 ὀπῆς,
2513 1485 2600 1532 καὶ
2645 1479 2809 1542 αὐτῆς
2839 1483 2972 1532 κατὰ
3019 1483 3261 1552 πρόνοιαν
3293 1475 3503 1538 δηλαδὴ
3537 1485 3624 1533 καὶ
3666 1490 3754 1534 τοῦ
3800 1483 3915 1554 ὠφε-

2328 1567 2430 1622 λεῖν
2479 1569 2655 1622 ἕνεκεν·
2710 1565 2803 1621 διὰ
2847 1577 2939 1631 τῆς
2985 1569 3148 1630 αὐτῆς
3195 1572 3295 1643 γὰρ
3353 1569 3509 1641 ἰκμάς
3567 1591 3646 1632 τις
3698 1571 3914 1645 εὐχερῶς

2329 1656 2676 1732 ἀπορρέουσα,
2732 1661 2795 1710 τὰ
2847 1658 2960 1730 μεθ’
3014 1657 3105 1710 ὅλα
3162 1666 3232 1728 τῷ
3288 1666 3338 1710 τε
3417 1657 3661 1732 ὀφθαλμῷ
3713 1665 3799 1713 καὶ
3853 1668 3909 1732 τῇ

2257 1766 2300 1820 Β
2329 1745 2520 1818 κεφαλῇ
2559 1751 2828 1800 συνέτεινε.

2403 1835 2500 1888 ΙΖ’.
2545 1838 2835 1908 Προσθὴτω
2886 1841 2975 1888 καὶ
3033 1839 3090 1888 τὸ
3148 1843 3239 1888 τοῦ
3294 1841 3529 1890 Γενεσίου
3585 1844 3693 1899 τοῖς
3756 1837 3914 1898 ἄλλοις

2329 1932 2420 1976 τοῦ
2464 1925 2700 1996 Μεγάλου
2754 1927 3062 1997 θαύμασιονο
3099 1928 3211 1997 ἔχει
3239 1928 3340 2001 γὰρ
3390 1929 3522 1997 μετὰ
3577 1935 3670 1978 τοῦ
3713 1926 3915 2003 φοϐεροῦ

2327 2017 2416 2065 καὶ
2465 2017 2520 2066 τὸ
2561 2018 2767 2086 χαρίεν,
2822 2019 2910 2066 καὶ
2968 2017 3104 2066 ἔστιν
3157 2013 3394 2076 ἐπιεικῶς
3449 2013 3812 2077 ἀξιάκουστον.
3865 2016 3918 2067 Ὀ

2326 2107 2495 2154 τοίνυν
2528 2107 2758 2165 Γενέσιος
2804 2103 2949 2164 οὗτος
2982 2100 3041 2160 ἦν
3091 2106 3179 2174 μὲν
3213 2105 3282 2165 εἷς
3329 2113 3426 2155 τῶν
3478 2111 3570 2156 τοῦ
3620 2107 3831 2176 κλήρου,
3865 2102 3920 2163 ἦν

2325 2187 2384 2243 δὲ
2440 2197 2528 2243 καὶ
2575 2193 2849 2265 ὑπουργῶν
2900 2197 3014 2263 περὶ
3064 2195 3157 2253 τὰς
3206 2201 3296 2244 τοῦ
3346 2193 3558 2255 ξενῶνος
3608 2191 3762 2245 τοῦδε
3801 2194 3921 2246 λειτ-

2322 2286 2556 2353 ουργίας,
2588 2285 2672 2338 ἔτη
2726 2284 2937 2352 συχνά·
2971 2285 3190 2355 καὶγὰρ
3239 2282 3332 2334 οὐκ
3384 2281 3611 2334 ἐλάττων
3663 2283 3690 2340 ἢ
3748 2289 3921 2354 χρόνοι

2320 2372 2597 2443 τριάκοντα
2627 2373 2656 2428 η
2704 2372 2989 2442 ὑπηρεσία.
3019 2371 3306 2442 Ἐτύγχανε
3356 2368 3415 2423 δὲ
3460 2372 3528 2422 ὧν
3578 2371 3769 2444 ἀμελὴς
3813 2379 3919 2446 περὶ

2321 2459 2482 2517 αὐτὴν
2513 2463 2602 2511 καὶ
2647 2458 2877 2530 ἀτέχνως
2924 2461 3175 2533 ῥάθυμος.
3211 2463 3380 2533 Ταύτῃ
3430 2481 3508 2514 τοι
3561 2466 3653 2513 καὶ
3706 2468 3801 2533 μιᾷ
3829 2470 3920 2513 τῶν

2319 2556 2533 2612 νυκτῶν,
2597 2546 2812 2610 ἐπιστὰς
2882 2549 3020 2618 αὐτῷ
3091 2550 3114 2600 ό
3166 2548 3369 2620 Ἀγιος,
3447 2549 3656 2620 πληγὰς
3728 2549 3918 2603 ἐντείνει

2320 2636 2530 2704 πολλὰς,
2583 2639 2676 2688 Διὰ
2733 2642 2785 2688 τί
2837 2643 2927 2708 μὴ,
2987 2638 3165 2707 λέγων,
3217 2643 3473 2712 παρέχεις
3530 2639 3600 2690 ὧν
3646 2645 3830 2712 χρείαν
3875 2641 3918 2691 οἱ

2318 2728 2594 2798 κάμνοντες
2640 2729 2849 2797 ἔχουσι,
2893 2731 2980 2778 καὶ
3027 2722 3120 2778 διὰ
3173 2731 3221 2778 τί
3267 2733 3384 2801 περὶ
3439 2730 3638 2785 ταύτην
3692 2747 3784 2779 σου
3831 2732 3916 2784 τὴν

2319 2811 2587 2867 διακονίαν
2637 2814 2898 2889 ὀλιγώρως
2950 2818 3128 2886 ἓχεῖς;
3163 2822 3336 2868 Ταῦτα
3383 2811 3444 2868 δὲ
3494 2816 3592 2867 οὐκ
3637 2820 3759 2888 ὄναρ
3805 2812 3917 2868 οὐδὲ

2316 2908 2475 2978 μέχρι
2527 2909 2613 2956 καὶ
2656 2903 2811 2974 ψιλῆς
2865 2909 3151 2976 φαντασίας
3191 2907 3376 2976 ἔτυχεν
3431 2905 3772 2978 εἰργασμένα,
3822 2903 3918 2954 ἀλλ’

2317 2991 2394 3043 ἐπ’
2449 2993 2615 3044 αὐτῶν
2664 2995 2905 3068 ἄντικρυς
2937 3002 3032 3045 τῶν
3078 2997 3235 3067 ἔργων
3289 2998 3377 3045 καὶ
3433 2996 3460 3051 ὁ
3519 2991 3788 3056 ὑποδειξις
3832 3011 3919 3064 φα·

2245 3119 2284 3174 C
2313 3083 2452 3152 νερά’
2484 3082 2631 3133 ἕωθεν
2676 3085 2773 3154 γὰρ
2821 3085 3018 3154 ἄφωνον
3066 3087 3155 3155 μεν
3187 3080 3247 3140 ἦν
3302 3091 3372 3152 τῷ
3427 3088 3655 3154 Γενεσίῳ
3706 3087 3762 3134 τό
3817 3086 3924 3133 στό-

2314 3188 2406 3238 μα,
2441 3169 2677 3239 μελανίαι
2728 3166 2786 3222 δε
2836 3176 2923 3222 καὶ
2971 3168 3304 3232 πελιδνωσεις
3335 3176 3457 3243 περὶ
3512 3175 3570 3223 τό
3619 3180 3772 3243 σῶμα
3816 3166 3924 3222 δια-

2315 3265 2502 3328 φανεῖς,
2584 3258 2817 3329 γλώττης
2903 3259 2995 3310 οὐκ
3094 3259 3301 3311 ἔλαττον
3387 3257 3792 3331 ἀπαγέλλουσαι
3867 3259 3926 3308 τὰ

2313 3349 2634 3418 πραχθέντα.
2699 3348 2834 3400 Ἐπεὶ
2893 3345 2978 3400 οὖν
3040 3355 3128 3401 καὶ
3187 3349 3514 3423 ἐρωτώμενος
3575 3350 3602 3402 6
3663 3349 3919 3417 πεπόνθοι,

2313 3431 2650 3508 διασαφῆσαι
2695 3434 2951 3500 ἀδύνατος
2997 3435 3077 3503 ἦν,
3111 3441 3321 3511 χάρτης
3365 3438 3517 3510 αὐτῷ
3571 3436 3810 3498 δίδοται,
3843 3442 3923 3489 καὶ

2309 3526 2496 3595 τούτῳ,
2556 3527 2694 3587 ὅπως
2745 3522 2905 3597 εἶχεν,
2966 3526 3196 3584 ἐντίθησι
3250 3529 3314 3578 τὰ
3364 3533 3715 3601 γεγενημένα.
3784 3533 3922 3601 Τρεῖς

2309 3615 2366 3664 τὸ
2423 3614 2615 3684 μεταξὺ
2665 3615 2928 3687 παρῆλθον
2988 3617 3198 3689 ἡμέραι,
3251 3621 3339 3668 καὶ
3399 3618 3425 3668 6
3484 3621 3582 3689 μὲν
3645 3617 3918 3689 ἄγλωττος·

2309 3710 2378 3772 τῷ
2425 3698 2482 3754 δὲ
2532 3699 2868 3777 δρουγγαρίῳ
2917 3713 3016 3756 τῶν
3067 3710 3444 3780 πεπραγμένων
3493 3706 3775 3760 ἁκουστῶν
3819 3701 3917 3764 ἤδη

2304 3795 2601 3862 γενομένων,
2651 3793 2757 3856 οἷος
2809 3793 2995 3855 ἐκεῖνος
3047 3791 3171 3847 οὐδὲ
3219 3797 3474 3857 καθεκτὸς
3527 3793 3592 3854 ἦν
3648 3800 3747 3863 ἔτι,
3804 3795 3922 3848 ἀλλὰ

2304 3883 2429 3952 πρὸς
2477 3883 2560 3931 τόν
2607 3883 2738 3952 ἱερὸν
2777 3879 2916 3934 οἶκον
2960 3888 3017 3935 τὸ
3067 3889 3368 3956 παραυτίκα
3411 3889 3648 3956 γίνεται.
3699 3890 3800 3938 Καὶ
3843 3881 3921 3936 δι-

2303 3967 2413 4038 ψῶν
2457 3971 2544 4039 μὲν
2587 3965 2681 4020 διὰ
2726 3973 2955 4032 πεύσεως
3005 3976 3094 4023 καὶ
3145 3970 3477 4046 ἀποκρίσεων
3533 3973 3769 4027 ἀκοῦσαι
3811 3993 3923 4046 τρα-

2301 4063 2533 4130 νέστερον
2581 4063 2646 4111 τὰ
2699 4067 3031 4134 γεγενημένα·
3085 4061 3286 4135 ἀπορῶν
3340 4059 3402 4115 δὲ
3463 4061 3564 4116 διὰ
3621 4068 3713 4125 τὰς
3767 4066 3923 4134 ἐγκει-

2300 4151 2455 4219 μένας
2506 4151 2580 4200 ἔτι
2628 4146 2793 4212 πέδας
2848 4159 2908 4221 τῇ
2959 4151 3176 4223 γλώσσῃ
3229 4159 3319 4203 τοῦ
3359 4157 3717 4220 πεπονθότος,
3767 4154 3924 4225 εὐχὴν

2299 4238 2363 4287 τὰ
2421 4245 2511 4289 τοῦ
2581 4240 2887 4312 πράγματος
2939 4238 3223 4315 ἐπιτρέπει·
3274 4239 3428 4312 Ἀγιε
3486 4252 3586 4295 τοῦ
3645 4251 3804 4308 Θεοῦ,
3849 4243 3924 4294 λέ-

2296 4345 2421 4395 γων,
2456 4329 2499 4378 εἰ
2543 4347 2644 4398 μου
2699 4325 2949 4390 σύνοιδας
2990 4333 3083 4387 τὴν
3136 4334 3311 4382 πίστιν
3356 4331 3464 4389 ὅση
3526 4336 3663 4406 πρὸς
3713 4338 3792 4397 σε,
3840 4336 3924 4384 καὶ

2298 4416 2435 4475 ὅπως
2490 4415 2865 4488 ἐμμελέστατος
2918 4421 3016 4489 ἐγὼ
3074 4423 3190 4491 περὶ
3247 4423 3331 4477 τὴν
3401 4419 3774 4494 λειτουργίαν,
3837 4418 3926 4480 δὸς

2299 4503 2427 4575 αὐτῇ
2482 4504 2678 4577 γλώττῃ
2737 4525 2826 4578 μοι
2875 4509 2960 4558 τὸν
3007 4511 3237 4559 Γενέσιον
3291 4507 3316 4559 ὃ
3358 4513 3625 4562 πέπονθεν
3673 4509 3922 4582 ἀπαγγεί-

2295 4591 2400 4646 λαι.
2441 4593 2617 4654 Οὕτως
2648 4593 2834 4656 ἐκεῖνος
2879 4595 3164 4668 εὐξάμενος,
3198 4596 3255 4648 οὗ
3304 4593 3584 4674 διήμαρτε
3636 4609 3731 4662 τῆς
3779 4601 3922 4658 αἰτη-

2300 4700 2447 4747 σεως,
2500 4681 2606 4732 ἀλλ’
2650 4681 2975 4755 ἐρωτώμενος
3020 4685 3107 4736 ὑπ’
3157 4684 3315 4737 αὑτοῦ
3358 4687 3384 4736 6
3435 4693 3709 4759 Γενέσιος,
3744 4698 3923 4762 πρῶτα

2296 4774 2384 4842 μὲν
2432 4769 2829 4843 ὑποϐαταρίζων
2880 4770 2960 4838 ἦν,
3019 4771 3268 4848 ἀμυδρῶς
3314 4794 3368 4827 τε
3414 4782 3513 4830 καὶ
3564 4775 3926 4850 διακεκομμέ-

2295 4879 2387 4920 νως
2436 4861 2874 4932 ὑποφθεγγόμενος
2930 4867 3019 4914 καὶ
3075 4863 3228 4921 ἧττον
3303 4869 3504 4919 συνετὰ
3564 4867 3753 4939 λέγων·
3810 4866 3921 4919 κατ’

2297 4949 2463 5020 ὀλίγον
2497 4946 2554 5000 δὲ
2587 4948 2852 5012 ἀνεθείσης
2901 4951 3040 5021 αὐτῷ
3085 4961 3177 5014 τῆς
3216 4952 3462 5023 γλώττης
3514 4960 3699 5010 πάντα
3733 4954 3923 5010 διασα-

2299 5046 2396 5110 φεῖ,
2447 5041 2692 5112 προσθεὶς
2722 5047 2810 5092 καὶ
2863 5044 2925 5093 τα
2972 5046 3089 5114 περὶ
3142 5050 3238 5104 τῆς
3285 5044 3542 5114 Μεγάλου
3607 5048 3800 5108 οἰκίας.
3855 5044 3928 5098 Δι’

2297 5126 2489 5183 ἐκείνην
2534 5129 2635 5199 γὰρ
2684 5133 2772 5179 καὶ
2817 5129 3007 5201 μᾶλλον
3057 5131 3086 5188 ἠ
3141 5129 3540 5201 ἀγανάκτησις,
3599 5139 3720 5198 ἣτις
3776 5136 3931 5197 ζῶντι

2295 5219 2383 5288 μὲν
2435 5223 2506 5284 τῷ
2557 5215 2736 5288 Ἀγίῳ,
2789 5223 2876 5270 καὶ
2937 5221 3010 5270 ἔτι
3067 5223 3296 5294 περιόντι
3369 5232 3452 5293 τῷ
3519 5223 3656 5297 βίῳ,
3726 5225 3930 5297 φαύλως

2296 5303 2408 5375 εἶχε
2454 5310 2540 5356 καὶ
2599 5307 2780 5368 ἱκανῶς
2831 5304 3226 5370 ἐξουδενοῦντο·
3257 5315 3637 5380 μεταστάντος
3690 5311 3752 5368 δε
3804 5317 3934 5388 πρὸς

2285 5445 2425 5484 care
2455 5428 2668 5502 Ὑελῶψ.

2355 5501 2824 5594 ςίλῂιῖλρεέξέεῖῼ.
2855 5503 3500 5594 ξίξὶιῐςθίινξεηοςῑοίεξιιίρ
3558 5510 3928 5594 Sampsonis

2283 5571 2452 5649 (dum
2472 5573 2569 5632 hic
2591 5575 2826 5648 viveret)
2851 5583 3233 5651 prospectum
3263 5583 3395 5637 erat
3427 5581 3514 5638 de
3542 5571 3860 5642 reditibus
3893 5599 3926 5640 «ε
