4084 6216
192 252 261 310 am
1417 226 1582 301 VITA
1620 239 1681 297 s.
1722 230 2149 303 SAMPSONIS.

3368 250 3477 310 302

197 383 299 445 Θεὸν,
328 381 407 430 καὶ
449 373 551 434 ἤδη
590 382 802 448 φανεροῦ
845 377 1113 447 γενομένου
1154 378 1248 432 τήν
1300 374 1575 445 ἁγιότητα,
1610 362 1715 420 ἔδει

1828 373 1960 439 post
1988 375 2241 431 mortem
2273 390 2415 433 vero
2446 375 2574 447 ejus
2604 378 2659 430 et
2688 372 3127 431 manifestatam
3160 376 3478 437 sanctimo-

190 474 341 528 πάντως
379 465 533 523 αὐτὴν
570 469 654 517 καὶ
712 472 865 537 τιμῆς
913 462 1211 529 ἀξιοῦσθαι,
1258 468 1348 515 καὶ
1394 466 1461 525 ὡς
1522 461 1714 513 ἐκείνου

187 560 313 612 οἰκίαν
336 556 645 627 λογίζεσθαι·
679 555 705 606 ὅ
750 551 818 613 δὴ
865 559 953 605 καὶ
994 558 1198 625 γέγονεν
1255 552 1477 614 εὐσεϐῶς
1528 571 1581 604 τε
1628 556 1718 602 καὶ

180 648 392 718 adedit»;
442 646 505 704 εἰς
552 647 648 717 γὰρ
690 648 810 696 ναὸν
861 643 1256 716 μεταϐέϐληται,
1307 648 1396 695 καὶ
1444 642 1718 713 ἁγιστείας

176 737 368 799 ἀξιοῦται
390 744 479 795 τῆς
507 737 896 809 προσηκουσης.

228 914 313 968 lll'.
360 912 487 966 Ἀλλ’
518 910 639 965 οὐδὲ
671 917 728 965 τὸ
770 916 900 985 πρὸς
942 916 1028 964 τὸν
1069 911 1387 985 Εὐστράτιον
1434 912 1627 982 θαῦμα,
1663 910 1716 971 ὃς

175 1012 239 1056 τοῦ
276 1002 548 1073 καταλόγου
596 1005 685 1074 μὲν
734 1011 831 1054 τῶν
886 1002 1295 1076 προσπαθαρίων
1347 998 1454 1052 ἐστὶ
1510 1000 1606 1069 (ἔτι
1658 995 1717 1051 δὲ

174 1095 246 1153 ζὼν
288 1097 366 1144 καὶ
402 1097 583 1164 περιὼν
620 1088 932 1163 δείκνυται),
981 1093 1167 1163 μικρὸν
1193 1088 1298 1141 οἷον
1347 1092 1522 1141 καὶτὸ
1551 1091 1715 1160 τυχὸν

173 1190 237 1234 καὶ
285 1179 394 1235 οὐδὲ
443 1186 655 1254 μνήμης
712 1181 873 1243 ἀξιον.
932 1180 1109 1249 ’Ὴλγει
1196 1182 1284 1250 μὲν
1360 1182 1461 1253 γὰρ
1530 1177 1717 1238 ἐκεῖνος

174 1272 395 1344 ὀφθαλμῶν
448 1268 511 1328 δὴ
571 1276 663 1322 καὶ
720 1272 906 1344 ἕτερον,
960 1274 1051 1321 καὶ
1098 1269 1211 1320 λίαν
1260 1264 1518 1341 σφοδρῶς⁹
1581 1264 1717 1337 φίλος

173 1358 295 1417 δὲῆν
337 1361 465 1430 αὐτῷ
512 1366 601 1411 καὶ
654 1361 885 1421 συνηθης
944 1359 968 1410 ὁ
1022 1358 1487 1433 πρωτοσπαθάριος
1553 1359 1714 1424 Λέων,

172 1453 209 1501 ὃν
272 1454 349 1502 καὶ
424 1450 801 1521 ὑπηρετεῖσθαι
875 1456 947 1519 τῷ
1020 1444 1357 1521 δρουγγαριῳ
1431 1446 1718 1517 φθάσαντες

172 1537 469 1611 ἐδηλώσαμεν,
541 1540 594 1599 ὃς
648 1543 739 1590 καὶ
814 1543 907 1596 τὴν
964 1544 1056 1588 του
1120 1536 1322 1599 ξενῶνος
1389 1538 1717 1609 προστασίαν

174 1628 540 1702 ἐπιτετραμμνος
594 1624 657 1685 ἧν
691 1627 745 1689 ἑξ
788 1626 998 1696 ἐκείνου,
1049 1623 1260 1686 ὀδύναις
1285 1625 1421 1677 οὕτω
1469 1624 1721 1697 βαλλόμε-

1826 456 2005 525 niam,
2038 462 2297 521 debebat
2326 465 2489 522 omni
2522 463 2901 521 veneratione
2928 463 3209 520 honorari
3262 482 3332 523 ac
3386 485 3481 525 ve-

1822 545 1929 602 luti
1963 550 2151 621 ipsius
2181 554 2400 610 domus
2442 554 2729 627 reputari.
2783 552 2947 618 Quod
2980 554 3226 625 quidem
3257 554 3479 616 factum

1823 642 1909 693 est
1928 640 2022 710 pie
2049 646 2104 697 et
2128 643 2401 714 religiose
2432 660 2443 699 :
2475 649 2703 701 mutata
2730 643 2890 699 enim
2908 647 2999 699 est
3042 644 3105 699 in
3164 645 3476 717 templum,

1824 732 1880 782 et
1944 735 2220 789 assecuta
2296 737 2384 791 est
2435 750 2591 805 eam,
2663 748 2847 806 quam
2904 748 3015 805 par
3070 737 3176 806 est,
3236 750 3484 794 venera-

1824 816 2071 875 tionem.

1894 910 2069 964 XVlll.
2106 911 2216 967 Sed
2251 928 2439 985 neque
2494 913 2655 985 quod
2711 913 2771 969 in
2836 911 3203 970 Eustratium
3256 912 3481 972 factum

1823 1003 1915 1052 est
1993 999 2373 1070 miraculum,
2444 1003 2548 1075 qui
2618 1008 2708 1059 est
2746 1003 2807 1058 in
2856 1003 3481 1075 protospathariorum

1824 1085 2069 1158 quidem
2101 1088 2314 1145 relatus
2345 1106 2665 1147 numerum
2698 1091 2807 1163 (est
2839 1096 3038 1147 autem
3072 1091 3274 1147 adhuc
3306 1094 3478 1149 vivus

1825 1181 1880 1231 et
1904 1183 2227 1249 superstes)
2259 1196 2513 1251 parvum
2546 1185 2636 1237 est
2688 1184 2743 1236 et
2782 1180 3052 1250 vulgare,
3084 1184 3141 1236 et
3166 1181 3481 1252 indignum

1822 1273 2317 1325 commemoratu.
2350 1272 2498 1324 Nam
2521 1269 2572 1324 ei
2590 1268 2836 1341 quidem
2867 1269 3040 1325 valde
3066 1270 3309 1328 dolebat
3337 1271 3483 1327 alter

1824 1370 1895 1409 ex
1925 1355 2130 1413 oculis.
2161 1359 2304 1413 Cum
2336 1360 2386 1413 ei
2411 1363 2609 1415 autem
2638 1362 2793 1415 esset
2809 1359 3065 1423 amicus,
3087 1364 3145 1415 et
3169 1359 3481 1417 familiaris

1826 1444 1939 1499 Leo
1960 1446 2491 1518 protospatharius,
2533 1463 2712 1519 quem
2769 1448 2933 1520 prius
2996 1448 3254 1504 diximus
3310 1449 3483 1505 mini-

1825 1539 2041 1589 strasse
2070 1535 2421 1605 Drungario,
2456 1536 2549 1592 cui
2577 1537 2756 1593 etiam
2786 1536 2982 1592 fuerat
3031 1537 3108 1593 ab
3163 1538 3265 1594 illo
3322 1554 3483 1595 com-

1826 1621 2012 1678 missa
2041 1639 2178 1679 cura
2201 1624 2577 1690 xenodochii,
2608 1629 2665 1680 et
2690 1624 2935 1681 vidisset
2963 1642 3099 1681 eum
3132 1626 3287 1683 afﬁci
3314 1631 3479 1683 tanto

175 1739 236 1771 νον
271 1726 361 1778 ταῖς
394 1721 442 1770 ἑκ
487 1725 579 1770 τοῦ
639 1716 903 1789 ὀφθαλμοῦ
951 1712 1166 1768 ἐπιδών·
1203 1715 1260 1767 Εἰ
1291 1720 1552 1779 ποιήσεις,
1600 1716 1713 1785 ἔφη,

1828 1711 2028 1768 dolore
2050 1713 2237 1771 oculi:
2274 1714 2329 1771 Si
2363 1714 2589 1780 feceris,
2651 1715 2859 1787 inquit,
2893 1731 2928 1772 o
2959 1716 3155 1773 amice
3200 1718 3479 1781 Eustrati,

183 1808 265 1877 γίλε
296 1809 570 1882 Εὖστράτιε,
632 1808 751 1880 ὅπερ
786 1804 885 1876 ἐγώ
934 1825 1017 1857 σοι
1063 1806 1359 1876 ὑπόθωμαι,
1401 1800 1551 1856 οὐδὲν
1592 1802 1716 1865 ἔξεις

186 1900 228 1946 τό
272 1896 439 1964 mlier,
492 1899 638 1967 ἔχων
695 1899 780 1946 τὸν
830 1894 1091 1966 ὀφθαλμόν
1138 1895 1283 1965 ὑγιᾶ.
1341 1894 1609 1966 Ἐρομένου
1658 1888 1717 1943 δὲ

184 1993 250 2035 τοῦ
288 1987 607 2057 Εὖστρατίου.
665 1988 727 2036 Τί
779 2002 901 2035 ποτε
950 1982 1089 2035 ἐστιν
1141 1985 1165 2034 ὅ
1220 1988 1467 2049 mdical;
1510 1980 1715 2033 Ἐλαίου

408 2075 431 2090 ν

178 2071 303 2125 δεῖται
344 2077 365 2126 ὁ
408 2075 571 2143 ξένων,
641 2076 757 2145 ἔφη,
813 2078 899 2125 καὶ
955 2072 996 2124 εἰ
1052 2072 1286 2146 παρέξεις
1335 2076 1392 2123 τὸ
1448 2074 1577 2143 πρός
1624 2074 1715 2128 τὴν

1516 2158 1713 2232 βούλει,

173 2260 236 2304 καὶ
271 2252 531 2324 ἐγγράφους
594 2272 680 2304 σοι
728 2254 913 2303 τούτου
963 2251 1168 2325 παρέξω
1220 2253 1311 2312 τὰς
1348 2255 1572 2309 πίστεις.
1616 2249 1716 2300 Οὖ-

557 2119 571 2143 ἳ

173 2170 328 2233 χρείαν,
390 2163 773 2236 ἀναμφιλέκτως
852 2164 1097 2233 ὑγιανέίς’
1164 2164 1321 2233 ὅμως,
1381 2161 1425 2212 εἰ

173 2361 238 2400 τως
266 2346 361 2413 ἔφη,
390 2349 471 2394 καὶ
519 2345 567 2394 οἰ
620 2341 766 2413 λόγοι
804 2340 861 2392 οὗ
906 2344 1069 2414 μέχρι
1116 2346 1203 2391 καὶ
1252 2340 1415 2411 λόγων
1465 2342 1713 2405 ἔστησαν,

289 2428 379 2489 ἠδη
426 2436 511 2484 καὶ
566 2431 647 2492 εἰς
696 2434 839 2503 ἔργον
889 2429 1161 2492 ἐξέϐαινον⁸
1232 2428 1594 2501 ἔπιθαρσὴσας
1651 2437 1712 2501 τῇ

172 2529 237 2570 τοῦ
274 2522 484 2591 Μεγάλου
526 2518 775 2592 δυνάμει,
830 2524 919 2571 καὶ
966 2520 1038 2578 οῖς
1074 2518 1206 2591 ἐώρα
1254 2520 1341 2570 ὑπ’
1385 2518 1545 2571 αὐτοῦ
1596 2520 1718 2570 θαυ-

173 2616 585 2685 ματουργουμένοις
635 2612 663 2661 ό
710 2613 851 2663 Λέων
903 2616 1086 2661 πιστοί
1128 2612 1213 2659 τόν
1255 2608 1570 2681 Εὐστροέτιον
1625 2604 1718 2660 διὰ

172 2708 340 2769 γραφῆς)
389 2702 549 2761 οὕτως
612 2699 865 2770 ἐχούσης
940 2698 1069 2769 Ἐγὼ
1136 2702 1276 2750 Λέων
1325 2698 1581 2757 πεποιθως
1634 2696 1713 2749 ἐπὶ

172 2796 209 2857 τῇ
253 2797 325 2839 τοῦ
368 2795 541 2861 Ἀγίου
591 2786 836 2859 δυνάμει,
882 2791 969 2839 καὶ
1090 2790 1215 2859 πρὸς
1244 2786 1399 2837 αὐτόν
1432 2785 1717 2857 ἐμϐεϐαίοι-

168 2897 235 2944 ⁸αειι
260 2884 428 2942 πίστει,
478 2878 753 2949 έγγυῶμαί
806 2896 890 2927 σοι
929 2884 1000 2945 τῷ
1050 2876 1378 2947 Εὐστρατίῳ,
1430 2879 1714 2947 παρέχοντι

169 2970 237 3039 γάρ
268 2988 333 3018 σοι
364 2973 416 3019 τό
445 2988 501 3037 γε
542 2971 680 3039 πρὸς
722 2971 814 3023 τὴν
846 2970 1030 3038 χρείαν
1060 2972 1148 3016 τοῦ
1179 2968 1323 3015 οἷκου
1367 2967 1552 3028 ἔλαιον,
1586 2985 1715 3038 παρ-

1823 1800 1883 1855 id
1922 1802 2085 1873 quod
2107 1817 2217 1873 ego
2257 1803 2361 1859 tibi
2412 1820 2765 1875 suggessero
2796 1804 2963 1870 nihil,
3018 1804 3283 1871 habebis,
3319 1806 3479 1878 quod

1823 1891 2156 1961 prohibeat,
2207 1896 2368 1966 quod
2420 1894 2620 1949 minus
2679 1909 2893 1949 sanum
2941 1893 3165 1950 habeas
3213 1895 3480 1952 oculum.

1825 1980 1969 2035 Cum
1998 1997 2137 2037 vero
2190 1987 2457 2053 rogasset
2492 1982 2839 2051 Eustratius,
2902 1983 3143 2038 dicens:
3172 1984 3477 2049 Quidnam

1824 2073 1929 2133 est,
1957 2070 2123 2142 quod
2154 2088 2287 2127 sum
2338 2072 2643 2129 facturus?
2697 2073 2859 2137 Oleo,
2912 2072 3120 2144 inquit,
3180 2090 3333 2145 opus
3393 2080 3481 2130 est

1823 2159 2226 2217 xenodochio:
2260 2162 2423 2233 quod
2458 2162 2503 2216 si
2535 2162 2886 2233 praebueris,
2921 2162 3303 2218 convalesces
3331 2164 3480 2219 citra

1824 2247 2003 2303 ullam
2031 2249 2462 2306 dubitationem
2491 2268 2503 2307 :
2538 2256 2612 2317 et,
2648 2252 2693 2306 si
2726 2252 2805 2307 ita
2828 2251 2998 2315 velis,
3054 2250 3113 2306 id
3155 2267 3267 2323 ego
3311 2268 3482 2308 man-

1823 2337 1982 2392 dabo
2010 2337 2211 2393 litteris
2237 2356 2250 2405 ;
2284 2340 2449 2412 quod
2470 2340 2575 2396 tibi
2607 2340 2911 2412 polliceor.
2954 2340 3043 2395 Sic
3076 2340 3176 2406 ait,
3210 2346 3266 2396 et
3293 2342 3480 2397 verba

1823 2442 1945 2482 non
1976 2428 2034 2482 in
2066 2428 2205 2483 solis
2232 2431 2426 2485 verbis
2455 2431 2860 2491 constiterunt,
2898 2431 3002 2486 sed
3034 2432 3216 2489 etiam
3241 2447 3481 2503 proces-

1824 2522 2023 2571 serunt
2048 2516 2124 2573 ad
2152 2534 2327 2590 Opus.
2382 2520 2585 2589 Magni
2630 2519 2789 2575 enim
2842 2522 3193 2591 Sampsonis
3261 2520 3477 2577 virtute

1823 2604 2111 2671 fretus,et
2164 2606 2254 2672 iis,
2312 2623 2447 2679 quae
2493 2608 2570 2664 ab
2630 2625 2700 2663 eo
2768 2608 2912 2662 vidit
2969 2608 3114 2675 ﬁeri,
3148 2609 3478 2675 miraculis,

1826 2695 2108 2750 Eustratio
2138 2694 2317 2751 ﬁdem
2346 2696 2486 2752 facit
2517 2712 2622 2768 per
2654 2697 3032 2769 scripturam,
3056 2714 3187 2769 quae
3238 2699 3320 2752 sic
3362 2697 3481 2754 ha—

1822 2783 2037 2839 bebat:
2075 2784 2192 2854 Ego
2225 2787 2337 2840 Leo
2368 2786 2549 2842 fretus
2604 2786 2809 2842 virtute
2859 2786 3047 2842 sancti
3101 2786 3477 2858 Sampsonis,

1822 2876 1876 2927 et
1904 2873 2041 2938 ﬁde,
2068 2889 2188 2944 qua
2224 2891 2357 2930 sum
2385 2876 2440 2929 in
2470 2890 2604 2931 eum
2629 2875 3037 2941 conﬁrmatus,
3090 2876 3359 2947 spondeo
3409 2892 3479 2931 ac

1824 2962 2252 3032 fidejubeotibi
2296 2964 2605 3031 Eustratio,
2663 2967 2829 3036 quod
2885 2964 3169 3035 praebenti
3233 2964 3335 3020 tibi
3402 2965 3479 3020 ad

169 3056 238 3115 εξει
286 3076 357 3107 σοι
410 3063 491 3109 καὶ
556 3060 582 3107 ό
646 3061 824 3127 Μέγας
878 3058 965 3106 τόν
1014 3057 1067 3105 ἐκ
1120 3062 1252 3105 Θεοῦ
1306 3054 1438 3106 ἔλεον
1483 3059 1568 3105 καὶ
1630 3058 1712 3105 τόν

1828 3068 1998 3106 usum
2028 3053 2154 3122 ejus
2181 3055 2398 3109 domus
2443 3054 2663 3119 oleum,
2720 3054 3012 3127 praebebit
3056 3070 3298 3126 quoque
3358 3071 3482 3110 ma-

170 3146 371 3217 ςᾳθκὶμάν
416 3147 670 3218 ἀλγήσεις
717 3146 906 3198 οὐκέτι.
959 3144 1015 3198 Ὁ
1062 3148 1149 3216 μὲν
1191 3141 1277 3196 οὖν
1326 3143 1505 3215 Ἀγιος
1536 3145 1714 3215 ἔφθανε

170 3236 214 3282 τὰ
249 3238 349 3307 παρ’
389 3237 588 3301 ἑαυτοῦ,
642 3243 801 3287 ποιῶν
833 3239 925 3292 τὴν
966 3232 1156 3285 ἐκείνου
1202 3230 1374 3297 δόσιν,
1408 3239 1497 3285 καὶ
1537 3232 1709 3291 ἀπαθῆ

170 3341 231 3371 και
272 3324 531 3396 ἀνάλγητον
591 3323 711 3395 εἶχε
784 3327 869 3374 τὸν
948 3322 1208 3394 ὀφθαλμὸν
1267 3324 1291 3374 ὁ
1370 3322 1709 3395 Εὐστράτιος.

170 3408 334 3473 Ἐκεῖνος
381 3411 455 3480 δὲ,
500 3420 643 3466 κατὰ
690 3416 747 3465 τὸ
802 3408 1071 3483 ᾀδόμενον,
1124 3411 1214 3482 ἅμ’
1270 3412 1473 3480 ἠλέητο,
1518 3416 1607 3463 καὶ
1640 3415 1713 3463 τέ-

170 3498 305 3555 iam
353 3505 379 3559 ἡ
458 3506 646 3575 χάρις’
702 3501 1006 3575 ὠλιγώρησε
1067 3503 1163 3574 γὰρ
1219 3502 1285 3551 ὧν
1350 3499 1709 3571 ἐπηγγείλατο,

169 3592 263 3656 μετὰ
294 3595 343 3642 τό
389 3602 568 3664 τυχειν
614 3592 683 3641 ὧν
737 3589 966 3642 ἐϐούλετο
1003 3589 1116 3640 λίαν
1149 3588 1367 3652 ἀναξίως
1404 3595 1493 3641 καὶ
1525 3589 1715 3661 σφαλε-

166 3686 260 3746 ταῶς,
307 3688 523 3753 χορηγός
581 3700 639 3733 τε
697 3679 867 3731 ἐλαίου
921 3686 1013 3731 τοῦ
1070 3684 1197 3754 πρὸς
1253 3684 1340 3731 τὸν
1390 3681 1519 3753 ἱερὸν
1574 3676 1711 3730 οἶκον

166 3764 258 3819 ῡῦἆὲ
299 3768 525 3843 βραχέως
580 3772 667 3827 ἧν.
716 3769 848 3820 Ἀλλ’
883 3772 907 3820 ό
938 3773 1108 3840 Μέγας
1143 3772 1327 3829 νυκτὸς
1381 3768 1551 3839 ἐκείνῳ
1605 3767 1711 3819 ἐπι-

168 3864 300 3924 γτνεὶς
343 3857 441 3929 (δεῖ
486 3858 543 3913 δὲ
580 3862 903 3934 χρήσασθαι
950 3866 1058 3919 τοῖς
1091 3859 1249 3910 αὐτοῦ
1288 3859 1499 3929 λόγοις),
1540 3859 1711 3929 Ἐμοὶ,

167 3945 251 4013 έῖπ,
297 3947 592 4019 ἐμπαίξας
653 3956 827 4021 Φρένοι
903 3952 988 4000 τὸν
1052 3948 1369 4020 Εὖστράτιον
1434 3949 1463 4004 ἡ
1522 3946 1716 4006 ἀληθὴς

168 4035 264 4090 ῒὶῖη
302 4038 426 4107 ὄψις,
482 4044 571 4090 καὶ
636 4035 781 4099 δέους
828 4037 982 4089 αὐτόν
1037 4037 1377 4109 ἐμπίπλησιν
1442 4036 1554 4107 οἶμα
1616 4039 1713 4109 γὰρ

170 4128 265 4189 φωτὶ
305 4130 354 4177 τό
408 4127 572 4180 έλαιον
630 4127 765 4179 ἅπαν
824 4130 954 4199 πρὸς
1008 4129 1093 4178 τὸν
1152 4130 1345 4179 Λέοντα
1396 4123 1712 4196 ἐπιπέμψας,

172 4210 369 4265 ’Ᾱπέτιςά
398 4235 497 4279 σοι,
550 4220 733 4287 φησὶν,
762 4211 868 4272 ἤδη
919 4218 977 4266 τὸ
1026 4218 1203 4288 χρέος
1239 4214 1395 4275 αὐτὸς
1436 4210 1495 4265 δέ
1523 4232 1613 4284 μοι
1639 4212 1713 4274 ἐξ

172 4296 269 4350 (λέον
292 4307 367 4354 τόν
394 4303 591 4376 Ἀγιον,
629 4300 752 4355 οὖδέ
780 4307 878 4379 γὰρ
913 4300 1126 4364 δυνατός
1152 4302 1249 4374 ἐγὼ
1282 4306 1445 4376 φέρειν
1472 4305 1561 4362 τὰς
1592 4301 1713 4376 παρ’

171 4388 290 4441 (τ)τοῦ
318 4391 537 4456 ἀπειλάς.

223 4675 302 4731 ῙΘ’.
338 4683 400 4730 Τὸ
456 4676 512 4732 δὲ
566 4684 685 4753 περὶ
736 4682 820 4731 τόν
868 4679 1336 4752 πρωτοσπαθάριον
1386 4673 1593 4748 Βάρδαν
1633 4694 1716 4746 γε-

171 4768 285 4827 γονός
323 4777 501 4840 μικροῦ
553 4774 646 4821 καὶ
711 4774 935 4830 πίστεώς
992 4766 1104 4819 ἐστι
1161 4774 1414 4841 κρεῖττον,
1474 4767 1523 4825 ὅς
1571 4764 1716 4835 ἐτύγ-

175 4868 272 4917 χτις
316 4860 395 4927 μὲν
442 4856 660 4931 ἁδελφὸς
710 4861 776 4909 ὧν
836 4859 1092 4925 Ἰωάννου,
1162 4861 1312 4929 φημὶ,
1389 4863 1477 4907 τοῦ
1532 4874 1718 4927 πατρι-

176 4944 276 5009 κίον,
324 4956 405 4998 τοῦ
452 4948 505 4999 ἐκ
558 4944 870 5001 Μακεδόνων
913 4950 971 4998 τὸ
1026 4950 1167 5017 γένος
1213 4946 1464 5005 ἕλκοντος
1512 4940 1719 5017 σφόδρα

180 5022 222 5077 δέ
258 5032 384 5096 οὗτος
422 5037 660 5109 Ῥωμανῷ
716 5036 929 5109 βασιλεῖ
965 5043 1035 5105 τῷ
1086 5031 1300 5087 ἐπιείκίῖ
1345 5053 1397 5085 τε
1445 5039 1535 5085 καὶ
1582 5053 1719 5105 χρη-

182 5126 260 5185 ???
297 5133 689 5195 προσῳκειοῦτο,
739 5127 790 5176 ὃν
839 5130 928 5175 καὶ
980 5127 1133 5176 ἴσασι
1178 5128 1362 5184 πάντες
1415 5125 1525 5174 υἱὸν
1582 5129 1719 5174 Κων-

182 5214 401 5263 σταντίνον
438 5217 693 5285 γενέσθαι,
743 5222 854 5281 τοῦ,
887 5217 953 5267 τὰ
999 5216 1169 5266 πάντα
1215 5212 1489 5265 συνελόντα
1541 5211 1717 5282 εἰπὼν,

181 5290 571 5361 βασιλικωτάτου.
634 5307 814 5377 Τούτῳ
866 5310 1141 5377 τοιγαροῦν
1198 5311 1269 5374 τῷ
1324 5300 1502 5378 Βάρδᾳ
1554 5304 1718 5363 πάθος

183 5477 430 5550 censibus,

183 5558 309 5606 cum.

461 5485 730 5557 quamvis
759 5489 1058 5543 structura
1088 5485 1233 5540 satis
1262 5488 1417 5541 esset
1442 5484 1714 5555 magniﬁ-

1824 3156 1977 3211 gnus
2006 3142 2301 3213 Sampson
2331 3161 2363 3197 a
2396 3144 2511 3199 Deo
2559 3143 3051 3213 misericordiam,
3122 3160 3316 3216 neque
3378 3144 3481 3199 tibi

1824 3230 2082 3303 amplius
2128 3232 2349 3287 dolebit
2394 3232 2626 3289 oculus.
2674 3236 2861 3305 Atque
2913 3234 3166 3289 Sanctus
3234 3233 3481 3305 quidem

1824 3321 2103 3392 praevenit
2128 3320 2282 3375 illius
2310 3321 2723 3386 donationem,
2753 3322 3135 3394 illaesumque
3176 3328 3231 3378 et
3283 3323 3480 3378 omnis

1823 3408 2045 3464 doloris
2075 3415 2378 3480 expertem
2423 3410 2664 3465 oculum
2698 3410 2911 3466 habuit
2970 3412 3328 3467 Eustratius.
3385 3412 3480 3468 Ille

1823 3503 2020 3554 autem
2052 3498 2225 3553 simul
2254 3501 2337 3568 (ut
2384 3499 2564 3568 vulgo
2613 3499 2849 3569 dicitur)
2898 3506 2955 3554 et
3011 3500 3481 3556 misericordiam

1822 3592 1909 3641 est
1940 3592 2263 3645 assecutus,
2320 3592 2376 3643 et
2434 3587 2723 3643 memoria
2776 3589 2907 3659 ejus
2957 3589 3037 3644 illi
3086 3593 3324 3645 mortua
3372 3594 3476 3645 est.

1826 3677 2191 3747 Contempsit
2221 3677 2381 3732 enim
2428 3694 2564 3747 quas
2595 3683 2717 3732 erat
2748 3677 3069 3748 pollicitUs,
3123 3682 3477 3749 postquam,

1823 3781 1957 3837 quae
1986 3765 2185 3827 voluit,
2219 3773 2308 3820 est
2341 3772 2719 3830 consecutus,
2749 3766 2993 3835 indigne
3043 3767 3372 3821 admodum
3423 3772 3479 3821 et

1826 3854 2157 3925 periculose
2190 3873 2205 3924 _;
2241 3858 2300 3908 et
2336 3862 2552 3910 sanctae
2584 3854 2792 3909 domui
2824 3871 2897 3910 ne
2924 3855 3177 3910 nimium
3228 3854 3476 3926 quidem

1826 3944 2082 4016 praebuit
2112 3944 2329 4000 oleum.
2369 3946 2476 4000 Sed
2512 3962 2648 4000 cum
2680 3946 2927 4009 Magnus
2951 3944 3030 4001 illi
3071 3952 3245 4000 noctu
3294 3960 3479 4017 appa-

1824 4034 2037 4089 ruisset
2066 4036 2316 4105 (oportet
2341 4040 2535 4090 autem
2579 4033 2661 4089 uti
2707 4035 2838 4105 ejus
2897 4034 3161 4105 verbis):
3221 4034 3331 4100 Me,
3396 4034 3481 4089 in-

1825 4122 1965 4193 quit,
1997 4123 2177 4178 habes
2208 4123 2512 4180 ludibrio?
2537 4123 2722 4179 Efﬁcit
2781 4140 2922 4179 vero
2952 4124 3078 4179 haec
3105 4124 3275 4189 visio,
3310 4129 3372 4180 ut
3401 4122 3481 4179 ad

1826 4228 1886 4267 se
1906 4212 2110 4268 redeat
2140 4214 2487 4277 Eustratius,
2519 4214 2726 4268 timore
2768 4219 3094 4285 correptus.
3144 4216 3292 4269 Nam
3342 4230 3479 4267 cum

1824 4301 2087 4357 diluculo
2128 4308 2317 4358 totum
2362 4302 2561 4358 oleum
2611 4303 2817 4357 misset
2873 4302 2949 4356 ad
2991 4304 3281 4358 Leonem:
3324 4303 3477 4365 Jam,

1750 4406 1794 4461 Ι)
1823 4391 2035 4463 inquit,
2062 4391 2283 4446 exsolvi
2317 4391 2419 4447 tibi
2446 4391 2757 4449 debitum:
2793 4395 2856 4445 tu
2909 4396 3110 4446 autem
3142 4391 3319 4463 placa
3374 4392 3479 4447 mi-

1824 4480 1884 4535 hi
1963 4480 2272 4536 Sanctum.
2366 4480 2567 4551 Neque
2621 4479 2781 4535 enim
2832 4495 3085 4552 possum
3144 4480 3296 4536 ferre
3347 4480 3478 4551 ejus

1827 4572 2051 4628 minas.

1895 4659 2025 4713 ΧῐΧ.
2062 4657 2229 4722 Quod
2263 4662 2463 4713 autem
2510 4658 2570 4712 in
2622 4657 3164 4729 protospatharium
3222 4656 3475 4713 Bardam

1827 4748 2049 4803 factum
2090 4751 2194 4812 est,
2231 4746 2409 4802 fidem
2436 4762 2615 4818 prope
2659 4750 2922 4818 superat.
2971 4748 3102 4802 Erat
3154 4746 3249 4801 hic
3302 4744 3483 4802 frater

1824 4837 2070 4893 Joannis
2099 4836 2350 4908 patricii,
2383 4836 2482 4908 qui
2513 4835 2761 4891 ducebat
2798 4851 2988 4905 genus
3020 4852 3090 4890 ex
3115 4835 3477 4899 Macedonia,

1827 4933 1879 4982 et
1914 4941 2133 4996 magna
2159 4925 2213 4980 ei
2237 4924 2645 4981 intercesserat
2666 4924 3041 4980 familiaritas
3067 4941 3203 4979 cum
3223 4926 3481 4979 Romano

1826 5017 2204 5088 imperatore,
2256 5014 2513 5084 benigno
2550 5018 2608 5069 et
2673 5014 2968 5078 clemente,
3034 5030 3215 5085 quem
3288 5013 3482 5067 sciunt

1827 5121 2037 5161 omnes
2090 5104 2273 5159 fuisse
2332 5104 2517 5158 tilium
2570 5102 2939 5159 Constantini
2994 5104 3112 5173 (18)
3164 5125 3175 5156 :
3235 5102 3337 5173 qui
3391 5102 3479 5171 (ut

1827 5196 2031 5251 omnia
2058 5192 2241 5248 semel
2276 5193 2495 5263 dicam)
2527 5192 2633 5249 fuit
2664 5194 2989 5264 imperator
3018 5191 3307 5263 egregius.
3339 5190 3483 5244 Huic

1828 5301 1968 5355 ergo
2000 5284 2203 5339 Bardae
2236 5282 2480 5338 morbus
2502 5282 2797 5338 incumbit
2821 5282 2881 5337 in
2925 5282 3080 5338 latus
3110 5281 3283 5353 isque
3304 5280 3483 5351 longe

1900 5480 2013 5561 (t8)
2052 5481 2356 5561 Romanus
2388 5476 2733 5561 imperator,
2759 5475 3486 5561 Conﬁstantiniforphyro-

1829 5548 2041 5623 genitis
2068 5550 2249 5619 ﬁlius,
2290 5548 2556 5618 regnavit
2577 5548 2653 5605 ab
2685 5564 2838 5604 anno
2870 5552 2971 5604 960
3000 5548 3078 5605 ad
3118 5552 3207 5605 61.
