4066 6224
813 287 836 296 ι

643 319 746 376 303

2052 313 2308 374 MENSIS
2348 311 2618 376 JUNIUS.

3864 325 3958 392 30$

641 440 1029 514 gravissimus
1048 439 1210 510 (eum
1241 437 1519 497 morbum
1544 440 1758 497 medici
1798 445 2018 499 vocant
2054 443 2260 498 carbui

2369 451 2476 511 1τῇ
2539 444 2734 518 πλευρᾷ
2762 443 3093 511 ἐπισκήπτει,
3155 447 3460 497 παντάπασι
3506 447 3717 517 χαλεπὸν
3765 452 3956 527 (ἄνθρα-

639 531 864 603 culum)
892 530 1129 602 (-19)qui
1176 533 1364 585 totum
1395 529 1507 585 fere
1533 530 1684 586 latus
1731 532 2299 603 comprehendebat,

639 628 695 678 et
719 623 985 694 quinque
1019 619 1277 676 habebat
1305 620 1622 686 foramina,
1666 621 1960 678 laboranti
1994 639 2132 677 vero
2160 621 2290 678 aﬂ‘e’

631 711 802 767 rebat
823 709 1058 764 dolores
1085 708 1509 765 intolerabiles.
1543 711 1768 767 Etenim
1802 726 1995 783 neque
2027 711 2122 766 hic
2155 711 2292 766 mali

633 800 890 857 constitit
911 798 1221 864 acerbitas,
1255 798 1358 853 sed
1390 799 1564 854 etiam
1594 816 1780 873 usque
1811 803 1884 856 ad
1963 801 2290 856 mamillam

630 905 701 946 ex
747 889 924 945 latere
974 887 1327 958 dimanavit,
1359 895 1462 944 aut
1521 889 1699 945 etiam
1747 896 2142 962 propagatum
2200 894 2290 946 est

628 978 936 1052 quoddam
969 976 1133 1032 aliud
1183 977 1354 1032 tuber
1393 978 1872 1045 acerbissimum,
1936 979 2100 1051 quod
2149 996 2280 1036 eam

625 1067 875 1124 maxime
908 1065 1226 1131 tumefecit,
1261 1081 1332 1120 ex
1365 1082 1486 1139 quo
1536 1068 1713 1123 crevit
1747 1067 2010 1132 morbus,
2081 1069 2282 1141 itaque

622 1155 874 1212 invaluit
901 1172 914 1221 ;
948 1159 1010 1209 ut
1039 1154 1333 1210 videretur
1364 1155 1540 1210 etiam
1572 1155 1817 1211 medicis
1860 1157 2130 1229 superari
2161 1173 2276 1214 non

621 1261 817 1318 posse,
847 1243 1080 1316 ipsique
1107 1259 1341 1299 omnem
1375 1260 1543 1315 spem
1584 1245 1869 1316 longioris
1900 1247 2030 1302 vitae
2061 1247 2277 1320 abjice-

619 1340 766 1391 rent.
795 1337 940 1394 Cum
967 1340 1165 1388 autem
1191 1334 1384 1389 Sancti
1419 1335 1935 1407 appropinquaret
1965 1337 2272 1404 festivitas,

621 1423 834 1480 medici
861 1439 1090 1492 omnes,
1128 1426 1183 1478 et
1213 1423 1312 1494 qui
1338 1429 1630 1479 vocantur
1655 1424 2007 1482 Chartularii
2045 1427 2186 1497 ('20),
2220 1435 2274 1482 et

619 1513 964 1585 quicunque
994 1511 1089 1566 die
1122 1513 1387 1584 sequenti
1421 1517 1612 1581 erant,
1648 1519 1709 1568 ut
1733 1530 1858 1568 mos
1880 1519 1969 1569 est
1995 1515 2100 1580 eis,
2138 1533 2272 1571 ven-

619 1602 728 1658 turi
756 1602 814 1657 in
846 1600 1134 1672 templum
1185 1600 1443 1672 praeclari
1473 1603 1748 1674 martyris
1775 1603 1960 1668 Mocii,
1991 1610 2038 1659 et
2072 1605 2269 1661 solitas

620 1690 920 1763 peracturi
973 1690 1337 1761 precationes
1389 1706 1655 1762 vespere,
1703 1707 1772 1747 eo
1821 1693 2042 1756 relicto,
2089 1694 2267 1766 plane

619 1779 889 1835 animum
914 1778 1344 1851 despondente,
1372 1784 1428 1835 et
1458 1780 1625 1834 omni
1667 1779 1830 1836 bona
1886 1797 1992 1852 spe
2053 1798 2262 1851 vacuo,

613 1871 1003 1924 recesserunt.
1048 1867 1179 1938 Ipse
1229 1872 1429 1923 autem
1463 1883 1641 1923 mane
1666 1869 1995 1940 quemdam
2029 1872 2266 1926 accersit

614 1973 686 2015 ex
737 1956 1131 2022 chartulariis,
1199 1955 1540 2012 Michaelem
1603 1957 1866 2025 nomine,
1931 1959 2260 2025 ostiarium,

613 2047 714 2118 qui
757 2046 885 2101 haac
951 2045 1094 2101 mihi
1155 2045 1434 2101 narravit.
1480 2045 1857 2101 Xenodochio
1930 2062 2070 2103 vero
2126 2053 2264 2104 tunc

612 2139 862 2208 praeerat
903 2133 1152 2197 Bardas,
1203 2133 1310 2206 qui
1365 2134 1494 2205 ipse
1545 2133 1756 2189 morbo
1809 2134 2150 2192 laborabat:
2186 2137 2264 2192 ad

611 2240 791 2296 quem
820 2239 955 2278 cum
984 2228 1243 2278 venisset
1265 2221 1544 2278 ostiarius
1576 2222 1691 2288 ille,
1726 2223 2078 2296 vidissetque
2106 2232 2264 2281 stan-

611 2315 729 2368 tem
761 2317 1040 2379 erectum,
1074 2311 1314 2367 mundis
1345 2311 1624 2368 indutum
1654 2312 1916 2368 vestibus
1947 2319 2001 2369 et
2025 2331 2261 2384 sanum,

609 2402 884 2474 impletur
907 2400 1320 2457 admiratione.
1350 2403 1565 2456 Putans
1583 2406 1778 2457 autem
1807 2417 1944 2457 eum
1965 2401 2260 2475 decipere,

610 2498 818 2546 etesse
843 2494 1086 2544 remota;
1117 2489 1332 2543 mentis
1384 2505 1396 2542 :
1443 2489 1540 2544 Hei
1601 2487 1784 2544 mihi!
1845 2491 2057 2562 inquit,
2112 2492 2260 2563 quid

608 2578 712 2635 tibi
733 2577 946 2634 accidit
967 2579 994 2635 ?
1023 2577 1137 2632 Sed
1170 2582 1253 2645 tu,
1282 2577 1590 2649 respondit
1637 2577 1888 2643 Bardas,
1917 2595 2021 2634 cur
2073 2581 2261 2636 omit-

607 2671 737 2723 tens
763 2669 899 2734 Deo,
927 2681 1114 2738 quam
1147 2682 1256 2738 par
1276 2670 1380 2731 est,
1417 2665 1560 2721 dare
1588 2667 1862 2736 gloriam,
1901 2667 2006 2724 ﬂes
2065 2670 2260 2741 potius

611 2762 665 2814 et
687 2755 1046 2823 vociferaris,
1061 2755 1306 2827 perinde
1320 2771 1388 2810 ac
1407 2755 1456 2809 si
1491 2755 1725 2825 lugeres
1743 2757 1770 2811 ‘I
1787 2757 2030 2812 Michael
2059 2763 2258 2815 autem

607 2862 678 2902 eo
710 2845 875 2917 quod
902 2850 1115 2917 praeter
1138 2859 1309 2915 spem
1340 2843 1656 2910 acciderat,
1693 2845 2032 2916 spectaculo
2067 2848 2260 2916 magis

608 2933 1071 3008 obstupefactus,
1103 2933 1418 3003 diligenter
1448 2949 1586 2989 eum
1622 2934 2048 3005 interrogabat,
2083 2940 2140 2992 et
2170 2953 2257 2992 ar-

607 3024 788 3081 debat
815 3024 1041 3080 discere
1072 3023 1231 3095 quod
1263 3022 1486 3079 factum
1512 3023 1723 3078 fuerat.
1758 3023 1855 3078 llle
1911 3041 2052 3080 vero
2105 3024 2261 3082 clara

608 3121 662 3170 et
692 3113 843 3171 elata
871 3129 1014 3169 voce
1041 3113 1237 3168 statim
1271 3112 1449 3183 coepit
1495 3112 1688 3168 dicere
1716 3129 1728 3167 :
1757 3116 1865 3169 Res
1914 3114 2072 3169 enim
2105 3115 2260 3186 ejus-

605 3203 766 3260 modi
792 3209 881 3259 est
900 3202 1084 3258 nimia
1115 3200 1456 3257 exsultatio.

604 3299 830 3368 νόμενον.
917 3292 974 3344 Ὀ
1070 3287 1128 3344 δὲ
1202 3290 1363 3363 λέγειν

603 3404 820 3460 χάρεια.

676 3478 780 3532 ΧΧ.
836 3475 1154 3545 Postquam
1221 3471 1430 3545 inquit,
1479 3488 1572 3528 me
1625 3471 1705 3527 ita
1753 3471 2030 3528 affectum
2087 3471 2262 3526 relin-

603 3571 874 3639 quentes,
907 3564 1090 3620 domo
1121 3561 1473 3627 recessistis,
1508 3578 1617 3633 ego
1648 3578 1683 3617 a
1710 3561 1901 3617 morbi
1954 3560 2258 3616 doloribus

604 3655 878 3726 agitatus,
913 3660 968 3710 et
1007 3653 1172 3725 quod
1221 3652 1380 3708 nulla
1439 3652 1635 3708 relicta
1692 3657 1849 3708 esset
1919 3667 2051 3723 spes
2099 3655 2254 3717 vites,

601 3745 788 3800 victus
810 3742 1160 3812 (egritudine
1191 3747 1247 3797 et
1272 3741 1552 3805 maxime,
1583 3739 1747 3811 quod
1771 3756 1889 3796 non
1928 3740 2070 3794 mihi
2119 3739 2257 3794 lice-

603 3841 689 3890 ret
717 3849 854 3890 cum
881 3831 1012 3887 aliis
1040 3830 1238 3886 venire
1265 3831 1340 3886 ad
1385 3829 1576 3886 Sancti
1642 3828 2002 3902 sepulcrum,
2032 3833 2088 3884 et
2116 3844 2254 3883 cum

601 3923 746 3997 ipsis
787 3921 1084 3979 celebrare
1129 3919 1504 3975 festivitatem
1573 3918 1726 3989 ejus,
1787 3925 1968 3974 totam
2025 3922 2256 3974 noctem

601 4012 861 4084 transegi
886 4009 1198 4068 insomnis.
1229 4008 1323 4063 Sic
1347 4013 1544 4064 autem
1569 4011 1796 4077 jacens,
1837 4007 2008 4062 video
2050 4023 2256 4079 quem-

602 4103 744 4158 dam
773 4117 996 4165 senem,
1029 4113 1337 4171 egressum
1371 4114 1406 4152 a
1435 4095 1648 4167 templo
1675 4096 1893 4151 domus
1950 4112 2097 4151 meas
2154 4096 2254 4166 (vi-

603 4190 858 4245 debatur
928 4204 1067 4244 vero
1124 4201 1254 4242 esse
1307 4185 1664 4254 monachus)
1720 4184 2040 4256 procedere
2074 4200 2252 4257 usque

601 4277 748 4334 dum
779 4278 1036 4334 venisset
1077 4277 1137 4332 in
1194 4273 1459 4330 medium
1501 4273 1676 4345 hujus
1726 4273 1978 4339 domus;
2015 4274 2117 4345 qui
2159 4290 2253 4328 me

599 4365 972 4438 despiciens:
1003 4366 1138 4423 Tibi
1169 4365 1325 4430 dico,
1351 4364 1562 4435 inquit,
1593 4378 1789 4431 surge.
1844 4363 2114 4434 Cumque
2145 4379 2250 4434 ego

597 4456 1022 4530 responderem
1048 4473 1060 4509 :
1091 4453 1402 4520 Quomodo
1429 4453 1541 4508 hoc
1574 4451 1715 4507 mihi
1787 4451 2091 4522 imperas?
2122 4453 2250 4507 Non

599 4550 755 4603 enim
799 4560 1069 4617 possum.
1099 4543 1193 4598 Ille
1223 4542 1312 4597 bis
1340 4549 1396 4596 et
1428 4547 1513 4597 ter
1539 4541 1741 4596 eadem
1797 4541 2048 4612 repetiit.
2105 4543 2251 4595 Tun-

597 4635 736 4691 dem
769 4640 1004 4692 autem:
1054 4636 1170 4702 Ego
1198 4632 1301 4687 tibi
1349 4631 1502 4695 dico,
1563 4631 1771 4700 inquit,
1818 4644 2013 4698 surge,
2074 4636 2130 4684 et
2177 4631 2249 4686 ad

596 4726 775 4782 sancti
811 4723 1156 4794 Sampsonis
1200 4721 1534 4792 sepulcrum
1566 4719 1716 4774 vade
1744 4734 1928 4790 quam
1963 4717 2246 4790 primum.

594 4815 738 4869 Cum
772 4813 885 4869 hoc
917 4813 1181 4877 dixisset,
1217 4827 1328 4881 ego
1369 4811 1567 4865 statim
1611 4823 1704 4863 me
1738 4825 1945 4879 parum
2001 4824 2032 4863 e
2076 4807 2246 4876 lecto,

593 4903 788 4971 exilui,
818 4907 872 4958 et
894 4902 1060 4957 illum
1118 4900 1238 4955 vidi
1267 4915 1468 4954 rursus
1499 4913 1803 4953 reversum
1850 4897 1906 4952 in
1932 4897 2244 4975 templum,

593 5009 663 5050 ex
705 5009 826 5066 quo
885 4992 1030 5047 mihi
1079 4990 1248 5046 visus
1303 4989 1494 5045 fuerat
1543 5002 1841 5058 egressus,
1900 4993 1955 5042 et
2007 4987 2244 5045 tandem

589 5082 838 5140 omnino
884 5080 1158 5136 sublatus
1187 5085 1274 5135 est
1305 5093 1375 5133 ex
1410 5076 1617 5133 oculis.
1660 5077 1820 5131 Tunc
1875 5091 2014 5132 vero
2067 5075 2245 5148 plane

589 5171 834 5235 surrexi,
887 5174 943 5225 et
997 5169 1158 5224 visus
1210 5183 1345 5224 sum
1392 5166 1710 5222 liberatum
1761 5181 1890 5220 esse
1961 5164 2031 5220 ab
2079 5165 2243 5221 omni

588 5263 788 5318 dolore
852 5277 865 5315 :
924 5263 980 5314 et
1037 5257 1318 5315 mamillae
1377 5260 1611 5311 tumore
1662 5254 1962 5311 ambabus
2029 5255 2242 5310 astrin-

587 5366 732 5422 gens
789 5347 1093 5412 manibus,
1153 5347 1308 5402 sensi
1362 5345 1631 5416 spiritum
1703 5343 2029 5416 quemdam
2085 5348 2239 5400 retro

656 5438 768 5508 (-19)
801 5437 1047 5509 Ἀνθραξ,
1086 5436 1516 5509 Carbunculus,
1567 5438 1653 5490 est
1685 5433 1849 5488 ulcus
1903 5437 2238 5509 crustosum

583 5523 620 5566 ε.
649 5504 956 5578 sanguine,
983 5504 1043 5562 in
1075 5516 1268 5566 atram
1305 5507 1477 5565 bilem
1526 5520 1808 5562 converso
1859 5509 1916 5560 et
1989 5504 2238 5562 inferve-

585 5585 783 5637 scente
830 5581 1168 5637 excitatum.

2409 551 2478 583 κα
2519 536 2576 584 τό
2621 534 2786 594 πάθος
2837 534 3022 607 ἰατρῶν
3073 531 3258 596 παῖδες
3299 537 3764 605 κατονομάζουσιν),
3806 545 3828 595 ὁ
3873 552 3954 598 καὶ

2407 619 2614 672 άπασαν
2664 622 2822 674 αὐτοῦ
2877 628 2969 680 τὴν
3001 623 3221 694 πλευρὰν
3269 631 3456 696 μικροῦ
3488 631 3737 698 περιέσχε,
3787 636 3953 694 nisi;

2404 712 2546 761 πέντε
2591 713 2679 781 μὲν
2734 711 2865 772 ὁπάς
2913 709 3230 784 διετέτρητο,
3302 709 3490 773 ὀδύνας
3567 711 3622 766 δὲ
3700 715 3952 792 ἀφορήτους

2402 793 2583 849 ἐδίδου
2617 808 2686 870 τῷ
2741 803 3024 872 πάσχοντι·
3076 806 3164 852 καὶ
3207 803 3305 874 γὰρ
3338 801 3396 852 ού
3456 806 3638 874 μέχρις
3685 805 3858 860 ἐκείνου
3901 816 3949 863 τὸ

2397 893 2492 948 τῆς
2525 893 2711 950 κακίας
2752 893 2936 964 πικρὸν
2984 892 3131 947 ἔστη·
3177 888 3302 941 ἀλλά
3357 894 3459 961 μὴν
3508 896 3593 943 καὶ
3627 892 3691 953 εἰς
3739 899 3817 947 τόν
3865 919 3954 968 μα-

2397 979 2517 1027 στὸν
2549 975 2602 1028 ἐκ
2642 986 2736 1040 τῆς
2766 985 2986 1052 πλευρᾶς
3020 975 3263 1043 διεδόθη,
3288 979 3316 1036 ἡ
3377 983 3466 1030 καὶ
3510 979 3652 1054 ἑτέρα
3681 1001 3754 1043 τις
3799 983 3953 1038 ἀνεδό·

2394 1065 2456 1122 θη
2513 1069 2798 1139 πικροτάτη
2854 1069 3151 1142 παραφυάς,
3207 1072 3296 1120 καὶ
3343 1071 3500 1139 μέγαν
3551 1069 3697 1121 αύτόν
3753 1077 3833 1124 καὶ
3887 1073 3951 1136 ἐξ·

2389 1150 2640 1223 ῳδηχοτα
2681 1153 2907 1216 διέθηκε·
2964 1161 3140 1210 καὶτὸ
3185 1159 3350 1218 πάθος
3395 1157 3575 1219 ηὔξετο
3619 1164 3703 1211 καὶ
3751 1159 3950 1233 ἰσχυρόν

2389 1239 2471 1307 ἦν,
2505 1246 2573 1304 ὡς
2614 1251 2702 1297 καὶ
2760 1254 2868 1308 τοῖς
2903 1247 3099 1320 ἰατροῖς
3148 1254 3378 1319 κρεῖττον
3432 1246 3616 1308 ἰάσεως
3643 1245 3764 1300 εἶναι
3797 1247 3946 1321 δόξαι,

2383 1337 2474 1384 καὶ
2520 1337 2610 1394 τὰς
2656 1342 2748 1396 τῆς
2803 1337 2943 1400 ζωῆς
2989 1337 3129 1406 αύτῷ
3174 1332 3386 1396 ἐλπίδας
3431 1335 3796 1412 ἀπαγορεῦσαι.
3827 1340 3950 1392 Ἐπεὶ

2384 1417 2443 1474 δὲ
2499 1428 2588 1476 καὶ
2640 1426 2668 1482 ἡ
2727 1433 2817 1477 τοῦ
2873 1425 3048 1496 Ἀγίου
3103 1430 3276 1498 μνήμη
3329 1424 3617 1497 ἐγγίζουσα
3674 1423 3750 1490 ἦν,
3803 1428 3948 1502 ἰατροὶ

2380 1513 2582 1577 πάντες,
2634 1520 2723 1566 καὶ
2783 1517 2832 1566 οἱ
2889 1516 3023 1566 ούτω
3074 1514 3382 1586 καλούμενοι
3435 1515 3819 1588 χαρτονλάριοι,
3872 1523 3945 1568 καὶ

2379 1602 2494 1653 ὅσοι
2551 1604 2712 1676 ἕτεροι
2765 1603 2969 1675 ἔμελλον
3027 1605 3099 1666 εἰς
3153 1609 3244 1662 τὴν
3301 1604 3572 1672 ἐπιοῦσαν,
3627 1607 3790 1679 ὥσπερ
3841 1606 3947 1658 εἰθι-

2381 1694 2562 1760 σμένον
2619 1692 2809 1756 αὐτοῖς,
2874 1693 2945 1753 εἰς
2991 1697 3078 1744 τόν
3133 1700 3223 1745 τού
3271 1692 3511 1768 λαμπροῦ
3559 1696 3810 1769 μάρτυρος
3844 1702 3946 1748 Μω-

2301 1796 2344 1851 B
2375 1783 2491 1830 κίου
2544 1785 2662 1832 ναόν
2704 1781 3000 1854 ἀφικέσθαι,
3057 1786 3146 1834 καὶ
3201 1787 3292 1840 τὴν
3335 1784 3535 1840 συνήθη
3597 1782 3737 1842 λιτὴν
3780 1783 3945 1836 ἐκτελέ-

2379 1887 2488 1920 σαι·
2547 1866 2705 1928 τήνδε
2775 1875 2868 1929 τὴν
2948 1871 3168 1945 ἑσπέραν
3236 1870 3569 1931 ἀπολιπόντες
3646 1871 3789 1924 αὑτὸν
3852 1869 3942 1929 ἠδη

2377 1955 2736 2030 ἀπειρημένον,
2791 1965 2883 2013 καὶ
2942 1960 3147 2032 ἀγαθῶν
3209 1957 3430 2013 ἐλπῖδων
3486 1964 3688 2036 ἔρημον,
3737 1960 3943 2022 ἀπιόντες

2375 2050 2598 2117 ᾤχοντο,
2677 2047 2862 2102 Ἐωθεν
2946 2047 3004 2102 δὲ
3059 2047 3211 2111 οὗτος
3283 2050 3645 2113 μετακαλεῖταί
3711 2053 3816 2102 τινὰ
3859 2058 3942 2102 τῶν

2372 2135 2766 2210 χαρτουλαρίων
2825 2140 2870 2207 (ὁ
2918 2138 3188 2213 ὀστιάριος
3217 2139 3441 2211 Μιχαὴλ
3485 2139 3632 2200 οὗτος
3659 2139 3758 2210 ἦν),
3789 2141 3835 2200 ὃς
3866 2143 3941 2189 καὶ

2373 2228 2538 2276 ταῦτά
2592 2246 2682 2298 μοι
2761 2223 3080 2298 διηγήσατο⁶
3143 2227 3423 2300 ξενοδόχος
3493 2227 3551 2281 δὲ
3605 2236 3870 2286 τηνικαῦτα
3919 2229 3938 2278 ὁ

2374 2310 2597 2385 Βάρὸας,
2655 2317 2679 2367 ό
2723 2326 2794 2387 τῷ
2848 2319 3000 2369 πάθει
3031 2321 3195 2388 τούτῳ
3227 2319 3644 2390 κατειλημμένος,
3691 2317 3937 2389 ἐτύγχανεν

2372 2402 2458 2455 ὡν.
2511 2404 2652 2456 Ἐπεὶ
2710 2401 2797 2457 οὖν
2845 2406 2990 2467 οὗτος
3035 2406 3244 2478 ἀφίκετο
3302 2412 3431 2480 πρὸς
3489 2407 3659 2472 αὐτόν,
3711 2407 3936 2462 ἑστηκότα

2371 2491 2484 2562 ὁρᾷ,
2546 2495 2748 2568 καθαρά
2805 2514 2856 2547 τε
2916 2497 3270 2568 ἱματισμένον,
3325 2501 3415 2548 καὶ
3478 2498 3707 2568 ὑγιεινῶς
3768 2490 3935 2546 διακεί-

2369 2596 2544 2650 μενον·
2607 2582 2770 2644 ούτως
2826 2579 2949 2635 ἰδὼν
2999 2586 3212 2655 ἔχοντα,
3258 2584 3553 2657 πληροῦται
3601 2587 3686 2657 μὶν
3716 2580 3930 2653 θάμϐους,

2371 2669 2712 2744 παραφρονεῖν
2795 2669 2854 2724 δὲ
2933 2673 3088 2725 αὐτόν
3170 2675 3400 2746 οἰομενος
3474 2679 3560 2726 καὶ
3621 2673 3928 2735 ἐξεστηκέναι,

2373 2759 2508 2810 Ούαί
2549 2779 2660 2831 μοι,
2696 2766 2848 2833 φησὶ,
2897 2767 2947 2814 τί
3003 2781 3086 2814 σοι
3138 2768 3341 2834 γέγονεν
3377 2781 3390 2828 ;
3429 2768 3529 2817 Καὶ
3577 2765 3648 2823 ὃς·
3699 2759 3837 2812 Ἀλλὰ
3878 2759 3929 2809 σᾶ

2369 2866 2428 2918 γε
2481 2847 2764 2915 ἀπολιπὼν,
2814 2853 2929 2923 ἔφη,
2973 2854 3028 2903 τὸ
3085 2848 3262 2918 δόξαν,
3315 2855 3492 2928 ὥσπερ
3556 2854 3656 2924 ἄρα
3706 2853 3826 2923 χρὴ,
3872 2854 3929 2913 τῷ

2372 2943 2485 3006 Θεῷ
2534 2941 2832 3010 προσάγειν,
2909 2940 3152 3011 οἰμώζεις
3207 2941 3420 3012 μᾶλλον,
3487 2946 3575 2993 καὶ
3637 2942 3780 3010 ὃμοια
3845 2941 3930 2991 τοῖς

2373 3027 2620 3098 θρηνοῦσι
2679 3025 2849 3098 βοᾷς;
2885 3028 3016 3086 Πλὴν
3054 3028 3160 3080 ἀλλ’
3218 3031 3242 3080 ὁ
3289 3029 3536 3102 Μιχαὴλ,
3583 3033 3667 3081 καὶ
3713 3030 3779 3080 ἔτι
3804 3023 3927 3077 πλέον

2370 3123 2440 3184 τῷ
2485 3116 2607 3190 παρ’
2658 3115 2842 3170 ἐλπίδα
2899 3121 3117 3190 θεάματι
3168 3120 3509 3192 ξενιζόμενος,
3557 3121 3728 3193 ἠρώτα
3769 3135 3816 3168 τε
3855 3117 3926 3165 καὶ

2292 3203 2329 3257 C
2371 3202 2734 3258 διεπυνθάνετο
2807 3207 3053 3280 ἐμμελῶς,
3141 3215 3230 3261 καὶ
3297 3207 3460 3282 ἐδίψα
3524 3211 3696 3281 μαθεῖν
3765 3208 3815 3257 τὸ
3860 3221 3926 3273 75-

1455 3290 1604 3351 εύθύς
1679 3290 1872 3366 ἤρξατο
1945 3290 2280 3366 λαμπροτέρα
2365 3293 2568 3368 γλώττῃ
2647 3301 2733 3348 καὶ
2806 3306 3101 3370 πομπικῶςο
3180 3307 3412 3351 τοιοῦτον
3489 3303 3642 3358 ὅντως
3710 3299 3736 3354 ἡ
3805 3310 3924 3366 περι·

2367 3559 2548 3614 οἶκαδε
2595 3563 2746 3615 αύτοὶ
2790 3562 3052 3639 ἐχωρεῖτε,
3101 3563 3220 3636 ἐγὼ,
3273 3567 3373 3618 ύπό
3411 3587 3460 3619 τε
3503 3575 3599 3618 τῶν
3629 3569 3715 3615 τοῦ
3757 3559 3923 3614 πάθους

2578 3473 2716 3526 Ἐπεί
2765 3493 2848 3546 με,
2894 3495 3046 3547 φησι,
3097 3476 3470 3539 καταλιπόντες
3522 3477 3682 3536 οὕτως
3743 3474 3922 3543 ἔχοντα,

2369 3647 2566 3702 ὀδυνῶν
2619 3651 2954 3724 βαλλόμενος,
3009 3655 3107 3706 ύπό
3151 3674 3206 3706 τε
3248 3663 3340 3706 τοῦ
3371 3655 3700 3726 ἀπεγνῶσθαί
3744 3668 3822 3722 μοι
3855 3646 3923 3702 τὰς

2366 3748 2460 3802 τῆς
2501 3741 2640 3802 ζωῆς
2697 3739 2912 3804 ἐλπίδας
2973 3742 3172 3816 ἀθυμίᾳ
3249 3750 3545 3818 νικώμενος,
3622 3746 3704 3794 καὶ
3764 3733 3920 3810 μᾶλλον

2367 3831 2446 3882 ὅτι
2496 3835 2565 3902 μὴ
2613 3835 2699 3884 καὶ
2754 3831 2910 3893 αύτός
2967 3832 3196 3906 ἠξίωμαι
3247 3838 3338 3886 σύν
3379 3841 3491 3896 τοῖς
3546 3831 3711 3892 ἄλλοις
3755 3826 3815 3887 εἰς
3854 3825 3921 3874 τὸν

2365 3926 2456 3970 τοῦ
2510 3919 2686 3990 Ἀγίου
2735 3941 2786 3974 τε
2837 3924 2994 3994 τάφον
3033 3924 3300 3994 οἴχεσθαι,
3360 3929 3453 3976 καὶ
3505 3924 3572 3974 τά
3613 3928 3705 3981 τῆς
3746 3918 3922 3989 μνήμης

2368 4012 2734 4084 συνεορτάσαι,
2793 4009 3054 4084 ἄγρυπνος
3105 4016 3234 4083 μετά
3281 4011 3495 4065 ἅπασαν
3541 4014 3630 4069 τὴν
3668 4009 3815 4059 νύκτα
3860 3996 3923 4052 δι’

2365 4096 2537 4155 ἦλθον.
2577 4099 2727 4151 Ούτω
2781 4096 2839 4151 δε
2877 4103 3119 4172 κείμενος,
3154 4102 3256 4174 όρῶ
3305 4103 3527 4173 ’γέροντά
3560 4117 3670 4151 τινα
3698 4101 3780 4148 τού
3821 4094 3923 4141 ναοῦ

2363 4196 2453 4238 τοῦ
2507 4191 2650 4240 οἶκόυ
2703 4209 2802 4260 μου
2862 4188 3200 4251 ἐξεληλυθότα
3252 4190 3426 4260 (ἐῴκει
3479 4187 3538 4242 δε
3590 4191 3676 4239 καὶ
3723 4182 3920 4256 μοναχὸς

2362 4272 2533 4348 εἶναι)·
2590 4278 2734 4338 οὗτος
2787 4282 2942 4350 μέσον
3000 4287 3094 4339 τῆς
3142 4279 3333 4340 οἰκείας
3399 4282 3594 4340 ταύτης
3667 4269 3920 4347 παραστάςο

2361 4371 2450 4417 καὶ
2495 4365 2696 4418 ἀπιδὼν
2753 4371 2878 4442 πρός
2910 4386 2991 4438 με’
3031 4373 3115 4420 Σοὶ
3144 4367 3295 4438 λέγω,
3348 4373 3502 4440 φησὶ,
3540 4369 3744 4438 ἔγειραι.
3791 4359 3921 4427 Ἐμοῧ
3982 4359 3983 4363 “

2362 4451 2440 4506 δέ·
2491 4463 2606 4517 Πῶς
2653 4463 2805 4508 τοῦτο
2859 4458 2977 4528 ἔφης
3010 4472 3022 4522 ;
3057 4453 3178 4508 οὐδὲ
3230 4458 3331 4532 ’γὰρ
3386 4455 3636 4527 δύναμαι,
3680 4445 3923 4523 φθεγξαμέ·

2359 4562 2465 4595 νου·
2528 4544 2708 4605 ἐκεῖνος
2773 4550 2862 4596 καὶ
2916 4541 2996 4604 δὶς
3042 4550 3127 4596 καὶ
3189 4550 3300 4618 τρὶς
3377 4545 3686 4621 προσετίθει,
3759 4533 3921 4589 ούτωσὶ

2359 4633 2537 4704 λέγων.
2587 4633 2884 4686 Τελευταῐον
2939 4630 3016 4698 δὲ,
3069 4634 3201 4704 Ἐγὼ
3255 4653 3338 4686 σοι
3377 4634 3530 4706 λέγω,
3567 4635 3714 4704 φησὶ,
3757 4629 3923 4696 ἓῚίφαί

2357 4728 2447 4774 καὶ
2506 4722 2576 4782 εἰς
2618 4727 2702 4774 τόν
2755 4730 2845 4774 τοῦ
2899 4724 3048 4792 ἄγίου
3108 4723 3331 4795 Σαμψὼν
3387 4726 3546 4795 τάφον
3585 4718 3760 4772 ἄπελθε
3816 4712 3922 4783 πρὸς

2357 4814 2576 4882 τάχους.
2633 4814 2812 4872 Οὕτως
2857 4811 3106 4875 εἰπόντος,
3166 4813 3317 4874 εύθύς
3367 4815 3469 4884 ἐγὼ
3527 4814 3708 4884 μικρόν
3756 4824 3800 4857 τι
3845 4806 3923 4856 τῆς

2355 4899 2534 4961 κλίνης
2582 4898 2798 4972 ἐμαυτὸν
2867 4899 3110 4973 ἀνέσχον·
3178 4901 3412 4954 κάκεῖνον
3463 4901 3686 4972 ἐθεώμην
3735 4893 3802 4953 εἰς
3850 4889 3920 4939 τὸν

2354 4991 2494 5057 ναὸν’
2555 4989 2665 5041 ὅθεν
2731 5009 2821 5062 μοι
2874 4989 3081 5053 ἐξελθὼν
3144 4990 3318 5063 ἐφάνη.
3374 4991 3526 5052 αὖθις
3599 4983 3919 5041 ἐπανελθόντα.

2354 5081 2443 5129 καὶ
2471 5077 2627 5143 τελος,
2689 5077 2852 5150 ἀφανῆ
2907 5084 3189 5152 γινόμενον.
3244 5085 3344 5134 Καὶ
3396 5084 3512 5132 τότε
3546 5075 3612 5136 δὴ
3659 5075 3766 5134 ὅλος
3801 5068 3922 5130 έξαν⁶
3963 5119 3965 5152 i

2353 5169 2500 5230 ἐστη,
2557 5171 2646 5218 καὶ
2693 5166 2865 5239 ἐῳκειν
2915 5167 3107 5232 ὀδύνης
3160 5167 3504 5241 ἀπηλλάχθαι
3562 5167 3754 5225 πάσης·
3821 5159 3919 5209 τότε
3961 5199 3963 5241 ἰ

2351 5250 2554 5327 οἴδημα
2613 5263 2704 5308 τοῦ
2761 5264 2963 5330 μαστοῦ
3013 5257 3200 5331 ἀμφοῖν
3259 5257 3603 5331 ἐπισφίγγων,
3661 5251 3961 5331 πνεύματοςί

2351 5344 2590 5417 ἧσθόμην
2668 5344 2768 5398 ἀπὸ
2852 5344 2946 5410 τῆς
3011 5346 3230 5424 πλευρᾶς
3307 5348 3520 5400 ὄπισθεν
3576 5340 3959 5424 ύπαφιεμένογἻ

2417 5435 2528 5506 (20)
2555 5433 2906 5509 Chartularii
2933 5439 3091 5509 sunt,
3109 5420 3345 5509 quibus
3375 5436 3717 5509 chartarum
3744 5420 3911 5509 ρεξὺῇ-

2345 5494 2556 5649 garum
2581 5506 2850 5565 custodia
2877 5494 3303 5568 mandabatur.
3343 5509 3426 5564 De
3472 5505 3566 5563 his
3613 5494 3758 5559 vide'
3781 5494 3910 5552 Can-

2388 5593 2538 5634 ium.

2388 5593 2538 5634 ium.

3953 5301 3961 5423 φ.

3953 5435 3957 5511 ⁴

3947 5805 3949 5865 i
