4084 6216
191 337 267 392 305
1447 327 1620 386 VITA
1659 324 1720 382 S.
1762 318 2193 390 SAMPSONIS.

3405 323 3514 391 306

184 464 276 516 Εἶτα
318 462 403 510 καὶ
456 461 547 514 τὴν
604 457 836 508 σύνοικον
887 450 1058 518 ἡδέως
1109 459 1371 529 φωνήσας,
1429 460 1569 508 Δοκῶ
1626 474 1716 527 μοι

1851 453 2033 508 emitti
2083 471 2114 510 e
2159 455 2359 514 latere.
2415 456 2637 514 Deinde
2690 456 3013 529 conjugem
3059 457 3320 519 hilariter
3367 463 3511 522 allo-

179 556 288 622 igne,
319 544 455 620 μηδὲ
503 543 814 611 ὀδυνᾶσθαι,
850 544 975 598 ἀλλὰ
1008 549 1073 598 σὺ
1121 549 1241 608 τούς
1284 544 1628 618 ἐπικειμένους
1673 553 1733 617 τῇ

173 640 312 710 πληγῇ
391 633 618 708 δεσμούς
694 634 851 688 λῦσον
937 637 1123 709 ἡρέμα.
1185 640 1285 688 Καὶ
1361 636 1492 694 αύτή
1575 636 1740 696 οὕτως

168 728 316 792 ἐποίει,
347 730 432 778 καὶ
465 721 631 782 ἀηδία
660 724 818 782 πολλὴ
846 727 1040 782 ταύτην
1073 723 1204 797 εἶχε,
1241 729 1350 788 καὶ,
1385 728 1542 796 Οἶμοι
1572 723 1734 797 [ἓφη],

167 824 227 880 τίς
251 813 441 876 οὖτοςό
490 813 745 887 ἀμανίτης
777 816 802 866 ό
851 821 911 886 τῇ
967 813 1142 886 πληγῇ
1187 813 1529 886 ἐπικείμενος;
1558 817 1626 866 Τὸ
1677 811 1736 865 δὲ

167 904 210 962 ξν
237 901 625 976 θιασεσημμένη
679 902 812 976 σὰρξ
865 907 954 955 καὶ
1004 902 1294 964 ἀπόϐλητος
1368 911 1478 964 τοῖς
1531 902 1735 976 ἁμςνίοις

167 995 580 1048 ουνεκσπαθεῖσα.
635 993 816 1053 Οὕτως
877 992 1038 1055 ἰαθεὶς
1092 991 1191 1064 ἐγὼ
1261 996 1352 1045 καὶ
1421 989 1734 1067 παραδόξως

164 1083 500 1158 ἀναρρωσθεὶς,
559 1081 652 1134 ούκ
723 1083 798 1133 ἔτι
869 1082 974 1142 οἷός
1045 1081 1150 1154 εἰμι
1221 1081 1437 1155 ἐμαυτόν
1504 1080 1729 1153 ἐπέχειν,

164 1173 264 1226 ἀλλὰ
308 1179 365 1244 τῇ
415 1179 508 1223 τοῦ
567 1170 849 1243 ἰασαμένου
896 1173 1191 1244 πειθόμενος
1237 1171 1434 1244 ἐντολῇ,
1469 1174 1596 1243 πρὸς
1647 1176 1730 1224 τόν

161 1263 292 1314 αὐτοῦ
346 1262 531 1333 ἄπειμι
584 1262 764 1333 τάφον,
817 1268 926 1321 τοῖς
979 1261 1146 1322 ἄλλοις
1201 1262 1579 1333 συνεορτάσων.
1631 1261 1732 1314 0’3-

160 1371 235 1412 τως
273 1351 438 1415 εἰπὼν,
472 1351 611 1403 οὕτω
657 1347 724 1408 δὴ
771 1354 861 1402 καὶ
891 1358 1225 1425 παραχρῆμα
1252 1349 1431 1416 ἐποίει,
1463 1355 1552 1402 καὶ
1603 1354 1732 1424 πρὸς

159 1446 224 1493 τὸν
267 1439 435 1511 ’Δγιον
486 1440 690 1513 πλήρης
742 1437 939 1501 ἡδονῆς
995 1447 1084 1493 καὶ
1153 1447 1331 1514 χαρᾶς
1392 1439 1566 1513 ἀπῄει,
1621 1450 1730 1504 τοῖς

160 1539 416 1583 σνναντὼσι
461 1533 644 1602 μέντοι
675 1534 764 1582 καὶ
813 1531 1033 1583 ἄπιστόν
1083 1550 1133 1584 τι
1181 1539 1372 1603 χρῆμα
1415 1526 1602 1596 ἐδόκει,
1637 1535 1728 1583 καὶ

160 1625 233 1678 τὴν
256 1621 362 1691 ὄεᾷιν
391 1618 880 1693 ἀμφισϐητήσιμον.

231 1888 327 1940 KA'.
380 1891 731 1961 Συντετάχθω
777 1895 884 1950 τοῖς
935 1887 1255 1960 προλαϐοῦσι
1314 1892 1403 1941 καὶ
1457 1888 1582 1940 αύτό
1635 1895 1746 1940 τοῦ·

177 1982 374 2050 Γιαηογίον
411 1982 466 2030 τό
520 1980 726 2049 θαῦμα·
760 1978 817 2030 ού
872 1977 1060 2050 φαῦλον
1107 1980 1231 2052 γὰρ,
1264 1973 1386 2030 οὐδὲ
1431 1981 1486 2030 τό
1537 1981 1724 2049 τυχὸν,

167 2063 256 2117 οὐδ’
296 2068 415 2119 ὥστε
473 2072 565 2119 καὶ
635 2064 874 2142 παριδεῖν
929 2067 1091 2130 ἄξιον.
1157 2067 1324 2129 Οὗτος
1380 2067 1582 2127 οἰκέτης
1635 2068 1724 2138 μεν

163 2155 398 2225 ἐτύγχανεν
453 2157 519 2208 ὢν
596 2164 834 2228 μοναχοῦ
887 2175 1025 2218 τινος
1094 2161 1183 2208 καὶ
1253 2159 1441 2229 ἱερέως,
1502 2156 1724 2230 Ἐφραὶμ

161 2244 360 2316 τοῦνομα,
417 2255 484 2315 τῷ
546 2253 650 2297 τού
731 2243 975 2319 ὕδρωπος
1034 2242 1092 2298 δὲ
1158 2248 1492 2319 περισχεθεὶς
1547 2247 1720 2310 πάθει,

161 2339 226 2384 καὶ
272 2343 331 2403 τῷ
384 2337 496 2404 ἱερῷ
556 2338 692 2405 οἴκῳ
745 2342 836 2386 τοῦ
898 2334 1129 2406 Μεγάλου
1187 2333 1491 2394 ἀνακλιθείς·
1549 2336 1724 2385 ἔπειτα

158 2428 226 2480 τὴν
265 2430 463 2495 χρονίαν
517 2424 839 2476 κατάκλισιν
899 2420 1251 2497 δυσχεράνας,
1308 2422 1570 2476 ἆπολιπὼν
1637 2427 1722 2474 τόν

161 2516 260 2584 ἱερὸν
304 2521 386 2564 τοῦ
449 2511 718 2566 δεσπότου
789 2513 1022 2566 οἰκίσκον
1088 2515 1318 2565 ἄπεισιν.
1371 2512 1430 2565 Ὀ
1487 2516 1576 2584 μὲν
1634 2509 1720 2564 οὖν

162 2597 376 2664 δεσπότης
418 2603 511 2655 ούκ
544 2602 684 2656 ἀνίει
730 2611 993 2676 παραινῶν
1041 2603 1178 2673 αύτῷ
1219 2607 1308 2654 καὶ
1356 2603 1721 2673 ὑποτιθέμενος

163 2688 336 2744 ἀνελθεῖν
382 2689 532 2754 αὖθις
576 2698 673 2744 καὶ
721 2701 793 2763 τῷ
844 2700 938 2744 τοῦ
988 2691 1167 2764 Ἀγίου
1209 2695 1332 2764 οἴκῳ
1385 2700 1714 2766 προσμεῖναι·

160 2777 239 2831 ἐπεὶ
271 2779 323 2833 δε
361 2787 429 2854 μὴ
480 2784 682 2834 ἔπειθεν
732 2778 981 2854 (ἐφείδετο
1028 2784 1129 2857 γὰρ
1181 2781 1574 2855 αύστηροτέρων
1620 2782 1716 2856 ῥη-

158 2872 296 2939 μάτων
325 2867 412 2923 διὰ
440 2877 533 2930 την
584 2879 682 2922 τοῦ
712 2874 909 2933 πάθους
943 2869 1261 2946 βαρύτητα)·
1296 2869 1400 2924 Κᾶν
1443 2879 1566 2943 γοῦν
1594 2874 1716 2923 εἵσω

926 2961 1040 3031 ἔφη,
1129 2959 1288 3017 αὐτὴν
1369 2967 1460 3011 τοῦ
1533 2959 1714 3030 ⁸Αγίου

157 3055 487 3120 προσκυνήσων
545 3050 722 3103 εἰκόνα
778 3045 888 3102 εἶτα
937 3056 1025 3101 τοῦ
1080 3047 1248 3101 ἐλαίου
1298 3047 1465 3100 λαϐὼν
1523 3067 1576 3101 τε
1627 3055 1717 3102 καὶ

157 2966 222 3009 τού
283 2959 545 3036 εύκτηρίου
629 2959 841 3024 εἴσελθε,

159 3136 444 3211 ἀλει-ράμῃσος
496 3149 558 3212 τῇ
621 3144 773 3212 κοίτῃ
836 3147 896 3211 τῇ
974 3147 1061 3211 σῇ,
1119 3137 1446 3196 ἀνακλίθητι,
1511 3144 1610 3192 Καὶ
1667 3139 1716 3200 ὃς
1750 3166 1789 3221 C

159 3222 282 3277 ἐποίει
332 3233 386 3280 τὸ
443 3229 740 3281 κελευσθέν.
797 3229 936 3280 Ἐπεὶ
993 3224 1051 3279 δὲ
1108 3233 1197 3279 καὶ
1254 3223 1554 3300 ἡμερα,ἧν,
1606 3227 1716 3281 ἐκε-

158 3310 286 3366 λεύετο
337 3321 421 3387 μὲν
471 3320 619 3390 ποιρὰ
693 3324 784 3369 τοῦ
847 3313 1105 3368 δεσπότου
1155 3321 1244 3368 καὶ
1290 3320 1364 3369 ἔτι
1432 3318 1497 3369 τὰ
1562 3319 1717 3389 ὅμοια

159 3409 367 3457 xquire
412 3403 488 3471 δὲ,
531 3406 678 3460 Ἀλλ’
728 3407 844 3477 ἐγὼ,
890 3411 1066 3478 φησιν,
1115 3405 1330 3482 ἔῤῥωκα,
1380 3411 1468 3458 καὶ
1513 3414 1574 3479 τῇ
1624 3415 1714 3459 τοῦ

156 3489 294 3560 ’Δγίου
340 3492 555 3567 δυνάμει
631 3497 860 3568 καθαρᾶς
931 3493 1198 3547 ἀπέλαυκα
1241 3497 1459 3567 ὑγιείας·
1521 3499 1714 3558 ταύτης

155 3583 230 3653 γὰρ
282 3591 366 3643 τῆς
415 3588 605 3646 νυκτὸς
662 3584 773 3636 κατ’
836 3587 954 3658 ὄναρ
1007 3583 1264 3656 ἐπιφανείς
1311 3603 1400 3656 μοι
1452 3586 1476 3635 ό
1533 3584 1716 3656 Ἄγιος

157 3677 227 3730 τῆς
266 3690 311 3723 τι
360 3673 554 3736 κοιλίας
611 3693 712 3745 μου
763 3672 956 3744 ἥψατο,
1008 3677 1096 3725 καὶ
1154 3677 1326 3746 εἴρηκέ
1363 3689 1472 3745 μοι’
1532 3672 1715 3727 ’Ἄπιθι

157 3758 376 3830 ὑγιαίνων,
428 3761 582 3816 οὐδὲν
646 3765 746 3837 γὰρ
806 3765 879 3814 ἔτι
949 3781 1031 3814 σοι
1104 3770 1202 3814 τῶν
1250 3771 1420 3815 κακῶν
1491 3763 1710 3835 ἐνοχλεῖ.

156 3845 413 3924 Οὐδ’ἧρκει
459 3857 595 3924 πρὸς
640 3857 814 3905 πίστιν
864 3852 998 3904 αύτὰ
1040 3860 1111 3923 τῷ
1157 3849 1410 3925 δεσπότῃ’
1459 3851 1584 3905 ἄλλα
1621 3857 1708 3906 καὶ

154 3942 296 4008 πεῖραν
361 3950 616 4016 προσῆγε,
676 3947 765 3994 καὶ
832 3944 1222 4017 περιηργάζετο
1297 3946 1578 4016 πρόσωπόν
1654 3963 1708 3996 τε

154 4022 322 4093 ἐκείνου,
353 4036 436 4084 καὶ
487 4030 711 4096 κοιλίαν,
767 4036 853 4082 καὶ
897 4027 1082 4095 πόδας,
1133 4035 1222 4082 καὶ
1268 4033 1332 4083 τὰ
1380 4029 1534 4083 λοιπὰ
1576 4031 1702 4104 μέλη

154 4131 192 4164 τε
233 4122 306 4170 καὶ
356 4124 504 4193 μέρη,
557 4125 648 4173 καὶ
693 4119 799 4173 ἐπεὶ
849 4117 970 4172 οὐδὲ
1015 4119 1254 4191 λείψανόν
1301 4139 1352 4173 τε
1401 4120 1533 4194 ἐώρα
1580 4119 1704 4176 οὐδὲ

153 4203 268 4272 ἴχνος
309 4217 393 4260 τοῦ
439 4212 638 4270 πάθους
685 4206 856 4276 οὐδὲν,
892 4206 1019 4282 δόξῃ
1052 4218 1114 4282 τῇ
1165 4214 1291 4282 πρὸς
1332 4212 1460 4263 Θεὸν
1505 4209 1701 4284 ἐχρῆτο

152 4297 218 4343 καὶ
278 4296 583 4372 εὐχαριστίᾳ
657 4306 718 4371 τῇ
792 4301 921 4372 πρὸς
995 4302 1080 4350 τὸν
1153 4305 1347 4371 Ἀγίον,
1415 4299 1590 4373 ἰατροῦ
1649 4321 1701 4354 τε

1851 548 2064 600 cutus:
2112 545 2250 602 Mihi
2301 547 2524 612 videor,
2575 548 2847 620 inquam,
2881 548 3024 604 nihil
3080 550 3218 606 mali
3263 555 3506 613 sentire;

1849 633 1954 688 sed
1987 639 2047 690 tu
2091 637 2310 691 sensim
2352 637 2515 693 solve
2563 636 2800 693 vincula
2848 637 3041 710 plagae
3087 640 3383 710 imposita.
3431 646 3510 700 Ea

1847 727 2046 780 autem
2083 724 2168 780 sic
2198 724 2351 791 fecit,
2385 742 2502 782 non
2536 726 2662 782 sine
2695 741 2930 799 magna,
2961 743 3085 800 qua
3116 728 3506 802 afﬁciebatur,

1849 813 2115 869 molestia
2149 830 2161 880 ;
2197 819 2268 885 et,
2305 815 2405 870 Hei
2439 816 2604 882 mihi,
2638 816 2820 872 dixit:
2857 817 3002 883 Quis
3034 821 3122 874 est
3145 817 3240 873 hic
3283 819 3509 877 emina-

1847 907 1930 957 tes
1979 903 2110 974 (21),
2156 904 2253 977 qui
2300 904 2489 976 plagae
2534 909 2619 961 est
2658 906 2973 977 impositus
3013 906 3040 960 ?
3081 906 3145 962 Id
3193 923 3334 964 vero
3383 913 3507 966 erat

1843 1006 1982 1047 caro
2013 992 2346 1064 putrefacta
2383 998 2438 1051 et
2468 998 2760 1067 separata.
2799 1011 2935 1068 quae
2971 1011 3090 1052 una
3119 1012 3256 1052 cum
3290 999 3506 1069 pannis

1843 1081 2051 1138 evulsa
2081 1082 2289 1139 fuerat.
2326 1083 2418 1141 Sic
2451 1099 2562 1154 ego
2603 1089 2870 1150 sanatus,
2899 1088 2955 1140 et
2996 1090 3210 1156 praeter
3240 1102 3406 1158 spem
3449 1091 3506 1145 et

1843 1170 2183 1240 opinionem
2221 1173 2478 1244 pristinae
2521 1173 2824 1229 restitutus
2869 1173 3210 1242 valetudini,
3247 1191 3367 1232 non
3409 1192 3503 1232 me

1839 1260 2005 1330 potui
2051 1261 2310 1334 amplius
2353 1262 2672 1332 continere,
2707 1263 2853 1336 quin
2896 1279 3166 1335 parerem
3216 1265 3503 1321 curatoris

1842 1349 1956 1404 mei
1986 1357 2303 1424 praecepto,
2329 1357 2385 1408 et
2416 1368 2510 1408 me
2538 1352 2869 1408 conferrem
2887 1353 3115 1424 ad‘ejus
3138 1354 3498 1426 sepulcrum,

1840 1454 1976 1494 cum
2023 1439 2151 1496 aliis
2196 1441 2410 1497 festum
2441 1441 2871 1497 celebraturus.
2920 1444 3067 1498 Cum
3115 1443 3196 1498 sic
3236 1443 3496 1509 dixisset,

1841 1529 2037 1584 statim
2069 1547 2310 1602 quoque
2341 1532 2423 1587 sic
2452 1532 2605 1598 fecit,
2635 1535 2689 1588 et
2717 1531 2793 1589 ad
2824 1533 3105 1588 Sanctum
3131 1532 3499 1605 abiitplenus

1839 1619 2060 1688 gaudio
2086 1626 2141 1676 et
2166 1621 2380 1676 laetitia.
2413 1622 2486 1675 Iis
2515 1627 2734 1686 autem,
2765 1621 2867 1694 qui
2899 1621 2950 1677 ei
2979 1621 3202 1678 fiebant
3231 1622 3496 1690 obviam,

1836 1725 1929 1765 res
1976 1709 2294 1766 videbatur
2340 1710 2725 1782 incredibilis,
2779 1717 2832 1768 et
2877 1712 2964 1768 vel
3009 1712 3083 1768 de
3115 1712 3234 1768 suis
3265 1712 3498 1768 dubita-

1762 1813 1806 1868 Β
1837 1799 1978 1854 bant
2009 1799 2216 1855 oculis.

1905 1891 2035 1945 XXI.
2091 1890 2499 1960 Conjuugatur
2546 1889 3018 1961 praecedentibus
3075 1890 3303 1960 Georgii
3355 1906 3498 1963 quo-

1836 1992 1952 2050 que
1992 1978 2348 2034 miraculum
2379 1995 2390 2034 :
2426 1995 2544 2035 non
2586 1983 2676 2035 est
2711 1979 2867 2034 enim
2900 1978 3048 2044 leve,
3080 1995 3188 2036 nec
3227 1979 3492 2048 vulgare,

1835 2082 2030 2140 neque
2072 2067 2190 2123 ullo
2218 2068 2400 2124 modo
2431 2069 2959 2124 contemnendum.
2992 2072 3045 2124 Is
3074 2073 3199 2124 erat
3229 2069 3495 2125 minister

1835 2157 2115 2212 monachi
2136 2157 2450 2228 cujusdam
2474 2163 2527 2213 et
2550 2157 2895 2223 sacerdotis,
2922 2158 3162 2214 nomine
3189 2157 3490 2229 Ephraim.

1835 2246 1977 2300 Cum
2006 2251 2204 2302 autem
2246 2246 2517 2319 hydrope
2545 2247 2862 2316 laboraret,
2905 2252 2960 2303 et
2989 2247 3048 2302 in
3088 2263 3256 2303 sacra
3289 2247 3492 2316 magni

1837 2337 2181 2407 Sampsonis
2214 2337 2340 2392 aede
2380 2342 2534 2393 esset
2566 2337 2875 2409 repositus,
2911 2337 3117 2393 omnia
3137 2336 3382 2409 quidem
3407 2353 3493 2393 re-

1833 2424 1996 2496 pulit,
2038 2442 2172 2498 quae
2204 2425 2255 2480 ei
2295 2441 2330 2481 a
2373 2426 2618 2481 medicis
2659 2427 2822 2498 prius
2862 2434 3027 2482 erant
3066 2426 3143 2481 ad
3193 2426 3492 2482 medelam

1833 2514 2123 2577 adhibita,
2167 2518 2368 2586 utpote
2391 2530 2427 2570 a
2464 2515 2684 2586 quibus
2720 2514 3001 2570 omnibus
3028 2512 3170 2569 nihil
3196 2514 3322 2585 opis
3361 2531 3493 2570 sen-

1833 2603 2022 2658 sisset.
2059 2603 2277 2659 Deinde
2307 2619 2442 2658 cum
2484 2619 2638 2672 aegre
2683 2603 2876 2667 ferret,
2917 2603 3076 2674 quod
3103 2603 3333 2659 tamdiu
3373 2603 3488 2658 illic

1831 2692 2233 2757 decumberet,
2263 2708 2432 2748 sacra
2463 2692 2561 2747 illa
2590 2691 2716 2747 aede
2749 2691 2968 2762 relicta,
2996 2691 3140 2748 abiit
3172 2691 3232 2746 in
3259 2691 3489 2746 domini

1829 2781 2279 2836 domunculam.
2325 2783 2450 2836 Non
2481 2780 2756 2836 cessabat
2797 2785 2998 2835 autem
3027 2779 3308 2834 dominus
3347 2794 3486 2834 eum

1830 2885 2072 2926 monere
2116 2874 2171 2926 et
2221 2869 2464 2934 hortari,
2517 2875 2576 2924 ut
2633 2873 3042 2935 reverteretur,
3088 2873 3142 2923 et
3180 2867 3241 2922 in
3286 2868 3485 2923 Sancti

1827 2958 2011 3014 domo
2050 2959 2246 3015 adhuc
2283 2963 2567 3015 maneret.
2603 2960 2749 3014 Cum
2779 2973 2922 3014 vero
2953 2973 3075 3013 non
3100 2957 3487 3029 persuaderet

1828 3050 1886 3121 (ο.
1958 3049 2155 3104 verbis
2207 3048 2364 3106 enim
2421 3047 2758 3104 abstinebat
2809 3046 3214 3119 asperioribus
3244 3052 3485 3118 propter

1828 3138 2022 3194 morbi
2052 3138 2425 3211 gravitatem)
2458 3155 2470 3192 :
2517 3137 2876 3205 Oratorium,
2917 3137 3124 3209 inquit,
3161 3136 3374 3193 saltem
3398 3137 3485 3192 in-

1825 3229 2089 3297 gredere,
2106 3228 2462 3284 adoraturus
2481 3227 2674 3298 ipsam
2689 3227 2882 3282 Sancti
2896 3226 3221 3296 imaginem
3239 3244 3250 3281 :
3269 3225 3483 3281 deinde

1825 3334 1958 3372 cum
1999 3317 2197 3373 oleum
2239 3317 2558 3387 acceperis,
2600 3321 2656 3372 et
2697 3321 2748 3372 te
2780 3316 3039 3382 unxeris,
3085 3315 3145 3370 in
3196 3320 3292 3370 tuo
3331 3315 3482 3371 lecto

1823 3407 2122 3462 recumbe.
2185 3406 2280 3462 Ille
2326 3412 2523 3461 autem
2577 3404 2729 3467 fecit,
2792 3404 2955 3477 quod
3009 3404 3212 3476 jussus
3271 3403 3479 3460 fuerat.

1823 3498 2140 3568 Postquam
2172 3511 2311 3551 vero
2354 3494 2612 3558 advenit,
2663 3492 2987 3565 jubebatur
3028 3493 3275 3565 quidem
3306 3510 3340 3550 a
3380 3493 3483 3550 do-

1824 3586 1989 3642 mino
2019 3585 2213 3640 adhuc
2244 3585 2432 3641 facere
2466 3582 2764 3647 similiter;
2795 3582 2889 3637 ille
2920 3587 3121 3638 autem
3149 3599 3161 3637 :
3194 3582 3307 3638 Sed
3346 3597 3479 3653 ego,

1825 3676 2034 3747 inquit,
2062 3675 2186 3746 jam
2233 3673 2529 3737 convalui,
2571 3675 2626 3727 et
2671 3671 2867 3728 Sancti
2907 3671 3117 3727 virtute
3158 3687 3291 3726 sum
3337 3671 3483 3727 inte-

1825 3780 1992 3835 gram
2043 3767 2347 3820 assecutus
2387 3762 2724 3818 sanitatem.
2757 3761 2891 3816 Haec
2932 3764 3086 3815 enim
3129 3764 3298 3816 nocte
3335 3759 3479 3814 mihi

1821 3868 2119 3926 apparens
2150 3852 2209 3906 in
2241 3850 2469 3906 somnis
2505 3851 2778 3918 Sanctus,
2821 3863 3026 3904 meum
3051 3852 3315 3904 ventrem
3355 3848 3480 3904 teti-

1819 3944 1920 4013 git,
1979 3946 2035 3998 et
2091 3941 2238 3996 dixit
2297 3939 2484 3995 mihi:
2548 3937 2677 4005 Abi,
2732 3953 2873 3994 cum
2913 3936 2990 3992 sis
3051 3952 3272 4002 sanus;
3335 3935 3479 3992 nihil

1816 4032 1972 4088 enim
2013 4030 2153 4087 mali
2186 4034 2238 4086 te
2268 4032 2442 4085 vexat
2480 4026 2764 4100 amplius.
2795 4034 2912 4084 Hac
2939 4031 3139 4084 autem
3179 4025 3258 4081 ad
3295 4025 3478 4081 ﬁdem

1815 4121 2060 4178 domino
2091 4118 2430 4176 faciendam
2462 4134 2584 4174 non
2647 4117 3004 4174 suffecerunt
3037 4133 3049 4172 :
3088 4116 3192 4172 sed
3224 4116 3479 4188 ipsemet

1815 4209 2137 4283 periculum
2196 4208 2387 4264 facere
2443 4207 2643 4273 voluit,
2703 4211 2758 4263 et
2813 4205 3124 4279 diligenter
3181 4208 3475 4261 scrutatus

1812 4301 2042 4357 vultum
2066 4299 2214 4370 ejus,
2246 4301 2302 4354 et
2326 4302 2610 4362 ventrem,
2640 4301 2696 4352 et
2717 4296 2929 4368 pedes,
2959 4299 3014 4352 et
3034 4295 3266 4368 reliqua
3287 4310 3479 4351 mem-

152 4388 288 4452 τυχὼν
324 4385 545 4459 ἀμίσθου
599 4393 686 4440 καὶ
733 4386 1015 4460 ἀψευδοῦς,
1060 4392 1148 4440 καὶ
1195 4390 1354 4460 ὑγιῶς
1384 4391 1576 4460 ἔχοντα
1613 4393 1698 4443 τὸν

1829 4407 1940 4456 )ra,
1974 4404 2111 4445 cum
2151 4386 2340 4443 nullas
2382 4386 2570 4441 morbi
2599 4385 2899 4458 reliquias,
2960 4389 3061 4441 aut
3100 4384 3353 4454 vestigia
3393 4399 3479 4439 re-

153 4468 312 4530 ῡίκέτην
335 4477 476 4551 ὁρῶν.

1811 4479 2046 4552 periret,
2105 4480 2291 4532 Deum
2343 4475 2637 4540 laudavit,
2678 4481 2734 4531 et
2790 4475 3008 4531 Sancto
3067 4475 3183 4544 egit
3230 4474 3471 4545 gratias,

152 4561 278 4628 quod
316 4564 372 4620 in
406 4566 535 4638 ipso
579 4565 880 4623 medicum
919 4570 1130 4623 nactus
1170 4565 1402 4636 fuisset,
1444 4567 1547 4640 qui
1594 4569 1987 4628 certissimam
2028 4565 2254 4624 famulo
2293 4582 2402 4622 suo
2443 4565 2567 4622 sine
2614 4563 2889 4622 mercede
2931 4563 3284 4621 reddidisset
3322 4563 3478 4619 salu-

154 4649 261 4702 tem.

208 4739 307 4795 ΚΗ.
344 4740 487 4795 Ἀλλὰ
539 4748 629 4796 καὶ
675 4747 731 4796 τό
775 4751 869 4806 τῆς
916 4743 1141 4818 Εἰρήνης
1183 4745 1348 4806 πάθος
1397 4745 1584 4817 ὁμοίως
1633 4743 1694 4806 ἦν

154 4824 263 4890 ἕχον·
290 4827 461 4903 ὕδρωψ
506 4836 608 4904 γὰρ
653 4838 742 4885 καὶ
773 4833 898 4884 αὐτὸ
948 4835 1107 4893 πάθος
1151 4835 1208 4884 τὸ
1251 4833 1694 4905 χαλεπώτατον,ὃ

157 4917 221 4961 καὶ
269 4914 459 4981 ἀστείας
517 4919 584 4980 δὴ
640 4927 727 4973 καὶ
784 4924 1212 4994 θαυμασιωτέρας
1259 4925 1416 4994 ἔτυχε
1472 4931 1567 4986 τῆς
1620 4924 1695 4976 ἰά-

161 5016 267 5062 σεως.
318 5006 366 5060 Ἠ
411 5015 498 5081 μὲν
548 5008 634 5063 οὖν
682 5011 867 5085 Εἰρήνη
918 5016 1048 5083 γννή
1095 5031 1170 5072 τις
1219 5008 1279 5069 ἧν
1325 5012 1432 5074 ἐνὸς
1483 5021 1578 5064 τῶν
1623 5021 1694 5075 τῷ

161 5097 246 5159 ιερῷ
295 5099 404 5167 οἴκῳ
477 5095 878 5166 διακονούντων,
932 5099 1005 5172 ἐφ’
1187 5105 1276 5152 καὶ
1337 5100 1689 5167 ἀνακλιθεῖσα,

160 5181 251 5246 πρὸς
290 5188 365 5252 μὲν
411 5195 505 5238 τῶν
551 5188 736 5261 ἰατρῶν
790 5187 1038 5263 ἀπείρητο
1081 5192 1174 5247 τὴν
1219 5191 1442 5260 ὑγίειαν.
1479 5189 1538 5242 Ὀ
1583 5195 1692 5263 μέν·

159 5281 218 5353 ξος
261 5269 417 5342 ’Δγιος
462 5281 643 5339 νυκτός
695 5281 909 5340 ἐπιστὰς
980 5279 1108 5350 μετά
1161 5298 1311 5330 τινων
1373 5284 1460 5331 καὶ
1515 5279 1692 5353 ἐτέρων

162 5348 251 5420 δύο»
284 5363 381 5428 μεθ’
431 5361 493 5416 ὧν
538 5372 624 5439 μεν
672 5369 842 5420 εἴωθεν
891 5371 954 5427 ὡς
998 5371 1062 5420 τὰ
1101 5367 1261 5420 πολλὰ
1308 5367 1688 5442 ἐπιφαίνεσθαι,

161 5447 251 5505 τοὺς
295 5450 440 5515 θείους
481 5473 531 5507 τε
587 5455 902 5531 ἁναργύρους
951 5457 1078 5508 εἶναι
1148 5459 1359 5519 τούτους
1412 5463 1538 5530 φασὶ
1598 5465 1692 5511 Κο-

222 5635 314 5712 (21)
340 5643 642 5719 Amanites,
671 5649 836 5722 fungi
877 5650 1126 5724 species.

1876 4745 2030 4803 XXII.
2079 4745 2298 4800 Similis
2329 4743 2437 4800 fuit
2467 4747 2644 4800 [rente
2671 4742 2990 4814 cujusdam
3024 4741 3290 4808 morbus,
3338 4758 3474 4814 quae

1797 4837 1982 4893 etiam
2023 4835 2153 4906 ipsa
2196 4833 2460 4905 hydrope
2491 4831 2822 4897 laborabat,
2862 4846 3051 4904 eoque
3079 4830 3469 4900 gravissimo;

1805 4940 1874 4981 ac
1918 4924 2048 4980 ideo
2094 4923 2286 4992 magis
2324 4922 2628 4988 solemnis,
2674 4920 2990 4992 magisque
3033 4919 3311 4976 miranda
3367 4919 3474 4978 fuit

1805 5015 1932 5084 ejus
1976 5013 2225 5068 curatio.
2261 5011 2531 5068 Habebat
2565 5011 2666 5068 illa
2695 5011 2978 5067 maritum
3007 5025 3080 5066 ex
3119 5024 3327 5066 eorum
3371 5025 3474 5063 nu-

1805 5118 1986 5168 mero,
2031 5102 2126 5174 qui
2185 5101 2296 5157 aedi
2349 5117 2536 5156 sacras
2584 5101 2934 5165 inserviunt,
2978 5099 3038 5154 in
3083 5113 3205 5168 qua
3244 5103 3300 5154 et
3339 5098 3472 5169 ipsa

1804 5190 2224 5256 decumbebat,
2258 5190 2652 5262 desesperans
2694 5189 2946 5245 salutem
2979 5203 3014 5244 ο.
3039 5186 3288 5242 medicis
3325 5185 3474 5241 obti.

1805 5281 2084 5336 nendam.
2120 5283 2370 5335 Sanctus
2397 5282 2594 5334 autem
2627 5283 2806 5334 noctu
2833 5291 3132 5349 apparens
3161 5291 3300 5332 cum
3342 5273 3470 5332 aliis

1803 5369 2226 5436 duobus;cum
2254 5368 2475 5439 quibus
2495 5372 2558 5422 ut
2580 5366 2904 5439 plurimum
2934 5365 3156 5422 solebat
3179 5379 3470 5438 apparere

1803 5460 1928 5531 (eos
1985 5473 2118 5514 vere
2172 5473 2300 5514 esse
2339 5455 2543 5513 dicunt
2581 5454 2817 5513 divinos
2855 5455 3008 5523 illos,
3033 5456 3134 5528 qui
3181 5455 3306 5511 sine
3351 5453 3470 5512 ulla
