4084 6216
571 320 680 389 807

1974 327 2237 389 MENSIS
2280 327 2553 397 JUNIUS.

3836 336 3962 394 308

574 456 891 516 medentur
931 452 1207 527 pecunia,
1250 453 1529 511 Cosmam
1556 456 1612 511 et
1641 454 2065 530 Daminanum)
2104 472 2238 513 eam

2362 462 2489 531 σμᾶν
2537 464 2624 512 καὶ
2682 463 2960 534 Δαμιανὸν,
3007 464 3161 535 ἤρετο
3208 469 3410 534 πρῶτον
3461 461 3621 522 αύτήν
3664 464 3689 516 ὁ
3741 463 3956 535 Ἀγιος,

573 544 839 620 primum
868 543 1269 613 interrogavit,
1298 543 1588 616 quidnam
1618 544 1756 600 mali
1785 551 2101 617 pateretur.
2134 545 2239 602 Illa

576 639 773 691 autem
796 633 1106 689 videbatur
1132 633 1332 703 ipsum
1356 632 1581 688 malum
1605 634 1914 690 ostendere
1940 652 1953 701 ;
1986 636 2238 692 Sanctus

575 739 713 779 vero
752 738 940 777 unum
976 737 1007 776 e
1046 721 1220 777 sociis
1252 721 1370 775 suis
1412 722 1656 793 alloqui,
1699 729 1752 777 et
1791 723 1988 779 dicere
2021 741 2033 780 :
2061 725 2238 796 Opor-

575 816 656 869 tet
690 813 820 882 ejus
852 811 1059 867 femori
1101 810 1382 866 adhibere
1410 812 1750 867 sectionem.
1781 814 1847 868 Et
1869 812 1961 869 ille
1991 813 2238 885 quidem

575 903 657 958 sic
675 902 823 958 fecit.
863 901 1065 957 Mulier
1087 904 1300 963 autem,
1343 905 1406 957 ut
1430 917 1568 971 quas
1605 901 1870 957 dolorem
1907 902 2237 975 quemdam

577 994 862 1057 senserat,
894 1006 925 1045 e
968 1005 1186 1046 somno
1226 994 1315 1044 est
1345 990 1627 1055 excitata;
1657 991 1800 1046 nihil
1840 1008 1982 1048 vero
2021 1007 2240 1063 cogno—

573 1081 658 1137 vit
683 1098 751 1137 ex
781 1080 851 1136 iis
873 1096 1002 1152 qua:
1038 1096 1217 1151 passa
1248 1078 1458 1135 fuerat.
1494 1080 1637 1135 Cum
1665 1084 1865 1136 autem
1911 1081 2236 1146 diluxisset,

577 1171 655 1229 ad
695 1186 830 1227 eam
872 1169 1161 1226 accedens
1200 1168 1448 1233 famula,
1490 1169 1823 1242 vidensque
1863 1186 2088 1242 aquam
2126 1169 2241 1226 sub

577 1261 726 1317 lecto
756 1259 975 1323 fusam,
1006 1258 1306 1322 arbitrata,
1340 1263 1402 1314 ut
1423 1263 1547 1315 erat
1570 1258 1911 1323 verisimile,
1948 1274 2082 1316 eam
2114 1275 2241 1315 esse

580 1350 851 1406 urinam:
890 1347 1273 1419 exprobravit
1321 1347 1454 1419 ipsi,
1492 1348 1657 1419 quod
1691 1348 1936 1420 turpiter
1966 1348 2241 1405 indecore

582 1456 644 1496 se
684 1442 926 1508 gereret,
975 1436 1223 1508 etquod
1263 1452 1458 1509 neque
1504 1437 1874 1505 surrexisset,
1918 1454 2108 1509 neque
2154 1439 2241 1493 ul-

581 1529 702 1587 lam
733 1530 1001 1583 vocasset
1030 1542 1101 1581 ex
1143 1526 1389 1591 ancillis,
1419 1526 1523 1581 sed
1568 1526 1939 1597 inquinasset
1969 1532 2025 1583 et
2053 1534 2244 1584 vestes

584 1622 641 1675 et
680 1616 958 1686 stragula.
1004 1615 1104 1672 Illa
1151 1622 1350 1671 autem
1402 1614 1681 1684 negabat,
1719 1615 1946 1685 dicens,
2001 1632 2064 1672 se
2101 1616 2245 1673 nihil

585 1707 694 1764 tale
726 1706 951 1761 fecisse.
984 1705 1203 1761 Deinde
1232 1708 1461 1761 remota
1497 1704 1718 1773 tunica,
1760 1720 1897 1760 cum
1937 1705 2065 1761 visa
2091 1710 2247 1760 esset

2348 552 2400 599 τί
2449 547 2508 599 ἂν
2562 554 2651 601 καὶ
2681 552 2975 623 πάσχουσα
3018 554 3118 609 εἴη.
3147 551 3203 603 Ἠ
3238 547 3296 604 δὲ
3344 549 3711 605 ὑποδεικνύναι
3751 550 3957 606 ἐδόκει·

2348 642 2436 697 καὶ
2482 640 2506 690 ὁ
2553 638 2730 711 "Ar/to;
2778 641 2849 694 ἑνὶ
2894 644 3085 694 τούτων
3137 640 3440 714 προσλαϐὼν
3485 643 3817 714 ὑπεφαίνετο’
3847 650 3960 696 Το-

2348 731 2449 799 μὴν
2501 729 2659 791 αὐτῆς
2692 728 2773 783 δεῖ
2824 740 2894 803 τῷ
2944 740 3095 805 μηρῇ
3145 730 3414 785 ἐπιθεῖναι.
3452 736 3547 786 Καὶ
3597 735 3621 786 ό
3668 735 3757 806 μεν
3788 733 3958 795 οὕτως

2350 814 2528 872 ἐποίει.
2558 818 2619 870 Ἠ
2654 816 2731 886 δὲ,
2765 821 2939 893 ὥσπερ
2988 818 3179 882 ὀδύνης
3224 821 3504 893 αἰσθομένη
3554 826 3713 887 τινός,
3748 818 3962 874 διυπνί-

2352 906 2484 973 ζετο,
2518 911 2643 979 ἔγνω
2693 906 2752 962 δὲ
2801 907 2951 963 οὐδὲν
2996 912 3063 962 ὧν
3111 913 3377 968 πέπονθεν.
3407 911 3491 974 Ὠς
3537 909 3596 965 δὲ
3643 917 3733 965 καὶ
3781 914 3965 985 ἡμέρα

2351 994 2433 1061 ἧν,
2466 998 2496 1053 ἡ
2532 1000 2777 1072 ὑπηρέτις
2828 1001 2957 1073 αὐτῇ
2993 1000 3374 1074 προσελθοῦσα,
3407 1007 3496 1055 καὶ
3544 999 3688 1077 ὕδωρ
3734 1004 3834 1055 ὑπὸ
3891 1010 3959 1075 τῇ

2350 1087 2491 1160 κλίνη
2541 1094 2826 1161 κεχυμένον
2872 1089 3081 1155 ἰδοῦσα,
3116 1090 3272 1164 οὐράν
3321 1111 3374 1144 τε
3422 1092 3546 1144 αύτὸ
3597 1089 3743 1160 εἶναι,
3781 1095 3852 1154 ὡς
3900 1096 3962 1143 τό

2352 1177 2505 1243 εἰκὸς,
2550 1178 2810 1245 οἰηθεῖσα,
2856 1183 2914 1232 τό
2959 1182 3190 1253 ἄκοσμον
3237 1180 3366 1253 αὐτῇ
3411 1179 3666 1245 ὠνείδιζε,
3699 1186 3787 1233 καὶ
3841 1180 3970 1233 ἁτε-

2351 1274 2493 1337 χνῶς
2540 1269 2810 1341 ἄσχημον,
2860 1271 2938 1321 ὅτι
2984 1275 3055 1342 μὴ
3110 1268 3320 1337 ἀνέστη,
3349 1276 3439 1323 καὶ
3482 1275 3553 1343 μή
3602 1270 3805 1324 ἐκάλεσε
3857 1291 3967 1343 μη-

2354 1352 2538 1426 δεμίαν
2610 1366 2705 1409 τῶν
2778 1359 3230 1432 ὑπηρετουμένων,
3291 1358 3418 1412 ἀλλὰ
3479 1365 3567 1413 καὶ
3636 1364 3701 1413 τὰ
3774 1362 3973 1433 ἱμάτια

2352 1448 2584 1516 ᾔσχυνεν
2636 1448 2769 1498 οὕτω
2825 1451 2956 1520 μετά
3004 1458 3100 1500 τῶν
3157 1452 3495 1524 στρωμάτων.
3539 1453 3596 1502 Ἡ
3646 1448 3704 1503 δὲ
3753 1451 3970 1520 ἠρνεῖτο

2354 1531 2518 1605 μηδὲν
2589 1544 2820 1590 τοιοῦτον
2916 1539 3215 1613 εἰργάσθαι,
3300 1540 3569 1610 λέγουσα·
3656 1536 3967 1612 Μηδαμῶς.

2352 1622 2569 1676 Ἔπειτα
2626 1634 2716 1678 τοῦ
2794 1635 3015 1698 χιτῶνος
3083 1626 3469 1694 ἁνασταλέντος,
3524 1638 3617 1691 τῆς
3690 1637 3855 1702 τομῆς
3918 1646 3973 1681 τε

2359 1709 2672 1784 διαφανείση
2687 1737 2725 1781 ς,
2760 1721 2851 1769 καὶ
2878 1725 2970 1769 τοῦ
3002 1718 3162 1792 ὑγροῦ
3201 1718 3585 1793 καταρρέοντος,
3617 1721 3642 1770 ὁ
3669 1722 3756 1790 μὲν
3787 1719 3976 1790 ἰατρός

586 1796 787 1861 sectio,
821 1799 876 1850 et
899 1795 1117 1849 humor
1152 1790 1421 1859 effluens,
1463 1794 1739 1863 cognitus
1771 1794 1909 1850 inde
1933 1795 2040 1850 fuit
2068 1795 2249 1851 medi-

2362 1799 2521 1864 δῆλος
2551 1801 2632 1869 ἦν,
2667 1805 2795 1864 αύτή
2847 1825 2901 1858 τε
2931 1808 3087 1877 ύγιής
3132 1803 3418 1874 ἐδείκνυτο,
3452 1812 3541 1860 καὶ
3572 1804 3750 1860 οἶκαδε
3793 1806 3981 1869 καλῶς

587 1901 726 1941 cus:
761 1889 815 1940 et
846 1884 970 1955 ipsa
1001 1899 1149 1939 sana
1180 1883 1413 1949 exstitit,
1448 1888 1503 1939 et
1533 1882 1786 1939 domum
1838 1900 1975 1939 cum
2029 1884 2251 1955 gaudio

587 1979 676 2032 est
705 1989 967 2030 reversa.

664 2064 843 2118 XXIII.
901 2066 1086 2134 Atque
1136 2062 1263 2117 haec
1296 2061 1601 2119 sufﬁciunt
1649 2062 1724 2118 ad
1757 2063 2251 2135 cognoscendam

590 2154 843 2223 gratiam
866 2166 999 2222 quas
1023 2165 1244 2219 magno
1270 2150 1581 2220 Sampsoni
1605 2148 1746 2206 data
1770 2150 1895 2206 fuit.
1918 2151 2070 2216 Quid
2091 2152 2250 2206 enim

595 2242 682 2311 (ut
711 2244 799 2295 est
846 2240 901 2294 in
944 2239 1255 2309 tragoedia)
1285 2255 1602 2295 numerare
1642 2245 1874 2312 oportet
1912 2241 2251 2296 innumera-

595 2329 739 2385 bilia
764 2328 919 2400 (2'2)?
944 2328 1168 2384 Etenim
1190 2327 1393 2399 qualia
1418 2328 1575 2385 facta
1606 2333 1764 2393 sunt,
1786 2345 2097 2401 nunquam
2128 2346 2255 2386 ces-

596 2424 729 2475 sant
776 2417 922 2485 ﬁeri,
956 2417 1055 2473 sed
1089 2417 1409 2472 ﬂuminum
1442 2416 1628 2475 instar
1666 2434 1727 2473 se
1771 2418 1997 2474 habent
2029 2436 2043 2485 ;
2080 2424 2253 2491 atque

594 2508 731 2564 ideo
771 2506 1130 2561 miraculum
1172 2523 1355 2562 unum
1388 2505 1602 2563 sufﬁcit
1650 2523 1753 2579 pro
1793 2508 2088 2573 omnibus,
2132 2513 2253 2565 tan-

2362 1889 2519 1950 ἐπανὴ
2526 1911 2709 1965 ρχετο.

2437 2051 2549 2105 ΚΓ.
2587 2052 2771 2127 Ἀρχεῖ
2801 2058 3003 2118 τούτοις
3033 2058 3292 2129 γεύματος
3340 2058 3432 2113 τὴν
3465 2055 3585 2115 ὅλην
3635 2053 3992 2128 ἀποδειχθῆ-

2363 2160 2446 2191 ναι
2478 2149 2568 2192 τοῦ
2602 2143 2840 2214 Μεγάλου
2872 2148 3051 2220 χάριν.
3087 2150 3149 2199 Τί
3178 2148 3302 2219 γὰρ,
3340 2148 3475 2197 κατὰ
3522 2151 3614 2204 τὴν
3645 2143 3985 2219 τραγῳδίαν,

2366 2228 2695 2305 ἁναρίθμητα
2770 2238 3138 2309 μετρήσασθαι
3198 2231 3317 2301 dei;
3368 2240 3462 2288 καὶ
3540 2238 3642 2308 γὰρ
3726 2233 3991 2289 οὐδέποτε

2364 2328 2528 2371 ταῦτα
2581 2322 2828 2393 λεγόμενα
2879 2323 3171 2396 λήγουσιν·
3231 2323 3357 2376 ἀλλὰ
3418 2332 3522 2385 τοῖς
3576 2334 3673 2377 τῶν
3728 2336 3988 2398 ποταμῶν

2364 2410 2615 2483 ῥεύμασιν
2670 2414 2888 2483 ἔχουσιν
2944 2415 3137 2484 ὁμοίως
3163 2435 3174 2446 ·
3204 2413 3368 2475 ἄλλως
3419 2410 3557 2466 δέτι
3602 2419 3690 2466 καὶ
3722 2414 3832 2475 ἐνὸς
3870 2415 3986 2467 ἀντὶ

2366 2500 2569 2550 πάντων
2616 2498 2917 2569 ἀρκοῦντος,
2972 2510 3064 2555 τοῦ
3113 2502 3407 2577 θεορρύτου,
3455 2508 3607 2575 φημὶ,
3653 2506 3912 2576 νάματος,
3959 2507 3983 2557 ό

593 2612 782 2669 quam
824 2595 1049 2651 ﬂumen
1097 2594 1382 2652 divinitus
1424 2595 1641 2665 ﬂuens,
1706 2598 1862 2668 quod
1912 2596 2179 2669 procedit
2228 2614 2257 2654 e

594 2686 869 2758 sepulcro
902 2685 1006 2740 viri
1034 2685 1239 2751 sancti,
1271 2689 1325 2741 et
1372 2685 1637 2757 quotidie
1673 2687 1861 2743 oritur
1890 2691 2195 2759 tamquam
2229 2703 2259 2743 e

592 2776 772 2832 fonte.
806 2774 1067 2831 Procedit
1098 2778 1299 2831 autem
1319 2789 1438 2830 non
1470 2791 1737 2848 semper:
1765 2776 1867 2831 sed
1899 2776 2109 2847 paucis
2140 2776 2260 2832 die-

593 2864 702 2921 bus
734 2869 869 2922 ante
896 2864 1109 2920 festum
1155 2864 1587 2934 Thaumaturgi
1640 2864 1892 2936 quidam
1934 2864 2109 2920 veluti
2151 2866 2260 2921 hu-

595 2969 727 3009 mor
756 2958 1026 3024 apparet,
1054 2953 1157 3024 qui
1186 2952 1404 3008 deinde
1437 2952 1727 3023 paulatim
1775 2956 2048 3023 augetur,
2076 2958 2132 3009 et
2174 2970 2249 3009 re-

2372 2944 2603 3019 διαμένει
2649 2952 2777 3021 μετά
2822 2954 2914 3008 τὴν
2964 2950 3163 3024 ἑορτὴν,
3209 2952 3403 3003 οὑτωσὶ
3444 2952 3702 3023 πηγάζον,
3739 2953 3830 3013 ἕως
3878 2958 3978 3004 καί

595 3046 799 3097 manet
838 3045 976 3111 post
1006 3041 1221 3096 festum
1262 3040 1347 3095 sic
1389 3042 1737 3107 scaturiens,
1781 3041 1972 3096 donec
2012 3042 2249 3114 aliquot,

2368 3053 2500 3096 τινες
2562 3038 2754 3111 ἡμέραι
2824 3038 3143 3113 παρέλθοιεν,
3196 3036 3306 3091 εἶτα
3352 3042 3592 3097 παύεται.
3650 3040 3786 3099 Πλὴν
3845 3038 3979 3113 οἶμα

594 3130 721 3185 dies
750 3128 1138 3200 praeterierint
1166 3146 1179 3184 :
1213 3128 1427 3184 deinde
1455 3133 1668 3184 cessat.
1704 3130 1895 3201 Atque
1918 3129 2028 3185 hoc
2052 3130 2249 3201 modo,

2369 3126 2530 3196 ταύτῃ
2589 3127 2978 3199 θαυμαζόμενον
3028 3134 3117 3181 καὶ
3169 3135 3489 3203 τιμιώτερον,
3544 3131 3571 3188 ἡ
3624 3130 3667 3182 εἰ
3720 3127 3977 3188 διηνειών

2368 2592 2574 2662 πρόεισι
2605 2592 2693 2661 μὲν
2734 2598 2824 2643 τοῦ
2873 2595 3059 2663 τάφου,
3111 2598 3198 2644 καὶ
3246 2601 3427 2645 τοῦτον
3470 2596 3583 2665 ἔχει
3636 2599 3837 2665 γένεσιν
3890 2592 3980 2646 καὶ

2368 2684 2578 2749 πηγήν’
2622 2684 2829 2755 πρόεισι
2877 2678 2935 2733 δὲ
2983 2681 3075 2733 οὐκ
3125 2684 3223 2746 ἀεὶ,
3270 2680 3375 2733 ἀλλ’
3409 2682 3605 2753 ὀλίγαις
3647 2685 3735 2755 μὲν
3782 2688 3975 2756 πρότε-

2368 2787 2455 2841 ρον
2502 2771 2722 2844 ἡμέραις
2776 2778 2867 2832 τῆς
2922 2777 3012 2823 τοῦ
3068 2773 3468 2845 θαυματουργοῡ
3518 2771 3712 2845 ἑορτῆς,
3758 2774 3849 2824 οἶα
3896 2792 3976 2825 νο-

2370 2863 2444 2918 τὶς
2488 2859 2861 2931 ύποφαίνεταισ
2893 2862 3069 2913 ἔπειτα
3125 2865 3214 2913 καὶ
3258 2863 3314 2913 τὸ
3367 2861 3537 2932 ὀλίγον
3589 2861 3822 2927 αὔξεται,
3882 2867 3977 2913 καὶ

596 3222 661 3274 ut
698 3217 928 3289 opinor,
983 3218 1197 3287 majori
1245 3221 1337 3272 est
1378 3218 1440 3272 in
1478 3217 1705 3273 honore
1743 3222 1799 3273 et
1837 3217 2255 3283 admiratione,

588 3322 776 3380 quam
809 3307 859 3361 si
880 3312 1168 3379 perpetuo
1190 3305 1415 3361 ﬂueret.
1446 3306 1742 3372 Quoniam
1770 3306 1853 3362 sic
1880 3324 2113 3364 servare
2136 3324 2257 3364 cer-

590 3400 737 3463 tum,
772 3400 828 3453 et
855 3411 1169 3467 nunquam
1202 3394 1488 3452 aberrans
1516 3400 1752 3467 tempus
1781 3396 2005 3452 ﬂuendi
2037 3402 2092 3453 et
2114 3397 2257 3453 deﬁ-

588 3486 803 3551 ciendi,
842 3491 1240 3558 praeterquam
1273 3485 1436 3557 quod
1488 3485 1547 3540 id
1584 3487 1808 3555 gratius
1840 3491 1896 3542 et
1938 3486 2253 3543 admirabio

586 3574 701 3631 lius
730 3575 823 3639 sit,
850 3577 941 3631 est
965 3574 1142 3630 etiam
1174 3574 1368 3644 magis
1398 3574 1754 3631 venerabile.
1781 3575 1953 3640 Quod
1981 3576 2139 3631 enim
2171 3581 2255 3632 est

588 3668 963 3738 perpetuum,
999 3663 1167 3720 aﬂert
1195 3664 1441 3720 fortasse
1481 3665 1659 3720 etiam
1691 3664 2013 3721 satietatem
2042 3682 2055 3731 ;
2086 3666 2256 3722 satie-

589 3761 679 3811 tas
710 3760 905 3810 autem
934 3752 1161 3809 inducit
1191 3752 1717 3824 contemptionem.

663 3844 842 3899 XXIV.
877 3843 997 3899 Hoc
1022 3846 1132 3909 est,
1155 3842 1322 3915 quod
1351 3842 1453 3899 tibi
1481 3858 1516 3898 a
1540 3842 1715 3898 nobis
1741 3842 1984 3898 oﬁ‘ertur
2001 3843 2251 3908 donum.

589 3932 852 3989 maxime
888 3935 1048 3989 Pater
1076 3932 1395 4004 Sampson,
1429 3930 1626 3987 nescio
1658 3931 1925 4003 quidem,
1959 3948 2037 3988 an
2070 3949 2141 3988 ex
2173 3932 2254 3989 tui

589 4023 775 4080 animi
832 4020 1144 4085 sententia,
1198 4020 1304 4077 sed
1353 4030 1508 4077 certe
1572 4037 1681 4093 pro
1736 4022 1952 4077 nostris
2008 4022 2248 4078 viribus.

590 4111 763 4177 Quod
791 4109 1038 4183 quidem
1070 4109 1326 4180 benigne
1358 4114 1414 4165 et
1453 4109 1687 4181 placide
1728 4109 2010 4181 accipias,
2045 4110 2142 4183 qui
2190 4127 2253 4167 es

590 4200 1094 4270 benignissimus:
1140 4197 1611 4271 morborumque
1663 4202 2027 4266 nostrorum,
2075 4203 2254 4272 atque

592 4290 727 4345 ideo
755 4288 969 4344 animas
1002 4288 1220 4360 potius,
1254 4303 1439 4360 quam
1471 4288 1759 4359 corporis,
1791 4288 1987 4343 bonus
2017 4288 2099 4344 sis
2134 4306 2256 4344 me-

592 4378 761 4435 dicus
806 4378 929 4433 dux
956 4382 1013 4433 et
1052 4383 1256 4433 custos
1290 4377 1465 4433 totius
1508 4381 1731 4433 nostras
1764 4376 1918 4443 vitae,
1955 4378 2253 4434 Christum

590 4465 1024 4559 reddensmihi
1055 4465 1393 4559 propitium.
1442 4468 1627 4531 Quem
1675 4466 1799 4537 ipse
1836 4465 2073 4537 quidem
2098 4465 2255 4559 _insi-
2288 4506 2331 4559 ῃ

573 4555 784 4626 .gniter
820 4554 1095 4622 dilexisti,
1143 4569 1252 4623 ego
1300 4559 1500 4611 autem
1547 4559 1932 4626 peccatorum
1991 4554 2256 4611 multitu-

592 4644 750 4712 dine,
782 4643 877 4698 hei
899 4643 1065 4709 mihi,
1099 4643 1417 4715 plusquam
1449 4644 1563 4699 dici
1594 4644 1801 4716 possit,
1836 4645 2145 4715 provocavi
2177 4644 2254 4700 ad

592 4732 745 4787 iram
774 4750 786 4788 :
820 4748 1001 4805 quem
1035 4731 1206 4789 decet
1232 4732 1428 4789 omnis
1460 4732 1664 4803 gloria,
1690 4733 1881 4789 honor
1902 4738 1958 4788 et
1986 4733 2254 4790 adoratio

593 4836 753 4878 nunc
827 4826 884 4880 et
959 4836 1217 4894 semper,
1306 4825 1362 4879 et
1434 4821 1495 4878 in
1570 4822 1793 4878 saecula
1875 4822 2254 4882 saeculorum.

591 4914 801 4970 Amen.

664 5165 775 5238 (‘22)
804 5164 903 5219 His
934 5162 1233 5220 annotatis
1265 5162 1505 5238 minime
1538 5162 1850 5218 contentus
1880 5160 2091 5238 fuisset
2123 5175 2246 5215 eru-

568 5230 1244 5301 'dit'us'Commentator,
1272 5235 1373 5290 sed
1402 5244 1641 5306 quoque
1669 5248 1882 5306 novam
1903 5232 2246 5306 versionem

593 5310 886 5366 adornare
940 5308 1243 5373 voluisset,
1305 5307 1352 5361 si
1406 5304 1511 5377 per
1543 5304 1721 5361 vitam
1780 5304 2077 5377 licuisset;
2112 5319 2246 5375 quae

593 5380 787 5462 vet-sio
810 5381 1006 5436 minus
1036 5394 1234 5462 presse
1257 5374 1904 5462 inhiarensnGrfecorum
1929 5374 2248 5462 verborum

595 5451 811 5522 ordini,
844 5459 898 5507 et
927 5448 1185 5520 periodis
1218 5465 1404 5522 usque
1446 5451 1524 5522 ad
1553 5448 1867 5522 fastidium
1884 5448 2119 5522 aurium
2148 5448 2248 5502 La-

594 5520 856 5579 tinarum
898 5518 1176 5595 prolixit;
1221 5518 1409 5579 multo
1451 5520 1666 5578 clarius
1714 5518 2077 5576 exhibuisset
2118 5532 2249 5573 sen-

2368 3215 2457 3263 καὶ
2505 3211 2736 3275 ἀλήκτως
2786 3212 2997 3269 διετέλει
3040 3218 3189 3291 ῥέον·
3235 3220 3341 3270 ἐπεὶ
3390 3224 3509 3290 τόγε
3567 3226 3837 3294 συντηρεῖν
3887 3221 3976 3272 οὗ·

2368 3320 2468 3362 τως
2508 3300 2705 3361 ἀπλανῆ
2756 3323 2807 3356 τε
2855 3310 2943 3356 καὶ
2993 3303 3351 3377 ἀδιάψευστον
3398 3310 3484 3359 τόν
3524 3311 3702 3382 καιρόν
3746 3311 3832 3360 τὸν
3877 3318 3978 3370 τῆς

2368 3390 2631 3465 ἐπιρροῆς,
2692 3398 2844 3465 φημὶ,
2900 3399 2989 3446 καὶ
3049 3399 3133 3447 τόν
3213 3404 3301 3456 τῆς
3363 3395 3631 3467 ἐκλείψεως
3687 3399 3818 3469 μετὰ
3879 3408 3975 3449 τού

2371 3481 2793 3554 θαυμασιώτερον
2846 3489 2934 3535 καὶ
2992 3490 3338 3558 χαριέστερον
3397 3482 3545 3555 εἶναι,
3608 3486 3794 3558 μᾶλλον
3856 3486 3974 3539 ἐστι

2367 3573 2456 3620 καὶ
2537 3570 2949 3645 σεϐασμιὼτερον
2981 3590 2992 3601 ·

2366 3665 2697 3733 προσκορές·
2756 3664 2780 3713 ὁ
2841 3659 2899 3714 δὲ

2366 3752 2636 3820 φρόνησιν.

2440 3837 2557 3890 ΚΔ’.
2595 3844 2758 3891 Τοῦτό
2816 3859 2897 3891 τοι
2947 3843 3003 3892 τὸ
3054 3840 3177 3916 παρ’
3233 3843 3379 3914 ἡμῶν
3428 3847 3816 3915 προσαγόμενον
3868 3840 3968 3896 δω-

2364 3945 2526 3998 ρημα,
2588 3930 2801 3998 μέγιστε
2851 3935 3087 4003 Πατρῶν,
3150 3928 3394 4001 Σαμψὼν,
3452 3931 3545 3982 ούκ
3602 3927 3724 3983 οῖδα
3772 3936 3886 4004 μὲν,
3928 3934 3968 3984 εἰ

2365 4018 2499 4067 κατά
2544 4021 2755 4087 γνώμην
2798 4021 2891 4074 τὴν
2947 4022 3060 4086 σὴν,
3089 4021 3224 4070 κατὰ
3268 4014 3492 4091 δύναμιν
3544 4017 3601 4073 δὲ
3642 4023 3847 4082 πάντως
3877 4026 3968 4081 τὴν

2366 4106 2638 4178 ἡμετέραν,
2691 4104 2716 4155 ὃ
2764 4109 2853 4156 καὶ
2885 4101 3069 4176 δέχοιο
3119 4114 3389 4180 προσηνῶς
3437 4127 3489 4160 τε
3541 4113 3631 4160 καὶ
3681 4110 3968 4185 φιλανθρω-

3045 3578 3102 3625 τό
3182 3578 3282 3649 γὰρ
3359 3571 3592 3636 διηνεκὲς
3667 3579 3797 3638 ἴσως
3878 3582 3971 3629 καὶ

2977 3667 3128 3737 κόρος
3202 3670 3424 3737 πρᾶγμα
3481 3669 3628 3739 φέρον
3687 3665 3752 3726 εἰς
3807 3686 3966 3718 κατα·

2366 4212 2493 4257 πως,
2550 4194 2574 4244 ό
2620 4203 2898 4268 πανταχοῦ
2954 4194 3332 4269 φιλάνθρωπος,
3368 4202 3457 4249 καὶ
3510 4207 3609 4250 τῶν
3658 4201 3836 4251 παθῶν
3886 4205 3971 4251 καὶ

2365 4286 2528 4333 νόσων
2582 4292 2680 4334 τῶν
2729 4286 3010 4357 ἡμετέρων,
3042 4290 3131 4336 καὶ
3183 4285 3371 4356 μᾶλλον
3416 4294 3514 4338 τῶν
3563 4287 3833 4358 ψυχικῶν,
3893 4289 3973 4340 ἱα-

2366 4374 2486 4446 τρός
2540 4377 2646 4435 εἴης
2699 4377 2957 4445 χρηστὸς,
3015 4376 3221 4445 ἡγεμὼν
3275 4381 3363 4427 καὶ
3419 4376 3583 4448 φύλαξ
3637 4383 3825 4440 παντὸς
3878 4388 3967 4431 τοῦ

2366 4461 2481 4514 καθ’
2528 4464 2667 4533 ἡμᾶς
2712 4461 2833 4535 βίον
2864 4483 2874 4495 ·
2925 4462 3067 4515 ῖλεών
3114 4483 3203 4535 μοι
3256 4466 3412 4525 τιθεὶς
3462 4469 3547 4517 τόν
3602 4472 3856 4540 Χριστόν,
3915 4469 3967 4519 ὃν

2367 4551 2520 4612 αὐτὸς
2571 4554 2659 4624 μὲν
2719 4550 3067 4624 διαφερόντως
3142 4554 3440 4624 ἠγάπησας,
3504 4554 3604 4625 ἐγὼ
3664 4553 3723 4607 δὲ
3780 4557 3966 4615 πλήθει

2366 4642 2651 4715 ἁμαρτιῶν,
2708 4644 2866 4712 οἴμοι,
2929 4638 3227 4713 ἀδιηγήτως
3284 4649 3633 4718 παρὼργισαο
3784 4652 3964 4717 πρέπει

2364 4737 2509 4783 πᾶσα
2541 4727 2688 4794 ὃόξα,
2729 4734 2854 4801 τιμὴ
2902 4735 2990 4781 καὶ
3030 4734 3402 4805 προσκύνησις,
3436 4741 3524 4784 νῦν
3577 4738 3659 4784 καὶ
3722 4733 3823 4804 ἀεὶ,
3874 4740 3960 4787 καὶ

2365 4820 2435 4882 εἰς
2459 4823 2579 4881 τοὺς
2607 4818 2790 4879 αἰῶνας
2818 4826 2914 4870 τῶν
2938 4818 3151 4872 αἰώνων.
3189 4820 3372 4893 Ἀμην,

2364 5174 2499 5215 sum
2520 5158 3121 5285 auctorigmagisque
3143 5158 3417 5216 intercisa
3439 5162 3637 5217 minus
3658 5161 3968 5232 fatigasset

2364 5231 2657 5285 lectorem.
2697 5231 2807 5284 Sed
2836 5231 2997 5285 quod
3074 5230 3123 5285 ic
3146 5247 3267 5285 non
3299 5234 3503 5285 notuit.
3536 5239 3722 5285 morte
3753 5235 3965 5285 imma-

2360 5231 2657 5286 lectorem.
2697 5231 2807 5284 Sed
2836 5231 2997 5301 quod
3028 5230 3123 5285 hic
3146 5247 3267 5286 non
3299 5234 3503 5301 potuit,
3536 5239 3722 5289 morte
3753 5230 3965 5289 imma-

2363 5307 2493 5358 tura
2509 5301 3105 5376 prevenientemeque
3120 5318 3228 5357 nos
3246 5303 3425 5376 modo
3444 5305 3961 5376 passumusmrelo

2362 5389 2592 5429 moram
2618 5389 2735 5427 non
2757 5373 2971 5427 ferente
2997 5389 3009 5427 :
3035 5374 3316 5444 quamvis
3348 5381 3544 5431 tamen
3570 5373 3961 5439 negare'noli-

2361 5462 2518 5510 mus,
2561 5444 2730 5515 plura
2760 5445 2937 5499 etiam
2985 5460 3092 5499 nos
3122 5445 3181 5499 in
3216 5453 3374 5500 textu
3406 5447 3761 5503 emendasse
3808 5450 3959 5503 inter

2361 5514 2781 5587 corrigendum
2817 5514 3254 5588 typothetarum
3288 5523 3503 5575 errata.
