4066 6224
246 331 335 390 309

1271 330 1439 387 VITA
1478 331 1548 407 S._
1580 326 1927 386 STEPHANI
1962 325 2049 381 ET
2092 325 2479 383 SOCIORUM.

986 627 1445 816 MEN
1476 625 1814 812 SIS

3407 318 3535 413 340.

1947 622 2746 814 JULIUS.

357 1095 547 1218 DE
646 1093 832 1221 SS.
925 1090 1703 1217 STEPHANO
1790 1087 2486 1216 EPISCOPO
2580 1090 3376 1215 RHEGIENSI

1508 1427 1670 1515 ET
1753 1421 2204 1538 socus,

774 1635 1028 1697 SUERA
1072 1610 1465 1703 E’Piscom,
1517 1632 1844 1705 AGNETE,

1892 1631 2345 1693 FELICITATE
2390 1633 2483 1693 ET
2532 1633 2617 1693 PE
2628 1634 2821 1693 HPET
2832 1634 2931 1695 UA

1230 1764 1677 1821 MARTYRIRUS
1720 1762 1958 1818 RHEGlI
1999 1762 2068 1818 IN
2112 1762 2478 1818 CALABRIA.

1168 1886 1309 1945 (Julii
1349 1886 1433 1935 die
1467 1886 1497 1934 ὅ
1530 1886 1660 1934 Acta
1694 1883 1775 1934 SS.
1814 1883 2056 1942 Bolland,
2091 1882 2159 1933 ad
2196 1882 2332 1933 hanc
2368 1882 2548 1947 diem.)

210 2231 246 2283 l.
297 2233 563 2285 Notiores
598 2229 743 2285 olim
793 2230 952 2286 fuere
1004 2230 1063 2285 hi
1087 2229 1279 2285 sancti
1310 2229 1469 2301 apud
1522 2229 1776 2290 GreecOS,
1816 2228 1859 2282 A
1890 2228 2242 2302 epis00pum
2277 2234 2626 2295 Bovensem,
2671 2231 2774 2304 qui
2823 2232 3235 2306 suﬂ‘raganeus
3278 2241 3366 2295 est
3408 2238 3553 2295 Rhe-

144 2333 299 2389 quam
330 2320 491 2391 apud
527 2320 789 2376 Latinos.
823 2320 1209 2375 Meminerunt
1242 2335 1449 2375 eorum
1490 2317 1778 2374 nonnulla

145 2408 332 2463 llenzea
362 2409 526 2481 apud
563 2425 695 2475 nos,
730 2409 1171 2466 Chifﬂetianum
1207 2415 1384 2480 atque
1407 2407 1777 2463 Sirmundia-

143 2512 299 2563 num;
358 2514 625 2571 quorum
686 2498 825 2554 illud
880 2500 970 2554 die
1024 2514 1063 2554 ν
1118 2498 1251 2553 Julii
1305 2498 1485 2569 legit:
1519 2498 1773 2569 Στεφάνου

145 2586 338 2661 Καὶαϐρ.
387 2594 477 2640 καὶ
536 2596 638 2641 τῶν
690 2592 782 2640 σὺν
840 2588 997 2659 αὐτῷ·
1056 2589 1177 2642 Hoc
1222 2604 1357 2644 vero
1416 2588 1629 2642 eodem
1680 2585 1774 2640 die

145 2676 285 2743 paulo
332 2677 733 2749 explicatius:
795 2684 896 2730 Τοῦ
951 2677 1103 2749 ἁγίου
1163 2679 1440 2751 Μάρτυρος
1497 2677 1771 2748 Στεφάνου,

145 2772 215 2815 τοῦ
274 2766 334 2826 εἰς
384 2770 441 2819 τὸ
516 2766 725 2838 Ῥήγιον
790 2766 1081 2840 Καλαιῗρίοις
1165 2770 1419 2839 κειμένου,
1500 2770 1588 2818 καὶ
1673 2772 1770 2815 τῶν

148 2856 219 2902 σὺν
269 2858 399 2926 αὐτῷ
459 2856 629 2928 ἁγίων
682 2859 1150 2931 μαρτυρησάντων
1186 2879 1210 2905 ί(
1249 2855 1445 2913 Sancti
1488 2852 1771 2925 Stephani

148 2945 407 3015 martyris,
436 2946 542 3017 qui
569 2947 730 3016 jacet
758 2945 967 3018 Rhegii
995 2945 1053 3001 in
1078 2945 1370 3011 Calabria,
1399 2943 1769 3000 etsociorum

147 3028 249 3098 ejus
300 3040 669 3099 sanctorum,
728 3034 833 3106 qui
874 3050 1011 3089 cum
1074 3050 1143 3089 eo
1212 3034 1562 3104 martyrium
1626 3031 1764 3087 sub-

147 3117 323 3176 ierunt.
355 3143 381 3173 »
410 3123 726 3179 Monachis
753 3139 995 3195 quoque
1014 3125 1245 3196 Cryptee
1268 3126 1533 3190 Ferratae,
1555 3126 1612 3177 et
1634 3121 1764 3176 aliis

147 3208 525 3266 aeolesiasticis
564 3212 742 3267 Graeci
775 3213 939 3277 ritus,
976 3212 1395 3267 celebrandum
1426 3209 1639 3266 eodem
1670 3209 1766 3264 die

149 3298 498 3362 praescribitur
553 3299 790 3365 festum,
843 3307 944 3353 Tati
1021 3302 1173 3372 ἁγίου
1239 3302 1489 3372 Στεφάνου
1540 3304 1628 3351 καὶ
1678 3308 1767 3358 τῆς

148 3384 569 3449 τυνοτῖίαςαῦτοῦ.
606 3389 829 3446 Similia
878 3389 1100 3445 habent
1148 3392 1364 3445 Menaea
1431 3391 1631 3445 Graeca
1682 3388 1767 3443 bi-

145 3471 408 3533 bliothecae
435 3480 739 3535 Vaticante
771 3478 1015 3545 ;etalibi
1040 3479 1157 3536 alia
1176 3478 1344 3535 facile
1371 3478 1761 3544 invenientur,

1886 2316 2127 2389 giensis.

1958 2413 2007 2463 3.
2058 2409 2482 2467 Praedictarum
2519 2411 2959 2483 Scripturarum
3009 2415 3116 2486 (uti
3149 2415 3195 2470 is
3222 2416 3409 2483 addit,
3453 2418 3551 2489 qui

1884 2494 2011 2550 illas
2039 2497 2211 2552 nobis
2242 2498 2543 2571 submisit)
2589 2501 2910 2572 archetypa
2959 2508 3341 2559 asservantur
3368 2521 3550 2577 penes

1882 2584 2171 2641 Joannem
2219 2588 2521 2643 Simonem
2567 2588 2639 2642 de
2672 2590 2989 2654 Autonillo,
3038 2593 3098 2645 U.
3143 2594 3188 2647 J.
3242 2594 3306 2645 D.
3356 2594 3548 2651 virum

1882 2672 2175 2730 eruditum
2206 2680 2260 2731 et
2308 2677 2495 2747 pium,
2529 2682 2584 2732 et
2614 2676 2725 2749 ipsi
2757 2679 2810 2731 S.
2862 2676 3168 2749 Stephano
3216 2682 3358 2737 satis
3385 2683 3549 2738 addi-

1881 2766 2062 2828 ctum,
2098 2764 2267 2835 cujus
2307 2764 2620 2821 devotione
2652 2771 2707 2820 et
2736 2767 3011 2838 expensis
3044 2768 3329 2824 sacellum
3358 2776 3546 2827 exstat

1880 2852 2111 2925 (utique
2144 2858 2275 2925 post
2304 2860 2616 2926 acceptum
2644 2855 2743 2911 illa
2775 2856 2848 2911 de
2880 2872 2939 2911 re
2971 2872 3327 2929 responsum
3360 2876 3546 2916 sacrm

1879 2940 2366 3014 Cougregationis
2396 2946 2606 3015 Roma)
2640 2950 3004 3001 exstructum
3026 2946 3082 3001 in
3116 2948 3369 3005 ecclesia
3397 2952 3543 3005 Prie-

1877 3031 2209 3089 dicatorum
2254 3035 2310 3091 S.
2342 3035 2639 3107 Stephano
2666 3035 2951 3099 dicatum,
2987 3035 3045 3090 in
3080 3052 3194 3107 quo
3219 3038 3390 3093 annis
3428 3038 3547 3094 εἰη·

1877 3120 2030 3192 gulis
2061 3123 2408 3180 condecenti
2444 3141 2579 3180 cum
2624 3124 3068 3193 magnificentia
3097 3127 3282 3182 Missas
3319 3128 3547 3183 sacriﬁ-

1876 3210 2033 3267 cium
2062 3217 2117 3267 et
2154 3214 2425 3284 Vespera;
2458 3214 2697 3269 musicis
2729 3230 2863 3269 cum
2896 3215 3279 3269 concentibus
3309 3216 3371 3271 in
3398 3216 3547 3273 festo

1877 3302 2076 3357 Sancti
2120 3302 2461 3358 solemniter
2500 3303 2893 3360 celebrantur.
2940 3305 3106 3360 Circa
3136 3306 3370 3362 iconem
3404 3322 3546 3362 vero

1876 3392 2159 3447 antistitis
2183 3393 2486 3464 Stephani,
2511 3393 2777 3463 ejusdem
2797 3398 2931 3449 acta
2954 3398 3008 3450 et
3028 3396 3380 3466 martyrium
3405 3395 3547 3451 hinc

1874 3481 2012 3537 inde
2044 3481 2248 3552 ﬁguris
2279 3489 2335 3537 et
2366 3481 2633 3538 versibus
2659 3481 3054 3538 declarantur.

144 3576 244 3632 qua
273 3567 407 3623 mihi
442 3568 581 3624 visa
612 3583 732 3624 non
764 3572 921 3637 sunt,
949 3584 1196 3641 quaeque
1217 3569 1349 3641 jam
1376 3568 1533 3624 dicta
1564 3572 1765 3640 potue—
1802 3580 1844 3635 Β
1945 3576 1997 3627 4.
2040 3571 2250 3627 Iisdem
2292 3571 2409 3627 fere
2443 3571 2830 3642 temporibus,
2863 3571 3085 3644 quibus
3128 3575 3327 3629 Romae
3362 3574 3547 3645 petita

148 3658 255 3707 runt
287 3658 525 3714 conﬁrm
536 3674 663 3714 are.

200 3744 243 3793 ‘2.
272 3745 423 3802 Nulla
463 3754 673 3804 tamen
708 3748 871 3820 apud
902 3747 1327 3820 Martyrologos
1360 3745 1598 3802 Latinos
1635 3748 1760 3803 Ste-

146 3829 295 3897 Phani
324 3836 496 3906 hujus
528 3842 587 3894 et
614 3838 910 3894 sociorum
944 3843 1276 3909 martyrum
1322 3841 1513 3892 exstat
1544 3852 1766 3891 memo-

146 3918 230 3972 ria.
254 3923 405 3987 Quo-J
437 3926 735 3982 indicium
754 3942 883 3983 esse
912 3927 1119 3998 possit,
1145 3942 1266 3982 non
1287 3925 1433 3981 adeo
1457 3925 1760 3989 celebrem,

144 4009 455 4080 scriptorum
478 4015 722 4071 illorum
755 4016 1141 4087 temporibus,
1169 4015 1423 4087 viguisse
1451 4016 1678 4072 cultum
1706 4014 1766 4070 in

150 4096 362 4158 Ecclesia
378 4103 608 4161 Latina.
640 4110 827 4178 Atque
858 4106 995 4161 hinc
1024 4105 1248 4161 factum
1272 4106 1363 4171 sit,
1391 4110 1451 4160 ut
1476 4104 1762 4175 Rhegien-

148 4185 209 4240 sis
234 4192 725 4266 archiepiscopus,
757 4195 1007 4251 Annibal
1046 4195 1119 4250 de
1169 4194 1431 4261 Afﬂictis,
1464 4195 1548 4249 vir
1589 4194 1765 4250 multa

150 4282 501 4339 sanctimonia
534 4283 753 4349 clarus,
782 4284 950 4341 initio
976 4284 1173 4340 smculi
1204 4284 1519 4355 superioris
1547 4284 1763 4354 suppli-

148 4371 331 4423 caverit
383 4373 833 4445 congregationi
875 4390 1178 4429 sacrorum
1240 4373 1483 4429 Rituum
1561 4374 1762 4428 Romae

146 4466 241 4521 quo
279 4478 301 4507 ες
339 4460 445 4516 sibi
494 4462 744 4533 suisque
791 4462 1220 4532 Rhegiensibus
1275 4462 1522 4518 facultas
1576 4460 1755 4527 ﬁeret,

146 4543 335 4608 publice
355 4550 695 4622 exponendi
710 4551 1052 4621 imaginem,
1068 4552 1124 4608 S.
1153 4551 1454 4623 Stephano
1473 4550 1761 4623 episcopo

148 4646 232 4685 suo
246 4650 305 4689 ac
333 4640 597 4711 martyri,
623 4646 802 4713 atque
829 4641 1039 4697 altaria
1065 4644 1120 4696 et
1140 4641 1353 4711 templa
1381 4641 1440 4695 in
1470 4640 1760 4697 honorem

148 4720 365 4788 ejusdem
403 4730 687 4801 erigendi.
718 4753 745 4779 »
789 4730 969 4787 Aﬁ‘ert
1000 4747 1107 4802 pro
1154 4732 1366 4786 motivo
1409 4730 1549 4786 talia
1578 4731 1762 4803 impe-

148 4810 325 4879 trandi,
358 4818 517 4888 quod
544 4840 573 4869 ‹‹
606 4819 858 4891 pridem,
891 4824 1069 4891 atque
1101 4820 1280 4875 etiam
1316 4824 1452 4875 tunc
1478 4819 1759 4891 temporis

150 4898 513 4987 celebrabatur
535 4908 611 4964 de
637 4908 849 4965 eodem
889 4913 1088 4965 sancto
1112 4909 1413 4981 Stephano
1444 4908 1757 4982 sociisque,
1792 4931 1831 4987 (ς

154 4984 225 5041 die
265 5007 296 5045 γ
329 4995 455 5051 Julii
502 4998 680 5054 Missa
732 5002 786 5053 et
825 4997 939 5053 alia
965 4997 1191 5055 Ofﬁcia.
1238 5018 1261 5048 υ
1307 5001 1371 5053 Et
1404 5014 1577 5053 sacra
1628 5013 1761 5054 con-

151 5084 389 5151 gregatio,
447 5086 736 5143 referente
800 5086 1090 5143 illustriss.
1159 5092 1213 5143 et
1262 5086 1759 5144 reverendissimo

152 5161 199 5215 D.
226 5166 529 5237 Francisco,
563 5176 757 5232 Sancti
797 5175 1000 5247 Angeli
1033 5175 1087 5230 in
1115 5176 1265 5232 Foro
1300 5175 1556 5231 Piscium
1584 5177 1753 5232 Card.

154 5250 629 5335 Buoncompagno,
697 5264 951 5335 gratiam
998 5264 1238 5336 petitam
1295 5264 1587 5320 concessit
1645 5281 1754 5321 an-

149 5353 208 5395 no
253 5346 389 5405 l6'22.
423 5353 500 5409 De
547 5353 701 5410 hisce
744 5354 887 5410 mihi
919 5357 1171 5418 constat,
1215 5355 1292 5409 ita
1333 5353 1555 5409 factum
1604 5369 1751 5421 esse,

148 5441 201 5484 ex
230 5436 538 5498 testimonio
568 5442 785 5500 Nicolai
827 5444 1016 5501 Mariae
1046 5442 1349 5509 Modofari,
1385 5446 1522 5499 tunc
1552 5445 1753 5500 Romae

148 5520 363 5582 ecclesia:
392 5530 446 5585 S.
476 5530 711 5590 Thomas
742 5534 801 5588 in
842 5533 1085 5590 Parione
1114 5532 1378 5599 rectoris,
1421 5537 1476 5588 et
1506 5532 1755 5605 hujusce

151 5621 304 5670 causae
345 5622 596 5694 Agentis,
626 5627 802 5698 atque
850 5623 1063 5683 eodem
1107 5639 1267 5683 anno
1316 5624 1452 5683 1622
1483 5623 1649 5683 electi
1693 5625 1756 5684 in

1874 3675 2276 3732 concessaque
2309 3660 2417 3715 fuit
2448 3660 2697 3716 facultas
2729 3661 3108 3716 construendi
3145 3663 3199 3718 S.
3242 3663 3544 3733 Stephano

1875 3751 2103 3815 altaria,
2139 3749 2377 3816 sacella,
2416 3748 2642 3820 templa,
2679 3748 3542 3820 impressiti‘errariusutrum-

1875 3856 1987 3912 que
2035 3838 2375 3908 catalogum
2408 3853 2606 3904 suum,
2657 3837 2909 3892 alterum
2942 3852 3158 3908 nempe
3191 3841 3541 3894 sanctorum

1874 3930 2071 3992 Italiae,
2106 3943 2264 3983 anno
2300 3928 2455 3995 1613,
2480 3924 2733 3982 alterum
2764 3926 3003 3981 illorum
3049 3927 3149 3999 qui
3181 3927 3236 3982 in
3270 3929 3542 3984 Romano

1876 4016 2291 4089 Martyrologio
2324 4031 2445 4072 non
2477 4016 2789 4081 habentur,
2815 4031 2974 4072 anno
3004 4017 3158 4072 l625.
3196 4016 3259 4071 In
3295 4021 3540 4087 utroque

1875 4109 2327 4169 commemorat,
2354 4104 2444 4160 die
2466 4103 2666 4167 5Julii,
2694 4105 2747 4159 S.
2777 4104 3155 4175 Stephanum,
3187 4104 3291 4160 sed
3307 4104 3540 4177 absque

1875 4196 2091 4267 sociis;
2142 4196 2203 4251 in
2256 4194 2436 4267 priori
2485 4193 2731 4266 quidem
2784 4210 2921 4249 cum
2948 4194 3141 4262 elogio
3170 4194 3321 4249 hoc:
3362 4214 3390 4245 «
3417 4196 3539 4250 Ste-

1876 4286 2126 4357 phanus,
2162 4284 2306 4340 civis
2338 4282 2659 4352 Rheginus,
2695 4298 2729 4339 a
2760 4285 2816 4339 S.
2852 4282 3031 4338 Paulo
3062 4282 3359 4354 apostolo,
3397 4299 3537 4339 cum

1873 4391 1946 4431 ex
1998 4376 2169 4447 Syria
2222 4376 2471 4429 Romam
2532 4372 2770 4437 ductus,
2843 4371 3156 4441 Rhegium,
3204 4372 3537 4428 Brutiorum

1876 4462 2253 4534 metropolim
2283 4461 2630 4533 appulisset,
2668 4459 2744 4516 ad
2773 4460 3071 4516 Christum
3101 4476 3443 4528 csnversus,
3475 4466 3533 4516 et

1871 4552 1929 4608 in
1967 4552 2080 4608 fide
2125 4551 2464 4619 instructus,
2524 4550 2753 4621 primus
2812 4549 3170 4620 Rhegiorum
3223 4552 3536 4622 episcopus

1872 4642 1949 4697 ab
1992 4640 2204 4698 eodem
2246 4638 2514 4712 apostolo
2562 4638 2888 4695 ordinatur.
2929 4638 3055 4704 Qui,
3108 4644 3241 4710 post
3272 4639 3533 4707 Apostoli

1872 4732 2224 4796 discessum.
2253 4731 2400 4785 dum
2428 4743 2647 4784 munus
2668 4726 3005 4799 episcopale
3028 4727 3407 4798 praedicando
3430 4728 3534 4784 im-

1871 4822 2491 4893 pigreexsequeretur,
2525 4816 2724 4873 multis
2746 4816 2874 4887 jam
2901 4816 2978 4871 ad
2999 4816 3180 4872 fidem
3210 4816 3531 4888 perductis.

1871 4912 1930 4967 in
1963 4908 2297 4966 Neroniana
2336 4906 2744 4979 persecutione
2776 4905 3337 4977 comprehenditur;
3372 4922 3534 4962 cum-

1869 5015 1985 5073 que
2026 5001 2369 5054 constanter
2417 4997 2475 5051 in
2529 4995 2660 5050 ﬁdei
2694 4995 3067 5051 confessione
3104 4999 3531 5067 perseveraret,

1869 5094 2046 5161 atque
2092 5085 2290 5142 multis
2334 5084 2581 5140 allectus
2629 5083 2952 5155 suppliciis,
2985 5084 3281 5140 cruciatus
3322 5100 3531 5140 omnes

1867 5180 2229 5249 superasset,
2288 5173 2536 5230 demum
2566 5172 2776 5244 capitis
2821 5173 3265 5229 obtruncatione
3314 5176 3531 5245 marty-

1864 5267 2022 5323 rium
2049 5263 2509 5321 consummavit.
2538 5284 2565 5311 »
2594 5262 2655 5318 1n
2684 5260 2994 5334 posteriori
3018 5265 3219 5319 autem
3251 5261 3531 5334 Catalogo

1866 5356 2025 5411 idem
2082 5353 2382 5409 Ferrarius
2450 5352 2532 5408 sic
2588 5351 2800 5409 habet:
2838 5370 2865 5404 «
2900 5350 3108 5421 Rhegii
3183 5350 3241 5406 in
3297 5351 3529 5408 Brutiis.

1868 5447 1923 5502 S.
1961 5442 2265 5516 Stephani,
2321 5442 2498 5515 primi
2544 5440 2815 5513 ejusdem
2864 5440 3129 5514 episcopi
3167 5444 3223 5498 et
3252 5442 3530 5514 martyris

1866 5534 1978 5591 sub
2005 5536 2250 5589 Nerone.
2287 5553 2306 5581 ι

1938 5630 1988 5681 5.
2025 5626 2153 5682 Non
2204 5621 2369 5682 omni
2415 5635 2489 5680 ex
2524 5624 2691 5695 parte
2738 5620 2939 5681 isthaec
2991 5622 3359 5684 concordant
3387 5638 3529 5683 cum
