4084 6216
544 338 647 401 511
1972 332 2157 395 ΜΕΝΕ

2278 332 2547 394 JULIUS.
3780 336 3880 394 312

540 468 700 529 Actis
726 465 959 531 Graecis,
988 481 1120 538 quae
1149 464 1293 520 mihi
1322 465 1393 520 ab
1421 463 1583 520 hisce
1606 464 1811 535 viginti
1840 462 2030 528 annis,
2054 466 2194 517 tunc
2226 459 2270 512 A
2302 464 2447 533 quid
2474 485 2635 539 tuam
2675 468 2899 526 habent
2929 466 3002 521 de
3034 463 3339 536 sepultura
3376 464 3712 518 sanctorum
3740 479 3937 537 corpc-

542 561 746 615 Romae
791 555 1006 625 agenti,
1040 570 1075 609 a
1105 557 1165 609 R.
1203 556 1261 609 P.
1292 554 1550 625 Josepho
1593 555 1775 620 Denti,
1810 554 2029 609 domus
2062 566 2193 621 pro-
2301 571 2456 611 rum.
2513 558 2703 614 Facile
2761 558 3037 614 condono
3088 558 3144 620 P,
3206 552 3499 617 Cornelio,
3540 551 3825 622 Theologo
3886 559 3940 609 et

541 649 839 703 fessorum
862 643 1152 700 societatis
1167 647 1384 698 nostrae
1411 644 1750 714 praeposito,
1781 643 2070 698 Messante
2096 655 2191 693 cu-
2303 647 2763 704 Commentatori
2790 647 2851 702 in
2878 661 3111 702 sacram
3145 643 3511 714 Scripturam
3533 640 3764 706 eximio,
3790 642 3936 713 quod

542 740 668 792 rata
700 735 936 789 fuerunt
975 731 1225 787 describi
1260 747 1290 787 e
1321 731 1629 787 codicibus
1664 748 1775 785 ms.
1823 726 2190 786 celeberrimi
2300 734 2418 791 ﬁde
2450 740 2505 792 et
2542 738 2887 793 auctoritate
2927 732 3366 803 Rhegiensium,
3404 730 3666 785 virorum
3704 730 3935 785 erudito-

540 839 722 897 prope
748 822 958 877 urbem
990 821 1153 876 illam
1194 821 1541 875 monasterii
1598 820 1794 877 Sancti
1847 817 2185 880 SalvatoriS.
2299 840 2433 879 rum
2465 830 2517 880 et
2553 826 2996 897 primariorum,
3034 823 3170 878 talia
3210 820 3535 892 scripserit.
3580 822 3699 889 Ipse
3728 819 3939 873 interim

542 912 764 971 ordinis
816 911 870 965 S-
926 910 1145 975 Basilii;
1207 911 1288 965 uti
1346 909 1617 980 Pluribus
1670 909 1791 964 ἀίΧὶ
1853 908 1929 964 ad
1991 907 2189 962 Vitam
2299 914 2443 969 nihil
2476 930 2580 986 per
2610 930 2671 971 se
2711 918 3147 971 commentatur
3176 912 3250 965 de
3291 924 3462 965 mora
3493 914 3595 964 aut
3632 923 3749 963 non
3789 922 3941 962 mora

546 1005 601 1060 S.
634 1000 992 1057 Sebastianze
1024 1001 1084 1054 V.
1120 1002 1186 1055 Μ.
1224 1002 1383 1054 tomo
1422 999 1487 1053 VI
1529 999 1707 1061 Junii,
1741 1014 1875 1071 qua?
1922 995 2190 1052 indidem
2301 1002 2741 1076 Pauliapostoli
2763 1003 2923 1075 apud
2956 1002 3264 1071 Rhegium.
3297 998 3639 1070 Supposuit,
3668 1012 3805 1051 vera
3826 1011 3938 1051 esse

544 1092 621 1148 ab
674 1090 906 1156 eodem,
964 1088 1042 1143 uti
1081 1087 1282 1143 multae
1334 1087 1480 1152 aliae,
1525 1088 1670 1142 mihi
1719 1087 1912 1142 Grmce
1954 1085 2192 1139 fuerunt
2299 1108 2434 1163 quas,
2475 1093 2834 1163 Rhegienscs
2864 1093 2937 1147 de
2965 1106 3125 1147 mora
3158 1090 3286 1160 ejus
3318 1088 3483 1160 apud
3523 1102 3585 1142 se
3625 1086 3794 1140 unius
3818 1084 3935 1149 diei,

543 1181 879 1238 SmeiSSfB-
916 1181 1065 1242 3880:
1097 1177 1367 1246 inquam,
1402 1182 1542 1232 Αοίᾶ
1572 1179 1626 1231 S-
1662 1175 1945 1248 Stephani
1992 1173 2190 1228 Viden-
2299 1187 2356 1236 et
2393 1182 2465 1237 de
2502 1198 2721 1252 magna
2752 1182 3141 1238 conversione
3172 1178 3479 1250 gentilium
3512 1175 3610 1231 illo
3650 1175 3741 1231 die
3771 1174 3933 1240 facta;

546 1276 639 1327 tur
670 1271 801 1327 fons
826 1285 974 1335 esse,
1009 1284 1079 1323 ex
1110 1284 1250 1339 quo,
1275 1267 1661 1340 quotquotde
1693 1267 1790 1321 illo
1824 1266 2021 1321 Latine
2055 1264 2192 1319 scri-
2301 1270 2439 1327 item
2482 1272 2554 1326 de
2587 1272 2744 1327 Actis
2774 1273 2829 1338 S,
2864 1269 3163 1342 Stephani,
3214 1266 3433 1323 saeculo
3503 1264 3708 1320 Christi
3767 1263 3935 1334 primo

543 1375 734 1433 psere,
771 1375 880 1414 sua
906 1358 1251 1421 hauserunt,
1285 1357 1412 1413 aliis
1458 1356 1698 1421 additis,
1746 1356 1877 1411 aliis
1923 1354 2187 1422 mutatis,
2303 1362 2497 1416 Graece
2537 1360 2888 1431 conscriptis
2929 1358 3331 1415 afﬁrmabant.
3365 1357 3433 1411 Et
3482 1353 3699 1426 siquid
3751 1352 3841 1408 illa
3876 1352 3934 1405 de

544 1466 652 1524 pro
702 1465 812 1505 suo
857 1449 1144 1520 cujusque
1194 1462 1392 1501 sensu.
1438 1446 1528 1502 Sic
1563 1446 1917 1517 Stephanus,
1969 1445 2071 1515 qui
2132 1445 2189 1499 in
2300 1466 2362 1504 re
2393 1466 2498 1520 per
2528 1466 2590 1505 se
2622 1453 3059 1505 commentatus
3090 1447 3316 1509 fuisset,
3358 1445 3566 1516 utique
3592 1443 3936 1498 observasset

543 1539 700 1596 Actis
736 1538 953 1593 Graecis
1008 1537 1220 1605 legitur
1268 1536 1455 1608 patria
1505 1535 1772 1590 Nicamus
1821 1535 1879 1589 in
1923 1533 2193 1605 Bithynia
2300 1539 2463 1610 quod
2504 1538 2552 1593 si
2595 1540 2809 1594 Paulus
2860 1554 2979 1593 uno
3018 1537 3115 1591 die
3164 1535 3366 1603 Rhegii
3402 1548 3627 1589 moram
3676 1531 3932 1593 traxisset,

546 1630 746 1695 fuisse,
804 1632 859 1683 et
896 1643 1034 1682 cum
1084 1629 1139 1682 S.
1173 1626 1355 1681 Paulo
1409 1624 1680 1696 apostolo
1738 1624 2022 1693 Bhegiam
2091 1638 2193 1694 ap-
2300 1643 2421 1681 non
2444 1628 2737 1699 potuisset
2763 1627 3027 1683 secundo
3055 1628 3149 1681 die
3182 1624 3450 1679 Putoleos
3478 1622 3762 1693 attigisse:
3791 1618 3931 1691 quod

539 1719 786 1791 pulisse,
818 1733 832 1784 ;
867 1716 1029 1787 apud
1061 1716 1388 1770 Ferrarium
1430 1713 1648 1769 dicitur
1687 1714 1827 1768 civis
1868 1712 2188 1781 Rheginus,
2304 1718 2492 1771 Lucas
2526 1716 2744 1772 factum
2776 1733 2901 1771 esse
2935 1717 3032 1771 ait.
3078 1714 3191 1770 Sed
3212 1714 3285 1769 de
3316 1712 3413 1768 his
3448 1728 3584 1765 mox
3618 1710 3747 1764 alia.

542 1812 598 1864 et
654 1806 731 1863 ab
798 1804 1131 1877 appellente
1202 1804 1330 1859 illas
1390 1803 1446 1859 in
1507 1819 1641 1858 oras
1718 1802 1923 1868 Paulo,
1988 1802 2189 1871 Rhegii
2225 1813 2268 1867 Β
2374 1808 2425 1860 8-
2460 1809 2681 1861 interea
2713 1823 2781 1861 ex
2812 1805 3002 1862 citatis
3044 1802 3406 1860 editionibus
3437 1799 3855 1862 animadverto,
3890 1798 3933 1851 i3

541 1897 837 1959 inventus,
889 1899 1063 1966 atque
1129 1893 1207 1949 ibi
1247 1893 1325 1949 ad
1373 1893 1581 1949 Christi
1626 1892 1805 1948 fidem
1868 1907 2192 1947 conversus
2304 1900 2465 1951 textu
2499 1895 2702 1951 Graeco
2728 1900 2931 1951 nostro
2964 1894 3303 1966 sphalmata
3328 1890 3611 1962 quaedam
3642 1887 3934 1942 commissa

544 1986 745 2041 fuisse.
2305 2001 2455 2051 esse,
2491 1984 2905 2040 verosimiliter
2943 1982 3256 2039 oscitantia
3292 1980 3540 2043 librarii,
3576 1978 3663 2033 ills
3694 1977 3749 2031 in
3786 1976 3932 2036 locis,

619 2080 669 2130 6.
711 2074 1109 2145 Hieronymus
1140 2072 1424 2127 Maraﬁoti
1453 2074 1515 2126 in
1545 2087 1653 2126 suo
1705 2070 1988 2127 Calabriae
2020 2071 2195 2126 Chro-
2307 2075 2408 2129 ubi
2447 2089 2556 2143 ego
2588 2090 2692 2145 per
2742 2074 2974 2129 iuclusa
3001 2073 3165 2127 hisce
3213 2070 3359 2140 sigis
3395 2068 3442 2142 []
3476 2067 3654 2123 verba
3694 2064 3936 2137 supplere

542 2164 697 2229 nico,
738 2163 936 2217 Italice
976 2176 1135 2216 anno
1160 2161 1288 2215 1601
1322 2176 1564 2226 excuso,
1600 2176 1730 2231 pag.
1764 2163 1852 2226 47,
1887 2165 1940 2215 et
1964 2160 2155 2215 Marcu

2318 2169 2557 2219 :onatus
2602 2179 2756 2217 sum.
2810 2166 2961 2217 Inter
3012 2177 3163 2233 quas
3212 2158 3607 2215 correctiones
3637 2154 3804 2209 etiam
3840 2158 3931 2220 est,

543 2252 843 2307 Antonius
870 2250 1036 2305 Politi
1064 2250 1120 2304 in
1143 2264 1250 2304 suo
1283 2248 1547 2304 similiter
1577 2249 1892 2317 Chronico,
1919 2252 2196 2305 Messanze
2308 2252 2469 2323 quod
2508 2252 2740 2306 tertium
2772 2266 2993 2306 nomen
3044 2249 3382 2313 mulierum,
3420 2244 3595 2300 simul
3628 2258 3931 2315 passerum,

544 2342 836 2412 impresso
863 2354 1006 2394 ann.
1037 2340 1195 2402 1617,
1230 2353 1360 2408 pag.
1399 2342 1484 2393 80.
1523 2338 1685 2393 Idem
1717 2338 1933 2393 Paulus
1969 2337 2196 2393 Gualte-
2309 2345 2596 2412 Perpetua
2634 2340 3105 2403 desiderabatur,
3148 2354 3285 2409 quae
3326 2339 3384 2392 in
3431 2335 3627 2390 Italico
3666 2337 3719 2387 et
3756 2331 3932 2386 Latino

541 2430 665 2485 rius
703 2429 764 2483 in
796 2428 1013 2483 sanctis
1055 2426 1359 2492 Calabriae,
1419 2427 1520 2498 qui
1562 2442 1723 2481 anno
1770 2428 1910 2482 1630
1952 2427 2195 2498 Neapoli
2311 2434 2504 2487 Suerae
2523 2431 2828 2501 episcopo,
2854 2430 3058 2500 Agneti
3086 2434 3143 2482 et
3166 2422 3836 2482 Felit-itatisubnectilur.
3868 2422 3933 2473 Ex

543 2518 910 2590 pI‘OdieI‘llni,
958 2532 1098 2588 pag.
1153 2520 1238 2581 53,
1275 2521 1329 2571 8i
1370 2516 1773 2571 Ferdinandus
1824 2516 2104 2587 Ughellus
2137 2516 2197 2571 in
2309 2522 2399 2577 his
2430 2526 2628 2576 autem
2659 2521 2801 2592 ipsis
2833 2519 3177 2574 nominibus
3209 2518 3463 2573 dubium
3494 2515 3627 2570 oriri
3657 2512 3845 2584 possit,
3868 2524 3931 2562 an

544 2624 653 2663 SUO
684 2608 870 2663 Ῑίαῖίῖε
898 2622 1082 2662 Sacra?
1114 2610 1275 2661 i0m0
1305 2606 1369 2661 ῙΧ
1396 2605 1553 2660 edito
1596 2622 1755 2660 anno
1788 2608 1945 2670 1662,
1981 2607 2200 2661 habent
2310 2627 2518 2666 omnes
2550 2610 2639 2664 isti
2671 2626 2788 2664 una
2820 2626 2956 2664 cum
2982 2608 3283 2679 Stephano
3310 2605 3481 2678 passi
3514 2605 3720 2659 fuerint
3744 2600 3933 2654 steculo

539 2696 733 2754 Vitam
762 2696 822 2751 S.
855 2695 1156 2768 Stephani,
1184 2711 1361 2767 quam
1392 2695 1619 2765 primus
1661 2712 1729 2750 ex
1749 2696 1949 2751 codice
2001 2697 2201 2750 Graeco
2311 2699 2518 2756 Christi
2544 2699 2756 2771 primo.
2784 2704 2925 2753 Acta
2951 2698 3217 2769 quidem,
3252 2697 3438 2751 etiam
3465 2697 3677 2756 Graeca,
3707 2694 3931 2745 nontam

542 2787 956 2858 interpretatus
983 2792 1068 2841 est
1108 2785 1331 2845 ltalice;
1387 2786 1678 2840 secundus
1713 2791 1766 2839 et
1810 2790 2060 2857 quartus
2101 2787 2201 2839 La-
2310 2788 2557 2859 antiqua
2596 2793 2752 2853 sunt,
2785 2803 2893 2842 nec
2926 2785 3083 2847 talia.
3138 2791 3203 2841 ut
3250 2784 3397 2839 illud
3457 2783 3597 2855 ipsis
3637 2786 3750 2835 tuto
3800 2774 3931 2830 credi

541 2876 728 2934 tinam
756 2875 1070 2930 ediderunt
1099 2890 1171 2929 ex
1196 2873 1313 2929 alia
1340 2880 1518 2946 atque
1551 2875 1666 2929 alia
1696 2873 2195 2945 interpretatione.
2309 2879 2518 2948 possit.
2547 2876 2903 2933 Testimonia
2925 2875 3467 2948 Martyrologorum
3502 2871 3655 2927 nulla
3675 2868 3929 2938 reperiun-

540 2964 766 3020 Tertius
793 2980 822 3018 e
856 2968 1015 3019 textu
1057 2964 1258 3018 Latino
1298 2963 1561 3019 Italicam
1602 2963 1735 3018 fecit
1773 2979 1910 3017 cum
1942 2961 2199 3017 oratoria
2310 2972 2424 3020 tur.
2478 2966 2675 3021 Cultus
2703 2982 2811 3020 nec
2843 2964 3012 3021 valde
3044 2966 3328 3037 antiquus
3362 2962 3531 3035 apud
3568 2959 3800 3022 Latinos,
3842 2968 3929 3007 nec

541 3052 1016 3123 interpolatione.
1049 3052 1269 3106 Horum
1320 3068 1430 3120 ego
1462 3051 1822 3107 editionibus
1863 3051 2013 3105 inter
2044 3065 2103 3103 se
2145 3054 2199 3105 et
2306 3055 2481 3110 valde
2513 3055 2753 3110 celebris
2784 3054 2890 3111 fuit
2929 3060 3063 3111 ante
3095 3054 3377 3109 saeculum
3412 3070 3531 3117 XV),
3560 3047 3789 3121 quando
3823 3043 3928 3112 ejus

544 3157 680 3196 cum
706 3144 865 3195 textu
886 3145 1092 3195 nostro
1110 3142 1308 3195 Graeco
1338 3140 1591 3227 collatis,
1612 3155 1961 3212 quanquam
1986 3139 2195 3193 eodem
2237 3173 2275 3227 ρ
2307 3143 2691 3215 ampliﬁcatio
2736 3144 2915 3216 petita
2946 3143 3053 3198 fuit
3082 3159 3117 3198 a
3148 3143 3203 3198 S.
3238 3143 3484 3197 Rituum
3517 3138 3928 3206 congregatione

540 3228 661 3284 fere
684 3228 948 3283 recidant
981 3228 1206 3293 omnia,
1237 3226 1420 3282 malui
1450 3234 1648 3283 tamen
1668 3243 1885 3282 novam
1920 3228 2199 3298 interpre~
2242 3220 2275 3227 ’
2306 3234 2504 3287 Romm
2526 3232 2855 3297 etobtenta,
2880 3249 2982 3303 per
3004 3232 3342 3287 facultatem
3371 3225 3707 3301 exponendi
3730 3220 3926 3294 publice

543 3318 829 3374 tationem
859 3317 1072 3385 facere,
1102 3315 1471 3372 consimilem
1502 3322 1702 3373 nostro
1730 3333 1841 3371 ms.
1876 3316 2100 3381 Graeco,
2134 3316 2196 3370 il-
2305 3321 2630 3390 imaginem
2660 3322 2866 3390 sancti,
2898 3322 3146 3391 ejusque
3178 3320 3408 3375 nomini
3438 3316 3640 3374 altaria
3667 3320 3716 3367 et
3741 3306 3927 3378 templa

541 3406 780 3477 Iamque
809 3406 985 3461 simul
1015 3405 1375 3477 imprimere,
1411 3411 1473 3461 ut
1498 3406 1699 3462 omnia
1732 3406 1922 3476 magis
1949 3407 2196 3461 authen-
2305 3409 2651 3464 dedicandi:
2699 3426 2833 3481 quae
2891 3414 3137 3464 eatenus
3185 3408 3347 3463 nulla
3406 3404 3697 3463 habuerit.
3751 3402 3923 3456 Locus,

543 3495 660 3551 tica
693 3495 825 3551 sint.
868 3492 1053 3549 Editio
1086 3493 1310 3562 Ughelli
1342 3495 1587 3565 propius
1608 3494 1825 3550 insistit
1854 3500 2050 3550 nostro
2083 3512 2195 3551 ms.
2308 3498 2723 3568 ubisepultum
2749 3500 3089 3569 fuitcorpus
3111 3499 3171 3553 in
3195 3498 3554 3552 hodiernum
3578 3506 3753 3562 usque
3774 3487 3922 3544 diem,

545 3586 776 3641 Graeco:
811 3583 1175 3640 Maraﬁotina
1206 3588 1260 3639 et
1288 3584 1571 3639 Politiana
1593 3583 1652 3638 in
1684 3584 1891 3655 paucis
1924 3584 2198 3655 aliquan-
2306 3587 2390 3643 uti
2432 3587 2633 3642 scribit
2666 3588 2980 3643 historicus
3013 3586 3359 3657 Rhegiensis
3388 3587 3608 3642 Politus
3641 3593 3785 3637 anno
3821 3570 3923 3626 l6|7

543 3677 672 3730 tum
686 3673 1028 3729 discordant
1049 3689 1063 3739 ;
1085 3673 1210 3729 etin
1234 3673 1330 3728 illo
1354 3674 1674 3745 praecipue,
1699 3673 1864 3746 quod
1887 3672 2199 3741 designent
2306 3675 2549 3747 reperiri
2578 3691 2697 3730 non
2729 3676 2937 3747 potuit.

544 3762 704 3819 diem
760 3762 1028 3834 martyrii
1081 3763 1401 3834 septimum
1456 3762 1624 3818 Julii:
1676 3778 1857 3834 quem
1923 3762 2198 3831 Ughellus
2376 3766 2429 3820 9.
2494 3768 2569 3820 Ex
2597 3766 2707 3831 his,
2756 3766 3025 3838 inquam.
3085 3764 3349 3821 dubitari
3374 3762 3588 3836 possit,
3631 3774 3700 3813 an
3746 3755 3795 3809 S.
3830 3752 3923 3838 Ste-

540 3856 743 3910 noster
796 3856 989 3908 textus
1029 3852 1288 3922 Graecus,
1321 3855 1539 3909 Menaea
1561 3856 1614 3907 et
1639 3851 1967 3922 Menologia
1997 3850 2192 3914 citata,
2308 3854 2697 3927 phanuscum
2713 3836 2885 3910 sociis
2910 3855 3031 3909 suis
3050 3855 3392 3927 martyrium
3427 3868 3641 3927 passus
3659 3836 3922 3902 sitsaaculo

542 3942 902 4001 unanimiter
931 3945 1211 3998 asserunt
1247 3942 1525 4013 quintum
1555 3941 1709 3996 Julii.
2309 3944 2539 4016 primo;
2580 3960 2771 4016 eoque
2805 3944 3000 4013 magis
3035 3944 3199 4016 quod
3241 3943 3374 3998 totis
3410 3943 3596 3997 tribus
3626 3932 3811 4008 primis
3836 3941 3925 3979 883-

613 4038 667 4088 7.
702 4031 1007 4088 Cornelius
1048 4045 1085 4085 a
1114 4029 1333 4101 Lapide
1364 4029 1424 4084 in
1458 4034 1598 4085 Acta
1628 4030 2032 4102 apostolorum
2065 4045 2197 4099 cap.
2310 4034 2456 4088 culis
2488 4034 2823 4104 episcopus,
2858 4051 2980 4088 suae
3007 4032 3258 4089 civitatis
3307 4032 3485 4097 alius,
3543 4016 3923 4095 Rhegiensibus

544 4120 755 4177 ultimo
799 4119 878 4175 ad
917 4117 1015 4175 illa
1046 4117 1244 4184 verba,
1287 4119 1638 4175 Devenimus
1672 4119 1984 4188 Rhegium,
2038 4135 2198 4173 com-
2310 4138 2427 4178 non
2476 4122 2545 4177 sit
2589 4128 2783 4178 notus.
2836 4124 2890 4179 Si
2923 4123 3105 4188 dicas,
3159 4139 3262 4194 per
3325 4121 3700 4177 traditionem
3749 4113 3921 4164 notum

542 4215 837 4273 mentans,
864 4208 1029 4263 varia
1057 4206 1258 4271 habet,
1294 4223 1430 4279 quae
1461 4207 1593 4273 sibi,
1640 4212 1778 4263 tunc
1809 4210 2010 4263 Romte
2041 4224 2197 4262 com-
2311 4226 2444 4266 esse
2477 4211 2536 4266 S.
2583 4212 2950 4283 Steqhanum
2993 4228 3100 4282 pro
3139 4210 3358 4266 sreculo
3414 4211 3626 4283 primo,
3672 4207 3919 4283 queram.

544 4297 825 4365 moranti,
876 4296 1177 4352 submissa
1214 4295 1455 4351 fuerunt
1486 4312 1521 4352 a
1550 4297 2004 4366 Rhegiensibus,
2061 4296 2200 4351 viris
2312 4316 2416 4356 cur
2446 4300 2597 4355 alius
2640 4282 2979 4372 episcopus,
3010 4317 3115 4373 pro
3149 4301 3360 4356 eodem
3394 4282 3610 4356 sacculo
3640 4296 3693 4348 et
3723 4282 3922 4376 duobus

545 4386 789 4444 eruditis
815 4391 871 4442 et
900 4385 1234 4458 primariis:
1277 4390 1455 4457 atque
1509 4401 1580 4441 ex
1620 4386 1856 4441 illorum
1909 4386 2026 4441 ﬁde
2075 4387 2201 4441 htec
2313 4390 2713 4462 sequentibus,
2760 4389 3028 4445 similiter
3060 4389 3232 4445 noius
3264 4406 3381 4444 non
3414 4391 3503 4443 sit.
3543 4382 3779 4454 Inquies,
3805 4379 3923 4462 (ἴυιὲ

544 4481 775 4533 narrat:
847 4474 1024 4532 «Silet
1075 4475 1169 4531 hic
1225 4474 1411 4530 multa
1478 4475 1689 4540 Lucas,
1746 4491 1816 4531 ac
1873 4478 2202 4546 praesertim
2239 4530 2279 4550 η
2314 4458 2562 4549 antiqua
2616 4478 2865 4533 civitatis
2925 4478 3144 4550 scripta
3193 4478 3643 4537 interciderunt;
3697 4458 3923 4534 supereSt

542 4564 964 4635 Rhegiensium
990 4580 1024 4619 a
1057 4563 1241 4620 Paulo
1268 4564 1740 4629 conversionem,
1777 4530 1895 4619 und
1934 4564 2050 4630 die,
2084 4582 2205 4637 quo
2239 4530 2281 4583 θ
2316 4530 2514 4622 autein
2545 4569 2663 4623 vita
2705 4568 2758 4623 S.
2796 4530 3596 4639 StephanifquteiipsumS.
3633 4530 3777 4614 t’auli
3805 4559 3922 4614 aPO‘

547 4654 711 4726 apud
733 4670 835 4710 eos
867 4653 1057 4719 haesit,
1092 4652 1341 4709 factam:
1379 4670 1511 4725 quae
1553 4669 1623 4709 ex
1650 4654 1882 4709 Eclesiae
1922 4655 2205 4723 Rhegien~
2316 4657 2447 4712 stoli
2466 4656 2819 4726 discipulum
2853 4656 3006 4710 facit.
3031 4656 3245 4711 Audio.
3279 4656 3391 4712 Sed
3426 4656 3525 4711 illa
3550 4654 3673 4722 ipsa
3696 4645 3802 4699 vita
3825 4646 3918 4690 n0"

546 4744 627 4801 sis
652 4742 1066 4809 monumentis,
1091 4743 1302 4798 eodem
1328 4759 1457 4799 aevo
1484 4750 1718 4815 (nempe
1751 4744 1972 4799 saeculo
1995 4745 2204 4799 Christi
2315 4745 2466 4813 sapit
2491 4745 2735 4813 longam
2780 4743 3214 4815 antiquitatem,
3245 4761 3353 4800 nec
3393 4747 3587 4817 potest
3622 4741 3746 4792 ante
3772 4736 3921 4817 58:300'

547 4833 763 4905 Primo)
805 4833 1000 4889 Grzece
1048 4831 1421 4903 conscriptis,
1471 4848 1539 4888 ac
1572 4814 1787 4888 deinde
1827 4834 1885 4887 in
1930 4834 2203 4888 Latinum
2312 4814 2983 4906 lumdecimumscripla
3003 4834 3270 4899 fuisse,si
3298 4814 3413 4890 non
3436 4814 3922 4897 sitdiu.post.SP3'

544 4923 773 4981 idioma
828 4921 1149 4989 translatis,
1191 4926 1246 4977 et
1300 4922 1362 4977 in
1421 4921 1911 4994 archiepiscopali
1944 4922 2203 4977 archivio
2314 4924 2393 4978 tio
2425 4928 2620 4978 autem
2654 4938 2893 4988 novem,
2931 4922 3149 4985 decem,
3185 4930 3286 4979 aut
3322 4924 3577 4995 plurium
3610 4908 3920 4995 szeculQl'Um

549 5011 888 5076 asservatis,
922 5026 959 5067 a
989 5009 1427 5082 Rhegiensibus
1458 5010 1598 5066 viris
1622 4993 1864 5066 eruditis
1905 5016 1957 5065 et
1988 5011 2205 5081 prima-
2316 5018 2454 5069 tunc
2504 5012 2729 5082 elapso,
2762 5012 3011 5083 quando
3063 5013 3278 5085 scripta
3320 4993 3443 5076 fuit,
3505 5008 3684 5083 potest
3714 4993 3923 5085 scriptor

545 5102 649 5159 riis
689 5102 766 5158 ad
798 5117 893 5157 me
932 5104 1183 5157 Romam
1207 5099 1577 5163 transmissa,
1614 5100 1707 5155 hic
1736 5080 2150 5155 transcribam.
2174 5119 2200 5151 »
2316 5080 2817 5169 multaignorasse
2833 5100 2905 5155 de
2925 5100 3103 5169 gestis
3119 5080 3919 5172 sa-nclisui,quemadmodunf

547 5158 911 5248 Transcribit
970 5195 1172 5247 autem
1211 5189 1292 5244 ibi
1350 5192 1492 5245 Acta
1547 5158 1749 5244 Latina
1807 5190 1860 5244 S.
1924 5189 2204 5260 Stephani
2314 5205 2474 5245 nunc
2514 5158 2658 5243 nvihll
2690 5189 2763 5243 de
2794 5158 3137 5245 illisvscilur
3166 5206 3236 5245 ex
3277 5158 3625 5260 antiquitate
3662 5176 3849 5250 praeter
3872 5158 3919 5217 id

548 5281 833 5354 episcOpi,
861 5297 897 5338 a
928 5279 1111 5337 Paulo
1136 5278 1407 5351 apostolo
1440 5278 1894 5348 Rhegiensibus,
1931 5283 1990 5333 ut
2019 5278 2203 5345 aiunt,
2315 5280 2476 5351 quod
2506 5278 2562 5332 in
2593 5278 2712 5332 vita
2742 5283 3061 5334 narrantur
3092 5297 3103 5331 :
3133 5282 3189 5333 et
3220 5280 3410 5348 magis
3442 5275 3623 5349 potest
3652 5263 3921 5354 ἱεηοτθῗεέ

547 5369 610 5425 in
630 5370 881 5425 transitu
906 5368 1184 5434 ordinati,
1226 5384 1361 5440 quae
1390 5367 1505 5423 alia
1535 5383 1655 5422 non
1685 5374 1819 5421 sunt
1857 5384 2040 5439 quam
2073 5384 2205 5440 quae
2316 5348 2539 5423 certum
2568 5373 2800 5437 tempus
2830 5384 2947 5439 quo
2980 5369 3201 5432 vixertt,
3230 5348 3919 5440 martyrioquecoronat"S

550 5458 829 5514 nosinfra
859 5459 1074 5514 damus
1105 5457 1575 5521 Graeco-Latina;
1608 5472 1709 5511 nec
1734 5461 1932 5511 tamen
1959 5457 2037 5511 ibi
2072 5461 2208 5512 sunt
2318 5456 2504 5521 fuerit,
2553 5457 2614 5510 In
2647 5435 2759 5511 hac
2809 5435 2977 5528 porro
3027 5435 3398 5527 ignoratione
3428 5460 3525 5509 aut
3563 5443 3801 5528 maligna
3829 5435 3920 5528 “'3‘

552 5546 813 5617 integra;
870 5562 1011 5604 nam
1069 5547 1343 5603 desinunt
1393 5546 1452 5601 in
1498 5545 1784 5618 martyrio
1837 5544 1926 5600 his
1977 5545 2203 5602 verbis:
2318 5545 2557 5601 ditionis
2602 5545 2753 5614 vulgi
2787 5546 2919 5602 luce
2963 5545 3219 5600 scribere
3274 5561 3482 5600 exorso
3532 5540 3713 5593 visum
3757 5519 3918 5579 fuerit,

553 5654 581 5693 α
644 5635 815 5703 Quod
871 5635 1037 5709 digni
1092 5635 1328 5693 fuerunt
1383 5650 1492 5708 pro
1545 5617 1772 5693 Christo
1811 5635 1964 5693 mori
1996 5655 2007 5705 ;
2038 5655 2065 5689 »
2100 5650 2209 5692 nec
2320 5635 2535 5709 aptiori
2586 5639 2847 5708 tempore
2878 5636 3234 5708 Stephanum
3279 5634 3499 5693 adduci
3532 5622 3797 5694 Βὴθείιιω
3823 5617 3924 5663 ⁰⁰⁰
