4084 6216
534 306 642 367 315

1872 302 2133 362 MENSIS
2173 302 2441 364 JULIUS.
3695 296 3790 355 316

465 438 585 491 tem
627 435 765 490 dicti
796 432 1095 505 scriptoris
1114 436 1171 489 θί
1210 430 1355 489 forte
1380 431 1485 487 diu
1506 436 1663 503 Post»
1694 446 1764 486 ex
1803 430 1976 487 οῐίοεί
2020 429 2120 486 διί·
2152 430 2196 483 Α
2228 444 2497 518 discipuli
2529 448 2631 501 aut
2667 442 2876 500 Christi
2907 439 3161 505 Domini,
3195 440 3297 497 aut
3320 446 3650 496 sanctorum
3690 440 3850 506 Petri,

468 524 641 595 cujus
684 522 946 591 cerebro,
1001 538 1131 593 quae
1192 537 1331 576 mox
1364 520 1543 590 vulgo
1602 520 1910 591 placuerit,
1939 524 2119 592 atque

470 614 644 669 etiam
681 629 715 667 a
755 611 1038 684 praedicto
1070 610 1529 681 chronographo
1562 609 1896 679 tlhegiensi,
1930 612 2120 666 Marco

469 701 723 758 Antonio
754 700 944 765 Potiti,
988 703 1223 771 recepta
1276 698 1471 755 fuerit.
1526 697 1923 769 Scriptoribus
1967 697 2117 762 aliis,

470 789 794 847 Marafiotio
826 789 884 845 in
914 789 1200 845 Chronico
1221 788 1524 853 Calabriae,
1550 793 1728 859 atque
1768 785 2015 857 Ughelto
2060 786 2121 842 in

469 880 767 952 episcopis
798 878 1226 950 Rhegiensibus
1269 895 1282 945 ;
1316 879 1454 934 item
1494 877 1674 934 Paulo
1722 877 2020 933 Gualterio
2064 876 2121 931 in

472 968 742 1025 Calabriae
771 970 1023 1037 Sanctis,
1056 973 1112 1023 et
1144 968 1268 1023 Vita
1300 968 1355 1023 8.
1428 965 1730 1038 Stephani,
1765 965 1861 1038 qui
1902 969 2036 1021 ante
2068 968 2125 1020 et

468 1062 606 1130 post
670 1057 948 1126 Potitum,
1015 1074 1117 1111 sua
1187 1057 1514 1120 ediderunt,
1577 1072 1697 1111 non
1756 1054 1915 1111 ausis
1979 1069 2125 1126 prm-

470 1147 612 1203 dicti
680 1148 952 1218 prodigii,
996 1162 1062 1202 ac
1104 1146 1233 1202 talis
1262 1146 1666 1202 conversionis
1702 1144 2123 1215 Rhegiensium

471 1236 549 1293 ad
618 1237 797 1293 ﬁdem
829 1236 1052 1303 Christi,
1084 1236 1178 1292 vel
1224 1235 1408 1293 verbo
1441 1235 1802 1303 meminisse,
1835 1234 1999 1307 quod
2044 1233 2125 1290 fa-

479 1328 653 1384 ciam.

548 1423 631 1473 15.
675 1418 968 1488 Superest,
1032 1420 1093 1473 ut
1133 1417 1205 1472 de
1236 1420 1404 1471 (etate
1437 1417 1491 1468 S.
1526 1413 1809 1487 Stephani
1832 1418 1887 1470 et
1928 1412 2124 1468 socio-

469 1524 605 1564 rum
636 1508 765 1578 ejus
790 1511 1137 1578 martyrum,
1175 1505 1418 1561 verbum
1452 1504 1771 1561 addamus.
1796 1502 2125 1569 Satis,con-

475 1600 632 1654 stare
702 1601 897 1667 potest
954 1612 1024 1651 ex
1080 1596 1369 1652 hactenus
1426 1592 1764 1665 disputatis,
1824 1592 2024 1665 ipsum
2088 1608 2123 1647 a

477 1690 531 1744 8.
550 1686 745 1745 .Paulo
759 1702 788 1741 e
802 1685 1181 1755 navigatione
1216 1684 1761 1757 Syriaco-Romana
1773 1682 2123 1755 episcopum

2231 536 2395 590 Pauli
2422 537 2525 590 aut
2543 533 2879 592 Clementis.
2908 536 3041 597 etc.,
3060 529 3341 603 quodque
3371 530 3629 584 venerint
3663 530 3853 601 praedi-

2230 639 2365 680 care
2384 622 2773 693 Evangetium
2801 623 2859 677 in
2888 624 3087 677 vastas
3107 620 3289 675 hasce
3311 618 3637 690 provincias
3660 619 3853 675 seculo

2231 712 2426 785 primo
2475 709 2924 778 Christianismi,
2978 711 3033 766 8.
3092 708 3368 765 Ursinum
3411 706 3852 772 Bituricensium,

2234 803 2290 866 8,
2349 800 2835 858 Austremonium
2868 804 3289 862 Arvernorum,
3322 798 3379 853 S.
3432 794 3744 851 Martialem
3773 798 3859 851 Le-

2232 891 2673 947 movicensium
2749 891 2803 947 8.
2871 891 3229 945 Frontonem
3300 885 3857 950 Petrocoricensium,

2236 980 2291 1035 S.
2348 979 2735 1052 Eutrophium
2770 977 3255 1042 Santonensium,
3282 995 3309 1027 η
3339 978 3396 1030 et
3422 988 3756 1046 quosporro
3780 988 3861 1028 re-

2234 1074 2432 1125 censet
2454 1084 2675 1139 magno
2706 1083 2959 1124 numero
2975 1066 3122 1122 alios
3164 1087 3177 1121 :
3213 1086 3236 1117 α
3264 1080 3418 1137 quos
3438 1062 3641 1135 inquit,
3670 1061 3864 1117 doctis-

2236 1157 2371 1214 simi
2404 1158 2531 1225 viri,
2601 1158 2804 1225 Faber,
2868 1160 3213 1228 Bosquetus,
3290 1155 3627 1223 Launoyus,
3690 1153 3863 1206 Patres

2236 1248 2589 1305 Sirmundus
2616 1252 2669 1305 et
2709 1249 3003 1312 Petavius,
3038 1245 3258 1318 aliique
3282 1243 3501 1316 plures,
3526 1243 3866 1297 censuerunt

2233 1353 2353 1393 non
2403 1338 2639 1394 venisse
2686 1337 2803 1393 nisi
2844 1335 3064 1393 saeculo
3115 1333 3287 1391 tertio
3330 1336 3435 1388 aut
3472 1334 3753 1402 quarto.»
3795 1331 3864 1384 De

2230 1426 2535 1483 nonnullis
2560 1430 2902 1483 sanctorum
2934 1424 3171 1481 illorum
3190 1427 3246 1479 et
3272 1437 3380 1478 nos
3413 1418 3789 1476 tractavimus
3811 1417 3862 1472 in

2233 1516 2387 1571 Actis
2450 1516 2695 1586 nostris,
2751 1520 2806 1572 et
2852 1514 2971 1585 fere
3024 1512 3432 1571 consentimus
3497 1524 3632 1564 cum
3685 1506 3865 1562 citatis

2233 1606 2598 1664 auctoribus.

2313 1701 2373 1751 t7
2408 1696 2465 1749 In
2518 1694 2714 1751 Sicilia
2765 1710 3007 1768 quoque
3063 1690 3445 1765 Syracusani,
3486 1688 3584 1761 qui
3611 1689 3865 1743 sanctum

471 1775 675 1843 Rhegii
714 1774 1100 1830 constitutum
1135 1789 1257 1830 non
1297 1773 1477 1829 fuisse
1520 1791 1533 1828 :
1577 1772 1638 1828 id
1684 1770 1917 1827 interim
1959 1770 2125 1827 aiunt
2159 1785 2203 1841 Β
2234 1801 2410 1841 suum
2452 1783 3109 1855 Marcianummrimum
3141 1780 3391 1837 civitatis
3410 1778 3751 1852 episcopum
3773 1790 3865 1831 ηο.

474 1864 855 1935 Rhegienses,
898 1868 1078 1937 atque
1105 1864 1254 1920 adeo
1286 1862 1608 1919 exitiorum
1653 1860 1933 1933 opinione
1987 1876 2123 1915 con-

474 1954 710 2009 stitutus
742 1952 851 2009 fuit
882 1969 1041 2009 anno
1076 1952 1286 2009 Christi
1320 1954 1384 2009 56
1411 1968 1532 2024 quo
1570 1951 1700 2007 illac
1734 1949 1962 2006 transiit
1984 1950 2125 2004 Pau-

473 2042 585 2099 lus.
618 2046 693 2098 De
737 2058 895 2098 anno
926 2048 1124 2098 autem
1140 2041 1536 2098 determinato
1553 2040 1814 2111 martyrii
1829 2038 2122 2094 nihildum

474 2132 635 2203 apud
697 2134 859 2202 ipsos
912 2131 1043 2203 legi.
1114 2132 1412 2187 Ferrarius
1454 2129 1676 2198 scribit,
1700 2145 1947 2200 passum
1992 2144 2123 2183 esse

478 2220 842 2290 Stephanum
869 2220 983 2274 sub
1005 2223 1275 2278 Nerone:
1310 2221 1466 2292 quod
1483 2224 1663 2275 certat
1694 2234 1833 2274 cum
1858 2218 2036 2285 Actis,
2064 2218 2123 2272 in

475 2309 695 2382 quibus
732 2308 960 2377 legitur,
994 2308 1191 2379 ipsum
1224 2308 1528 2380 praefuisse
1551 2308 1900 2380 episcopum
1932 2322 2124 2363 annos

477 2398 681 2453 decem
711 2402 764 2451 et
797 2402 1045 2468 septem.
1091 2400 1165 2452 Ex
1223 2414 1345 2470 quo
1386 2397 1788 2469 consequitur,
1839 2396 2124 2468 martyrio

480 2486 829 2543 defunctum
854 2502 985 2541 esse
1006 2502 1165 2543 anno
1196 2488 1285 2553 73,
1309 2488 1469 2559 quod
1504 2502 1674 2559 aeque
1704 2485 1981 2542 sustineri
2010 2500 2125 2540 non

478 2580 690 2649 potest.
716 2577 865 2641 Quia
892 2575 1087 2641 scitur,
1118 2592 1224 2631 nec
1246 2576 1535 2640 illoanno,
1568 2592 1675 2632 nec
1715 2575 1943 2648 aliquot
1983 2591 2127 2646 prae-

475 2665 839 2732 cedentibus,
899 2681 1007 2720 nec
1053 2664 1282 2738 aliquot
1311 2664 1825 2738 subsequentibus,
1860 2680 2129 2736 persecu-

478 2759 697 2811 tionem
755 2756 937 2811 ullam
1000 2755 1180 2810 fuisse
1214 2759 1437 2810 motam
1493 2762 1698 2810 contra
1739 2753 2126 2811 Christianos.

479 2844 879 2913 Quamobrem
898 2844 1060 2900 aliud
1076 2851 1313 2916 tempus
1333 2844 1722 2917 quaerendum
1738 2849 1845 2910 est,
1876 2859 1997 2915 quo
2011 2844 2126 2915 epi-

479 2950 696 3005 scopus
728 2932 935 3001 factus,
957 2950 1199 3005 quoque
1218 2932 1571 3004 martyrium
1597 2949 1805 3004 passus
1831 2931 1973 2986 sitS.
2005 2934 2131 2987 Ste-

478 3021 735 3094 phanus.
762 3022 910 3075 Illud
944 3025 1144 3077 autem
1177 3020 1441 3075 invenire
1473 3036 1591 3074 non
1616 3020 1720 3074 erit
1749 3019 1913 3074 facile
1958 3036 2128 3075 :cum

2233 1874 2483 1941 minant,
2525 1874 3031 1944 contenduntque,
3071 1870 3386 1927 Antiochia
3416 1868 3527 1925 sibi
3558 1885 3588 1922 a
3612 1868 3667 1923 S.
3716 1868 3865 1920 Petro

2234 1954 2506 2027 apostolo
2527 1954 2897 2010 submissum
2910 1952 3115 2017 fuisse,
3130 1950 3536 2027 ostenduntur
3549 1946 3625 2003 ad
3640 1946 3791 2001 diem
3803 1947 3865 2001 14

2233 2044 2391 2099 Junii
2418 2044 2621 2109 nostri,
2662 2044 2971 2099 aberrasse
3004 2042 3322 2114 ipsumque
3357 2041 3657 2102 sanctum,
3696 2034 3865 2104 impe-

2233 2131 2507 2187 rantibus
2548 2131 2856 2187 Valeriano
2884 2135 2940 2186 et
2978 2129 3238 2186 Gallieno
3266 2126 3487 2183 saeculo
3510 2123 3690 2189 tertio,
3726 2136 3864 2176 mar-

2236 2222 2452 2293 tyrium
2470 2220 2839 2276 sustinuisse.
2872 2219 3073 2275 Umbri
3103 2217 3392 2283 similiter,
3428 2222 3490 2271 ut
3516 2228 3700 2285 nuper
3728 2209 3866 2265 dixi-

2235 2326 2389 2374 mus,
2444 2310 2502 2365 in
2562 2314 2813 2365 tractatu
2872 2308 3253 2380 praeliminari
3286 2306 3365 2362 ad
3399 2310 3628 2361 tomum
3668 2304 3685 2357 Ι
3722 2298 3860 2363 Julii,

2235 2398 2509 2456 affectant
2534 2399 2944 2471 antiquitatem
2978 2398 3311 2469 primorum
3340 2391 3843 2466 aliquotepiscopo

2236 2505 2364 2544 rum
2401 2504 2838 2560 suorum,quos
2853 2487 3070 2543 aiunta
3101 2487 3155 2541 S.
3186 2488 3351 2541 Petro
3366 2481 3637 2556 apostolo
3662 2495 3691 2535 e
3713 2476 3865 2548 Syria

2237 2578 2315 2635 ad
2337 2594 2397 2632 se
2419 2578 2633 2633 missos
2672 2577 2851 2633 fuisse
2884 2593 2898 2642 ;
2927 2576 3028 2648 qui
3063 2591 3176 2629 non
3208 2573 3319 2628 nisi
3352 2570 3717 2643 temporibus
3754 2568 3866 2622 Dio-

2238 2666 2472 2725 cletiani
2503 2673 2559 2722 et
2597 2666 2933 2723 Maximiani
2977 2666 3244 2720 vixerunt
3283 2678 3354 2719 ac
3411 2666 3698 2732 martyres
3748 2654 3868 2710 facti

2240 2760 2400 2813 sunt.
2446 2755 2596 2812 Nihil
2649 2756 2852 2811 attinet
2898 2753 3067 2826 plura
3104 2767 3434 2822 congerere
3458 2746 3741 2820 exempla.
3771 2747 3867 2799 Res

2240 2845 2482 2901 eruditis
2531 2845 2836 2900 notissima
2890 2848 2996 2899 est.
3062 2846 3137 2898 De
3194 2843 3248 2898 8.
3309 2839 3635 2912 Stephano,
3692 2833 3865 2907 primo

2241 2935 2658 3004 Btiegiensium
2690 2933 2992 3005 episcopo,
3018 2933 3139 3006 jam
3154 2930 3499 2987 ostendisse
3529 2926 3668 2983 mihi
3686 2922 3865 2978 videor

2240 3024 2435 3095 ipsum
2469 3038 2577 3078 nec
2609 3023 2825 3078 saeculo
2852 3022 3062 3095 primo,
3096 3036 3205 3076 nec
3231 3036 3267 3076 a
3294 3020 3347 3076 S.
3385 3017 3573 3074 Paulo
3590 3011 3863 3087 apostolo,

480 3109 756 3197 Ughetlus
811 3110 981 3197 dicat,
1016 3127 1043 3158 «
1086 3113 1214 3179 post
1240 3108 1599 3197 Stephanum
1646 3124 1833 3179 usque
1864 3110 1941 3163 ad
1982 3110 2129 3163 Con-
2162 3140 2203 3197 ρ
2240 3113 2485 3183 quando
2517 3113 2563 3166 is
2584 3112 2882 3181 navigavit
2904 3114 3172 3175 Romam,
3202 3109 3552 3164 ordinatum
3576 3104 3744 3161 fuisse
3764 3098 3865 3172 epi-

482 3195 719 3251 stantini
752 3196 943 3267 Magni
986 3201 1240 3267 tempus,
1273 3196 1606 3267 episcopos,
1649 3196 1744 3267 qui
1802 3196 1861 3251 in
1900 3197 2127 3252 civitate

482 3285 1155 3353 Rhegiensitloruerunt,
1179 3284 1569 3342 desiderari.»
1592 3287 1753 3355 Rogo
1785 3285 1958 3355 igitur
1985 3287 2104 3341 Rhe

482 3374 738 3444 gienses,
780 3379 842 3427 ut
874 3374 983 3445 ipsi
1035 3389 1193 3430 nova
1224 3390 1367 3429 cura
1403 3372 1464 3429 in
1494 3389 1620 3429 rem
1648 3373 1806 3430 illam
1843 3379 2128 3447 tanquam

482 3478 677 3530 suam,
701 3462 945 3534 propius
985 3463 1309 3535 inquirant.

559 3552 640 3606 t6.
697 3552 875 3607 Nobis
905 3552 1147 3625 quidem
1189 3552 1555 3624 experientia
1606 3558 1854 3617 constat,
1909 3552 2130 3626 ubique

483 3642 748 3713 gentium
779 3642 1109 3698 obtinuisse
1156 3648 1211 3698 et
1268 3642 1554 3708 obtinere,
1606 3648 1815 3715 estque
1860 3641 2130 3715 pluribus

482 3732 1239 3804 quodammodoinnatum,
1258 3737 1522 3787 utrerum
1542 3751 1585 3786 su
1600 3750 1782 3788 'arum
1811 3732 2129 3805 antiquita-

484 3826 600 3875 tem
656 3821 952 3888 aflectent,
1009 3837 1265 3894 eamque
1296 3821 1788 3893 quamallissime
1828 3820 2127 3876 attollant:

481 3909 647 3981 quod
686 3915 743 3966 et
798 3909 1132 3983 frequenter
1167 3926 1271 3965 usu
1300 3911 1455 3966 venit
1483 3910 1541 3965 in
1575 3912 1728 3965 Actis
1762 3916 2126 3973 sanctorum,

482 4014 617 4071 quae
643 3998 977 4071 postlonga
1006 4005 1273 4071 tempora
1311 4015 1379 4054 ex
1437 3999 1761 4068 caliginosa
1822 3998 2130 4054 traditione

484 4094 587 4143 aut
626 4088 986 4159 apocryphis
1040 4088 1269 4158 scriptis
1317 4087 1692 4160 colliguntur.
1754 4088 1816 4143 Id
1848 4087 2131 4143 accidisse

483 4177 700 4232 sanctis
720 4178 911 4232 Galliae
930 4175 1229 4248 prioribus
1247 4177 1593 4248 espiscOpis,
1612 4178 1929 4233 luculenter
1959 4182 2127 4233 testa-

484 4271 577 4322 tur
608 4265 909 4337 Philippus
948 4265 1172 4329 Labbe,
1212 4266 1573 4336 antiquitatis
1603 4267 1890 4332 eruditus,
1922 4266 1970 4321 si
1996 4266 2130 4339 quis

484 4353 654 4421 alius,
683 4356 741 4409 in
756 4354 1051 4410 Breviario
1066 4371 1174 4409 suo
1197 4353 1619 4423 chronologico
1646 4355 1910 4411 Historiae
1947 4371 2128 4412 sacrm

484 4448 537 4498 et
561 4443 825 4515 profanas
843 4444 918 4500 ad
950 4460 1178 4499 annum
1210 4442 1419 4498 Christi
1452 4448 1537 4514 69,
1574 4445 1653 4500 ita
1685 4445 1944 4501 scribens
1971 4460 2131 4500 anno

486 4533 651 4588 4665:
686 4534 799 4587 «Ab
840 4534 1010 4589 annis
1043 4532 1207 4588 facile
1229 4533 1574 4603 octingentis
1598 4534 1790 4606 plures
1832 4534 2127 4604 majorum

486 4627 830 4679 nostrorum
854 4622 1416 4694 crediderunt,quod
1435 4622 1611 4694 primi
1643 4623 1903 4696 episcopi
1918 4622 2131 4679 funda-

484 4716 638 4769 tores
680 4713 1072 4771 Ecclesiarum
1107 4717 1446 4768 nostrarum
1481 4728 1579 4784 per
1605 4713 1872 4778 Galliam,
1915 4711 2130 4772 fuerint

2238 3217 2485 3273 scopum
2521 3218 2535 3267 ;
2568 3201 2816 3273 quando
2846 3205 3044 3257 autem
3072 3198 3382 3255 ordinatus
3419 3196 3606 3259 fuerit,
3660 3204 3865 3263 nequeo

2238 3290 2505 3345 divinare
2549 3307 2561 3355 ;
2586 3290 2727 3362 quia
2755 3290 2827 3345 de
2856 3290 2971 3345 hoc
3004 3288 3303 3361 Stephano
3332 3286 3507 3342 silent
3536 3291 3651 3340 tam
3684 3284 3866 3351 Marty-

2237 3379 2425 3449 rologi
2460 3379 2667 3447 Latini,
2709 3395 2894 3451 quam
2927 3378 3357 3449 aliiscriptores
3396 3372 3650 3446 antiqui,
3682 3369 3864 3425 saltem

2238 3469 2342 3541 qui
2399 3474 2535 3524 ante
2590 3468 2779 3524 Vitam
2834 3467 2960 3539 ejus
2989 3467 3269 3539 scriptam
3303 3464 3579 3521 vixerint.
3607 3455 3864 3518 Fortassis

2240 3563 2440 3629 posset
2491 3557 2619 3629 ejus
2660 3557 3011 3629 martyrium
3037 3556 3111 3612 ad
3144 3561 3413 3626 tempora
3450 3546 3777 3610 Diocletiani
3818 3547 3867 3599 et

2240 3646 2574 3704 Maximiani
2603 3646 2823 3711 referri,
2855 3647 2995 3718 quia
3026 3645 3169 3701 nulli
3197 3644 3293 3700 alii
3314 3647 3455 3699 ante
3479 3640 3621 3699 illud
3650 3645 3866 3708 tempus

2241 3737 2363 3793 noti
2417 3740 2553 3790 sunt
2606 3735 2870 3807 episcopi
2921 3735 3296 3806 Rhegienses.
3360 3734 3578 3789 Verum
3640 3724 3869 3785 certiora

2241 3826 2313 3880 de
2340 3825 2432 3879 his
2463 3824 2942 3897 exspectabimus
2973 3840 3008 3879 a
3028 3821 3461 3893 Rhegiensibus
3489 3818 3654 3893 ipsis,
3674 3818 3734 3871 ut
3757 3813 3868 3885 jam

2241 3913 2381 3970 dixi.

2320 4004 2398 4057 t8.
2456 4003 2721 4058 Diximus
2780 4018 3037 4074 quoque,
3098 4000 3256 4056 unde
3306 4000 3709 4073 acceperimus
3749 4003 3869 4053 Acta

2242 4094 2459 4154 Graeca,
2491 4096 2544 4146 et
2574 4092 2715 4163 quia
2748 4092 2910 4147 tarde
2950 4090 3188 4148 fuerunt
3216 4090 3482 4155 collecta,
3518 4089 3869 4161 comperiun-

2240 4186 2334 4237 tur
2365 4196 2487 4237 non
2519 4196 2751 4251 magna;
2776 4181 2911 4237 ﬁdei
2931 4197 3081 4236 esse.
3109 4183 3189 4236 Eu
3223 4180 3376 4251 ipsa,
3414 4196 3554 4235 cum
3585 4176 3871 4235 nostrain-

2240 4270 2670 4342 terpretatione.
2723 4270 2944 4326 Titulus
2994 4268 3121 4325 talis
3154 4267 3576 4342 praeﬁgebatur
3606 4286 3617 4323 :
3643 4266 3872 4324 Ἀθλησις

2240 4370 2329 4411 τού
2382 4360 2531 4412 ὁσίου
2590 4362 2789 4432 Πατρός
2846 4362 2992 4432 ἡμῶν
3053 4360 3417 4435 ἱερομάρτυρος
3471 4360 3741 4430 Στεφάνθυ,
3787 4372 3874 4426 μη-

2240 4449 2545 4522 τροπολίτου
2594 4458 2684 4509 τῆς
2718 4447 3013 4522 Καλαϐρίας
3042 4466 3054 4504 ε
3112 4450 3427 4505 Certamen
3463 4448 3658 4504 sancti
3691 4442 3874 4501 Patris

2241 4542 2447 4604 nostri,
2462 4540 2622 4594 sacri
2634 4538 2919 4608 martyris
2937 4538 3249 4608 Stephani,
3269 4538 3659 4609 metropolitw
3688 4533 3875 4591 civita—

2243 4629 2315 4684 tis
2357 4628 2651 4699 Rhegiitn
2697 4628 3005 4685 Calabria.
