4066 6224
303 268 410 327 317

1379 268 1549 327 VITA
1587 269 1646 326 S.
1689 265 2043 324 STEPHANI
2087 265 2174 324 ET
2211 267 2595 327 SOCIORUM.

3561 273 3670 334 318

1023 523 1394 644 ACTA
1491 518 2152 644 AUCTORE
2239 521 2639 647 ANON
2661 523 2954 649 ΥΜο

1447 735 1593 802 Nisi
1646 735 1818 802 forte
1869 733 1955 800 sit

2005 734 2522 825 Metaphrastes.

661 881 744 936 Ex
771 878 974 936 codice
1006 895 1119 937 ms.
1149 878 1496 936 monasterii
1534 877 1729 934 Sancti
1765 876 2126 942 Salvatoriis,
2161 880 2384 936 ordinis
2412 884 2467 938 S.
2502 881 2697 939 Basilii
2739 899 2924 955 prope
2950 887 3299 941 Messanam.

365 1177 446 1236 A'.
495 1179 661 1242 Οὗτος
714 1183 740 1233 6
796 1181 938 1254 ἅγιος
989 1183 1297 1257 ἱερομάρτυς
1354 1185 1602 1254 Στέφανος
1658 1175 1972 1252 ὑπῆρχενΑ

293 1266 393 1320 ἀπὸ
447 1269 646 1331 πόλεως
691 1276 912 1332 Νικαίας
953 1287 967 1303 ⁸
1001 1276 1386 1347 καταρχομένου
1439 1268 1498 1324 δε
1549 1268 1755 1323 Παύλου
1804 1273 1896 1320 τοῦ

292 1355 592 1410 ἁποστολου
637 1362 684 1411 ἓν
738 1368 797 1432 τῇ
838 1361 1030 1435 Ῥώμη,
1079 1361 1529 1420 συνηκολούθησεν
1578 1359 1718 1430 αὐτῷ
1762 1359 1896 1429 ἄχρι

290 1447 488 1510 πόλεως
525 1447 738 1520 Ῥηγίου
791 1458 885 1512 τῆς
938 1449 1249 1526 Καλαϐρίας.
1306 1452 1481 1525 Εὒρὼν
1526 1446 1897 1507 όἈπόστολος

289 1541 382 1594 τήν
442 1536 597 1590 πόλιν
655 1536 816 1592 οὖσαν
866 1538 1202 1607 κατείδωλον,
1259 1540 1499 1614 ἐκήρυξεν
1540 1539 1587 1591 ἐν
1637 1538 1766 1612 αὐτῇ
1815 1536 1898 1589 λό-

289 1645 379 1696 γον
410 1631 637 1701 Κυρίου,
693 1633 782 1681 καὶ
832 1632 1006 1705 ὥσπερ
1059 1630 1228 1702 ἀγαθὴ
1261 1634 1348 1682 τόν
1395 1635 1586 1703 σπόρον
1633 1626 1894 1700 δεχομένη

289 1721 371 1768 vui
403 1716 851 1785 ἑκατοστεύουσα,
886 1721 1045 1782 οὕτως
1098 1723 1146 1773 οἰ
1197 1721 1246 1773 ἐν
1296 1721 1427 1794 αὐτῇ
1475 1725 1560 1773 τὸν
1589 1719 1740 1791 λόγον
1790 1713 1898 1770 ἑδέ-

292 1804 442 1866 ξαντο
479 1823 490 1834 ·
526 1812 848 1879 κατηχήσας
891 1808 1042 1871 οὗτος
1086 1809 1274 1872 αὐτοὺς
1322 1811 1347 1862 6
1398 1809 1620 1874 Παῦλος,
1674 1811 1760 1860 καὶ
1801 1807 1898 1880 βα-

289 1899 487 1957 πτίσας
530 1896 806 1958 πλείστους
857 1898 922 1958 εἰς
962 1903 1019 1950 τό
1065 1903 1224 1972 ὄνομα
1267 1907 1358 1952 τοῦ
1414 1901 1637 1970 Πατρός,
1679 1901 1767 1951 καὶ
1806 1904 1898 1950 τοῦ

290 1987 434 2048 Υἱοῦ,
487 1989 582 2036 καὶ
647 1993 736 2038 τοῦ
785 1987 937 2057 ἁγίου
989 1991 1301 2060 Πνεῦματος,
1350 1989 1678 2064 προχειρίζει
1729 1987 1899 2047 αὐτοῖς

290 2071 721 2146 ἀρχιεπίσκοπον
776 2081 1042 2149 Στέφανον.
1103 2078 1197 2142 ⁸ος
1253 2080 1421 2141 καλῶς
1482 2081 1737 2151 ποιμάνας
1803 2081 1897 2136 τὴν

290 2162 733 2234 ἐμπιστευθεῖσαν
787 2167 926 2238 αὐτῷ
979 2173 1226 2241 ποίμνην,
1277 2169 1495 2229 πολλοὺς
1548 2176 1616 2238 τῷ
1677 2168 1898 2238 ἐσπερίῳ

290 2257 480 2324 (μέρει)
535 2255 856 2327 ὑπέστρεψεν
942 2257 1015 2320 εἰς
1093 2263 1186 2316 τὴν
1268 2266 1358 2311 τοῦ
1424 2266 1660 2330 Χριστοῦ
1716 2262 1896 2310 πίστιν

291 2348 396 2402 ταῖς
457 2343 626 2397 αὐτοῦ
677 2342 1077 2410 διδασκαλίαις.
1137 2349 1425 2420 Διατρίψας
1480 2349 1567 2401 οὖν
1625 2347 1672 2400 ἐν
1730 2349 1891 2420 ταύτῃ

291 2439 348 2503 τῇ
415 2433 567 2485 πόλει
622 2433 751 2486 ἐπτά
800 2441 890 2488 καὶ
940 2433 1067 2490 δέκα
1111 2437 1396 2502 ἐνιαυτοὺς,
1448 2443 1536 2490 καὶ
1585 2437 1896 2497 ἐπισκόπους

2073 1180 2114 1235 Ι.
2149 1180 2399 1237 Sanctus
2427 1181 2523 1238 hic
2555 1187 2781 1256 martyr
2811 1184 3167 1255 Stephanus,
3200 1184 3432 1240 civitate
3471 1184 3670 1239 Nicaea

2005 1271 2188 1337 ortus,
2235 1286 2370 1326 cum
2410 1271 2631 1327 Paulus
2669 1273 2972 1344 apostolus
3023 1273 3502 1345 proﬁcisceretur
3558 1275 3666 1328 Ro-

2005 1372 2190 1422 mam,
2242 1358 2439 1430 ipsum
2499 1361 2814 1418 comitatus
2869 1362 2978 1418 fuit
3023 1377 3214 1434 usque
3254 1362 3325 1417 ad
3371 1361 3664 1417 civitatem

2006 1445 2298 1517 Rhegium
2331 1449 2629 1505 Calabriae.
2666 1451 2975 1506 lnveniens
3006 1454 3204 1508 autem
3238 1450 3558 1523 Apostolus
3589 1450 3666 1506 ci-

2005 1545 2246 1592 vuatem
2298 1537 2476 1604 illam,
2534 1545 2721 1596 totam
2766 1539 3161 1606 idololatram,
3196 1539 3545 1612 praedicavit
3583 1539 3663 1594 ibi

2006 1624 2254 1680 verbum
2284 1627 2386 1683 Dei
2417 1648 2427 1687 :
2463 1633 2519 1684 et
2543 1629 3057 1702 quemadmodum
3081 1629 3245 1686 bona
3276 1633 3430 1685 terra
3457 1644 3662 1684 semen

2005 1714 2214 1788 recipit
2239 1717 2713 1792 multiplicatque
2739 1719 3106 1791 centuplum,
3131 1719 3212 1774 ita
3233 1717 3664 1792 incolaelcivita-

2008 1804 2080 1860 tis
2121 1805 2368 1862 verbum
2405 1813 2771 1880 receperunt.
2819 1809 3047 1864 Interea
3088 1809 3458 1865 catechizans
3504 1807 3662 1879 ipsos

2008 1895 2244 1961 Paulus,
2293 1896 2617 1969 baptizavit
2659 1897 2948 1968 plurimos
2981 1899 3043 1952 in
3087 1897 3329 1953 nomine
3374 1895 3559 1953 Patris
3607 1900 3663 1951 et

2008 1984 2134 2040 Filii
2183 1990 2238 2040 et
2266 1985 2511 2057 Spiritus
2543 1985 2770 2053 sancti;
2803 1991 2980 2058 atque
3017 1986 3312 2044 ordinavit
3349 1985 3433 2041 ibi
3473 1985 3660 2041 archi-

2005 2073 2360 2146 episcopum
2389 2075 2774 2147 Stephanum,
2799 2076 2893 2146 qui
2922 2080 3076 2132 recte
3102 2091 3353 2148 pascens
3377 2075 3656 2131 commis-

2006 2180 2137 2218 sum
2173 2163 2280 2218 sibi
2309 2179 2571 2234 gregem,
2617 2164 2830 2220 multos
2861 2165 2919 2220 in
2960 2164 3429 2221 occidentalibus
3447 2163 3658 2234 plagis,

2003 2253 2288 2308 convertit
2325 2253 2596 2310 doctrina
2629 2271 2737 2311 sua
2762 2255 2837 2312 ad
2863 2254 3046 2310 ﬁdem
3080 2253 3310 2310 Christi.
3344 2256 3660 2324 Postquam

2005 2340 2182 2413 igitur
2208 2342 2629 2414 septemdecim
2652 2359 2840 2399 annos
2878 2343 2957 2399 ibi
2986 2344 3290 2415 exegisset,
3325 2343 3663 2413 episcopos-

2004 2445 2121 2502 que
2147 2437 2200 2486 et
2232 2432 2609 2503 presbyteros
2639 2438 3057 2497 consecrasset,
3075 2439 3250 2503 atque
3279 2431 3532 2486 Ecclesia
3558 2445 3664 2501 per

292 2525 375 2572 καὶ
428 2521 821 2596 πρεσϐυτέρους
867 2533 1262 2597 χειροτονήσας,
1313 2533 1402 2580 καὶ
1448 2524 1542 2588 τῆς
1587 2527 1894 2588 Ἐκκλησίας

2005 2520 2104 2574 Dei
2135 2521 2385 2589 gratiam
2420 2522 2729 2593 perampla
2759 2527 2911 2578 esset
2945 2539 2958 2577 :
2994 2526 3158 2577 mota
3189 2521 3298 2576 fuit
3329 2519 3658 2592 persecutio

293 2617 422 2662 Θεοῦ
454 2615 655 2685 χάριτι
681 2614 1056 2686 μεγαλυνθείση
1070 2638 1109 2682 ς,
1144 2616 1353 2676 ἐκινήθη
1384 2614 1619 2690 διωγμὸς
1643 2620 1777 2670 κατὰ
1797 2625 1896 2669 τῶν

293 2705 648 2773 Χριστιανῶν.

360 2789 428 2842 Β’.
474 2791 781 2866 Ἐκρατὴθη
853 2795 952 2846 ὑπὸ
1036 2795 1254 2870 Ἱέρακος
1321 2799 1570 2868 ἡγεμόνος
1637 2798 1662 2848 6
1719 2795 1898 2868 Ἀγιος

294 2885 600 2951 προσαίτιος
659 2889 749 2933 τοῦ
801 2889 1244 2957 Χιοιστιανισμοῦ,
1305 2891 1395 2938 καὶ
1444 2886 1751 2956 ἠναγκάσθη
1809 2885 1897 2959 ἀρ-

292 2972 559 3024 νήσασθαι
590 2973 678 3022 τόν
709 2977 956 3046 Χριστόν,
985 2980 1074 3026 καὶ
1111 2977 1270 3027 θῦσαι
1298 2981 1408 3036 τοῖς
1439 2973 1675 3038 εἰδώλοις
1705 2991 1718 3006 ⁸
1752 2975 1805 3038 ὃς
1838 2972 1897 3028 δὲ

295 3057 383 3107 οὐκ
437 3060 722 3130 ἠνέσχετο,
776 3061 901 3113 ἀλλά
952 3063 1140 3134 μᾶλλον
1197 3063 1469 3138 παρῥησίᾳ
1521 3068 1607 3116 τόν
1665 3067 1894 3139 Χριστόν

295 3147 650 3217 ὁμολογήσας,
703 3155 830 3202 Θεὸν
881 3155 1003 3203 ὄντα
1054 3159 1143 3206 καὶ
1189 3159 1417 3213 Ποιητὴν
1457 3156 1660 3206 πάντων
1694 3171 1706 3183 θ
1741 3156 1806 3205 τὰ
1837 3149 1895 3205 δε

294 3233 498 3303 εἶδωλα,
555 3238 688 3300 ξύλα
757 3245 846 3292 καὶ
911 3240 1083 3302 λίθους
1150 3241 1460 3310 ἀναίσθητα,
1522 3246 1648 3318 ἔργα
1699 3250 1892 3317 χειρῶν

295 3321 595 3396 ἀνθρώπων,
647 3335 739 3379 τοῦ
800 3325 1048 3382 διαϐόλου
1099 3330 1451 3403 ἐφευρὴματα.
1510 3335 1595 3385 Διό
1645 3334 1892 3384 τύπτεται

296 3411 514 3485 ἀφειδῶς
556 3417 680 3488 (σὺν
729 3425 802 3488 τῷ
849 3426 1054 3493 Σουηρᾴ
1102 3419 1391 3493 ἐπισκόπῳ)
1446 3425 1527 3472 καὶ
1581 3421 1742 3482 λίθοις
1798 3422 1894 3482 τὰς

295 3502 430 3573 ὄψεις
476 3506 822 3569 συνθλῶνται,
879 3513 968 3560 καὶ
1027 3509 1093 3570 εἰς
1137 3512 1351 3582 κάμινον
1403 3514 1560 3583 πυρός
1619 3509 1884 3582 ἐμϐληθέν·

295 3610 387 3656 τες,
446 3593 662 3656 ἐξῆλθον
731 3594 965 3657 ἀϐλαϐεῖς
1035 3615 1047 3626 ·
1109 3600 1220 3651 ὅθεν
1286 3600 1519 3652 πλεῖστοι
1577 3598 1888 3652 ἐπίστευσαν

296 3689 360 3751 τῷ
411 3691 648 3756 Χριστῷ,
709 3690 817 3750 xui,
877 3689 1054 3758 Μέγας
1109 3689 1134 3740 6
1184 3692 1333 3755 Θεὸς,
1391 3687 1698 3754 ἀνεϐόησαν,
1732 3690 1757 3741 6
1788 3691 1888 3742 ὑπὸ

297 3775 560 3844 Στεφάνου,
620 3779 708 3826 καὶ
765 3782 970 3848 Σουηρά
1020 3786 1118 3829 τῶν
1157 3777 1443 3853 ἀρχιερέων
1491 3784 1885 3852 κηρυττόμενος.

298 3858 370 3912 Ἐν
400 3862 470 3922 οἷς
519 3863 768 3935 ὑπῆρχον
815 3871 1058 3935 γυναῖκες
1099 3872 1303 3938 σεμναὶ,
1346 3866 1550 3938 Ἀγνῆς,
1607 3868 1888 3931 Φιλικητὰς
1919 3885 1960 3944 C

298 3951 399 4016 (xui
468 3953 791 4024 Περπετούα)
856 3959 1389 4027 προσαγορευόμεναι,
1453 3959 1743 4030 μαθήτριαι
1796 3969 1886 4009 του

296 4038 434 4090 όσίου
447 4041 701 4111 Στεφάνου
715 4041 1257 4118 ὑπάρχουσαι,παῤῥη
1268 4047 1581 4117 σιασάμεναι
1599 4047 1886 4119 ἔμπροσθεν

297 4132 481 4179 στᾶσαι
528 4128 756 4202 Ἱέρακος
804 4131 1070 4202 ἡγεμόνος,
1121 4133 1465 4204 ὡμολόγησαν
1516 4138 1574 4186 τό
1605 4139 1766 4206 ὄνομα
1796 4142 1886 4186 τοῦ

296 4221 541 4284 Χριστοῦ,
577 4222 708 4271 Θεόν
735 4218 974 4278 ἀληθινόν
1005 4227 1094 4274 καὶ
1129 4227 1354 4281 Ποιητὴν
1384 4224 1588 4276 πάντων
1626 4223 1887 4298 ἀνακηρύ-

297 4302 464 4364 ξασαι.

362 4392 429 4444 Γ’·
469 4400 601 4448 Τότε
664 4399 830 4470 θυμοῦ
880 4399 1151 4462 πλησθεὶς,
1213 4400 1473 4454 ἐκέλευσεν
1526 4402 1690 4464 αὐτὰς
1751 4404 1883 4475 ξίφει

299 4478 659 4555 ἀποτμηθῆναι
715 4487 824 4558 ἅμα
881 4490 1112 4561 Στεφάνῳ
1168 4495 1257 4542 καὶ
1329 4498 1532 4564 Σουηρᾴ
1579 4500 1686 4554 τοῖς
1751 4491 1885 4566 ἀρχ-

302 4578 530 4642 ιερεῦσιν.
599 4575 676 4626 Οὔ
736 4582 1025 4650 γινομένου,
1085 4584 1385 4654 παραυτίκα
1443 4578 1716 4634 ἀπέδωκαν
1796 4585 1884 4642 τὰς

300 4663 442 4730 αγίας
485 4663 658 4715 αὐτῶν
705 4664 892 4738 ψυχὰς
938 4675 1010 4737 τῷ
1065 4673 1261 4741 Κυρίῳ,
1311 4669 1746 4742 εὐχαριστοῦντες
1798 4675 1883 4724 καὶ

303 4747 685 4823 ἀγαλλιώμενοι,
718 4755 798 4807 ὅτι
829 4755 1129 4817 ἠξιώθησαν
1161 4759 1286 4831 ὑπερ
1317 4767 1549 4832 Χριστοῦ
1585 4759 1878 4818 ἀποθανεῖν.

299 4839 361 4889 Τό
390 4834 447 4891 δε
476 4844 652 4912 τίμιον
699 4851 850 4914 σῶμα
888 4852 976 4896 τοῦ
1025 4846 1172 4898 όσίου
1220 4848 1580 4920 ἱερομάρτυρος
1611 4852 1880 4923 Στεφάνου,

303 4924 378 4976 ὑπ’
404 4925 609 5002 ἀνδρῶν
640 4929 862 4984 εὐσεϐῶν
911 4931 1041 5005 ἀωρὶ
1078 4942 1174 4997 τῆς
1219 4939 1402 4998 νυκτός
1448 4940 1697 5010 κομισθὲν
1731 4939 1779 4992 ἐν
1809 4948 1882 5013 τῷ

299 5022 497 5088 νοτιαίῳ
521 5023 665 5091 μέρει
689 5026 784 5082 τῆς
808 5020 972 5085 αὐτῆς
1000 5022 1213 5090 πόλεως,
1234 5028 1476 5084 κατετέθη
1505 5029 1554 5080 ἓν
1579 5036 1651 5099 τῷ
1671 5030 1882 5101 ἡσυχα-

305 5115 453 5174 στικῷ
471 5107 627 5160 αὐτοῦ
653 5107 931 5182 εὖκτηρίῳ,
963 5113 1032 5172 ὡς
1054 5110 1155 5165 ἀπὸ
1180 5119 1398 5180 σημείου
1427 5115 1534 5178 ἑνός
1555 5125 1645 5178 τῆς
1671 5117 1878 5187 πόλεως,

302 5189 532 5256 πλείστας
565 5197 727 5259 ἰάσεις
757 5197 1034 5254 ἐπιτελοῦν.
1065 5205 1142 5256 Τὰ
1185 5198 1243 5256 δὲ
1273 5212 1372 5256 τῶν
1414 5204 1604 5258 λοιπῶν
1629 5206 1790 5277 ἁγίων
1817 5210 1881 5260 τὰ
1911 5239 1957 5298 D

306 5287 528 5353 σώματα,
609 5294 814 5362 Σουηρᾶ
879 5289 1192 5358 ἐπισκόπου,
1272 5300 1457 5363 σεμνῆς
1521 5293 1711 5366 Ἀγνής
1791 5303 1880 5350 καὶ

304 5368 630 5437 Φιλικητάτης
699 5377 808 5448 (xui
871 5380 1234 5453 Περπετούας),
1295 5383 1413 5434 ἔνθα
1475 5381 1873 5454 ἀπετμήθησαν,

304 5456 393 5508 ὑπὸ
440 5472 632 5516 πιστῶν
697 5469 1068 5537 κατετέθησαν,
1140 5470 1265 5546 ὑπερ
1335 5477 1426 5524 τοῦ
1499 5475 1699 5545 κόσμου
1757 5493 1877 5550 πρε-

306 5543 571 5615 σϐεύοντες,

2007 2615 2212 2666 contra
2239 2610 2620 2666 Christianos.

2077 2788 2142 2842 II.
2176 2788 2240 2843 In
2269 2787 2372 2845 illa
2398 2792 2595 2844 autem
2627 2788 3098 2859 comprehensus
3126 2787 3203 2844 ab
3247 2785 3484 2843 Hierace
3506 2801 3653 2859 prte-

2007 2878 2131 2933 side
2174 2877 2230 2933 S.
2265 2878 2622 2950 Stephanus,
2656 2884 2941 2949 tanquam
2964 2880 3170 2933 auctor
3201 2876 3654 2943 Christianismi,

2005 2973 2248 3023 coactus
2292 2966 2398 3023 fuit
2428 2983 2644 3039 negare
2677 2967 2970 3022 Christum
3024 2971 3080 3022 et
3111 2965 3444 3022 sacriﬁcare
3477 2964 3652 3021 idolis

2006 3056 2178 3122 Quod
2238 3056 2333 3112 ille
2378 3071 2498 3112 non
2570 3055 2888 3121 sustinens,
2951 3056 3149 3127 potius
3214 3053 3523 3110 confessus
3571 3057 3656 3110 est

2005 3146 2288 3202 Christum
2329 3148 2512 3201 Deum
2539 3161 2666 3201 esse
2695 3149 2750 3201 et
2787 3149 3116 3201 creatorem
3159 3143 3431 3200 omnium
3455 3159 3469 3210 ;
3493 3142 3654 3200 idola

2000 3251 2144 3292 vero
2183 3251 2313 3292 esse
2343 3235 2502 3305 ligna
2548 3241 2602 3292 et
2639 3235 2888 3308 lapides,
2933 3251 3110 3290 sensu
3150 3234 3433 3300 carentia,
3475 3248 3658 3305 opera

2000 3341 2295 3380 manuum
2323 3324 2661 3393 hominum,
2691 3329 2746 3380 et
2784 3323 3005 3379 diaboli
3045 3322 3304 3378 inventa.
3349 3322 3491 3377 Hinc
3529 3321 3656 3377 sine

2000 3417 2330 3470 cessatione
2357 3414 2697 3470 verberatur
2729 3429 2848 3469 una
2875 3429 3010 3468 cum
3051 3412 3330 3484 episcopo
3374 3413 3572 3477 Suera,
3600 3415 3657 3467 et

2000 3503 2180 3559 facies
2203 3519 2409 3560 eorum
2431 3503 2735 3575 lapidibus
2757 3508 3162 3569 conteruntur,
3187 3507 3243 3557 et
3276 3502 3331 3556 in
3350 3500 3656 3557 caminum

1999 3591 2152 3662 ignis
2192 3591 2408 3663 injecti,
2457 3591 2593 3647 inde
2637 3591 2905 3648 exierunt
2947 3591 3133 3648 illaesi.
3191 3592 3319 3656 Quo
3370 3589 3656 3646 miraculo

2000 3681 2239 3753 plurimi
2292 3681 2670 3737 crediderunt
2709 3681 2768 3736 in
2825 3681 3141 3747 Christum,
3202 3679 3652 3735 exclamantes:

1999 3773 2243 3840 Magnus
2292 3773 2379 3826 est
2405 3770 2583 3835 Deus,
2627 3783 2808 3840 quem
2855 3768 3192 3839 Stephanus
3221 3772 3277 3823 et
3317 3769 3499 3824 Suera
3537 3767 3656 3838 epi-

1998 3859 2164 3931 scopi
2200 3858 2546 3930 prazdicant.
2580 3861 2728 3913 Inter
2756 3858 2868 3912 hos
2899 3872 3140 3929 quoque
3185 3859 3355 3912 erant
3392 3855 3655 3912 honestae

1994 3949 2252 4017 feminas,
2284 3949 2480 4020 Agnes
2510 3951 2566 4003 et
2595 3945 2862 4002 Felicitas
2901 3952 2955 4002 et
2993 3948 3279 4017 Perpetua
3331 3945 3654 4001 nominatae

1995 4037 2307 4110 discipulis
2331 4037 2521 4093 sancti
2543 4035 2858 4108 Stephani;
2879 4051 3014 4108 quae
3034 4034 3219 4090 libera
3240 4049 3404 4098 voce,
3431 4038 3656 4089 stantes

1997 4142 2198 4183 coram
2221 4127 2455 4183 Hierace
2476 4126 2748 4199 przeside,
2772 4125 3057 4182 confessae
3080 4129 3216 4180 sunt
3241 4139 3462 4180 nomen
3496 4123 3656 4181 Chri-

1996 4217 2088 4283 sti,
2117 4217 2316 4288 ipsum
2353 4217 2537 4272 Deum
2573 4232 2776 4272 verum
2801 4220 2856 4272 et
2877 4215 3182 4271 Factorem
3210 4214 3480 4270 omnium
3509 4229 3655 4286 pree-

1994 4306 2281 4362 dicantes.

2065 4406 2157 4460 Ill.
2211 4405 2373 4460 Tunc
2422 4419 2662 4476 praeses,
2719 4403 3032 4460 iracundia
3089 4403 3320 4475 plenus,
3375 4402 3656 4474 praecepit

1995 4495 2137 4566 ipsis
2183 4493 2382 4563 gladio
2427 4493 2724 4565 amputari
2765 4498 2961 4564 caput,
3001 4492 3082 4548 uti
3143 4497 3198 4548 et
3253 4491 3555 4564 Stephano
3600 4496 3655 4546 et

1995 4583 2195 4639 Sueree
2225 4583 2542 4655 episcopis.
2587 4584 2715 4648 Quo
2775 4580 2950 4647 facto,
2995 4581 3384 4638 reddiderunt
3421 4586 3656 4638 sanctas

1996 4673 2230 4728 animas
2261 4688 2402 4728 suas
2449 4672 2718 4741 Domino,
2751 4671 2971 4742 gratias
3001 4675 3246 4740 agentes
3271 4675 3328 4726 et
3358 4670 3656 4727 exsultan-

1995 4765 2100 4827 tes,
2132 4762 2294 4834 quod
2327 4761 2494 4831 digni
2529 4761 2744 4817 fuerint
2784 4776 2892 4833 pro
2937 4759 3170 4816 Christo
3199 4759 3372 4818 mori.
3404 4761 3652 4816 Venera-

1992 4849 2110 4907 bile
2140 4855 2338 4907 autem
2370 4849 2554 4906 sancti
2578 4848 2863 4922 Stephani
2888 4863 3106 4922 corpus
3133 4865 3168 4905 a
3193 4848 3334 4906 viris
3360 4847 3652 4918 religiosis

1993 4944 2164 4996 nocte
2220 4939 2579 5012 intempesta
2621 4939 3001 5011 deportatum
3059 4936 3166 4995 fuit
3215 4937 3274 4993 in
3328 4935 3650 4994 australem

1992 5034 2222 5103 partem
2264 5027 2537 5099 ejusdem
2564 5027 2834 5095 civitatis,
2869 5042 2940 5083 ac
2961 5026 3298 5098 depositum
3329 5026 3389 5082 in
3421 5028 3650 5082 secreto

1991 5119 2121 5190 ejus
2151 5117 2429 5183 oratorio,
2463 5117 2627 5190 quod
2657 5117 2885 5174 circiter
2912 5115 3148 5171 milliari
3180 5131 3299 5172 uno
3338 5131 3375 5171 a
3416 5113 3652 5171 civitate

1994 5209 2182 5272 abest,
2234 5207 2526 5279 plurimas
2563 5222 2821 5278 operans
2865 5205 3220 5261 curationes.
3264 5203 3647 5277 Reliquorum

1991 5312 2131 5352 vero
2152 5301 2492 5352 sanctorum
2510 5311 2764 5368 corpora
2794 5297 2989 5351 Suerae
3023 5293 3312 5366 episcopi,
3343 5293 3652 5351 venerabi-

1986 5384 2058 5440 lis
2087 5386 2343 5456 Agnetis,
2381 5384 2688 5442 Felicitatis
2728 5391 2784 5441 et
2819 5384 3146 5457 Perpetuus,
3184 5383 3265 5440 ibi
3304 5401 3341 5441 a
3369 5383 3648 5440 ﬁdelibus

1985 5473 2255 5548 deposita
2279 5474 2458 5541 fuere,
2489 5474 2594 5532 ubi
2615 5475 3021 5534 occubuerant
3051 5490 3066 5544 ;
3091 5489 3202 5548 pro
3229 5474 3458 5532 mundo
3479 5473 3653 5530 inter-

1986 5563 2286 5622 cedentes.
