4066 6224
440 338 542 399 319
946 406 953 413 ,
1820 336 2078 394 MENSIS
2118 335 2384 395 JULIUS.
3678 347 3776 408 32o

956 592 1150 711 DE
1264 589 1863 711 SANtLTiS
1948 588 2236 709 XLV
2328 588 3269 711 MABTYRIBUS

1812 803 2136 861 NICOPOLI
2169 807 2235 860 IN
2268 803 2585 861 ARMENIA

1240 979 2266 1075 COMMENTARIUS
2382 980 2978 1076 PBz‘EVIUS

1598 1190 1751 1252 (Acta
1784 1186 1869 1237 SS.
1928 1187 2189 1245 Bolland',
2227 1187 2329 1237 Mai
2391 1186 2474 1237 die
2512 1188 2608 1249 10.)

496 1478 542 1529 1.
567 1472 862 1545 NiCOpolis
884 1472 937 1525 in
968 1469 1348 1534 Armenia,ab
1366 1469 1493 1523 aliis
1510 1466 1783 1539 pluribus
1804 1466 2076 1537 ejusdem
2092 1465 2355 1521 nominis
2374 1463 2708 1519 civitatibus
2728 1464 3029 1521 additione
3046 1465 3223 1535 hujus
3245 1464 3567 1536 provinciae
3586 1461 3787 1519 distin-

424 1570 536 1629 cta,
571 1582 606 1620 a
638 1566 916 1634 Pompeio
948 1566 1157 1632 Magno
1190 1559 1429 1615 condita
1460 1557 1538 1614 ob
1570 1557 1956 1613 Mithridatem
1990 1557 2070 1611 ibi
2100 1555 2487 1621 debellatum,
2517 1562 2759 1609 auctore
2784 1556 2968 1610 Dione
3000 1557 3221 1620 Cassio,
3254 1554 3355 1610 lib.
3392 1571 3566 1610 xxxv:
3602 1554 3788 1609 Histo-

421 1656 645 1710 riarum
673 1656 1097 1717 Romanorum,
1132 1650 1350 1706 exstitit
1371 1648 1842 1703 clarissimorum
1866 1650 2202 1717 martyrum
2231 1647 2359 1700 XLV
2389 1644 3045 1715 palmstra,constantia3
3073 1660 3279 1700 eorum
3304 1643 3469 1699 testis
3491 1648 3547 1699 et
3573 1647 3791 1714 specta-

422 1744 549 1804 trix,
582 1759 647 1798 ac
664 1740 864 1812 gloriae
892 1741 1185 1796 theatrum
1211 1755 1223 1803 ;
1258 1738 1464 1793 civitas
1490 1753 1633 1793 sane
1664 1741 1789 1791 tum
1817 1735 2034 1805 insigni
2066 1735 2178 1790 hoc
2211 1734 2517 1805 triumpho
2544 1733 2916 1797 nobilis,tum
2949 1734 3193 1789 miriﬁce
3220 1733 3536 1807 praedicari
3566 1732 3786 1797 merita,

420 1832 583 1903 quod
609 1830 975 1901 temporibus
998 1829 1256 1884 Valentis
1276 1826 1649 1899 imperatoris
1670 1827 2025 1881 inconcussa
2045 1824 2265 1879 steterit
2294 1822 2582 1878 adversus
2606 1823 2951 1878 Arianorum
2976 1824 3363 1895 procellas,ut
3387 1821 3658 1895 pluribus
3675 1836 3791 1875 me-

420 1919 587 1975 minit
621 1920 678 1973 S.
715 1918 964 1973 Basilius
995 1918 1057 1973 in
1084 1917 1317 1987 epistol.
1348 1915 1554 1982 addit.,
1579 1916 1727 1970 sicut
1752 1914 1944 1985 signat
1973 1912 2257 1968 Baronius
2285 1912 2345 1966 in
2376 1910 2782 1967 notationibus
2803 1912 2917 1978 hic,
2949 1918 2999 1978 6,
3025 1914 3079 1980 9,
3116 1914 3202 1978 10,
3232 1914 3381 1980 tl,et
3414 1914 3477 1967 t2
3508 1910 3644 1966 edit.
3680 1913 3789 1965 Nut

418 2008 946 2065 celebratissimam
970 2022 1106 2063 vero
1126 2014 1472 2063 sanctorum
1494 2012 1825 2076 martyrum
1859 2003 2215 2059 memoriam
2252 2000 2431 2059 fuisse
2456 2001 2517 2057 in
2549 2001 2733 2057 sacris
2773 2002 3009 2067 tabulis,
3032 2002 3274 2059 abunde
3302 2000 3603 2057 constabit
3630 2016 3699 2055 ex
3718 1998 3791 2053 iis

419 2114 554 2170 qum
587 2098 660 2151 de
686 2112 893 2151 eorum
925 2097 1088 2151 cultu
1121 2096 1550 2151 subnectimus.

486 2186 538 2240 2.
566 2185 961 2253 Menologium
997 2184 1380 2249 Basilianum,
1408 2183 1484 2239 ad
1514 2182 1736 2238 calcem
1766 2182 1907 2239 tomi
1936 2182 2110 2254 primi
2141 2182 2323 2252 hujus
2349 2181 2571 2236 mensis
2595 2184 2726 2253 post
2758 2181 3277 2237 annuntiationem
3307 2200 3319 2237 :
3344 2181 3567 2237 Eodem
3588 2192 3790 2234 mense

421 2273 597 2346 (Julio
621 2274 715 2328 die
744 2274 824 2343 χ),
850 2273 1051 2345 passio
1086 2280 1429 2329 sanctorum
1449 2272 1587 2327 XLV
1620 2278 1973 2343 martyrum,
2016 2271 2119 2343 qui
2146 2270 2206 2326 in
2234 2270 2491 2342 Nicopoli
2520 2271 2803 2343 martyrio
2829 2270 3024 2327 affecti
3048 2277 3205 2335 sunt,
3230 2291 3257 2323 »
3289 2271 3371 2327 ita
3398 2271 3473 2325 de
3507 2268 3619 2324 illis
3646 2283 3793 2339 prte-

421 2363 616 2419 dicat:
653 2384 680 2413 «
708 2363 1113 2431 Quadraginta
1134 2362 1403 2435 quinque
1428 2360 1632 2417 Christi
1656 2368 1947 2431 martyres
1976 2360 2251 2416 vixerunt
2281 2359 2394 2414 sub
2417 2375 2600 2429 regno
2632 2360 2828 2415 Licinii
2856 2366 2911 2415 et
2934 2360 3285 2432 praefectura
3319 2359 3791 2431 Lysiae,quorum

422 2452 723 2525 principes
749 2452 909 2507 fuere
936 2452 1229 2516 Leontius,
1274 2452 1597 2513 Mauritius,
1630 2449 1827 2505 Daniel
1854 2456 1909 2504 et
1951 2450 2267 2507 Antonius.
2313 2448 2741 2520 Comprehensi
2784 2451 2982 2522 itaque
3010 2448 3491 2504 astiteruntduci
3533 2444 3712 2517 Lysiae
3736 2444 3793 2498 in

424 2540 687 2612 Nicopoli
721 2543 1028 2603 Armeniae,
1059 2541 1473 2613 Christumque
1496 2540 1749 2595 confessi
1777 2544 1832 2594 et
1856 2538 2016 2594 idola
2048 2539 2353 2603 exsecrati,
2375 2539 2633 2609 caesique
2661 2555 2729 2594 ac
2753 2538 3053 2609 lapidibus
3085 2553 3190 2593 ora
3215 2542 3269 2592 et
3297 2538 3511 2592 faciem
3545 2532 3793 2594 contriti.

427 2630 488 2685 in
514 2646 811 2686 carcerem
840 2630 1102 2686 conclusi
1131 2636 1287 2695 sunt,
1322 2647 1426 2701 per
1456 2629 1582 2685 dies
1612 2628 1809 2700 plures
1836 2630 2073 2701 absque
2100 2626 2233 2683 cibo
2261 2634 2701 2700 permanentes.
2740 2628 2960 2692 Milites,
2994 2643 3202 2682 eorum
3234 2626 3636 2683 constantiam
3664 2636 3797 2676 con-

432 2719 662 2790 spicati,
697 2719 926 2775 Christo
954 2718 1580 2775 crediderunt.Deinde
1603 2734 1633 2772 e
1656 2704 1888 2773 carcere
1915 2717 2104 2788 ejecti,
2130 2722 2186 2772 et
2209 2733 2381 2772 crura
2415 2716 2723 2772 securibus
2752 2717 3021 2781 abscissi,
3046 2717 3107 2771 hi
3129 2716 3373 2788 quidem
3400 2716 3529 2786 jam
3560 2708 3793 2770 mortui,

428 2809 511 2863 illi
538 2815 735 2864 autem
768 2810 966 2865 adhuc
997 2810 1307 2879 spirantes,
1350 2809 1409 2863 in
1451 2807 1755 2863 caminum
1787 2806 1941 2875 ignis
1981 2807 2199 2876 injecti,
2233 2822 2473 2862 cursum
2507 2812 3021 2871 consummarunt,
3061 2806 3431 2877 accipientes
3466 2797 3790 2858 immortale

423 2914 690 2969 regnum,
727 2899 883 2969 quod
916 2903 1192 2969 paratum
1217 2898 1362 2968 ipsis
1389 2897 1494 2952 fuit
1521 2914 1554 2951 a
1585 2896 1809 2952 Christo
1829 2902 1963 2950 ante
1985 2895 2191 2950 mundi
2216 2895 2715 2951 constitutionem.
2742 2917 2768 2944 »
2803 2896 2951 2951 Alibi
2976 2897 3195 2967 saepius
3222 2896 3441 2951 horum
3477 2897 3795 2963 martyrum

426 2987 672 3042 recurrit
704 2987 990 3041 memoria
1021 2987 1078 3041 in
1101 2986 1315 3041 Graecis
1347 2985 1612 3048 fastis,ac
1641 2986 1996 3055 plerumque
2018 3000 2156 3038 cum
2182 3000 2366 3054 parvo
2386 2984 2883 3054 elogio,videlicet
2903 2986 2960 3039 in
2984 2985 3217 3039 Menaeis
3244 2982 3555 3055 impressis
3572 2992 3793 3035 eorum-

428 3074 828 3145 queindiceet
875 3073 1189 3142 Horologio
1224 3076 1600 3138 Graecorum;
1634 3073 1773 3126 item
1810 3073 1867 3126 in
1902 3072 2330 3142 Supplemento
2373 3072 2447 3127 ad
2489 3075 2701 3128 Menma
2745 3090 2814 3128 ex
2857 3072 3190 3145 Synaxario
3234 3070 3543 3128 Sirmondi
3586 3072 3640 3123 et
3683 3080 3790 3120 ms.

429 3161 716 3227 Chifﬂetii,
751 3163 807 3216 in
841 3162 1073 3216 Menaeis
1114 3161 1489 3216 bibliothecae
1543 3160 1982 3227 Ambrosianae,
2016 3162 2233 3215 Menaeo
2270 3160 2557 3227 Chifﬂetii,
2601 3162 2929 3231 Menologio
2973 3164 3149 3218 Slavo
3181 3161 3453 3228 Russico,
3491 3156 3652 3231 quod
3687 3167 3791 3225 pro

426 3251 663 3307 Leontio
681 3250 883 3304 scribit
908 3250 1139 3319 Leonis,
1161 3250 1421 3305 Maximo
1444 3250 1827 3322 Cythetorum
1847 3251 2162 3320 episcopo;
2183 3248 2404 3321 quibus
2432 3250 2569 3304 addi
2591 3257 2781 3321 potest
2802 3269 2910 3306 ms.
2941 3268 3011 3306 ex
3034 3251 3179 3306 libro
3203 3252 3427 3321 linguae
3446 3248 3703 3305 Arabicae
3721 3244 3788 3295 de

425 3340 539 3396 vita
572 3337 989 3394 nonnullorum
1014 3344 1360 3393 sanctorum
1386 3337 1672 3411 Typicum
1715 3340 1769 3393 S.
1807 3338 1991 3403 Sabae,
2022 3354 2129 3393 nec
2160 3354 2279 3394 non
2312 3340 2569 3411 epitome
2599 3355 2817 3395 excusa
2873 3340 3178 3407 Menologii
3209 3356 3220 3395 :
3257 3340 3522 3412 denique
3551 3332 3789 3392 Menolo-

425 3428 589 3499 gium
626 3427 846 3483 Sirleti:
878 3444 907 3482 e
930 3443 1052 3499 quo
1077 3433 1283 3500 postea
1315 3442 1521 3482 eorum
1554 3427 1843 3482 memoria
1902 3428 2130 3481 transiit
2162 3427 2238 3482 ad
2272 3427 2757 3500 Martyrologium
2793 3430 3152 3493 Romanum,
3184 3430 3267 3483 sic
3300 3428 3435 3483 illos
3481 3425 3734 3481 referens
3775 3421 3787 3460 ε

427 3537 455 3569 ‹‹
486 3516 748 3589 Nicopoli
778 3516 839 3571 in
873 3517 1169 3584 Armenia,
1214 3520 1562 3573 sanctorum
1592 3521 1926 3588 martyrum
1964 3516 2211 3582 Leontii,
2249 3518 2516 3581 Mauritii,
2557 3518 2814 3573 Danielis
2845 3523 2899 3573 et
2937 3518 3257 3581 sociorum,
3292 3517 3395 3589 qui
3426 3515 3539 3571 sub
3579 3508 3789 3568 Licinio

422 3607 778 3677 imperatore
800 3612 855 3661 et
876 3605 1051 3677 Lysia
1077 3606 1332 3677 praeside
1360 3606 1519 3661 varie
1542 3604 2135 3668 excruciati,tandem
2158 3606 2216 3660 in
2237 3606 2438 3676 ignem
2466 3607 2737 3678 conjecti,
2769 3608 3034 3679 martyrii
3060 3622 3302 3662 cursum
3324 3604 3728 3661 confecerunt.
3761 3615 3787 3647 »

425 3694 690 3750 Molanus
721 3695 851 3750 illos
884 3696 1062 3751 etiam
1093 3695 1294 3763 habet,
1330 3699 1387 3750 et
1416 3694 1764 3750 Galesinius.

490 3788 544 3840 3.
577 3786 788 3841 Menzea
827 3785 1137 3856 impressa,
1167 3785 1245 3840 uti
1273 3784 1453 3840 etiam
1476 3783 1702 3838 dictum
1743 3799 1951 3839 eorum
1994 3783 2510 3855 Supplementum,
2540 3800 2710 3842 sacro
2742 3790 3076 3857 martyrum
3106 3784 3333 3855 agmini
3365 3784 3451 3841 ita
3483 3779 3780 3840 accinunt:

1373 3888 1677 3963 Παρεμϐολή
1710 3909 1788 3951 τις
1828 3889 2007 3964 εὑρέθη
2043 3896 2112 3960 τῷ
2161 3898 2273 3961 Θεῷ
2304 3893 2390 3943 νέα

1378 3979 1551 4053 Τόλμῃ
1585 3978 1994 4054 παρεμϐαλοῦσα
2022 3984 2111 4032 καὶ
2139 3983 2305 4052 πυρὸς
2333 3984 2510 4051 μέσον.

1368 4076 1566 4123 κτεῖνεν
1600 4067 1896 4143 ἁρισθενέας
1922 4065 2114 4127 δεκάτη
2139 4076 2240 4143 πῦρ
2267 4069 2638 4132 Νικόπολίτας.

1366 4185 1529 4240 Nova
1561 4190 1756 4240 castra
1794 4185 2027 4239 Numen
2062 4184 2306 4241 militem
2349 4186 2574 4241 invenit
2605 4202 2819 4242 novum

1362 4257 1677 4314 Audacter
1706 4272 1916 4312 ausum
1946 4256 2183 4313 tendere
2210 4257 2272 4311 in
2304 4257 2493 4313 medio
2524 4273 2714 4327 rogos.

1361 4327 1637 4383 Flamma
1664 4331 1831 4383 necat
1854 4328 2081 4384 decima
2104 4343 2377 4399 generosa
2404 4328 2786 4398 Nicopotitas.

416 4439 580 4495 Idem
610 4440 1105 4511 Supplementum
1144 4442 1325 4499 habet
1362 4443 1475 4499 hoc
1517 4442 1816 4511 singulare
1867 4442 1941 4498 de
1993 4458 2022 4498 e

2180 4460 2201 4498 1
2234 4443 2392 4499 cultu
2422 4462 2435 4499 :
2467 4444 2695 4497 Τελεῑται
2728 4443 2787 4499 δὲ
2825 4448 2854 4505 ἡ
2911 4447 3077 4500 αὐτῶν
3112 4447 3318 4511 σύναξις
3366 4466 3414 4499 εν
3460 4454 3533 4517 τῷ
3565 4448 3667 4511 ναῷ
3696 4444 3786 4495 τῆς

418 4527 572 4599 ἁγίας
596 4529 873 4591 Ἀκυλίνης
894 4530 1115 4589 πλησίον
1141 4540 1231 4584 τοῦ
1264 4537 1443 4605 φόρου.
1474 4531 1813 4587 Celebratur
1842 4539 2024 4588 auten

2179 4550 2287 4588 'um
2347 4533 2692 4589 solemnitas
2752 4536 2810 4590 in
2868 4537 3091 4609 templo
3126 4538 3183 4593 S.
3242 4535 3539 4608 Aquilium
3605 4540 3785 4604 prope

418 4619 706 4673 Forum.»
737 4619 815 4673 De
844 4620 1065 4691 templo
1099 4620 1161 4679 S.
1197 4620 1487 4693 Aquilinae
1520 4622 1639 4692 agit
1680 4622 1937 4691 Cangius
1976 4621 2078 4677 lib.
2114 4639 2167 4677 1v
2205 4622 2410 4678 CPolis
2444 4623 2825 4691 Christianae,
2860 4641 3000 4697 pag.
3048 4627 3163 4681 144.

486 4709 537 4763 4.
562 4707 851 4762 Baronius
880 4714 1020 4764 tom.
1044 4709 1131 4775 lll,
1158 4725 1295 4781 pag.
1330 4710 1444 4775 162,
1476 4726 1642 4766 num.
1678 4712 1767 4773 46,
1797 4726 1977 4779 agens
2000 4711 2072 4766 de
2094 4710 2258 4767 hisce
2288 4712 2670 4783 martyribus,
2694 4728 2950 4783 agonem
2974 4732 3180 4770 eorum
3212 4713 3567 4783 afﬁgitanno
3588 4704 3785 4765 3l6.In

417 4794 752 4865 Menologio
786 4797 1227 4854 Slavo-Russico
1252 4805 1555 4871 ponuntur
1582 4800 1738 4872 passi
1779 4816 1937 4856 anno
1960 4804 2083 4856 307.
2135 4801 2305 4856 Liber
2328 4801 2544 4869 linguae
2567 4802 2848 4867 Arabicae,
2881 4804 2953 4858 de
2979 4819 3100 4877 quo
3135 4820 3338 4875 supra,
3368 4803 3602 4858 videtur
3627 4798 3785 4869 ip503

413 4883 653 4953 alligare
686 4887 1054 4958 temporibus
1089 4888 1427 4945 Diocletiani
1462 4912 1472 4953 ;
1499 4905 1635 4944 cum
1679 4894 1813 4959 post
1843 4888 2355 4945 annuntiationem
2380 4889 2601 4945 ibidem
2624 4891 2881 4947 addatur
2905 4898 3182 4949 Actorum
3207 4892 3343 4948 vitae
3367 4897 3470 4947 aut
3500 4887 3694 4958 elogii,
3725 4889 3785 4939 ut

416 4981 683 5042 autumo,
715 4976 1073 5048 principium
1097 5000 1124 5029 «
1166 4978 1225 5033 in
1254 4978 1465 5033 diebus
1500 4978 1842 5034 Diocletiani
1873 4998 1883 5034 :
1919 4999 1946 5031 »
1973 4984 2030 5033 et
2061 4980 2388 5044 ascribitur,
2422 4978 2521 5034 fol.
2557 4980 2642 5035 13.
2678 4983 2860 5037 Tomo
2894 4984 2954 5036 V.
2990 4982 3138 5049 Maii,
3165 4998 3299 5054 pag.
3336 4987 3454 5045 151,
3485 4981 3543 5035 in
3577 4976 3778 5033 annot.

416 5062 489 5119 ad
512 5080 642 5137 cap.
667 5064 700 5118 3
727 5067 1008 5121 Actorum
1034 5065 1092 5123 S.
1124 5067 1331 5121 Donati
1353 5070 1410 5122 et
1442 5066 1743 5122 sociorum
1769 5075 2097 5139 martyrum
2133 5067 2215 5122 lit.
2244 5066 2283 5134 f,
2313 5068 2551 5138 ponitur
2569 5067 2820 5123 Licinius
2839 5072 3090 5141 coepisse
3113 5070 3391 5143 persequi
3422 5067 3783 5125 Christianos

415 5167 575 5209 anno
598 5156 718 5210 316.
750 5156 929 5211 Secus
958 5156 1238 5226 opinatur
1268 5155 1480 5227 Pagius
1513 5156 1571 5210 in
1606 5157 1812 5212 Critica
1842 5156 1978 5211 hist.
2011 5156 2283 5211 Chronol.
2316 5161 2459 5211 tom.
2483 5156 2520 5219 Ι,
2555 5171 2694 5227 pag.
2728 5162 3138 5226 38l,censens,
3172 5159 3364 5215 nullos
3396 5164 3689 5228 martyres
3724 5152 3780 5205 in

416 5244 825 5311 persecutione
848 5243 1144 5299 Liciniana
1164 5244 1349 5299 fuisse
1376 5260 1586 5315 passos
1618 5248 1752 5300 ante
1775 5260 2001 5299 annum
2030 5244 2153 5305 319,
2179 5260 2372 5315 neque
2398 5249 2533 5300 ante
2564 5244 2708 5301 illud
2742 5252 2976 5318 tempus
3002 5248 3286 5304 Licinium
3313 5246 3776 5320 persecutionem

417 5331 690 5387 Ecclesiae
714 5333 1001 5388 intulisse.
1032 5332 1434 5388 Tillemontius
1476 5338 1616 5389 tom.
1650 5335 1709 5402 V,
1735 5349 1872 5405 pag.
1904 5334 2030 5397 512,
2055 5333 2244 5388 obiter
2274 5350 2345 5388 ex
2371 5334 2585 5389 Graecis
2618 5335 2835 5391 tabulis
2867 5345 3099 5392 sanctos
3130 5338 3337 5393 Christi
3370 5334 3601 5409 pugiles
3622 5346 3779 5387 com-

416 5434 777 5487 memorans,
811 5438 1038 5477 annum
1069 5422 1333 5494 martyrii
1357 5437 1473 5477 non
1505 5422 1881 5477 determinat.
1908 5423 1972 5477 Et
1994 5438 2131 5478 vero
2160 5439 2229 5477 ea
2268 5424 2551 5494 temporis
2591 5424 2759 5493 ratio,
2791 5442 2976 5497 quam
3003 5426 3132 5496 ﬁgit
3152 5426 3391 5496 Pagius,
3414 5440 3535 5480 non
3560 5420 3779 5477 videtur

414 5506 855 5577 improbabilis:
881 5525 1074 5583 neque
1093 5511 1253 5567 enim
1279 5517 1546 5583 apparet,
1562 5527 1743 5583 quem
1763 5510 2146 5583 potissimum
2169 5512 2453 5584 martyrio
2471 5528 2628 5585 smpe
2651 5513 2808 5570 dicto
2834 5514 3103 5584 assignes
3133 5531 3381 5582 annum,
3402 5528 3588 5585 quam
3620 5509 3780 5564 illum

418 5610 534 5668 quo
554 5594 808 5653 Licinius
837 5597 1000 5656 varia
1029 5598 1089 5657 in
1119 5599 1481 5659 Christianos
1506 5599 1878 5659 machinatus
1908 5604 2014 5670 est,
2059 5616 2162 5659 eos
2196 5617 2226 5659 e
2251 5601 2474 5675 palatio
2508 5618 2615 5661 suo
2642 5603 2887 5679 pellens,
2924 5603 3177 5663 concilia
3215 5604 3534 5667 celebrare,
3561 5613 3659 5659 eos
3683 5610 3782 5653 ve.
