4066 6224
260 282 350 352 321
1322 276 1759 353 MARTYRIUM
1801 293 1905 351 ss.
1946 293 2095 349 XLV
2136 294 2572 353 MARTYHUM.
3516 298 3621 359 322‘

257 430 405 485 tans,
436 420 668 491 aliaque
689 433 874 490 quam
898 419 1152 491 plurima
1168 425 1377 477 contra
1398 437 1500 477 eos
1518 425 1782 477 statuens
1804 436 1872 476 ac
1900 434 2109 490 gerens
2139 419 2198 475 in
2230 422 2431 477 odium
2459 419 2822 478 Constantini
2846 421 2919 476 de
2942 420 3162 492 quibus
3184 424 3473 480 Eusebius
3521 426 3619 481 lib.

255 510 380 564 lDe
412 510 539 564 Vita
567 509 1168 579 Conslantini,capite
1203 511 1371 575 5t,5'2
1396 518 1449 565 et
1470 527 1638 583 seqq.
1664 511 1820 581 agit;
1850 525 1983 581 quae
2009 508 2286 565 Petavius
2324 510 2531 580 alligat
2566 526 2726 566 anno
2753 509 2954 565 Christi
2984 511 3107 574 319,
3144 519 3205 564 ut
3228 512 3425 568 videre
3461 518 3624 571 estin

256 604 422 669 parte
448 598 628 652 altera
653 597 725 651 De
748 596 1021 653 doctrina
1057 603 1409 669 lemp.,pag.
1460 605 1489 653 7
1507 603 1597 665 18;
1628 600 1880 661 addens,
1908 614 2120 669 passos
2142 614 2269 653 esse
2294 599 2349 653 in
2376 616 2445 655 ea
2467 600 2873 672 persecutione
2901 599 2983 653 XL
3016 608 3303 671 martyres
3328 602 3383 656 in
3404 604 3626 676 Cappa-

256 688 452 755 docia,
483 686 696 756 frigore
723 691 982 750 enectos,
1016 690 1071 740 et
1099 686 1411 755 Basilium,
1447 690 1698 742 Amas-ire
1741 688 1995 742 Ponticae
2025 687 2396 758 episcopum,
2430 689 2717 759 martyrio
2760 687 3061 751 atfectum,
3115 695 3349 760 extaque
3393 693 3627 748 Eusebii

255 776 605 831 Chronicon.
640 776 854 829 Actum
880 774 952 829 de
975 774 1077 830 illo
1098 782 1190 831 est
1220 784 1362 831 tom.
1408 776 1478 830 IIl
1509 776 1741 849 Aprilis,
1772 792 1909 848 pag.
1938 777 2063 844 416,
2106 778 2383 847 apposita
2409 778 2656 848 epocha,
2688 778 2842 832 circa
2872 794 3011 832 ann.
3048 781 3183 841 322;
3228 779 3302 833 de
3326 779 3395 833 iis
3426 786 3625 837 autem

252 866 347 919 die
385 869 451 919 lO
483 864 690 919 Martii.
725 864 800 918 ad
828 863 953 919 haec
983 866 1210 920 Eusebii
1242 865 1574 921 Chronicon
1606 866 1805 921 Latine
1847 882 2083 921 versum
2116 866 2279 937 apud
2316 867 2636 937 Josephum
2668 866 3034 937 Scaligerum
3069 882 3205 938 pag.
3260 870 3380 933 180,
3419 869 3494 923 ad
3526 886 3623 925 an.

250 969 447 1009 cccxxl
462 953 671 1015 habet;
695 953 980 1006 «Licinius
1003 953 1367 1009 Christianos
1382 953 1455 1010 de
1473 954 1691 1026 palatio
1706 971 1810 1009 suo
1829 955 2038 1025 pellit.»
2066 955 2339 1011 Dicamus
2360 971 2520 1026 ergo,
2546 960 2833 1027 martyres
2849 954 3063 1010 obiisse
3087 955 3240 1011 circa
3263 973 3481 1012 annum
3499 961 3624 1017 319.

250 1115 260 1123 υ
319 1048 370 1097 5.
394 1042 550 1107 Quid
567 1040 825 1096 sentiam
843 1040 916 1096 de
938 1042 1114 1107 Actis,
1146 1059 1175 1097 e
1197 1042 1402 1099 Graeco
1426 1044 1484 1098 in
1518 1044 1789 1099 Latinum
1803 1060 2142 1099 sermonem
2163 1062 2197 1100 a
2217 1061 2310 1100 me
2338 1046 2665 1110 conversis,
2686 1046 2890 1116 paucis
2920 1044 3196 1113 intellige.
3239 1048 3369 1101 Non
3393 1047 3626 1105 sincera

247 1130 343 1187 llla
382 1146 538 1191 esse,
574 1132 677 1185 sed
712 1131 976 1201 episodio
1006 1130 1138 1202 plus
1167 1148 1284 1188 uno
1317 1133 1607 1188 adornata
1636 1133 2074 1204 dramaticeque
2110 1134 2462 1204 composita,
2506 1134 2910 1189 indubitatum
2950 1134 3097 1188 mihi
3132 1134 3381 1191 videtur.
3428 1136 3629 1208 Spirat

246 1220 558 1276 enimvero
588 1218 1090 1291 inillisingenium
1110 1222 1539 1294 Metaphrastis,
1564 1221 1651 1277 vel
1671 1222 1878 1278 saltem
1896 1222 2133 1278 alterius
2161 1222 2476 1291 cujusdam
2509 1224 2694 1278 einou
2727 1221 3034 1289 absimilis,
3062 1224 3322 1289 traegmdi
3349 1225 3499 1279 sacri
3526 1243 3629 1298 po-

244 1309 353 1363 tius
385 1324 577 1380 quam
609 1308 824 1363 sinceri
856 1308 1114 1365 historici
1148 1326 1370 1366 nomen
1400 1312 1724 1382 promeriti.
1750 1315 2115 1380 Argumento
2143 1317 2281 1366 sunt
2310 1317 2623 1383 sequentes
2649 1311 3115 1366 observationes.
3150 1314 3365 1379 Primo,
3401 1331 3626 1385 preces,

244 1397 439 1453 verbis
470 1397 848 1469 psalmorum
880 1397 1057 1453 nimis
1084 1400 1435 1472 compositae
1455 1400 1847 1467 concinnatae,
1878 1404 1937 1455 ut
1966 1400 2183 1455 videsis
2206 1416 2377 1457 num.
2408 1403 2440 1454 8
2471 1406 2524 1455 et
2550 1403 2632 1456 12.
2671 1401 2964 1465 Secundo,
2994 1400 3260 1456 inductio
3306 1410 3627 1475 martyrum

248 1488 559 1558 utriusque
591 1502 767 1541 sexus
791 1502 897 1541 nec
918 1503 1039 1543 non
1055 1490 1396 1561 exemplum
1420 1490 1479 1545 S.
1518 1490 1897 1555 Potamienze,
1944 1490 2666 1561 temporibusMaximiani
2692 1507 2797 1561 pro
2822 1490 3044 1545 tuenda
3065 1491 3349 1560 pudicitia
3386 1494 3445 1547 in
3475 1493 3632 1548 lebe-

248 1582 385 1641 tem,
418 1576 552 1648 pice
580 1575 955 1640 instructum,
984 1594 1017 1632 a
1045 1594 1156 1634 suo
1174 1580 1418 1635 domino
1439 1581 1687 1651 injectae,
1716 1596 1912 1634 nonne
1944 1581 2238 1635 theatrum
2274 1580 2550 1651 spirant?
2583 1580 2637 1633 S.
2669 1580 2960 1645 Leontius,
2997 1595 3067 1635 ea
3114 1596 3365 1636 narrans
3408 1588 3469 1637 ut
3509 1583 3632 1638 aui-

249 1682 376 1720 mos
406 1665 623 1720 excitet
651 1665 727 1721 ad
759 1666 981 1721 fortiter
1003 1683 1109 1739 pro
1136 1666 1367 1723 Christo
1390 1668 1826 1733 dimicandum,
1860 1669 2000 1724 dicit
2033 1686 2094 1723 se
2126 1686 2194 1724 ea
2225 1668 2527 1741 accepisse
2563 1690 2589 1719 ‹‹
2619 1685 2653 1725 a
2686 1670 2971 1738 magistro
2993 1685 3122 1733 suo,
3146 1669 3249 1742 qui
3271 1671 3545 1727 veniebat
3566 1688 3633 1727 ex

249 1756 499 1825 Egypto,
532 1760 589 1810 et
611 1754 854 1810 audisse
886 1772 947 1811 se
978 1756 1149 1811 aieba
1181 1774 1216 1811 a
1239 1760 1294 1814 S.
1327 1760 1582 1814 Antonio
1613 1764 1828 1813 asceta.
1863 1778 1888 1809 »
1913 1759 2122 1823 Quaero
2151 1758 2250 1829 qui
2281 1758 2372 1812 hic
2403 1759 2693 1813 Antonius
2712 1766 2878 1814 aceta
2903 1760 2930 1814 ?
2951 1758 3237 1813 Antonius
3259 1776 3533 1829 magnus,
3570 1766 3631 1816 ut

246 1844 482 1913 opinor,
518 1843 941 1899 celeberrimus
963 1844 1213 1915 plurium
1244 1848 1679 1902 monachorum
1708 1847 1897 1902 abbas
1923 1862 1934 1900 :
1958 1848 2001 1901 si
2033 1847 2123 1902 ille
2146 1852 2249 1916 est,
2278 1863 2456 1919 quem
2485 1847 2758 1918 conjicio,
2785 1847 2925 1902 satis
2947 1847 3253 1919 disparata
3279 1856 3627 1905 connectere

244 1934 482 1988 videtur
504 1932 791 2005 scriptor;
816 1949 955 1988 cum
982 1934 1029 1989 is
1058 1939 1181 1990 tam
1209 1936 1311 1990 diu
1344 1936 1559 1991 obierit
1590 1942 1721 2007 post
1754 1938 1808 1991 S.
1847 1937 2177 2001 Leontium,
2202 1951 2361 1991 anno
2396 1936 2597 2006 utique
2619 1940 2741 1991 356.
2772 1937 2881 1991 Res
2910 1936 3017 1991 illae
3036 1942 3373 2001 narrantur,
3400 1956 3434 1994 a
3456 1955 3624 1994 num.

243 2024 272 2076 8
300 2020 358 2075 in
385 2021 533 2077 ﬁne.
558 2022 765 2085 Tertio,
806 2021 1099 2087 diabolus,
1132 2024 1541 2096 [Esculapium
1566 2026 1865 2090 mentitus,
1900 2025 2237 2097 ducemque
2266 2024 2501 2096 Lysiam
2537 2029 2746 2081 contra
2770 2031 3060 2096 martyres
3092 2027 3422 2093 concitans,
3453 2027 3626 2099 quid-

244 2126 383 2165 nam
426 2116 523 2166 est
552 2110 666 2165 nisi
699 2127 880 2166 scena
908 2110 1252 2177 dramatica,
1307 2130 1474 2168 num.
1516 2115 1582 2167 t2
1607 2114 1634 2169 ?

313 2204 362 2255 6.
388 2199 632 2265 Quinto,
658 2216 818 2255 mors
839 2208 1189 2274 martyrum,
1209 2203 1321 2258 hoc
1342 2203 1521 2258 modo
1537 2202 1883 2268 accelerata,
1905 2203 2004 2274 qui
2035 2202 2279 2257 refertur
2301 2218 2464 2258 num.
2498 2203 2581 2267 16,
2605 2202 2776 2258 fallor
2805 2202 2849 2257 si
2876 2201 3111 2273 plenam
3138 2202 3317 2257 fidem
3346 2203 3630 2260 inveniat.

246 2289 441 2355 Sexto,
480 2289 747 2360 proditin
766 2305 1010 2345 scenam
1041 2291 1273 2356 mulier,
1305 2293 1527 2348 sanctis
1551 2308 1773 2364 aquam
1790 2292 1902 2346 sub
1928 2291 2189 2345 vestibus
2221 2291 2375 2346 clam
2402 2292 2461 2347 in
2490 2308 2725 2346 carcere
2744 2291 3032 2356 deferens,
3064 2308 3229 2345 num.
3258 2298 3307 2345 ll
3345 2308 3358 2357 ;
3386 2309 3521 2363 qum
3539 2293 3636 2347 de-

247 2394 361 2433 nuo
393 2378 547 2433 redit
582 2394 746 2432 num.
782 2379 865 2433 l9.
901 2382 1098 2446 Erunt,
1122 2381 1437 2452 utopinor,
1457 2381 1674 2452 quibus
1700 2396 1898 2451 preces
1929 2386 1984 2435 et
2014 2396 2176 2452 aqua
2203 2398 2231 2435 e
2251 2397 2397 2451 rupe
2424 2380 2616 2436 elicita
2636 2397 2754 2435 non
2796 2381 3043 2435 omnino
3074 2380 3444 2445 arridebant,
3465 2398 3633 2436 num.

248 2471 329 2521 22.
369 2467 640 2538 Denique
672 2472 953 2523 Actorum
987 2469 1309 2525 sinceritati
1355 2486 1474 2524 non
1514 2470 1891 2525 mediocriter
1911 2469 2363 2540 ofﬁcitsequens
2395 2468 2686 2535 clausula,
2707 2486 2741 2524 a
2765 2470 3039 2538 genuinis
3072 2471 3229 2525 Actis
3264 2471 3472 2525 abesse
3499 2487 3637 2525 con-

250 2562 436 2621 sueta,
471 2573 610 2628 quae
645 2557 893 2612 habetur
923 2574 1093 2614 num.
1125 2561 1215 2627 23,
1243 2559 1301 2613 in
1333 2575 1457 2630 qua
1491 2559 1873 2614 Sisinniusita
1892 2560 2071 2612 Deum
2103 2558 2503 2627 oratjamjam
2536 2560 2881 2612 moriturus.
2920 2580 2941 2607 «
2974 2559 3113 2628 Opis
3144 2566 3250 2613 tuae
3279 2560 3535 2627 indigos,
3564 2565 3639 2612 te-

248 2662 359 2717 que
373 2653 587 2701 nostro
606 2646 936 2701 interventu
954 2647 1321 2718 invocantes,
1346 2649 1545 2703 statim
1568 2647 1800 2706 exaudi.
1823 2647 2087 2709 Domine,
2106 2646 2165 2700 in
2191 2662 2545 2716 quacunque
2562 2646 2905 2699 necessitate
2929 2653 2984 2698 et
3035 2645 3392 2713 indigentia;
3418 2663 3633 2717 quam-

246 2736 330 2788 vis
360 2736 421 2790 in
457 2735 743 2790 viduitate
774 2740 830 2790 et
867 2736 1115 2791 orbitate
1157 2752 1170 2801 ;
1215 2739 1492 2809 quamvis
1534 2738 1592 2791 in
1630 2736 2100 2808 peregrinatione
2144 2752 2158 2800 ;
2200 2735 2475 2806 quamvis
2499 2736 2557 2788 in
2599 2734 2939 2788 infirmitate
2981 2733 3246 2805 corporis
3287 2741 3341 2787 et
3377 2735 3589 2788 animae
3622 2753 3634 2800 ;

245 2824 529 2895 quamvis
560 2824 620 2878 iu
652 2840 767 2879 aere
794 2824 988 2879 alieno
1010 2832 1063 2880 et
1096 2827 1448 2891 calumniis;
1478 2814 1760 2897 quamvis
1784 2824 1844 2879 iu
1878 2824 2090 2880 acerba
2125 2825 2409 2879 servitute
2442 2823 2751 2893 ;quamvis
2782 2825 2839 2877 in
2872 2822 3187 2877 hominum
3223 2839 3290 2876 ac
3336 2823 3630 2894 pecudum

242 2912 607 2981 contagione
639 2929 653 2977 ;
696 2914 973 2985 quamvis
1013 2913 1073 2969 in
1108 2915 1257 2969 mari
1296 2915 1596 2986 quispiam
1640 2915 1709 2969 sit
1752 2913 2106 2983 naufragus,
2148 2918 2255 2967 etc.
2298 2915 2375 2967 Tu
2412 2911 2510 2974 illi,
2547 2927 2670 2974 rex,
2705 2926 2810 2983 per
2841 2927 2949 2965 nos
2977 2910 3190 2965 solatio
3218 2911 3314 2976 sis,
3351 2917 3405 2966 et
3437 2911 3632 2965 statim

245 3002 485 3066 exaudi,
515 3007 579 3056 ut
605 3008 970 3073 cognoscant
999 3003 1205 3058 mundi
1231 3005 1411 3071 hujus
1437 3003 1657 3069 incolae,
1694 3003 1947 3057 multum
1978 3019 2084 3057 nos
2115 3001 2280 3070 diligi
2321 3001 2429 3057 abs
2458 3007 2530 3063 te,
2570 3007 2626 3055 et
2648 3000 2937 3063 exaudiri,
2974 3017 3041 3056 ac
3070 3000 3228 3054 malo
3258 3001 3497 3055 cuilibet
3532 3000 3633 3055 tiat

245 3107 408 3162 aqua
432 3092 551 3145 haec
584 3091 640 3144 in
669 3091 987 3157 medelam,
1013 3107 1155 3147 nam
1188 3093 1264 3147 ad
1297 3092 1741 3148 invocationem
1775 3090 1853 3145 tui
1886 3090 2094 3145 ebullit
2123 3098 2177 3146 et
2209 3092 2559 3145 innovatum
2590 3096 2678 3144 est
2708 3095 2875 3143 vetus
2907 3088 3262 3143 miraculum
3291 3090 3349 3143 in
3380 3090 3629 3157 gloriam

248 3180 437 3235 Patris
469 3186 524 3235 et
567 3180 688 3235 Filii
719 3186 775 3235 et
805 3180 1055 3251 Spiritus
1089 3183 1297 3249 sancti,
1338 3182 1400 3236 in
1438 3182 1675 3237 laudem
1706 3186 1763 3235 et
1792 3181 2145 3235 memoriam
2178 3186 2511 3250 martyrum
2542 3186 2775 3232 tuorum
2809 3177 3075 3249 quinque
3125 3185 3180 3233 et
3210 3178 3626 3249 quadraginta.

312 3275 364 3323 7.
400 3269 555 3324 Inter
573 3276 859 3340 martyres
890 3270 1105 3324 XXXVI
1130 3271 1501 3325 Alexandriae
1531 3287 1756 3340 passos,
1776 3268 1848 3323 de
1869 3268 2089 3340 quibus
2103 3270 2217 3323 hoc
2239 3268 2435 3321 itidem
2458 3267 2551 3321 die
2578 3267 2772 3335 agitur
2795 3266 3087 3335 superius,
3110 3266 3231 3320 duo
3256 3267 3421 3337 primi
3452 3268 3628 3321 Leon-

250 3359 363 3414 tius
404 3363 459 3412 et
484 3356 804 3423 Mauritius,
849 3363 903 3413 et
932 3359 1171 3430 quintus
1197 3360 1416 3425 Daniel,
1438 3360 1625 3413 tribus
1640 3358 1855 3413 nostris
1881 3358 2245 3427 martyribus
2267 3356 2988 3427 Nicopolitanis,quorum
3006 3371 3351 3424 expressum
3373 3354 3629 3409 vidimus

251 3463 497 3512 nomen,
530 3462 775 3518 prorsus
804 3447 1158 3519 homonymi
1190 3456 1346 3503 sunt.
1383 3450 1525 3514 Quae
1549 3448 1937 3519 homonymia
1958 3448 2368 3517 suspicionem
2395 3446 2638 3500 fortasse
2673 3444 2940 3499 nonnulli
2975 3444 3238 3516 praebere
3270 3446 3503 3514 poterit,
3536 3444 3630 3499 hic

258 3552 450 3609 asque,
476 3552 545 3590 ac
571 3536 731 3605 alibi,
763 3534 897 3607 plus
928 3537 1129 3602 semel,
1158 3536 1416 3593 inductas
1430 3537 2101 3605 alicujus,confusionis,
2126 3552 2245 3590 una
2274 3534 2520 3589 fortasse
2541 3541 2870 3604 martyrum
2896 3538 3096 3588 turma
3134 3535 3194 3589 in
3230 3534 3380 3588 duas
3421 3533 3631 3589 distra-

261 3633 372 3691 cta,
411 3625 520 3691 vel,
548 3625 600 3678 si
629 3626 743 3679 hoc
782 3641 902 3680 non
934 3628 1035 3691 vis,
1073 3626 1394 3681 alteriusin
1422 3626 1671 3682 alteram
1704 3625 2048 3679 nominibus
2078 3624 2379 3680 derivatis.
2415 3626 2628 3677 Verum
2668 3622 2950 3693 quoniam
2976 3622 3117 3693 quid
3156 3624 3248 3678 hic
3286 3622 3470 3677 lateat
3503 3638 3634 3694 my-

259 3714 437 3778 sterii,
469 3714 643 3769 nobis
668 3712 903 3785 assequi
934 3730 1052 3769 non
1079 3721 1166 3769 est
1207 3721 1571 3786 promptum,
1615 3715 1675 3768 ir.
1716 3714 1866 3769 duas
1906 3729 2009 3768 eos
2044 3713 2263 3769 classes
2303 3711 2705 3774 dsitinximus,
2740 3713 2923 3766 secuti
2965 3712 3384 3782 Martyrologia
3411 3711 3634 3767 Hierto-

260 3803 587 3874 nymiana:
625 3803 708 3856 uti
742 3802 1135 3859 indicavimus
1178 3819 1382 3875 supra,
1418 3804 1521 3858 ubi
1559 3804 1627 3858 de
1669 3802 1837 3859 dictis
1878 3802 2115 3871 triginta
2147 3818 2249 3856 sex
2270 3800 2630 3872 martyribus
2659 3798 2916 3871 egimus,
2943 3805 3001 3855 et
3033 3799 3447 3856 difﬁcultatem
3478 3800 3635 3855 hanc

261 3908 380 3948 non
411 3892 924 3964 praetermisimus.

328 3985 381 4036 8.
421 3981 716 4053 Tamayus
744 3980 928 4035 solius
960 3983 1021 4037 S.
1065 3981 1284 4037 Leontii
1317 3997 1536 4037 nomen
1562 3980 1860 4052 exprimit,
1907 3985 1961 4035 et
1998 3980 2189 4035 socios
2226 3986 2509 4050 martyres
2566 3978 2847 4033 confuse:
2881 3998 2909 4031 ‹‹
2941 3977 3205 4050 Nicopoli
3243 3978 3299 4032 in
3332 3980 3633 4045 Armenia,

262 4072 313 4126 S.
356 4070 575 4124 Leontii
610 4069 907 4141 martyris,
940 4071 1038 4142 qui
1072 4087 1209 4125 cum
1242 4069 1372 4125 aliis
1406 4071 1579 4124 sociis
1609 4086 1865 4139 agonem
1898 4068 2306 4124 admirabilem
2354 4068 2695 4139 complevit.
2734 4090 2761 4117 »
2792 4068 2911 4123 Hoc
2942 4073 3132 4134 recte;
3170 4068 3271 4122 sed
3305 4066 3635 4122 clausulam

262 4164 631 4231 sequentem,
662 4182 689 4209 ‹‹
718 4159 888 4229 cujus
909 4162 1127 4216 exuviae
1156 4176 1340 4215 sacrae
1375 4160 1431 4214 in
1463 4159 1683 4230 oppido
1721 4158 2058 4221 Alcaudete,
2096 4157 2368 4213 dimcesis
2404 4157 2751 4214 Giennensis
2784 4156 2844 4211 in
2877 4156 3152 4211 cmnobio
3179 4155 3537 4211 monialium
3568 4156 3632 4209 Β.

264 4248 447 4303 Clarae
465 4248 667 4304 debita
687 4249 885 4303 cultus
910 4248 1363 4304 honoriﬁcentia
1391 4254 1774 4312 servantur,»
1800 4263 2090 4318 quorsum
2112 4246 2389 4317 adjunxit
2410 4248 2436 4301 ?
2452 4250 2597 4302 Cum
2623 4248 2680 4301 in
2708 4247 2860 4301 notis
2883 4245 2959 4300 ad
2978 4245 3137 4299 hunc
3158 4245 3354 4300 locum
3378 4243 3636 4299 candide

265 4337 610 4409 proﬁteatur
641 4358 668 4389 «
697 4337 987 4408 suspicari
1014 4353 1093 4402 se,
1128 4352 1296 4392 erase
1327 4337 1587 4391 amicum
1625 4336 1946 4399 eruditum,
1982 4357 2009 4384 ››
2042 4336 2325 4391 nimirum
2354 4340 2408 4390 P.
2453 4337 2766 4392 Martinum
2797 4335 3064 4390 Xemena
3094 4335 3339 4397 Jurado,
3373 4349 3438 4388 ex
3469 4334 3637 4405 cujus

266 4428 550 4482 relatione
572 4426 864 4497 praedictis
896 4426 1097 4481 Sancti
1127 4426 1393 4497 reliquiis
1444 4425 1624 4480 istum
1668 4426 1867 4481 locum
1920 4424 2276 4494 assignarat,
2338 4432 2452 4480 «et
2502 4425 2630 4480 haec
2689 4425 2935 4496 pignora
2966 4440 3094 4479 esse
3129 4423 3369 4479 alterius
3412 4423 3636 4478 Leontii

272 4517 548 4585 martyris
576 4515 779 4570 Romae
810 4515 971 4586 passi
996 4534 1009 4580 ς
1044 4515 1117 4570 de
1144 4531 1259 4585 quo
1278 4522 1463 4583 agunt
1488 4514 1889 4586 Maurolycus,
1916 4514 2266 4579 Galesinius,
2291 4520 2345 4569 et
2364 4515 2668 4585 Philippus
2692 4516 2986 4569 Ferrarius
3007 4518 3064 4567 in
3085 4513 3343 4582 generali
3364 4514 3637 4581 catologo

277 4607 630 4661 Sanctorum
659 4605 753 4659 die
781 4608 811 4658 9
860 4604 996 4659 Julii
1048 4603 1153 4660 fol.
1221 4604 1347 4671 284,
1408 4609 1464 4657 et
1518 4604 1849 4658 suademur
1910 4620 1980 4658 ex
2027 4618 2091 4656 eo
2132 4603 2297 4673 quod
2328 4605 2527 4659 comiti
2560 4604 2976 4657 Beneventano
3004 4602 3135 4673 ejus
3164 4602 3401 4656 exuvias
3429 4602 3638 4656 obtulit

276 4694 491 4749 Paulus
520 4695 585 4761 V,
624 4697 783 4749 Pout.
814 4696 958 4749 Max.
989 4698 1280 4749 extractas
1312 4709 1383 4747 ex
1417 4693 1695 4747 Romanis
1727 4692 2075 4747 caemeteriis
2108 4710 2121 4758 ;
2162 4708 2269 4746 nec
2300 4692 2419 4748 huc
2469 4708 2659 4763 usque
2713 4692 2932 4746 sciatur
2976 4688 3367 4760 Nicopolitaui
3435 4692 3636 4743 Romae

281 4783 554 4838 advectas
582 4782 781 4840 fuisse.
816 4804 842 4830 η
876 4781 1072 4847 Recte,
1106 4787 1167 4837 ut
1196 4782 1430 4853 opinor,
1457 4780 1551 4836 hic
1586 4798 1645 4836 se
1677 4786 1733 4836 et
1762 4780 1945 4837 alium
1964 4797 2141 4835 suum
2164 4781 2379 4835 ducem
2411 4780 2978 4850 corrigit'l‘amayus.
3015 4779 3245 4834 Utinam
3280 4777 3339 4831 in
3371 4776 3638 4848 pluribus

281 4872 403 4927 aliis
430 4872 921 4928 eademfelicitate
948 4876 1003 4927 et
1033 4871 1309 4927 facilitate
1337 4887 1396 4926 se
1426 4872 1771 4927 correxisset
1795 4868 1806 4923 Ξ
1828 4870 1916 4925 Sic
1942 4869 2126 4941 pluris
2164 4869 2368 4925 ﬁerent
2393 4870 2520 4941 ejus
2542 4884 2764 4924 merces
2792 4868 2948 4939 apud
2976 4868 3239 4923 eruditos
3269 4865 3634 4937 bagiophilos

280 4960 455 5017 etiam
483 4962 804 5033 Hispanos,
830 4960 1235 5032 indignatione
1260 4961 1458 5032 potius
1497 4975 1567 5017 ac
1598 4960 1713 5015 risu
1754 4974 1912 5032 saepe
1934 4958 2256 5029 digniores,
2285 4974 2472 5031 quam
2501 4958 2707 5029 pretio.
