4084 6216
426 302 529 365 323

1811 298 2072 357 MENSIS
2111 284 2382 359 JULIUS.

3667 298 3778 366 324

1660 547 2545 667 ΜΑΡΤΥΡΙΟΝ

1341 772 1383 854 Ἰ
1417 767 1564 857 ΩΝ
1610 767 1949 856 ΑΓΙΩΝ
1982 757 2161 858 ΜΕ’
2220 771 2373 858 MA
2389 768 2851 860 ΡΤΥΡΩΝ.

1659 1081 2540 1205 MARTYRIUM

1061 1384 1855 1481 SANGTOBUM
1966 1383 2228 1476 XLV
2354 1383 3127 1481 MABTYRUM.

1928 1762 2155 1818 CAPUT
2195 1761 2241 1816 Ι.

626 1912 871 1982 Vulgata
904 1926 939 1965 α
975 1909 1192 1965 Licinio
1223 1908 1405 1964 edicto
1436 1913 1639 1963 contra
1674 1906 2069 1970 Christianos,
2106 1905 2394 1961 sistuntur
2422 1920 2619 1962 coram
2647 1905 2795 1963 duce
2836 1908 3014 1977 Lysia
3040 1908 3234 1964 sancti
3263 1913 3567 1982 martyres.

482 2064 518 2115 1.
558 2062 806 2116 Licinius
839 2062 1163 2131 imperator
1206 2072 1682 2130 quaquaversum
1717 2056 1908 2111 edicta
1936 2055 2061 2110 vul-
2098 2056 2143 2108 Α

409 2151 583 2218 gavit,
622 2150 745 2204 utsi
768 2150 865 2220 qui
905 2149 1299 2220 reperirentur
1324 2145 1667 2211 Christiani,
1694 2144 2060 2199 omnimodis

408 2238 820 2309 plecterentur.
850 2237 1030 2291 Edicti
1060 2250 1196 2290 vero
1224 2234 1531 2305 exemplar
1553 2248 1907 2305 expressum
1935 2237 2062 2288 erat

410 2327 528 2381 sic:
568 2327 818 2381 Licinius
858 2327 1191 2397 imperator,
1229 2324 1551 2390 maximus,
1587 2330 1907 2391 angustus,
1942 2322 2056 2389 his,

409 2415 511 2487 qui
542 2430 641 2486 per
670 2416 877 2470 orbem
919 2421 1205 2470 terrarum
1236 2415 1518 2485 praesunt,
1553 2411 1807 2468 salutem
1835 2429 1847 2466 :
1893 2413 2050 2466 Post-

407 2520 589 2575 quam
621 2503 893 2559 divinitas
925 2508 1131 2557 nostra
1162 2502 1319 2558 facta
1359 2506 1451 2557 est
1490 2502 1701 2556 certior
1739 2500 1840 2571 (t),
1873 2515 2057 2572 quos-

408 2591 550 2647 dam
582 2608 787 2647 eorum
816 2594 917 2665 qui
940 2591 1259 2647 Christiani
1288 2590 1687 2662 appellantur,
1713 2604 1833 2644 non
1862 2588 2055 2643 solum

406 2681 688 2737 beneﬁcis
701 2682 812 2737 diis
827 2698 946 2737 non
966 2680 1323 2746 sacriﬁcare,
1370 2680 1473 2735 sed
1492 2680 1668 2735 etiam
1686 2680 1782 2751 pio
1802 2678 2053 2732 deorum

404 2770 585 2826 cultui
622 2770 867 2842 injurias
907 2771 1168 2840 irrogare
1212 2786 1224 2834 ;
1285 2768 1433 2841 quin
1473 2769 1595 2823 imo
1642 2773 1929 2839 praetextu
1969 2768 2053 2821 eis

403 2860 799 2927 sacriﬁcandi,
829 2860 1121 2931 plurimos
1147 2861 1288 2914 deos
1310 2858 1398 2913 vel
1428 2859 1562 2930 ipso
1584 2862 1877 2911 nocturno
1910 2861 2050 2911 tem-

401 2966 543 3020 pore
566 2950 927 3013 conti-ivisse,
959 2949 1324 3020 punitosque
1341 2948 1561 3019 saepius
1577 2962 1697 3001 non
1729 2945 2053 3017 resipuisse

401 3044 503 3093 aut
523 3038 856 3092 honoribus
886 3036 1150 3103 affectos,
1185 3042 1285 3091 aut
1321 3042 1478 3090 metu
1500 3035 1879 3097 absterritos;
1916 3033 2050 3087 ideo

403 3131 667 3198 potestas
691 3131 893 3181 nostra
924 3125 1113 3195 jubet,
1156 3130 1215 3179 ut
1276 3124 1621 3195 ubicunque
1680 3123 2050 3178 invenientur

403 3214 737 3277 Christiani,
756 3214 872 3268 diis
890 3213 951 3268 hi
970 3213 1324 3281 sacriﬁcent,
1342 3213 1699 3284 magnisque
1714 3211 2046 3266 honoribus

402 3320 471 3359 ac
510 3303 684 3359 donis
722 3304 992 3358 fruantur
1034 3322 1045 3358 :
1090 3303 1444 3359 reluctantes
1484 3308 1703 3367 autem,
1747 3317 1867 3355 una
1907 3318 2044 3355 cum

2248 2055 2321 2111 A'.
2387 2061 2612 2117 Λικίνιος
2668 2058 2691 2108 ό
2770 2055 3020 2129 βασιλεὺς
3098 2057 3366 2112 ἀπέστειλε
3430 2057 3774 2135 διατάγματα

2172 2148 2305 2196 κατὰ
2352 2152 2524 2197 πᾶσαν
2584 2150 2675 2203 τὴν
2730 2146 3054 2217 οἰκουμένην,
3115 2151 3184 2210 ὡς
3240 2150 3283 2201 εἰ
3340 2169 3472 2211 τινες
3527 2153 3773 2226 εὑρεθεῖεν

2172 2240 2497 2307 Χριστιανοὶ,
2564 2238 2775 2296 τούτους
2842 2240 2995 2289 παντὶ
3054 2242 3227 2310 τρόπῳ
3301 2238 3634 2300 κολάζεσθαι.
3712 2241 3773 2294 ’0

2171 2319 2229 2374 δὲ
2288 2326 2443 2383 τύπος
2495 2332 2583 2375 τοῦ
2638 2320 2996 2397 διατάγματος
3051 2334 3230 2379 τοῦτον
3297 2325 3409 2400 εἶχε
3460 2332 3544 2381 τόν
3605 2351 3767 2404 χαρα-

3144 2421 3408 2489 μέγιστος,

2166 2508 2273 2561 τοῖς
2298 2504 2433 2553 κατὰ
2476 2506 2569 2560 τὴν
2605 2502 2909 2573 οἰκουμένην
2957 2506 3220 2576 ἄρχουσιν
3268 2511 3497 2577 χαίρειν·
3554 2507 3769 2568 Ἐπειδὴ

2166 2587 2436 2662 ἐδιδάχθη
2488 2593 2517 2649 ἡ
2580 2593 2803 2664 ἡμετέρα
2845 2595 3067 2658 θειότης,
3124 2597 3203 2647 ότι
3242 2599 3367 2656 τινες
3411 2605 3509 2648 τῶν
3554 2596 3770 2669 λεγομέο

2164 2701 2260 2731 νων
2334 2688 2659 2752 Χριστιανῶν
2728 2681 2785 2733 ού
2838 2687 2990 2753 μόνον
3045 2683 3103 2735 ού
3162 2686 3344 2737 θύουσι
3403 2692 3512 2747 τόῖς
3567 2686 3763 2757 εύεργίο

2167 2419 2353 2487 κτῆρα’
2420 2417 2649 2473 Λικίνιος
2704 2414 3063 2489 αὐτοκράτωρ,
3144 2421 3408 2489 μέγιστος,
3493 2418 3769 2486 σεϐαστός,

2164 2776 2279 2829 ταῖς
2330 2771 2483 2834 θεοῖς,
2546 2769 2673 2821 ἀλλὰ
2722 2776 2811 2823 καὶ
2865 2770 3197 2846 ἐνυϐρίζουσι
3276 2778 3370 2832 τὴν
3432 2774 3615 2834 εύσεϐῆ
3668 2784 3769 2827 τῶν

2166 2860 2286 2909 θεῶν
2342 2860 2641 2932 θρησκείαν,
2697 2859 2970 2923 πλείστους
3024 2858 3084 2914 δὲ
3162 2864 3307 2924 θεοὺς
3387 2869 3475 2915 καὶ
3544 2863 3592 2915 ἓν
3646 2865 3759 2927 νυξὶ

2164 2946 2475 3020 συνέτριψαν
2505 2950 2762 3022 προφάσει
2810 2958 2900 3001 τοῦ
2950 2952 3085 3002 θύειν
3127 2949 3324 3016 αὐτοῖς,
3381 2958 3468 3005 καὶ
3515 2953 3757 3013 πολλάκις

2161 3035 2492 3098 κολασθέντες
2543 3037 2601 3089 ού
2660 3040 3029 3110 μετετέθησαν,
3072 3040 3130 3091 ού
3184 3049 3363 3112 τιμαῖς
3411 3041 3651 3104 εἴξαντες,
3700 3043 3758 3095 ού

2159 3122 2296 3194 φόϐῳ
2348 3128 2793 3196 μεταπεισθέντες,
2858 3124 2951 3179 διὰ
3008 3136 3156 3180 τοῦτο
3219 3129 3409 3182 κελεύει
3467 3134 3523 3182 τό
3579 3133 3757 3203 ἡμέτε-

2154 3231 2241 3286 ρον
2290 3216 2494 3288 κράτος,
2550 3217 2677 3267 ὅπου
2735 3213 2785 3268 δ’
2832 3215 2891 3267 ἂν
2950 3218 3194 3290 εύρεθεῖεν
3254 3226 3581 3291 Χριστιανοὶ,
3638 3223 3753 3272 τού-

2154 3320 2269 3362 τους
2330 3304 2487 3355 θύσαι
2566 3312 2675 3365 τοῖς
2740 3307 2893 3369 θεοῖς,
2950 3312 3039 3358 καὶ
3117 3317 3276 3379 τιμῶν
3353 3313 3612 3379 μεγίστων
3660 3316 3749 3361 καὶ

400 3392 687 3447 uxoribus
712 3408 779 3447 ac
801 3390 1026 3461 liberis,
1052 3392 1175 3461 igni
1198 3407 1269 3446 ac
1297 3391 1449 3447 ferro
1482 3391 1827 3455 tradantur;
1864 3388 2044 3445 facul-

2156 3388 2360 3465 δωρεῶν
2414 3392 2706 3445 ἀπολαύεινο
2770 3398 2889 3455 τοὺς
2946 3391 3003 3447 δε
3040 3400 3113 3463 μὴ
3170 3398 3473 3458 πεισθέντας
3532 3402 3626 3449 σὺν
3662 3419 3752 3469 γυ-

396 3486 542 3537 tates
572 3481 821 3553 insuper
852 3480 1085 3536 illorum
1132 3497 1342 3536 omnes
1373 3479 1768 3552 publicentur,
1801 3480 1859 3534 in
1902 3484 2044 3535 tem-

394 3571 652 3643 plorum,
675 3570 874 3626 furtim
901 3570 977 3626 ab
1002 3570 1143 3643 ipsis
1160 3586 1522 3635 eversorum,
1561 3585 1668 3625 nec
1691 3585 1809 3625 non
1844 3584 2046 3625 muro-

392 3677 525 3716 rum
560 3665 613 3716 et
668 3660 1043 3732 publicorum
1083 3660 1435 3716 balneorum
1478 3658 1808 3715 utilitatem.
1847 3658 2044 3713 Invio-

392 3748 571 3806 labile
609 3749 809 3821 itaque
841 3749 1158 3820 imperium
1190 3754 1459 3804 nostrum
1493 3747 1705 3813 edocti,
1748 3751 2041 3819 quantum

392 3838 615 3895 conniti
642 3840 905 3911 potestis,
939 3838 997 3894 id
1031 3839 1195 3911 quod
1225 3838 1577 3895 mandatum
1608 3841 1711 3907 est,
1747 3852 2042 3908 exsequa-

390 3929 557 3994 mini,
586 3944 657 3984 ne
690 3944 812 3984 una
839 3944 945 3984 vos
997 3945 1134 3984 cum
1185 3928 1553 3999 impiissimis
1603 3926 2036 3999 periclitemini.

392 4020 555 4073 Hisce
573 4019 771 4090 itaque
792 4016 1119 4087 vulgatisin
1144 4017 1353 4088 plateis
1376 4017 1614 4071 urbium
1639 4016 1863 4079 edictis,
1902 4030 2036 4069 san-

390 4106 463 4162 cti
488 4108 581 4162 Dei
605 4107 810 4162 famuli
838 4107 1025 4176 gavisi
1054 4111 1211 4173 sunt,
1240 4107 1501 4163 oblatam
1528 4105 1796 4177 martyrii
1820 4120 2039 4176 oppor-

390 4195 698 4252 tunitatem
740 4196 1205 4252 considerantes.

461 4371 520 4425 II.
546 4370 836 4426 lutei-haec
868 4371 1169 4443 publicato
1211 4369 1674 4443 Nicopolitarum
1711 4368 1768 4424 in
1801 4368 2037 4426 civitate

384 4460 597 4525 edicto,
626 4459 873 4530 quando
901 4460 1521 4531 timoresingruerent,
1546 4465 1599 4516 et
1628 4458 1925 4514 instructae
1950 4475 2037 4515 es-

385 4554 518 4603 sent
548 4548 926 4614 carniﬁcinae,
962 4556 1153 4603 erecta
1192 4548 1353 4619 ligna
1410 4548 1487 4604 ad
1561 4548 2035 4619 suspensionem,

385 4637 619 4707 Ungula
635 4636 831 4694 ferrea:
844 4642 1031 4693 acuta:
1047 4638 1122 4694 ad
1140 4638 1525 4704 abrasionem,
1542 4638 1804 4693 cassides
1822 4636 2030 4707 ignitae,

383 4726 511 4783 ollae
537 4727 844 4791 ferventes,
878 4732 1041 4795 I‘Ottﬁ,
1075 4726 1245 4790 clavi,
1278 4728 1443 4783 nervi
1484 4727 1697 4784 bubuli
1739 4726 2031 4793 indurati,

2153 4740 2234 4785 καὶ
2291 4730 2565 4785 κασσίδων
2624 4736 3121 4806 πεπυρακτωμένων⁹

381 4815 595 4888 aliique
619 4816 909 4872 cruciatus
932 4817 1252 4873 atrociores
1279 4833 1291 4883 ;
1322 4821 1377 4872 et
1393 4815 1536 4870 dum
1559 4815 2033 4871 advenissetdux

381 4906 596 4977 Lysias,
632 4906 732 4961 ubi
756 4906 1033 4963 universa
1053 4906 1504 4976 Armeniaelegio
1533 4906 1737 4961 sortito
1762 4908 1885 4959 erat
1916 4905 2034 4959 dis-

378 4997 621 5063 tributa,
655 4997 1072 5069 comprehensi
1127 5000 1265 5052 sunt
1291 4997 1581 5062 nonnulli,
1614 4996 1714 5068 qui
1751 4994 2033 5050 Christia-

379 5102 489 5142 nos
511 5103 571 5143 se
595 5086 1003 5151 declarabant,
1028 5086 1299 5142 Leontius
1324 5092 1378 5141 et
1405 5085 1711 5141 Mauritius
1741 5088 1797 5139 et
1828 5083 2031 5139 Daniel

377 5176 485 5230 viri
513 5177 800 5232 natalium
815 5175 1133 5248 splendore
1164 5175 1501 5247 conspicui,
1531 5180 1588 5231 et
1619 5173 2029 5229 doctrinarum

378 5264 726 5337 eruditione,
750 5266 1007 5337 vitaeque
1031 5264 1108 5320 ad
1132 5264 1343 5321 Christi
1368 5264 1528 5334 leges
1554 5261 2028 5320 conformatione

449 5442 525 5511 (Ι)
551 5441 665 5498 Isto
690 5444 1002 5514 quondam
1032 5443 1196 5499 titulo
1222 5444 1610 5515 imperatores
1640 5444 1822 5501 fuisse
1859 5460 2023 5502 nun-

376 5519 650 5585 cupatos,
709 5515 1000 5583 colligitur
1055 5532 1126 5571 ex
1182 5514 1434 5585 egistola
1502 5515 1894 5573 Valentiniani
1944 5518 2022 5574 ad

372 5583 776 5643 Theodosium
805 5583 1231 5659 imperatorem
1283 5588 1446 5654 data,
1480 5602 1615 5660 quae
1645 5594 1735 5644 est
1764 5605 2019 5647 numero

2152 3482 2288 3544 ναιξὶ
2346 3487 2435 3533 καὶ
2482 3487 2676 3543 τέκνοις
2724 3489 2849 3557 πυρὶ
2901 3489 2989 3536 καὶ
3024 3490 3273 3558 μαχαίρᾳ
3322 3483 3746 3558 παραδίδοσθαι,

2151 3574 2241 3629 τὴν
2289 3567 2347 3622 δέ
2392 3591 2451 3642 γε
2499 3572 2718 3647 ὕπαρξιν
2772 3573 2940 3625 αύτῶν
2971 3581 3145 3626 πᾶσαν
3202 3572 3622 3647 δημοσιευθῆναι
3680 3580 3751 3639 είς

2152 3658 2442 3731 ἐπιμελειαν
2487 3669 2638 3725 ναῶν,
2698 3670 2797 3713 τῶν
2845 3663 2929 3714 ὑπ’
2985 3663 3153 3714 αὐτῶν
3201 3664 3363 3736 κλοπῇ
3425 3667 3750 3740 καθαιρεθέν-

2151 3768 2270 3817 των,
2317 3754 2405 3801 καὶ
2455 3758 2647 3821 τειχῶν
2688 3756 2777 3803 καὶ
2824 3750 3048 3824 λουτρῶν
3083 3748 3374 3825 δημοσίων.
3424 3751 3632 3816 Εἰδότες
3662 3751 3749 3807 οὖν

2150 3842 2207 3889 τό
2267 3838 2600 3911 ἀπαράϐατον
2656 3849 2750 3901 τῆς
2806 3841 3060 3914 ἡμετέρας
3108 3842 3382 3903 κελεύσεως
3425 3849 3575 3895 παντὶ
3626 3846 3750 3897 σθέ-

2151 3947 2222 3979 νει
2278 3932 2335 3980 τὸ
2393 3931 2726 4000 προσταχθὲν
2795 3930 2860 3989 εἰς
2924 3932 3070 4004 ἔργον
3130 3930 3379 4001 ἐνέγκατε,
3428 3936 3497 3993 ὡς
3535 3938 3605 4004 μὴ
3656 3939 3746 3985 καὶ

2150 4018 2281 4089 ὑμᾶς
2341 4014 2783 4088 συγκινδυνεύσαι
2841 4027 2949 4080 τοῖς
3004 4018 3329 4081 ἀθεωτάτοις.
3391 4025 3597 4073 Τούτων
3648 4032 3746 4074 τῶν

2148 4108 2560 4179 προσταγμάτων
2624 4108 2968 4181 προτεθέντων
3026 4107 3073 4159 έν
3130 4117 3240 4169 ταῖς
3306 4109 3572 4171 πλατείαις
3647 4119 3746 4163 τῶν

2148 4194 2357 4260 πόλεων,
2414 4197 2461 4247 οἱ
2514 4195 2655 4267 ἅγιοι
2710 4192 2887 4248 δοῦλοι
2937 4204 3028 4249 τοῦ
3082 4205 3317 4270 Χριστοῦ
3375 4205 3610 4273 ἔχαιρον,
3657 4204 3744 4252 τόν

2150 4289 2326 4357 καιρόν
2358 4292 2447 4336 τοῦ
2470 4289 2759 4359 μαρτυρίου
2794 4290 3117 4346 σκοπόῦντες.

2220 4374 2292 4427 Β’.
2356 4380 2453 4427 Καὶ
2502 4371 2568 4433 δὴ
2598 4379 2687 4427 καὶ
2718 4373 2765 4427 ἐν
2792 4384 2853 4449 τῇ
2885 4374 3239 4427 Νικοπολιτῶν
3275 4378 3603 4450 προτεθέντος
3656 4386 3744 4431 τοῦ

2150 4461 2522 4536 διατάγματος,
2573 4470 2662 4517 καὶ
2714 4473 2812 4517 τῶν
2862 4465 3028 4537 φόϐων
3090 4465 3472 4539 ἐπισειόμένων,
3524 4472 3743 4521 καὶτῶν

3142 4554 3303 4617 ξύλων

2148 4643 2451 4717 ἀνάρτησιν,
2486 4643 2690 4715 ὀνύχων
2740 4663 2793 4695 τε
2834 4640 3068 4717 σιδηρῶν
3109 4643 3344 4717 ἀκμαίων
3397 4646 3467 4706 εἰς
3498 4646 3739 4713 εῖσξεσιν,

2146 4554 2503 4627 κολαστηρίων
2609 4554 3058 4629 εὐτρεπισθέντων,
3142 4554 3303 4617 ξύλων
3410 4556 3595 4630 ὀρθίων
3672 4558 3743 4620 εἰς

3204 4737 3435 4805 τηγάνων
3483 4741 3570 4787 καὶ
3628 4756 3742 4807 τρο-

2144 4833 2277 4895 χῶν,
2336 4828 2422 4875 καὶ
2478 4822 2631 4886 ἦλων,
2678 4826 2767 4873 καὶ
2822 4820 3114 4895 βουνεύρων
3168 4823 3355 4898 ξηρῶν,
3417 4829 3503 4875 καὶ
3560 4823 3740 4899 ἐτέρων

2142 4913 2514 4986 χαλεπωτέρων
2565 4910 2942 4983 κολαστηρίων,
3018 4916 3106 4963 καὶ
3164 4918 3578 4985 παραγενομένου
3648 4922 3739 4966 τοῦ

2144 4999 2333 5063 δουκός
2387 5004 2582 5068 Λυσία,
2638 4997 2771 5072 ᾧπερ
2832 4996 2893 5057 ἦν
2947 5000 3406 5074 ἁπόκεκληρωμένη
3456 5005 3484 5060 ἠ
3556 5002 3739 5074 λεγεὼν

2140 5098 2285 5144 πᾶσα
2350 5092 2380 5147 ἡ
2443 5090 2735 5162 Ἀρμενίας,
2813 5088 3210 5161 συνελήφθησάν
3293 5110 3444 5158 τινες,
3526 5091 3738 5155 ἑαυτούς

2140 5174 2464 5237 καταδήλους
2512 5182 2842 5243 ποιήσαντες,
2897 5181 2973 5231 ὅτι
3016 5185 3323 5253 Χριστιανοί
3372 5180 3525 5243 εἰσιν,
3584 5186 3737 5233 Λεόν-

2138 5287 2243 5328 τιος
2287 5272 2376 5319 καὶ
2433 5271 2737 5341 Μαυρίκιος,
2814 5273 2903 5319 καὶ
2956 5268 3163 5335 Δανιὴλ,
3219 5266 3403 5343 ἄνδρες
3487 5268 3739 5343 ἕπίσὸμοι

2136 5445 2421 5520 vicesima
2450 5446 2679 5520 quinta,
2700 5449 2754 5502 et
2778 5445 3032 5502 habetur
3062 5451 3229 5520 parte
3259 5464 3276 5502 1
3309 5448 3539 5505 concilii
3574 5449 3735 5506 Chal-

2137 5518 2264 5574 ced.
2298 5534 2354 5574 a.
2396 5518 2509 5575 col.
2544 5521 2666 5573 512.
