4066 6224
181 314 258 373 3'25

1193 300 1631 364 MARTYHIUM
1672 300 1778 361 SS.
1820 296 1961 358 XLV
2002 300 2443 363 MARTYRUM.

3388 298 3493 363 326

179 452 250 495 τῶν
294 440 338 493 ἓν
390 447 448 511 τῇ
502 436 642 490 πόλει
693 444 825 506 γένει
879 453 929 486 τε
980 439 1066 487 καὶ
1101 432 1373 488 παιδεύσει
1424 434 1590 506 λογων
1645 433 1735 483 καὶ

1850 430 2123 495 illustres,
2158 437 2212 488 et
2244 448 2362 487 una
2392 448 2527 490 cum
2560 432 2708 502 ipsis
2751 430 3151 503 quadraginta
3180 432 3296 499 alii,
3329 434 3496 490 Chri-

171 531 253 603 βίῳ
298 532 429 581 κοιτά
476 528 700 600 Χριστόν
751 521 1140 595 διαπρέποντες,
1179 528 1272 576 σὺν
1318 523 1497 585 αὐτοῖς
1545 518 1603 574 δε
1646 524 1736 573 καὶ

166 622 305 693 ἕτεροί
375 637 425 668 τε
490 613 536 687 μ’
591 614 821 685 λέγοντες
894 612 1105 674 ἑαυτοὺς
1171 610 1299 665 εἶναι
1366 613 1731 685 Χριστιανοὺς,

161 714 238 760 xui
305 707 745 780 αὑτοπροαιρέτως
823 702 1151 774 προελθόντες
1237 712 1305 773 τῷ
1382 706 1578 770 Λυσίᾳ.
1641 698 1734 760 “Ος

164 800 445 868 θεασάμενος
500 799 592 852 τὴν
670 794 928 848 τοσαύτην
1000 799 1099 843 τῶν
1161 788 1361 865 ἀνδρῶν
1418 792 1730 865 προθυμίαν,

162 887 316 957 ἠρώτα
359 884 565 945 αὐτοὺς,
609 881 787 951 λέγων·
847 882 1005 933 Πόθεν
1058 878 1208 945 ἐστέ;
1242 885 1330 931 καὶ
1383 884 1458 939 τίς
1516 877 1654 930 ἐστιν
1710 878 1734 927 ό

162 978 323 1033 πείσας
352 974 482 1044 ὑμᾶς
524 976 593 1043 μὴ
646 969 889 1035 εὐσεϐεῖν,
925 974 1057 1041 μήτε
1107 971 1241 1021 θύειν
1296 975 1402 1030 τοῖς
1452 970 1584 1028 θεοῖς
1631 973 1736 1025 τοῖς

1324 1057 1494 1130 Ἡμεῖς
1550 1058 1737 1116 πάντες

162 1156 441 1224 Χριστιανοί
509 1149 681 1222 ἐσμεν.
738 1153 835 1201 Καὶ
908 1150 955 1200 οἱ
1022 1151 1111 1220 μὲν
1164 1152 1256 1205 τὴν
1335 1147 1481 1198 πόλιν
1542 1147 1736 1201 ταύτην

161 1062 392 1134 οὖρανίοις
419 1079 433 1128 ;
462 1061 520 1112 Ὀ
574 1061 724 1131 ἅγιος
780 1064 1017 1120 Λεόντιος
1085 1057 1223 1129 λέγει
1254 1076 1265 1088 ·

159 1240 389 1311 οἰκοῦμεν,
424 1241 471 1290 οἱ
518 1236 576 1291 δε
620 1244 710 1289 καὶ
756 1237 810 1289 ἐκ
857 1246 951 1298 τῆς
982 1243 1162 1310 χώρας
1192 1242 1281 1296 τῆς
1326 1237 1425 1287 ὑπὸ
1468 1240 1560 1293 τὴν
1590 1232 1735 1285 πόλιν

161 1332 423 1400 ὡρμηνται.
482 1332 583 1380 Καὶ
663 1331 848 1401 πατρὶς
903 1330 993 1397 μὲν
1046 1327 1171 1397 ἡμῖν
1221 1326 1351 1382 αὕτη
1408 1327 1435 1383 ἡ
1495 1322 1733 1395 ἐπίγειος,

159 1423 309 1491 πατὴρ
358 1414 417 1469 δε
460 1421 686 1490 Χριστός
732 1418 757 1467 ό
789 1415 1126 1488 ἐπουράνιος·
1178 1419 1268 1466 καὶ
1322 1414 1473 1473 αὐτός
1525 1412 1663 1464 ἐστιν
1712 1413 1737 1462 ὁ

160 1504 355 1570 διδάξας
405 1509 547 1579 ἡμᾶς
590 1511 679 1557 καὶ
726 1510 913 1567 πείσας
964 1507 1097 1565 θεοῖς
1140 1507 1350 1576 κούφοις
1394 1508 1483 1555 καὶ
1530 1501 1738 1574 τυφλοῖς

156 1602 214 1667 μὴ
261 1597 542 1671 λατρεύειν,
596 1601 729 1668 μήτε
776 1598 944 1669 ἔργοις
990 1602 1183 1667 χειρῶν
1238 1592 1518 1666 ἀνθρώπων
1576 1611 1739 1665 προσ-

157 1694 319 1741 κννιίν.

216 1776 277 1828 Γ’.
342 1780 545 1835 Λυσίας
618 1773 770 1826 εἶπεν·

160 1864 277 1935 Οὐχὶ
327 1863 635 1935 ἐσταυρώθη
692 1867 780 1914 καὶ
835 1862 1119 1927 ἀπέθανεν;
1176 1862 1233 1913 Ὀ
1298 1862 1441 1933 άγιος
1500 1868 1739 1921 Λεόντιος

158 1953 283 2022 λέγει·
326 1958 409 2010 Μὴ
466 1957 619 2024 μόνον
678 1955 737 2003 τὸ
797 1952 1038 2003 ἀπέθανεν
1091 1948 1354 2016 ἀκούσεις,
1415 1949 1520 2001 ἀλλ’
1577 1949 1738 2007 ἐννοή-

160 2043 258 2097 Θητι
300 2044 376 2093 ὅτι
428 2046 525 2093 καὶ
556 2042 749 2113 ἠγέρθη
798 2044 886 2091 καὶ
919 2039 1017 2099 ζῶν
1050 2038 1189 2091 ἐστιν
1237 2037 1284 2090 ἐν
1326 2047 1433 2101 τοῖς
1476 2039 1731 2111 οὐρανοῖς·

158 2131 256 2181 ἑκὼν
296 2134 392 2205 γὰρ
448 2130 699 2182 ἀπέθανεν
750 2126 821 2181 δι’
867 2130 1026 2200 ἡμᾶς,
1074 2134 1165 2180 xui
1220 2129 1371 2180 πάλιν
1417 2130 1635 2202 ἠγέρθη,
1668 2131 1737 2189 ως

1678 2225 1735 2269 Ὀ

158 2308 279 2377 ἐγιος
332 2315 575 2369 Λεόντιος
626 2309 803 2378 λέγει·
858 2305 896 2358 ὦ
967 2311 1165 2370 Λυσία,
1220 2310 1267 2359 οἱ
1334 2308 1569 2381 ὑμέτεροι
1637 2311 1734 2360 θεοὶ

157 2221 242 2279 νὶός
266 2221 327 2270 ὧν
359 2228 449 2271 τοῦ
503 2227 656 2273 Θεοῦ.
695 2223 895 2277 Λυσίας
951 2217 1111 2269 εἶπεν
1154 2218 1356 2270 Οὐκοῦν
1402 2218 1465 2289 ζῇ
1517 2228 1645 2285 uua;

158 2396 475 2459 ἀποθανόντες
526 2398 582 2449 οὗ
640 2398 879 2457 ζῶσιν-ό
936 2394 994 2447 δὲ
1047 2398 1293 2469 ἡμέτερος
1343 2402 1602 2456 Δεσπότης
1646 2401 1735 2447 καὶ

157 2490 420 2549 Θεὸς,ότά
485 2490 655 2538 πάντα
697 2495 758 2558 τῇ
816 2482 929 2557 ἰδίᾳ
983 2483 1130 2556 δεξίᾲ
1173 2492 1532 2559 και-ἀρτήσας,
1584 2487 1737 2559 οὖρα-

156 2579 237 2637 νόν,
287 2585 402 2645 γῆν,
470 2575 763 2639 θάλασσαν,
838 2578 928 2625 καὶ
985 2576 1177 2634 πάντας
1235 2573 1551 2647 ἀνθρώπους,
1609 2576 1733 2647 ὑπὲρ

156 2665 274 2733 ἡμῶν
322 2663 599 2727 ἀπέθανεν,
658 2666 742 2713 ἶνα
786 2664 922 2733 ἡμᾶς
980 2661 1263 2735 ἀποσπάσῃ
1319 2671 1411 2725 τῆς
1466 2660 1735 2715 εἰδωλολα-

156 2756 330 2824 τρείας·
393 2752 589 2814 ἐκεῖνος
650 2752 738 2823 ζῇ,
797 2756 882 2801 xui
942 2753 1079 2823 ἡμᾶς
1161 2749 1397 2814 ἐδίδαξεν
1472 2754 1737 2825 ὑπεραπο-

158 2842 366 2898 θνήσκειν
420 2841 611 2905 αὐτοῦ,
673 2842 754 2891 ἶνα
818 2843 903 2891 καὶ
975 2843 1140 2913 ἡμεῖς,
1199 2840 1555 2910 ἀποθανόντες,
1618 2860 1735 2892 συν-

156 2929 366 3001 ζήσωμεδ
426 2930 601 3000 αὐτῷ.
658 2934 860 2991 Λυσίας
919 2926 1074 2981 εἶπεν·
1133 2930 1277 3001 Οὐχὶ
1336 2926 1546 2982 δώδεκά
1606 2931 1734 2982 εἰσιν

156 3020 238 3069 θεοὶ
276 3021 549 3090 ο·>ράνιοι;
596 3026 741 3071 ποῖον
795 3015 881 3071 οὖν
930 3023 993 3070 σὺ
1047 3020 1206 3090 λέγεις
1261 3021 1427 3093 ἕτερον
1474 3023 1622 3083 Θεὸν,
1679 3019 1733 3079 ὃς

156 3106 360 3164 ἐποίησιν
414 3109 660 3182 οὐρανὸν,
711 3113 798 3160 καὶ
843 3116 959 3179 γῆν,
1011 3114 1099 3160 xui
1157 3108 1424 3161 θάλασσαν
1454 3128 1465 3176 ;
1495 3109 1551 3159 Ὀ
1592 3110 1734 3180 ἅγιος
1768 3144 1806 3189 ρ

160 3202 363 3257 Λεόντιος
419 3198 582 3268 λέγει·
642 3203 789 3250 Ποῐοί
847 3198 974 3249 εἰσιν
1034 3200 1081 3249 οἱ
1137 3201 1238 3251 θεοὶ
1291 3201 1472 3270 ὑμῶν,
1530 3204 1735 3261 Λυσίας
1786 3180 1808 3199 λ

157 3283 300 3354 λέγει·
350 3292 507 3349 Ζεὺς,
559 3294 646 3338 xui
697 3286 974 3350 Ἀπόλλων,
1030 3292 1119 3339 καὶ
1174 3288 1489 3353 Ασκληπιός,
1542 3294 1630 3340 καὶ
1687 3290 1735 3340 οἱ

158 3374 298 3444 ﬂigi,
332 3378 414 3437 οῦς
477 3375 615 3428 σέϐει
664 3378 693 3434 ἡ
748 3379 1022 3447 σύμπασα.
1068 3377 1125 3427 Ὀ
1174 3377 1320 3447 ἅγιος
1375 3382 1610 3438 Λεόντιος
1660 3377 1735 3429 λέ-

1581 3466 1732 3530 Οὐαὶ,

158 3483 237 3531 γει·
310 3470 435 3528 Ζεὺς
516 3462 601 3517 οὖν
661 3467 767 3523 θεός
823 3464 1000 3527 ἐστιν;
1064 3470 1261 3525 Λυσίας
1338 3463 1471 3518 εἶπεν
1507 3484 1517 3494 ·

160 3552 385 3624 ianuam,
441 3556 687 3629 ἄνθρωπε
736 3552 1061 3626 βλασφημῶν
1098 3574 1109 3585 ·
1158 3554 1312 3615 αὑτός
1364 3554 1501 3606 ἐστιν
1545 3556 1569 3606 ό
1617 3574 1739 3630 κρα-

162 3650 241 3691 τῶν
288 3650 403 3706 τοὺς
458 3645 730 3715 οὐρανοὺς,
773 3647 941 3717 πατὴρ
997 3640 1199 3717 ἀνδρῶν
1253 3664 1304 3695 τε
1352 3650 1441 3696 xui
1492 3647 1633 3698 θεῶν.
1682 3644 1739 3696 Ὀ

161 3729 286 3799 οἱγιος
339 3739 579 3792 Λεόντιος
633 3733 787 3803 λέγει·
853 3732 909 3785 Εἰ
964 3729 1050 3784 οὖν
1112 3734 1216 3793 θεός
1300 3732 1438 3785 ἐστιν
1514 3735 1539 3785 ό
1618 3737 1743 3795 Ζεὺς

160 3823 352 3886 πάντως,
387 3826 472 3874 οτι
529 3827 617 3873 xui
669 3822 895 3895 ἰσχυρός
939 3819 1097 3883 ἐστιν,
1132 3827 1220 3872 καὶ
1269 3823 1409 3893 ὑμῶν
1458 3831 1555 3873 τῶν
1588 3820 1737 3874 ἐκδί-

160 3928 245 3958 xm
291 3912 344 3962 οὗ
385 3913 591 3984 χρῄζει
641 3910 1015 3982 ἀσεϐούμενος·
1049 3914 1251 3972 πάντως
1298 3908 1355 3963 δὲ
1404 3916 1493 3962 καὶ
1538 3908 1744 3973 δίκαιός

161 3998 273 4062 ἐστι,
342 4008 426 4053 xui
514 4006 885 4072 μισοπόνηρος,

978 4008 1146 4072 μισῶν
1229 4006 1494 4071 μοιχείαν,
1575 4010 1742 4072 μισῶν

163 4094 391 4161 πορνείαν,
481 4098 652 4160 μισῶν
735 4088 1127 4163 ἀρρητοποιίαν,
1207 4098 1373 4161 μισῶν
1452 4087 1740 4162 ἀὸελφογα-

162 4181 287 4245 μίαν,
333 4189 510 4250 μισῶν
557 4178 827 4249 πολέμους,
880 4184 971 4230 καὶ
1040 4178 1194 4250 φιλῶν
1253 4179 1474 4251 εἰρήνην.
1529 4178 1586 4231 Ὀ
1638 4184 1738 4253 γὰρ

164 4270 268 4326 Θεὸς
316 4268 507 4339 ὀφείλει
558 4268 741 4327 τέλειος
800 4265 947 4334 εἶναι,
1008 4274 1095 4319 xui
1149 4265 1465 4339 ἀπροσδεὴς,
1516 4274 1604 4320 xui
1658 4269 1739 4321 ἀν-

163 4358 455 4426 αμάρτητος,
512 4358 629 4409 Ἐὰν
700 4359 799 4429 γὰρ
859 4356 1063 4428 ἁμάρτῃ
1126 4358 1151 4407 ὁ
1210 4359 1321 4418 θεὸς
1378 4359 1541 4429 ὑμῶν,
1598 4358 1738 4412 ἐστὶν

162 4441 463 4513 ἁμαρτωλός,
502 4450 588 4495 καὶ
631 4444 784 4495 ἄλλον
819 4450 943 4497 Θεοῦ
987 4450 1173 4517 χρείαν
1215 4449 1323 4519 ἔχει
1378 4448 1737 4521 ἀναμαρτήτου

162 4531 220 4592 εἰς
244 4529 527 4604 διόρθωσιν
560 4530 765 4586 ἑαυτοῦ.

222 4622 282 4675 A'.
328 4628 535 4683 Λυσίας
566 4618 733 4674 εἶπεν·
771 4625 836 4673 Σὺ
883 4619 927 4674 εἷ
968 4624 992 4673 ὁ
1046 4620 1279 4687 δικάζων
1333 4630 1395 4679 τά
1449 4637 1546 4679 τῶν
1594 4632 1737 4697 θεῶν,

162 4716 275 4768 κακὴ
322 4712 555 4783 κεφαλῆς
594 4712 679 4763 Μὰ
731 4715 824 4768 τήν
876 4718 1134 4784 σωτηρίαν
1188 4723 1284 4765 τῶν
1338 4718 1481 4784 θεῶν,
1514 4723 1598 4768 καὶ
1650 4724 1739 4776 τὴν

164 4796 289 4866 ἐμὴν,
337 4810 512 4862 κακῶς
565 4799 801 4853 ἀπολέσω
858 4802 1007 4872 ὑμᾶς.
1063 4800 1121 4853 Ὀ
1179 4803 1322 4873 άγιος
1377 4810 1609 4865 Λεόντιος
1660 4808 1737 4859 λέ-

162 4904 261 4953 γει·
316 4895 396 4948 Μὴ
484 4888 758 4961 ἀγανάκτει
839 4894 925 4947 τὴν
1002 4888 1243 4948 ἀλήθειαν
1320 4891 1556 4945 ἀκούων·
1631 4903 1738 4956 τοῖς

164 4973 425 5047 ἀνθρώποις
480 4986 611 5031 πᾶσι
659 4984 803 5051 νόμοι
857 4980 1130 5044 τέθεινται,
1189 4982 1236 5031 οἱ
1284 4984 1371 5051 μεν
1419 4981 1643 5053 λογικοὶ,
1692 4987 1738 5035 οἱ

167 5059 213 5114 δε
254 5074 482 5137 φυσικοὶ,
544 5070 609 5127 ὡς
662 5068 720 5119 οὐ
780 5073 887 5142 χρή
946 5070 1215 5142 ἄνθρωπον
1271 5068 1541 5144 ἀλλοτρίαν
1600 5076 1738 5144 ἔχειν

164 5164 382 5219 γυναῖκα,
432 5161 547 5210 οὔτε
597 5155 995 5230 ἀδελφογαμεῖν,
1047 5162 1162 5210 οὔτε
1216 5159 1467 5231 πολέμους
1513 5160 1737 5232 ἀγαπᾷν,

166 5248 238 5293 καὶ
286 5248 537 5319 προξενεῖν
591 5247 796 5321 ὄλεθρον
844 5255 951 5308 τοῖς
1006 5245 1315 5320 ἀνθρώποις.
1364 5253 1518 5322 Εἴπερ
1572 5259 1739 5310 σωτῆ-

165 5349 245 5399 ρας
290 5336 476 5397 αὐτοὺς
525 5336 714 5400 καλεῖς,
780 5335 987 5407 ὤφειλον
1040 5336 1228 5408 μᾶλλον
1286 5337 1339 5389 ἐκ
1391 5345 1483 5400 τῆς
1538 5339 1741 5414 εἰρήνης

171 5420 355 5485 σώζειν,
389 5429 476 5474 καὶ
525 5425 906 5497 περιποιεῖσθαι
956 5428 1075 5485 τοὺς
1127 5424 1449 5499 σεϐομένους.
1495 5428 1554 5480 Εἰ
1608 5425 1665 5480 δὲ
1712 5432 1737 5481 ό

168 5505 260 5568 Θεὸς
313 5510 453 5581 ὑμῶν
502 5520 719 5565 τοιαῦτα
772 5508 1167 5586 διαπράττεται,
1217 5521 1306 5568 xui
1361 5521 1483 5579 τοὺς
1536 5515 1737 5591 ἀνθρω-

168 5611 286 5660 πους
320 5604 546 5655 πεισάτω
589 5601 749 5656 λῦσαι
790 5605 911 5664 τοὺς
958 5607 1162 5677 νόμους·
1198 5605 1228 5664 ἡ
1276 5610 1368 5659 καὶ
1418 5608 1491 5669 ὡς
1535 5608 1739 5683 ἄνθρω-

851 1778 948 1826 Kui
1020 1780 1120 1824 ποῦ
1169 1771 1308 1824 ἐστιν
1376 1774 1399 1823 ὁ
1472 1775 1735 1846 Χριστός;
1771 1790 1812 1844 Β

1847 521 2070 576 stianos
2097 537 2158 577 se
2189 521 2520 577 dictitantes
2544 520 2694 576 ultro
2724 521 2799 575 ad
2836 520 3068 591 Lysiam
3096 528 3490 578 accesserunt.

1845 606 1953 673 Qui
1978 612 2156 663 talem
2190 608 2246 663 in
2271 607 2408 662 viris
2430 608 2866 678 contemplatus
2884 607 3068 662 animi
3086 607 3494 664 celsitudinem

1845 701 2249 767 percontatus,
2281 697 2411 752 illos
2429 701 2533 761 est,
2559 697 2763 750 dicens
2797 713 2809 751 :
2841 697 3071 765 Cujates
3094 697 3255 765 estis,
3280 702 3337 752 et
3366 698 3496 769 quis

1845 792 2053 840 auctor
2092 786 2261 841 vobis
2302 791 2410 849 est,
2446 801 2517 839 ne
2550 785 2773 840 cultum
2802 790 2904 841 aut
2950 785 3304 841 sacriﬁcium
3342 787 3499 842 defe-

1844 875 1983 929 ratis
2022 874 2136 929 diis
2170 874 2505 930 coelestibus
2528 874 2555 929 ‘I
2588 872 2688 929 Cui
2720 879 2962 931 sanctus
3016 878 3329 933 Leontius:
3366 875 3500 932 Om-

1845 978 1951 1019 nes
1999 979 2109 1019 nos
2163 964 2473 1020 Christiani
2505 979 2734 1028 sumus,
2763 969 2817 1018 et
2848 980 2958 1019 nos
2996 964 3240 1036 quidem
3292 964 3498 1020 urbem

1846 1052 2003 1108 hanc
2018 1052 2356 1117 incolimus,
2382 1052 2460 1107 illi
2477 1068 2618 1107 vero
2641 1069 2671 1107 e
2688 1053 2950 1123 regione,
2970 1070 3105 1125 quas
3127 1054 3254 1109 urbi
3274 1054 3496 1118 subest,

1846 1141 2233 1197 advenerunt.
2265 1142 2327 1195 Et
2351 1141 2547 1213 patria
2577 1141 2825 1213 quidem
2876 1142 3164 1197 terrestris
3195 1144 3368 1198 nobis
3400 1159 3493 1200 ea-

1845 1231 1983 1285 dem
2032 1235 2138 1294 est,
2180 1234 2345 1286 Pater
2377 1246 2512 1286 vero
2561 1231 2812 1286 cmlestis
2853 1232 3112 1287 Christus
3148 1237 3363 1304 ;atque
3402 1232 3498 1288 hic

1847 1326 1951 1385 est,
1981 1320 2082 1390 qui
2114 1336 2222 1375 nos
2248 1320 2471 1385 docuit,
2504 1324 2559 1375 et
2582 1321 2878 1391 persuasit
2908 1322 3050 1375 deos
3072 1328 3267 1376 mutos
3300 1337 3368 1377 ac
3390 1337 3499 1377 caa-

1848 1424 1950 1463 cos
1988 1424 2109 1464 non
2137 1409 2351 1477 colere,
2377 1424 2485 1464 nec
2510 1424 2695 1481 opera
2734 1425 3024 1464 manuum
3048 1408 3364 1465 hominum
3399 1410 3500 1466 ad-

1848 1513 2042 1555 orare.

1919 1766 2007 1821 III.
2052 1766 2199 1822 Dixit
2240 1767 2477 1838 Lysias:
2514 1767 2766 1823 Ubinam
2800 1771 2886 1823 est
2953 1768 3212 1824 Christus
3240 1769 3268 1823 ‘?
3320 1772 3498 1827 Num-

1847 1856 1991 1927 quid
2015 1858 2172 1911 cruci
2194 1855 2408 1911 afﬁxus
2429 1862 2483 1912 et
2506 1862 2773 1912 mortuus
2790 1862 2876 1912 est
2898 1856 2926 1910 Ῡ
2943 1856 3042 1912 Cui
3064 1862 3301 1913 sanctus
3316 1859 3500 1915 Leon-

1848 1946 1961 2001 tius
1994 1965 2004 2003 :
2048 1951 2175 2001 Non
2228 1945 2421 2001 solum
2459 1945 2597 2001 audi
2640 1950 2943 2001 mortuum
2996 1963 3143 2012 esse,
3172 1947 3276 2003 sed
3308 1964 3498 2004 resur-

1846 2036 2059 2090 rexisse
2099 2034 2432 2104 considera,
2461 2041 2516 2090 et
2571 2036 2765 2091 vivere
2823 2035 2883 2090 in
2933 2036 3094 2091 caelis
3123 2054 3136 2103 ;
3170 2037 3275 2092 sed
3340 2038 3498 2093 enim

1846 2129 2116 2179 mortuus
2140 2130 2227 2178 est
2251 2124 2439 2179 libens
2470 2130 2710 2196 propter
2749 2140 2882 2189 nos,
2916 2131 2971 2181 et
3001 2126 3210 2181 iterum
3244 2142 3500 2182 resurre-

1844 2214 1943 2277 xit,
1981 2220 2267 2284 tanquam
2298 2214 2586 2268 exsistens
2647 2215 2819 2269 Filius
2888 2215 3008 2270 Dei.
3043 2217 3189 2271 Dixit
3249 2218 3449 2288 Lysias
3486 2234 3498 2271 :

1845 2304 2065 2373 Nempe
2096 2302 2277 2357 etiam
2309 2317 2467 2357 nunc
2492 2301 2630 2357 vivit
2657 2301 2683 2356 Τ
2712 2304 2813 2358 Cui
2842 2310 3083 2359 sanctus
3112 2306 3385 2361 Leontius
3418 2322 3428 2361 :
3457 2308 3499 2363 Ο

1846 2390 2039 2461 Lysia,
2071 2392 2149 2445 dii
2184 2391 2377 2454 vestri,
2413 2398 2732 2463 postquam
2781 2394 2997 2448 mortui
3049 2402 3201 2459 sunt,
3235 2411 3356 2450 non
3413 2395 3500 2449 vi-

1844 2486 1989 2534 vunt
2013 2498 2029 2550 ;
2052 2488 2111 2534 at
2132 2496 2271 2535 vero
2298 2480 2587 2535 Dominus
2612 2488 2804 2535 noster
2834 2497 2903 2537 ac
2925 2483 3098 2547 Deus,
3132 2484 3235 2554 qui
3257 2484 3501 2539 dextera

1846 2584 1957 2623 sua
1984 2568 2279 2637 gubernat
2306 2569 2530 2634 omnia,
2560 2571 2798 2635 coelum,
2838 2576 3073 2635 terram,
3120 2589 3282 2627 mare
3314 2579 3368 2627 et
3392 2575 3502 2628 ho-

1847 2659 2037 2712 mines
2090 2672 2321 2721 omnes,
2357 2673 2465 2728 pro
2519 2657 2711 2721 nobis,
2746 2664 3015 2713 mortuus
3042 2666 3146 2724 est,
3184 2667 3245 2715 ut
3275 2676 3383 2715 nos
3428 2678 3500 2716 ex

1845 2748 2141 2803 idolorum
2185 2747 2345 2802 cultu
2373 2748 2724 2802 extraheret.
2760 2747 2913 2802 Vivit
2942 2747 3009 2812 is,
3044 2754 3097 2802 et
3136 2749 3341 2804 docuit
3390 2765 3500 2804 nos

1845 2852 1948 2908 pro
1989 2852 2048 2890 se
2084 2836 2254 2899 mori,
2282 2842 2345 2891 ut
2413 2835 2653 2903 mortui,
2685 2851 2823 2890 cum
2887 2835 2982 2890 illo
3016 2836 3309 2891 vivamus.
3346 2838 3499 2893 Dixit

1849 2928 2049 2997 Lysias
2085 2942 2097 2980 :
2142 2927 2344 2981 Nonne
2370 2924 2688 2980 duodecim
2716 2926 2799 2979 dii
2832 2924 3094 2980 cmlestes
3129 2932 3266 2981 sunt
3294 2927 3322 2978 ‘2
3352 2929 3501 2992 Qua-

1843 3015 1961 3070 lem
1994 3029 2133 3084 ergo
2168 3020 2224 3069 tu
2258 3014 2443 3069 alium
2470 3014 2619 3069 dicis
2648 3015 2857 3082 Deum,
2896 3014 2995 3085 qui
3031 3014 3164 3070 fecit
3194 3020 3409 3071 coelum
3447 3023 3502 3073 et

1843 3113 2061 3168 terram
2089 3112 2143 3160 et
2178 3120 2337 3159 mare
2363 3105 2391 3155 ‘I
2431 3104 2684 3160 Sanctus
2722 3104 2996 3160 Leontius
3028 3105 3210 3164 dixit:
3244 3107 3496 3170 Quinam

1844 3197 1922 3250 dii
1954 3197 2130 3251 vestri
2163 3200 2301 3249 sunt
2325 3195 2353 3246 ‘P
2380 3194 2583 3266 Lysias
2622 3194 2767 3249 dixit
2802 3211 2813 3249 :
2843 3198 3087 3265 Insuper
3116 3202 3171 3251 et
3208 3196 3417 3268 Apollo
3448 3205 3505 3254 et

1847 3285 2245 3356 zEsculapius,
2262 3283 2501 3356 aliique,
2522 3300 2673 3355 quos
2687 3284 2849 3339 orbis
2862 3284 2998 3340 colit
3012 3287 3344 3341 universus.
3359 3288 3507 3343 San-

1847 3382 1974 3430 ctus
2003 3374 2279 3429 Leontius
2302 3372 2450 3427 dixit
2478 3390 2490 3427 :
2523 3374 2747 3444 Jupiter
2783 3388 2924 3442 ergo
2953 3375 3106 3429 Deus
3137 3380 3222 3430 est
3251 3374 3277 3428 ?
3300 3376 3505 3449 Lysias

1848 3463 2015 3517 dixit:
2045 3462 2197 3517 Vah!
2232 3462 2476 3529 insanis,
2497 3462 2679 3516 homo
2711 3462 3060 3534 blaspheme
3088 3481 3097 3517 :
3122 3464 3247 3535 ipse
3271 3471 3374 3530 est,
3402 3468 3506 3538 qui

1849 3552 2031 3607 caelos
2080 3556 2257 3618 tenet,
2289 3550 2724 3621 hominumque
2782 3559 2946 3622 pater
2975 3558 3031 3608 et
3055 3553 3326 3611 deorum.
3361 3558 3501 3612 San-

1853 3646 1980 3697 ctus
2006 3638 2284 3693 Leontius
2306 3637 2449 3693 dixit
2480 3654 2491 3691 :
2528 3638 2583 3693 Si
2609 3640 2786 3707 igitur
2809 3640 2952 3694 deus
2979 3648 3065 3695 est
3087 3644 3327 3713 Jupiter,
3359 3645 3505 3716 quia

1851 3729 2099 3785 omnino
2126 3727 2290 3783 fortis
2306 3734 2411 3791 est,
2431 3727 2603 3781 vobis
2624 3726 3057 3793 defensoribus,
3080 3732 3327 3801 quando
3354 3731 3435 3801 inj
3449 3733 3505 3786 ui

1854 3820 1941 3874 ria
1967 3818 2221 3882 traditur,
2256 3834 2379 3872 non
2404 3817 2629 3886 indiget
2657 3832 2670 3882 ;
2703 3818 3501 3888 omninojustusestetmali

1854 3924 2011 3971 osor,
2044 3923 2181 3962 osor
2211 3906 2636 3974 fornicationis,
2685 3922 2823 3961 osor
2880 3908 3173 3973 adulterii,
3216 3925 3357 3964 osor
3395 3909 3503 3967 ob-

1856 3996 2156 4051 scenitatis
2213 3995 2506 4060 nefandae,
2540 4011 2677 4050 osor
2725 3995 3000 4062 incestus,
3032 4014 3171 4053 osor
3214 3998 3501 4054 bellorum

1854 4090 1908 4139 et
1938 4100 2150 4139 amans
2181 4083 2364 4155 pacis.
2397 4084 2618 4139 Etenim
2650 4084 2802 4139 Deus
2833 4086 3123 4157 perfectus
3161 4090 3500 4159 sitoportet,

1852 4174 2249 4245 egestatisque
2305 4188 2375 4227 ac
2430 4174 2656 4244 peccati
2706 4191 2955 4246 expers:
3014 4191 3154 4232 nam
3206 4178 3253 4231 si
3294 4184 3505 4248 peccat

1850 4264 1994 4318 deus
2023 4269 2228 4328 vester,
2258 4268 2534 4334 peccator
2565 4270 2649 4319 est
2683 4281 2695 4329 ;
2730 4269 2784 4319 et
2814 4265 2931 4319 Deo
2957 4270 3085 4334 eget
3128 4267 3310 4323 altero
3366 4284 3504 4339 pec-

1848 4368 1984 4409 care
2014 4354 2238 4419 nescio,
2265 4352 2342 4409 ad
2372 4354 2852 4409 emendationem
2882 4370 3073 4409 suam.

1922 4626 2008 4678 1V.
2045 4625 2246 4696 Lysias
2299 4624 2445 4679 dixit
2478 4640 2489 4678 :
2519 4625 2599 4678 Tu
2637 4639 2887 4680 causam
2931 4626 3080 4681 dicis
3128 4643 3333 4682 eorum
3367 4644 3503 4701 quae

1851 4714 1931 4769 ad
1982 4713 2125 4769 deos
2171 4714 2436 4776 attinent,
2474 4713 2702 4769 malum
2752 4722 2929 4785 caput
2959 4717 2986 4771 ‘I
3018 4716 3126 4771 Per
3157 4716 3405 4773 deorum
3447 4724 3502 4775 et

1850 4817 2047 4857 meam
2080 4802 2351 4865 salutem,
2379 4801 2533 4855 male
2579 4818 2684 4857 vos
2738 4803 3005 4873 perdam.
3043 4806 3291 4860 Sanctus
3323 4808 3504 4861 Leon-

1849 4892 1963 4948 tius
1993 4891 2133 4946 dicit
2164 4909 2178 4945 :
2210 4892 2291 4945 Ne
2322 4889 2565 4960 indigne
2599 4892 2752 4947 feras
2793 4892 2999 4948 audire
3033 4896 3362 4951 veritatem.
3395 4899 3505 4952 Ho-

1850 4980 2116 5036 minibus
2146 4980 2427 5036 omnibus
2462 4986 2582 5035 tam
2613 4983 2760 5038 ratio
2790 4999 2973 5055 quam
3000 4990 3213 5040 natura
3245 4986 3501 5057 praescri-

1851 5071 1963 5142 psit
1984 5070 2163 5138 leges,
2196 5085 2316 5125 non
2347 5086 2477 5125 esse
2513 5087 2641 5141 par,
2666 5074 2733 5129 ut
2764 5072 2946 5127 homo
2979 5073 3235 5129 alienam
3283 5075 3503 5130 habeat

1852 5174 2121 5222 uxorem,
2146 5163 2329 5231 utque
2357 5160 2686 5214 committat
2715 5159 3028 5226 incestum,
3060 5168 3161 5217 aut
3193 5162 3347 5216 bella
3373 5162 3501 5218 dili-

1851 5253 1969 5318 gat,
2002 5254 2102 5303 aut
2134 5248 2479 5303 hominibus
2509 5248 2831 5319 perniciem
2854 5250 3084 5306 inferat.
3114 5252 3167 5307 Si
3196 5267 3297 5307 eos
3320 5268 3499 5309 vocas

1850 5338 2253 5409 sospitatores,
2288 5337 2571 5392 deberent
2597 5337 2791 5409 potius
2812 5354 2880 5393 ex
2914 5355 3062 5410 pace
3092 5356 3326 5396 servare
3352 5347 3408 5397 et
3428 5342 3503 5398 de

1849 5428 2169 5483 cultoribus
2200 5428 2321 5483 suis
2351 5426 2500 5483 bene
2536 5428 2762 5483 mereri.
2794 5430 2850 5483 Si
2882 5430 3027 5485 deus
3058 5436 3248 5488 vester
3277 5434 3388 5490 ista
3414 5433 3503 5491 fa-

1847 5518 1943 5585 cit,
1990 5518 2241 5575 suadeat
2291 5518 2636 5574 hominibus
2681 5518 2908 5576 solvere
2962 5521 3165 5595 leges;
3196 5523 3291 5580 vel
3350 5524 3503 5583 sicut

1847 5608 2053 5677 homo,
2082 5608 2231 5666 deus
2249 5612 2445 5665 vester
2474 5612 2634 5679 agat,
2660 5613 2716 5665 et
2743 5609 3019 5669 homines
3046 5612 3327 5671 imitetur.
3352 5604 3507 5676 Nam
