4066 6224
532 269 636 328 327
1931 245 2195 325 MENSIS
2231 255 2504 326 JULIUS.
3794 254 3896 332 323

534 401 582 454 si
612 399 712 466 illi,
745 398 843 471 qui
881 397 1105 453 faciunt
1133 412 1203 452 ea
1242 413 1372 468 quae
1401 397 1492 452 lex
1538 413 1658 452 non
1684 397 1876 468 jubet,
1905 412 2140 468 prtevar

2299 415 2390 457 πος
2441 401 2708 470 πραττέτω
2761 400 2786 450 ό
2874 400 2980 460 θεὸς
3035 398 3198 470 ὑμῶν,
3251 403 3340 451 καὶ
3409 400 3735 471 μιμησάσθω
3784 405 3895 463 τοὺς

532 496 760 547 catores
803 489 1099 551 dicuntur,
1133 503 1493 555 summoque
1542 487 1840 559 supplicio
1895 493 1948 542 et
2000 496 2138 542 mort

2296 485 2594 560 ἀνθρώπους
2623 504 2634 518 ’
2671 488 2712 540 εἰ
2742 491 2842 562 γὰρ
2893 491 2942 540 οἱ
2991 490 3299 562 πράττοντες
3345 487 3379 539 ἃ
3425 492 3494 561 μὴ
3545 491 3570 540 ό
3616 494 3768 562 νόμος
3814 511 3892 543 κε-

531 579 661 649 ipsa
709 577 866 646 digni
921 575 1210 640 sunt;dii
1265 576 1439 631 vestri
1472 577 1960 648 praavaricatores
2018 591 2137 648 qua

2296 574 2450 644 λεύει,
2510 580 2800 651 παράνομοι
2857 577 3110 648 λέγονται,
3167 582 3255 628 καὶ
3311 581 3558 652 τιμωρίας
3619 584 3885 650 μεγίστης,

529 667 771 723 tandem
801 665 1004 720 mortis
1033 679 1246 733 genere
1279 671 1417 719 sunt
1446 664 1609 733 digni
1641 665 1668 719 ?
1703 664 1980 719 Homines
2021 679 2135 718 nov

2292 669 2380 715 καὶ
2433 667 2652 718 θανάτου
2698 667 2837 729 άξιοί
2891 667 3042 732 εἰσιν,
3098 670 3146 718 οἱ
3191 668 3293 719 θεοὶ
3341 668 3481 738 ὑμῶν
3538 677 3887 741 παρανομοῦν-

529 773 663 810 mus
721 756 820 825 qui
857 754 933 809 ab
987 753 1109 808 istis
1167 769 1228 806 se
1281 753 1578 824 spurcitiis
1634 755 2135 810 continueruntzt

2290 770 2368 814 τες
2423 757 2600 806 πύσων
2675 758 2904 808 θανάτων
2980 756 3118 819 οἰξιοί
3191 756 3358 810 εἰσινῖ
3418 753 3649 827 Οἴδαμεν
3700 757 3885 831 ἀνθρώ-

523 843 1072 916 justiappellantur,
1092 841 1399 897 libidinem
1419 849 1782 898 aversantes.
1820 845 1966 911 Ergo
1997 842 2129 896 hom

2289 862 2414 902 πούς
2466 842 2924 918 ἐγκρατευομένους
2979 845 3079 900 ἀπὸ
3134 854 3232 896 τῶν
3291 844 3623 920 ἀκαθαρσιῶν
3672 848 3885 911 τούτων,

527 951 632 990 nes
659 935 1026 990 continentes
1057 932 1172 987 diis
1205 933 1705 988 incontinentibus
1736 932 2133 1003 praestantiore

2288 935 2376 982 καὶ
2441 931 2674 1002 λέγονται
2756 931 2977 997 δίκαιοι,
3034 934 3411 1007 γυλασσόμενοι
3465 933 3565 987 ἀπὸ
3629 933 3887 1006 ἀσελγείας

527 1030 682 1080 sunt.
719 1024 776 1079 Si
811 1039 929 1078 non
971 1022 1048 1077 ita
1089 1039 1182 1077 res
1221 1038 1281 1077 se
1321 1022 1520 1088 habet,
1555 1022 1658 1076 sed
1708 1021 1863 1076 male
1921 1020 2066 1084 dixi,
2101 1024 2133 1074 tt

2288 1019 2470 1072 οὐκοῦν
2529 1024 2576 1072 οἰ
2648 1021 2913 1095 ἐγκρατεῖς
2969 1025 3232 1096 ἄνθρωποι
3309 1032 3409 1074 τῶν
3468 1025 3590 1076 θεῶν
3651 1022 3886 1097 ἀκρατῶν

528 1114 870 1169 stimonium
913 1112 1058 1167 mihi
1098 1111 1361 1183 perhibe.
1394 1114 1592 1182 Neque
1619 1111 1777 1165 enim
1821 1109 1972 1165 male
2005 1110 2124 1163 dixi

2287 1113 2563 1182 κρείττονες
2619 1112 2740 1165 εἰσι.
2792 1112 2851 1165 Εἰ
2906 1109 2964 1165 δὲ
3016 1113 3110 1165 οὐκ
3157 1115 3270 1184 ἔχει
3314 1113 3492 1178 οὕτως,
3546 1111 3674 1164 ἀλλά
3721 1122 3889 1174 κακῶς

525 1219 668 1259 nam
699 1202 775 1256 dii
807 1217 924 1256 non
959 1204 1116 1265 sunt,
1145 1199 1249 1271 qui
1277 1205 1533 1265 servant,
1559 1200 1660 1254 sed
1687 1199 1930 1270 pessimi
1958 1198 2131 1254 deem<

2288 1195 2447 1264 εἷπον,
2508 1203 2846 1272 μαρτύρησον
2899 1219 3032 1274 μοι·
3094 1202 3188 1253 οὐκ
3245 1198 3382 1254 εἷπον
3430 1204 3528 1275 γὰρ
3583 1211 3751 1262 κακῶς
3809 1204 3889 1254 ὃτι

524 1307 650 1358 nes,
684 1290 902 1346 animis
935 1289 1256 1360 perniciem
1279 1289 1612 1344 afferentes.

2287 1287 2382 1338 οὐκ
2435 1288 2539 1341 εἱσὶ
2611 1291 2711 1342 θεοὶ
2789 1291 3060 1356 σώζοντες,
3120 1289 3247 1343 ἀλλά
3317 1288 3559 1363 δαίμονες
3619 1293 3885 1356 κάκιστοι,

2291 1377 2632 1452 ὀλοθρεύοντες
2658 1378 2864 1450 ψυχάς.

597 1470 662 1525 V.
689 1469 943 1524 Sanctus
977 1467 1174 1523 Daniel
1207 1466 1348 1522 dicit
1374 1472 1574 1522 sancto
1605 1467 1844 1522 Leontio
1873 1486 1885 1522 :
1926 1465 2074 1521 Belle
2094 1464 2176 1520 di-

2358 1464 2426 1519 E'.
2466 1466 2523 1519 Ὀ
2574 1468 2721 1539 οἱγιος
2773 1469 2961 1526 Δανιὴλ
3007 1469 3142 1540 λέγει
3187 1477 3257 1539 τῷ
3307 1469 3436 1541 ἁγίῳ
3484 1473 3704 1541 Λεοντίῳ
3734 1489 3747 1503 ο
3783 1476 3891 1522 Κα-

526 1561 682 1625 xisti,
706 1561 889 1624 Pater,
910 1566 965 1613 et
989 1557 1160 1612 nobis
1177 1557 1458 1612 omnibus
1476 1557 1709 1612 animos
1728 1556 2026 1612 addidisti.
2054 1557 2132 1611 Du

2285 1554 2383 1618 λῶς
2436 1553 2595 1621 εἶπας,
2657 1557 2844 1632 Πάτερ,
2898 1564 2987 1610 καὶ
3037 1561 3237 1618 Πάντας
3280 1559 3415 1630 ἡμᾶς
3471 1558 3885 1633 παρεθάρρυνας.

528 1650 705 1705 dixit:
734 1648 946 1704 Malum
995 1652 1195 1716 caput,
1230 1651 1285 1700 et
1313 1646 1476 1701 omni
1529 1645 1830 1701 dementia
1884 1645 2128 1718 plenum

2284 1643 2340 1697 Ὁ
2395 1642 2523 1708 δοὺξ
2578 1645 2754 1701 εἷπενε
2794 1653 2936 1706 Κακὴ
2994 1648 3210 1719 κεφαλὴ,
3269 1652 3357 1699 καὶ
3415 1650 3586 1708 πάσης
3641 1648 3890 1709 ἀπονοίας

522 1754 722 1794 nonne
741 1740 894 1792 Deus
918 1741 1124 1800 vester,
1149 1741 1438 1806 tanquam
1457 1734 1760 1790 maleficus
1784 1734 1942 1790 cruci
1959 1735 2128 1789 affixa

2284 1734 2676 1808 πεπληρωμένη,
2738 1737 2864 1808 οὐχὶ
2932 1738 2957 1788 ό
3037 1742 3162 1798 Θεὸς
3231 1738 3372 1807 ὑμῶν
3441 1735 3742 1810 ἐσταυρώθη
3823 1739 3889 1798 ὡς

525 1832 648 1893 est;
680 1825 884 1898 ecquis
922 1830 1121 1880 autem
1167 1824 1406 1878 deorum
1453 1829 1789 1879 nostrorum
1845 1823 2059 1878 afﬁxus
2091 1840 2131 1878 e:

2283 1831 2613 1895 κακοῦργος;
2671 1829 2745 1886 τίς
2797 1822 2855 1878 δὲ
2908 1834 3006 1878 τῶν
3063 1828 3185 1878 θεῶν
3244 1827 3389 1898 ἡμῶν
3444 1825 3745 1900 ἐσταυρώθη
3777 1842 3793 1892 ;
3829 1825 3887 1879 εΟ

523 1916 682 1971 cruci
712 1915 740 1970 ‘I
771 1917 1018 1969 Sanctus
1073 1913 1344 1966 Leontius
1389 1911 1566 1966 dicit:
1601 1913 1747 1966 Deus
1788 1918 1986 1967 noster
2015 1928 2129 1966 orm

2285 1913 2426 1984 άγιος
2475 1919 2712 1976 Λεόντιος
2759 1915 2930 1986 λέγει·
2963 1915 3019 1967 Ὀ
3073 1919 3161 1987 μὲν
3209 1917 3456 1988 ἡμέτερος
3509 1919 3634 1976 Θεὸς
3692 1915 3891 1967 ἐσταυ-

521 2005 737 2061 afﬁxus
763 2008 850 2058 est
879 2019 891 2069 ;
920 2001 1065 2073 quin
1095 2002 1216 2056 imo
1235 2002 1292 2055 in
1317 2017 1488 2056 cruce
1506 2002 1633 2072 ejus
1655 2001 2000 2071 gloriamur,
2035 2017 2127 2056 cor

2284 2004 2445 2074 ρώθη,
2479 2008 2568 2055 καὶ
2616 2003 3000 2076 ἐγκαυχώμεθα
3043 2004 3089 2056 ἐν
3121 2013 3192 2076 τῷ
3243 2013 3451 2079 σταυρῷ
3503 2004 3683 2070 αὐτοῦ,
3718 2001 3793 2056 δι’
3829 2005 3890 2056 οὗ

521 2099 609 2149 tra
631 2110 816 2165 quam
842 2092 919 2146 dii
949 2091 1118 2145 vestri
1141 2089 1286 2144 nihil
1306 2089 1638 2161 quidquam
1664 2090 1880 2146 valent.
1909 2088 2127 2146 Christi

2286 2095 2331 2145 οἱ
2364 2095 2466 2145 θεοὶ
2495 2094 2635 2165 ὑμῶν
2667 2094 2760 2146 οὐκ
2792 2094 2866 2146 ἐτι
2909 2095 3192 2166 ἰσχύουσιν
3214 2112 3227 2126 ⁶
3257 2097 3282 2147 ὁ
3329 2097 3429 2168 γὰρ
3473 2099 3722 2170 Χριστὸς,
3757 2093 3892 2167 βου-

520 2185 676 2239 enim
701 2181 907 2237 volens
929 2180 1233 2235 hominem
1266 2195 1505 2235 servare
1528 2196 1563 2234 a
1595 2179 1717 2246 tali,
1745 2196 1882 2251 quae
1912 2180 2126 2235 invalut

2283 2180 2488 2252 λόμενος
2532 2191 2704 2234 σῶσαι
2747 2186 2834 2234 τὸν
2864 2185 3132 2256 ἄνθρωπον
3180 2182 3272 2237 διὰ
3319 2189 3413 2242 τὴν
3455 2183 3889 2257 ἕπικρατησασαν

516 2277 629 2337 rat,
661 2270 984 2343 impietate,
1018 2268 1346 2324 voluntarie
1391 2285 1451 2324 se
1487 2269 1727 2324 tradidit
1777 2269 2014 2336 Judaais,
2046 2270 2122 2326 ha

2285 2273 2474 2328 ταύτην
2548 2269 2820 2336 ἀθεότητα,
2874 2272 3124 2333 ἑκουσίως
3197 2272 3376 2325 ἑαυτὸν
3443 2270 3713 2346 παρέδωκε
3771 2280 3891 2334 τοῖς

518 2377 626 2434 per
654 2360 978 2432 prophetas
1006 2357 1384 2423 vaticinatus,
1419 2363 1482 2412 ut
1505 2359 1814 2429 antiquam
1854 2359 2033 2430 primi
2070 2358 2124 2413 ht

2280 2357 2579 2426 Ἰουδαίοις,
2640 2360 2974 2435 προκηρύξας
3033 2370 3202 2414 ταῦτα
3259 2359 3351 2414 διὰ
3420 2371 3520 2414 τῶν
3577 2370 3882 2436 προφητῶν,

522 2450 698 2506 minis
724 2448 1268 2520 praevaricationem
1305 2464 1407 2518 per
1431 2464 1664 2503 crucem
1695 2448 1964 2517 solveret,
1994 2448 2128 2503 adi:

2283 2449 2365 2500 ἱνα
2395 2447 2487 2501 διὰ
2516 2457 2606 2501 τοῦ
2657 2457 2886 2524 σταυροῦ
2930 2450 3228 2522 παράϐασιν
3276 2450 3507 2525 ἀρχαίαν
3552 2459 3641 2504 τοῦ
3674 2470 3883 2523 πρωτο-

517 2539 751 2595 fernum
783 2537 1187 2600 descenderet,
1219 2553 1352 2590 cum
1386 2537 1658 2607 aperiret,
1688 2538 1922 2592 animas
1961 2537 2123 2592 liber:

2280 2538 2514 2590 πλάστου
2561 2538 2719 2612 λύσῃ,
2750 2545 2838 2592 καὶ
2882 2539 3100 2613 κατέλθῃ
3136 2541 3207 2597 εἰς
3253 2544 3336 2592 τὸν
3368 2537 3524 2611 ᾅδην,
3556 2544 3644 2591 καὶ
3694 2538 3880 2613 ἀνοίξῃ

518 2634 625 2691 ret,
655 2633 708 2682 et
755 2626 1245 2681 resurrectionem
1315 2624 1487 2680 nobis
1531 2625 1800 2680 donaret.
1834 2625 1919 2680 Dii
1969 2633 2124 2681 autel

2280 2635 2478 2693 τοῦτον,
2533 2633 2622 2679 καὶ
2691 2627 2926 2700 ἀπολύσῃ
3005 2629 3203 2701 ψυχὰς,
3254 2635 3343 2682 καὶ
3411 2628 3697 2682 ἀνάστασιν
3752 2631 3883 2701 ἡμῖν

519 2717 712 2783 vestri,
741 2717 964 2789 Jupiter
994 2714 1238 2786 quidem
1271 2717 1512 2786 propter
1540 2715 1833 2770 luxuriam
1866 2715 2056 2770 factus
2087 2732 2125 2769 e:

2282 2711 2625 2789 δωρήσηται·
2662 2719 2710 2768 οἱ
2761 2713 2817 2769 δὲ
2849 2720 3084 2790 ὑμέτεροι
3135 2721 3262 2787 θεοὶ,
3309 2723 3434 2780 Ζεὺς
3481 2722 3590 2790 μὲν,
3622 2716 3693 2771 δι’
3740 2717 3885 2771 ἀσω-

517 2823 768 2879 cygnus,
785 2812 983 2862 taurus
1003 2821 1071 2859 ac
1098 2819 1365 2875 serpens.
1385 2803 1683 2868 Quidnam
1699 2819 1840 2872 ergo
1854 2803 2123 2859 amabilit

2280 2811 2392 2856 τίαν
2445 2809 2643 2870 κύκνος,
2697 2811 2787 2858 καὶ
2843 2815 3051 2880 ταῦρος,
3128 2813 3212 2861 καὶ
3266 2809 3469 2882 ἑρπετόν
3543 2807 3770 2879 ἐγένετο’
3836 2813 3886 2860 τί

516 2903 624 2960 est,
653 2896 938 2959 Deumne,
965 2901 1285 2964 postquam
1308 2892 1510 2954 homo,
1537 2909 1718 2964 quem
1745 2893 1979 2959 fecerat,
2010 2893 2122 2949 mal

2280 2891 2367 2946 οὖν
2423 2893 2561 2947 ἐστιν
2622 2895 2978 2970 ἐραστότερον,
3031 2901 3158 2951 Θεὸν
3209 2902 3295 2950 τόν
3341 2903 3636 2956 ποιήσαντα
3683 2899 3883 2973 ἄνθρω-

516 3001 625 3040 sua
652 2983 956 3039 volnutate
982 2983 1252 3052 perierat,
1288 2981 1574 3048 Deumne,
1598 2981 1865 3053 inquam,
1902 2998 2008 3053 pro
2040 2983 2122 3054 ips

2283 3002 2393 3048 πον,
2445 2987 2532 3035 καὶ
2591 2982 2891 3038 ἀπολωλότα
2955 2983 3047 3038 διὰ
3101 2983 3239 3038 ἰδίαν
3299 2987 3483 3038 ἑαυτοῦ
3540 2990 3703 3043 κακὴν
3758 3005 3889 3058 προ-

517 3073 667 3128 mori
685 3077 741 3126 et
753 3086 1078 3139 resurgere,
1097 3076 1273 3141 atque
1288 3085 1320 3124 n
1332 3086 1446 3124 unc
1459 3071 1654 3142 ipsum
1670 3070 1844 3124 simul
1861 3087 2123 3140 resurget

2282 3077 2504 3146 αἰρεσιν,
2538 3071 2810 3126 ἀποθανεῖν
2856 3079 2942 3126 τὸν
2976 3078 3102 3128 Θεὸν
3135 3073 3205 3128 δι’
3240 3075 3417 3143 αὐτόν,
3451 3081 3538 3128 καὶ
3570 3075 3887 3140 ἀναστῆναι,

523 3159 987 3216 misericordiam
1041 3163 1422 3212 consecutum
1459 3175 1472 3218 :
1501 3174 1575 3214 an
1609 3159 1687 3213 ob
1717 3157 2012 3214 luxuriam
2045 3159 2129 3214 ﬁet

2283 3166 2367 3213 καὶ
2426 3172 2811 3222 συναναστῆναι
2864 3172 3044 3217 τοῦτον
3101 3164 3385 3236 ἐλεηθέντα,
3436 3166 3465 3224 ἡ
3526 3162 3596 3217 δι’
3654 3165 3889 3217 ἀσωτίαν

521 3249 808 3304 ciconiam
837 3253 1110 3320 etrepere
1138 3247 1216 3302 ob
1238 3247 1542 3301 libidinem
1568 3248 1595 3302 ?
1628 3248 1900 3304 Similiter
1929 3265 2127 3320 quoqu

2281 3254 2518 3322 γενέσθαι
2586 3253 2862 3326 πελαργόν,
2918 3258 3008 3306 καὶ
3078 3254 3245 3326 ἕρπειν
3300 3251 3394 3306 διὰ
3441 3259 3533 3312 τὴν
3608 3258 3887 3328 πορνείσν;

524 3338 748 3410 Apollo,
780 3338 926 3392 deus
984 3343 1199 3401 vester,
1236 3335 1479 3391 fulmine
1537 3337 1728 3408 periit,
1759 3343 1820 3392 ut
1863 3337 1920 3392 in
1952 3337 2130 3393 fabuli

2281 3341 2500 3412 Ὀμοίως
2534 3337 2592 3393 δὲ
2638 3346 2727 3394 καὶ
2771 3342 3051 3406 Ἀπόλλων,
3097 3344 3122 3394 ό
3165 3346 3291 3403 Θεὸς
3338 3345 3498 3416 ὑμῶν,
3533 3342 3887 3416 ἐκεραυνώθη,

517 3428 724 3484 vestris
755 3429 813 3482 in
846 3443 1085 3482 scenam
1118 3426 1314 3480 datur.
1357 3425 1732 3499 Esculapius
1769 3443 1908 3482 vero
1948 3433 2004 3482 et
2034 3431 2123 3482 Hei

2283 3433 2346 3489 ὡς
2392 3428 2438 3480 ἐν
2483 3436 2590 3490 τοῖς
2620 3432 2806 3502 μύθοις
2854 3433 2995 3501 ὑμῶν
3040 3428 3410 3503 τραγῳδεῖται.
3456 3431 3773 3494 Ἀσκληπιός
3830 3429 3889 3483 δὲ

516 3517 678 3573 cules
709 3516 950 3572 fulmine
980 3515 1186 3570 itidem
1219 3515 1313 3569 icti
1340 3521 1396 3569 et
1422 3515 1559 3586 igne
1586 3515 1805 3570 cmlesti
1830 3531 2122 3589 consump

2283 3523 2372 3570 καὶ
2425 3517 2684 3594 Ἡρακλῆς
2733 3518 3157 3595 ἐκεραυνώθησαν
3230 3526 3319 3572 καὶ
3388 3522 3558 3586 αὐτοὶ,
3612 3526 3701 3572 καὶ
3756 3541 3887 3574 κατ-

516 3607 752 3665 fuerunt
788 3622 802 3673 ;
846 3621 966 3661 non
1005 3605 1163 3660 enim
1199 3603 1279 3658 dii
1306 3610 1493 3670 erant,
1525 3604 1628 3660 sed
1653 3605 2028 3676 impostores.

2285 3604 2690 3666 εδαπανὴθησαν
2738 3613 2866 3681 πυρὶ
2911 3609 3154 3683 οὐρανίῳ,
3188 3609 3245 3662 οὐ
3288 3613 3388 3686 γὰρ
3435 3608 3567 3669 ἦσαν
3611 3612 3735 3677 θεοὶ,
3771 3609 3885 3662 ἀλλ’

2286 3696 2561 3756 ἀπατηλοί.

2027 3829 2256 3886 CAPUT
2294 3828 2360 3884 Il.

601 3985 817 4044 Sancti
835 3982 1120 4051 lapidibus
1150 3983 1413 4051 percussi
1437 3987 1490 4038 et
1519 3983 1579 4037 in
1611 3995 1903 4038 carcerem
1937 3982 2210 4051 conjecti,
2240 3981 2423 4038 variis
2452 3980 2734 4051 exemplis
2765 3995 2802 4036 α
2822 3986 3028 4037 sancto
3051 3981 3284 4038 Leontio
3317 3983 3774 4051 conﬁrmantur.

585 4129 679 4185 Vl.
705 4131 849 4183 Tum
888 4126 1010 4182 dux
1052 4125 1236 4180 iratus
1262 4124 1561 4196 lapidibus
1590 4123 1788 4179 vultus
1818 4140 2024 4180 eorum
2057 4141 2165 4180 ete-

2350 4123 2420 4188 g'.
2492 4128 2593 4176 Καὶ
2672 4123 2917 4196 χολώσας
2995 4125 3019 4174 ό
3093 4120 3222 4186 δοὺξ
3275 4122 3502 4177 ἐκέλευσε
3567 4125 3729 4186 λίθοις
3791 4129 3885 4188 τὰς

516 4219 574 4274 di
622 4218 814 4288 jussit.
850 4220 914 4272 Et
963 4216 1146 4270 dixit:
1182 4217 1296 4270 Ora
1335 4229 1540 4268 eorum
1592 4214 1895 4283 percutite,
1931 4230 2001 4269 ex
2031 4216 2122 4285 qui

2279 4212 2423 4282 ὄψεις
2474 4212 2640 4264 αὐτῶν
2695 4209 2960 4285 δέρεσθαι,
3013 4216 3101 4262 καὶ
3148 4212 3302 4282 λέγει·
3355 4215 3581 4266 Τύπτετε
3635 4217 3701 4265 τὰ
3754 4221 3885 4268 στό-

515 4307 629 4362 bus
662 4306 1030 4375 blasphemia
1054 4304 1246 4375 erupit
1270 4309 1475 4358 contra
1493 4302 1655 4356 deos.
1688 4303 1952 4356 Percussi
1980 4318 2121 4357 sane

2276 4321 2417 4372 ματα
2455 4301 2642 4367 αὐτῶν,
2678 4303 2790 4353 ὅθεν
2835 4300 3011 4363 ἐξῆλθε
3061 4298 3376 4372 βλασφημία
3425 4302 3496 4362 είς
3542 4306 3660 4362 τούς
3701 4305 3878 4366 Θεούς,

513 4395 722 4449 dicunt
752 4400 1008 4466 tyranno
1042 4411 1054 4447 :
1093 4397 1242 4448 Deus
1266 4399 1316 4446 te
1347 4408 1740 4462 percussurus
1763 4397 1868 4454 est,
1902 4392 2119 4445 ministe

2277 4393 2341 4442 Οἱ
2400 4388 2458 4442 δὲ
2509 4392 2650 4461 οἷγιοι
2703 4395 3012 4460 τυπτόμενοι
3058 4389 3297 4461 λέγουσιν
3351 4399 3421 4460 τῷ
3473 4395 3720 4463 τυράννῳ·
3774 4397 3883 4446 Τύ-

516 4482 920 4554 Satame,quia
935 4481 1183 4538 audiens
1201 4480 1733 4543 veritatem,ebrius
1755 4497 1816 4535 es
1838 4480 2122 4550 impietate

2274 4499 2416 4531 πτειν
2471 4499 2526 4531 σε
2573 4479 2740 4552 μέλλει
2788 4483 2812 4531 ό
2885 4483 3030 4544 Θεὸς,
3082 4480 3314 4554 ύπηρέτα
3368 4488 3460 4531 τού
3516 4487 3732 4546 Σατανᾶ,
3798 4485 3880 4535 ὅτι

515 4574 763 4628 Sanctus
794 4571 1062 4626 Leontius
1093 4571 1229 4624 dicit
1259 4587 1271 4621 :
1308 4572 1552 4634 Fratres,
1585 4586 1656 4624 ne
1690 4568 2017 4624 maledicite
2045 4569 2121 4624 his

2274 4573 2366 4627 τὴν
2415 4568 2658 4627 ἀλήθειαν
2712 4568 2908 4620 ἀκούων
2957 4571 3162 4640 μεθύεις
3215 4577 3274 4641 τῇ
3329 4567 3554 4642 ἀσεϐείᾳ·
3612 4569 3669 4622 Ὀ
3720 4571 3880 4641 air/io;

511 4661 615 4733 qui
682 4677 752 4716 ex
807 4677 866 4715 se
917 4660 1059 4731 ipsis
1119 4659 1411 4715 maledicti
1472 4664 1626 4722 sunt,
1677 4659 2007 4715 benedicite
2058 4676 2117 4730 p(

2274 4662 2509 4717 Λεόντιος
2556 4656 2710 4728 λέγει’
2766 4653 3028 4728 Ἀδελφοι,
3086 4661 3155 4727 μὴ
3217 4661 3512 4732 καταρᾶσθε
3555 4663 3669 4718 τούς
3713 4660 3880 4712 αὐτο-

511 4750 647 4820 tius,
679 4750 964 4822 quoniam
997 4750 1078 4804 ita
1131 4749 1413 4821 scriptum
1447 4754 1533 4804 est
1563 4765 1574 4802 :
1607 4770 1633 4800 ι(
1664 4749 2002 4806 Benedicite
2033 4765 2117 4819 pe]

2273 4749 2617 4822 καταράτους,
2668 4744 2793 4797 ἀλλὰ
2858 4745 3047 4816 μᾶλλον
3125 4745 3373 4816 εὐλογεῖτε
3402 4764 3412 4774 ·
3470 4744 3647 4806 ἐπειδὴ
3707 4747 3879 4811 οὕτως

511 4839 899 4911 sequentibus
931 4840 1061 4894 vos1
1095 4855 1108 4903 ;
1141 4858 1168 4889 »
1196 4837 1526 4893 benedicite
1558 4842 1613 4892 et
1653 4853 1767 4892 non
1803 4836 2117 4892 maledicitt

2273 4839 2684 4910 ἐπιγέγραπται·
2737 4834 3000 4905 Εὐλογεῖτε
3049 4837 3166 4894 τοὺς
3220 4831 3503 4896 διώκοντας
3559 4838 3690 4909 ὑμᾶς
3722 4855 3733 4866 ·
3792 4839 3879 4891 εὖ-

505 4929 636 4984 Dux
691 4928 867 4984 dicit:
895 4928 1118 4993 Leonti,
1156 4943 1260 4998 per
1298 4926 1442 4982 deos
1476 4927 1630 4995 iuro,
1663 4925 1710 4981 si
1738 4926 2106 4997 obtemperet

2269 4923 2484 4996 λογεῖτε,
2533 4928 2622 4976 καὶ
2675 4927 2746 4996 μὴ
2802 4924 3123 4998 καταρᾶσθε.
3168 4923 3225 4976 Ὀ
3281 4921 3409 4987 δούξ
3449 4923 3602 4978 εἶπεν·
3637 4932 3875 4994 Λεόντιε,

507 5018 650 5074 mihi
681 5023 738 5074 et
768 5016 1130 5082 sacriﬁcetis,
1165 5014 1461 5088 quidquid
1507 5015 1830 5081 volueritis,
1863 5015 2020 5071 dabo
2061 5031 2113 5070 ν(

2273 5017 2344 5086 μὰ
2403 5017 2519 5074 τοὺς
2551 5015 2715 5078 θεούς,
2769 5011 2854 5064 ἐὰν
2897 5015 3149 5072 πεισθῆτέ
3189 5034 3298 5086 μοι,
3343 5019 3432 5066 καὶ
3492 5018 3655 5081 θύετε,
3702 5017 3726 5068 ὃ
3786 5017 3879 5070 ἐὰν

502 5107 596 5164 bis
619 5127 631 5168 :
658 5123 800 5164 nam
829 5107 1139 5178 hucusque
1168 5120 1271 5161 vos
1298 5104 1572 5168 sustinui,
1601 5104 1986 5160 considerans
2010 5103 2108 5159 futl

2279 5103 2553 5176 βούλησθε,
2611 5102 2815 5175 παρέξω
2891 5103 3012 5174 ύμῖν
3047 5121 3059 5132 ·
3115 5103 3207 5164 ἓως
3276 5105 3375 5177 γὰρ
3452 5114 3542 5157 τοῦ
3613 5110 3885 5181 παρόντος

503 5213 660 5265 rum,
690 5202 751 5253 ut
782 5193 1182 5252 mutaremini.
1220 5194 1274 5250 Si
1300 5193 1500 5266 itaque
1552 5192 2016 5265 imperatoribus
2065 5208 2109 5248 rt

2275 5193 2572 5263 ἠνεσχόμην
2619 5192 2783 5264 ὑμῶν,
2837 5199 3042 5244 σκοπῶν
3097 5195 3191 5250 τὴν
3243 5191 3549 5264 μεταϐολήν.
3605 5195 3719 5248 Ἐὰν
3779 5193 3881 5250 οὖν

503 5285 845 5357 fragamini,
864 5288 919 5341 et
931 5285 979 5340 si
997 5283 1413 5354 non_veneritis
1430 5282 1543 5338 diis
1561 5281 1968 5347 sacriﬁcaturi,
1984 5297 2109 5338 men

2277 5282 2636 5353 παρακούσητε
2713 5288 2811 5333 τῶν
2891 5280 3307 5355 αὐτοκρατόρων,
3366 5286 3450 5334 καὶ
3530 5288 3626 5357 μὴ,
3703 5304 3883 5361 προσ-

501 5373 616 5431 bra
639 5379 838 5431 vestra
872 5373 1064 5430 corvis
1094 5377 1150 5430 et
1180 5371 1429 5429 canibus
1470 5370 1673 5427 cibum
1705 5385 2071 5444 proponam,
2103 5393 2107 5418 ι

2277 5368 2510 5440 ςλθόντες,
2563 5369 2757 5428 θύσητε
2809 5375 2914 5432 τοῖς
2996 5371 3150 5440 θεοῖς,
3201 5371 3265 5422 τὰ
3336 5370 3464 5444 μέλη
3541 5373 3682 5447 ὐμῶν
3756 5382 3883 5440 τοίς

571 5531 816 5591 lMatth.
843 5549 902 5601 v,
933 5533 1023 5590 44.
