4066 6224
645 67 656 76 .

359 131 422 162 ,δ

347 167 384 180 ,ι

245 195 252 204 ί
317 207 324 209 .

205 195 324 294 sit?"
1211 223 1648 284 MARTYRIUM
1687 221 1790 278 ss.
1833 219 1974 274 XLV
2015 221 2451 280 MARTYRUM.

3400 227 3506 284 330

199 357 344 430 κόραξι
389 359 474 408 κάὶ
521 359 626 414 τοῖς
675 357 798 406 κυσὶ
849 351 1012 426 βορὰν
1071 354 1387 426 παραθήσω,
1447 355 1538 404 καὶ
1598 345 1747 402 οὐδὲν

1882 346 2007 402 tihil
2035 348 2202 404 vobis
2235 349 2500 422 proderit
2531 349 2705 406 stulta
2735 349 3088 422 pervicacia.
3121 353 3372 409 Sanctus
3395 353 3507 410 An-

195 451 296 518 ὑμᾶς
347 445 588 516 ὠφελήσει
631 445 662 500 ἡ
719 445 920 514 ματαία
973 445 1236 503 ἔνστασις.
1268 442 1326 494 Ὀ
1377 441 1520 512 ἅγιος
1568 441 1748 492 Ἀντώ-

185 555 272 594 νιος
317 535 470 604 λέγει·
531 536 707 592 Ποίοις
757 535 888 592 θεοῖς
945 531 1162 592 κελεύεις
1215 534 1372 583 θῦσαι
1417 533 1556 602 ἡμᾶς
1589 546 1602 596 ;
1641 533 1750 580 Λυ-

185 629 286 685 σίας
331 623 478 693 λέγει·
529 623 740 674 Θύσατε
793 629 864 691 τῷ
919 623 998 672 Διὶ
1059 625 1148 672 καὶ
1191 628 1263 690 τῷ
1327 618 1632 674 Ἀπόλλωνι.
1691 623 1748 666 Ὁ

179 715 310 784 άγιος
361 715 588 770 Λεόντιος
649 707 802 762 εἶπεν·
861 711 918 761 Ὀ
965 713 1094 771 Θεὸς
1149 710 1291 780 ὑμῶν
1347 707 1526 760 ἑαυτὸν
1578 713 1750 759 σῶσαι

180 807 238 872 μὴ
288 797 576 871 δυνάμενος,
627 797 886 851 Ἀπόλλων
937 798 1159 870 λέγεται·
1207 805 1362 850 τοῦτο
1415 798 1560 868 ὑμεῖς
1619 813 1750 868 μαρ-

179 895 364 964 τυρεῖτε.

237 979 300 1040 Ζ’,
329 979 718 1049 Ἀγανακτὴσας
741 975 828 1028 οὖν
855 977 880 1026 ό
931 979 1157 1046 Λυσίας,
1204 981 1292 1028 καὶ
1341 975 1398 1028 ἐκ
1444 981 1535 1028 τοῦ
1583 975 1750 1045 θυμοῦ

177 1071 278 1129 τούς
312 1067 597 1140 ὀφθαλμοὺς
643 1063 930 1140 διαπύρους
974 1071 1216 1132 ποιήσας,
1278 1071 1366 1118 καὶ
1411 1069 1597 1138 τρίσας
1631 1065 1751 1123 τοὺς

179 1155 386 1220 ὀδόντας,
432 1157 688 1210 ἐκέλευσεν
736 1152 944 1230 σιδήρῳ
975 1151 1190 1214 δεθῆναι
1222 1155 1390 1206 αὐτῶν
1423 1157 1515 1215 τὰς
1545 1161 1747 1226 χεῖρας,

177 1251 252 1300 καὶ
301 1249 416 1308 τοὺς
461 1243 646 1308 πόδας,
698 1247 788 1296 καὶ
843 1243 1040 1304 κλοιοῖς
1095 1242 1410 1318 βαρυτάτοις
1460 1261 1750 1314 κατασφιγ-

179 1339 374 1408 χθὲντας
443 1333 760 1392 ἁποτεθῆναι
842 1333 914 1392 εἰς
975 1335 1030 1385 τὸ
1110 1329 1472 1406 δεσμωτήριον
1539 1331 1608 1390 εἰς
1663 1334 1749 1381 τόν

181 1429 350 1501 πύργον
426 1432 516 1484 τῆς
567 1421 756 1482 πόλεως
813 1431 906 1483 τῆς
963 1420 1262 1494 βλεπούσης
1332 1424 1467 1474 κατὰ
1539 1419 1746 1494 βορέαν,

179 1515 280 1566 ἔνθα
319 1519 402 1564 καὶ
443 1517 588 1584 πηγὴ
645 1514 976 1584 ὑπεκτρέχει,
1022 1513 1218 1585 ῥέουσα
1273 1511 1452 1573 ἔξωθεν
1499 1517 1593 1571 τῆς
1651 1511 1749 1560 πύ-

179 1603 254 1662 λης
297 1609 384 1661 τῆς
421 1601 634 1660 πόλεως·
687 1600 1038 1674 παραγγείλας
1093 1608 1200 1662 τοῖς
1247 1599 1609 1671 φυλάσσουσιν
1659 1598 1750 1649 αὖ·

179 1697 280 1752 τοὺς
349 1695 716 1764 στρατιώταις,

182 1783 352 1843 αὐτοῖς’
397 1781 629 1848 Βλέπετε,
691 1777 730 1830 ὦ
781 1787 982 1833 Μεναῐα
1025 1785 1110 1831 καὶ
1168 1776 1476 1854 Βηληράδη,
1517 1787 1624 1840 πῶς
1662 1779 1750 1830 αὗ-

183 1875 280 1932 τονς
325 1871 622 1942 φυλάττετε·
683 1871 758 1941 μὰ
809 1872 896 1920 τόν
952 1869 1052 1942 γὰρ
1113 1869 1454 1932 Ἀσκληπιὸν,
1528 1871 1606 1920 ὅτι
1669 1867 1752 1918 ἐὰν

181 1962 322 2031 μάθω,
367 1961 444 2010 ότι
501 1957 660 2030 ἆρτος
702 1959 731 2016 ἦ
793 1954 936 2030 ὔδωρ
983 1953 1138 2014 ἐδόθη
1186 1957 1363 2018 αὐτοῖς
1411 1959 1553 2032 παρά
1593 1977 1750 2020 τινος,

182 2053 252 2106 τὴν
294 2047 488 2100 ἐκείνων
541 2051 794 2121 τιμωρίαν
846 2048 968 2118 ὑμῖν
1025 2045 1279 2112 ἐπιθήσω,
1339 2051 1428 2099 καὶ
1480 2051 1606 2118 πυρὶ
1661 2049 1754 2097 σὺν

183 2137 357 2198 ἐιείνοις
393 2138 532 2208 ὑμᾶς
579 2134 848 2190 ἀναλώσω.
881 2138 946 2188 Οἱ
993 2133 1052 2188 δὲ
1086 2129 1421 2208 στρατιῶται,
1469 2139 1535 2188 τὰ
1583 2132 1757 2206 δεσμὰ

181 2229 436 2302 περιθέντες
487 2233 599 2286 τοῖς
647 2225 836 2296 ἁγίοις,
891 2223 1118 2278 ἐνέϐαλον
1159 2226 1230 2287 εἰς
1282 2229 1366 2278 τὸν
1424 2229 1642 2298 πύργον.
1692 2227 1758 2276 Οἱ

185 2315 230 2370 δι
271 2318 402 2389 ἅγιοι
453 2337 526 2379 ως
579 2315 632 2379 ἐξ
679 2315 781 2376 ἐνὸς
816 2320 1066 2387 στόματος
1105 2316 1288 2387 ἔλεγον·
1321 2315 1643 2387 Εὐλογοῦμέν
1678 2334 1753 2380 σε,

184 2407 336 2476 Κύριε,
391 2411 476 2460 τόν
533 2405 758 2458 Βασιλέα
787 2414 875 2466 τῆς
907 2402 1086 2474 δόξης,
1133 2409 1219 2456 τόν
1263 2405 1345 2458 ἐπὶ
1394 2410 1609 2458 Ποντίου
1667 2411 1756 2456 [It-

181 2495 312 2548 λάτον
367 2499 714 2569 παραστάντα
763 2495 832 2555 εἰς
883 2500 1150 2566 κριτήριον
1211 2491 1304 2546 διὰ
1359 2497 1453 2556 τὰς
1509 2497 1758 2568 ἡμετέρας

185 2583 434 2656 ἁμαρτίας
493 2591 566 2638 σὺ
607 2587 708 2657 γὰρ
760 2585 812 2636 εἴ
848 2585 876 2642 ἡ
931 2584 1145 2642 ἀληθινὴ
1202 2583 1334 2650 ζωὴ,
1367 2585 1392 2634 ό
1437 2586 1562 2656 ὑπὲρ
1613 2586 1760 2656 ἡμῶν

185 2683 264 2724 τῶν
311 2675 630 2748 ἁμαρτωλῶν
677 2675 840 2725 θυσία
883 2670 1076 2736 δοθεὶς,
1128 2674 1154 2724 ὁ
1183 2681 1276 2725 τοῦ
1321 2673 1592 2732 Ἀληθινοῡ
1626 2681 1760 2726 Θεοῦ

189 2765 282 2822 Υἱὸς
333 2763 594 2828 ἀληθινὸς,
655 2767 872 2814 καὶτοῦ
932 2771 1025 2815 σοῦ
1087 2767 1290 2836 Πατρός
1339 2762 1636 2837 ἀρχιερεύς
1687 2767 1758 2834 μὴ

187 2857 412 2924 χωρήσῃς
470 2855 618 2924 ἡμᾶς
691 2859 782 2903 τοῦ
835 2851 971 2904 ἐλέου
1033 2871 1148 2918 σου,
1205 2857 1336 2924 μήτε
1394 2855 1584 2912 ταύτης
1670 2861 1764 2913 τῆς

189 2937 534 3010 ἁδελφότητος,
591 2939 784 3002 ἐνὼσας
829 2943 964 3012 ἡμᾶς
1021 2944 1211 3001 πάντας
1249 2949 1310 3014 τῇ
1380 2949 1444 3013 σῇ
1495 2941 1764 3014 ὁμολογίᾳ,

1860 437 2059 492 tonius
2087 437 2260 493 dixit:
2295 438 2638 508 Cujusmodi
2673 439 2785 493 diis
2827 437 3160 495 sacriﬁcare
3192 457 3300 496 nos
3325 441 3506 513 jubes

1861 527 2062 598 Lysias
2101 527 2274 582 dicit:
2314 527 2646 584 Sacriﬁcate
2685 528 2815 584 Jovi
2854 533 2910 584 et
2947 529 3222 600 Apollini.
3261 533 3509 587 Sanctus

1863 617 2136 672 Leontius
2177 615 2357 672 dixit:
2397 619 2545 673 Deus
2579 621 2786 684 vester,
2833 617 2936 690 qui
2966 617 3356 690 semetipsum
3393 635 3510 676 ser-

1859 721 1999 760 vare
2025 721 2144 762 non
2175 711 2388 778 potest,
2411 706 2620 780 Apollo
2651 707 2884 764 dicitur.
2919 707 2983 764 1d
3013 707 3376 765 conﬁtemini
3403 725 3512 766 vos

1861 810 1996 866 1psr.

1936 977 2039 1032 VII.
2075 977 2422 1048 Indignatus
2453 992 2594 1049 ergo
2626 978 2850 1050 Lysias,
2905 977 3094 1034 oculis
3127 977 3516 1035 inﬂammatis

1859 1081 1982 1138 pra:
2011 1065 2206 1122 furore
2234 1083 2302 1121 ac
2333 1067 2925 1134 dentibusfrendens,
2961 1083 3176 1124 manus
3205 1083 3414 1124 eorum
3447 1084 3514 1124 ac

1859 1156 2041 1228 pedes
2083 1156 2306 1212 catenis
2337 1155 2540 1212 vinciri
2561 1157 2778 1226 jussit;
2811 1163 2866 1212 et
2891 1157 3113 1212 catenis
3144 1156 3518 1226 gravissimis

1859 1245 2324 1308 excarniﬁcatos.
2370 1247 2426 1300 in
2467 1261 2764 1301 carcerem
2797 1245 3102 1318 compingi
3131 1246 3188 1301 in
3221 1247 3358 1302 turri
3387 1247 3521 1302 civi-

1859 1334 2013 1400 tatis,
2041 1351 2168 1405 quae
2197 1336 2446 1390 Boream
2471 1335 2725 1406 respicit.
2753 1335 2914 1390 Unde
2944 1335 3126 1390 etiam
3149 1335 3282 1390 fons
3313 1351 3517 1390 excur-

1857 1423 1951 1492 rit,
1983 1423 2175 1478 fluens
2209 1430 2373 1479 extra
2403 1429 2636 1494 portam
2673 1422 2947 1480 civitatis.
2981 1423 3248 1480 Militibus
3280 1424 3385 1495 qui
3420 1439 3520 1478 eos

1859 1513 2294 1576 custodiebant,
2327 1516 2558 1568 Menaaae
2597 1517 2651 1567 et
2688 1513 2998 1577 Beleradae,
3043 1512 3100 1567 id
3129 1513 3394 1568 mandati
3425 1513 3521 1567 de-

1859 1602 1963 1666 dit,
1993 1601 2226 1657 dicens:
2265 1603 2478 1666 Videte,
2519 1604 2734 1656 Menaaa
2767 1605 2820 1656 et
2873 1601 3173 1668 Belerade,
3217 1603 3520 1674 quomodo

797 1694 996 1760 Μεναίᾳ
1077 1693 1165 1742 καὶ
1223 1685 1529 1764 Βηληράδῃ,
1589 1688 1748 1758 λέγων

1883 1707 2020 1762 psos
2072 1690 2436 1746 custodiatis.
2469 1693 2612 1746 Nam
2655 1707 2760 1760 per
2799 1689 3218 1762 .Esculapium,
3263 1691 3308 1744 si
3341 1689 3523 1746 resci-

1861 1796 2018 1849 vero,
2047 1787 2148 1836 aut
2197 1795 2412 1850 panem
2441 1785 2542 1834 aut
2583 1795 2806 1850 aquam
2851 1781 2934 1834 eis
2981 1795 3016 1834 a
3047 1779 3334 1850 quopiam
3380 1779 3523 1834 data

1861 1885 2016 1933 esse,
2043 1884 2222 1940 poena
2243 1868 2478 1922 illorum
2509 1883 2613 1922 vos
2641 1867 2924 1936 multabo,
2951 1873 3004 1922 et
3027 1867 3162 1936 igne
3186 1867 3362 1922 simul
3383 1883 3522 1922 cum

1861 1958 1974 2013 illis
2025 1973 2133 2013 vos
2183 1959 2452 2029 perdam.
2507 1957 2710 2012 Milites
2733 1961 2958 2022 autem,
3009 1956 3246 2012 vincula
3303 1956 3522 2013 sanctis

1865 2048 2401 2118 circumponentes,
2442 2046 2500 2100 in
2551 2045 2754 2100 turrim
2795 2046 3192 2114 conjecerunt.
3228 2044 3424 2101 Sancti
3453 2061 3524 2099 ex

1867 2151 1986 2192 uno
2015 2135 2188 2206 quasi
2214 2150 2314 2190 ore
2336 2133 2642 2190 dicebant:
2685 2133 3114 2188 Benedicamus
3145 2137 3221 2198 te,
3257 2132 3524 2198 Domine,

1869 2229 2084 2294 Regem
2127 2224 2351 2294 gloriae,
2383 2224 2485 2296 qui
2517 2227 2758 2296 propter
2801 2229 3043 2294 peccata
3075 2227 3283 2278 nostra
3321 2237 3524 2278 coram

1869 2314 2076 2370 Pontio
2111 2312 2290 2368 Pilato
2323 2311 2554 2368 astitisti
2583 2311 2967 2384 judicandus.
3001 2313 3083 2366 Tu
3105 2311 3267 2366 enim
3299 2327 3438 2366 vera
3467 2326 3530 2366 es

1871 2403 2005 2466 vita,
2065 2417 2172 2474 pro
2218 2401 2392 2456 nobis
2433 2401 2838 2472 peccatoribus
2897 2399 2958 2455 in
3005 2399 3270 2456 hostiam
3334 2400 3526 2460 datus,

1869 2491 1990 2548 veri
2023 2493 2120 2547 Dei
2148 2507 2324 2546 verus
2359 2489 2552 2552 Filius,
2583 2491 2882 2562 Patrisque
2911 2489 2990 2544 tui
3025 2489 3320 2544 Pontifex:
3349 2504 3421 2543 ne
3449 2505 3532 2543 se-

1870 2597 2016 2653 para
2040 2596 2149 2636 nos
2174 2596 2210 2635 a
2233 2578 2640 2634 misericordia
2668 2583 2788 2642 tua,
2809 2593 3002 2650 neque
3035 2577 3112 2632 ab
3135 2579 3246 2632 hac
3273 2577 3534 2632 fraterna

1871 2670 2304 2741 conjunctione,
2337 2667 2438 2740 qui
2467 2682 2676 2722 omnes
2707 2683 2816 2722 nos
2859 2668 2990 2721 unis
3013 2666 3094 2720 tui
3135 2665 3526 2730 confessione,

1871 2766 1924 2817 et
1963 2761 2139 2815 unius
2160 2757 2341 2814 efﬁcis
2375 2755 2712 2820 voluntatis,
2743 2760 2990 2810 mortem
3008 2771 3249 2826 quoque
3267 2761 3526 2808 nostram

1877 2851 2008 2906 uni:
2045 2865 2152 2904 nec
2173 2847 2442 2919 permitte
2467 2851 2528 2900 ut
2549 2845 2688 2900 alter
2715 2845 2793 2899 ab
2837 2844 3016 2898 altero
3049 2843 3108 2897 in
3135 2843 3336 2914 aliquo
3363 2859 3532 2914 sepa-

1879 2955 2099 3003 remur,
2126 2941 2187 2992 ut
2217 2936 2482 2990 videntes
2521 2933 2822 3005 egregiam
2866 2937 3132 2987 nostram
3163 2933 3528 2988 alacritatem

187 3035 260 3080 ιαί
303 3037 527 3092 ποιήσας
569 3031 706 3102 ἡμᾶς
759 3029 1085 3101 ὁμο-φύκους,
1135 3031 1321 3082 ἔνωσον
1363 3033 1507 3102 ἡμῶν
1537 3037 1625 3082 καὶ
1675 3036 1766 3092 τὴν

1882 3029 2046 3101 impii
2095 3026 2344 3082 ministri
2392 3022 2664 3094 exemplo
2715 3027 2919 3078 nostro
2979 3027 3346 3076 moveantur.
3394 3019 3534 3074 Ecce

189 3117 438 3170 τελείωσιν·
469 3125 567 3171 καὶ
611 3123 684 3190 μὴ
717 3123 944 3192 ποιήσῃς
991 3122 1129 3189 ἡμᾶς
1160 3119 1208 3170 ἐν
1265 3117 1455 3190 μηδενὶ
1494 3117 1770 3194 χωρισθῆὶ-

189 3227 258 3258 ναι
305 3207 388 3260 ἀπ’
435 3208 692 3274 ἀλλήλων,
744 3209 880 3268 ὃπως
942 3205 1138 3268 ἰδόντες
1213 3211 1358 3278 ἡμῶν
1435 3215 1528 3267 τὴν
1607 3211 1768 3269 καλὴν

191 3299 455 3369 προθυμίαν
513 3299 566 3350 οἱ
627 3296 832 3360 ἀσεϐεῖς
887 3296 1124 3370 ἐργάται,
1184 3295 1602 3370 ἐπιθυμήσουσιν
1677 3305 1772 3358 τὴν

193 3385 328 3444 καλὴν
379 3389 523 3460 ἡμων
587 3386 792 3458 πρᾶξιν.
859 3383 997 3438 Ἰδοὺ
1054 3389 1154 3462 γὰρ
1207 3386 1256 3438 ἐν
1305 3392 1478 3440 σκότει
1525 3388 1774 3448 κατεϐλή-

197 3477 330 3546 θημεν
375 3485 644 3536 πεινῶντες
687 3481 776 3528 καὶ
833 3472 1106 3546 διψῶντες,
1157 3481 1245 3528 καὶ
1291 3480 1320 3535 ἡ
1349 3477 1502 3550 ψυχὴ
1535 3481 1680 3551 ἡμῶν
1725 3480 1772 3533 ἐν

1881 3120 2040 3174 enim
2081 3117 2140 3172 in
2171 3115 2447 3172 tenebras
2489 3111 2712 3168 detrusi
2751 3127 2984 3178 sumus,
3019 3110 3340 3166 esurientes
3375 3126 3444 3165 ac
3467 3109 3534 3162 si-

1885 3209 2110 3272 tientes,
2137 3211 2192 3260 et
2229 3205 2468 3260 animus
2503 3207 2704 3256 noster
2729 3202 2788 3255 in
2835 3199 3080 3254 vinculis
3121 3198 3396 3262 tabescit;
3433 3197 3534 3252 sed

1885 3303 1965 3362 tu,
2025 3294 2289 3356 Domine,
2363 3289 2713 3364 patientiam
2773 3289 2944 3344 nobis
3003 3287 3100 3352 da,
3174 3301 3538 3358 cursumque

1887 3393 2159 3444 nostrum
2211 3382 2444 3454 perﬁce,
2493 3387 2554 3435 ut
2605 3379 2832 3434 nullum
2863 3394 2894 3433 e
2936 3377 3108 3432 nobis
3153 3377 3404 3432 Satanas
3445 3391 3540 3432 ca-

1887 3481 2032 3552 piat.

199 3559 386 3636 δεσμοῖς
411 3564 709 3624 ἐκτήκεται·
765 3563 892 3616 ἀλλὰ
933 3569 1016 3630 σὺ,
1077 3569 1252 3640 Κύριε,
1303 3570 1534 3641 χάρισαι
1585 3571 1707 3642 ἡμῖν
1737 3575 1832 3630 τὴν
1863 3570 2124 3640 ὑπομονὴν
2151 3566 2239 3614 καὶ
2265 3559 2528 3612 τελείωσον
2560 3559 2704 3630 ἡμῶν
2753 3560 2838 3608 τὸν
2871 3553 3089 3628 δρόμον,
3134 3557 3214 3605 ἶνα
3253 3551 3457 3626 μηδένα
3487 3554 3540 3616 ἐξ

201 3655 322 3724 ἡμῶν
343 3657 366 3706 ό
389 3661 626 3715 Σατανᾶς
655 3661 1012 3728 χειρωσηται.

259 3743 328 3796 Η¹.
373 3751 468 3798 Καὶ
511 3744 774 3804 κλίναντες
835 3747 902 3795 τα
971 3749 1168 3816 γόνατα
1241 3747 1624 3820 προσηύξαντο,
1687 3753 1776 3801 καὶ

203 3828 484 3894 ἀναστάντες
527 3833 916 3896 ἑκαθεσθησαν,
964 3829 1058 3885 διὰ
1099 3837 1156 3884 τό
1195 3839 1266 3905 μὴ
1302 3833 1560 3888 δύνασθαι
1590 3837 1778 3899 αὐτοὺς

204 3918 362 3990 ὀρθοὺς
437 3929 648 3980 στῆναι·
707 3919 842 3980 ἦσαν
898 3925 996 3994 γὰρ
1055 3923 1106 3974 ἐν
1181 3930 1290 3985 τοῖς
1342 3922 1560 3996 δεσμοῖς
1619 3947 1778 3980 κατα-

203 4019 548 4084 καμπτόμενοι,
652 4016 742 4063 καὶ
853 4011 1070 4081 ἔψαλλον
1155 4019 1436 4086 συμφώνως

652 4016 742 4063 καὶ
853 4016 1070 4081 ἔψαλλον
1155 4019 1436 4086 συμφώνως
1525 4017 1774 4086 λέγοντες·

213 4105 456 4170 Υπομενων
543 4103 796 4172 ὑπέμεινα
881 4105 968 4152 τὸν
1050 4105 1258 4174 Κύριον,
1328 4109 1416 4155 καὶ
1511 4109 1782 4179 προσέσχε

205 4207 296 4256 μοι,
337 4196 418 4242 καὶ
469 4191 753 4248 εἰσήκουσε
795 4198 890 4252 τῆς
940 4188 1170 4253 δεήσεως
1215 4211 1336 4264 μου,
1368 4199 1456 4244 καὶ
1505 4193 1778 4264 ἀνήγαγεν,

1960 3745 2094 3800 Vlll.
2119 3745 2180 3798 Et
2201 3739 2366 3796 ﬂexis
2387 3735 2642 3808 genibus
2663 3733 2920 3790 orabant
2949 3749 2960 3796 ;
2992 3735 3384 3804 etpostquam
3417 3745 3542 3784 sur-

1887 3835 2194 3898 rexissent,
2223 3825 2641 3888 consederunt,
2669 3839 2739 3878 eo
2753 3821 2914 3893 quod
2935 3825 3092 3876 recto
3120 3834 3366 3890 corpore
3388 3823 3542 3874 stare

1891 3938 2010 3978 non
2049 3921 2323 3991 poterant
2352 3917 2543 3986 (erant
2581 3912 2800 3984 quippe
2831 3911 2890 3964 in
2931 3909 3178 3964 vinculis
3229 3909 3542 3978 incurvati)

1892 4017 1946 4068 et
1979 4026 2098 4066 una
2127 4022 2271 4064 voce
2297 4003 2618 4064 canebant,
2658 4001 2960 4058 dicentes:
2994 4017 3022 4050 ι(
3053 4001 3414 4068 Exspectans
3446 4011 3546 4050 ex-

1894 4097 2158 4172 spectavi
2179 4095 2518 4160 Dominum,
2555 4095 2610 4146 et
2649 4089 2898 4145 intendit
2937 4087 3104 4154 milii,
3137 4091 3194 4141 et
3243 4084 3550 4140 exaudivit

1895 4191 2224 4246 orationem
2257 4199 2474 4248 meam,
2510 4187 2566 4236 et
2591 4179 2792 4235 eduxit
2819 4195 2913 4233 me
2945 4177 3018 4232 de
3045 4177 3180 4232 lacu
3214 4173 3467 4229 miseriae
3495 4178 3550 4228 et

205 4295 257 4345 με
303 4280 351 4328 ἐκ
399 4279 598 4332 λάκκου
653 4279 1003 4354 ταλαιπωρίας
1055 4286 1144 4332 καὶ
1222 4281 1322 4332 ἀπὸ
1381 4281 1546 4338 πηλοῦ
1603 4283 1760 4342 ἰλεύος

1901 4279 1968 4333 de
2003 4279 2122 4332 luto
2155 4275 2295 4330 fecis
2316 4276 2358 4326 ³.
2395 4295 2414 4322 ι
2445 4277 2634 4341 Atque
2661 4269 2894 4339 expleto
2923 4265 3180 4338 psalmo,
3211 4263 3552 4319 ceciderunt

211 4371 294 4416 Καὶ
337 4369 698 4440 πληρώσαντες
742 4373 826 4420 τόν
872 4369 1098 4441 ψαλμὸν,
1151 4372 1336 4422 ἔπεσαν
1368 4369 1448 4422 ἐπὶ
1487 4376 1784 4445 πρόσωπον,

209 4461 284 4506 και
331 4455 638 4520 ἀναστάντες
689 4459 840 4511 πάλιν
885 4457 1100 4529 ἔψαλλον
1149 4459 1393 4526 λέγοντες·
1439 4460 1780 4526 Εἰσάκουσον,

211 4545 232 4594 ὁ
276 4549 392 4608 Θεὸς
437 4557 746 4622 προσευχῆς
789 4567 910 4618 μου,
967 4547 1014 4598 ἐν
1055 4555 1128 4618 τῷ
1178 4545 1390 4601 δέεσθαί
1421 4569 1482 4621 με
1531 4553 1654 4622 πρὸς
1707 4555 1782 4601 σέ·

215 4631 298 4684 ἀπὸ
335 4635 487 4706 φόϐου
535 4636 736 4710 ἐχθροῦ
784 4637 953 4699 ἐξελοῦ
997 4643 1086 4696 τὴν
1134 4637 1318 4710 ψυχήν
1368 4658 1488 4711 μου.
1539 4641 1788 4692 Ἐσκέπα-

217 4725 298 4784 σάς
344 4745 402 4796 με
453 4725 556 4778 ἀπὸ
621 4735 918 4799 συστροφῆς
995 4731 1431 4800 πονηρευομένων,
1502 4727 1601 4780 ἀπὸ
1661 4727 1786 4785 πλή-

221 4811 322 4872 θους
391 4815 748 4888 ἐργαζομένων
821 4812 1054 4870 ἀδικίαν.
1131 4823 1228 4870 Καὶ
1287 4817 1646 4890 πληρώσαντες
1705 4821 1790 4870 τόν

219 4897 416 4974 ψαλμὸν,
481 4911 572 4958 καὶ
629 4911 938 4966 ποιήσαντες
992 4911 1169 4979 τρίτην
1219 4906 1405 4978 ε’.)χὴν,
1466 4906 1790 4972 ἐκαθέζοντο,

221 4986 421 5048 ἀλλήλων
477 4997 546 5064 τρι
593 4991 768 5066 δεσμὰ
823 4995 1236 5068 καταφιλοῦντες,
1283 5001 1372 5048 καὶ
1447 4999 1794 5070 προσέχοντες

225 5075 428 5142 ἀλλήλοις
483 5083 828 5154 ἠγαλλιῶντο.
881 5083 940 5136 Ὀ
999 5081 1056 5136 δε
1109 5083 1252 5156 άγιος
1305 5089 1540 5144 Λεόντιος
1601 5083 1796 5159 ἡρξατο

223 5171 510 5240 παρακαλεῖν
559 5172 748 5234 αὐτοὺς
809 5177 896 5224 καὶ
953 5173 1137 5243 λέγειν·
1188 5171 1426 5246 Ἀδελφοὶ
1495 5179 1660 5246 τίμιοι
1709 5177 1797 5225 καὶ

228 5255 508 5330 θεράποντες
543 5265 632 5312 καὶ
677 5259 856 5313 δοῦλοι
895 5269 984 5313 τοῦ
1031 5269 1286 5336 Χριστόν,
1319 5269 1562 5334 γενναίως
1593 5263 1800 5316 ἅπαντα

226 5345 570 5420 ὑπομείνωμεν·
618 5347 793 5404 οἴδατε
841 5355 940 5426 γὰρ
995 5351 1049 5403 ἐκ
1105 5361 1204 5404 τῶν
1245 5353 1390 5404 θείων
1430 5357 1664 5424 Γραφών,
1695 5354 1797 5405 ὅσα

287 5447 306 5479 ²
328 5447 470 5503 Psal.
503 5465 701 5506 χχχιι.
734 5449 788 5515 2,
821 5449 872 5504 3.
910 5454 928 5485 ³
961 5451 1108 5510 Psal.
1143 5467 1296 5521 Lxui,
1339 5455 1391 5518 2,
1419 5451 1476 5506 3.

421 5537 666 5598 Ρλτιιοι..
701 5537 804 5596 Gn.
847 5539 1010 5597 CXV.

1897 4371 1956 4424 in
1985 4368 2210 4430 faciem,
2253 4369 2310 4418 et
2334 4365 2644 4430 surgentes
2675 4374 2912 4412 rursum
2949 4355 3312 4418 cecinerunt,
3355 4351 3552 4407 dicen-

1899 4465 2012 4514 tes:
2047 4479 2074 4506 «
2107 4453 2351 4518 Exaudi,
2377 4455 2545 4514 Deus,
2565 4447 2902 4503 orationem
2935 4461 3152 4508 meam,
3183 4459 3322 4498 cum
3350 4441 3554 4512 depre-

1898 4562 1998 4603 cor
2033 4545 2106 4600 ad
2135 4551 2214 4599 te:
2253 4559 2288 4597 a
2331 4542 2538 4595 timore
2569 4535 2792 4592 inimici
2836 4535 2996 4606 eripe
3037 4533 3302 4589 animam
3335 4547 3551 4586 meam.

1901 4633 2202 4692 Protexisti
2227 4647 2319 4686 me
2341 4647 2376 4685 a
2403 4629 2700 4682 conventu
2729 4622 3208 4692 malignantium,
3235 4637 3270 4676 a
3299 4619 3558 4675 multitu-

1901 4725 2038 4780 dine
2059 4719 2424 4794 operantium
2439 4715 2824 4787 iniquitatem.
2846 4735 2864 4760 ε
2885 4717 3074 4794 etque
3089 4709 3319 4780 expleto
3335 4709 3557 4782 psalmo

1903 4819 1958 4870 et
1999 4811 2164 4868 tertia
2221 4809 2378 4865 facta
2427 4805 2690 4862 oratione
2739 4801 3082 4865 consedere,
3123 4799 3264 4855 alter
3321 4799 3562 4856 alterius

1905 4900 2140 4958 vincula
2165 4897 2524 4962 osculantes,
2548 4898 2600 4948 et
2623 4908 2682 4948 se
2709 4895 2916 4945 mutuo
2943 4889 3291 4961 stringentes
3305 4887 3558 4943 exsulta-

1907 4991 2066 5046 bant.
2121 4991 2366 5045 Sanctus
2409 4999 2544 5038 vero
2581 4979 2849 5037 Leontius
2907 4979 3121 5032 hortari
3175 4978 3336 5048 ipsos
3385 4972 3564 5043 coepit

1906 5087 1960 5135 et
2007 5078 2234 5133 dicere:
2277 5077 2501 5130 Fratres
2543 5067 2892 5133 venerandi,
2931 5065 3260 5136 famulique
3295 5081 3364 5119 ac
3407 5059 3564 5117 servi

1909 5167 2430 5236 Clit-isti,genei'oso
2481 5159 2685 5214 animo
2726 5156 2930 5212 omnia
2987 5155 3308 5210 toleremus
3336 5169 3348 5204 :
3377 5151 3564 5208 nostis

1910 5259 2069 5313 enim
2099 5273 2129 5310 e
2161 5253 2342 5310 sacris
2379 5249 2622 5316 Litteris,
2655 5251 2885 5318 quanta
2918 5243 3264 5299 sustinuerit
3291 5241 3400 5297 Job
3432 5240 3564 5312 (sed

1911 5347 2070 5404 enim
2095 5361 2201 5400 vos
2231 5355 2352 5396 non
2371 5339 2512 5396 latet
2540 5337 2674 5392 ﬁnis
2715 5334 2973 5406 Domini)
3017 5346 3324 5390 memores
3359 5335 3564 5400 estote,

3296 5519 3360 5576 11
