4084 6216
564 215 665 270 331
1972 213 2234 270 MENSIS
2274 208 2539 271 IULIUS.
3841 214 3947 269 33?.

566 337 735 415 quod
768 339 1029 395 Joannes
1074 339 1341 411 Baptista
1385 341 1574 414 capite
1613 346 1929 398 truncatus
1978 341 2074 406 sit,
2111 341 2205 395 Ste

2346 338 2607 411 ὑπέμεινεν
2666 339 2804 405 Ἰὼϐ,
2852 338 2979 391 ἀλλὰ
3030 341 3119 391 καὶ
3166 339 3224 389 τὸ
3283 335 3424 399 τίλος
3489 341 3687 410 Κυρίου
3740 340 3945 409 ἔγνωτε.

567 430 807 504 phanus
842 433 1044 483 autem
1072 428 1391 499 lapidatus,
1437 433 1634 486 Petrus
1674 430 1993 502 apostolus
2034 432 2206 484 Roma

2344 431 2609 499 μέμνησθε
2659 431 2863 490 πάντως
2926 429 3003 479 ὅτι
3083 428 3321 486 Ἰωάννης
3383 429 3473 497 μὲν
3542 428 3567 477 ό
3646 429 3950 490 Βαπτιστής

567 515 907 587 cruciﬁxus,
942 517 1149 572 Paulus
1182 518 1367 589 capite
1412 520 1698 583 minutus,
1741 519 2003 573 Thomas
2039 517 2206 588 spicu

2344 514 2753 589 ἀπεκεφαλίσθη,
2816 521 3057 589 Στέφανος
3115 512 3173 568 δὲ
3231 514 3592 580 ἐλιθοϐολήθη,

565 609 638 665 lis
680 604 1014 660 confossus.
1065 607 1215 671 Quot
1262 622 1402 663 vero
1429 610 1617 663 sancti
1651 606 2025 678 temporibus
2062 604 2201 660 Maxi

2344 603 2631 668 ἀπόστολος
2688 609 2735 658 ἐν
2789 606 2954 678 Ῥώμῃ
3026 605 3351 679 ἐσταυρώθη,
3425 604 3629 665 Παῦλος
3697 603 3946 677 ἀπεκεφά-

565 693 749 752 miani
777 693 1169 765 imperatoris,
1189 696 1682 761 DeciietAdriani,
1714 695 2093 766 aliorumque
2123 693 2206 747 im

2341 690 2520 759 λίσθη,
2576 700 2765 767 Θωμᾶς
2804 694 3067 753 ἐκεντήθη’
3124 697 3237 746 ὅσοι
3278 690 3338 745 δὲ
3384 693 3530 764 ἅγιοι
3584 693 3631 744 ἐν
3680 702 3784 754 τοῖς
3814 701 3948 767 χρό-

565 784 808 857 piorum
838 779 1291 851 imperatorum,
1327 783 1614 854 martyrio
1640 783 1758 837 sint
1782 780 2000 849 affecti,
2034 786 2089 835 et
2111 779 2206 849 glo

2340 800 2446 842 νοις
2511 784 2843 855 Μαξιμιανοῦ
2919 790 3008 835 τοῦ
3068 781 3348 852 βασιλέως,
3408 787 3499 833 καὶ
3575 787 3777 847 Δεκίου,
3860 790 3951 835 καὶ

564 872 721 929 riose
760 884 1017 925 coronas
1059 872 1383 937 consecuti,
1416 877 1470 927 et
1510 870 1793 926 fortunati
1834 869 1913 925 ab
1942 868 2206 924 omnibus

2343 867 2623 944 Ἀδριανοῦ
2671 878 2761 925 καὶ
2818 881 2916 924 τῶν
2974 871 3135 923 ἄλλων
3186 871 3384 923 ἀσεϐῶν
3442 870 3724 943 βασιλέων,
3788 872 3952 946 ἐμαρ-

564 956 987 1024 praedicentur,
1036 965 1092 1013 et
1120 960 1308 1016 nostis
1338 960 1583 1016 omnino
1614 963 1672 1013 et
1703 958 1977 1014 audistis.

2338 961 2592 1032 τύρησαν,
2680 958 2935 1024 ἐπιδόξως
2988 965 3077 1013 καὶ
3151 965 3269 1021 τοὺς
3337 963 3620 1031 στεφάνους
3668 960 3949 1026 ἀπέλαϐον,

2337 1054 2426 1100 καὶ
2482 1050 2864 1125 μακαρίζονται
2915 1052 3059 1124 παρά
3097 1051 3318 1113 πάντων,
3374 1054 3464 1101 καὶ
3513 1051 3700 1119 ἔγνωτε
3746 1052 3951 1110 πάντως

2336 1156 2426 1189 και
2455 1158 2684 1194 ακουετε.

2409 1228 2491 1279 Θ’.
2554 1234 2653 1281 Καὶ
2708 1234 2761 1281 τί
2820 1226 2904 1282 δεῖ
2944 1233 3061 1304 περὶ
3102 1224 3305 1302 ἀνδρῶν
3342 1227 3679 1285 ἀθλησάντων
3729 1228 3898 1299 λέγειν
3937 1247 3949 1291 ;

2334 1313 2501 1368 ’⁷οπου
2550 1336 2609 1388 γε
2642 1322 2725 1370 καὶ
2757 1326 2996 1390 γυναῖκες
3040 1316 3293 1378 θεοσεϐεῖς
3326 1322 3415 1368 καὶ
3447 1313 3709 1390 ἀνδρεῖαι,
3757 1316 3951 1369 ἀποθέ·

2334 1424 2481 1476 μεναι
2526 1409 2584 1457 τὸ
2627 1415 2722 1469 τῆς
2761 1411 2958 1479 φύσεως
3014 1409 3195 1459 ἄτονον
3240 1412 3331 1458 καὶ
3366 1404 3593 1471 ἀσθενὲς,
3647 1406 3948 1478 ἐνίσχυσαν

3670 520 3852 591 Πέτρος
3916 521 3944 569 ὁ

638 1227 724 1280 ΙΧ.
756 1226 1052 1289 Quorsum
1080 1230 1282 1282 autem
1311 1226 1462 1281 viros
1488 1225 1722 1297 pugiles
1750 1238 2226 1280 commemorare

565 1316 777 1371 attinet
812 1313 840 1367 ?
870 1315 973 1369 Ubi
1026 1316 1306 1371 mulieres
1350 1331 1606 1387 quoque,
1652 1314 1937 1383 religione
1982 1319 2036 1369 et
2073 1311 2225 1368 virili

565 1406 770 1462 animo
795 1410 1167 1475 praestantes,
1197 1404 1599 1460 imbecillitate
1628 1420 1805 1458 sexus
1835 1403 2126 1475 deposita,
2162 1402 2222 1457 in

564 1494 803 1549 Christo
853 1499 1173 1564 posuerunt
1204 1510 1390 1565 spem,
1442 1494 1520 1549 ob
1568 1493 1891 1564 repositam
1946 1492 2006 1547 in
2056 1491 2206 1547 caelis

2332 1498 2425 1552 τήν
2469 1495 2540 1556 εἰς
2587 1500 2819 1569 Χριστὸν
2864 1493 3056 1549 ἐλπίδα
3106 1493 3200 1548 διὰ
3246 1502 3341 1554 τὴν
3385 1495 3731 1567 ἀποκειμένην
3776 1494 3827 1546 ἓν
3864 1496 3950 1547 ού·

563 1581 842 1652 gloriam.
875 1584 1020 1638 Dicit
1046 1583 1205 1638 enim
1247 1582 1534 1638 Dominus
1562 1582 1623 1637 in
1656 1581 2016 1651 Evangeliis:
2049 1600 2077 1632 «
2109 1582 2200 1646 Qu

2329 1591 2501 1656 ρανοῖς
2549 1581 2726 1647 δόξαν.
2776 1584 2833 1637 Ὀ
2885 1589 2986 1659 γὰρ
3038 1589 3225 1657 Κύριος
3274 1583 3407 1638 εἶπεν
3460 1584 3508 1636 ἐν
3559 1592 3666 1645 τοῖς
3712 1585 3952 1656 Εὖαγγε·

564 1688 662 1727 me
701 1672 1077 1727 conﬁtebitur
1122 1689 1325 1728 coram
1373 1671 1739 1737 hominibus,
1788 1670 2123 1727 conﬁtebor
2164 1679 2206 1725 et

2329 1671 2481 1734 λίοις⁶
2524 1697 2545 1723 ι
2600 1673 2695 1737 Ὀς
2740 1674 2798 1726 ἂν
2849 1675 3151 1747 ὁμολογήσῃ
3203 1694 3265 1745 με
3304 1676 3595 1748 ἔμπροσθεν
3630 1673 3947 1749 ἀνθρώπων,

560 1777 676 1833 ego
704 1777 838 1817 cum
874 1778 1075 1818 coram
1104 1764 1273 1819 Patre
1302 1778 1453 1827 meo,
1482 1763 1585 1833 qui
1616 1762 1675 1816 in
1701 1762 1863 1817 coelis
1886 1767 1999 1817 est:
2032 1767 2088 1817 et
2115 1777 2206 1833 qu:

2330 1762 2633 1835 ὁμολογήσω
2683 1764 2838 1816 αὐτὸν
2895 1763 3039 1835 κάγὼ
3094 1766 3382 1837 ἔμπροσθεν
3428 1771 3519 1815 τοῦ
3576 1768 3781 1835 Πατρός
3843 1783 3949 1835 μου

559 1850 868 1921 negaverit
898 1868 993 1906 me
1040 1868 1238 1908 coram
1266 1851 1634 1919 hominibus,
1668 1851 1980 1920 negabitur
2014 1854 2070 1904 et
2094 1850 2206 1921 ipse

2331 1860 2422 1903 τοῦ
2475 1851 2521 1904 ἐν
2562 1854 2817 1925 οὐρανοῖς*
2868 1858 2959 1905 καὶ
3008 1852 3152 1914 ὅςᾶν
3205 1852 3580 1926 ἀπαρνήσηταί
3625 1872 3689 1924 με
3742 1856 3950 1925 ἔμπρο-

559 1956 768 1995 coram
799 1941 1025 2010 angelis
1060 1944 1157 1996 Dei
1190 1945 1228 1977 ιο
1266 1965 1292 1990 ››
1328 1942 1527 2012 Itaque
1559 1941 1605 1993 si
1632 1940 1929 2008 mulieres,
1959 1955 2206 2011 quarum

2333 1944 2449 1993 σθεν
2502 1950 2597 1994 τῶν
2656 1941 2957 2012 ἀνθρώπων,
3011 1941 3429 2017 ἀπαρνεθήσεται
3486 1946 3575 1994 καὶ
3628 1946 3786 2004 αὐτος
3858 1945 3949 2014 ἔμ-

557 2033 773 2086 natura
824 2029 1063 2085 intirma
1109 2036 1216 2097 est,
1264 2031 1503 2084 viriliter
1558 2029 1952 2096 decertarunt,
1994 2034 2206 2099 quantc

2329 2033 2552 2103 πρόσθεν
2582 2040 2679 2083 τῶν
2711 2030 2939 2103 ἀγγέλων
2966 2040 3055 2083 τοῦ
3084 2039 3237 2086 Θεοῦ.
3268 2052 3290 2082 υ
3313 2032 3372 2084 Εἰ
3399 2031 3487 2083 οὖν
3508 2039 3771 2102 γυναῖκες,
3808 2030 3887 2083 ὧν
3915 2034 3943 2089 ή

558 2118 754 2185 magis
796 2133 904 2172 nos
948 2119 1096 2172 tales
1137 2135 1205 2173 ac
1260 2122 1454 2173 tantos
1501 2133 1608 2189 pro
1660 2116 1890 2172 Christo
1931 2118 2206 2189 martyric

2330 2120 2481 2189 φύσις
2529 2118 2787 2187 ἀσθένεια,
2840 2117 3099 2193 ἀνδρικῶς
3138 2120 3484 2191 ἠγωνίσαντο,
3542 2125 3691 2192 πόσῳ
3744 2121 3946 2193 μᾶλλον

558 2205 836 2278 perfungi
865 2213 1098 2276 oportet
1148 2208 1175 2260 ‘2
1208 2206 1470 2261 Audistis
1516 2206 1590 2261 de
1624 2213 1831 2261 sancta
1863 2206 2213 2278 Eupliemia,

556 2293 886 2361 Capitolina
933 2300 987 2349 et
1034 2295 1255 2361 Julitta,
1308 2295 1555 2366 aliisque
1597 2294 1818 2350 sanctis
1849 2294 2211 2359 mulieribus,

556 2397 819 2455 quarum
864 2384 1110 2440 nomina
1149 2384 1372 2455 scripta
1421 2390 1561 2439 sunt
1591 2384 1652 2438 in
1692 2383 1855 2439 libris
1903 2384 2210 2451 caelorum,

555 2487 745 2546 quam
771 2478 1005 2529 strenue
1026 2475 1388 2541 dimicarint,
1417 2479 1473 2530 et
1498 2474 1807 2529 diabolum
1838 2474 2210 2531 debellarint.

557 2567 598 2619 Ε
618 2562 843 2633 quibus
880 2564 1182 2620 dilectioni
1212 2567 1421 2619 vestrae
1452 2564 1768 2620 recensebo
1808 2563 2062 2633 dignum
2094 2580 2213 2620 ser-

554 2668 814 2719 monem,
848 2669 1331 2710 commemorans
1356 2670 1426 2709 ea
1446 2670 1582 2727 quae
1611 2653 1814 2724 accepi
1837 2669 1873 2708 a
1908 2654 2055 2721 viro,
2090 2670 2213 2710 ma—

554 2744 741 2816 gistro
780 2750 1003 2815 nostro,
1036 2747 1139 2817 qui
1170 2744 1448 2800 veniebat
1480 2759 1553 2799 ex
1582 2745 1857 2814 Egypto,
1886 2749 1942 2798 et
1971 2743 2211 2800 audisse

555 2850 616 2890 se
655 2833 849 2891 aiebat
895 2850 931 2891 a
960 2840 1166 2891 sancto
1205 2834 1459 2889 Antonio
1498 2839 1716 2889 asceta.

629 3101 687 3155 X.
716 3101 1098 3171 Temporibus
1125 3099 1464 3157 Maximiani
1492 3098 1886 3171 persecutoris
1906 3098 2016 3155 fuit
2042 3100 2209 3171 puel-

552 3190 612 3245 la
638 3190 920 3262 quaedam
959 3188 1349 3254 Alexandriae,
1381 3189 1639 3259 alicujus
1688 3204 1724 3243 a
1767 3188 2051 3245 divitibus
2081 3190 2208 3245 istic

553 3279 926 3351 degentibus,
978 3280 1211 3336 ancilla.
1252 3281 1477 3334 Nomen
1528 3277 1645 3350 ipsi
1685 3282 1810 3334 erat
1858 3278 2207 3336 Potamiena

553 3370 651 3440 (2).
686 3370 1021 3440 Cogebatur
1050 3386 1085 3425 a
1116 3385 1227 3425 suo
1271 3368 1520 3424 domino
1556 3367 1635 3423 ad
1665 3368 2073 3425 concubitum.
2102 3370 2205 3426 Illa

552 3460 736 3515 dixit:
766 3460 992 3517 Ancilla
1027 3459 1238 3515 Christi
1270 3474 1424 3527 sum,
1466 3473 1589 3513 non
1620 3461 1865 3514 scortor.
1916 3459 2203 3515 Dominus

550 3566 689 3607 vero
720 3550 795 3606 ad
826 3554 1052 3621 tempus
1083 3548 1331 3620 aliquod
1370 3548 1487 3620 ipsi
1516 3548 1778 3604 insultat.
1822 3551 1960 3621 Ipsa
1999 3554 2201 3605 autem

550 3657 667 3698 non
697 3640 883 3711 gessit
911 3654 1161 3695 morem.
1199 3642 1249 3693 ts
1276 3638 1476 3710 itaque
1505 3637 1681 3692 simul
1711 3636 1988 3709 diligens,
2023 3638 2199 3693 simul

549 3730 867 3797 miserans,
906 3743 1027 3784 non
1055 3726 1285 3792 cecidit,
1320 3728 1424 3782 sed
1452 3726 1730 3799 praefecto
1778 3742 1912 3782 eam
1958 3726 2201 3782 tradidit

548 3820 752 3876 dicens
780 3836 792 3872 :
830 3819 885 3876 Si
918 3817 1228 3891 proposito
1260 3832 1395 3872 meo
1429 3816 1820 3883 obsecundet,
1873 3816 2197 3883 annuntia;

548 3912 638 3966 sin
680 3911 899 3975 minus,
934 3907 1080 3981 puni
1132 3906 1314 3971 illam,
1365 3911 1426 3961 ut
1470 3904 1888 3961 Christianam.
1920 3906 2200 3962 Praefecto

547 4000 748 4073 itaque
792 3999 1029 4063 tradita,
1082 3994 1401 4066 multisque
1444 3994 1895 4050 adulationibus
1946 3995 2014 4049 ab
2070 3994 2199 4066 ipso

548 4095 791 4155 tentata,
854 4093 916 4143 ut
962 4086 1089 4141 heri
1121 4084 1304 4156 jussis
1340 4084 1800 4155 obtemperaret,
1836 4086 2199 4156 respondens

549 4178 721 4233 dixit:
752 4182 830 4233 Ne
872 4176 1006 4233 talis
1029 4190 1300 4247 unquam
1332 4173 1437 4228 tiat
1462 4172 1666 4243 judex,
1697 4173 1799 4244 qui
1823 4173 1994 4243 jubet
2023 4173 2201 4229 ancil-

550 4268 671 4322 lam
702 4264 1190 4322 obedirelibidini
1214 4262 1458 4319 domini.
1504 4265 1771 4333 Cumque
1810 4262 2116 4332 praefectus
2140 4264 2203 4318 ti-

2328 2206 2589 2280 ὀφεῦιομεν
2638 2212 2789 2281 ἡμεῖς
2838 2212 2885 2262 οἱ
2924 2218 3152 2262 τοιοῦτοι
3192 2215 3280 2261 καὶ
3325 2217 3569 2262 τοσοῦτοι
3616 2211 3743 2281 ύπερ
3802 2218 3946 2285 Χρι-

2328 2304 2455 2347 στοῦ
2509 2306 2849 2371 μαρτυρῆσαι
2906 2314 2919 2364 ;
2961 2300 3200 2351 Ἀκούετε
3246 2304 3367 2372 περὶ
3412 2307 3503 2359 τῆς
3556 2298 3707 2369 ἁγίας
3757 2300 3940 2371 Εὐφη-

2323 2390 2467 2455 μίας,
2550 2391 2639 2437 καὶ
2710 2387 3114 2457 Καπιτουλίνης,
3170 2392 3260 2439 καὶ
3313 2388 3621 2456 Ἰουλίττης,
3690 2393 3777 2439 καὶ
3835 2397 3939 2439 τῶν

2324 2472 2486 2524 ἄλλων
2529 2474 2690 2545 ἀγίων
2737 2485 3017 2547 γυναικῶν,
3069 2477 3137 2527 ὧν
3192 2480 3254 2529 τὰ
3307 2477 3540 2550 ὀνόματα
3606 2476 3655 2528 ἐν
3723 2476 3937 2549 βίϐλοις

2323 2571 2420 2613 τῶν
2472 2563 2698 2637 ούρανῶν
2765 2566 2894 2617 εἰσιν
2943 2565 3266 2638 ἀνάγραπτα,
3321 2575 3426 2627 πῶς
3490 2566 3739 2640 λαμπρῶς
3795 2568 3939 2638 9:70»-

2322 2656 2555 2719 νίσαντο,
2586 2658 2675 2705 καὶ
2705 2653 2949 2713 ἐνίκησαν
2980 2658 3066 2707 τὸν
3109 2652 3370 2707 διάϐολον·
3423 2655 3469 2707 ἐν
3521 2653 3598 2717 οἷς
3654 2653 3931 2727 διηγησο-

2323 2761 2417 2812 μαι
2469 2750 2530 2814 τῇ
2588 2742 2761 2816 ἀγάπη
2824 2746 2965 2815 ὑμῶν
3024 2745 3173 2816 λόγον
3244 2746 3407 2811 οῐξιον,
3465 2748 3821 2817 μνημονεύων,
3900 2746 3934 2797 οἱ

2323 2830 2527 2888 ἀκήκοα
2580 2836 2725 2905 παρά
2782 2832 2991 2908 ἀνδρὸς,
3073 2831 3409 2887 διδασκάλου
3475 2836 3639 2907 ήμῶν,
3695 2834 3932 2897 ἐλθόντος

2322 2919 2422 2972 ἀπὸ
2481 2929 2569 2982 τῆς
2612 2923 2903 2995 Αἰγύπτου,
2938 2928 3025 2976 καὶ
3074 2924 3225 2985 αὐτὸς
3269 2924 3434 2995 ἔλεγεν
3476 2923 3754 2982 ἀκηκοέναι
3784 2929 3932 2998 ποιρά

2250 3031 2293 3094 c
2321 3018 2411 3061 τοῦ
2449 3010 2600 3082 ἁγίου
2626 3012 2905 3065 Ἀντωνίου
2940 3020 3031 3065 τοῦ
3057 3012 3314 3072 ἀσκητοῦ.

2392 3098 2443 3154 Ι’.
2475 3099 2597 3152 Ὀτι
2626 3101 2676 3152 ἐν
2707 3110 2811 3162 τοῖς
2831 3110 3034 3176 καιροῖς
3063 3103 3393 3175 Μαξιμιανοῦ
3417 3110 3511 3156 τοῦ
3537 3101 3765 3156 διώκτου
3792 3110 3925 3177 κόρη

2320 3206 2397 3248 τις
2423 3187 2470 3239 ἐν
2502 3187 2884 3265 Ἀλεξανδρείᾳ,
2920 3188 3081 3249 δούλη
3115 3196 3250 3252 τινός
3280 3194 3605 3268 ὑπάρχουσα
3635 3201 3737 3245 τῶν
3759 3192 3929 3245 ἐκεῖσε

2317 3276 2595 3329 πλουσίων
2653 3279 2784 3336 αὕτη
2835 3277 2893 3332 δε
2944 3279 3137 3352 ἐλέγετο
3193 3287 3527 3353 Ποταμιήνα,
3576 3283 3925 3353 Ἠναγκάσθη

2317 3370 2458 3439 παρὰ
2498 3375 2592 3419 τοῦ
2636 3365 2775 3421 ἰδίου
2828 3366 3090 3422 δεσπότου
3127 3368 3505 3443 συγκαθεύδειν
3538 3371 3706 3441 αὐτῷ.
3753 3371 3809 3423 Ἠ
3863 3369 3927 3423 δὲ

2316 3452 2470 3509 εἶπεν·
2528 3456 2649 3509 Ὀτι
2706 3466 2941 3534 Χριστοῦ
3003 3460 3108 3532 εἰμι
3161 3457 3347 3529 δούλη,
3408 3465 3498 3513 καὶ
3556 3462 3614 3512 ού
3666 3464 3923 3534 πορνεύω.

2313 3541 2369 3597 Ὀ
2412 3542 2468 3598 δὲ
2509 3543 2770 3609 δεσπότης
2822 3546 3042 3619 ἐφήδετο
3093 3549 3256 3612 αὐτῆς
3307 3551 3397 3610 ἔως
3447 3555 3604 3611 τινόςδ
3652 3552 3682 3607 ἡ
3736 3546 3795 3602 δὲ
3828 3550 3926 3601 ούκ

2313 3633 2547 3693 ἐπείσθη·
2602 3637 2757 3698 αύτὸς
2784 3642 2873 3710 μὲν
2906 3638 3015 3709 οἶμα
3060 3637 3295 3709 ἀγαπῶν,
3348 3640 3459 3711 ἅμα
3499 3636 3558 3692 δε
3610 3646 3699 3691 καὶ
3750 3638 3923 3705 ἐλεῶν,

2313 3724 2406 3775 οὐκ
2460 3728 2695 3791 ἔτυπτεν,
2758 3727 2885 3779 ἀλλά
2942 3724 3239 3800 παρέδωκεν
3324 3729 3485 3786 αὐτὴν
3546 3737 3618 3797 τῷ
3678 3731 3918 3801 ἡγεμόνι,

2310 3814 2488 3885 λέγων.
2540 3816 2656 3868 Ἐὰν
2709 3819 2932 3875 συνθῆτε
2974 3826 3046 3888 τῷ
3115 3827 3292 3888 σκοπῷ
3350 3838 3473 3890 μου,
3536 3827 3700 3890 φῆσαι
3759 3819 3920 3890 αὐτῇ,

2312 3906 2353 3957 εἰ
2388 3902 2445 3958 δε
2480 3911 2574 3977 μή,
2608 3907 2829 3959 κόλασον
2860 3908 3022 3967 αὐτὴν
3053 3910 3117 3968 ὡς
3158 3915 3501 3980 Χριστιανήν.
3546 3907 3921 3982 Παραδοθεῖσα

2313 3992 2371 4047 δε
2422 4004 2491 4064 τῲ
2544 3998 2775 4069 ἡγεμόνι,
2827 4002 2915 4049 καὶ
2964 3997 3129 4049 πολλὰ
3179 3998 3299 4072 παρ’
3342 3999 3503 4050 αὐτοῦ
3542 3998 3920 4052 κολακευθεῖσα

2312 4092 2401 4136 τοῦ
2432 4088 2709 4145 πεισθῆναι
2758 4094 2865 4148 τοῖς
2918 4095 3009 4139 τοῦ
3052 4084 3311 4140 δεσπότου
3348 4088 3650 4161 κελεύμασι,
3694 4088 3919 4161 ἀποκρι-

2316 4170 2463 4225 θεῖσα
2517 4170 2671 4226 εῖπεν⁶
2728 4180 2813 4233 Μή
2870 4180 3065 4246 γένοιτο
3114 4182 3347 4238 τοιοῦτός
3389 4196 3513 4229 ποτε
3553 4174 3830 4243 δικαστὴς,
3866 4180 3917 4238 ὃς

2314 4263 2501 4315 κελεύει
2551 4262 2753 4337 ἀσωτίᾳ
2802 4260 3061 4317 δεσπότου
3108 4262 3302 4324 δούλην
3334 4268 3752 4320 ὑποτάσσεσθαι.
3809 4274 3914 4319 Τοῦ

551 4372 776 4411 morem
815 4356 1119 4409 incuteret:
1154 4356 1216 4408 In
1240 4352 1492 4407 lebetem
1525 4358 1577 4406 te
1600 4351 1942 4422 conjiciam,
1978 4357 2038 4407 ut
2074 4354 2203 4424 pice

2323 4351 2375 4405 δὲ
2410 4356 2662 4426 ἡγεμόνος
2706 4354 3049 4425 φοϐήσαντος,
3097 4357 3177 4407 ὅτι
3225 4354 3273 4406 ἐν
3320 4365 3389 4426 τῷ
3434 4355 3611 4413 λέϐητί
3660 4375 3717 4408 σε
3756 4354 3915 4428 ἐμϐά-

545 4444 939 4507 comburaris,
989 4459 1126 4497 cum
1176 4441 1499 4496 christiana
1530 4441 1645 4505 sis;
1703 4442 1828 4495 hrec
1889 4442 2034 4496 dixit
2084 4443 2200 4498 illi:

546 4536 651 4590 Per
680 4538 861 4605 caput
887 4533 1262 4604 imperatoris
1289 4531 1567 4603 (multum
1597 4531 1755 4585 enim
1790 4530 1947 4586 hunc
1986 4548 2207 4587 revere-

545 4624 959 4693 ris)nejubeas
989 4620 1166 4675 simul
1186 4626 1242 4675 et
1268 4620 1451 4675 semel
1479 4636 1572 4675 me
1600 4620 1810 4691 projici
1836 4621 1895 4674 in
1923 4620 2201 4677 lebetem.

547 4716 650 4767 sed
685 4711 979 4785 paulatim
1018 4710 1264 4775 demitti,
1298 4715 1360 4764 ut
1387 4710 1545 4765 noris
1574 4715 1869 4782 quantum
1902 4710 2202 4782 patientiae

548 4801 807 4857 Christus
839 4800 987 4855 mihi
1012 4800 1211 4853 donet.

617 4980 702 5033 X1.
730 4981 861 5050 Ipsa
896 4980 1096 5051 itaque
1122 4979 1182 5034 in
1224 4978 1481 5033 lebetem
1522 4978 1759 5049 injecta,
1812 4978 1989 5034 simul
2016 4985 2199 5052 atque

543 5070 642 5141 pix
665 5069 742 5124 ad
773 5068 988 5125 collum
1019 5070 1299 5139 pervenit,
1326 5068 1597 5141 spiritum
1626 5085 1798 5125 suum
1823 5070 2082 5125 tradidit.
2110 5071 2197 5126 Vi-

542 5161 707 5225 detis,
758 5159 924 5232 quod
977 5159 1207 5227 mulier,
1248 5175 1383 5232 quae
1424 5164 1548 5215 erat
1588 5158 1715 5215 sola
1762 5163 1819 5215 et
1866 5159 2084 5217 ancilla
2140 5166 2197 5218 et

616 5322 635 5354 ι
662 5322 858 5378 Matth.
888 5338 946 5389 χ,
978 5324 1064 5393 32,
1088 5322 1176 5379 33.

2314 4442 2403 4509 λω,
2468 4445 2813 4515 συγκαίεσθαι
2862 4451 2923 4516 τῇ
2972 4448 3140 4516 πίσση
3184 4446 3251 4506 ὡς
3292 4450 3615 4517 Χριστιανην
3656 4442 3837 4497 οὖσανο
3883 4446 3910 4503 ἡ

2317 4529 2374 4585 δε
2414 4530 2545 4585 εἶπεν
2590 4534 2730 4603 αύτῷ
2762 4538 2855 4590 τήν
2886 4534 3106 4606 κεφαλήν
3153 4554 3234 4586 σοι
3261 4542 3351 4587 τοῦ
3403 4534 3683 4606 βασιλέως,
3728 4532 3910 4593 ἐπειδή

2312 4622 2440 4674 πολὺ
2496 4621 2623 4694 φοϐῇ
2682 4623 2857 4690 αὐτόν,
2909 4627 2980 4695 μή
3040 4623 3295 4686 κελεύσεις
3351 4623 3451 4676 ἀπὸ
3505 4624 3645 4687 άπαξ
3700 4625 3915 4699 ῥιφῆναί

2310 4731 2373 4783 με
2432 4711 2479 4762 ἐν
2530 4720 2599 4782 τῷ
2658 4710 2855 4777 λέϐητι,

2309 4821 2414 4869 ναι,
2484 4802 2565 4853 ἵνα
2643 4809 2794 4872 γνῷς,
2876 4806 3041 4861 πόσην
3095 4822 3185 4874 μοι
3251 4805 3514 4876 ὑπομονήν
3582 4806 3606 4855 ὁ
3675 4809 3907 4879 Χριστός

2309 4890 2592 4963 χαρίζεται
2606 4935 2617 4946 .

2382 4986 2481 5035 ΙΑ“.
2536 4980 2640 5033 Καὶ
2692 4978 2984 5052 βληθείσης
3023 4981 3181 5042 αὐτῆς
3222 4981 3271 5033 ἐν
3302 4990 3373 5051 τῷ
3410 4981 3608 5047 λέϐητι,
3659 4985 3728 5044 ὡς
3757 4979 3908 5042 ἦλθεν

2306 5076 2423 5143 περὶ
2480 5074 2565 5122 τόν
2623 5071 2889 5143 τράχηλον
2944 5073 2973 5129 ὴ
3036 5077 3226 5137 πίσσα,
3284 5069 3521 5125 ἀπέδωκε
3577 5076 3669 5131 τήν
3723 5073 3911 5145 ψυχὴν

2308 5163 2490 5223 αὐτῆς,
2543 5160 2747 5234 Ὁρᾶτε,
2794 5163 2874 5213 ὅτι
2924 5166 3052 5234 γυνή
3109 5167 3238 5234 μόνη
3284 5168 3374 5214 καὶ
3424 5159 3585 5221 δούλη
3638 5165 3912 5238 ὑπάρχου-

2934 4711 3061 4765 ἀλλά
3138 4716 3273 4765 κατὰ
3356 4718 3542 4788 μικρὸν
3627 4714 3909 4786 χαλασθῆ-

614 5510 690 5584 (2)
721 5508 803 5567 De
826 5509 936 5568 hac
958 5512 1015 5570 S.
1038 5510 1382 5570 Potamiena
1401 5511 1643 5585 juniore
1669 5518 1871 5572 actum
1904 5517 2051 5572 tom.
2086 5514 2154 5571 II.
2189 5512 2348 5571 Junii
2379 5528 2523 5588 pag:
2548 5518 2603 5572 6.
