4066 6224
211 283 280 335 3.ῒί
1190 272 1621 329 MAHTYRIUM
1665 273 1729 327 SE

1845 274 1950 329 ILV
1992 275 2423 334 MARTYRUM.
3389 287 3489 341 334

208 425 264 475 σα,
295 407 369 454 καὶ
409 406 474 474 μή
505 403 702 473 ἔχουσα
744 400 928 462 ἑαυτῆς
976 400 1234 471 ἐξουσίαν,
1284 400 1449 461 οὕτως
1475 407 1535 471 τῇ
1571 400 1727 471 μεγά-

1845 417 1971 473 quaa
1985 418 2106 459 non
2121 403 2385 461 habebat
2402 410 2759 477 potestatem
2776 408 2865 462 sui
2879 407 3084 480 ipsius,
3104 416 3230 468 tam
3261 428 3493 484 magna

200 495 238 565 hi
289 495 491 564 ὑπομονῇ
540 496 839 563 κατῄσχυνε
883 495 968 543 τὸν
1014 494 1284 565 τύραννον.
1347 495 1409 542 Τί
1457 488 1518 540 ἂν
1569 493 1726 540 εἳποιυ

192 601 260 653 μεν
291 583 457 652 ipsi};
493 582 520 639 ἦ
567 586 691 631 ποία
757 582 1032 651 ὑπέρθεσις
1077 583 1224 631 ἔσται
1275 586 1366 630 τοῦ
1405 583 1476 649 μή
1524 579 1726 629 ἀποθα-

190 679 268 722 νεῖν
308 672 418 741 ὑπὲρ
467 676 552 720 τοῦ
607 673 800 741 Κυρίου
844 671 984 739 ἡμῶν
1039 674 1216 724 Ἰησοῦ
1271 667 1508 739 Χριστοῦ
1545 669 1729 732 ;Μετά

189 762 267 832 γὰρ
305 764 384 814 τήν
428 758 676 808 τελείωσιν
728 760 870 827 ἡμῶν
919 760 973 808 αἱ
1033 761 1122 828 μὲν
1179 757 1360 827 ψυχαὶ
1417 758 1561 827 ἡμῶν
1629 756 1728 806 ὑ7τὸ

188 851 316 918 ἁγίων
365 846 575 918 ἀγγέλων
633 843 1064 920 δορυφοροῦνται,
1119 851 1208 898 καὶ
1262 844 1309 896 ἐν
1356 854 1415 917 τῇ
1484 843 1730 917 βασιλείᾳ

188 945 263 987 τῶν
300 935 504 1008 οὐρανῶν
549 939 791 1006 στέφανοι
837 941 927 987 καὶ
982 942 1131 1007 τιμαὶ
1197 938 1403 987 ἔσονται
1471 951 1482 962 ·
1548 936 1614 984 τὰ
1671 930 1728 984 δὲ

185 1025 361 1095 λείψανα
413 1027 548 1096 ἡμων
605 1027 737 1096 μετὰ
792 1031 966 1096 χαρᾶς
1019 1030 1108 1076 καὶ
1163 1021 1322 1086 δόξης
1372 1026 1508 1075 κατὰ
1556 1029 1728 1074 πᾶσαν

184 1121 255 1172 τήν
317 1115 598 1186 οἰκουμένην
685 1116 1052 1186 ἐκπέμπονται,
1135 1119 1235 1166 Καὶ
1306 1121 1471 1166 ταῦτα
1550 1112 1724 1175 εἰπὼν,

183 1204 343 1263 πάντας
377 1202 764 1276 παρεθάρρυνεν,
817 1205 950 1255 ὥστε
1005 1208 1094 1255 καὶ
1161 1202 1351 1262 αὐτοὺς
1395 1201 1574 1254 εἰπεῖν.
1625 1207 1728 1252 Τοῦ

185 1298 340 1364 Κυρίου
389 1295 444 1344 τὸ
503 1291 700 1363 θέλημα
777 1293 1021 1364 γενέσθω.
1102 1295 1376 1352 Καῦσωνος
1452 1287 1510 1342 δὲ
1585 1293 1728 1350 ὄντος

180 1380 421 1455 ἀφορήτου,
472 1382 625 1438 ήνίκα
675 1389 841 1433 ταῦτα
891 1388 997 1443 τοῖς
1066 1380 1238 1453 ἁγίοις
1307 1377 1590 1444 συνέϐαινε,
1641 1382 1729 1430 καὶ

180 1469 469 1541 ἐκκαιομένων
525 1469 692 1521 αὐτῶν
768 1479 829 1541 τῇ
887 1468 1046 1542 δίψη,
1105 1474 1194 1522 καὶ
1251 1469 1581 1541 κωλυομένων
1632 1475 1730 1519 τῶν

183 1559 344 1610 οἰκείων
397 1555 667 1610 ἐπιδοῦναι
718 1562 895 1619 αὐτοῖς
946 1561 1124 1631 ἄρτον,
1180 1559 1210 1618 ἢ
1266 1555 1433 1630 ὕδωρ,
1465 1561 1594 1628 ’γυνή
1653 1575 1731 1616 τις

183 1646 385 1708 θεοσεϐὴς
428 1647 642 1720 ὀνόματι
700 1652 956 1715 Βασιανή,
1013 1648 1359 1720 εὐσχημόνως
1403 1645 1727 1716 ἐνδυσαμένη

1839 491 2121 561 patientia
2154 499 2476 565 tyrannum
2532 496 2890 552 confuderit.
2917 499 3067 563 Quid
3098 515 3237 572 ergo
3263 517 3372 558 nos
3402 503 3490 558 di-

1839 596 2044 635 cemus
2063 580 2091 635 ?
2113 585 2420 656 autqualis
2443 586 2648 641 dilatio
2671 587 2774 642 erit
2790 603 2909 642 non
2935 588 3085 643 mori
3110 605 3217 659 pro
3243 593 3491 647 Domino

1840 675 2037 724 nostro
2077 672 2217 727 Jesu
2249 674 2475 730 Christo
2501 676 2527 730 ‘I
2556 678 2700 731 Nam
2725 681 2859 748 post
2907 682 3161 733 mortem
3203 685 3490 745 nostram,

1839 758 2055 815 animae
2086 766 2307 816 nostrae
2339 770 2680 820 sanctorum
2705 766 3056 836 angelorum
3093 766 3364 824 satellitio
3401 768 3496 823 sti-

1838 849 2141 918 pabuntur
2171 867 2184 915 ;
2218 858 2272 906 et
2303 852 2359 906 in
2379 868 2564 922 regno
2585 854 2871 910 caelorum
2895 871 3126 912 coronae
3153 861 3209 911 et
3237 856 3494 912 honores

1839 943 2008 992 erunt
2039 956 2051 994 :
2084 938 2345 1010 reliquias
2387 947 2586 996 autem
2619 949 2834 998 nostra
2857 959 2994 998 cum
3029 943 3254 1014 gaudio
3285 949 3343 1000 et
3392 945 3493 999 ho-

1839 1039 1981 1079 nore
2013 1041 2118 1098 per
2148 1028 2489 1084 universum
2512 1031 3226 1089 orbemtransmittentur.
3258 1036 3387 1089 Haec
3412 1034 3494 1089 fa-

1839 1118 1952 1179 tus,
1998 1117 2276 1171 omnibus
2330 1118 2562 1173 animos
2611 1121 2859 1186 addidit,
2894 1122 3046 1178 adeo
3105 1128 3166 1177 ut
3206 1123 3319 1194 ipsi
3349 1139 3494 1196 quo-

1837 1218 1952 1272 que
2001 1203 2259 1261 dicerent
2300 1224 2313 1260 :
2372 1209 2604 1262 Domini
2637 1209 2910 1266 voluntas
2961 1211 3085 1266 ﬁat.
3117 1214 3260 1266 Cum
3293 1217 3494 1268 autem

1836 1307 1959 1363 quo
1990 1299 2253 1366 tempore
2292 1295 2421 1352 hinc
2465 1298 2818 1354 eveniebant
2863 1302 3102 1368 sanctis,
3131 1307 3308 1356 aestus
3343 1306 3495 1357 esset

1839 1381 2243 1454 intolerabilis,
2284 1390 2339 1440 et
2377 1402 2497 1458 prae
2532 1388 2623 1442 siti
2665 1394 3091 1454 exurerentur;
3122 1381 3378 1461 cumque
3408 1392 3493 1446 in-

1839 1487 2015 1542 super
2046 1471 2425 1530 interdictum
2439 1476 2777 1532 domesticis
2809 1483 2963 1533 esset
2991 1478 3257 1550 praebere
3276 1479 3361 1535 eis
3394 1495 3492 1551 pa-

1839 1575 1976 1614 nem
2009 1567 2112 1616 aut
2138 1578 2376 1634 aquam,
2408 1565 2911 1638 mulierquaadam
2939 1569 3060 1639 pia,
3109 1569 3352 1624 nomine
3393 1572 3495 1625 Ba-

1840 1648 2028 1714 siana,
2063 1651 2334 1706 muliebri
2369 1654 2589 1709 amictu
2615 1655 2822 1710 decore
2861 1656 3093 1721 induta,
3125 1658 3383 1714 maforio
3413 1659 3491 1730 (3)

180 1742 250 1793 τήν
293 1743 576 1808 γυναικείαν
648 1737 857 1802 στολήν,
935 1742 1025 1790 καὶ
1086 1742 1340 1811 μαφόριον
1416 1735 1729 1808 πλατύτερον

1845 1736 2067 1803 latiore,
2134 1757 2316 1812 quam
2359 1742 2602 1808 solebat,
2645 1745 3032 1810 circumdata,
3059 1746 3288 1816 poculis
3317 1763 3492 1819 aqum

177 1834 245 1886 τῆς
284 1829 539 1887 συνηθείας
597 1827 1025 1903 περιϐαλλομένη,
1071 1830 1308 1887 κώθωνας
1358 1822 1554 1885 ῦδατος
1601 1823 1729 1880 πλή-

176 1934 252 1985 ρεις
294 1913 678 1989 διαζωσαμένη,
732 1922 819 1968 καὶ
879 1919 944 1977 ὡς
1005 1915 1325 1987 ἐπισκέψεως
1394 1915 1556 1988 χάριν
1615 1911 1733 1968 ἁνυ,

176 2010 338 2066 πόπτως
363 2009 488 2078 πρὸς
540 2006 733 2068 αὐτοὺς
771 2006 1194 2080 εἰσπορευομένη,
1255 2004 1490 2064 ἐπότιζεν
1543 2004 1733 2062 αὐτοὺς

178 2093 496 2158 λανθανόντως.

1811 1819 2032 1898 "plenis
2058 1828 2246 1885 cincta
2270 1836 2326 1886 et
2361 1836 2642 1902 tanquam
2661 1833 2889 1888 visendi
2925 1836 3114 1904 gratia
3141 1835 3264 1891 sine
3304 1836 3493 1908 suspi-

1841 1918 2010 1973 cione
2052 1918 2130 1974 ad
2204 1935 2306 1975 eos
2357 1921 2639 1992 profecta,
2696 1922 2851 1979 clam
2897 1923 3040 1995 ipsis
3064 1929 3274 1995 potum
3306 1924 3490 1982 dedit.

1626 2213 1846 2268 CAPUT
1906 2214 1998 2267 lJl.

467 2360 688 2419 Sancti
714 2361 952 2430 frustra
991 2359 1072 2418 ad
1101 2360 1330 2416 cultum
1372 2357 1617 2430 deomm
1644 2354 1982 2430 incitantur
2019 2371 2032 2420 ;
2064 2355 2300 2430 inﬁdeos
2345 2363 2400 2414 et
2432 2363 2762 2428 tyrannum
2793 2361 3100 2419 invehitur

1122 2436 1364 2488 sanctus
1391 2428 1669 2486 Leontius
1712 2443 1725 2492 ;
1757 2426 1912 2482 clam
1943 2441 1980 2482 a
2009 2427 2256 2484 muliere
2283 2426 2596 2499 petantur.

223 2559 306 2617 IB'.
380 2561 910 2633 Διανῠκτερεύσαντες
973 2554 1032 2610 δὲ
1097 2555 1147 2608 ἕν
1214 2563 1287 2626 τῷ
1356 2558 1530 2606 σκότει
1594 2548 1726 2609 ἦσαν

175 2646 518 2722 ἀγαλλιώμενοι,
568 2654 636 2710 ὡς
688 2648 738 2702 ἒν
782 2651 970 2722 ἡμέρᾳ,
1022 2650 1112 2699 καὶ
1163 2644 1382 2716 ἔψαλλον
1413 2645 1544 2715 ὁμοῦ
1592 2643 1726 2694 ποίν-

175 2755 233 2797 τες
253 2737 459 2809 λέγοντες
491 2757 503 2770 ⁸
531 2762 564 2790 ι(
600 2738 806 2802 Ἐξελοῦ
832 2756 894 2810 με
921 2736 974 2788 ἐκ
1005 2744 1102 2788 τῶν
1141 2734 1346 2809 ἐχθρῶν
1375 2753 1495 2805 μου,
1521 2733 1546 2784 ὁ
1574 2733 1722 2796 Θεὸς,

173 2831 239 2878 καὶ
295 2827 342 2880 ἐκ
391 2839 486 2882 τῶν
551 2829 965 2900 ἐπανισταμένων
1023 2825 1099 2877 ἐπ’
1157 2823 1242 2896 ἐμὲ
1298 2823 1564 2898 λύτρωσαί
1619 2839 1681 2893 με
1710 2836 1722 2848 ’

171 2915 296 2986 ῥῦσαί
347 2937 404 2990 με
459 2918 512 2970 ἐκ
571 2927 669 2970 τῶν
724 2917 1076 2990 εργαζομένων
1115 2918 1208 2971 τὴν
1253 2911 1490 2986 ἀνομίαν,
1533 2916 1622 2962 καὶ
1677 2908 1728 2971 ἐξ

1915 2551 2024 2605 ΧΠ.
2061 2554 2209 2608 Dum
2232 2568 2374 2610 vero
2399 2561 2836 2626 pernoctarent,
2870 2557 2929 2612 in
2962 2557 3220 2614 tenebris
3242 2563 3364 2615 tam
3399 2576 3496 2617 ex-

1842 2638 2147 2696 sultabant
2172 2659 2354 2713 quam
2389 2643 3070 2718 inluce,cantabantque
3104 2662 3226 2703 una
3253 2664 3488 2707 omnes:

1842 2748 1869 2780 «
1904 2729 2069 2801 Eripe
2111 2747 2204 2786 me
2244 2733 2315 2786 de
2349 2733 2622 2800 inimicis,
2680 2738 2832 2790 Deus
2889 2751 3081 2804 meus,
3113 2743 3167 2790 et
3194 2736 3269 2790 ab
3304 2738 3493 2793 insur-

1838 2820 2114 2892 gentibus
2139 2819 2198 2875 in
2230 2837 2325 2876 me
2356 2823 2574 2878 redime
2611 2841 2724 2880 me.
2759 2824 2966 2880 Libera
2999 2840 3093 2879 me
3127 2825 3201 2880 ab
3247 2841 3494 2897 operan-

1842 2911 1994 2966 tibus
2011 2911 2402 2982 iniquitatem,
2416 2917 2473 2967 et
2492 2913 2565 2968 de
2579 2913 2717 2968 viris
2731 2914 3092 2983 sanguinum
3109 2914 3277 2972 salva
3292 2932 3386 2971 me
3400 2917 3444 2982 ⁵,
3461 2938 3488 2968 ››

171 3001 331 3077 ἀνδρῶν
379 3011 614 3079 αἱμάτων
662 3010 832 3059 σῶσόν
877 3024 960 3077 με,
1006 3026 1033 3053 ››
1085 3007 1175 3055 καὶ
1220 3006 1284 3054 τὰ
1325 3002 1464 3064 ἑξῆς.
1521 3002 1586 3052 Oi
1623 3002 1725 3071 γὰρ

1845 3005 1951 3056 etc.
1983 2976 2212 3071 Quippe
2245 2976 2477 3071 plurimi
2508 3001 2742 3058 illorum
2763 2976 3108 3058 abineunte
3142 3007 3312 3058 aetate
3338 2976 3494 3076 psal-

175 3091 365 3147 πὶεῐστοι
416 3097 589 3148 αὐτῶν
647 3101 832 3168 νεαρᾶς
887 3094 1089 3152 ἡλικίας
1139 3089 1272 3150 ἦσαν
1316 3089 1728 3162 ἐκμεμαθηκότες

176 3186 268 3242 τοὺς
313 3183 568 3256 ψαλμοὺς.
628 3189 728 3237 Καὶ
785 3181 1077 3243 τελέσαντες
1141 3185 1233 3238 τήν
1290 3182 1586 3252 νυκτερινήν
1644 3176 1726 3229 εὐ-

175 3275 270 3338 χὰν,
309 3273 556 3332 ἐκάθηντο
603 3271 942 3344 εκδεχόμενοι
986 3277 1079 3330 τήν
1116 3273 1259 3344 παρά
1289 3278 1379 3320 τοῦ
1425 3274 1558 3321 Θεοῦ
1590 3265 1727 3338 βοή-

175 3361 296 3415 θειαν.
345 3363 397 3416 Ὀ
456 3362 513 3416 δὲ
577 3360 726 3425 δοῦ-ξ,
794 3362 844 3414 ἐν

176 3457 359 3523 τιμωρίᾳ
405 3453 624 3504 κολάσει
674 3455 788 3511 τοὺς
858 3450 1058 3521 ἁγίους,
1123 3451 1311 3508 οἷῦπνος
1366 3445 1579 3499 διετέλει
1636 3448 1729 3501 τήν

934 3357 1172 3435 φροντίδι
1247 3362 1532 3430 γενόμενος,
1604 3360 1729 3426 ποίᾳ

173 3539 298 3590 νύκτα
381 3548 502 3614 Περὶ
566 3537 626 3592 δὲ
679 3543 766 3591 τὸν
818 3541 1000 3613 ὄρθρον
1084 3536 1487 3609 ἀφυπνώσαντος
1547 3534 1726 3599 αὑτοῦ,

1211 3643 1222 3654 ⁸
1268 3621 1571 3695 Ἀνδρίζου,
1627 3629 1731 3675 Λυ-

177 3720 245 3766 σία
292 3735 301 3744 ·
345 3717 438 3789 ἐγὼ
517 3721 626 3790 γάρ
707 3718 812 3788 εἰμι
881 3718 905 3767 ὁ
965 3715 1298 3781 Ἀσκληπιός,
1358 3713 1427 3774 εἰς
1493 3713 1545 3764 ὃν
1603 3714 1732 3784 χθὲς

175 3633 364 3697 παρέστη
418 3631 564 3700 αὐτῷ
618 3630 642 3680 ὁ
694 3635 944 3689 Σατανᾶς.
997 3627 1153 3697 λέγων

177 3808 330 3872 ὤμνυες
367 3825 380 3838 ⁸
424 3807 556 3860 ἀλλὰ
617 3806 848 3867 ἀναστὰς
894 3811 1193 3879 τιμώρησον
1250 3807 1370 3864 τοῦς
1427 3802 1731 3877 ἀνθρώπους

175 3895 346 3957 τούτους
405 3912 416 3922 ·
480 3896 629 3957 ἅπαξ
682 3898 783 3967 γὰρ
845 3893 1325 3966 βλασφημήσαντες
1393 3897 1479 3944 καὶ
1536 3890 1729 3965 ἐνυϐρί-

176 3998 316 4043 σαντες
345 3990 432 4037 οῦκ
478 3986 616 4037 εἰσιν
673 3984 812 4046 ἄξιοι
860 3992 952 4045 τῆς
1002 3985 1254 4055 ἡμετέρας
1306 3985 1548 4043 θεότητος
1590 3999 1602 4011 ⁵
1657 3981 1732 4042 ξέ-

177 4087 243 4120 σον
268 4069 343 4124 οἶν
384 4076 576 4135 αὐτούς
619 4089 631 4101 ⁸
672 4070 799 4125 οἶδα
845 4075 945 4146 ’γὰρ
999 4077 1092 4131 τὴν
1143 4075 1386 4124 ἔνστασιν
1431 4071 1614 4139 αὐτῶν,
1652 4072 1729 4121 ὅτι

173 4163 262 4211 οὔτε
299 4163 499 4216 θύουσιν
557 4165 708 4233 ἡμῖν,
760 4165 876 4214 οὔτε
933 4170 1318 4236 προσκυνοῦσιν
1379 4178 1390 4190 ’
1439 4159 1729 4232 πολλὰγὰρ

173 4246 307 4318 ῦεγον
333 4254 442 4305 κατ’
473 4253 605 4325 ἐμοῦ
654 4252 702 4303 ἐν
746 4260 806 4322 τῇ
871 4250 1094 4324 φυλακῇ.
1157 4251 1321 4311 Εὐθὺς
1377 4246 1486 4313 οὖν,
1541 4249 1732 4308 κλάσας

1843 3105 1974 3145 mos
2031 3091 2486 3160 perdidicerant.
2522 3092 2830 3148 Nocturnis
2870 3092 3148 3164 precibus
3198 3092 3492 3149 absolutis

1843 3178 2145 3244 sedebant,
2199 3187 2614 3252 exspectantes
2670 3198 2706 3237 a
2750 3184 2867 3237 Deo
2901 3181 3207 3236 auxilium.
3241 3184 3312 3236 At
3351 3182 3493 3248 dux,

1844 3284 1988 3324 cura
2017 3268 2320 3324 confectus
2360 3288 2613 3342 quonam
2640 3271 2926 3342 supplicio
2949 3276 3185 3326 sanctos
3215 3270 3494 3336 afficeret,

1845 3365 2079 3414 noctem
2104 3361 2798 3431 transigebatinsomnis.
2821 3361 2934 3416 Sed
2959 3361 3059 3415 ubi
3087 3360 3200 3414 sub
3217 3375 3498 3416 auroram

1844 3445 2323 3510 obdormivisset,
2369 3446 2584 3502 adstitit
2638 3447 2782 3518 ipsis
2843 3448 3114 3509 Satanas,
3183 3461 3253 3501 ac
3295 3445 3440 3500 dixit
3483 3459 3494 3500 :

1845 3537 2023 3590 Macte
2098 3536 2333 3599 animis,
2395 3535 2565 3606 Lysia
2625 3552 2637 3589 :
2697 3551 2808 3604 ego
2841 3551 3100 3605 namque
3129 3533 3495 3605 Esculapius

1847 3640 2002 3688 sum,
2055 3639 2156 3695 per
2211 3640 2388 3694 quem
2443 3624 2720 3679 hesterno
2759 3624 2853 3678 die
2883 3624 3117 3694 jurasti,
3143 3628 3201 3676 at
3229 3627 3408 3677 strato
3442 3626 3494 3676 te

1849 3715 2102 3784 proripe,
2137 3720 2190 3768 et
2215 3712 2345 3768 illos
2385 3712 2659 3768 homines
2700 3713 2885 3779 plecte
2918 3729 2929 3765 :
2973 3727 3112 3766 nam
3165 3709 3345 3764 semel
3379 3710 3496 3763 bla-

1845 3803 2131 3874 sphemiis
2188 3808 2240 3856 et
2283 3801 2529 3879 injuriis
2582 3801 2672 3856 usi
2699 3799 3001 3856 divinitate
3033 3803 3233 3853 nostra
3263 3796 3493 3865 indigni

1847 3898 2006 3948 sunt.
2064 3893 2231 3947 Proin
2287 3891 2447 3947 caade
2500 3890 2629 3946 illos
2662 3907 2675 3956 ;
2711 3890 2828 3945 scio
2854 3889 3072 3960 quippe
3099 3886 3493 3960 pervicaciam

1847 3983 2138 4054 ipsorum,
2169 3983 2333 4053 quod
2359 3997 2468 4036 nec
2481 3979 2653 4036 nobis
2678 3977 3208 4041 sintsacriticaturi,
3236 3991 3344 4031 nec
3371 3974 3497 4030 cul-

1848 4078 1972 4127 tum
2005 4071 2270 4136 deleturi,
2293 4087 2432 4126 nam
2457 4069 2646 4126 multa
2683 4069 2756 4126 ad
2769 4083 3003 4124 versum
3029 4083 3122 4122 me
3140 4066 3417 4121 dixerunt
3434 4064 3494 4118 in

1850 4179 2102 4218 carcere.
2143 4166 2266 4219 Mox
2293 4178 2429 4233 ergo
2455 4160 2759 4216 confracta
2777 4159 3043 4231 ipsorum
3075 4173 3211 4212 ossa
3235 4153 3495 4210 ﬂammis

1849 4253 2225 4317 combure,et
2249 4251 2499 4307 ﬂuvium
2520 4253 2740 4322 Lycum
2769 4248 3017 4320 inquire,
3035 4257 3092 4302 et
3120 4245 3201 4300 ibi
3219 4245 3347 4300 haec
3379 4243 3498 4298 dis-

172 4337 307 4388 αὖτών
339 4345 399 4393 τὰ
455 4343 611 4408 ὀστᾶ,
659 4349 855 4393 καῦσον
908 4340 1039 4392 αῦτά
1077 4345 1226 4415 πυρὶ,
1275 4345 1364 4391 καὶ
1414 4338 1729 4400 ἐπιζήτησον

1847 4342 2046 4413 perde.
2090 4345 2158 4397 At
2189 4341 2344 4395 enim
2362 4355 2578 4405 vereor,
2605 4353 2701 4402 ne,
2749 4338 2796 4390 si
2825 4334 3137 4391 Christiani
3170 4333 3494 4398 inveniant,

173 4427 419 4481 τόνΛνκον
461 4435 722 4501 ποταμὸν,
774 4436 863 4482 καὶ
918 4429 1020 4482 ἐκεῖ
1069 4431 1200 4481 αὐτὰ
1268 4429 1518 4480 ἁπόλεσον
1583 4445 1596 4457 ο
1648 4447 1734 4499 φο-

173 4511 332 4585 εοῦμαι
366 4524 465 4595 γὰρ
515 4525 593 4592 μή
627 4540 760 4585 πως,
807 4518 888 4571 ἐὰν
934 4521 1152 4593 εὕρωσιν
1202 4518 1335 4571 αὐτὰ
1375 4520 1422 4569 οἱ
1471 4525 1734 4590 Χριστια-

172 4607 251 4666 νοὶ,
301 4607 737 4682 οἰκοδομήσαντες
815 4612 988 4670 οἴκους
1040 4609 1298 4682 μεγάλους
1367 4613 1456 4658 καὶ
1522 4626 1735 4680 περιφα·

174 4699 264 4751 νεξ,
315 4695 411 4750 ἐκεῖ
465 4699 656 4760 αὐτοὺς
712 4699 1089 4770 κατορύξωσιν,
1162 4697 1431 4758 κάκείνους
1502 4695 1737 4756 σέϐοντες

176 4785 247 4830 καὶ
277 4795 528 4857 τιμῶντες,
576 4788 663 4860 ἐμὲ
712 4787 1126 4850 ἐξουθενίσουσιν
1169 4803 1182 4815 ·
1245 4783 1451 4857 σπουδῇ
1506 4781 1592 4836 οὖν
1638 4783 1739 4836 ἀπ-

177 4867 320 4925 ολεσον
347 4877 561 4940 αὐτούς,

236 4963 310 5015 ΙΓ.
357 4966 614 5028 Ἀναστὰς
669 4964 756 5018 οὖν
793 4969 818 5018 ὁ
871 4963 1000 5028 δουξ
1044 4969 1101 5018 τὸ
1145 4969 1279 5039 πρῶὶ
1323 4968 1455 5036 μετὰ
1503 4961 1738 5024 σπουδῆς

183 5047 337 5113 πολλῆς
385 5060 474 5106 καὶ
530 5060 837 5126 φαντασίας,
916 5059 1004 5106 καὶ
1078 5055 1309 5114 πλήθους
1383 5062 1736 5126 στρατιωτῶν,

179 5141 249 5187 καὶ
295 5139 495 5202 ἐξελθὼν
540 5143 635 5206 ἔξω
694 5153 789 5204 τῆς
845 5142 1036 5203 πόλεως
1092 5145 1160 5203 ὡς
1211 5143 1312 5195 ἀπὸ
1347 5142 1599 5215 βημάτευν
1645 5142 1735 5214 Pi":

181 5229 250 5276 καὶ
297 5228 443 5303 εὑρὼν
500 5239 657 5284 τόπον
711 5231 1047 5304 ὑψηλότερον,
1107 5234 1330 5293 καθίσας
1377 5231 1459 5284 ἐπὶ
1506 5239 1598 5282 τοῦ
1633 5229 1736 5303 βή-

237 5403 407 5462 5Psal.
438 5425 592 5478 mn,
624 5415 662 5467 t.
695 5415 749 5475 2,
784 5414 815 5467 3
849 5451 861 5465 .

1845 4431 1937 4501 qui
1967 4431 2175 4486 domos
2207 4445 2459 4499 magnas
2487 4427 2859 4484 aediﬁcarunt
2894 4430 2949 4479 et
2979 4423 3252 4487 illustres,
3277 4420 3497 4477 ibidem

1845 4539 1946 4580 eos
1999 4521 2324 4588 defodiant,
2380 4519 2629 4590 illosque
2669 4515 2992 4571 reverentia
3017 4518 3071 4569 et
3098 4513 3324 4568 honore
3371 4526 3500 4583 per-

1848 4616 2166 4686 sequentes
2187 4626 2282 4666 me
2309 4606 2685 4681 pessumdent
2713 4621 2726 4659 :
2756 4603 2930 4675 perde
2957 4602 3153 4673 itaque
3175 4601 3341 4672 ipsos
3369 4599 3497 4654 sine

1847 4719 2039 4760 mora.

1923 4956 2053 5010 Xlll.
2111 4955 2235 5008 Dux
2262 4952 2460 5022 itaque
2505 4962 2642 5001 cum
2701 4957 2875 4998 mane
2930 4940 3283 4996 surrexisset
3315 4938 3500 4994 multa

1849 5064 1982 5102 cum
2043 5041 2442 5102 festinatione,
2497 5035 2740 5089 visionis
2793 5031 3057 5098 imagine
3116 5046 3182 5084 ac
3244 5026 3495 5082 militum

1849 5132 2244 5201 multitudine,
2299 5136 2476 5199 atque
2506 5139 2785 5195 egressus
2814 5124 2971 5175 esset
3009 5121 3172 5172 extra
3201 5115 3500 5171 civitatem

1849 5224 2020 5298 quasi
2037 5221 2113 5278 ad
2136 5219 2397 5292 spatium
2417 5227 2712 5288 passuum
2728 5214 2968 5265 centum
2990 5211 3048 5262 et
3063 5203 3502 5278 quinquaginta

185 5575 362 5649 (3)Vox
391 5582 507 5641 ista
534 5583 827 5656 signiﬁcat
862 5583 1300 5658 operimentum
1326 5585 1558 5659 capitis,
1595 5582 1862 5640 maxime
1888 5578 2267 5643 feminarum,
2294 5573 2369 5630 de
2400 5587 2520 5645 qua
2545 5567 2829 5639 Cangius.
