4084 6216
614 350 717 407 335

2020 327 2279 387 MENSIS
2316 320 2580 382 muns.
3841 317 3931 373 336

612 475 933 546 locumque
971 466 1384 526 sublimiorem
1430 462 1778 530 invenisset,
1823 461 2040 517 sedens
2080 457 2142 512 in
2171 453 2275 509 tri-

2386 470 2560 521 ματος,
2624 447 2880 502 ἐκέλευσεν
2949 444 3183 519 ἀχθῆναι
3262 443 3380 503 τοὺς
3456 440 3625 509 ἁγίους
3688 456 3699 469 ⁸
3753 447 3830 495 καὶ
3890 444 3933 495 οἱ

616 543 858 631 ὺιιηδΙῙξ
878 564 1113 618 sanctos
1144 557 1369 615 accersi
1401 555 1595 627 jussit.
1622 557 1737 610 Nec
1764 566 1934 609 mora
1990 563 2002 603 :
2058 543 2273 601 milites

614 655 912 725 ejecerunt
962 650 1146 721 ipsos,
1198 663 1266 703 ac
1308 645 1533 701 vinctos
1566 644 1851 699 stiterunt.
1898 641 2024 694 Dux
2072 638 2271 691 autem

614 744 732 798 ﬁxo
762 742 972 798 obtutu
1000 737 1123 794 illos
1150 751 1485 809 pererrans,
1510 735 1591 788 sic
1624 732 1779 789 fatur
1809 746 1821 785 :
1862 727 2029 785 Scitis
2068 737 2274 796 peper-

614 832 764 888 cisse
793 848 885 886 me
918 829 1081 884 vobis
1111 828 1258 891 heri,
1295 841 1367 880 ne
1412 822 1719 879 tormentis
1750 815 2185 875 cruciaremini,
2217 815 2273 866 et

613 922 674 977 in
710 921 1062 977 hodiernum
1092 933 1276 988 usque
1306 915 1465 969 diem
1485 911 1842 975 connivisse,
1872 914 1931 963 ut
1954 904 2131 960 hodie
2162 901 2272 957 diis

615 1011 1040 1074 sacriﬁcantes,
1075 1002 1546 1075 imperatoribus
1577 999 1731 1056 ﬁalis
1762 996 1960 1061 amici,
1980 998 2034 1050 et
2067 991 2271 1057 nobis;

614 1106 669 1156 et
703 1105 1021 1172 postquam
1058 1098 1322 1151 vestrum
1355 1090 1601 1163 quilibet
1632 1084 2050 1144 sacriﬁcaverit
2070 1081 2148 1138 ad
2169 1080 2275 1136 du-

615 1169 820 1246 centos
859 1169 1078 1243 aureos
1120 1182 1390 1253 accipiat,
1425 1184 1735 1250 vestesque
1758 1182 1816 1233 et
1834 1176 1995 1231 dona
2024 1172 2138 1227 alia
2166 1169 2273 1224 im-

613 1278 930 1352 peratoria.
968 1278 1112 1331 Ecce
1136 1274 1315 1342 enim,
1341 1271 1659 1343 plerosque
1678 1272 1939 1322 vestrum
1981 1259 2273 1317 sacriﬁca-

612 1384 675 1424 re
706 1366 849 1423 velle
882 1365 1053 1421 video
1084 1380 1096 1430 ;
1132 1362 1181 1417 si
1213 1376 1347 1431 ergo
1382 1374 1607 1416 morem
1661 1357 1805 1412 mihi
1845 1352 2081 1425 geratis,
2132 1364 2274 1405 mox

612 1462 811 1513 tauros
828 1456 940 1511 huc
954 1452 1171 1509 adduci
1187 1448 1491 1512 mandavi,
1516 1451 1577 1503 ut
1606 1446 1715 1501 diis
1734 1441 2271 1512 immoletis,pran-

613 1545 782 1601 dium
836 1543 1007 1599 vobis
1061 1547 1319 1615 paretur,
1383 1543 1437 1593 et
1495 1537 1647 1592 inter
1696 1534 1907 1606 epulas
1958 1526 2273 1603 splendida

614 1650 857 1707 quoque
884 1630 1187 1703 accipiatis
1227 1628 1408 1684 dona.
1441 1626 1539 1683 Sin
1571 1624 1816 1681 obedire
1849 1618 2160 1683 recusatis,
2193 1615 2273 1673 ad

615 1723 775 1779 aliud
810 1725 1243 1779 tormentorum
1258 1733 1469 1789 genus,
1496 1713 1814 1786 procedere
1832 1713 2082 1784 oportet.
2101 1707 2272 1763 Proin

2383 548 2703 614 στρατιῶται
2742 542 2799 590 τό
2848 539 3015 609 τάχος
3067 533 3354 592 ἐκϐαλόντες
3402 530 3585 592 αὐτοὺς
3632 535 3932 602 παρέστησαν

2382 626 2705 701 δεδεμένους.
2745 632 2843 680 Καὶ
2885 626 3123 686 ἀτενίσας
3152 624 3219 684 εἰς
3274 621 3460 681 αὐτοὺς
3507 621 3531 671 ό
3586 615 3723 681 δοὺξ,
3771 614 3886 672 εἶπεν
3918 638 3928 651 ·

2382 715 2594 788 Οἴδατε,
2654 720 2734 770 ὅτι
2788 719 2931 789 χθὲς,
2996 716 3301 787 φεισάμενος
3355 713 3497 782 ἡμῶν
3553 715 3639 760 τοῦ
3689 712 3753 779 μὴ
3794 728 3933 781 προσ-

2381 810 2523 879 άγειν
2580 809 2699 879 ὑμῖν
2760 804 3047 878 βασάνους,
3102 802 3174 863 εἰς
3226 806 3318 858 τὴν
3392 803 3612 872 σήμερον
3662 796 3936 867 ἐταμιευσά-

2380 917 2502 969 μην,
2565 896 2645 947 ἶνα
2707 900 2795 953 τὴν
2851 899 3072 968 σήμερον
3135 894 3386 949 θύσαντες
3455 895 3563 947 τοῖς
3628 887 3765 952 θεοῖς,
3819 885 3938 955 φίλοι

2380 987 2598 1057 γένησθε
2647 993 2745 1037 τῶν
2805 984 3198 1055 αὐτοκρατόρων
3270 984 3359 1030 xui
3425 978 3588 1048 ἡμῶν,
3646 978 3730 1025 καὶ
3802 975 3939 1033 θύσας

2379 1077 2594 1137 ἕκαστος
2646 1077 2788 1147 ὑμῶν
2821 1071 2951 1146 λάϐῃ
3014 1075 3138 1146 πρὸς
3195 1070 3238 1122 σ⁷
3279 1073 3537 1141 χρυσοῦς,
3591 1068 3676 1116 καὶ
3719 1061 3938 1129 ἐσθῆτας,

2380 1170 2470 1217 καὶ
2522 1164 2674 1226 ἄλλας
2720 1160 2921 1238 δωρεὰς
2966 1160 3253 1235 βασιλικάς
3304 1153 3465 1209 ’ἰδοὺ
3520 1155 3646 1227 γὰρ,
3698 1153 3792 1226 ὁρῶ
3840 1154 3942 1211 τοὺς

2380 1256 2656 1317 πλείστους
2710 1254 2851 1326 ὑμῶν
2897 1251 3127 1310 θέλοντας
3185 1250 3365 1301 θῦσαι.
3422 1244 3542 1299 Ἐὰν
3590 1241 3674 1295 οὖν
3728 1240 3942 1296 πεισθῆτέ

2380 1365 2490 1418 μοι,
2550 1344 2777 1397 ἐντεῦθεν
2836 1338 2942 1400 ἤδη
3016 1338 3260 1392 ἐκέλευσα
3313 1335 3546 1408 ἀχθῆναι
3603 1333 3832 1405 ταύρους,
3876 1330 3943 1379 ἱνα

2384 1438 2577 1493 θύσητε
2614 1440 2721 1494 τοῖς
2768 1434 2918 1501 θεοῖς,
2966 1434 3056 1482 καὶ
3102 1433 3315 1500 γένηται
3362 1428 3483 1497 ὑμῖν
3525 1423 3751 1496 ἄριστον,
3782 1421 3862 1469 καὶ
3904 1417 3942 1467 ἐν

2381 1532 2443 1597 τῇ
2524 1523 2725 1595 εὐωχίᾳ
2794 1520 3025 1592 λήψεσθε
3110 1522 3199 1570 καὶ
3280 1518 3372 1577 τὰς
3429 1509 3624 1586 δωρεὰς
3694 1508 3935 1579 λαμπράς.

2382 1611 2499 1665 Ἐὰν
2558 1609 2617 1664 δὲ
2677 1614 2749 1684 μὴ
2810 1609 3061 1667 πεισθῆτέ
3115 1625 3226 1678 μοι,
3294 1603 3493 1675 ἀνάγκη
3555 1598 3637 1652 ἐπὶ
3685 1600 3738 1649 τό
3800 1597 3941 1669 ἕτερον

2383 1700 2518 1763 εἶδος
2544 1710 2641 1755 τῶν
2675 1700 2921 1774 βασάνων
2949 1697 3130 1750 ἐλθεῖν.
3158 1693 3449 1768 Παρακαλώ
3481 1686 3566 1744 οὖν
3598 1690 3726 1761 ὑμᾶς
3754 1689 3819 1758 μὴ
3853 1702 3944 1736 στε-

615 1810 1147 1869 auctorvobissum
1163 1824 1234 1863 ne
1249 1802 1771 1861 dulcissimaelucis
1809 1816 1988 1856 usura
2018 1795 2271 1870 privari,

2386 1794 2609 1868 ρηθῆναι
2637 1798 2729 1844 τοῦ
2754 1789 3082 1862 γλυκυτάτου
3134 1788 3323 1857 φωτός,
3356 1778 3495 1855 μηδὲ
3525 1777 3843 1853 χωρισθῆναι
3867 1793 3943 1844 γυ-

615 1916 689 1957 ne
719 1900 797 1956 ab
828 1900 1111 1956 uxoribus
1149 1900 1205 1952 et
1230 1896 1431 1953 liberis
1448 1900 1501 1949 et
1526 1893 1735 1949 amicis
1764 1889 2030 1963 separari
2047 1902 2152 1943 vos
2170 1901 2272 1959 pa-

616 1989 848 2046 tiamini
881 2005 895 2055 ;
930 1988 1031 2043 sed
1065 1984 1421 2042 sacriﬁcium
1449 1981 1734 2049 offeratis,
1765 1984 1837 2051 et,
1882 1978 1976 2034 cui
2032 1974 2273 2032 libuerit

617 2081 745 2145 deo,
784 2078 920 2133 thus
959 2075 1273 2133 adoleatis.

690 2169 820 2223 XIV.
853 2169 1011 2221 Tunc
1062 2178 1181 2218 uno
1212 2162 1383 2234 quasi
1441 2176 1511 2215 ex
1563 2175 1664 2215 ore
1720 2157 1904 2214 sancti
1937 2155 2214 2211 dixerunt
2256 2168 2267 2207 :

618 2254 945 2310 Anathema
994 2252 1116 2317 tibi,
1153 2257 1424 2322 tyranne,
1478 2264 1812 2319 congruum
1842 2244 2015 2302 furori
2048 2250 2150 2300 tuo
2173 2258 2275 2298 co-

620 2349 1013 2413 gnomentum
1043 2341 1243 2397 sortite
1279 2358 1292 2407 ;
1319 2339 1497 2410 jubes
1519 2338 1679 2393 enim
1704 2353 1812 2393 nos
1835 2353 1869 2392 a
1894 2338 2010 2391 Deo
2043 2333 2274 2388 vivente

619 2432 886 2502 deﬁcere,
913 2436 968 2486 et
1000 2429 1253 2502 impuris
1274 2433 1328 2484 et
1352 2426 1769 2483 abominandis
1790 2423 2171 2481 daemonibus
2188 2438 2276 2478 sa-

621 2522 904 2577 criﬁcare.
936 2520 1246 2576 Enimvero
1282 2523 1337 2573 et
1362 2514 2152 2581 indumentum,etcibus,et
2182 2528 2277 2584 po-

622 2616 735 2677 tus,
762 2615 816 2665 et
848 2610 1178 2673 thesaurus,
1216 2612 1272 2662 et
1293 2611 1478 2679 pater,
1523 2612 1579 2662 et
1602 2606 1851 2675 amicus,
1882 2608 1937 2661 et
1962 2601 2143 2660 frater
2164 2618 2275 2659 no-

623 2700 716 2756 bis
746 2704 835 2755 est
870 2697 1153 2753 Dominus
1179 2700 1379 2752 noster
1408 2694 1581 2751 Jesus
1603 2694 1894 2760 Christus,
1926 2694 2023 2766 qui
2051 2708 2161 2749 nos
2186 2707 2282 2747 vo-

623 2790 797 2846 cavit.
825 2791 950 2844 Dux
972 2786 1107 2843 dicit
1147 2805 1163 2841 ι
1196 2785 1537 2841 Etiamnum
1568 2784 1741 2840 vobis
1786 2799 1966 2855 parco
1998 2781 2091 2838 vel
2131 2782 2280 2852 inju-

622 2879 712 2935 ria
768 2876 1097 2940 lacessitus,
1161 2890 1303 2929 nam
1362 2878 1417 2928 et
1447 2873 1780 2929 amicorum
1813 2871 1960 2927 ferre
2011 2872 2279 2926 defectus

623 2982 862 3038 aequum
898 2969 985 3019 est
1019 2980 1030 3028 ;
1082 2963 1421 3034 relictisque
1470 2961 1773 3027 omnibus,
1809 2965 2012 3016 sancto
2037 2961 2279 3015 Leontio

625 3055 772 3110 dixit
810 3056 957 3108 :Prae
980 3050 1221 3122 reliquis
1236 3051 1519 3121 mysteria
1532 3050 1841 3119 gentilium
1865 3049 2050 3120 probe
2063 3048 2276 3104 callere

625 3147 680 3200 te
734 3141 930 3205 video,
987 3116 1157 3211 plane
1201 3154 1237 3195 a
1266 3116 1451 3210 p'uero
1499 3116 1714 3193 iisdem
1740 3116 2096 3194 institutum.
2124 3138 2276 3203 Quid

2391 3138 2453 3187 τὰ
2505 3142 2601 3186 τῶν
2653 3131 2898 3190 Ἑλλήνων
2952 3132 3240 3202 μυστήρια,
3295 3127 3507 3184 πάντως
3555 3122 3633 3172 ὅτι
3678 3116 3728 3169 ἐκ

625 3246 766 3301 ergo
819 3230 846 3287 7
899 3227 1394 3299 Quandoquidem
1433 3228 1677 3298 Jupiter,
1708 3226 1917 3298 Apollo
1940 3231 1995 3282 et
2024 3226 2279 3284 Escula—

626 3320 759 3392 pius
790 3318 870 3373 dii
899 3317 1149 3372 tibiesse
1178 3331 1299 3371 non
1316 3314 1594 3371 videntur
1627 3318 1923 3387 ;Neptuno
1956 3322 2057 3372 aut
2076 3315 2279 3372 Dianae

623 3408 887 3465 hostiam
926 3406 1111 3464 litate.
1168 3408 1417 3463 Sanctus
1482 3405 1757 3461 Leonitus
1808 3404 1999 3461 dicit:
2042 3405 2277 3470 Erratis,

625 3498 773 3554 dum
803 3512 904 3553 eos
936 3495 1129 3550 dicitis
1156 3510 1282 3549 esse
1309 3494 1473 3550 deos.
1505 3498 1573 3550 At
1598 3495 1755 3550 enim
1782 3493 2147 3551 immortales
2176 3494 2282 3551 ho-

627 3588 860 3644 minum
887 3582 1240 3641 mentesdiis
1269 3583 1619 3639 mortalibus
1633 3588 1912 3656 prmstaut
1939 3601 1952 3651 ;
1996 3585 2216 3641 etenim
2234 3583 2283 3640 si

626 3693 658 3734 e
698 3676 847 3733 ccelo
877 3678 933 3731 et
978 3678 1133 3731 terra
1188 3673 1438 3729 deorum
1498 3677 1832 3729 vestrorum
1863 3690 1995 3730 esse
2044 3689 2285 3744 genera-

627 3767 849 3823 tionem
880 3764 1102 3825 dicunt,
1161 3762 1500 3835 coelumque
1538 3778 1610 3819 ac
1649 3770 1800 3818 terra
1839 3763 2102 3820 obnoxia
2143 3769 2283 3820 sunt

627 3852 991 3926 corruptioni
1015 3851 1308 3908 elementa
1341 3867 1353 3918 ;
1383 3867 1651 3923 prorsus,
1675 3852 1963 3924 quoniam
1987 3853 2282 3923 genitores

628 3959 773 4000 suos
830 3941 1137 3997 imitantur
1166 3939 1285 4006 ﬁlii,
1307 3945 1769 4012 corrumpuntur
1806 3941 1942 4014 ipsi,
1968 3946 2031 3997 ut
2062 3942 2283 4014 genito-

624 4048 737 4090 res.
771 4034 901 4087 Jam
941 4045 1079 4086 vero
1106 4029 1153 4084 si
1184 4029 1547 4101 corruptioni
1568 4030 1811 4087 obnoxii
1843 4035 1997 4095 sunt,
2032 4046 2283 4103 quomo-

627 4122 707 4178 do
737 4120 816 4176 dii
847 4117 1262 4192 appellantur?
1279 4121 1343 4175 Et
1366 4120 1413 4175 si
1429 4124 1655 4175 mentes
1671 4120 2006 4187 hominum,
2028 4121 2281 4177 vinculis

628 4210 928 4281 corporeis
960 4208 1189 4273 solutm,
1235 4224 1354 4264 non
1398 4210 1693 4265 sustinent
1723 4225 2097 4281 permanere,
2139 4228 2276 4268 cum

628 4313 846 4370 corpus
876 4314 996 4354 non
1018 4297 1261 4362 exsistit,
1296 4302 1355 4353 at
1402 4297 1674 4353 divinum
1700 4298 2028 4370 quemdam
2082 4300 2276 4356 locum

629 4392 924 4459 occupant
957 4387 1148 4455 ;diine
1177 4393 1344 4442 erant
1368 4387 1425 4442 hi
1455 4388 1557 4459 qui
1584 4393 1856 4459 quaerunt
1885 4405 1955 4443 ea
2006 4405 2141 4461 quae
2176 4389 2279 4446 ho-

2381 1891 2569 1935 ναικῶν
2594 1885 2683 1934 καὶ
2709 1876 2958 1946 παιδίων,
2991 1881 3079 1928 καὶ
3098 1874 3280 1947 φίλων,
3313 1871 3443 1925 ἀλλὰ
3473 1873 3647 1934 θῦσαι,
3677 1870 3757 1918 xui
3785 1864 3943 1935 θυμιά-

2385 1991 2474 2025 σαι
2503 1971 2707 2025 λίϐανον
2738 1970 2829 2040 οῖῳ
2861 1966 3115 2041 βούλεσθε
3147 1966 3269 2035 θεῷ.

2455 2150 2552 2203 ῐΔ¹.
2580 2153 2706 2202 Τότε
2762 2148 2950 2207 πάντες
3002 2147 3049 2197 οἱ
3107 2143 3249 2216 άγιοι
3307 2144 3372 2202 ὡς
3445 2138 3495 2201 ἐξ
3553 2136 3656 2196 ἐνὸς
3722 2148 3939 2204 στόματος

2384 2237 2522 2294 εἶπον
2562 2255 2574 2267 ⁸
2613 2238 2876 2309 Ἀνάθεμά
2927 2254 3032 2302 σοι,
3098 2236 3330 2307 τύραννε,
3392 2237 3485 2291 τῆς
3539 2226 3722 2285 οἰκείας
3771 2222 3938 2277 λύσσης

2384 2332 2616 2403 ἐπώνυμε
2655 2344 2666 2355 ⁶
2706 2327 2925 2386 κελεύεις
2987 2326 3125 2396 ἡμᾶς
3178 2321 3477 2378 ἀποστῆναι
3528 2316 3624 2369 ἀπὸ
3681 2318 3801 2367 Θεοῦ
3836 2310 3939 2370 ζὼν·

2384 2440 2490 2485 τος,
2523 2424 2611 2471 καὶ
2659 2420 2816 2471 θῦσαι
2848 2413 3098 2487 δαίμοσιν
3140 2410 3460 2485 ἀκαθάρτοις
3488 2411 3577 2460 καὶ
3611 2401 3887 2477 βδελυκτοίς
3920 2414 3929 2425 ·

2385 2512 2509 2582 ἡμῖν
2557 2512 2655 2583 γὰρ
2713 2511 2803 2559 καὶ
2859 2502 3077 2576 ἔνδυμα,
3131 2505 3221 2553 καὶ
3272 2501 3481 2573 βρῶσις
3536 2499 3622 2548 καὶ
3672 2496 3830 2559 πόσις,
3865 2490 3931 2539 καὶ

2390 2575 2674 2673 θησαυρός,
2735 2600 2824 2649 καὶ
2885 2575 3080 2667 πατὴρ,
3134 2594 3224 2641 καὶ
3303 2587 3471 2661 φίλος,
3529 2589 3616 2637 καὶ
3667 2575 3934 2650 ἁδελφός,ὀ

2391 2666 2576 2763 Κύριος
2658 2688 2804 2759 ἡμῶν
2883 2666 3087 2741 Ἰησοῦς
3166 2682 3403 2753 Χριστός
3483 2676 3614 2728 ἐστιν
3670 2673 3694 2722 ό
3749 2666 3936 2723 καλέσας

2388 2757 2541 2851 ἡμας.
2594 2776 2653 2828 Ὁ
2698 2757 2836 2836 ήδοὺξ
2886 2773 3021 2844 λέγει
3107 2785 3119 2798 ⁸
3198 2767 3315 2821 Ἔτι
3379 2768 3520 2839 ὑμῶν
3587 2757 3810 2836 φείδομαι
3863 2757 3932 2804 καὶ

2388 2867 2725 2942 ὑϐριζόμενος
2765 2879 2778 2892 ⁸
2818 2861 3025 2915 δίκαιον
3077 2862 3174 2932 γάρ
3244 2856 3358 2909 ἐστι
3412 2860 3500 2907 καὶ
3556 2855 3619 2905 τὰ
3672 2857 3760 2901 τῶν
3807 2843 3932 2917 φίλων

2391 2956 2727 3028 ἐλαττώματα
2788 2951 3077 3026 βαστάζειν
3131 2964 3143 2977 '
3221 2952 3309 2999 καὶ
3393 2942 3679 2997 καταλιπὼν
3752 2937 3930 2993 πάντας,

2388 3044 2523 3117 λέγει
2552 3052 2624 3115 τῷ
2656 3044 2786 3114 ἁγίῳ
2818 3044 3041 3110 Λεοντίῳ
3090 3068 3105 3080 -
3155 3036 3290 3110 Ὁρῶ
3354 3054 3413 3086 σε
3460 3030 3642 3105 μᾶλλον
3693 3022 3740 3079 εὖ
3791 3017 3935 3075 εἰδότα

3779 3105 3889 3165 ποιιὸ
3893 3111 3936 3165 ὸς

2389 3225 2649 3296 ἐμυήθης.
2714 3226 2778 3275 Τί
2834 3216 2921 3273 οὖν
2977 3235 2993 3284 ;
3048 3212 3229 3273 ἐπειδὴ
3287 3216 3345 3266 οὑ
3425 3209 3641 3265 δοκοῦσί
3708 3223 3778 3257 σοι
3839 3194 3941 3251 εἶναι

2392 3314 2495 3366 θεοὶ
2542 3316 2667 3375 Ζεὺς
2718 3315 2807 3363 καὶ
2866 3306 3125 3362 Ἀπόλλων
3178 3311 3267 3357 καὶ
3316 3301 3661 3362 Ἀσκληπιὸς,
3736 3292 3943 3344 καθίσατε

2389 3412 2460 3475 τῷ
2488 3398 2798 3465 Ποσειδῶνι,
2848 3402 2875 3457 ἦ
2910 3406 2972 3471 τῇ
3022 3390 3320 3469 Ἀρτέμιδι.
3354 3391 3429 3443 Ὁ
3460 3390 3600 3461 ἅγιος
3647 3389 3858 3439 Λεόντιος
3878 3376 3941 3427 λέ-

2388 3512 2467 3565 γει
2508 3510 2519 3522 ·
2556 3490 2909 3553 Πεπλάνησθε,
2974 3489 3112 3546 θεοὺς
3162 3485 3380 3543 τούτους
3450 3481 3673 3552 λέγοντες
3704 3494 3715 3506 ο
3748 3472 3875 3524 ὁπότε
3902 3465 3943 3517 αἱ

2389 3582 2570 3654 ψυχαὶ
2614 3590 2711 3633 τῶν
2772 3578 3050 3654 ἀνθρώπων
3095 3573 3343 3626 ἀθάνατοι
3416 3567 3587 3634 οὖσαι,
3636 3567 3865 3639 κρείττους
3890 3573 3941 3606 ει·

2394 3677 2449 3725 σὶ
2485 3679 2581 3723 τῶν
2628 3672 2749 3722 θεῶν
2814 3676 2913 3721 τῶν
2968 3668 3190 3724 θνητων,
3254 3662 3313 3715 Εἰ
3370 3664 3483 3735 γὰρ
3530 3657 3581 3722 ἐξ
3627 3655 3827 3729 οῦρανόῦ
3868 3646 3938 3696 καὶ

2391 3771 2492 3834 γῆς
2544 3761 2782 3833 λέγουσιν
2842 3755 2970 3810 εἶναι
3023 3759 3117 3813 τὴν
3172 3757 3422 3825 γέννησιν
3477 3757 3574 3802 τῶν
3632 3748 3745 3798 θεῶν
3801 3740 3933 3809 ὑμῶν,

2392 3829 2614 3925 οὐρανὸς*
2661 3846 2719 3901 δὲ
2757 3852 2846 3900 καὶ
2903 3854 2969 3917 γῆ
3019 3844 3223 3917 φθαρτὰ
3266 3840 3519 3912 στοιχεῖά
3562 3837 3661 3890 εἱσι
3705 3847 3716 3859 ⁸
3751 3829 3936 3885 πάντως,

2392 3944 2471 3994 ὅτι
2520 3945 2609 3992 xui
2662 3941 2729 3991 τὰ
2782 3941 2935 3990 τέκνα
3004 3939 3286 4007 μιμοῦνται
3343 3934 3467 3990 τοὺς
3543 3929 3818 4000 γεννήτορας,
3870 3914 3937 3963 καί

2392 4033 2684 4103 φθείρονται
2773 4032 2861 4079 καὶ
2915 4024 3088 4088 αὐτοὶ,
3159 4026 3222 4082 ὡς
3312 4022 3360 4072 οἱ
3410 4024 3569 4091 γονεῖς
3621 4030 3633 4042 ’
3670 4012 3711 4065 εἰ
3767 4004 3818 4060 δέ
3858 4018 3941 4054 εισι

2392 4122 2631 4194 φθαρτοὶ,
2667 4126 2771 4177 πῶς
2816 4114 3158 4187 ὀνομάζονται
3197 4113 3335 4172 θεοί;
3378 4114 3483 4162 Καὶ
3516 4107 3556 4159 εἰ
3588 4106 3639 4157 αἱ
3666 4100 3827 4172 ψυχαὶ
3862 4098 3939 4142 τῶν

2391 4208 2691 4283 ἀνθρώπων»
2746 4206 3116 4276 ἀποσπώμεναι
3179 4208 3279 4251 τῶν
3346 4198 3622 4271 σωμάτων,
3677 4189 3763 4242 οὐκ
3812 4199 3939 4234 επαν-

2390 4304 2603 4371 ἐχονται
2636 4300 2701 4358 ὡς
2734 4300 2804 4368 μὴ
2840 4302 3075 4366 σώματος
3124 4292 3462 4365 παραμένειν,
3515 4283 3640 4336 ἀλλὰ
3683 4296 3789 4331 τινα
3833 4273 3937 4323 θεῖον

2391 4396 2544 4443 τόπον
2576 4384 3084 4459 καταλαμϐάνουσιν,
3134 4380 3176 4433 εἰ
3226 4382 3331 4432 θεοὶ
3373 4374 3513 4436 ἦσαν
3563 4373 3751 4434 ἐκεῖνοι,
3792 4360 3831 4415 οἱ
3866 4360 3941 4419 ζη·

630 4476 863 4534 minum
905 4481 1134 4530 mentes
1166 4475 1434 4544 oderunt,
1469 4483 1523 4531 et
1553 4492 1814 4532 venerea:
1846 4451 2101 4533 libidinis
2137 4494 2276 4550 pru-

2391 4488 2567 4533 τοῦσιν
2594 4476 2628 4530 ἂ
2661 4476 2916 4547 αἱψυχαὶ
2964 4482 3061 4525 τῶν
3112 4470 3392 4545 ἀνθρώπων
3447 4472 3684 4538 μισοῦσι,
3731 4459 3808 4508 καὶ
3842 4451 3941 4523 χαί·

3476 4557 3488 4563 -
3575 4551 3597 4563 τ
3747 4546 3764 4563 κ
3818 4547 3839 4563 ,-_
3881 4553 3941 4563 -..

629 4566 740 4621 ritu
770 4565 1035 4634 gaudent
1075 4564 1102 4619 ?
1133 4568 1336 4636 itaque
1360 4565 1406 4619 si
1433 4566 1759 4637 quisquam
1800 4566 2020 4623 audeat
2050 4567 2275 4624 dicere:

632 4658 783 4711 Deus
815 4669 925 4723 ego
977 4670 1130 4717 sum.
1193 4660 1405 4725 praeter
1433 4670 1619 4710 unum
1652 4655 1972 4711 Dominum
2007 4663 2278 4714 nostrum

626 4745 826 4801 Jesum
860 4744 1177 4810 Christum,
1213 4745 1398 4801 alium
1415 4761 1653 4818 quoque
1680 4747 1976 4803 mundum
2017 4747 2113 4804 ille
2145 4764 2280 4805 con-

629 4834 745 4900 dat,
783 4833 1062 4904 dicatque
1092 4856 1104 4888 :
1143 4836 1303 4889 Hunc
1334 4848 1444 4905 ego
1467 4837 1763 4891 mundum
1793 4836 2046 4905 condidi,
2069 4854 2139 4895 ac
2158 4844 2277 4895 tum

625 4923 875 4980 demum
931 4923 1086 4978 Deus
1139 4928 1535 4996 nuncupetur,
1579 4925 1627 4980 is
1658 4926 1812 4981 enim
1850 4928 2081 4983 Domini
2105 4944 2176 4985 ac
2195 4944 2283 4986 re-

628 5012 719 5084 gis
757 5010 943 5068 nostri
967 5009 1106 5066 Jesu
1140 5011 1345 5068 Christi
1384 5028 1482 5069 ars
1511 5018 1567 5070 et
1590 5014 1892 5086 opiﬁcium
1923 5020 2027 5072 est.

697 5192 803 5248 XV.
858 5191 1108 5247 Sanctus
1167 5189 1438 5247 Leontius
1477 5190 1695 5247 iratum
1744 5207 1814 5248 ac
1864 5194 2277 5264 perturbatum

625 5279 1001 5351 conspicatus
1048 5279 1264 5335 ducem
1326 5280 1405 5335 sic
1464 5279 1592 5336 inﬁt
1622 5283 1705 5337 :0
1755 5282 1896 5346 dux,
1932 5284 2071 5339 audi
2103 5301 2277 5358 aequo

627 5368 827 5425 animo
862 5389 874 5422 :
900 5370 1150 5439 quiame
1171 5369 1368 5424 dixisti
1398 5368 1577 5424 rebus
1608 5371 1916 5440 gentilium
1953 5374 2272 5443 initiatum,

624 5456 786 5519 audi,
830 5473 962 5527 quae
977 5456 1173 5513 dicam
1188 5474 1295 5514 con
1308 5464 1393 5515 tra
1406 5463 1539 5514 tuos
1554 5458 1716 5515 deos.
1745 5463 2271 5526 Quemadmodum

624 5547 685 5601 tu
713 5544 763 5598 si
807 5544 998 5601 Cmsar
1045 5546 1456 5617 nominareris,
1485 5555 1540 5603 et
1569 5549 1915 5621 imperatori
1944 5552 2118 5609 bilem
2147 5570 2274 5612 mo~

623 5647 811 5701 veres,
845 5634 1136 5706 supplicio
1162 5636 1379 5706 dignus
1413 5638 1589 5706 fores;
1619 5638 1701 5694 sic
1718 5640 1807 5696 dei
1827 5658 2057 5716 quoque
2072 5648 2264 5715 vestri,

2391 4589 2573 4645 ρουσιν
2630 4570 2889 4640 πορνείαις
2941 4568 3031 4615 καὶ
3108 4566 3287 4618 κνησει
3352 4574 3365 4625 ;
3428 4557 3489 4609 Εἰ
3542 4551 3627 4607 οὖν
3693 4546 3841 4616 το).μᾲ
3880 4553 3943 4593 τις

2391 4660 2549 4712 εἰπεῖν
2584 4673 2595 4685 ’
2632 4657 2753 4710 Ὀτι
2784 4658 2913 4716 Θεός
2958 4652 3083 4724 εἰμι,
3125 4648 3287 4722 παρὲξ
3321 4647 3427 4707 ἐνὸς
3456 4651 3545 4699 τοῦ
3599 4642 3783 4713 Κυρίου
3825 4632 3945 4699 ἡμῶν

2392 4750 2569 4807 Ἰησοῦ
2618 4752 2874 4820 Χριστοῦ,
2925 4746 3135 4799 ποιήσει
3191 4743 3282 4790 καὶ
3337 4736 3484 4795 οὗτος
3540 4734 3702 4806 ἕτερον
3759 4725 3941 4788 κόσμον,

2391 4844 2480 4892 καὶ
2528 4838 2644 4909 εἱπῃ
2695 4837 2775 4888 ὅτι
2813 4840 3007 4886 Τοῦτον
3063 4833 3149 4883 τόν
3197 4831 3393 4899 κόσμον
3441 4826 3540 4897 ἐγὼ
3586 4820 3816 4875 ἐποίησα,
3870 4820 3941 4855 καί

2390 4933 2503 4981 τότε
2553 4906 2780 4999 λεγέσθω
2855 4926 2979 4983 Θεός
3044 4937 3056 4950 ·
3114 4919 3259 4978 οὗτος
3311 4918 3411 4990 γὰρ
3486 4918 3577 4965 τοῦ
3643 4906 3823 4978 Κυρίου

2394 5016 2651 5092 βασιλέως
2708 5018 2852 5088 ἡμῶν
2918 5012 3097 5071 Ἰησοῦ
3173 5011 3408 5084 Χριστοῦ
3474 5001 3586 5055 ἐστι
3655 5000 3804 5066 τέχνη

2393 5104 2802 5180 δημιούργημα.

2464 5162 2562 5252 lE'.
2592 5162 2715 5249 ⁸[ἰαί
2765 5194 3075 5266 θεασάμενος
3116 5192 3141 5242 ό
3179 5188 3330 5260 ἅγιος
3380 5186 3615 5239 Λεόντιος
3656 5176 3744 5266 τὸν
3800 5162 3943 5266 δρῦικγα

2393 5287 2692 5359 θυμωθέντα
2727 5288 2816 5336 καὶ
2859 5280 3275 5356 στρεϐλούμενον,
3321 5275 3451 5346 λέγει
3502 5268 3641 5337 αὐτῷ
3677 5279 3689 5290 ·
3724 5260 3788 5311 Ὢ
3816 5248 3944 5310 ὃουξ,

3032 5386 3044 5398 ·
3099 5346 3279 5425 ἐπειδὴ
3326 5366 3421 5438 γὰρ
3476 5358 3608 5418 εἶπές
3655 5370 3715 5426 με
3767 5346 3944 5437 μύστην

3738 5441 3766 5490 ὰ
3832 5444 3945 5483 κατα

3874 4894 3946 4943 xui

3870 4982 3945 5034 xui

2391 5375 2698 5439 ἀνεξικάκως
2750 5376 2974 5426 ἄκουσον

2389 5464 2518 5521 εἶναι
2570 5474 2668 5518 τῶν
2715 5464 3017 5522 Ἑλληνικῶν
3082 5458 3419 5534 πραγμάτων,
3488 5450 3642 5501 οἶκουε
3707 5458 3734 5492 τ

2884 5569 2896 5581 ⁸
2959 5552 3012 5604 ὃν
3065 5554 3253 5626 τρόπον
3322 5546 3421 5618 γὰρ
3480 5542 3543 5591 σὺ
3607 5532 3687 5586 ἐὰν
3757 5530 3932 5624 Καῖσαρ

3690 5614 3935 5691 τιμωρίαις

2388 5566 2487 5610 τῶν
2548 5558 2669 5610 θεῶν
2729 5574 2821 5608 σου

2388 5647 2617 5714 κληθεὶς,
2683 5650 2770 5699 xui
2832 5645 3157 5718 παροργίσας
3230 5639 3316 5691 τὸν
3385 5628 3625 5709 βασιλέα,
