4084 6216
198 303 297 357 337

1240 296 1683 355 MARTYRIUM
1723 294 1827 349 SS.
1871 295 2015 351 XLV
2063 299 2525 360 MARTYRIUM.

3456 313 3559 368 338

192 428 330 491 ἄξιος
366 422 430 479 εἷ’
465 424 628 488 οὕτως
656 429 744 478 καὶ
789 426 837 478 οί
887 427 991 479 θεοὶ
1021 426 1162 499 ὑμῶν
1194 428 1242 479 οἱ
1296 422 1560 499 δαίμονες,
1595 422 1779 496 τολμή-

1901 422 2229 495 daamones,
2255 428 2402 486 deos
2436 445 2562 486 sese
2594 445 2940 504 nuncupare
2967 433 3118 499 ausi,
3144 435 3424 494 maximae
3441 455 3533 511 pm

189 536 371 579 σαντες
433 516 645 576 ἑαυτοὺς
706 517 850 575 θεοὺς
910 514 1099 581 καλεῖν,
1156 518 1330 587 ἔνοχοί
1378 515 1481 567 εἰσι
1534 517 1791 586 μεγίστης

178 607 472 669 κολάσεως.
527 604 661 679 Ὀρα
720 601 779 657 δὲ
830 610 917 657 καὶ
976 606 1142 680 ἕτερον
1201 601 1541 680 παράδοξον·
1601 599 1694 655 διὰ
1741 606 1791 652 τί

172 699 327 768 ὑμεῖς
376 698 429 747 οἱ
482 691 683 747 ἔκδικοι
735 702 834 747 τῶν
893 696 1016 747 θεῶν
1070 695 1210 766 ὑμῶν
1259 696 1587 751 καθεκάστην
1644 690 1792 743 ἐλατ-

169 787 415 854 τοῦσθε;
448 787 595 857 ἡμεῖς
640 780 698 836 δὲ
729 786 776 836 οἱ
807 786 932 858 ὑπὲρ
977 791 1212 857 Χριστοῦ
1264 781 1443 837 δοῦλοι
1485 779 1791 853 διωκόμενοι

167 880 256 927 καὶ
322 873 744 933 ἀποθνήσκοντες
792 872 1146 945 πληθύνομεν;
1198 878 1299 927 Καὶ
1353 880 1504 925 τοῦτο
1558 873 1790 923 πεισάτω

170 984 245 1031 σε,
296 967 549 1039 τύραννε,
582 964 669 1015 ὅτι
705 958 882 1014 δοῦλοί
929 960 1079 1034 ἐσμεν
1126 969 1215 1014 τοῦ
1268 969 1401 1015 Θεοῦ
1448 968 1539 1013 τοῦ
1584 961 1788 1031 ἠγαπη-

451 1057 551 1106 Καὶ
640 1054 889 1124 θυμωθεὶς
946 1053 970 1102 ό
1028 1048 1156 1115 δοὺξ
1207 1051 1377 1124 λέγει·
1440 1052 1643 1103 Θύσατε
1687 1057 1790 1109 τοῖς

890 1140 1208 1198 Ἀσκληπιόν
1288 1145 1377 1192 καὶ
1456 1142 1543 1192 τὸν
1589 1137 1787 1200 Ἥλιον,

166 1059 325 1125 μένου
337 1097 350 1107 .

168 1144 343 1201 θεοῖς·
414 1140 541 1205 ἐπεὶ,
601 1144 676 1211 μὰ
732 1144 817 1192 τόν

164 1232 271 1301 οὐχ
322 1229 695 1303 ὑπερϐήσεσθε
724 1233 815 1287 τὴν
861 1233 1058 1303 αὔριον.
1092 1233 1156 1281 Οἱ
1208 1226 1265 1282 δὲ
1297 1230 1441 1301 οἷγιοι
1492 1230 1675 1289 πάντες
1726 1229 1791 1287 ὡς

163 1320 219 1381 ἐξ
304 1320 423 1379 ἑνός
501 1323 755 1391 στόματος
837 1315 1017 1371 εἶπον·
1096 1318 1273 1390 Ἡμεῖς
1352 1323 1526 1392 Κυρίῳ
1612 1318 1788 1374 Ἰησοῦ

162 1413 539 1482 προσφέρομεν
632 1407 847 1478 λογικήν
936 1407 1192 1481 λατρείαν.
1270 1411 1468 1482 καρπόν
1573 1405 1788 1478 χειλέων

162 1500 341 1569 ἡμῶν,
410 1502 501 1548 καὶ
561 1496 776 1558 ἑαυτοὺς
828 1495 1140 1571 ὁλοκλήρους
1189 1504 1288 1549 τῶν
1344 1497 1601 1570 ῥυομένων
1652 1498 1788 1567 ἡμᾶς

161 1595 253 1647 τῆς
310 1585 611 1658 μελλούσης
664 1590 918 1659 κρίσεως’
978 1589 1035 1638 σὲ
1111 1582 1188 1652 δὲ,
1266 1590 1463 1649 Λυσία,
1522 1584 1631 1657 ἅμα
1681 1591 1792 1646 τοῖς

168 1678 301 1737 θεοῖς
338 1695 441 1727 σου
476 1675 766 1736 κολάζοντα
794 1674 841 1726 ἐν
866 1678 1039 1748 γεέννῃ
1070 1677 1234 1750 πῡρὸς
1262 1673 1541 1729 ἀσϐέστου.

1900 528 1990 569 nae
2022 514 2102 570 rei
2136 522 2289 573 sunt.
2325 519 2477 584 Quin
2505 519 2627 575 imo
2667 519 2913 576 alteram
2940 537 3183 593 quoque
3214 540 3337 580 rem
3370 528 3555 583 incre-

1900 602 2143 660 dibilem
2176 607 2333 662 vide.
2366 609 2477 663 Cur
2501 609 2885 673 vos,deorum
2911 616 3241 668 vestrorum
3272 615 3553 682 vindices,

1900 691 1959 746 in
1991 693 2117 748 dies
2148 695 2433 761 deﬁnitis;
2463 714 2575 753 nos
2604 704 2811 753 contra
2841 699 2989 753 servi
3026 716 3133 771 pro
3166 702 3395 759 Christo
3426 719 3560 775 per-

1901 783 2266 841 secutionem
2322 787 2633 858 patientes,
2688 792 2744 842 et
2796 789 3140 855 morientes,
3185 792 3560 849 crescimus?

1902 872 1997 927 Vel
2037 872 2177 928 illud
2225 876 2323 931 tibi
2356 877 2737 948 persuadeat,
2772 881 3046 948 tyranne,
3080 880 3269 935 dilecti
3320 898 3430 937 nos
3458 882 3559 937 Dei

1902 976 2107 1018 servos
2130 980 2279 1019 esse.
2311 968 2435 1021 Dux
2453 966 2648 1021 furore
2668 983 2955 1023 accensus
2980 968 3154 1025 dicit:
3188 971 3306 1025 Diis
3338 972 3558 1027 immo-

1898 1049 2048 1106 late:
2080 1054 2222 1125 quia
2249 1070 2353 1121 per
2375 1054 2782 1127 (Esculapium
2802 1062 2857 1111 et
2883 1057 3091 1123 solem,
3118 1074 3238 1115 non
3266 1060 3413 1116 ultra
3436 1077 3559 1117 cra-

1900 1139 2119 1195 stinum
2156 1142 2386 1198 vivetis.
2448 1144 2640 1199 Sancti
2696 1148 2896 1200 autem
2942 1161 3015 1200 ex
3061 1162 3181 1202 uno
3235 1148 3404 1220 quasi
3456 1164 3556 1205 ore

1899 1228 2172 1286 dixerunt
2201 1248 2211 1284 :
2248 1235 2362 1286 Nos
2396 1233 2648 1287 Domino
2678 1236 2809 1288 Jesu
2857 1233 3158 1290 offerimus
3200 1237 3555 1293 rationabile

1898 1317 2276 1390 obsequium,
2306 1320 2562 1375 fructum
2585 1320 2877 1377 labiorum
2902 1329 3264 1390 nostrorum,
3290 1343 3417 1397 quae
3446 1343 3556 1383 nos

1897 1406 2061 1478 ipsos
2093 1409 2313 1479 integre
2346 1409 2686 1465 liberabant
2718 1428 2752 1467 a
2784 1412 2981 1467 futuro
3013 1413 3279 1483 judicio;
3327 1420 3379 1470 te
3420 1432 3558 1472 vero

1899 1499 2088 1571 Lysia,
2113 1515 2233 1555 una
2255 1515 2391 1555 cum
2415 1499 2527 1554 diis
2551 1501 2682 1564 tuis,
2708 1501 2949 1571 ignibus
2972 1502 3257 1573 gehennte
3281 1503 3561 1562 addicent

1896 1588 2505 1659 inexstinguibilibus.

242 1765 344 1829 Ις·’.
394 1766 500 1819 Καὶ
553 1765 796 1836 χολάσας
828 1766 853 1815 6
904 1760 1033 1826 δουξ
1083 1763 1310 1817 ἐκελευσε
1340 1764 1536 1824 πάντας
1587 1783 1779 1834 γυμνω-

1972 1767 2102 1820 XVI.
2134 1765 2453 1823 Duxiratus
2486 1767 2562 1824 ad
2593 1768 2757 1839 ligna
2797 1769 3065 1840 oblonga
3090 1770 3305 1827 nudari
3346 1787 3557 1828 omnes

180 1857 333 1912 θῆναι
386 1854 454 1915 εἰς
508 1853 636 1917 ξύλα
684 1855 877 1928 μακρὰ,
934 1858 1021 1905 καὶ
1068 1853 1273 1917 ξέεσθαι
1327 1852 1467 1916 ὄνυξι
1522 1849 1784 1925 σιδηροῖς,

181 1950 269 1997 καὶ
326 1945 603 2019 ὀστράκοις
669 1942 876 2005 ὀξέσιν·
935 1947 1024 1995 καὶ
1080 1942 1309 1996 ἓκελευσε
1362 1941 1492 2015 βοᾷν
1550 1946 1636 1993 τόν
1688 1946 1785 2001 κή-

175 2053 329 2105 ρυκα·
392 2036 456 2085 Οἱ
518 2039 626 2094 τοῖς
680 2034 809 2093 θεοῖς
862 2037 931 2104 μή
992 2034 1213 2101 θύοντες,
1272 2031 1397 2084 ἀλλὰ
1446 2036 1535 2084 καὶ
1588 2030 1785 2105 ἐνυϐρί-

174 2126 373 2189 ζοντες,
407 2130 577 2174 ταῦτα
621 2124 949 2195 πάσχουσιν.
984 2124 1051 2175 Οἱ
1101 2119 1160 2174 δὲ
1212 2122 1374 2193 ἅγιοι,
1406 2122 1652 2194 ξεόμενοι,
1682 2121 1783 2173 ἔλε-

164 2233 277 2282 γοεν
345 2212 420 2263 Ὠ
490 2215 722 2285 τύραννε,
782 2212 825 2263 εἰ
895 2214 1031 2283 ἔχεις
1100 2207 1364 2283 δεινότερα
1433 2210 1775 2283 κολαστήρια,

168 2304 487 2375 προσάγαγε
520 2318 532 2330 ·
590 2307 753 2352 ταῦτα
802 2303 902 2375 γὰρ
960 2302 1083 2372 ἡμῖν
1141 2300 1280 2352 ἐστιν
1334 2300 1775 2373 εὐκαταφρόνητα.

168 2395 267 2442 Καὶ
327 2387 443 2448 ἤδη
499 2391 635 2463 ὥρας
690 2392 836 2450 ἕκτης
893 2388 1309 2456 καταλαϐούσης,
1354 2396 1577 2443 καὶτοῦ
1626 2389 1779 2447 ἡλίου

165 2480 586 2552 καταφλέξαντος
640 2484 728 2537 τήν
780 2489 878 2551 γῆν
931 2486 1127 2543 πᾶσαν,
1183 2476 1316 2537 ἦσαν
1375 2482 1423 2531 οἱ
1474 2480 1617 2550 ἅγιοι
1667 2480 1779 2541 ξεό-

164 2590 338 2641 μενοι.
386 2569 446 2621 Ὀ
496 2566 553 2622 δὲ
606 2566 753 2634 δούξ,
812 2572 1080 2636 πεινάσας,
1128 2569 1385 2622 ἐκέλευσεν
1430 2569 1604 2631 αὐτοῖς
1660 2589 1781 2620 κατ-

167 2661 459 2730 ενεχθῆναι
509 2663 597 2711 καὶ
647 2657 959 2717 ἀποτεθῆναι
1007 2661 1054 2710 ἓν
1217 2659 1440 2731 φυλακῇ,
1499 2658 1780 2731 ἐντειλάμε-

164 2769 244 2811 νος
304 2745 517 2820 μηδένα
564 2750 746 2800 θεάσαι
795 2748 1003 2813 αὐτοὺς,
1042 2752 1172 2821 μήτε
1228 2745 1369 2823 ὔδωρ
1420 2748 1606 2810 αὐτοὺς
1657 2747 1781 2800 ἀπο-

164 2834 422 2895 δοθῆναι.
456 2836 553 2889 Ἠν
597 2834 657 2889 δέ
706 2857 779 2898 τις
826 2838 1127 2897 πολιτευτὴς
1172 2836 1218 2889 ἓν
1249 2845 1309 2910 τῇ
1362 2836 1505 2889 πόλει
1555 2840 1780 2908 τοῦνομα

161 2922 418 3001 Ἡρώδης
474 2930 811 3001 Χριστιανὸς,
872 2928 1261 2999 ὑποκρινόμενος
1320 2922 1377 2978 δε
1433 2930 1520 2978 τὸν
1577 2925 1778 2984 ἑλληνι-

164 3020 334 3088 σμόν,
389 3016 511 3089 παρ’
678 3018 841 3082 ἔμενεν
896 3017 920 3067 6
981 3013 1128 3079 δούξ.
1188 3015 1357 3088 Ἔσχε
1429 3013 1487 3069 δε
1543 3018 1778 3089 νοτάριον

1890 1855 2067 1926 jussit
2096 1859 2153 1911 et
2186 1856 2426 1925 ungulis
2464 1857 2669 1912 ferreis
2703 1874 2772 1914 ac
2803 1860 2993 1915 acutis
3022 1859 3183 1915 testis
3223 1860 3373 1925 radi,
3406 1876 3555 1932 prae-

1895 1960 2228 2017 conemque
2250 1944 2542 2002 clamare:
2570 1947 2679 2012 Qui
2697 1962 2819 2003 non
2846 1947 3201 2015 sacriﬁcant,
3224 1949 3328 2004 sed
3353 1951 3553 2020 potius

1893 2032 2175 2103 injuriam
2202 2033 2482 2104 inferunt,
2526 2035 2644 2090 haec
2681 2036 3010 2107 patiuntur.
3053 2039 3201 2092 Dum
3234 2038 3424 2094 sancti
3457 2053 3553 2095 ex-

1892 2122 2397 2197 carniﬁcarentur,
2430 2123 2737 2180 dixerunt:
2774 2127 2816 2181 Ο
2851 2130 3122 2197 tyranne,
3167 2126 3213 2181 si
3247 2126 3556 2184 acerbiora

1892 2211 1994 2267 tibi
2028 2213 2142 2267 sint
2168 2216 2481 2278 tormenta,
2515 2213 2744 2284 profer:
2777 2214 2905 2270 haec
2926 2214 3085 2269 enim
3112 2216 3555 2271 contemnimus

1886 2299 2033 2356 Cum
2047 2302 2173 2372 jam
2200 2308 2351 2357 esset
2380 2303 2529 2357 hora
2552 2307 2717 2359 sexta
2741 2308 2795 2359 et
2818 2303 2907 2359 sol
2932 2303 3284 2359 accenderet
3310 2321 3554 2361 omnem

1888 2393 2127 2457 terram,
2162 2391 2345 2447 sancti
2386 2391 2765 2447 radebantur.
2801 2396 2953 2448 Inter
2979 2393 3102 2449 hinc
3147 2393 3287 2464 dux,
3323 2395 3556 2451 consilii

1889 2479 2086 2551 inops,
2112 2480 2288 2550 jussit
2316 2496 2417 2535 eos
2438 2480 2657 2537 abduci
2686 2487 2743 2536 et
2772 2483 2993 2537 carceri
3024 2483 3376 2555 mancipari,
3405 2500 3554 2556 prae-

1889 2568 2113 2638 cipiens
2144 2584 2215 2624 ne
2246 2569 2380 2641 quis
2420 2585 2521 2627 eos
2563 2570 2790 2635 viseret,
2824 2586 2939 2625 neu
2977 2587 3201 2642 aquam
3240 2573 3550 2643 prteheret.

1890 2660 2023 2713 Erat
2047 2657 2296 2729 quidam
2346 2658 2688 2729 reipublicae
2721 2658 3166 2714 administrator
3199 2660 3259 2714 in
3291 2660 3547 2729 civitate,

1890 2747 2130 2803 nomine
2171 2747 2453 2813 Herodes,
2487 2746 2861 2813 Christianus,
2903 2747 3007 2802 sed
3038 2748 3342 2817 gentilium
3374 2765 3546 2805 sacra

1890 2836 2232 2903 simulabat,
2274 2837 2435 2908 apud
2473 2852 2654 2908 quem
2688 2836 2806 2891 dux
2835 2836 3162 2892 habitabat.
3200 2836 3466 2893 Habebat
3498 2853 3548 2894 lS

1888 2925 2206 2987 notarium,
2238 2924 2483 2979 nomine
2512 2924 2823 2988 Philinum,
2858 2925 2960 2997 qui
2988 2942 3022 2979 a
3064 2930 3271 2981 sancto
3301 2926 3543 2982 Leontio

1888 3013 2257 3084 diligebatur.
2289 3014 2616 3085 Postquam
2650 3013 2815 3069 illum
2842 3013 3261 3079 accersivisset,
3297 3019 3544 3070 sanctus

164 3107 381 3159 Φίλινον
439 3104 669 3176 ὀνόματι.
730 3105 886 3165 Οὗτος
945 3102 1004 3163 ἦν
1084 3104 1419 3177 ἀγαπώμενος
1488 3104 1631 3178 παρὰ
1687 3112 1777 3157 τοῦ

1891 3103 2163 3158 Leontius
2211 3102 2391 3157 dixit:
2436 3102 2681 3159 Philine.
2721 3102 2916 3167 frater,
2952 3102 3125 3168 vade,
3170 3103 3381 3158 Herodi
3426 3103 3539 3169 dic,

164 3198 336 3265 ἁγίου
384 3199 661 3247 Λεοντίου·
711 3199 798 3245 καὶ
842 3194 1298 3266 μεταστειλάμενος
1348 3194 1502 3246 αὐτόν
1556 3196 1580 3246 ὁ
1629 3194 1777 3265 οἷγιος

166 3290 418 3343 Λεόντιος
499 3285 675 3354 λέγει·
764 3281 979 3356 ’Δδελφὲ
1070 3283 1255 3350 Φίλινε,
1340 3282 1567 3335 ἀπελθὼν

162 3369 412 3445 Ἡρώδη,
454 3373 554 3439 ἶνα,
607 3372 648 3425 εἰ
692 3374 803 3444 ἔχει
848 3375 963 3424 τινὰ
1011 3373 1077 3432 εἰς
1127 3376 1213 3424 τόν
1258 3368 1424 3424 δοῡκοι
1452 3371 1771 3447 παρρησίαν,

1670 3283 1777 3336 εἰπε

164 3467 360 3535 αὔριον
417 3463 552 3533 ἡμᾶς
603 3461 845 3534 τελειώσῃ
879 3483 891 3494 ~
950 3460 1221 3519 ηὖλαϐεῖτο
1274 3464 1373 3535 γὰρ
1428 3466 1495 3533 μή
1548 3481 1627 3523 τις
1674 3470 1775 3513 τῶν

165 3553 342 3621 ἁγίων
419 3546 665 3611 δελιάσας
738 3550 1095 3623 ἀπαγορεύσῃ.
1142 3549 1200 3601 e0
1278 3546 1336 3602 δὲ
1391 3548 1622 3602 ἀπελθὼν
1679 3550 1775 3603 ειπ-

166 3640 381 3711 ήγγειλε
438 3642 604 3691 πάντα
672 3647 745 3709 τῷ
812 3639 1207 3711 πολιτευομένῳ.
1266 3638 1323 3691 Ὀ
1386 3635 1445 3691 δὲ
1511 3636 1641 3702 δούξ
1711 3638 1772 3698 ἧν

167 3729 398 3789 aulica;
452 3730 603 3781 αὐτόν
674 3727 750 3779 ἐπ’
819 3730 1053 3803 ἄριστον,
1108 3733 1197 3780 καὶ
1255 3731 1541 3802 περιέμενεν
1594 3730 1772 3785 αὐτὸν.

164 3816 419 3893 Ἡρώδης
474 3815 533 3870 δὲ
601 3825 881 3891 παρῃτεῖτο
950 3816 1128 3888 λέγων’
1186 3816 1326 3884 "On,
1394 3816 1573 3877 ἐπειδὴ
1646 3821 1772 3891 χθὲς

170 3906 317 3961 εἶδον
376 3916 474 3959 τῶν
517 3903 813 3958 καταδίκων
861 3905 1058 3959 ἐκείνων
1106 3910 1197 3969 τὰς
1244 3907 1463 3980 πλευρὰς
1512 3908 1770 3981 ξεομένας,

172 3999 409 4057 σιανθεὶς
461 3995 748 4068 ἀνετράπην
805 4004 893 4048 τοῦ
951 3997 1249 4069 στομάχου,
1295 4001 1385 4049 καὶ
1434 3997 1491 4048 οὐ
1542 3994 1773 4070 δύναμαι

170 4086 489 4161 ἀριστῆσαι.
552 4090 651 4139 Καὶ
705 4087 730 4137 ό
788 4081 915 4148 δοὺξ
966 4084 1298 4157 ἐπηρώτησεν
1361 4084 1513 4137 αὐτόν
1570 4085 1768 4158 λέγων’

168 4181 234 4229 Τί
294 4172 384 4227 οὖν
435 4173 609 4246 βούλει
668 4175 748 4226 ἱνα
797 4179 1040 4239 ποιήσω;
1094 4172 1153 4227 Ὁ
1204 4170 1261 4227 δὲ
1314 4171 1479 4227 εἶπεν·
1517 4175 1660 4247 Οὐχὶ
1708 4178 1771 4237 ὡς

174 4264 547 4324 ἀνθεστηκότες

638 4270 740 4324 τοῖς
814 4272 914 4316 τῶν
994 4263 1386 4340 αὐτοκρατόρων
1483 4266 1771 4338 θεσπίσμα-

1890 3197 1969 3257 ut,
2004 3192 2047 3246 si
2072 3192 2217 3263 quid
2251 3192 2409 3263 apud
2432 3190 2646 3247 ducem
2664 3191 2844 3255 valet,
2869 3191 3159 3263 impetret,
3186 3195 3249 3246 ut
3274 3208 3385 3247 nos
3407 3208 3542 3248 cras

1888 3286 2074 3337 morte
2114 3279 2366 3336 afﬁciat:
2410 3281 2659 3337 timebat
2690 3281 2869 3346 enim,
2917 3296 2991 3335 ne
3021 3282 3154 3353 quis
3196 3287 3544 3338 sanctorum

1886 3387 2006 3443 prae
2052 3371 2258 3426 timore
2289 3368 2581 3425 deﬁceret.
2618 3369 2713 3424 Ille
2746 3374 2943 3425 autem
2991 3370 3195 3425 abiens
3244 3371 3543 3427 renuntia-

1882 3461 1965 3516 vit
1993 3459 2197 3514 omnia
2220 3458 2559 3529 reipublicae
2586 3458 3074 3515 administratori.
3108 3460 3238 3514 Dux
3270 3476 3411 3515 vero
3454 3461 3545 3515 in-

1882 3550 2107 3604 vitabat
2148 3549 2344 3620 ipsum
2390 3548 2467 3603 ad
2500 3549 2817 3618 prandium
2874 3553 2928 3603 et
2958 3549 3087 3618 jam
3129 3549 3539 3621 exspectabat.

1884 3639 2139 3695 Herodes
2169 3637 2497 3693 excusabat
2519 3653 2600 3702 se,
2618 3638 2848 3693 dicens:
2877 3639 3045 3703 Quia,
3068 3642 3395 3711 postquam
3416 3639 3542 3695 heri

1880 3728 2000 3783 vidi
2030 3728 2281 3782 istorum
2310 3741 2549 3781 reorum
2594 3726 2778 3781 latera
2806 3726 2957 3791 radi,
2993 3726 3145 3781 male
3176 3726 3390 3783 affecto
3426 3732 3543 3783 sto-

1882 3816 2095 3872 macho
2126 3830 2397 3871 reversus
2428 3831 2563 3870 sum
2601 3819 2658 3869 et
2688 3830 2922 3887 nequeo
2949 3815 3264 3887 prandere.
3301 3817 3429 3871 Dux
3459 3817 3545 3872 in-

1882 3904 2367 3975 terrogaviteum,
2389 3903 2595 3959 dicens
2625 3923 2635 3962 :
2659 3902 2808 3969 Quid
2838 3902 3017 3974 igitur
3042 3904 3154 3967 vis,
3183 3909 3243 3959 ut
3274 3904 3490 3960 faciam
3517 3906 3545 3960 ‘2

1880 3996 1977 4051 ille
2022 3999 2221 4050 autem
2253 3992 2404 4049 dixit
2441 4015 2452 4046 :
2496 3996 2699 4049 Nonne
2748 3992 2828 4058 hi,
2873 3993 2974 4066 qui
3024 3992 3229 4049 edictis
3292 3993 3548 4066 impera-

1880 4091 2076 4142 torum
2115 4083 2426 4145 obsistunt,
2462 4086 2647 4138 morte
2679 4081 2845 4153 digni
2872 4086 3011 4139 sunt
3038 4080 3066 4136 i’
3091 4080 3208 4138 Cur
3248 4097 3389 4152 ergo
3423 4098 3546 4138 non

1882 4174 2218 4231 moriuntur
2263 4187 2514 4244 propere
2539 4171 2567 4227 ‘i
2607 4171 2706 4227 Ille
2744 4187 2879 4228 vero
2918 4172 3210 4244 promisit,
3263 4187 3394 4229 cras
3445 4188 3548 4228 eos

1882 4262 2007 4335 igni
2034 4260 2415 4318 addicturum
2437 4262 2609 4332 juxta
2643 4261 3022 4333 imperatoris
3052 4261 3363 4317 mandata.

174 4374 258 4407 σιν
311 4354 454 4416 ἄξιοί
498 4353 600 4405 εἰσι
651 4355 905 4417 θανάτου;
940 4357 1001 4405 Τί
1045 4349 1132 4405 οὖν
1166 4354 1257 4405 οὐκ
1308 4352 1727 4412 ἀποθνήσκουσιν
1780 4356 2046 4426 συντόμως
2082 4370 2093 4419 ;
2125 4350 2183 4403 Ὀ
2243 4346 2302 4403 δὲ
2361 4352 2625 4422 ὑπέσχετο
2676 4355 2770 4409 τὴν
2820 4353 2999 4423 αὔριον
3043 4354 3170 4427 πυρὶ
3218 4347 3557 4424 παραδοῦναι

172 4444 369 4503 αὐτοὺς
394 4444 528 4494 κατὰ
556 4444 622 4494 τὰ
654 4438 990 4515 διατάγματα
1018 4449 1110 4495 τοῦ
1138 4440 1416 4515 βασιλέως.

244 4533 348 4586 ΙΖ’.
417 4537 517 4585 Καὶ
565 4533 591 4584 6
639 4531 853 4593 Φίλινος,
901 4530 1131 4594 ἀκούσας
1179 4538 1365 4595 ταῦτα,
1417 4528 1629 4605 δραμὼν
1680 4531 1775 4585 ἀπ-

1960 4531 2108 4585 XVlI.
2162 4529 2259 4584 His
2305 4528 2539 4594 auditis,
2591 4527 2844 4584 cucurrit
2887 4527 3174 4600 Philinus,
3228 4533 3283 4585 et
3324 4529 3547 4587 sanctis

174 4622 384 4694 ἡγγειλε
423 4628 532 4680 τοῖς
576 4620 757 4692 ἁγίοιςο
792 4623 839 4673 οἱ
884 4618 961 4687 δὲ,
997 4617 1393 4694 φαιδρυνθέντες
1432 4623 1524 4682 τὰς
1567 4621 1773 4694 ψυχὰς,

174 4709 480 4783 ἐξεδέχοντο
522 4714 580 4761 τό
622 4714 776 4781 πέρας
824 4713 949 4781 μετὰ
991 4710 1153 4771 καλῆς
1206 4710 1513 4782 προθυμίας,
1562 4715 1650 4762 καὶ
1699 4710 1775 4763 εὖ·

172 4803 407 4872 λόγησαν
460 4802 646 4860 πάντες
691 4802 777 4851 τὸν
827 4798 1025 4851 Φίλινον
1081 4795 1174 4850 διὰ
1224 4803 1317 4856 τήν
1371 4800 1624 4866 ὑπακοὴν,
1685 4804 1774 4853 καὶ

170 4886 414 4963 Ἡρώδην
474 4885 566 4940 διὰ
616 4892 710 4946 τήν
767 4883 1024 4945 σπουδήν.
1075 4887 1131 4939 Ἡ
1179 4885 1238 4939 δὲ
1293 4890 1529 4950 συνήθως
1574 4887 1768 4961 ἀποφέ-

173 4998 346 5053 ρονσα
402 4977 576 5037 αὐτοῖς
622 4980 679 5028 τό
724 4972 866 5045 ὕδωρ
917 4975 1151 5049 ἐλευθέρα
1208 4973 1319 5048 εἶχε
1369 4980 1457 5047 μεν
1505 4981 1559 5029 τό
1606 4975 1773 5050 ὕδωρ,

175 5072 238 5128 ὡς
269 5072 328 5121 τό
369 5068 604 5130 σύνηθες,
639 5065 720 5117 ἐπὶ
770 5068 827 5117 τὸ
864 5061 1151 5137 διάζωσμα
1184 5087 1195 5099 ’
1229 5066 1525 5119 κωλυθεῖσα
1568 5064 1626 5119 δὲ
1665 5066 1773 5119 εἰσ-

176 5158 355 5223 ελθεῖν,
388 5158 624 5229 ὴρωτᾶτο
668 5156 807 5227 παρὰ
870 5162 968 5206 τῶν
1023 5154 1203 5226 ἁγίων,
1258 5154 1301 5206 εὶ
1347 5156 1458 5227 ἔχει
1504 5152 1670 5229 ὕδωρ.
1715 5153 1773 5207 Ἦ

176 5245 232 5299 δε
264 5243 359 5298 διὰ
407 5249 525 5304 τοὺς
568 5252 903 5318 παρεστῶτας
950 5244 1233 5318 ἠρνήσατο·
1269 5247 1354 5296 καὶ
1398 5244 1532 5316 λέγει
1577 5244 1703 5296 αὖτό
1751 5246 1775 5297 6

178 5338 322 5407 άγιος
374 5339 611 5393 Λεόντιος
655 5341 716 5405 τῇ
777 5334 1025 5407 Ἀρμενίῳ
1075 5341 1212 5405 φωνῇ
1278 5340 1529 5404 Βασιανῇ’
1590 5333 1648 5385 Εἰ
1702 5338 1772 5405 μὴ

178 5429 397 5496 ἤνεγκας
428 5426 550 5497 οἱρτι
580 5427 637 5474 τό
680 5420 822 5495 ὕδωρ
856 5422 901 5473 ἐν
932 5424 1094 5494 ταύτῃ
1142 5430 1203 5494 τῇ
1248 5421 1468 5494 ἀνάγκη,
1502 5423 1581 5474 ὅτι
1619 5442 1776 5475 κατα-

180 5512 463 5583 φλεγόμεθα
514 5515 603 5562 καὶ
661 5512 715 5561 αἱ
770 5505 987 5581 καρδίαι
1034 5511 1179 5581 ἡμῶν
1228 5508 1544 5577 σϐέννυνται,
1604 5514 1693 5561 καὶ
1750 5508 1775 5561 ὃ

184 5605 425 5662 ἐποίησας
467 5602 593 5673 ἡμῖν
646 5599 820 5666 καλὸν,
850 5600 917 5661 ὡς
944 5595 1095 5651 οὐδὲν
1125 5600 1405 5671 κατεφάνη,
1434 5602 1523 5653 καὶ
1567 5600 1631 5661 ὡς
1661 5602 1776 5653 οὔτε

1881 4617 2267 4681 renuntiavit,
2317 4618 2420 4690 qui
2466 4617 2685 4672 animis
2732 4617 2950 4673 hilares
3007 4618 3439 4689 exspectabant
3486 4619 3550 4675 ti-

1886 4725 2021 4766 nem
2043 4724 2179 4764 cum
2212 4707 2449 4778 egregia
2478 4705 2795 4772 alacritate,
2830 4710 2886 4761 et
2911 4722 3123 4761 omnes
3166 4706 3315 4762 bene
3344 4722 3548 4780 preca-

1885 4798 2105 4854 bantur
2136 4795 2388 4862 Philino,
2418 4795 2581 4868 quod
2623 4795 2904 4866 gessisset
2936 4810 3188 4861 morem,
3220 4800 3276 4851 et
3309 4795 3544 4864 Herodi,

1884 4888 2049 4962 quod
2064 4887 2385 4943 festinaret.
2409 4890 2478 4941 At
2495 4901 2786 4956 generosa
2798 4886 2909 4942 ista
2928 4885 3158 4954 mulier,
3175 4902 3308 4958 quae
3322 4901 3547 4958 aquam

1884 4978 1961 5035 ad
2003 4981 2241 5033 sanctos
2273 4974 2499 5031 deferre
2542 4980 2957 5039 consueverat,
2993 4990 3217 5046 aquam
3262 4975 3334 5032 de
3382 4990 3547 5031 more

1885 5066 1997 5123 sub
2027 5067 2296 5121 cinctura
2326 5062 2648 5119 condebat:
2677 5078 2887 5119 verum
2924 5062 3201 5133 ingressu
3227 5062 3543 5134 prohibita,

1883 5154 2369 5224 interrogabatur
2381 5167 2415 5207 a
2429 5152 2664 5217 sanctis,
2682 5167 2759 5208 an
2772 5166 2997 5223 aquam
3016 5150 3281 5206 haberet.
3304 5152 3549 5221 Negavit

1883 5243 2014 5315 ipsa
2054 5247 2296 5315 propter
2326 5244 2609 5297 astantes.
2646 5242 2894 5297 Sanctus
2948 5240 3224 5295 Leontius
3254 5240 3367 5296 hoc
3399 5239 3547 5299 dixit

1886 5347 2162 5387 sermone
2194 5333 2454 5385 Armeno
2476 5330 2741 5385 Basianas
2770 5353 2780 5383 :
2820 5330 2875 5386 Si
2898 5344 3021 5385 non
3046 5328 3299 5385 attulisti
3321 5345 3542 5402 aquam

1885 5421 1945 5475 in
1974 5421 2088 5477 hac
2116 5420 2459 5476 necessitate
2487 5420 2655 5490 (nam
2686 5418 3117 5483 comburimur,
3151 5423 3207 5476 et
3231 5418 3415 5476 corda
3440 5436 3544 5479 no-

1885 5515 2002 5565 stra
2034 5511 2510 5578 exstinguuntur)
2535 5523 2678 5564 sane
2704 5508 2869 5579 quod
2895 5508 3069 5563 nobis
3103 5507 3292 5565 fecisti
3312 5509 3543 5567 bonum

1888 5602 2179 5673 tanquam
2209 5598 2357 5657 nihil
2389 5598 2670 5672 apparuit
2708 5602 2764 5657 et
2806 5601 3097 5671 tanquam
3133 5614 3379 5673 prorsus
3416 5615 3539 5661 non
