4066 6224
511 366 622 422 339
1916 345 2175 403 MENSIS
2216 342 2484 399 JULIUS.
3770 341 3881 398 34.0

511 490 755 547 factum.
786 488 907 542 Hoc
937 487 1136 543 autem
1179 481 1344 547 dixit,
1379 481 1622 536 hortans
1664 494 1819 541 eam,
1854 479 1919 531 ut
1951 488 2117 546 aqua:

2285 469 2407 529 ὅλως
2461 472 2695 540 γεγονός.
2757 470 2919 521 Τοῦτό
2978 464 3037 521 δὲ
3093 466 3228 538 ἔλεγε
3282 468 3684 539 προτρεπόμενος
3737 468 3874 542 αὐτῇ

513 581 764 636 afferret.
808 575 911 631 Illa
936 590 1077 630 vero
1106 578 1271 644 porta
1297 586 1549 640 egressa,
1584 581 1956 640 parvamque
1988 567 2043 618 et
2072 578 2119 616 a1

2284 558 2482 629 ἐνέγκαι
2525 562 2581 610 τὸ
2631 555 2795 632 ὕδωρ.
2850 558 2907 611 ’Β
2962 556 3019 610 δὲ
3072 557 3349 620 ἐξελθοῦσα
3427 564 3522 617 τῆς
3558 556 3734 623 πύλης,
3784 564 3876 611 καὶ

511 673 747 738 gustam
783 670 959 721 nacta
990 664 1332 724 fenestram,
1368 675 1586 731 aquam
1619 658 1701 711 eis
1730 671 1835 727 per
1868 653 2028 708 illam
2061 656 2117 705 tr.

2283 651 2509 722 εὑροῦσα
2554 650 2743 721 μικρὰν
2797 653 2885 699 καὶ
2927 652 3103 705 στενὴν
3156 643 3369 721 θυρίδα,
3405 642 3498 697 διὰ
3548 648 3737 708 ταύτης
3782 650 3877 700 ῦπ-

512 733 678 814 didit.
733 759 798 810 Et
836 760 1158 827 postquam
1198 750 1486 805 bibissent
1537 752 1592 803 et
1621 743 1925 802 refocillati
1956 756 2118 795 essen

2282 734 2469 789 έδωκεν
2523 738 2696 798 αὐτοῖς
2742 741 2799 788 τὸ
2855 734 3018 811 ὕδωρ.
3072 741 3171 789 Καὶ
3210 740 3404 795 πιόντες
3455 740 3544 787 καὶ
3590 733 3877 805 ἀναψύξαν-

512 826 935 919 precabantur,
958 848 1020 898 ut
1041 841 1140 897 ﬁlii
1170 842 1299 911 ejus
1331 845 1387 894 et
1411 838 1513 893 ﬁlii
1542 836 1802 892 ﬁliorum
1825 833 1951 902 ejus
1980 846 2113 886 sace

2280 846 2361 888 τες
2404 826 2690 889 ἐπηύξαντο
2744 826 2872 899 αὐτῇ
2929 831 3049 887 τοὺς
3096 828 3256 893 υἱούς,
3313 830 3400 876 καὶ
3440 826 3582 884 υἱοὺς
3623 833 3715 875 τῶν
3752 828 3877 876 υἱῶν

512 913 680 993 dotes
705 935 932 999 ﬁerent,
961 933 1020 987 in
1044 932 1185 988 tanti
1221 928 1436 985 servitii
1468 922 2043 998 compensationem.

2280 916 2437 975 αὐτῆς
2494 916 2566 976 εἰς
2624 918 2783 989 ἱερέας
2837 917 3080 987 γενέσθαι
3136 913 3420 987 διαμοιϐὴν
3486 921 3578 976 τῆς
3631 917 3879 977 τοιαύτης

2281 1008 2521 1079 θεραπεία
2531 1027 2570 1067 ς.

1917 1130 2146 1187 CAPUT
2176 1130 2264 1184 IV.

518 1277 831 1333 Orantibus
851 1278 1105 1344 apparet
1130 1270 1408 1340 angelus;
1437 1266 1879 1344 convertuntun
1895 1258 2012 1344 duo
2034 1253 2594 1344 carcerisca‘stcdes;
2611 1256 2994 1344 Ῠίίιιιηῃαγιζιιν
3008 1255 3205 1311 sancti
3229 1260 3520 1326 martyres
3546 1256 3627 1311 ad
3644 1256 3842 1324 ignem
3866 1274 3876 1323 ;

1293 1327 1450 1411 aqua
1480 1353 1509 1392 e
1539 1350 1688 1404 rupe
1722 1334 1960 1395 elicita;
1994 1327 2315 1383 translatio
2341 1332 2395 1381 et
2432 1328 2625 1382 cultus
2659 1327 3082 1398 reliquiarum.

589 1476 768 1530 XVIII.
810 1474 1061 1545 Vespere
1101 1471 1275 1534 facto,
1308 1463 1633 1522 cantabant
1661 1461 1962 1514 dicentes:
2002 1475 2025 1504 ‹‹
2059 1457 2167 1545 Ι)ος

2354 1450 2461 1505 IH'.
2533 1450 2786 1526 Ἑσπέρας
2841 1448 2901 1503 δὲ
2955 1449 3372 1516 καταλαϐούσης,
3434 1449 3649 1521 ἔψαλλον
3708 1450 3880 1522 λέγον-

512 1565 696 1629 mine,
723 1542 939 1619 exaudi
964 1561 1294 1617 orationem
1318 1570 1539 1619 meam,
1568 1555 1623 1606 et
1653 1549 1877 1604 clamor
1902 1561 2069 1600 meus
2092 1559 2118 1598 a

2280 1560 2375 1599 τες·
2435 1562 2461 1589 ‹‹
2509 1544 2687 1615 Κύριε,
2720 1544 3028 1593 εἰσάκουσον
3080 1549 3171 1600 τῆς
3214 1548 3525 1611 προσευχῆς
3557 1560 3679 1612 μου,
3729 1545 3820 1592 καὶ
3851 1542 3878 1597 ἠ

514 1658 566 1708 te
598 1654 790 1709 veniat
822 1655 863 1719 ⁵,
887 1660 993 1707 etc.
1020 1674 1040 1701 ι»
1072 1653 1135 1705 Et
1163 1646 1396 1719 expleto
1426 1642 1679 1715 psalmo,
1700 1633 2120 1694 corroborabai

2280 1634 2479 1702 κραυγὴ
2532 1650 2632 1701 μου
2680 1633 2810 1704 πρὸς
2859 1650 2915 1682 σε
2942 1629 3141 1693 ἐλθέτω,
3178 1650 3203 1681 ››
3235 1634 3323 1681 καὶ
3354 1631 3419 1681 τὰ
3456 1630 3584 1692 ἑξῆς.
3623 1634 3727 1682 Καὶ
3754 1628 3881 1687 πλη·

514 1748 608 1797 tur
653 1742 711 1797 in
743 1740 1005 1804 vinculis,
1046 1738 1265 1810 gratias
1296 1738 1539 1805 agentes
1574 1736 1712 1794 Deo,
1745 1731 1983 1785 orantes
2010 1729 2065 1779 et
2086 1723 2120 1777 d

2281 1724 2539 1789 ρωσαντες
2596 1723 2680 1771 τόν
2732 1718 2957 1790 ψαλμὸν,
3019 1715 3153 1776 ἦσαν
3208 1717 3486 1792 ἐρρωμένοι
3544 1718 3592 1769 ἐν
3649 1725 3762 1779 ¹τοῖς
3804 1715 3885 1769 δε-

514 1836 744 1889 centes:
767 1830 1014 1886 Domine
1043 1830 1203 1891 Jesu,
1237 1825 1339 1898 qui
1364 1828 1567 1897 portas
1596 1820 1755 1877 mala
1784 1816 1981 1874 omnis
2012 1829 2120 1869 ore:

2285 1813 2457 1878 σμοῖς,
2538 1807 2978 1881 εὐχαριστοῦντες
3059 1815 3127 1877 τῷ
3224 1812 3420 1879 Κυρίῳ,
3502 1804 3741 1878 δεόμενοι
3797 1812 3884 1858 xui

515 1925 680 1984 turaa,
728 1919 873 1974 nihil
917 1916 1338 1974 absconditum
1383 1918 1474 1969 est
1498 1927 1700 1967 coram
1743 1912 1814 1973 te,
1871 1906 1975 1977 qui
2016 1919 2121 1958 scr:

2281 1896 2523 1967 λέγοντες·
2579 1900 2735 1969 Κύριε
2786 1898 2982 1963 Ἰησοῦ,
3031 1898 3055 1947 ό
3111 1895 3393 1968 βαστάζων
3432 1899 3497 1947 τὰ
3535 1898 3672 1948 κακά
3708 1896 3887 1955 πάσης

514 2010 654 2063 taris
685 2010 867 2064 corda
894 2014 946 2063 et
966 2010 1186 2080 probas
1214 2020 1384 2060 renes
1410 2020 1421 2057 2
1450 2008 1512 2058 tu
1553 2000 1681 2065 scis,
1705 2014 1826 2069 quo
1858 1996 2120 2063 ﬂagremt

2284 1994 2380 2047 τῆς
2421 1989 2658 2051 κτίσεως,
2724 1982 2876 2038 οὐδὲν
2943 1989 3170 2061 κρυπτὸν
3220 1989 3363 2059 παρά
3421 1990 3527 2049 σοὶ,
3588 1987 3613 2035 6
3670 1984 3883 2056 ἐρευνῶν

515 2099 595 2152 tui
631 2098 949 2161 desiderio,
990 2095 1182 2151 cernis
1222 2096 1548 2158 tormenta;
1588 2086 1908 2145 animabus
1960 2084 2121 2138 nostr

2286 2072 2526 2149 καρδίας,
2580 2080 2667 2127 καὶ
2716 2072 3017 2147 δοκιμάζων
3067 2079 3298 2147 νεφρούς·
3355 2079 3417 2127 σὺ
3464 2074 3753 2127 ἐπίστασαι
3792 2078 3883 2131 τὴν

513 2187 773 2249 medere,
790 2203 928 2241 nam
960 2200 1214 2255 corpora
1235 2187 1438 2238 nostra
1468 2178 1818 2235 tradidimus
1837 2176 2119 2246 proptertt

2287 2168 2534 2238 ἡμετέραν
2602 2165 2671 2226 εἰς
2729 2168 2786 2217 σε
2851 2167 3159 2239 προθυμίαν·
3233 2167 3355 2239 ὁρᾷς
3437 2168 3531 2226 τὰς
3597 2163 3881 2236 βασάνους,

513 2274 643 2329 dele
674 2274 1015 2345 iniquitates
1046 2275 1286 2326 nostras
1314 2271 1373 2325 in
1394 2264 1766 2338 corruptibili
1792 2267 1997 2317 nostra
2022 2260 2119 2313 Vili

2286 2259 2436 2307 ἴασαι
2484 2257 2628 2325 ἡμῶν
2669 2257 2756 2315 τὰς
2812 2254 3016 2325 ψυχάς·
3074 2257 3137 2306 τὰ
3178 2257 3279 2328 γὰρ
3332 2260 3547 2323 σώματα
3598 2256 3751 2325 ἡμῶν
3798 2249 3887 2304 διὰ

514 2378 705 2433 parva
733 2339 957 2435 quippe
988 2362 1117 2417 haec
1150 2360 1323 2414 nobis
1356 2362 1509 2420 sunt,
1547 2360 1603 2411 et
1629 2353 1873 2409 minime
1903 2350 2120 2406 molesti

2289 2348 2344 2396 σε
2396 2339 2789 2418 παρεδώκαμεν·
2845 2343 3225 2413 συναπάλειψον
3275 2346 3420 2416 ἡμῶν
3468 2347 3535 2395 τά
3575 2342 3887 2413 ἀνομήματα

514 2432 592 2509 ob
622 2432 871 2507 multam
903 2451 960 2505 in
990 2454 1064 2517 te,
1098 2450 1362 2515 Domine,
1389 2445 1766 2507 charitatem;
1798 2448 1849 2497 te
1877 2439 2120 2495 άοεί‹]θι·;

2286 2432 2331 2484 ἐν
2380 2440 2452 2503 τῷ
2504 2435 2714 2505 φθαρτῷ
2774 2434 2917 2503 ἡμῶν
3002 2432 3124 2505 βίῳ·
3186 2436 3347 2506 μικρά
3404 2435 3505 2505 γὰρ
3575 2434 3704 2503 ἡμῖν
3779 2432 3886 2482 ἐστι

515 2559 666 2605 mus,
710 2546 765 2597 te
809 2541 1106 2596 timemus.
1141 2538 1352 2610 Aspice
1383 2552 1414 2592 e
1445 2537 1619 2598 coelo,
1653 2540 1709 2587 et
1736 2548 1844 2587 nos
1883 2530 2078 2599 erige;
2111 2532 2121 2582 1

2284 2530 2469 2585 ταῦτα,
2523 2527 2611 2573 καὶ
2687 2521 2967 2593 ἀνάλγητα,
3031 2518 3124 2573 διὰ
3194 2526 3288 2579 τήν
3362 2521 3551 2578 πολλὴν
3626 2525 3752 2594 περὶ
3813 2520 3883 2580 σε,

515 2632 732 2687 etenim
766 2629 1093 2685 consolaris
1125 2644 1234 2683 nos
1257 2627 1314 2681 in
1348 2626 1505 2680 omni
1538 2621 1915 2679 tribulatione
1947 2622 2121 2672 nostr:

2286 2616 2538 2678 Δέσποτα,
2599 2610 2827 2682 ἀγάπην·
2895 2615 2950 2663 σε
2996 2613 3275 2682 ποθοῦμεν,
3330 2614 3385 2662 σε
3426 2610 3699 2682 φοϐοῦμεν.
3756 2609 3885 2663 Κάτ-

518 2724 577 2774 ut
604 2718 905 2790 possimus
946 2717 1255 2772 sustinere.
1290 2714 1439 2769 Nihil
1470 2713 1580 2768 loci
1628 2710 1842 2765 habeat
1899 2710 2119 2764 Satana

2288 2699 2367 2753 ιδε
2398 2702 2690 2773 οὐρανόθεν,
2745 2706 2833 2752 καὶ
2864 2700 3258 2775 παραθάῤῥυνον
3313 2703 3465 2771 ἡμᾶς·
3531 2705 3593 2752 σὺ
3641 2702 3751 2772 γὰρ
3792 2698 3885 2749 εῐό

514 2789 619 2864 Ne,
650 2823 760 2863 nos
808 2824 843 2862 ει
899 2807 1158 2862 fraterno
1202 2805 1317 2859 hoc
1357 2818 1561 2859 amore
1609 2816 1856 2871 separa:
1903 2797 2120 2852 omnim

2284 2790 2597 2861 παρακαλῶν
2633 2792 2771 2862 ἡμᾶς
2834 2789 2916 2842 ἐπὶ
2962 2791 3107 2862 πάσῃ
3168 2797 3230 2861 τῇ
3287 2789 3456 2859 θλίψει
3506 2791 3649 2860 ἡμῖν,
3710 2791 3781 2852 εἰς
3829 2795 3882 2843 τὸ

517 2899 673 2953 enim
704 2906 972 2953 nostrum
1007 2901 1193 2950 mater
1214 2899 1301 2949 est
1332 2893 1481 2949 ﬁdes
1510 2892 1570 2947 in
1598 2896 1669 2948 te.
1707 2893 1769 2945 Et
1799 2895 1881 2955 tu,
1910 2889 2114 2944 Domin

2289 2875 2550 2930 δύνασθαι
2597 2881 2730 2950 ἡμᾶς
2786 2878 3084 2949 ἐπενεγκεῖν·
3144 2883 3232 2930 καὶ
3289 2882 3359 2950 μὴ
3416 2877 3579 2950 ἐχέτω
3637 2884 3800 2932 τόπον
3860 2882 3882 2931 6

520 2989 686 3041 Pater
706 2992 923 3049 noster,
945 2984 1211 3055 gloriﬁca
1231 2997 1454 3037 nomen
1481 2986 1648 3035 tuum
1681 2979 1741 3033 in
1768 2977 2052 3033 membris
2074 2992 2126 3029 ne

2288 2974 2533 3030 Σατανᾶς·
2590 2974 2659 3040 μὴ
2703 2973 2942 3042 χωρίσης
2972 2972 3111 3039 ἡμᾶς
3164 2976 3257 3027 τῆς
3297 2964 3641 3039 ἀδελφὸτητος
3667 2973 3881 3029 ταύτης·

521 3075 670 3141 stris,
706 3079 762 3128 et
796 3078 1081 3143 tanquam
1118 3072 1175 3125 in
1204 3070 1573 3125 holocaustis
1606 3068 1858 3123 arietum
1892 3072 1945 3120 et
1977 3069 2127 3119 taur<

2288 3062 2463 3131 μήτηρ
2510 3059 2611 3130 γάρ
2659 3060 2861 3109 πάντων
2897 3060 3040 3129 ἡμῶν
3087 3059 3115 3114 ἡ
3174 3057 3240 3117 εἰς
3289 3060 3345 3109 σε
3392 3062 3588 3118 πίστις,
3644 3064 3750 3111 Καὶ
3800 3067 3880 3126 σὺ,

519 3179 653 3218 rum
683 3168 737 3217 et
754 3163 811 3215 in
835 3160 1196 3231 myriadibus
1210 3158 1523 3231 pinguium
1542 3157 1746 3211 ovium
1771 3154 2123 3211 admittamu

2291 3149 2462 3219 Κύριε,
2528 3151 2703 3220 Πατὴρ
2754 3149 2917 3218 ἡμῶν,
2971 3144 3195 3208 δόξασόν
3249 3165 3341 3198 σου
3374 3150 3429 3198 τὸ
3463 3150 3621 3217 ὄνομα
3676 3147 3730 3199 ἐν
3777 3158 3880 3212 τοῖς

525 3251 618 3309 Sic
649 3252 752 3305 ﬁat
778 3249 1135 3304 sacriﬁcium
1164 3252 1437 3301 nostrum
1468 3247 1526 3300 in
1559 3250 1879 3316 conspectu
1912 3250 2045 3313 tuo,
2072 3245 2131 3297 D(

2288 3236 2489 3308 μέλεσιν
2538 3238 2705 3307 ἡμῶν,
2762 3240 2848 3286 καὶ
2902 3232 3359 3307 προσδεχθείημεν
3410 3237 3479 3296 ὡς
3526 3234 3572 3286 ἐν
3605 3236 3886 3291 ὁλοκαυτώο

526 3340 708 3407 mine,
740 3342 796 3394 et
825 3336 1167 3410 perﬁciatur
1201 3350 1401 3390 coram
1437 3341 1489 3389 te
1516 3352 1530 3400 ;
1561 3334 1703 3405 quia
1734 3332 2081 3388 benedictus
2112 3351 2132 3389 ε

2288 3344 2421 3396 μασι
2470 3334 2627 3397 κριῶν
2680 3330 2770 3375 καὶ
2822 3327 3044 3395 ταύρων,
3093 3330 3182 3376 καὶ
3234 3328 3297 3384 ὡς
3346 3326 3394 3375 ἐν
3430 3327 3681 3399 μυριάσιν
3731 3326 3885 3401 ἀρνῶν

526 3434 581 3484 et
602 3426 961 3499 gloriﬁcatus
986 3427 1043 3481 in
1073 3424 1277 3480 omnia
1319 3423 1555 3479 saecula.
1590 3426 1653 3479 Et
1690 3439 1825 3478 cum
1854 3440 2064 3478 omnes
2092 3424 2128 3478 d

2286 3417 2495 3467 πιόνων.
2550 3412 2701 3464 Οὐτω
2754 3414 2977 3482 γενέσθω
3028 3413 3056 3469 ἡ
3117 3414 3275 3464 θυσία
3328 3413 3473 3484 ἡμῶν
3527 3412 3743 3467 ἐνώπιόν
3776 3436 3884 3479 σου,

526 3517 763 3572 xissent.
801 3521 988 3570 Amen
1021 3519 1251 3569 noctem
1292 3513 1677 3569 traduxerunt
1716 3512 2040 3568 insomnes.
2089 3518 2132 3567 A

2292 3505 2464 3576 Κύριε,
2516 3506 2605 3553 καὶ
2659 3501 2937 3554 ἑκτελέσθω
2987 3503 3199 3553 ὄπισθέν
3253 3521 3368 3553 σου·
3418 3503 3496 3553 ὅτι
3529 3502 3811 3573 εὐλογητὸς
3848 3502 3890 3557 εἷ

526 3606 719 3661 noctis
749 3604 1026 3669 medium,
1068 3618 1357 3673 magnum
1402 3601 1695 3675 psalmum
1725 3601 1831 3657 sibi
1864 3601 2131 3657 funebrei

2285 3596 2374 3643 xui
2424 3587 2804 3663 δεδοξασμένος
2855 3590 2925 3651 εἰς
2960 3592 3153 3651 πάντας
3182 3595 3305 3652 τοὺς
3336 3592 3542 3654 αἰῶνας.
3600 3598 3705 3646 Καὶ
3762 3596 3886 3647 πάν-

526 3695 886 3752 οθοίῃθιθῃηι,
2284 3700 2381 3733 των
2425 3679 2685 3742 εἰπόντων,
2743 3680 2923 3751 Ἀμην,
2981 3676 3271 3732 διετελεσαν
3316 3681 3524 3748 ἄϋπνοι,
3570 3686 3696 3756 Περὶ
3747 3679 3805 3734 δὲ
3833 3684 3885 3733 τὸ

2284 3772 2619 3842 μεσονύκτιον
2695 3768 2911 3840 ἔψαλλον
2967 3771 3050 3819 τὸν
3104 3772 3266 3841 μέγαν
3323 3769 3549 3842 ψαλμὸν,
3622 3769 3888 3843 ἐπιτάφιον

2286 3860 2505 3919 ἑαυτοῖς.

599 3945 726 3999 XIX.
758 3941 926 3997 Hunc
968 3946 1293 4014 postquam
1345 3941 1748 4013 implevissent
1787 3948 1842 3996 et
1885 3947 2172 4009 orassent,

2360 3950 2466 4003 ΙΘ’.
2552 3952 2651 4001 Καὶ
2730 3946 3114 4019 πληρωσάντων
3181 3947 3349 3998 αὐτῶν
3411 3952 3500 3999 καὶ
3582 3948 3884 4022 εὐξαμένων,

525 4048 660 4089 ecce
687 4032 932 4105 angelus
973 4031 1205 4085 Domini
1236 4031 1413 4087 astitit
1442 4037 1497 4085 et
1534 4032 1728 4085 lucem
1758 4030 2024 4101 implevit
2071 4030 2131 4085 ha

2288 4035 2425 4104 ἰδοὺ,
2482 4035 2691 4109 ἄγγελος
2756 4039 2949 4108 Κυρίου
3003 4036 3220 4097 ἐπιστὰς
3287 4034 3555 4108 ἐπλήρωσε
3612 4042 3781 4109 φωτός
3832 4040 3885 4088 τὸ

526 4121 875 4189 bitaculum,
915 4127 971 4177 et
1007 4119 1147 4175 dicit
1184 4120 1373 4191 ipsis:
1432 4119 1715 4182 Gaudete,
1765 4136 1950 4191 prope
2008 4120 2132 4175 ades

2284 4131 2497 4199 οἴκημα,
2549 4131 2637 4177 καὶ
2698 4125 2832 4196 λέγει
2908 4124 3109 4186 αὐτοῖς·
3168 4130 3405 4199 Χαίρετε·
3464 4125 3612 4197 ἐγγυς
3664 4128 3810 4200 ὑμῶν
3857 4128 3884 4183 ἡ

524 4214 719 4266 vester
748 4210 883 4264 ﬁnis
937 4213 991 4264 et
1020 4210 1269 4264 nomina
1319 4212 1509 4263 vestra
1551 4209 1611 4263 in
1658 4208 1810 4263 libro
1852 4209 2129 4263 viventiui

2284 4216 2565 4277 τελείωσις,
2617 4218 2704 4265 xui
2753 4215 2817 4265 τά
2869 4212 3096 4285 ὀνόματα
3143 4214 3285 4285 ὑμῶν
3336 4213 3384 4265 ἐν
3436 4212 3598 4286 βίϐλῳ
3630 4223 3735 4267 τῶν
3765 4216 3887 4276 ζών-

527 4298 747 4369 scripta
776 4303 930 4352 sunt.
964 4297 1253 4353 Conﬁdite
1286 4315 1298 4353 :
1338 4297 1624 4352 Dominus
1664 4297 1996 4352 vobiscum.
2044 4301 2133 4353 Hae

2284 4325 2381 4356 των
2434 4304 2816 4375 ἀνεγράφησαν.
2888 4310 3161 4376 Θαρσεῖτε·
3226 4304 3252 4355 ό
3304 4306 3494 4377 Κύριος
3546 4305 3659 4376 μεθ’
3724 4307 3882 4376 ὑμῶν.

525 4387 681 4443 fatus
707 4386 980 4442 discessit
1009 4388 1085 4442 ab
1112 4387 1194 4441 eis
1233 4386 1503 4455 angelus.
1529 4387 1940 4442 Adoraverunt
1962 4394 2127 4443 sanct

2286 4398 2385 4447 Kui
2439 4401 2601 4446 ταῦτα
2646 4392 2855 4444 εἰπὼνό
2896 4392 3105 4463 ais/7316;
3155 4391 3379 4450 ἀπῆλθεν
3440 4392 3528 4444 ἀπ’
3580 4393 3772 4448 αὐτῶν.
3824 4394 3884 4444 Οἱ

526 4480 582 4532 et
609 4476 830 4545 gratias
862 4480 1108 4545 egerunt
1136 4477 1274 4531 Deo.
1310 4478 1379 4530 At
1410 4491 1549 4531 vero
1577 4475 1810 4538 milites,
1852 4476 1955 4548 qui
1986 4482 2132 4531 custc

2286 4480 2344 4535 δὲ
2392 4484 2532 4553 ἅγιοι
2584 4484 3000 4555 προσεκύνησαν,
3046 4485 3133 4532 καὶ
3187 4480 3598 4553 ηὐχαρίστησαν
3650 4490 3726 4553 τῷ
3784 4489 3883 4535 Κυ-

525 4563 940 4620 diebantfores
970 4564 1241 4631 carceris,
1268 4567 1515 4621 Menaeas
1537 4569 1590 4620 et
1624 4563 1928 4620 Belerades
1951 4572 2131 4634 spectz

2283 4576 2399 4645 ρίῳ.
2462 4573 2526 4623 Oi
2585 4567 2643 4623 δὲ
2689 4576 3023 4644 στρατιῶτᾶι,
3079 4573 3128 4622 οὶ
3191 4569 3537 4642 φυλάσσοντες
3591 4574 3683 4633 τάς
3728 4574 3884 4644 θύρας

522 4657 659 4709 runt
688 4653 933 4725 quidem
964 4654 1187 4719 lumen,
1232 4660 1288 4709 et
1331 4670 1540 4710 vocem
1584 4654 1777 4723 angeli
1823 4655 2128 4710 audierunt

2283 4669 2379 4723 τῆς
2431 4661 2683 4733 φυλακῆς.
2744 4664 2969 4720 Μεναίας
3035 4664 3124 4712 καὶ
3201 4657 3529 4733 Βηληράδης,
3606 4659 3882 4712 ἐθεάσαντο

526 4741 634 4798 sed
662 4742 888 4797 vultum
932 4742 1063 4813 ejus
1092 4758 1212 4798 non
1253 4742 1546 4798 viderunt.
1580 4743 1724 4797 Dicit
1768 4743 2027 4798 Beleradi
2060 4746 2132 4800 Με

2285 4754 2373 4821 μὲν
2426 4753 2482 4800 τὸ
2542 4756 2662 4819 φῶς,
2713 4752 2801 4799 xui
2850 4752 2942 4805 τὴν
2998 4753 3165 4819 φωνὴν
3216 4756 3307 4799 τοῦ
3354 4748 3573 4819 ἀγγέλου
3629 4748 3878 4811 ἤκουσαν,

524 4846 688 4887 uaeas
728 4831 1132 4902 Egyptiorum
1184 4831 1392 4901 lingua
1440 4832 1629 4903 (erant
1675 4832 1902 4904 quippe
1960 4850 2130 4901 gener

2285 4843 2342 4891 τὸ
2399 4835 2457 4889 δε
2505 4841 2780 4909 πρόσωπον
2813 4836 2972 4888 αὐτοῦ
3012 4837 3102 4888 οὐκ
3152 4833 3307 4891 εἶδον.
3361 4842 3457 4889 Καὶ
3500 4837 3633 4908 λέγει
3664 4844 3883 4897 Μεναίας

520 4920 832 4993 Egyptii):
866 4920 1065 4975 Viden'
1106 4926 1159 4976 et
1191 4921 1413 4989 audin’,
1445 4919 1623 4977 frater
1655 4922 1949 4987 Belerade,
1980 4924 2118 4994 qua]

2285 4934 2355 4997 τῷ
2408 4921 2685 4997 Βηληράδη
2744 4932 2804 4995 τῇ
2851 4933 2950 4976 των
3006 4925 3304 4995 Αἰγυπτίων
3359 4934 3517 4996 φωνῇ,
3577 4922 3735 4991 (ἦσαν
3783 4930 3879 4999 γὰρ

520 5010 675 5077 regis
703 5009 919 5064 milites
952 5009 1068 5064 sint
1096 5010 1236 5064 isti?
1267 5013 1382 5079 Ego
1431 5025 1573 5064 sane
1601 5009 1678 5064 ab
1710 5011 1871 5065 initio
1900 5009 2126 5067 Christi:

2286 5016 2559 5086 Αἰγύπτιοι
2617 5018 2673 5064 τὸ
2726 5018 2902 5083 γένος)·
2956 5013 3107 5087 Ὁρᾷς
3152 5020 3242 5065 καὶ
3292 5012 3516 5076 ἀκούεις,
3553 5011 3740 5087 ἀδελφε
3783 5022 3881 5072 Βη-

520 5099 613 5153 nis
636 5098 861 5153 amicus
893 5098 1002 5153 fui:
1022 5114 1219 5171 neque
1245 5099 1404 5153 enim
1428 5099 1667 5153 student
1688 5115 2058 5171 quemquam
2080 5102 2126 5156 la

2282 5100 2508 5175 ληράδη,
2546 5102 2654 5153 οῖου
2710 5100 2968 5173 βασιλέως
2998 5103 3126 5153 εἰσὶν
3158 5103 3299 5154 οὗτοι
3349 5112 3669 5176 στρατιῶται
3700 5121 3712 5169 ;
3738 5102 3880 5174 κάγὼ

521 5187 671 5252 dere,
700 5187 804 5243 sed
825 5187 1137 5243 attendunt
1167 5187 1277 5241 subi
1309 5187 1471 5258 ipsis,
1513 5188 1742 5257 jejunio
1788 5195 2086 5253 vacantes,
2118 5208 2127 5241 ι

2284 5193 2335 5255 ἐξ
2386 5192 2556 5265 ἀρχῆς
2610 5190 2749 5262 φίλος
2796 5198 2894 5241 τῶν
2954 5198 3282 5262 Χριστιανῶν
3337 5196 3607 5262 τυγχάνω·
3678 5192 3736 5243 οὐ
3776 5194 3874 5264 γὰρ

524 5275 705 5331 Deum
733 5294 907 5331 suum
934 5280 1280 5349 praecantes,
1304 5277 1561 5332 maxime
1593 5276 1651 5330 in
1680 5293 1915 5343 aurora,
1936 5282 1991 5331 et
2010 5277 2130 5333 null

2286 5278 2680 5340 σπουδάζουσιν
2732 5275 2931 5331 ἀδικεῖν
2977 5300 3110 5346 τινα,
3154 5280 3257 5331 ἀλλ’
3310 5280 3513 5341 ἑαυτοῖς
3545 5284 3872 5353 προσέχουσι

522 5378 641 5416 non
678 5369 942 5436 tempore
975 5365 1138 5419 illum
1173 5365 1509 5420 adorantes.
1545 5364 1695 5420 Nihil
1730 5366 1950 5435 injusti,
1986 5366 2127 5438 iniqt

2280 5374 2629 5433 νηστεύοντες,
2688 5374 2776 5420 καὶ
2834 5366 3063 5439 δεόμενοι
3102 5378 3191 5420 τοῦ
3239 5376 3371 5421 Θεοῦ
3420 5370 3608 5437 αὐτῶν,
3642 5369 3870 5440 μάλιστα

523 5451 663 5503 nihil
699 5453 949 5521 faciunt;
990 5454 1306 5526 hospitales
1345 5458 1502 5519 sunt,
1540 5470 1747 5508 omnes
1783 5455 2056 5525 diligunt.
2110 5462 2129 5511 ἱ

2282 5459 2463 5521 ἐντοῖς
2508 5463 2732 5533 ὀρθροις,
2775 5463 2862 5508 καὶ
2913 5458 2959 5508 ἐν
2995 5461 3138 5529 πάσῃ
3193 5455 3251 5510 δὲ
3304 5462 3413 5533 ὥρᾳ
3460 5466 3866 5533 προσκυνοῦντες

594 5630 613 5662 ³
656 5630 803 5687 Psal.
836 5646 909 5695 cr,
945 5636 994 5687 2.
