4066 6224
205 348 279 401 341
688 354 691 355 ⁷
1248 337 1672 396 MABTYRIUM
1713 336 1811 391 SS.
1852 338 1993 394 XLV
2032 342 2469 402 MAHTYRUM.

3429 351 3534 404 342

202 470 350 535 σᾶτὸν,
406 464 573 541 μηδὲν
616 464 797 520 ἄδικον
857 468 885 525 ἦ
950 468 1245 539 παράνομον
1312 462 1753 541 διαττρςττόμενοι1

1879 464 2031 522 sicut
2054 471 2117 525 tu
2148 485 2271 542 prae
2302 487 2398 528 me
2421 472 2600 541 nosti,
2630 474 2778 544 quot
2802 471 3045 528 solitarii
3072 471 3133 527 in
3166 476 3533 547 Egyptomi-

197 559 444 631 ριλοξενοι,
513 560 705 618 πάντας
760 556 1072 629 ἀγαπῶντες.
1137 562 1257 623 Καὶ,
1340 559 1408 618 ὡς
1460 560 1547 607 καὶ
1616 557 1766 613 αὐτὸς

193 645 322 708 οἶδας
372 651 469 721 πρὸ
518 646 658 719 ἐμοῦ,
712 650 833 708 τοὺς
879 649 926 698 ἑν
970 646 1223 717 Αἰγύπτῳ
1266 644 1539 720 ἐρημίτας,
1596 645 1767 696 ὀποσα

194 742 681 810 θαυματουργοῡσιν.
732 742 794 790 Τί
848 733 933 789 οὖν
990 734 1254 809 μέλλομεν,
1316 740 1345 794 ἤ
1391 732 1761 807 βραδύνομεν;

190 834 281 880 Νῦν
305 831 483 897 καιρὸς
515 825 724 897 ἀγῶνος.
773 826 919 898 Ἐμοὶ
969 822 1116 877 δοκεῖ
1157 825 1397 877 εἰσελθεῖν
1444 827 1535 875 σὺν
1587 823 1766 883 αὐτοῖς

189 918 229 967 ἐν
271 924 328 988 τῇ
370 914 596 987 φυλακῇ,
643 920 731 967 καὶ
778 915 1140 990 παρακαλέσαι
1184 913 1371 975 αύτούς
1419 909 1673 975 δέξασθαί
1702 930 1765 982 με

189 1010 269 1059 συν
319 1005 510 1065 αὐτοῖς.
545 1010 627 1058 Σοὶ
659 1002 718 1058 δὲ
769 1010 817 1057 τί
870 1003 1032 1069 δοκεῖ,
1065 1000 1253 1076 ἀδελφέ
1295 1007 1434 1069 ;Καὶ
1467 1004 1492 1054 ὁ
1534 1002 1763 1075 Βηληρά-

186 1094 273 1157 5ης
324 1098 435 1167 ἔφη’
518 1095 579 1146 Εἰ
632 1096 775 1147 οὗτοι
828 1094 921 1147 οὐκ
979 1092 1311 1166 ἐφοϐήθησαν
1368 1095 1455 1144 τὸν
1524 1094 1760 1157 θάνατον,

186 1184 275 1236 ἀλλ’
305 1186 425 1258 ὑπὲρ
471 1191 563 1235 τοῦ
613 1190 744 1235 Θεοῦ
793 1183 960 1236 αὐτῶν
1016 1185 1147 1255 μετὰ
1199 1189 1370 1257 χαρᾶς
1402 1180 1764 1240 ἀποθνήσκου-

187 1294 249 1339 σι,
302 1280 386 1325 καὶ
442 1281 677 1325 τοιοῦτον
752 1282 851 1344 φῶς
926 1270 1230 1344 βλέπουσιν,
1293 1270 1397 1323 οἷον
1472 1275 1561 1323 καὶ
1614 1272 1761 1342 ἡμεῖς

187 1360 298 1415 ἰδεῖν
325 1362 720 1435 κατηξιώθημεν
777 1370 847 1433 τῷ
878 1360 955 1413 ἐπ’
1000 1362 1174 1422 αὐτοῖς
1223 1364 1445 1433 φανέντι,
1496 1357 1643 1412 διατί
1674 1364 1762 1411 καὶ

188 1455 315 1523 ἡμεῖς
344 1456 565 1523 μέτοχοι
591 1459 686 1511 τῆς
715 1456 891 1524 χαρᾶς
922 1451 1088 1503 αὐτῶν
1130 1450 1185 1502 οὐ
1234 1451 1482 1522 γινόμεθα
1513 1447 1762 1511 ς”Ηθελον

188 1538 235 1594 δὲ
273 1544 313 1594 εἷ
358 1562 435 1603 τις
464 1544 554 1593 τὸν
607 1538 796 1608 δοῦκα,
832 1542 913 1592 ἱνα
959 1542 1251 1611 ἠνάγκασεν
1307 1538 1580 1592 ἀποθανεῖν
1635 1538 1761 1611 ὑπὲρ

188 1638 260 1682 τοῦ
309 1638 436 1684 Θεοῦ
490 1631 655 1683 αὑτοῦ
710 1630 1052 1696 Ἀσκληπιοῦ,
1101 1634 1130 1688 ἧ
1178 1628 1517 1697 Ἀπόλλωνος,
1571 1631 1656 1679 καὶ
1710 1628 1763 1679 ὅν

188 1721 430 1783 λιοιθέξοιτο⁹
485 1720 595 1772 ἀλλ’
658 1720 845 1782 ἐκεῖνος
897 1723 985 1794 μεν
1034 1719 1291 1793 φιλοζωεῖ,
1351 1721 1492 1792 ἡμῶν
1559 1714 1617 1769 δὲ
1674 1721 1763 1769 καὶ

190 1812 258 1871 τὰς
302 1810 515 1872 ἁννῶνας
555 1816 647 1864 καὶ
698 1812 790 1874 τὰς
829 1810 981 1871 ἄλλας
1030 1809 1325 1884 εὐεργεσίας
1378 1810 1612 1881 ὑπέτεμε,
1673 1810 1762 1859 καὶ
1799 1805 1841 1860 Β

190 1895 355 1971 ἄνδρας
384 1897 625 1963 δικαίους
646 1900 937 1953 ἀποκτενεῖ⁸
976 1899 1335 1973 προσέλθωμεν
1361 1894 1472 1951 οὖν·

246 1989 312 2044 κ’.
368 1994 464 2043 Καὶ
495 1987 867 2064 εἰσδραμόντες
909 1993 1230 2065 προσέπεσον
1281 1995 1389 2049 τοῖς
1443 1988 1633 2059 ἁγίοις,
1684 1986 1761 2039 λέ-

187 2094 351 2147 γοντες⁹
413 2082 602 2153 Κύριοι
658 2082 823 2152 ἡμῶν,
878 2084 967 2132 καὶ
1022 2076 1203 2132 δοῦλοι
1234 2085 1325 2130 τοῦ
1370 2084 1623 2151 Χριστοῦ,
1673 2072 1759 2128 δέ·

189 2168 319 2228 ξασθε
362 2174 450 2221 καὶ
498 2171 643 2241 ἡμᾶς
682 2168 730 2220 ἐν
774 2177 845 2239 τῷ
894 2168 1100 2241 ἀριθμῷ
1159 2170 1318 2240 ὑμῶν·
1381 2166 1757 2238 ἐπιστεύσαμεν

185 2276 265 2327 γορ
296 2259 435 2329 ἡμεῖς
477 2258 549 2317 εἰς
602 2263 689 2310 τὸν
756 2261 939 2330 Κύριον
998 2259 1143 2329 ἡμῶν
1219 2255 1423 2314 Ἰησοῦν
1504 2258 1751 2327 Χριστὸν,

186 2351 255 2396 τόν
298 2345 645 2418 ἀγαπήσαντα
674 2349 826 2419 ἡμᾶς,
877 2346 1111 2410 Εύξασθε
1160 2342 1246 2398 οὖν
1289 2351 1378 2398 καὶ
1431 2350 1548 2417 περὶ
1586 2347 1751 2417 ἡμῶν,

190 2437 253 2485 ἵνα
297 2441 360 2506 μὴ
426 2440 495 2499 ὡς
552 2434 908 2509 βραδύναντες
966 2435 1357 2507 ἐκκλεισθῶμεν.
1415 2440 1514 2487 Καὶ
1570 2437 1755 2495 πάντες

187 2524 291 2593 ὁμοῦ
367 2525 768 2598 περιπλακέντες
828 2526 1001 2585 αὐτοῖς
1066 2528 1114 2577 οἱ
1194 2524 1337 2595 ἅγιοι
1407 2522 1753 2595 κατεφίλησαν

190 2615 345 2677 αὐτοὺς
397 2620 527 2688 μετὰ
583 2623 775 2688 χαρᾶς,
825 2616 1068 2687 λέγοντες
1127 2611 1366 2685 Ἀδελφοί
1414 2616 1559 2685 ἡμῶν
1618 2612 1751 2665 ἐστε’

191 2705 334 2777 ὁγὰρ
390 2709 582 2779 Κύριος
635 2708 779 2776 ἡμῶν
838 2705 1038 2765 Ἰησοῦς
1095 2707 1325 2777 Χριστὸς
1369 2708 1457 2755 καὶ
1514 2707 1628 2763 τοὺς
1664 2710 1758 2765 τῆς

191 2790 431 2857 ἑνδεκάτης
484 2798 631 2868 ὥρας
665 2795 884 2869 ἐργάτας
931 2791 1143 2857 ἐδέξατο
1200 2794 1272 2855 εἰς
1326 2798 1410 2846 τόν
1462 2792 1752 2864 ἀμπελῶνα·

188 2887 243 2952 μή
292 2881 371 2935 οὖν
422 2882 748 2943 δειλιάσητε·
889 2886 986 2959 γὰρ
1046 2882 1386 2937 ἐπιστεύσατε
1431 2885 1630 2955 Κυρίῳ,
1687 2891 1758 2954 τῷ

190 2970 362 3041 ὀφθέντι
402 2977 525 3045 ἡμῖν
602 2979 691 3026 καὶ
760 2974 1066 3037 λαλήσαντι,
1132 2973 1282 3033 αὐτὸς
1340 2972 1469 3043 ὑμᾶς
1523 2970 1755 3024 ἐκάλεσεν

192 3064 240 3120 ὡς
290 3062 446 3124 ἀξίους
505 3069 682 3124 ὄντας.
748 3066 950 3136 Πρωῖας
1022 3059 1080 3115 δὲ
1148 3066 1438 3133 γενομένης,
1520 3061 1755 3120 ἠκούσθη

1877 559 2083 615 racula
2110 560 2332 616 faciunt
2359 562 2388 615 ‘?
2420 565 2533 618 Cur
2552 578 2693 633 ergo
2709 578 3035 627 moramur,
3060 565 3164 617 aut
3194 564 3533 621 tardamus?

1878 651 2039 703 Nunc
2090 651 2430 706 certaminis
2476 656 2707 724 tempus
2757 656 2864 706 est.
2923 653 3049 706 Una
3108 668 3243 706 cum
3277 652 3416 724 ipsis
3473 655 3533 709 in

1879 754 2171 794 carcerem
2204 737 2439 795 introire
2472 741 2618 797 mihi
2662 740 2878 813 placet,
2911 741 3195 812 ipsosque
3226 742 3531 811 obtestari,

1880 833 1941 885 ut
1971 845 2065 884 me
2093 829 2152 884 in
2188 846 2364 884 suum
2400 830 2695 902 accipiant
2730 831 3117 885 consortium.
3153 830 3301 895 Quid
3333 836 3534 888 autem

1877 917 1981 973 tibi
2006 918 2255 986 videtur,
2284 920 2506 977 frater“?
2546 919 2925 975 etBelerades
2954 919 3131 975 dixit:
3179 920 3236 974 Si
3279 928 3533 975 mortem

1874 1007 1955 1063 illi
1980 1024 2101 1064 non
2142 1010 2371 1072 timent,
2408 1009 2513 1064 sed
2548 1014 2790 1081 propter
2832 1011 3015 1063 Deum
3049 1025 3225 1064 suum
3270 1009 3532 1065 moriun-

1875 1102 1970 1154 tur
1990 1113 2127 1154 cum
2152 1098 2395 1166 gaudio,
2423 1102 2480 1153 et
2506 1098 2617 1153 tale
2644 1097 2846 1153 lumen
2880 1098 3199 1169 aspiciunt,
3234 1098 3397 1170 quali
3420 1114 3531 1154 nos

1872 1203 2115 1260 quoque
2143 1188 2425 1259 dignatus
2454 1187 2668 1258 estille,
2700 1187 2801 1259 qui
2832 1187 2925 1242 his
2960 1187 3263 1259 apparuit;
3290 1188 3438 1259 quid
3468 1188 3530 1243 ni

1873 1277 2076 1347 gaudii
2116 1277 2384 1348 ipsorum
2422 1277 2735 1348 participes
2768 1276 2986 1332 ﬁamus
3017 1277 3197 1333 etiam
3220 1277 3367 1331 nos?
3398 1276 3529 1333 Vel-

1872 1367 2011 1434 lem,
2034 1372 2095 1421 ut
2112 1367 2245 1438 quis
2271 1367 2486 1422 ducem
2517 1371 2754 1435 cogeret
2776 1365 2853 1421 ad
2882 1366 3261 1421 moriendum
3285 1382 3394 1438 pro
3416 1366 3527 1422 deo

1875 1471 1984 1511 suo
2012 1456 2348 1526 [Esculapio
2376 1461 2477 1511 aut
2503 1455 2796 1527 Apolline,
2826 1470 3088 1527 cumque
3118 1455 3527 1526 apprehende-

1874 1549 1991 1602 ret:
2044 1545 2148 1601 sed
2187 1545 2344 1600 enim
2392 1544 2486 1601 ille
2526 1548 2686 1600 amat
2726 1544 2942 1610 vitam;
2975 1549 3210 1600 nostras
3238 1560 3377 1600 vero
3419 1560 3525 1600 an-

1871 1648 2068 1690 nonas
2098 1634 2176 1705 (4)
2210 1641 2265 1691 et
2293 1634 2410 1692 alia
2439 1632 2732 1689 beneﬁcia
2758 1633 3025 1698 succidit,
3058 1648 3127 1688 ac
3150 1632 3307 1688 viros
3332 1632 3526 1703 justos

1873 1724 2107 1781 occidit.
2128 1725 2497 1781 Accedamus
2528 1723 2749 1794 itaque.

1945 1997 2048 2050 XX.
2084 1996 2149 2050 Et
2180 1996 2557 2050 accurrentes
2588 1990 2931 2049 acciderunt
2963 1989 3197 2054 sanctis,
3232 1989 3519 2045 dicentes:

1873 2084 2105 2139 Domini
2130 2084 2315 2139 nostri
2348 2087 2405 2138 et
2448 2081 2600 2137 servi
2636 2079 2868 2143 Christi,
2906 2094 3018 2134 nos
3050 2095 3291 2151 quoque
3318 2079 3377 2133 in
3416 2095 3524 2134 nu-

1871 2189 2102 2228 merum
2138 2178 2398 2229 vestrum
2441 2170 2758 2227 admittite:
2809 2168 3168 2224 credidimus
3209 2167 3370 2223 enim
3410 2183 3521 2223 nos

1866 2264 1929 2319 in
1961 2264 2281 2319 Dominum
2311 2267 2581 2318 nostrum
2602 2261 2807 2316 Jesum
2840 2258 3156 2323 Christum,
3185 2257 3283 2330 qui
3322 2256 3526 2313 dilexit

1866 2370 1999 2410 nos.
2032 2356 2202 2410 Orate
2229 2354 2429 2425 itaque
2455 2369 2564 2425 pro
2594 2351 2790 2419 nobis,
2818 2365 2893 2405 ne
2917 2353 3205 2419 tanquam
3236 2349 3403 2404 tarde
3430 2365 3524 2405 ve-

1865 2445 2093 2500 nientes
2126 2444 2537 2499 excludamur.
2581 2444 2778 2499 Sancti
2820 2458 3030 2499 omnes
3080 2439 3207 2494 illos
3239 2438 3521 2511 amplexi,

1865 2535 2144 2591 osculum
2186 2533 2479 2588 dederunt
2520 2550 2657 2587 cum
2698 2533 2911 2596 laetitia,
2950 2535 3243 2590 dicentes:
3296 2532 3522 2586 Fratres

1866 2622 2052 2678 nostri
2082 2622 2249 2690 estis;
2281 2636 2459 2687 ;nam
2497 2621 2786 2676 Dominus
2825 2627 3023 2678 noster
3059 2623 3227 2676 Jesus
3260 2618 3520 2674 Christus

1866 2713 2029 2768 horae
2058 2710 2391 2766 undecimae
2429 2709 2729 2780 operarios
2759 2710 2999 2766 admisit
3027 2712 3087 2767 in
3119 2710 3385 2764 vineam:
3418 2722 3521 2761 no-

1868 2802 1964 2857 lite
1988 2816 2129 2871 ergo
2149 2801 2353 2855 timere
2387 2814 2527 2853 nam
2558 2799 2867 2870 Dominus,
2904 2800 3001 2855 cui
3033 2796 3387 2859 credidistis,
3409 2795 3515 2867 qui

1868 2890 2043 2947 nobis
2072 2889 2370 2961 apparuit,
2403 2892 2459 2943 et
2488 2887 2806 2944 nobiscum
2836 2888 3073 2945 locutus
3104 2892 3212 2955 est,
3253 2886 3381 2958 ipse
3412 2899 3518 2939 vos

1869 2978 2125 3041 vocavit,
2155 2982 2445 3049 tanquam
2470 2977 2705 3047 dignos.
2735 2979 2873 3034 Orta
2886 2982 3085 3034 autem
3103 2977 3256 3043 luce,
3279 2975 3402 3029 dux
3424 2990 3518 3029 ac-

1870 3068 2043 3140 cepit,
2091 3066 2368 3123 custodes
2412 3083 2543 3123 esse
2575 3067 3012 3139 praevaricatos,
3055 3072 3156 3122 eta
3182 3064 3518 3120 vinctorum

192 3158 328 3202 ταῦτα
370 3162 438 3223 τῷ
483 3151 667 3221 δουκὶ,
712 3154 791 3205 ὅτι
838 3158 925 3204 καὶ
974 3154 1021 3205 οἱ
1054 3150 1273 3223 φύλακες
1310 3149 1637 3225 παρέϐησαν,
1670 3155 1753 3202 καί

1869 3158 2134 3229 partibus
2165 3163 2350 3223 stare;
2383 3161 2437 3211 et
2467 3155 2609 3211 deos
2636 3172 2776 3211 suos
2807 3156 3175 3211 conviciatus
3217 3152 3387 3216 dixit,
3420 3167 3519 3205 eos

190 3238 268 3290 εἱσι
312 3245 399 3292 σὺν
448 3248 562 3303 τοῖς
610 3239 924 3314 δεσμώταις.
979 3240 1038 3293 Ὁ
1071 3237 1128 3292 δὲ
1181 3237 1309 3302 δοὺξ
1366 3238 1759 3311 ϐλασφημήσας

191 3332 280 3389 του,
328 3332 464 3393 θεοὺς
514 3331 682 3383 αὐτοῦ
727 3328 880 3390 εἶπεν,
942 3335 1022 3382 ὅτι
1078 3330 1164 3382 ἕνα
1219 3332 1334 3381 καθ’
1367 3332 1454 3381 ἔτα
1501 3328 1752 3395 ἀπώλεσε,

190 3422 242 3485 μὴ
270 3415 531 3492 δυνάμενοι
566 3422 769 3480 ἑαυτοῖς
828 3419 1117 3492 βοηθῆσαι,
1162 3418 1267 3470 ἀλλ’
1310 3416 1621 3490 ἐκδέχονται
1662 3424 1753 3476 τήν

192 3501 264 3557 διὰ
298 3518 386 3560 τῶν
440 3510 712 3585 ἀνθρώπου
761 3506 1057 3567 ἐκδίκησιν.
1113 3514 1212 3561 Καὶ
1267 3508 1475 3571 ἐξελθὼν
1524 3517 1619 3569 τῆς
1658 3512 1754 3560 πό-

190 3593 300 3664 λεως,
351 3598 586 3652 ἐκάθισεν
639 3598 688 3651 ἐν
741 3606 812 3669 τῷ
880 3600 1093 3656 συνήθει
1141 3603 1300 3668 τόπῳ,
1359 3602 1448 3648 καὶ
1505 3594 1753 3658 δεδωκὼς

189 3684 375 3755 πρόοδον
424 3693 563 3741 κατὰ
617 3698 718 3740 τῶν
795 3688 978 3759 ἁγίων,
1040 3686 1300 3739 ἐκέλευσεν
1372 3686 1558 3747 αὐτοὺς
1628 3707 1750 3759 προο

191 3777 401 3843 αχθῆναυ
458 3783 552 3830 καὶ
608 3780 917 3849 θεασάμενος
968 3779 1051 3829 τὸν
1099 3780 1325 3829 Μεναίαν
1374 3780 1464 3827 καὶ
1514 3774 1749 3850 Βηληρά-

190 3856 265 3917 δην
301 3864 497 3929 ἑαυτούς
548 3864 899 3927 συνδέσαντας
938 3874 1047 3927 τοῖς
1092 3865 1285 3936 ἁγίοις,
1324 3861 1613 3937 ἐμειδίασε,
1660 3869 1748 3917 καὶ

187 3948 292 4020 )έ7ει
367 3955 641 4027 Ἀππιανῷ
698 3965 768 4027 τῷ
833 3961 1099 4031 πρίγκιπι·
1176 3961 1414 4027 Θεωρεῖς,
1478 3954 1744 4021 Ἀππιανε,

188 4040 248 4089 ὅτι
292 4045 390 4096 ἔστι
436 4066 515 4109 τις
558 4051 647 4098 καὶ
696 4044 744 4097 ἐν
792 4052 901 4106 τοῖς
957 4049 1195 4118 χείροσιν
1235 4040 1399 4102 ἡδονή
1449 4047 1476 4101 ἡ
1533 4045 1745 4096 θάνατον

1871 3264 2052 3303 unum
2082 3252 2216 3320 post
2251 3246 2501 3302 alterum
2528 3245 2794 3317 periisse,
2829 3246 2932 3316 qui
2963 3260 3085 3301 non
3122 3246 3368 3315 possent
3404 3240 3515 3295 sibi

1868 3337 2009 3408 ipsis
2052 3336 2343 3402 auxiliari,
2379 3336 2484 3391 sed
2516 3335 2591 3391 ab
2631 3334 2982 3390 hominibus
3014 3349 3221 3405 poenas
3253 3331 3394 3403 pati.
3430 3330 3517 3385 Ci—

1868 3427 2040 3482 vitate
2063 3442 2333 3496 egressus
2361 3429 2643 3481 consueto
2674 3423 2945 3479 consedit
2973 3423 3120 3493 loco,
3146 3428 3201 3477 et
3223 3421 3409 3476 misso
3436 3418 3516 3475 ad

1864 3521 2107 3570 sanctos
2136 3517 2233 3584 qui
2264 3515 2326 3570 in
2353 3514 2449 3570 via
2479 3512 2715 3584 praeiret
2742 3512 2961 3568 adduci
3020 3528 3120 3567 eos
3140 3511 3344 3582 jussit:
3380 3509 3515 3565 exin

1860 3608 2142 3661 Menteam
2169 3610 2223 3659 et
2253 3603 2590 3658 Beleradem
2622 3601 3073 3673 contemplatus,
3120 3617 3258 3657 cum
3302 3600 3514 3655 sanctis

1859 3695 2113 3761 vinctos,
2138 3692 2376 3748 subrisit
2405 3698 2462 3747 et
2485 3692 2754 3764 Appiano
2782 3691 3033 3762 principi
3066 3690 3142 3761 (5)
3176 3688 3316 3744 dicit
3342 3706 3353 3743 :
3389 3690 3514 3743 Cer-

1858 3785 1969 3849 nis,
1996 3783 2285 3854 Appiane,
2308 3781 2475 3854 quod
2493 3781 2583 3836 vel
2605 3781 2664 3835 in
2687 3779 2977 3836 inferioris
2998 3784 3153 3835 nota:
3170 3778 3513 3833 hominibus

1858 3873 2126 3943 voluptas
2157 3870 2438 3942 quaedam
2470 3870 2542 3925 sit
2572 3869 2831 3941 perferre
2875 3872 3154 3925 mortem.
3177 3870 3321 3922 Ecce
3350 3866 3512 3921 enim

1859 3962 2073 4017 milites
2125 3964 2376 4015 mortem
2429 3959 2763 4014 dilexerunt
2813 3957 3010 4029 potius
3060 3971 3247 4029 quam
3304 3954 3510 4010 vitam.

1857 4050 2171 4122 Appianus
2212 4048 2386 4104 dixit:
2422 4048 2689 4112 Domine,
2760 4046 3043 4102 inusitato
3105 4043 3371 4100 cruciatu
3409 4058 3513 4099 eos

191 4136 395 4200 ᾷέρουσα·
448 4134 569 4188 ἰδού
600 4138 699 4207 γὰρ
751 4136 798 4186 οἱ
832 4141 1151 4208 στρατιῶται
1192 4136 1279 4185 τὸν
1314 4135 1527 4186 θάνατον
1558 4132 1745 4205 μᾶλλον

1868 4139 2064 4211 plecte.
2096 4139 2227 4194 Dux
2256 4154 2395 4194 vero
2421 4137 2592 4193 dixit:
2634 4140 2781 4203 Non,
2814 4151 2919 4208 per
2956 4135 3122 4203 deos,
3159 4148 3278 4189 non
3311 4131 3507 4189 crucio

189 4218 425 4286 ἡἸθίτηὲσειν
476 4229 506 4282 ἦ
566 4229 660 4281 τὴν
712 4224 868 4284 ζωήν.
934 4225 1223 4283 Ἀππιανὸς
1274 4224 1428 4276 εἶπεν·
1490 4230 1740 4287 Δέσποτα,

189 4307 370 4363 κόλασον
396 4314 587 4373 αὐτοὺς
636 4312 750 4385 ξένῃ
799 4318 1047 4387 τιμωρίᾳ.
1098 4312 1155 4364 Ὀ
1197 4309 1256 4365 δὲ
1301 4309 1430 4375 δοὺξ
1458 4312 1607 4383 λέγει·
1644 4317 1740 4379 Οὔ,

186 4396 241 4462 μὰ
282 4404 390 4462 τοὺς
441 4405 606 4467 θεοὺς,
664 4406 721 4454 ού
773 4401 978 4462 κολάζω
1004 4402 1206 4465 αὐτούς,
1241 4406 1427 4474 μήπως
1456 4402 1743 4475 κολαζόμε-

1856 4229 2040 4300 ipsos,
2084 4244 2160 4284 ne
2206 4226 2468 4291 cruciati,
2514 4231 2570 4281 et
2610 4226 2757 4282 deos
2807 4223 3061 4281 confessi
3114 4223 3349 4288 vivant;
3408 4220 3515 4277 sed

1856 4318 2179 4390 pronuntio
2202 4316 2552 4373 sententiam
2576 4320 2784 4371 contra
2808 4313 2958 4383 illos,
2978 4317 3043 4369 ut
3067 4328 3190 4368 una
3219 4328 3355 4367 cum
3385 4310 3513 4366 aliis

1856 4407 2309 4473 comburantur,
2353 4410 2426 4470 et,
2469 4404 2631 4476 quod
2669 4405 2969 4475 optarunt,
2998 4402 3310 4474 accipiant.

181 4503 237 4536 m
261 4495 336 4542 καὶ
362 4492 776 4564 ὁμολογήσαντες
808 4497 921 4555 τούς
951 4497 1094 4557 θεοὺς
1142 4494 1420 4559 ζήσουσιν,
1454 4492 1559 4545 ἀλλ’
1589 4492 1949 4571 ἀποφαίνομαι
1993 4498 2107 4551 κατ’
2136 4497 2303 4550 αὐτῶν
2337 4498 2474 4555 ὅπως
2507 4498 2597 4547 σὺν
2622 4491 2733 4556 τοῖς
2763 4492 2934 4555 ἄλλοις
2958 4500 3175 4559 καῶσιν,
3209 4493 3235 4544 ὃ
3260 4490 3513 4564 ἐπεθύμη-

188 4592 278 4641 σαν,
304 4578 540 4637 λάϐωσιν.

237 4665 338 4722 KA'.
386 4670 705 4745 Ἀπεφήνατο
782 4668 868 4725 οὖν
918 4675 1031 4724 κατ’
1099 4672 1284 4738 αὐτῶν,
1347 4672 1523 4743 λέγων·
1585 4669 1729 4725 οὗτοι

183 4769 217 4801 σι
241 4753 423 4821 ἑστῶτες
452 4766 551 4835 προ
606 4769 696 4814 τοῦ
743 4760 977 4833 βήματος
1021 4781 1119 4832 μου
1152 4763 1200 4813 οἱ
1244 4765 1389 4814 πέντε
1424 4767 1513 4814 καὶ
1542 4781 1732 4815 τεσσα-

185 4846 364 4908 ράκοντα
407 4859 498 4913 τῆς
555 4859 651 4903 τῶν
714 4859 1037 4923 Χριστιανῶν
1089 4853 1369 4921 θρησκείας
1424 4853 1732 4925 θρησκεύον-

187 4948 246 4991 τες
284 4941 628 5008 τυγχάνοντες,
697 4945 785 4991 καὶ
840 4943 1259 5013 παρακούσαντες
1312 4949 1409 4993 τῶν
1474 4942 1731 5015 αὐτοκρα-

187 5024 309 5091 τάρων
363 5025 633 5097 βασιλέων,
686 5034 775 5081 καὶ
826 5034 897 5102 μή
958 5032 1201 5090 θύσαντες
1256 5027 1362 5092 τοῖς
1416 5033 1565 5099 θεοῖς,
1606 5036 1734 5106 πρό-

186 5124 293 5195 ῖερον
350 5119 430 5185 μὲν
493 5118 726 5171 πελέκεσι
787 5121 1147 5191 τεμνέσθωσαν
1228 5126 1411 5195 χεῖρας
1488 5125 1576 5173 καὶ
1645 5125 1737 5173 πό-

188 5191 279 5263 δας,
352 5207 515 5259 ἔπειτα
589 5212 715 5279 πυρὶ
793 5206 1271 5281 παραδοθήτωσαν,
1363 5216 1447 5263 καὶ
1512 5209 1739 5282 ἀπωλείᾳ

188 5293 255 5335 τῦὗ
299 5294 452 5345 Λύκου
502 5304 759 5368 ποταμοῦ.
815 5300 879 5348 Οἱ
938 5294 995 5349 δε
1068 5299 1343 5369 ὑπηρέται,
1428 5303 1738 5362 ποιήσαντες

186 5378 459 5439 καθεσθῆναι
505 5390 623 5446 τοὺς
672 5390 851 5457 ἁγίους
883 5384 965 5437 ἐπὶ
1013 5394 1105 5438 τοῦ
1160 5384 1397 5459 ἐδάφους,
1430 5393 1731 5461 κατέτεμνον

240 5554 304 5633 ti)
333 5559 469 5615 Nota
500 5566 583 5618 est
606 5562 830 5620 Latinis
860 5579 973 5621 vox
1004 5579 1248 5623 annona
1275 5581 1290 5632 ;
1318 5565 1414 5621 hic
1453 5563 1601 5623 forte
1637 5583 1732 5624 su-

190 5627 336 5684 mitur
359 5644 462 5703 pro
492 5633 727 5694 salario.

1934 4678 2067 4733 XXI.
2138 4675 2504 4733 Sententiam
2579 4672 2778 4744 itaque
2847 4672 3135 4729 adversus
3186 4686 3287 4727 eos
3361 4670 3514 4741 tulit,

1846 4766 2079 4821 dicens:
2114 4765 2200 4831 Hi,
2250 4764 2353 4837 qui
2388 4768 2525 4820 ante
2556 4762 2818 4818 tribunal
2860 4778 3059 4818 meum
3104 4764 3307 4817 astant
3341 4760 3516 4832 quin-

1847 4872 1965 4928 que
1996 4859 2050 4911 et
2100 4854 2502 4927 quadraginta
2539 4852 2879 4908 christianaa
2920 4850 3359 4923 superstitionis
3398 4849 3518 4906 cul-

1852 4950 2025 5009 tores,
2068 4942 2528 5015 imperatoribus
2566 4942 2850 5012 Augustis
2900 4939 3187 5006 reluctati,
3242 4939 3357 4994 diis
3390 4953 3514 4994 non

1852 5034 2267 5097 immolarunt,
2286 5032 2481 5105 primo
2494 5031 2739 5104 quidem
2754 5029 3117 5102 bipennibus
3131 5031 3517 5101 amputentur

1860 5139 2074 5179 manus
2104 5139 2174 5180 ac
2200 5122 2405 5195 pedes,
2434 5121 2570 5177 dein
2605 5120 2728 5191 igni
2749 5119 3080 5185 tradantur,
3114 5123 3170 5174 et
3196 5116 3334 5189 Lyci
3354 5116 3519 5172 ﬂuvii

1859 5213 2036 5269 undis
2066 5216 2336 5284 pereant.
2368 5210 2608 5267 Ministri
2640 5213 2842 5265 autem
2871 5211 3107 5265 sanctos
3137 5205 3310 5263 humi
3340 5205 3520 5262 collo-

1854 5307 2079 5367 cantes,
2114 5300 2243 5355 sine
2299 5314 2467 5356 mora
2506 5298 2791 5355 membris
2832 5301 3210 5354 truncarunt:
3263 5311 3524 5369 quorum

1851 5392 1950 5448 alii
1997 5392 2056 5446 in
2088 5406 2239 5463 pyra
2271 5389 2516 5445 ardente
2554 5387 2993 5460 sanguinolenti
3038 5387 3308 5443 animam
3346 5387 3526 5444 exha-

1854 5562 2246 5698 Glggsqugne
2294 5561 2589 5634 princeps,
2617 5562 2691 5619 de
2722 5576 2847 5634 quo
2881 5561 3139 5634 Cangius
3170 5561 3233 5620 in
3270 5565 3529 5634 utroque
