4066 6224
490 381 593 435 343
1896 379 2153 433 MENSIS
2192 378 2457 435 JULIUS.

3736 384 3845 441 344

488 508 722 566 labant:
754 507 851 564 alii
876 522 1017 563 vero
1048 506 1246 563 adhuc
1278 507 1605 580 spirabant.
1633 507 1787 563 Inter
1824 522 1976 578 quos
2007 506 2140 561 Ani-

2252 511 2340 557 καὶ
2373 505 2604 579 ἐμελιζον
2643 507 2690 561 ἐν
2724 506 2954 582 σπουδῇ·
2997 515 3085 561 καὶ
3132 511 3179 561 οἱ
3210 511 3298 581 μεν
3330 517 3426 561 τῶν
3467 507 3645 580 ἁγίων,
3700 509 3742 561 ἐν
3772 518 3837 582 τῇ

490 604 673 665 cetus,
702 598 1140 669 contemplatus
1182 598 1434 652 fractum
1463 613 1591 652 esse
1624 612 1759 652 crus
1794 612 1989 657 suum,
2016 610 2139 649 non

490 705 730 760 prorsus
744 687 1107 755 abscissum,
1133 687 1233 741 sed
1253 688 1591 742 deformiter
1611 692 1847 750 tortum,
1875 684 2139 755 corporis

493 779 581 833 sui
622 777 781 833 mala
846 778 1067 841 ridens,
1117 777 1293 831 dixit:
1356 777 1588 841 Adeste,
1664 776 1889 837 fratres,
1946 773 2140 827 videte

491 866 699 922 falcem
733 864 1106 935 frugiferam:
1143 871 1321 936 atque
1363 865 1442 921 illi
1466 865 1642 920 simul
1675 881 1807 919 cum
1836 864 1968 933 ipso
1996 877 2135 930 gau.

487 954 731 1011 debant.
771 957 840 1009 At
888 960 1125 1011 sanctus
1166 955 1486 1025 Sisinnius,
1533 954 1729 1009 fractis
1788 952 2030 1019 organis
2084 955 2139 1004 et

489 1061 711 1114 magno
753 1047 1083 1115 praecordia
1112 1047 1521 1101 inﬂammatus
1546 1048 1707 1108 testu,
1742 1059 1860 1114 prae
1899 1042 1985 1095 isti
2020 1039 2141 1093 dis-

489 1135 885 1199 cruciabatur,
907 1151 975 1190 ac
994 1134 1289 1190 volutatus
1308 1135 1367 1189 in
1382 1152 1445 1187 su
1456 1134 1709 1204 bjectam
1731 1137 1957 1202 petram
1972 1127 2135 1182 haud

488 1223 695 1295 procul
723 1224 800 1279 ab
832 1224 961 1279 aliis
994 1224 1230 1289 sanctis,
1268 1227 1472 1295 aperto
1501 1238 1620 1287 ore,
1658 1219 1975 1275 Dominum
2008 1232 2138 1271 ora-

488 1314 589 1376 vit,
618 1313 845 1368 dicens:

2251 602 2393 670 πυρᾲ
2498 606 2588 649 τοῦ
2692 602 2957 660 καύσωνος
3040 599 3484 670 ἐξαιματωθέντες,
3574 595 3840 651 ἀπέδωκαν

2252 686 2345 743 τάς
2398 684 2601 756 ψυχάς·
2656 691 2704 739 οἱ
2755 687 2813 741 δε
2854 692 2927 741 ἔτι
2968 688 3259 761 ἐμπνέοντες
3312 685 3464 752 ἦσαν,
3515 687 3561 739 ἐν
3595 689 3669 747 οἷς
3698 690 3840 739 καὶὸ

2252 772 2398 842 ἀψος
2450 775 2715 837 Ἀνίκητος
2780 781 3090 849 θεασάμενος
3136 781 3219 829 τὸν
3275 781 3438 848 μηρὸν
3492 777 3653 828 αὐτου
3709 776 3846 829 κλα-

2255 864 2458 927 σθέντα,
2494 864 2549 915 οὐ
2588 872 2741 918 παντὶ
2791 864 2849 919 δὲ
2910 869 3185 939 τμηθέντα,
3248 866 3374 918 ἀλλά
3432 866 3689 941 στρεϐλώς
3739 871 3851 917 κεί-

2252 969 2418 1020 μενον,
2506 956 2798 1025 καταγελῶν
2874 965 2963 1007 τοῦ
3043 962 3283 1027 σώματος
3366 957 3545 1018 αὐτοῦ,
3658 955 3843 1025 διεγέν-

2252 1045 2416 1109 Δεντε,
2466 1039 2623 1106 ἴδετε,
2676 1042 2909 1117 ἀδελφοὶ,
2961 1042 3219 1119 δρεπάνην
3270 1050 3551 1119 καρπικηψ
3616 1050 3702 1096 καὶ
3752 1044 3852 1096 αὖ-

2250 1134 2330 1179 τοὶ
2365 1126 2422 1181 δὲ
2466 1133 2602 1203 αὐτῷ
2650 1133 3130 1208 συνεφαιδρύνοντο.
3180 1136 3236 1185 ’0
3282 1132 3340 1187 δὲ
3378 1136 3523 1206 οἶγιος
3574 1140 3849 1201 Σισίννιος,

2251 1226 2523 1291 κατεαγεὶς
2587 1225 2652 1275 τὰ
2738 1224 2914 1289 σκέλη,
2999 1231 3087 1277 καὶ
3175 1222 3381 1298 σφοὸρα

2251 1308 2316 1357 τά
2383 1312 2573 1381 ἔγκατα
2630 1312 2682 1364 ἐκ
2767 1323 2860 1375 τῆς
2945 1312 3129 1385 δίψης,

3471 1224 3851 1296 καταφλεχθεὶς

3217 1317 3497 1385 κατεσύρη,
3584 1314 3854 1375 κυλισθείς

488 1402 557 1463 εἰς
610 1407 702 1460 τὴν
751 1404 1087 1472 ὑποκειμένην
1143 1405 1329 1477 πέτραν
1388 1402 1445 1452 οὗ
1503 1402 1705 1473 μακρὰν
1760 1406 1858 1449 τῶν
1908 1394 2069 1447 ἄλλων
2121 1394 2301 1464 ἁγίων,
2354 1404 2442 1450 καὶ
2496 1400 2702 1465 ἀνοίξας
2746 1408 2802 1455 τὸ
2853 1410 3023 1476 στόμα
3071 1404 3229 1456 αὐτοῦ
3270 1401 3459 1462 ἐδεήθη
3504 1412 3591 1455 τοῦ
3624 1404 3852 1476 Κυρίου,

485 1492 664 1564 λέγων.

562 1584 721 1637 XXII.
758 1581 1023 1647 Domine,
1062 1580 1357 1636 donorum
1406 1595 1764 1649 magnorum
1816 1577 2005 1639 dator,
2039 1571 2141 1644 qui
2176 1572 2215 1624 Β

491 1672 931 1729 multitudinem
960 1670 1149 1741 plebis
1180 1686 1249 1726 ac
1278 1669 1481 1741 populi
1514 1667 1807 1723 sitientem
1842 1666 2143 1737 praerupta

488 1778 517 1816 e
547 1778 693 1833 rupe
722 1763 948 1833 potasti,
982 1762 1081 1833 qui
1112 1760 1373 1817 Rubrum
1395 1775 1557 1814 mare
1583 1757 1849 1813 bifariam
1884 1754 2138 1815 secuisti,

490 1856 549 1905 ut
582 1852 840 1922 populus
870 1867 900 1906 e
924 1851 1204 1906 manibus
1244 1849 1428 1921 iniqui
1455 1849 1807 1920 eriperetur;
1855 1845 1954 1916 qui
1986 1850 2141 1898 cata-

485 1945 680 1997 ractas
734 1941 863 1996 coeli
906 1941 1209 2011 aperuisti;
1252 1939 1355 2011 qui
1406 1937 1663 1993 evocasti
1696 1952 1885 2008 aquas
1935 1935 2137 1997 maris,

487 2034 541 2084 et
571 2030 827 2085 etfudisti
861 2030 991 2085 illas
1025 2031 1081 2085 in
1114 2030 1320 2084 faciem
1356 2029 1643 2083 universa}
1673 2030 1839 2081 terrae
1867 2044 1877 2091 ;
1908 2023 2010 2095 qui
2044 2023 2135 2077 be.

488 2119 762 2174 nedixisti
797 2135 1008 2190 aquas,
1031 2135 1165 2189 quae
1189 2122 1325 2173 sunt
1346 2117 1405 2172 in
1426 2116 1704 2179 Jordane,
1739 2130 1844 2186 per
1870 2116 2138 2169 sanctum

486 2207 783 2278 baptisma
808 2213 1007 2273 tuum;
1040 2207 1143 2279 qui
1173 2207 1407 2261 dixisti:
1441 2209 1558 2276 Ego
1591 2222 1722 2260 sum
1752 2220 1911 2276 aqua
1937 2204 2137 2262 viva";

488 2301 717 2367 petram
770 2297 925 2352 hanc
973 2296 1152 2366 aperi,
1211 2311 1435 2366 aquam
1502 2293 1759 2359 effunde,
1813 2292 2137 2365 pauxillum

484 2388 663 2457 potus
701 2385 845 2440 mihi
879 2385 1103 2456 praebe:
1154 2388 1211 2440 et
1252 2401 1320 2440 ex
1375 2384 1489 2440 hoc
1529 2399 1889 2452 cognoscam
1946 2382 1991 2436 si
2032 2397 2141 2437 nos

483 2474 720 2543 diligas,
740 2481 793 2530 et
815 2474 1036 2546 sidigni
1060 2474 1267 2537 simus,
1290 2474 1675 2545 Domine,qui
1702 2479 1752 2528 te
1773 2473 2139 2527 invocemus.

484 2563 685 2618 Cernis
735 2563 914 2631 enim,
959 2577 1315 2635 compagem
1373 2562 1632 2633 corporis
1674 2561 1859 2616 nostri
1899 2575 2140 2616 omnem

487 2656 908 2723 consumptam
942 2656 997 2706 et
1025 2651 1226 2706 aridos
1259 2667 1367 2705 nos
1414 2667 1540 2705 esse
1583 2655 1871 2721 tanquam
1906 2653 2139 2703 testam.

487 2740 585 2795 Illo
631 2742 759 2796 haec
793 2746 1002 2796 orante
1048 2742 1106 2795 in
1139 2746 1327 2813 petra,
1357 2742 1567 2811 ingens
1596 2756 1625 2793 e
1670 2745 1836 2811 petra
1870 2754 2140 2793 murmur

495 2830 782 2895 insonuit,
830 2836 884 2885 et
914 2830 1191 2903 strepitus
1244 2847 1569 2902 aquarum:
1630 2835 1923 2901 ruptaque
1976 2832 2141 2898 petra

2330 1577 2445 1629 KB'.
2501 1582 2655 1654 Κύριε
2713 1578 3065 1657 μεγαλόδωρε,
3123 1585 3147 1634 6
3217 1586 3270 1635 ἐκ
3322 1587 3507 1655 πέτρας
3553 1581 3853 1654 ἀκροτομου

2257 1662 2423 1736 δῆμον
2465 1673 2627 1740 μέγαν
2679 1675 2769 1723 καὶ
2803 1671 2924 1723 λαὸν
2959 1669 3198 1742 διψῶντα
3227 1677 3470 1736 ποτίσας,
3524 1672 3548 1722 6
3605 1672 3708 1733 θεὶς
3760 1675 3854 1729 τὴν

2256 1756 2505 1830 Ἐρυθρὰν
2539 1760 2807 1813 θάλασσαν
2839 1767 3088 1833 τμήματα
3134 1758 3250 1827 δύο,
3288 1764 3367 1812 ἰνα
3405 1763 3429 1813 6
3462 1766 3553 1821 σὸς
3585 1760 3710 1821 λαός
3749 1760 3856 1811 ἀπὸ

2252 1855 2446 1917 χειρῶν
2498 1847 2687 1920 ἀνόμου
2745 1852 2941 1923 ῥυσθῇ,
3007 1854 3030 1901 6
3088 1850 3293 1913 ἀνοίξας
3350 1854 3469 1911 τοὺς
3520 1852 3857 1923 καταράκτας

2253 1944 2343 1985 τοῦ
2376 1937 2615 2008 οὐρανοῦ,
2666 1941 2689 1989 6
2745 1939 3197 2011 προσκαλούμενος
3226 1944 3280 1992 τὸ
3330 1936 3471 2014 ὕδωρ
3518 1948 3611 2000 τῆς
3661 1938 3861 1991 θαλάσο

2256 2043 2368 2086 σης,
2433 2032 2521 2077 καὶ
2601 2027 2793 2098 ἐκχέω]
2875 2029 3000 2080 αὐτὸ
3070 2029 3151 2081 ἐπὶ
3204 2033 3480 2102 πρόσωπον
3534 2029 3711 2090 πάσης
3766 2036 3861 2089 τῆς

2250 2122 2363 2183 γῆς,
2396 2116 2421 2165 ὁ
2454 2115 2741 2187 εὐλογήσας
2787 2120 2852 2168 τὰ
2899 2115 3071 2170 ὕδατα
3120 2122 3167 2170 ἐν
3221 2127 3291 2188 τῷ
3346 2114 3581 2191 Ἰορδάνῃ
3632 2114 3729 2169 διὰ
3768 2124 3859 2169 τοῦ

2251 2202 2402 2272 ἁγίου
2464 2224 2556 2256 σου
2633 2204 3022 2278 βαπτίσματος,
3086 2210 3110 2259 6
3188 2208 3359 2259 εἰπών·
3439 2209 3571 2278 Ἐγώ
3630 2207 3742 2279 εἰμι
3801 2210 3859 2258 τὸ

2252 2289 2394 2367 ὕδωρ
2450 2299 2506 2346 τὸ
2564 2296 2715 2355 ζωόν
2763 2294 3021 2360 ὃιάνοιξον
3075 2304 3169 2355 τὴν
3235 2304 3423 2371 πέτραν
3487 2301 3701 2362 ταύτην,
3770 2285 3859 2349 καὶ

2254 2384 2433 2453 ἔκχεον
2488 2382 2652 2457 ὕδωρ,
2701 2392 2782 2438 καὶ
2843 2392 3056 2440 ποτισόν
3108 2408 3169 2458 με
3219 2392 3425 2461 μικρὸν,
3475 2393 3561 2439 καὶ
3595 2388 3644 2439 ἓν
3693 2391 3859 2459 τούτῳ

2253 2479 2521 2544 γνώσομαι
2573 2476 2615 2526 εἰ
2646 2476 2932 2546 ἠγάπησας
2972 2480 3126 2548 ἡμᾶς,
3170 2484 3258 2529 καὶ
3303 2478 3343 2529 εἰ
3385 2478 3523 2540 ἄξιοί
3554 2477 3710 2549 ἐσμεν
3766 2486 3858 2538 τῆς

2257 2570 2355 2621 σῆς
2384 2563 2723 2628 ἐπικλήσεως,
2776 2571 3028 2620 Δέσποτα.
3077 2566 3228 2641 Ὀρᾲς
3270 2571 3372 2639 γὰρ
3423 2570 3502 2619 ὁτι
3550 2573 3699 2618 πᾶσα
3752 2586 3855 2623 πη-

2253 2655 2391 2722 γμάς
2439 2661 2527 2705 τοῦ
2588 2661 2829 2726 σώματος
2888 2658 3031 2728 ἡμῶν
3092 2654 3473 2720 ἐξεδαπανήθη,
3538 2662 3625 2707 και
3710 2656 3854 2727 ξηροὶ

2253 2748 2532 2814 γεγόναμεν
2581 2746 2651 2805 ὡς
2689 2749 2961 2817 ὄστρακον.
3024 2745 3138 2798 Ἔτι
3210 2743 3267 2799 δὲ
3325 2749 3508 2797 τούτου
3567 2744 3852 2815 εὐχομένου

2254 2830 2302 2881 ἐν
2359 2839 2417 2903 τῇ
2481 2836 2641 2906 πέτρᾳ
2696 2835 2903 2905 οἶθροον,
2961 2840 3173 2905 ταραχή
3252 2855 3325 2895 τις
3378 2838 3577 2905 γέγονεν
3646 2832 3704 2884 ἐκ
3764 2842 3855 2894 τῆς

487 2920 695 2974 eﬂudit
725 2936 949 2991 aquam
990 2920 1304 2990 limpidam
1339 2936 1408 2974 ac
1460 2919 1736 2984 nitidam,
1771 2934 1902 2989 qua:
1936 2917 1993 2971 in
2038 2918 2140 2971 ho-

2254 2924 2460 2993 πέτρας,
2519 2927 2607 2973 καὶ
2662 2921 2861 2994 βόμϐος
2916 2920 3129 2985 ὕδατος·
3192 2930 3277 2976 καὶ
3326 2925 3549 2997 ῥαγείσα
3590 2926 3617 2980 ἡ
3691 2927 3855 2993 πέτρα

487 3008 764 3063 diernum
824 3025 1008 3080 usque
1062 3009 1221 3063 diem
1301 3012 1639 3079 spectatur:
1697 3012 1753 3061 et
1816 3012 2137 3077 postquam

486 3101 727 3151 sanctus
798 3097 1087 3151 Sisinnius
1130 3097 1397 3161 bibisset,
1443 3097 1742 3151 benedixit
1801 3097 2005 3159 Deum,
2056 3094 2139 3149 di-

486 3200 662 3247 cens;
697 3185 983 3240 Benedico
1016 3192 1086 3252 te,
1120 3186 1387 3247 Domine,
1422 3186 1583 3257 quod
1617 3184 1886 3240 animam
1914 3184 2141 3239 satiasti

488 3276 751 3330 inanem.
790 3276 980 3329 Laudo
1030 3282 1101 3340 te,
1146 3278 1278 3339 Rex,
1312 3281 1366 3329 et
1394 3274 1675 3343 gloriﬁco,
1723 3274 1823 3345 qui
1857 3273 2140 3327 exsistens

488 3370 625 3420 ante
652 3364 886 3433 saacula,
933 3368 1109 3418 natus
1135 3380 1196 3418 es
1226 3380 1256 3419 e
1302 3364 1553 3435 Deipara
1586 3363 1778 3427 Maria,
1823 3363 1980 3434 quia,
2018 3368 2141 3417 tan-

484 3469 670 3526 quam
696 3469 844 3525 puer
884 3468 987 3525 per
1016 3454 1105 3509 lac
1148 3454 1375 3517 matris,
1434 3468 1539 3524 per
1580 3469 1729 3523 opus
1780 3452 1942 3525 quod
2006 3468 2141 3507 con-

485 3542 685 3598 didisti
714 3547 1013 3599 saturatus
1046 3559 1201 3598 sum.

557 3632 737 3688 XXIII.
773 3632 1005 3701 Largire
1047 3632 1188 3687 mihi
1219 3636 1275 3688 et
1304 3633 1520 3688 sanctis
1560 3632 1841 3688 fratribus
1864 3648 2141 3688 consum-

488 3737 652 3777 mare
697 3738 941 3776 cursum
974 3722 1031 3777 in
1062 3726 1161 3777 tua
1203 3722 1389 3791 gratia
1428 3727 1484 3777 et
1527 3738 1661 3793 spe;
1696 3726 1753 3777 et
1782 3721 1949 3777 sicuti
1993 3722 2141 3775 inter

484 3826 594 3867 nos
642 3812 787 3867 uniti
819 3812 1033 3867 animis
1066 3811 1286 3867 fuimus
1333 3818 1696 3879 constanter,
1742 3813 1822 3868 ita
1862 3811 2142 3867 uniamur

480 3900 738 3958 ossibus.
766 3902 904 3973 Opis
936 3905 1052 3956 tuae
1084 3901 1339 3973 indigos,
1377 3908 1548 3974 teque
1580 3908 1782 3957 nostro
1809 3902 2139 3957 interventu

479 3990 842 4059 invocantes,
878 3992 1075 4046 statim
1106 3991 1343 4055 exaudi,
1382 3992 1649 4055 Domine,
1684 3991 1744 4045 in
1776 4004 2139 4061 quacunque

478 4079 831 4135 necessitate
863 4084 918 4134 et
966 4080 1332 4148 indigentia:
1364 4081 1644 4151 quamvis
1681 4081 1737 4134 in
1790 4083 2139 4151 paupertate

480 4167 1070 4239 quisquamexsistat,
1100 4168 1376 4239 quamvis
1398 4168 1457 4223 in
1491 4169 1771 4224 viduitate
1798 4176 1851 4223 et
1870 4168 2134 4231 orbitate,

2254 3006 2516 3069 ἐξέϐλυσεν
2557 3008 2699 3085 ὕδωρ
2756 3008 2951 3074 διειδές
3000 3032 3053 3065 τε
3084 3018 3171 3065 καὶ
3221 3013 3395 3079 καλὸν,
3430 3015 3549 3086 ὅπερ
3585 3014 3851 3085 θεωρεῖται

2251 3102 2413 3171 μέχρι
2483 3109 2577 3160 τῆς
2635 3107 2877 3174 σήμερον
2931 3107 3019 3153 καὶ
3100 3108 3227 3155 πιὼν
3287 3105 3311 3154 6
3369 3102 3518 3173 ἅγιος
3596 3107 3850 3161 Σισίννιος

2253 3187 2519 3258 ηὐλόγωσε
2584 3192 2670 3240 τὸν
2726 3195 2853 3243 Θεὸν
2902 3191 3079 3263 λέγων’
3138 3192 3300 3264 ’Υμνώ
3371 3211 3447 3260 σε,
3509 3194 3681 3265 Κύριε,
3774 3192 3850 3242 ὅτι

2252 3276 2549 3347 ἐχόρτασας
2576 3278 2759 3350 ψυχὴν
2811 3286 2978 3338 κενήν.
3036 3281 3172 3335 Αἰνῶ
3216 3301 3290 3346 σε,
3349 3280 3588 3352 βασιλεῦ,
3640 3286 3734 3332 καὶ
3767 3276 3853 3332 δο-

2252 3366 2444 3437 5616763
2501 3370 2587 3418 τὸν
2655 3375 2959 3441 προαιώνιον
3026 3372 3278 3440 τεχθέντα
3339 3369 3393 3421 ἐκ
3448 3380 3539 3431 τῆς
3595 3376 3851 3422 Θεοτὸκου

2254 3461 2478 3527 Μαρίας,
2520 3459 2599 3508 ὅτι
2652 3456 2930 3529 ἐκορέσθην
2978 3468 3071 3511 τοῦ
3122 3468 3216 3511 σοῦ
3261 3464 3567 3531 κτίσματος,
3618 3462 3851 3533 καθάπερ

2252 3542 2464 3597 παιδίον
2504 3546 2639 3615 γάλα
2678 3553 2891 3620 μητρός.

2325 3633 2439 3687 ΚΓ.
2501 3635 2835 3698 Καταξίωσόν
2894 3656 2954 3707 με
3005 3642 3093 3689 καὶ
3140 3640 3257 3699 τοὺς
3299 3640 3642 3708 ἡγιασμένους
3696 3634 3848 3689 ἀδελ-

2252 3726 2371 3795 φούς
2419 3744 2517 3795 μου
2575 3724 2901 3784 τελειωθῆναι
2955 3734 3016 3798 τῇ
3073 3734 3136 3797 σῇ
3186 3730 3374 3800 χάριτι
3416 3732 3504 3778 καὶ
3536 3723 3732 3778 ἐλπίδι·
3767 3731 3848 3777 καὶ

2252 3815 2423 3886 ὠσπερ
2473 3815 2741 3885 ἡνώθημεν
2792 3823 2907 3877 ταῖς
2971 3816 3179 3886 ψυχαῖς
3243 3813 3594 3876 ἀὸιστάκτως.
3660 3816 3847 3867 ἐνωθώ-

2251 3921 2339 3972 μεν
2394 3908 2476 3954 καὶ
2527 3910 2629 3962 τοῖς
2681 3904 2899 3965 ὀστέοις
2960 3910 3051 3956 καὶ
3102 3913 3197 3956 τῶν
3250 3910 3435 3979 χρείαν
3480 3904 3710 3976 ἐχόντων
3765 3912 3848 3963 τῆς

2255 3999 2351 4051 σῆς
2402 3991 2665 4063 βοηθείας,
2721 3998 2810 4045 καὶ
2864 3993 3289 4065 παρακολούντων
3346 4014 3402 4047 σε
3453 3991 3525 4047 δι’
3571 3996 3720 4065 ἡμῶν
3766 4014 3848 4045 τα-

2250 4084 2383 4151 χέως
2459 4080 2767 4145 ἐπάκουσον,
2848 4085 3023 4154 Κύριε,
3085 4082 3132 4134 ἐν
3205 4084 3397 4155 ἑκάστῃ
3478 4082 3672 4155 ἀνάγκη
3765 4086 3848 4133 καὶ

2250 4174 2427 4241 χρείᾳ·
2462 4171 2554 4221 κᾶν
2583 4169 2629 4221 ἐν
2684 4176 2850 4243 πενίᾳ,
2904 4192 2984 4232 τις
3013 4171 3252 4245 ὑπάρχῃ,
3297 4174 3391 4224 κᾶν
3442 4172 3488 4224 ἐν
3536 4177 3737 4244 χηρείᾳ
3762 4175 3841 4223 καὶ

484 4256 764 4328 quamvis
794 4258 854 4311 in
875 4257 1370 4328 peregrinatione,
1407 4259 1683 4329 quamvis
1710 4258 1767 4312 in
1796 4257 2136 4312 inﬁrmitate

2251 4257 2488 4332 ὀρφανίᾳ,
2521 4261 2614 4311 κᾶν
2668 4259 2715 4311 ἐν
2766 4257 3062 4334 ἀποδημίᾳ,
3096 4264 3190 4313 κοῖν
3230 4261 3277 4314 ἐν
3329 4261 3564 4333 ἀσθενείᾳ
3613 4267 3847 4333 σώματος

480 4345 746 4417 corporis
800 4350 858 4401 et
887 4347 1126 4410 animae,
1162 4346 1437 4417 quamvis
1482 4346 1541 4401 in
1573 4362 1687 4402 aere
1720 4346 1914 4403 alieno
1960 4351 2015 4402 et
2044 4362 2137 4402 ca-

475 4432 739 4499 lumniis,
781 4435 1061 4505 quamvis
1104 4435 1161 4489 in
1194 4434 1412 4491 acerba
1438 4434 1737 4501 servitute,
1778 4436 2047 4507 quamvis
2077 4435 2136 4490 in

478 4521 794 4578 hominum
836 4527 937 4578 aut
959 4523 1260 4594 pecudum
1315 4524 1693 4594 contagione,
1744 4525 2015 4596 quamvis
2076 4524 2134 4581 in

479 4612 630 4667 mari
656 4612 974 4684 quisquam
991 4612 1065 4667 sit
1091 4612 1439 4683 naufragus,
1482 4616 1762 4686 quamvis
1803 4615 2136 4688 deniquein

482 4700 613 4758 aliis
662 4716 861 4757 rerum
915 4705 1254 4773 temporum
1309 4720 1375 4759 ac
1407 4704 1675 4759 locorum
1713 4704 2039 4774 adjunctis;
2077 4710 2137 4760 tu

480 4789 669 4856 illum,
700 4792 833 4855 Rex,
869 4806 974 4862 per
1005 4807 1114 4847 nos
1141 4792 1548 4863 interpellatus
1572 4793 1769 4849 statim
1801 4794 2039 4860 exaudi,
2076 4799 2138 4850 ut

477 4884 847 4948 cognoscant
886 4896 1097 4935 omnes
1144 4882 1348 4937 mundi
1389 4882 1569 4953 hujus
1610 4882 1839 4947 incolae,
1883 4884 2136 4939 multum

478 4984 588 5025 nos
614 4968 782 5036 diligi
816 4969 927 5025 abs
962 4972 1031 5036 te,
1068 4974 1124 5026 et
1153 4971 1442 5037 exaudiri,
1472 4987 1540 5027 ac
1574 4972 1732 5027 malo
1765 4972 2006 5029 cuilibet
2036 4973 2140 5030 fiat

479 5074 638 5130 aqua
671 5059 797 5114 haec
830 5058 891 5113 in
928 5058 1246 5123 medelam,
1290 5076 1431 5115 nam
1466 5060 1542 5115 ad
1572 5060 2015 5117 invocationem
2058 5064 2137 5117 tui

477 5147 1148 5213 ebulliit,etinnovatum
1165 5153 1432 5204 estvetus
1452 5150 1799 5205 miraculum
1814 5150 1870 5205 in
1887 5151 2136 5221 gloriam

478 5236 683 5301 Patris,
724 5242 778 5292 et
835 5237 975 5304 Filii,
1019 5243 1075 5294 et
1132 5238 1384 5311 Spiritus
1438 5239 1645 5303 sancti,
1697 5238 1758 5294 in
1791 5238 2033 5297 laudem
2085 5246 2141 5297 et

480 5326 835 5381 memoriam
864 5330 1197 5396 martyrum
1232 5331 1465 5383 tuorum
1498 5328 1763 5399 quinque
1796 5332 1853 5383 et
1880 5329 2139 5400 quadra-

478 5409 659 5478 ginta.

552 5500 725 5552 XXIV.
784 5504 973 5571 Atque
1019 5503 1131 5559 hoc
1189 5511 1393 5561 orante
1441 5505 1497 5559 in
1530 5508 1714 5577 petra,
1753 5504 1989 5571 milites,
2033 5508 2133 5577 qui

549 5658 567 5690 ⁷
598 5658 764 5714 Joan.
799 5676 871 5727 Iv,
912 5664 991 5715 10.

2248 4352 2334 4399 καὶ
2392 4348 2596 4420 ψυχῆς,
2656 4354 2745 4402 καὶ
2804 4350 2852 4402 ἐν
2913 4355 3117 4423 χρέεσι,
3169 4356 3257 4403 καὶ
3313 4355 3700 4423 συκοφαντίαις,
3756 4349 3845 4401 κᾶν

2248 4437 2295 4488 ἐν
2348 4445 2510 4513 πικρᾷ
2560 4436 2790 4505 δουλεία,
2849 4440 2942 4491 κᾶν
2996 4439 3043 4491 ἓν
3088 4442 3255 4512 φθορᾲ
3304 4440 3581 4514 ἀνθρώπων
3613 4441 3641 4499 ἢ
3679 4441 3841 4505 ζώων,

2248 4527 2341 4579 κᾶν
2396 4526 2442 4579 ἐν
2504 4528 2739 4602 θαλάσσῃ
2790 4534 3170 4602 χειμαζόμενός
3222 4550 3303 4591 τις
3354 4534 3452 4597 εἴη,
3502 4530 3595 4582 κᾶν
3626 4528 3673 4582 ἐν
3717 4529 3839 4601 ἄλλῃ

2246 4619 2551 4690 περιστάσει
2594 4621 2905 4693 προσαχθῇ,
2961 4622 3046 4683 σὺ,
3095 4619 3331 4689 Βασιλεῦ,
3368 4616 3439 4671 δι’
3491 4622 3635 4691 ἡμῶν
3676 4620 3841 4691 παρά-

2246 4706 2431 4763 κλησιν
2480 4711 2622 4778 ταχὺ
2681 4706 2988 4777 ἐπάκουσον,
3037 4710 3119 4760 ἶνα
3168 4716 3332 4779 γνῶσι
3382 4710 3568 4770 πάντες
3614 4710 3662 4760 οἱ
3712 4708 3843 4759 κατά

3536 4798 3695 4869 ἡμᾶς,
3756 4800 3841 4848 καὶ

2768 4892 2855 4938 καὶ
2936 4890 2992 4938 τὸ
3063 4882 3205 4959 ὕδωρ
3283 4893 3434 4939 τοῦτο
3495 4888 3720 4958 γενέσθω
3776 4884 3842 4946 εἰς

2248 4976 2388 5024 ἴασιν
2433 4972 2481 5024 ἐν
2520 4979 2675 5025 παντὶ
2727 4977 2898 5027 πάθει*
2956 4983 3019 5046 σῇ
3076 4978 3176 5049 γὰρ
3227 4974 3496 5033 ἐπικλήσει
3546 4974 3834 5048 ἐξὸμϐρισε,

3400 5061 3556 5127 δόξαν
3619 5066 3832 5136 Πατρός,

2611 5158 2698 5204 καὶ
2774 5153 2927 5225 ἁγίου
2999 5157 3311 5226 Πνευματος·
3373 5157 3576 5206 ἐπαινον
3634 5150 3691 5204 δε
3749 5154 3834 5203 καὶ

2248 4800 2339 4853 τὴν
2425 4795 2747 4869 οἰκουμένην,
2813 4799 2892 4849 ὅτι
2958 4797 3086 4850 πολὺ
3157 4799 3441 4870 ἠγάπησας

2249 4882 2447 4944 ἀκούεις
2522 4887 2686 4956 ἡμῶν·

2246 5068 2334 5113 καὶ
2412 5062 2627 5115 παλαιὸν
2710 5066 2884 5136 θαῦμα
2956 5063 3174 5137 ἀνεφάνη
3258 5064 3323 5125 εἰς

2248 5158 2334 5203 καὶ
2392 5154 2533 5218 Υἱοῡ,

2248 5246 2419 5312 μνείαν
2478 5250 2575 5292 τῶν
2645 5247 2919 5317 μαρτύρων
2996 5262 3088 5295 σου
3141 5253 3236 5295 τῶν
3296 5247 3439 5296 πέντε
3483 5248 3571 5295 καὶ
3645 5260 3828 5293 τεσσα-

2248 5331 2490 5403 ράκοντα.

2320 5506 2433 5562 ΚΔ’.
2469 5514 2565 5560 Καὶ
2613 5511 2795 5561 τούτου
2839 5508 3119 5580 εὐχομένου
3155 5509 3201 5561 ἐν
3249 5518 3309 5581 τῇ
3344 5514 3524 5581 πέτρᾳ,
3575 5511 3625 5560 ci
3665 5525 3827 5580 στρα-
