4066 6224
224 337 305 390 345

1235 328 1673 387 MABTYBIUM
1713 322 1816 379 SS.
1858 324 2001 380 XLV
2039 329 2480 392 MARTYHUM.

3434 340 3537 394 346

221 444 392 497 τιῶται,
445 435 717 494 καύσαντες
776 435 988 505 κάμινον
1038 432 1085 485 ἐν
1234 436 1387 505 χώρᾳ
1439 432 1658 489 πλησίον
1689 436 1779 487 τῆς

1892 429 2288 488 accenderant
2346 450 2557 505 pyram
2609 436 2668 491 in
2723 450 2939 508 campo
2989 453 3175 509 prope
3218 438 3535 507 civitatem,

218 525 396 587 πόλεως,
437 528 522 575 καὶ
569 524 638 583 εἰς
690 522 820 593 ὕψος
866 523 1136 597 θρέψαντες
1178 522 1347 585 ξύλοις
1406 524 1461 572 τὸ
1510 528 1633 590 πῦρ,
1689 522 1777 568 καὶ

217 619 492 672 ποιήσαντες
543 614 719 683 ὁμοίαν
776 622 865 672 τῆς
952 612 1291 675 Βαϐυλωνίας,
1352 608 1506 668 ἦλθον
1590 608 1777 680 ἐπᾶραι

214 704 392 762 αὐτούς’
441 707 528 753 καὶ
582 706 802 763 ζητοῦσι
846 704 930 752 τὸν
972 703 1210 774 ἀριθμόν,
1261 706 1350 751 καὶ
1390 702 1414 751 ὁ
1468 702 1531 758 εἷς
1563 698 1771 749 ἔλειπεν.

212 792 258 842 Ὀ
288 789 339 842 δὲ
374 792 512 860 ἅγιος
560 796 807 851 Σισίννιος
854 790 1036 847 ἐϐόησε
1083 795 1259 860 λέγων.
1310 786 1441 841 Ὦ.δέ
1489 788 1613 858 εἰμι.
1646 782 1777 836 Ὧδέ

212 881 311 951 εἰμι.
348 880 604 941 Ἐλθόντες
657 877 714 931 δὲ
762 885 849 931 καὶ
901 879 1180 953 ἀπάραντες
1238 884 1325 930 καὶ
1386 886 1586 940 τοῦτον,
1648 880 1776 945 ἤγα-

212 989 282 1039 γον
332 969 409 1020 ἐπὶ
458 973 515 1020 τὸ
562 978 682 1041 πυρ.
739 974 833 1022 Καὶ
884 970 1121 1038 λέγουσιν
1166 971 1213 1021 οἱ
1264 968 1404 1039 οἷγιοι
1452 966 1768 1039 ὁμοψύχως⁹

214 1082 233 1108 (ί
266 1058 343 1117 Εἰς
386 1062 566 1129 χεῖράς
611 1078 725 1123 σου,
776 1061 950 1131 Κύριε,
1006 1060 1421 1129 παραθησόμεθα
1472 1060 1559 1117 τὰς
1598 1056 1779 1125 ψυχὰς

208 1150 350 1219 ἐμῶν’
388 1170 413 1199 ››
443 1154 551 1213 καὶ,
590 1170 612 1195 a
650 1147 933 1219 Εὐλογητὸς
966 1151 1172 1220 Κύριος,
1208 1150 1261 1209 ὃς
1297 1148 1389 1199 οὐκ
1422 1144 1607 1198 ἔδωκεν
1640 1147 1779 1215 ἡμᾶς

208 1238 267 1298 εἰς
288 1239 440 1310 θήραν
490 1245 594 1297 τοίς
625 1234 841 1289 ὀδοῦσιν
891 1238 1074 1289 αὐτῶν·
1111 1259 1139 1290 ))
1173 1242 1256 1288 καὶ
1313 1236 1591 1306 ψάλλοντες
1637 1233 1782 1290 ἐϐλή-

210 1330 353 1383 θησαν
378 1327 445 1387 είς
475 1330 532 1378 τό
565 1335 689 1396 πῦρ.
739 1329 803 1378 Οί
848 1323 905 1378 δὲ
938 1324 1124 1399 δήμιοι
1152 1326 1367 1389 ἐξῆπτον
1399 1330 1493 1383 τὴν
1542 1327 1776 1395 κάμινον,

208 1418 488 1487 μιμούμενοι
593 1420 709 1476 τοὺς
820 1412 1140 1477 Χαλδαίους.
1246 1420 1350 1469 Χαὶ
1422 1414 1779 1466 τελειωθέντων

206 1506 351 1556 αὶτῶν
407 1505 453 1556 ἐν
498 1514 562 1577 τῇ
619 1508 788 1578 ἡμέρᾳ
842 1509 1022 1577 ταύτῃ,
1086 1509 1197 1567 ἣτις
1247 1507 1359 1557 ἔστι
1414 1511 1505 1556 τοῦ
1564 1502 1778 1555 Ἰουλίου

926 1592 1055 1657 ὃοὺξ

206 1684 335 1747 ὀστᾶ,
385 1690 473 1735 καὶ
521 1686 736 1757 ῥιφῆναι
807 1683 853 1735 ἐν
928 1692 997 1754 τῷ
1072 1692 1306 1754 ποταμῷ,

209 1592 397 1657 δεκάτη,
458 1594 718 1647 ἐκέλευσεν
807 1597 831 1646 ὁ
926 1592 1055 1657 ὃοὺξ
1130 1594 1439 1665 συλλεγῆναι
1497 1593 1661 1644 αὐτῶν
1717 1594 1781 1643 τὰ

1381 1690 1452 1752 τῷ
1526 1682 1778 1753 λεγομένῳ

1690 1776 1779 1822 καὶ
1811 1780 1851 1833 Β

1684 1858 1777 1911 ἁπ-

209 1776 356 1843 Λύκῳ,
415 1783 485 1843 τῷ
561 1778 669 1825 ὄντι
747 1772 1048 1843 ἀποσημεῖα
1110 1773 1161 1835 ἐξ
1218 1780 1306 1831 τῆς
1381 1770 1599 1832 πόλεως·

202 1868 485 1932 κομίσαντες
572 1862 787 1924 ἐζήτουν
876 1869 1028 1914 τόπον
1109 1858 1404 1919 ἐπιτήδειον
1476 1864 1599 1934 πρὸς

202 1952 351 2002 ώλειαν
396 1961 493 2003 τῶν
554 1952 717 2023 ἁγίων
774 1951 1047 2022 λειψάνων.
1102 1950 1242 2013 Εἶλιξ
1290 1948 1349 2002 δέ
1394 1953 1505 2002 ἐστι
1553 1954 1681 2021 πρὸς
1712 1957 1773 2021 τῇ

202 2044 368 2112 γεφύρᾳ
450 2040 647 2113 βαθὺς,

202 2134 532 2198 μαρσίππους.

722 2046 810 2092 καὶ
886 2042 933 2092 ἐν
1010 2040 1149 2111 αὐτῷ
1236 2043 1591 2092 κατεκένωσαν
1664 2042 1779 2098 τούς

260 2221 365 2276 κε’,
398 2220 454 2270 Ὀ
497 2216 562 2271 δὲ
604 2222 857 2291 ποταμὸς,
915 2220 1146 2290 καθάπερ
1191 2220 1639 2292 παρακαταθήκην
1690 2216 1776 2267 λα-

202 2305 282 2357 ϐὼν
329 2317 424 2358 τῶν
482 2309 655 2379 ἁγίων
714 2310 779 2359 τα
836 2308 1072 2379 λείψανα,
1135 2313 1222 2359 καὶ
1275 2311 1337 2367 ὡς
1394 2307 1602 2379 ὀφείλων
1668 2315 1780 2357 σῶα

199 2404 269 2447 καὶ
317 2396 532 2469 ἀκέραια
583 2394 893 2465 ἀποδουναι,
941 2397 1072 2449 αὐτὰ
1115 2402 1422 2468 συναγαγὼν
1456 2396 1502 2447 ἐν
1536 2396 1606 2448 ἑνὶ
1638 2400 1777 2465 τόπῳ

202 2486 581 2557 παρεουλαττεν.
677 2487 1156 2560 Ἀναχωρησάντων
1238 2483 1296 2538 δὲ
1380 2494 1478 2537 τῶν
1550 2482 1774 2555 δημίων,

203 2572 358 2647 ὧνδρες
416 2575 703 2641 θεοσεϐεῖς,
764 2574 942 2628 δοῦλοι
995 2584 1083 2627 τοῦ
1137 2582 1290 2639 Θεοῦ,
1350 2580 1437 2625 καὶ
1496 2576 1778 2647 ὀμότροποι

201 2672 279 2712 τῶν
328 2663 503 2734 ἁγίων,
563 2663 799 2724 λαϐόντες
852 2668 989 2724 τινας
1044 2664 1307 2736 ἐμπείρους
1366 2660 1573 2723 εἰδότας
1620 2663 1779 2714 πολυ-

199 2762 547 2823 πραγμονῆσαι
598 2757 665 2804 τὰ
716 2752 856 2825 βάθη
921 2761 1011 2805 τοῦ
1069 2763 1325 2824 ποταμοῦ,
1390 2752 1643 2825 ἁνῄραντο
1687 2752 1777 2803 ὅλα

196 2846 305 2910 μετὰ
332 2852 421 2905 τῆς
454 2844 601 2914 [γῆς]
660 2849 1079 2914 συνηγιασμένης
1125 2844 1321 2907 αὐτοῖς,
1383 2846 1451 2904 ὡς
1505 2843 1778 2915 πληρωθῆ-

195 2950 262 2981 ναι
304 2938 390 2990 τὴν
424 2938 661 3006 Γραφην·
702 2954 721 2981 α
778 2932 1037 2985 Φυλάσσει
1090 2936 1280 3007 Κύριος
1332 2934 1498 2984 πάντα
1538 2936 1600 2983 τὰ
1647 2932 1778 2983 ὀστᾶ

196 3020 354 3071 αὐτῶν·
402 3044 426 3073 δ)
462 3028 561 3073 καὶ
614 3022 897 3093 ἐνέγκαντες
928 3021 974 3072 ἓν
1021 3030 1080 3094 τῇ
1128 3022 1271 3074 πόλει
1303 3020 1532 3074 ἀνέθεντο
1582 3020 1628 3072 ἐν
1670 3029 1778 3082 τοῖς

196 3109 460 3183 εᾶκτηρίοις
490 3115 677 3176 οἴκοις,
732 3112 937 3183 εἰρηνης
986 3108 1043 3163 δὲ
1093 3110 1331 3183 βαθείας,
1386 3119 1473 3171 τῆς
1515 3118 1605 3162 του
1654 3119 1776 3185 Χρι-
1808 3132 1848 3189 C

199 3210 300 3249 στον
346 3200 752 3273 φιλανθρωπίας,
805 3206 893 3251 καὶ
932 3209 993 3272 τῇ
1052 3198 1297 3272 βασιλείᾳ
1332 3208 1421 3252 τοῦ
1473 3199 1775 3252 εὐσεϐεστά-

196 3306 267 3338 του
322 3296 734 3353 Κωνσταντίνου,
807 3294 896 3341 καί
954 3289 1054 3341 εἰσι
1138 3293 1331 3362 πύργοι
1398 3300 1487 3350 τῆς
1552 3295 1776 3351 πίστεως

196 3378 422 3445 οἷσειστοι,
486 3378 705 3451 ἀστέρες
786 3378 985 3449 λογικοὶ
1059 3378 1345 3450 λάμποντες
1420 3386 1770 3450 Χριστιανοῖς,

196 3465 301 3522 ἄνθη
356 3477 451 3519 τῶν
502 3471 646 3519 κατὰ
692 3472 781 3525 τὴν
813 3468 1115 3539 οἰκουμένην
1164 3468 1471 3531 ἐκκλησιῶν,
1526 3466 1773 3541 πρεσϐευ-

196 3561 263 3606 ταὶ
302 3566 393 3608 τῶν
445 3557 792 3630 ἁμαρτωλῶν,
848 3557 1066 3629 φύλακες
1112 3577 1212 3609 των
1252 3558 1492 3624 εὐσεϐῶν,
1544 3560 1773 3630 προστά-

197 3662 265 3693 ται
309 3654 396 3707 τῆς
433 3667 487 3699 τε
541 3643 683 3707 ἰδίας
732 3646 922 3708 πόλεως
970 3652 1057 3698 καὶ
1110 3655 1200 3708 τῆς
1254 3648 1581 3719 οἰκουμένης,
1638 3648 1770 3717 εὐερ-

194 3738 316 3800 γίται
345 3744 439 3786 τῶν
479 3740 811 3807 κεκτημένων
856 3736 1042 3796 αὐτοὺς
1101 3735 1147 3786 ἐν
1203 3744 1417 3809 Χριστῶ
1468 3736 1645 3793 Ἰησοῦ
1700 3745 1771 3806 τῷ

198 3826 346 3893 Κνρίῳ
382 3826 554 3896 ἡμῶν,
700 3829 879 3897 πρέπει
929 3821 1059 3887 δόξα
1110 3826 1220 3896 οἶμα
1267 3834 1337 3895 τῷ
1388 3831 1548 3899 Πατρὶ
1585 3830 1770 3895 καὶτῷ

196 3918 402 3984 παιαγίῳ
436 3916 701 3985 Πνεύματι
750 3922 834 3965 νῦν
882 3918 970 3965 καὶ
1024 3912 1120 3980 ἀεὶ,
1167 3918 1255 3965 καὶ
1308 3915 1378 3976 εἰς
1427 3919 1544 3975 τοὺς
1581 3914 1769 3977 αἰῶνας

194 4009 274 4051 τῶν
295 4002 504 4057 αἰώνων.
532 4002 725 4075 Ἀμην.

246 4125 261 4159 ⁸
290 4128 431 4184 Psal.
464 4144 604 4193 xxx,
641 4132 691 4183 6.
728 4130 747 4162 ο
782 4126 931 4182 Psal.
965 4143 1154 4193 cxxui,
1190 4132 1240 4184 6.
1276 4130 1326 4171 1ο
1352 4128 1507 4183 Psal.
1541 4144 1742 4195 χχχιιι,
1772 4128 1860 4184 21.

1892 515 2093 585 ignem
2144 520 2318 591 lignis
2373 523 2431 579 in
2491 526 2743 581 sublime
2800 528 3123 583 nutrientes
3154 529 3213 583 in
3267 530 3537 586 similitu-

1890 605 2095 663 dinem
2130 611 2384 667 fornacis
2445 616 2835 687 Babylonicee,
2888 622 3191 687 venerunt,
3250 623 3311 673 ut
3374 620 3536 690 ipsos

1890 696 2152 753 tollerent
2186 716 2545 765 ;numeruin
2566 708 2788 769 ineunt,
2823 712 2876 761 et
2903 724 3055 761 unus
3076 707 3529 764 desiderabatur

1894 786 2141 841 Sanctus
2155 796 2357 845 autem
2376 794 2667 849 Sisinnius
2684 795 2981 863 clamavit,
3002 797 3207 851 dicens
3229 814 3240 850 :
3261 796 3359 851 Hic
3377 815 3529 859 sum,

1892 872 1985 927 hic
2027 892 2180 932 sum.
2217 880 2519 937 Venientes
2550 900 2689 938 vero
2718 884 2873 939 hunc
2892 902 3133 957 quoque
3153 886 3533 949 sustulerunt,

1890 968 1945 1018 et
1975 965 2352 1025 adduxerunt
2402 972 2460 1026 in
2518 974 2738 1041 ignem.
2793 977 2856 1029 Et
2881 975 3083 1030 dicunt
3112 978 3297 1030 sancti
3333 976 3537 1029 unani-

1892 1054 2061 1109 miter
2094 1074 2105 1110 :
2138 1078 2165 1108 «
2191 1060 2250 1113 ln
2278 1077 2491 1115 manus
2516 1068 2668 1128 tuas,
2691 1065 3266 1130 Domine,tradimus
3299 1066 3535 1121 animas

1893 1146 2164 1201 nostras8
2200 1164 2212 1213 ;
2248 1167 2276 1198 »
2331 1155 2385 1205 et
2420 1168 2432 1204 :
2466 1172 2491 1202 «
2522 1154 2866 1208 Benedictus
2928 1156 3233 1217 Dominus,
3274 1157 3373 1225 qui
3415 1170 3536 1209 non

1892 1232 2054 1288 dedit
2111 1251 2220 1289 nos
2269 1237 2325 1292 in
2396 1242 2719 1310 captionem
2789 1243 3069 1299 dentibus
3100 1246 3341 1299 eorum9
3377 1261 3389 1309 ;
3425 1266 3451 1293 »
3483 1249 3539 1299 et

1876 1328 2202 1380 cantantes
2263 1328 2321 1382 in
2385 1329 2582 1399 ignem
2634 1332 2832 1401 injecti
2893 1338 3051 1388 sunt.
3108 1337 3276 1388 Porro
3303 1334 3537 1388 lictores

1892 1414 2291 1471 accenderunt
2344 1433 2580 1488 pyram,
2616 1420 2912 1477 imitantes
2946 1422 3275 1478 Chaldaeos.
3316 1423 3537 1478 Eodem

1892 1517 2012 1572 quo
2040 1503 2316 1559 obierant
2346 1508 2454 1571 die,
2489 1525 2623 1579 quae
2647 1516 2733 1565 est
2754 1511 2989 1566 decima
3020 1512 3175 1577 Julii,
3197 1512 3375 1583 jussit
3415 1512 3537 1566 dux

1891 1591 2088 1661 colligi
2122 1610 2325 1650 eorum
2386 1614 2545 1661 ossa,
2601 1615 2670 1653 ac
2704 1601 2905 1671 projici
2930 1602 2987 1656 in
3008 1602 3283 1667 ﬂuvium,
3321 1616 3539 1671 cogno-

1893 1689 2091 1737 mento
2122 1686 2360 1754 Lycum,
2388 1687 2857 1745 milliaribussex
2876 1707 2909 1745 a
2941 1691 3174 1746 civitate
3193 1691 3533 1747 distantem.

1891 1772 2018 1835 Quo
2054 1773 2144 1826 ubi
2180 1774 2542 1842 detulissent,
2569 1779 3197 1850 quzesiveruntaptum
3231 1781 3429 1835 locum
3458 1781 3534 1835 ad

1890 1862 2227 1931 perdendas
2263 1872 2501 1920 sanctas
2533 1867 2829 1940 reliquias.
2889 1870 3189 1924 Pofundus
3213 1875 3298 1925 est
3334 1873 3535 1924 vortex

1889 1966 2074 2023 prope
2101 1957 2365 2024 pontem,
2398 1956 2451 2008 in
2482 1972 2602 2029 quo
2629 1964 2995 2014 evacuarunt
3019 1958 3303 2014 sacculos.

1964 2204 2200 2258 XXVJH
2236 2203 2454 2260 ﬂuvius
2512 2204 2759 2277 depositi
2813 2206 2994 2262 instar
3043 2212 3389 2263 sanctorum
3412 2208 3541 2264 reli-

1889 2293 2063 2364 quias
2089 2294 2336 2365 accepit,
2397 2299 2578 2366 utque
2620 2312 2728 2367 pro
2791 2311 2882 2360 eo,
2921 2312 2990 2351 ac
3030 2296 3308 2360 debebat,
3344 2296 3539 2352 salvas

1890 2386 2067 2453 atque
2111 2382 2445 2440 incolumes
2484 2385 2783 2453 redderet,
2848 2401 2949 2441 eas
3000 2403 3186 2441 unum
3239 2386 3297 2441 in
3340 2386 3536 2442 locum

1891 2471 2165 2527 collectas
2183 2475 2571 2529 conservavit.
2584 2476 2906 2530 Lictoribus
2926 2493 3060 2532 vero
3082 2476 3221 2531 inde
3234 2476 3537 2547 digressis,

1892 2561 1992 2615 viri
2044 2562 2326 2631 religione
2382 2565 2660 2633 insignes,
2718 2566 2869 2619 servi
2926 2566 3046 2632 Dei,
3092 2570 3148 2621 et
3195 2572 3540 2621 sanctorum

1893 2651 2159 2705 moribus
2190 2651 2550 2716 consimiles,
2602 2654 2921 2725 assumptis
2973 2655 3335 2726 quibusdam
3377 2654 3540 2709 ﬂuvii

1891 2740 2191 2811 profunda
2230 2741 2536 2812 explorare
2590 2742 2810 2813 peritis,
2855 2744 3115 2812 integras
3154 2743 3537 2798 sustulerunti

1890 2845 2026 2884 cum
2086 2830 2455 2885 sanctiﬁcata
2498 2831 2646 2901 ipsis
2696 2831 2898 2904 [terra]
2945 2838 3005 2887 ut
3027 2832 3372 2903 impleretur
3397 2832 3541 2887 Scri-

1890 2922 2066 2991 ptura
2095 2935 2108 2973 :
2142 2942 2168 2967 «
2192 2920 2461 2975 Custodit
2484 2920 2770 2975 Dominus
2797 2922 2998 2977 omnia
3023 2938 3163 2977 ossa
3189 2938 3396 2978 eorum
3420 2924 3487 2977 ¹⁰.
3508 2944 3534 2973 ››

1891 3011 1955 3065 Et
1986 3013 2305 3081 postquam
2346 3009 2408 3064 in
2448 3011 2740 3066 civitatem
2772 3012 3144 3080 invexissent,
3180 3012 3239 3066 in
3270 3012 3540 3067 oratoriis

1890 3114 1961 3153 ea
1987 3104 2402 3170 reposuerunt,
2435 3117 2567 3155 cum
2604 3100 2903 3171 profunda
2958 3106 3113 3156 esset
3166 3118 3299 3171 pax,
3363 3102 3540 3157 dante

1892 3188 1991 3243 Dei
2022 3188 2404 3259 benignitate,
2440 3189 2711 3259 piissimo
2741 3192 3121 3246 Constantino
3152 3195 3458 3259 regnante,
3488 3196 3544 3247 et

1915 3279 2065 3333 urris
2122 3280 2233 3350 ipsi
2275 3286 2414 3334 sunt
2452 3278 2589 3335 ﬁdei
2622 3281 3000 3343 inconcussa,
3073 3281 3251 3336 stellae
3308 3280 3536 3336 ratione

1889 3367 2149 3438 przeditte
2191 3368 2532 3424 Christianis
2592 3369 2875 3435 lucentes,
2920 3370 3097 3426 ﬂores
3130 3370 3536 3435 ecclesiarum,

1886 3472 2019 3528 quse
2049 3474 2152 3528 per
2178 3459 2690 3513 orbemterrarum
2710 3464 2866 3523 sunt,
2884 3460 3304 3516 intercessores
3337 3476 3539 3530 pecca-

1886 3551 2105 3611 torum,
2160 3547 2394 3617 piorum
2445 3548 2743 3611 custodes,
2808 3550 3057 3604 civitatis
3103 3566 3225 3605 suae
3280 3555 3334 3605 et
3378 3550 3540 3606 orbis

1886 3636 2142 3690 universi
2181 3636 2487 3707 praesides,
2544 3636 2954 3694 benefactores
3026 3655 3253 3702 eorum,
3319 3640 3419 3709 qui
3476 3653 3537 3694 se

1886 3725 2188 3795 possident
2248 3726 2305 3779 in
2346 3726 2579 3781 Christo
2610 3728 2779 3780 Jesus
2826 3727 3072 3782 Domino
3103 3731 3319 3787 nostro,
3358 3742 3538 3796 quem

1883 3815 2051 3870 decet
2086 3815 2273 3885 gloria
2323 3815 2497 3870 simul
2547 3832 2684 3869 cum
2741 3818 2923 3878 Patre,
2978 3820 3258 3870 etsancto
3291 3813 3529 3885 Spiritu,

1885 3922 2041 3964 nunc
2074 3910 2129 3959 et
2154 3920 2404 3975 semper,
2428 3909 2484 3960 et
2507 3905 2568 3959 in
2600 3904 2809 3960 saacula
2834 3903 3210 3959 saaculorum.
3246 3909 3432 3958 Amen
