4034 6206
495 351 597 410 347

1897 343 2156 398 MENSIS
2194 339 2461 398 JULlUS.

3741 343 3844 396 348

497 493 3834 518 _________—________________._______________

498 510 1063 518 ______
1092 510 1095 511 ,
1490 510 1495 511 ,

1576 672 1911 784 ΒΙοΣ
1992 665 2758 783 ΕΥΓΕΝΙΟΥ

1144 916 1338 1001 ΚΑΙ
1398 914 1813 1002 ΜΑΡΙΑΣ
1871 914 2093 999 ΤΗΣ

2256 913 2733 1000 ΥΓΑΤΡΟΣ
2789 909 3182 998 ΑΥΤΟΥ

1158 1244 1625 1387 VITA
1738 1244 2321 1386 ΒΕΑΤί
2435 1242 3219 1391 EUGENII

1722 1528 1822 1588 ET
1866 1527 2135 1587 MARI/E
2177 1525 2407 1586 FILLE
2453 1527 2633 1587 EJUS

955 1687 1161 1749 (Latine
1196 1688 1250 1737 in
1280 1686 1421 1737 Actis
1442 1685 1526 1736 SS.
1565 1686 1801 1743 Bolland,
1833 1684 1901 1736 ad
1927 1683 2067 1733 diem
2105 1685 2163 1735 l7
2190 1683 2344 1742 Julii;
2375 1683 2549 1733 Graece
2579 1698 2643 1733 ex
2672 1684 2788 1734 cod.
2822 1699 2922 1736 ms.
2954 1686 3115 1736 Paris.
3144 1699 3198 1736 n.
3234 1686 3396 1749 1538).

570 1995 610 2047 Ι.
672 1992 735 2047 In
776 1992 876 2048 illo
928 1996 1191 2063 tempore
1223 1996 1348 2048 erat
1376 1991 1464 2045 vir
1489 1989 1732 2061 quidam
1765 1987 1825 2044 in
1858 1986 2149 2059 Bithynia,
2185 1986 2229 2039 A

498 2080 743 2137 nomine
792 2083 1104 2152 EugeniUS.
1144 2085 1192 2135 Is
1219 2080 1485 2136 habebat
1510 2093 1753 2134 uxorem
1776 2076 1942 2131 valde
1972 2078 2148 2132 hone-

502 2176 678 2236 stam,
711 2176 767 2227 et
805 2172 991 2225 Deum
1024 2170 1349 2235 timentem,
1383 2184 1519 2240 quae
1550 2167 1779 2240 peperit
1809 2167 1990 2221 ﬁliam
2023 2167 2151 2221 uni-

500 2275 655 2327 cam,
684 2263 736 2314 et
766 2260 997 2314 vocavit
1022 2275 1239 2316 nomen
1273 2261 1401 2329 ejus
1419 2259 1691 2313 Mariam.
1710 2258 1934 2311 Mortua
1948 2261 2149 2311 autem

501 2349 629 2418 ejus
660 2363 865 2411 uxore,
893 2348 1169 2403 educavit
1192 2348 1372 2403 ﬁliam
1390 2364 1559 2403 suam
1590 2346 1885 2415 Eugenius
1904 2345 1959 2399 in
1992 2344 2149 2399 bona

498 2442 555 2492 et
572 2437 820 2492 honesta
862 2437 998 2493 vita.
1043 2436 1191 2492 Cum
1225 2454 1359 2493 vero
1391 2436 1669 2492 crevisset
1707 2432 2150 2491 adolescentula

501 2526 647 2582 dixit
676 2527 728 2581 ei
756 2530 920 2598 pater
949 2528 1080 2598 ejus
1116 2543 1128 2582 :
1163 2526 1309 2583 Filia
1352 2525 1722 2591 charissima,
1756 2539 1891 2580 ecce
1939 2539 2149 2578 omnes

499 2631 668 2671 meas
717 2616 1029 2672 facultates
1075 2617 1244 2672 trado
1300 2616 1361 2671 in
1393 2631 1610 2671 manus
1660 2618 1810 2669 tuas.
1842 2616 1960 2681 Ego
1990 2612 2149 2667 enim

498 2704 677 2769 vado,
711 2710 775 2760 ut
799 2705 1027 2761 salvam
1054 2705 1271 2761 faciam
1300 2705 1565 2760 animam
1601 2719 1817 2759 meam.
1845 2704 1986 2757 Cum
2022 2701 2149 2755 haec

501 2798 699 2850 autem
731 2810 766 2850 a
826 2798 993 2866 patre
1059 2810 1168 2849 suo
1195 2793 1485 2850 audiisset
1524 2790 1985 2856 adolescentula,
2010 2789 2151 2844 dicit

504 2884 554 2939 ei
603 2901 615 2942 :
652 2885 835 2948 Pater,
877 2889 939 2939 tu
977 2883 1068 2939 vis
1097 2885 1354 2956 teipsum
1380 2897 1637 2947 servare,
1671 2886 1727 2936 et
1752 2896 1848 2936 me
1880 2879 2145 2951 perdere.

497 2974 698 3028 Nescis
748 2974 1066 3028 Dominum
1120 2973 1316 3028 dicere
1374 2974 1435 3027 in
1476 2969 1829 3039 Evangeliis:
1863 2989 1890 3020 «
1948 2971 2151 3022 Pastor

493 3060 691 3116 bonus
721 3061 990 3116 animam
1021 3077 1193 3115 suam
1219 3061 1502 3133 ponitpro
1532 3058 1749 3114 ovibus
1781 3059 1799 3092 ¹
1826 3058 1854 3112 ?
1880 3078 1907 3109 ››
1926 3059 2151 3111 Rursus

495 3164 636 3204 vero
669 3149 808 3204 alibi
829 3150 999 3204 dicit:
1027 3150 1174 3215 «Qui
1196 3149 1420 3204 salvam
1436 3147 1572 3203 facit
1593 3148 1881 3225 animam,
1913 3151 1999 3200 est
2020 3150 2147 3199 tan-

497 3253 684 3309 quam
709 3237 812 3310 qui
832 3242 1010 3293 creat.
1045 3259 1065 3286 »
1097 3241 1227 3293 Haec
1254 3253 1390 3292 cum
1411 3235 1695 3292 audiisset
1710 3238 1877 3307 pater
1891 3234 2018 3304 ejus
2042 3236 2149 3288 Eu-

2335 1986 2410 2041 A'.
2446 1991 2622 2061 Γέγονέ
2674 2009 2753 2052 τις
2805 1989 2934 2062 ἀνὴρ
2988 1988 3033 2042 ἐν
3083 1998 3145 2061 τῇ
3180 1991 3398 2062 Βιθυνίᾳ
3450 1991 3661 2061 ὀνόματι
3706 1988 3844 2059 Εὐγέ-

2259 2096 2381 2137 νιος.
2429 2077 2591 2138 Οὗτος
2645 2081 2772 2150 ἔσχε
2837 2087 3079 2150 γυναῖκα,
3118 2083 3230 2139 ἥτις
3288 2078 3530 2150 ἐγέννησε
3581 2080 3842 2151 θυγάτριον

2259 2175 2504 2237 μονογενῆ
2579 2173 2667 2219 καὶ
2719 2168 2926 2221 ἐκάλεσε
2982 2172 3038 2220 τὸ
3098 2173 3258 2241 ὄνομα
3302 2169 3468 2230 αὐτῆς
3520 2172 3711 2241 Μαρία.
3761 2174 3841 2218 Τε-

2258 2254 2585 2317 λευτησάσης
2620 2254 2678 2308 δὲ
2708 2267 2802 2319 τῆς
2842 2261 3035 2330 μητρὸς
3066 2261 3248 2321 αὐτῆς,
3308 2256 3583 2330 ἀνέθρεψεν
3628 2259 3652 2308 6
3681 2260 3837 2327 πατὴρ

2260 2344 2422 2404 αύτῆς
2454 2348 2530 2396 ἲτό
2570 2343 2783 2397 παιδίον
2833 2346 2879 2397 ἐν
2924 2347 3082 2419 πολλῇ
3138 2350 3468 2399 καταστάσει
3509 2343 3839 2403 διδασκαλίας

2258 2438 2347 2483 καὶ
2397 2442 2563 2504 σεμνῷ
2623 2433 2741 2506 βίῳ.
2804 2436 3132 2497 Αύξηθείσης
3180 2434 3238 2488 δὲ
3290 2444 3385 2496 τῆς
3443 2431 3691 2499 νεάνιδος,
3748 2429 3840 2484 εἶπε

2260 2525 2389 2593 πρὸς
2417 2522 2578 2581 αὐτὴν
2628 2525 2651 2573 6
2706 2528 2877 2597 πατὴρ
2912 2525 3089 2584 αὐτῆς
3144 2529 3351 2589 Τέκνον,
3414 2522 3551 2590 ἰδού,
3602 2524 3759 2575 πάντα
3785 2524 3840 2572 τὰ

2260 2613 2574 2683 ὑπάρχοντά
2601 2633 2690 2685 μοι
2730 2610 2932 2681 δίδωμι
2981 2615 3047 2674 εἰς
3076 2617 3263 2688 χεῖράς
3296 2632 3415 2667 σου·
3460 2614 3557 2684 ἐγὼ
3598 2611 3653 2665 δὲ
3701 2611 3840 2683 ἀπέρ-

2259 2721 2431 2773 χομαι
2481 2700 2528 2753 ἐν
2581 2712 2649 2773 τῷ
2700 2709 3038 2777 μοναστηρίῳ
3109 2709 3203 2762 τὴν
3257 2704 3449 2776 ψυχήν
3508 2723 3605 2775 μου
3665 2710 3834 2753 σῶσαι.

2260 2789 2632 2865 Ἀποκριθεῐσα
2672 2789 2730 2843 δὲ
2780 2795 2809 2850 ἡ
2862 2800 3027 2854 νεᾶνις
3082 2790 3233 2846 εἶπεν·
3280 2796 3476 2866 Πάτερ,
3521 2796 3584 2845 σύ
3617 2796 3703 2850 τὴν
3747 2789 3837 2859 ψυ-

2260 2885 2367 2951 χήν
2425 2900 2517 2932 σου
2578 2880 2735 2943 θελεις
2776 2890 2968 2949 σῶσαι,
3002 2888 3091 2935 καὶ
3133 2887 3225 2941 τὴν
3258 2882 3389 2954 ἐμὴν
3422 2882 3665 2936 ἀπολέσαι
3695 2896 3708 2947 ;
3741 2876 3835 2929 Ούκ

2261 2965 2431 3032 οἶδας,
2466 2971 2545 3020 ὅτι
2588 2969 2723 3041 λέγει
2771 2973 2795 3022 6
2854 2975 3062 3045 Κύριος·
3097 2990 3124 3021 (ι
3154 2972 3211 3024 Ὀ
3266 2977 3467 3044 ποιμὴν
3517 2972 3540 3022 ὁ
3588 2969 3731 3028 καλὸς
3756 2968 3834 3021 τὴν

2258 3056 2444 3128 ψυχὴν
2474 3058 2632 3111 αὐτοῦ
2672 3062 2882 3118 τίθησιν
2913 3063 3038 3136 ὑπὲρ
3084 3070 3182 3112 τῶν
3214 3060 3491 3135 προϐάτων
3521 3076 3533 3126 ;
3558 3081 3576 3107 ι
3627 3062 3709 3109 καὶ
3752 3054 3833 3106 πάι

2258 3145 2334 3196 λιν
2387 3146 2539 3217 λέγει’
2596 3168 2622 3199 (ι
2686 3153 2875 3221 Ψυχὴν
2925 3151 2949 3202 6
3010 3153 3190 3213 σώζων
3236 3152 3391 3203 ἔσται
3450 3154 3517 3211 ὡς
3584 3149 3608 3199 6
3654 3149 3831 3201 κτήσας

2260 3235 2440 3293 αὐτήν.
2477 3255 2503 3287 ››
2555 3244 2733 3289 Ταῦτα
2763 3238 2995 3301 ἀκούσας
3043 3241 3067 3290 6
3114 3244 3279 3314 πατὴρ
3332 3241 3501 3301 αὐτῆς
3543 3238 3669 3308 λέγει
3717 3231 3829 3301 αὐτῇ

495 3308 743 3395 έθηὶυεξ
761 3327 890 3397 ejus
918 3326 1111 3381 verbis
1142 3325 1308 3381 valde
1340 3325 1449 3380 fuit
1469 3324 1715 3380 laatatus.
1750 3323 1952 3378 Flebat
1987 3322 2146 3378 enim

2260 3325 2346 3395 (ὡς
2392 3325 2525 3398 ἐώρα
2572 3326 2733 3385 αὐτὴν
2783 3325 3103 3401 ὀδυρομένην
3154 3335 3242 3382 καὶ
3300 3328 3626 3395 κλαίουσαν)’
3673 3327 3833 3377 Τέκνον

497 3421 554 3473 et
583 3416 867 3487 ejulabat,
928 3432 1067 3471 cum
1128 3416 1255 3471 haec
1320 3416 1537 3471 diceret
1584 3419 1682 3480 ;et
1720 3413 1861 3469 dicit
1890 3413 1939 3467 ei
1981 3417 2149 3483 pater

496 3505 655 3577 ejus:
685 3505 826 3562 Filia
863 3504 1237 3569 charissima,
1298 3504 1401 3576 qui
1463 3520 1713 3576 possum
1766 3502 1873 3558 tibi
1906 3502 2097 3557 facere
2120 3501 2148 3556 ?

493 3598 576 3651 Tu
604 3594 845 3667 quidem
906 3611 967 3650 es
1000 3594 1225 3652 femina
1272 3611 1284 3649 :
1353 3609 1465 3664 ego
1495 3599 1697 3649 autem
1750 3592 1885 3648 volo
1915 3590 2146 3657 ingredi

495 3684 927 3741 monasterium
962 3688 1050 3749 ;et
1074 3684 1383 3756 quomodo
1411 3688 1578 3756 potes
1609 3698 1847 3738 mecum
1886 3680 2147 3735 versari?

498 3773 778 3830 Diabolus
809 3774 969 3830 enim
1001 3779 1243 3846 prOpter
1273 3789 1377 3829 vos
1406 3772 1629 3828 bellum
1677 3771 1826 3841 gerit
1855 3769 2145 3826 adversus

495 3864 594 3919 Dei
625 3879 843 3920 servos.
881 3867 1011 3919 Haec
1041 3880 1181 3920 cum
1205 3863 1495 3919 audiisset
1521 3863 1649 3933 ejus
1680 3861 1820 3926 ﬁlia,
1866 3859 2012 3915 dixit
2044 3874 2144 3928 pa-

491 3954 558 4009 tri
587 3970 695 4010 suo
730 3970 742 4009 :
770 3955 1035 4019 Domine,
1070 3954 1150 4009 mi
1182 3958 1352 4025 pater
1376 3970 1386 4007 :
1410 3968 1531 4009 non
1559 3952 1643 4007 sic
1674 3949 1975 4021 ingrediar
1995 3962 2148 4019 quo-

2258 3433 2378 3485 μου,
2409 3420 2458 3466 τί
2501 3434 2583 3467 σοι
2628 3420 2735 3487 ἔχω
2792 3428 3035 3484 ποιῆσαι,
3093 3422 3172 3472 ὅτι
3223 3419 3324 3491 ἐγὼ
3377 3420 3631 3493 βούλομαι
3667 3413 3710 3465 ἐν
3755 3429 3834 3482 μο⁹

2255 3510 2517 3576 ναστηρίῳ
2566 3505 2827 3573 εἰσελθεῖν,
2880 3515 2967 3561 καὶ
3000 3519 3105 3571 πῶς
3137 3506 3369 3562 δύνασαι
3401 3514 3493 3563 σὺν
3543 3507 3648 3578 ἐμοὶ
3677 3500 3789 3555 εἶναι
3817 3515 3828 3564 ;

2254 3591 2312 3643 Ὀ
2354 3589 2598 3656 διάϐολος
2639 3599 2738 3668 γὰρ
2791 3594 2866 3650 δι’
2895 3600 3036 3671 ὑμῶν
3081 3599 3249 3670 ὀχλεῖ,
3298 3605 3393 3652 καὶ
3444 3599 3687 3672 ταράσσει
3733 3591 3833 3645 τοὺς

2258 3678 2475 3745 δούλους
2527 3692 2617 3736 τοῦ
2667 3694 2820 3741 Θεοῦ.
2850 3687 2912 3740 Ἠ
2961 3685 3020 3740 δὲ
3071 3687 3423 3762 ἀποκριθεῖσα
3478 3688 3625 3757 λέγει·
3683 3678 3828 3748 Οὐχὶ)

2260 3774 2447 3845 Πάτερ,
2531 3774 2623 3826 οὐκ
2713 3776 3072 3849 εἰσελεύσομαι
3125 3780 3292 3839 καθὼς
3375 3783 3441 3830 σὺ
3481 3777 3660 3846 λέγεις,
3718 3766 3831 3818 ἀλλά

2256 3859 2589 3934 ἀποθρίξασα
2613 3869 2706 3922 τὴν
2753 3870 2918 3937 κόμην
2950 3875 3041 3927 τῆς
3066 3866 3292 3939 κεφαλῆς
3319 3887 3443 3939 μου,
3492 3869 3579 3917 καὶ
3621 3854 3828 3930 ἀνδρεῖον

2264 3958 2453 4022 σχῆμα
2475 3951 2828 4019 ἀναλαϐοῦσα,
2870 3956 3035 4017 οὕτως
3064 3960 3195 4028 μετὰ
3227 3964 3320 4009 σοῦ
3349 3956 3637 4026 ἐλεύσομαι.

496 4042 675 4099 modo
705 4047 768 4098 tu
815 4043 985 4110 dicis,
1021 4043 1121 4099 sed
1152 4043 1415 4099 tondebo
1465 4057 1702 4098 comam
1752 4038 1976 4111 capitis,
2031 4042 2085 4091 et
2141 4034 2350 4093 induta
2380 4046 2540 4096 veste
2598 4043 2769 4109 virili,
2822 4044 3123 4115 ingrediar
3154 4051 3350 4101 tecum
3408 4036 3824 4101 monasterium,

492 4132 732 4187 nemine
772 4133 1009 4199 sciente,
1040 4149 1136 4188 me
1166 4148 1295 4187 esse
1317 4132 1623 4187 feminam.

559 4224 623 4275 ll.
660 4224 867 4277 Beatus
893 4227 1091 4278 autem
1116 4222 1427 4293 Eugenius,
1470 4219 1707 4285 auditis,
1743 4233 1878 4289 quae
1910 4214 2147 4269 dicebat

487 4309 629 4380 ﬁlia,
658 4310 831 4366 valde
852 4311 1103 4378 laetatus,
1126 4328 1263 4367 cum
1277 4311 1481 4367 omnia
1498 4310 1662 4364 bona
1680 4324 1789 4363 sua
1815 4303 2147 4361 distribuis-

492 4404 578 4455 set
608 4401 971 4471 pauperibus
1002 4407 1059 4457 et
1080 4400 1387 4465 mendicis,
1418 4398 1819 4469 orphanisque
1851 4399 1908 4450 et
1931 4391 2143 4454 viduis,

489 4492 547 4545 et
576 4488 925 4545 totondisset
954 4506 1124 4545 suam
1144 4490 1345 4554 ﬁliam,
1374 4487 1901 4543 viriliamictueam
1931 4481 2141 4545 induit,

490 4582 548 4633 et
572 4578 909 4635 nominavit
968 4595 1189 4635 nomen
1232 4579 1360 4649 ejus
1406 4578 1716 4643 Marinum,
1757 4575 1885 4630 haac
1915 4572 1967 4628 ei
1993 4572 2143 4627 dans

490 4666 778 4724 mandata
807 4668 998 4733 :Vide,
1021 4667 1162 4733 ﬁlia,
1186 4667 1561 4741 quomodote
1585 4666 1663 4720 sis
1682 4667 2132 4720 conservatura.

494 4758 707 4812 Futura
736 4758 895 4812 enim
910 4758 1042 4812 esin
1057 4757 1423 4826 medioignis
1456 4752 1952 4823 ;noningreditur
1982 4755 2141 4806 enim

492 4844 717 4901 femina
744 4846 804 4901 in
845 4846 1294 4902 monasterium.
1330 4848 1404 4901 Te
1432 4860 1572 4913 ergo
1600 4859 1890 4898 conserva
1914 4842 2139 4897 Christo

487 4933 958 5003 immaculatam,
982 4934 1650 5005 utcumimpleverimus
1674 4933 1731 4987 id
1750 4931 1909 5004 quod
1934 4947 2140 4986 sumus

492 5024 757 5095 polliciti,
776 5023 1285 5093 habeamurdigni
1311 5038 1496 5093 regno
1514 5022 1824 5078 cwlorum.
1848 5021 1976 5077 haec
2003 5038 2139 5076 cum

491 5112 1929 5185 dixissetEugenius,etprecatusessetassumens
1954 5110 2137 5165 ﬁliam

493 5218 668 5259 suam
700 5204 938 5259 Mariam
965 5202 1025 5257 in
1054 5202 1261 5257 habitu
1292 5200 1701 5267 adolescentis,
1734 5201 2037 5269 ingressus
2055 5204 2141 5254 est

493 5291 855 5346 coenobium.
886 5292 979 5347 Eis
994 5294 1191 5346 autem
1213 5289 1495 5359 ingressis
1517 5290 1574 5343 in
1602 5289 2053 5351 monasterium,
2078 5288 2137 5342 in

494 5378 618 5434 dies
648 5380 1000 5450 proﬁciebat
1028 5379 1216 5451 puella
1262 5380 1321 5434 in
1356 5382 1519 5435 omni
1567 5380 1797 5443 virtute,
1859 5378 2138 5435 obedien-

564 5610 752 5664 1Joan
785 5627 839 5682 κ,
882 5610 967 5663 ll.

2330 4216 2399 4270 B'.
2451 4216 2508 4270 Ὀ
2557 4217 2615 4272 δὲ
2656 4226 2848 4294 πατὴρ,
2902 4219 3169 4295 διανείμας
3233 4226 3403 4277 πάντα
3442 4226 3505 4275 τὰ
3550 4218 3827 4288 ὑπάρχοντα

2257 4304 2393 4377 αὖτῷ
2448 4317 2552 4370 τοῖς
2596 4313 2803 4380 πένησι,
2855 4318 2943 4364 καὶ
3001 4312 3287 4387 ἀποθρίξας
3364 4319 3459 4371 τὴν
3526 4314 3681 4380 κόμην
3747 4308 3827 4356 τῆς

2256 4397 2477 4467 κεφαλῆς
2533 4400 2712 4465 αὐτῆς,
2772 4401 3063 4476 περιέϐαλεν
3136 4402 3295 4460 αὐτὴν
3350 4399 3582 4473 ἀνδρεῖον
3656 4398 3825 4463 σχῆμα

2254 4491 2342 4538 καὶ
2419 4487 2744 4561 ἐπωνομασεν
2828 4492 2990 4549 αύτὴν
3070 4498 3318 4564 Μαρῐνον,
3375 4496 3463 4543 καὶ
3510 4477 3823 4561 παρήγγειλεν

2254 4576 2383 4649 αὐτῇ
2438 4579 2612 4648 λέγων·
2663 4580 2834 4643 Βλέπε,
2892 4584 3081 4647 τέκνον,
3133 4590 3242 4642 πῶς
3298 4577 3564 4654 διατηρεῐς
3602 4570 3819 4625 σεαυτήν

2253 4666 2349 4717 ἀνὰ
2396 4672 2552 4739 μέσον
2605 4671 2704 4743 γὰρ
2761 4676 2852 4720 τοῦ
2900 4673 3064 4742 πυρὸς
3112 4670 3301 4741 μέλλεις
3356 4668 3574 4740 διάγειν
3626 4654 3821 4733 φύλαξον

2252 4764 2338 4808 οῦν
2370 4756 2555 4816 ἑαυτὴν
2610 4759 2876 4829 ἄμεμπτον
2923 4767 2994 4829 τῷ
3026 4767 3263 4832 Χριστῷ,
3312 4762 3445 4819 ὅπως
3495 4756 3817 4825 πληρωσωμεν

3000 4849 3105 4902 Καὶ
3166 4847 3329 4900 λαϐὼν
3383 4848 3540 4904 αὐτὴν
3609 4835 3816 4894 εἰσῆλθεν

2251 4935 2298 4986 ἐν
2351 4935 2605 5006 κοινοϐίῳ,
2663 4935 2857 5010 Ἡμέρα
2910 4932 2968 4988 δὲ
3034 4941 3123 4988 καὶ
3190 4939 3359 5010 ἡμέρᾳ
3426 4938 3717 5009 προέκοπτεν
3788 4920 3811 4975 ἦ

2249 4851 2339 4904 τὴν
2398 4847 2702 4918 ἐπαγγελίαν
2757 4848 2921 4919 ἡμῶν.

2250 5032 2371 5084 παῖς
2426 5025 2497 5085 εἰς
2545 5030 2719 5077 πᾶσαν
2796 5024 2978 5098 ἀρετὴν
3046 5031 3134 5077 καὶ
3211 5026 3283 5086 εἰς
3343 5026 3530 5082 πολλὴν
3584 5020 3811 5071 ἄσκησινο

2250 5116 2435 5175 Πάντες
2482 5111 2569 5166 οὖν
2646 5117 2693 5166 οἱ
2764 5112 2977 5186 ἀδελφοὶ
3058 5114 3294 5187 ἐνόμιζον
3366 5116 3524 5171 αὐτὴν
3592 5107 3812 5170 εὐνοῦχον

2250 5200 2375 5255 εἶναι
2432 5201 2523 5255 διὰ
2576 5209 2633 5256 τό
2684 5202 2904 5275 ἀγένειον
2959 5208 3048 5256 καὶ
3095 5204 3273 5256 λεπτὸν
3323 5214 3383 5278 τῇ
3434 5202 3635 5275 ἀφωνία·
3669 5193 3809 5259 ἕτεροί

2250 5290 2308 5345 δὲ
2366 5294 2740 5366 ὑπελάμϐανον,
2786 5295 2867 5345 ὅτι
2918 5292 3019 5344 ἀπὸ
3074 5293 3267 5355 πολλῆς
3313 5294 3601 5368 ἐγκρατείας
3641 5284 3691 5333 τὸ
3731 5273 3810 5326 διὰ

2250 5380 2346 5434 δύο
2369 5385 2570 5459 ἡμερῶν
2603 5382 2790 5436 ἐσθίειν
2820 5382 3003 5441 αὐτὴν.
3038 5382 3224 5443 Συνέϐη
3250 5381 3309 5436 δε
3340 5389 3422 5436 τὸν
3455 5381 3638 5449 πατέρα
3664 5368 3807 5421 αὑτῆς
