4034 6206
253 326 354 379 349
1409 326 1575 380 VITA
1614 327 1667 380 S.
1712 324 2005 383 EUGENII
2045 325 2131 380 ET
2171 326 2445 382 MARUE.
3509 334 3615 390 350

243 450 576 517 τελευτῆσαι,
627 453 717 501 καὶ
756 452 1050 522 προσέθηκε
1100 457 1162 523 τῇ
1216 449 1443 509 ἀσκήσει
1480 455 1568 504 καὶ
1617 451 1836 524 ὑπακοῇ,

2016 467 2159 525 aque
2209 457 2266 509 et
2322 453 2656 512 humilitate
2704 457 2760 511 et
2811 453 2871 509 in
2913 454 3125 525 majori
3174 456 3609 515 exercitatione.

236 543 378 592 ὥστε
429 544 521 591 καὶ
575 542 824 613 χάρισμα
880 540 1040 597 αὐτὴν
1112 539 1282 593 λαϐεῖν
1357 544 1498 615 παρά
1568 548 1657 593 τοῦ
1714 549 1829 595 Θεοί

2019 558 2107 597 im
2140 559 2280 598 vero
2313 543 2539 616 aliquot
2563 559 2755 599 annos
2778 543 3101 615 peregisset
3125 543 3293 600 beate
3316 545 3377 601 in
3406 563 3612 605 mona-

233 634 379 682 κατα
425 626 687 701 δαιμόνων
724 647 734 657 ⁸
781 634 923 699 ᾧτινι
974 633 1074 704 γὰρ
1134 638 1232 681 τῶν
1274 629 1623 683 ἀσθενούντων
1676 633 1826 683 ἐπετί-

2020 632 2153 699 erio,
2178 632 2596 689 existimabant
2617 633 2895 689 monachi
2922 648 3059 688 eum
3085 648 3219 687 esse
3241 637 3582 693 eunuchum
3600 677 3613 703 ,

237 721 318 770 θει
351 723 447 779 τὰς
474 726 681 789 χεῖρας,
710 726 1047 792 παραχρῆμα
1087 719 1217 770 ἰᾶτο.
1248 717 1377 791 Εἶχε
1410 716 1469 771 δὲ
1504 724 1561 772 τὸ
1593 720 1830 771 κοινόϐιοπ

2021 726 2271 792 'opterea
2300 723 2461 794 quod
2492 728 2647 779 esset
2673 722 2961 778 imberbis
3003 728 3060 778 et
3081 738 3224 777 voce
3257 724 3482 791 gracili.
3506 726 3614 782 Alii

231 811 647 882 τεσσαράκοντα
698 806 896 881 ἄνδρας
941 812 1035 860 σὺν
1102 809 1231 880 αὐτῇ
1294 809 1472 879 ἁγίους
1529 828 1538 839 ’
1595 812 1729 861 κατὰ
1787 807 1820 861 δ

2023 815 2157 865 item
2203 812 2644 879 existimabant,
2675 829 2796 884 prin
2840 812 3027 867 nimia
3075 813 3508 884 exercitatione,
3561 819 3616 870 et

230 906 388 968 μῆνα
416 903 666 969 τέσσαρες
707 906 806 950 τῶν
836 894 1069 970 ἀδελφῶν
1100 897 1467 951 ἀπεστελλοντο
1501 899 1573 960 εἰς
1601 902 1689 959 τὰς
1720 902 1821 951 ἀπο

2020 900 2121 955 iod
2153 900 2348 956 solum
2379 902 2644 957 secundo
2682 917 2921 973 quoque
2952 901 3048 956 die
3079 902 3439 970 comederet,
3476 919 3613 959 eum

228 992 447 1059 κρίσεις
472 996 566 1040 τοῦ
587 992 961 1060 μοναστηρίου,
982 985 1075 1040 διὰ
1099 992 1156 1039 τὸ
1186 991 1325 1060 ἔχειν
1354 988 1541 1050 αὐτούς
1568 994 1658 1041 καὶ
1686 988 1818 1041 ἁλλω

2024 1005 2085 1045 se
2101 1006 2246 1045 voce
2261 990 2412 1045 adeo
2424 991 2607 1046 tenui.
2628 991 2841 1059 Aliquo
2862 1006 3002 1045 vero
3020 995 3154 1062 post
3181 995 3447 1063 tempore
3474 1007 3615 1047 con-

229 1077 607 1151 ἇιναχωρητῶν
670 1082 762 1135 τὴν
802 1075 1075 1150 φροντίδα.
1123 1077 1219 1131 ’Ἦν
1261 1074 1321 1130 δὲ
1368 1083 1523 1150 μέσον
1570 1088 1661 1139 τῆς
1718 1075 1822 1131 ὁδοε

2018 1080 2085 1149 git
2122 1080 2250 1150 ejus
2288 1084 2519 1151 patrem
2569 1080 2883 1136 decedere:
2932 1080 3367 1136 incrementum
3411 1085 3611 1136 autem

227 1164 570 1239 πανδοχεῖον
606 1183 619 1195 ’
659 1172 749 1219 καὶ
775 1170 1055 1238 ὑπάγοντες
1093 1172 1183 1219 καὶ
1229 1167 1505 1241 ἐρχόμενοι
1537 1171 1583 1220 οἱ
1634 1165 1820 1240 ἁδελφο

2018 1168 2187 1239 :cepit
2216 1168 2342 1239 ejus
2387 1169 2745 1234 exercitatio,
2797 1168 3138 1225 obedientia
3170 1174 3226 1224 et
3270 1168 3611 1235 humilitas;

230 1253 333 1308 διὰ
368 1261 427 1308 τό
460 1262 659 1330 μακρόν
688 1266 782 1317 τῆς
811 1254 937 1308 ὀδοῦ
962 1256 1273 1309 ἀνεπαύοντο
1296 1256 1459 1309 ἐκεῖσε
1494 1274 1506 1287 ’
1543 1257 1590 1308 ἐν
1621 1266 1692 1318 οῖς
1720 1259 1816 1310 πολ

2020 1258 2109 1313 leo
2150 1262 2212 1312 ut
2242 1259 2377 1329 ipsa
2402 1274 2642 1331 quoque
2673 1258 2901 1314 donum
2935 1258 3035 1313 Dei
3076 1259 3368 1329 acceperit
3411 1264 3613 1315 contra

227 1346 328 1404 λήν
368 1348 640 1419 θεραπείαν
665 1353 910 1421 παρεῖχεν
935 1346 1109 1408 αὐτοῖς
1141 1348 1166 1398 6
1192 1344 1333 1399 πάνδ
1337 1347 1394 1409 οξ
1402 1391 1413 1414 ,
1448 1344 1685 1419 ύποδεχό
1699 1367 1817 1419 μενο

2019 1362 2283 1403 emones.
2318 1350 2815 1420 Unumquemque
2839 1347 2995 1403 enim
3024 1363 3233 1403 eorum
3250 1348 3351 1419 qui
3376 1348 3612 1404 labora-

228 1436 432 1497 αὐτοὺς
462 1432 784 1497 ἰδιάζοντας.

2020 1442 2103 1492 int
2131 1441 2188 1491 et
2207 1437 2602 1505 vexabantur,
2632 1453 2847 1493 manus
2878 1437 2963 1491 eis
2990 1436 3306 1507 imponens
3337 1441 3392 1492 et
3413 1452 3613 1505 orans,

229 1526 491 1581 curabat
530 1525 822 1596 protinus.
854 1524 1123 1581 Habebat
1154 1530 1355 1580 autem
1394 1524 1540 1580 illud
1570 1526 1911 1583 coenobium
1956 1525 2359 1597 quadraginta
2389 1526 2547 1582 viros
2581 1527 2746 1582 omni
2785 1526 2993 1581 virtute
3024 1530 3079 1581 et
3118 1525 3408 1596 sapientia
3447 1541 3617 1582 exor-

233 1621 434 1671 natos.
472 1613 730 1683 Singulis
760 1630 901 1669 vero
930 1614 1238 1670 mensibus
1263 1614 1653 1670 mittebantur
1681 1621 1940 1687 quatuor
1972 1615 2253 1671 monachi
2284 1616 2361 1671 ad
2386 1631 2679 1687 responsa
2710 1615 3075 1679 monasterii,
3106 1622 3423 1687 propterea
3449 1615 3616 1687 quod

234 1703 668 1775 ipsihaberent
718 1702 777 1758 in
805 1702 937 1757 aliis
962 1718 1203 1775 quoque
1234 1702 1377 1758 locis
1409 1703 1676 1759 diversas
1710 1706 2142 1775 possessiones.
2170 1708 2301 1762 Erat
2326 1710 2527 1762 autem
2558 1706 2617 1761 in
2648 1705 2847 1761 media
2866 1706 2962 1761 via
2987 1706 3402 1769 diversorium,
3427 1710 3483 1761 et
3508 1705 3613 1777 qui

234 1794 479 1848 ibantet
501 1792 838 1861 veniebant,
864 1797 1105 1863 propter
1134 1792 1355 1847 itineris
1383 1792 1823 1862 longitudinem
1856 1794 1977 1851 illic
2006 1795 2476 1867 requiescebant.
2506 1796 2662 1850 Inter
2685 1799 2929 1851 caateros
2961 1798 3162 1850 autem
3204 1809 3493 1864 magnam
3521 1809 3619 1851 eo-

243 1898 371 1936 rum
404 1897 616 1936 curam
648 1881 891 1950 gerebat
916 1882 982 1946 is,
1016 1881 1118 1953 qui
1145 1887 1397 1952 praeerat
1424 1881 1771 1949 diversorio,
1802 1899 1904 1939 eos
1934 1900 2203 1940 seorsum
2228 1883 2791 1954 accipiens.lnvidus
2823 1899 2966 1939 vero
2993 1888 3050 1939 et
3068 1882 3376 1951 malignus
3408 1882 3621 1938 diabo-

245 1972 357 2034 lus,
382 1972 483 2042 qui
512 1970 694 2026 rebus
722 1970 889 2025 bonis
935 1986 1172 2041 semper
1204 1970 1446 2035 invidet,
1496 1971 1659 2027 mala
1692 1978 1892 2028 autem
1925 1974 2003 2029 ad
2036 1990 2095 2029 se
2138 1973 2393 2037 attrahit,
2428 1988 2583 2042 aegre
2621 1972 2813 2028 ferens
2845 1972 3025 2042 hujus
3082 1972 3277 2028 beatae
3326 1972 3386 2027 in
3430 1974 3615 2027 Deum

239 2076 531 2125 amorem,
546 2059 1132 2131 pulcherrimamque
1150 2066 1203 2114 et
1218 2059 1706 2117 honestissimam
1725 2062 1961 2117 vivendi
1977 2062 2289 2126 rationem,
2311 2060 2981 2133 studuitaliquantulam
3006 2061 3270 2117 eilabem
3296 2061 3530 2116 inurere
3556 2064 3615 2115 et

233 2164 305 2204 ea
316 2166 374 2203 m
396 2148 518 2204 aﬂli
524 2163 681 2219 gere.

304 2272 379 2325 Γ.
444 2272 522 2325 Ἐν
579 2278 674 2344 μιᾷ
730 2268 817 2324 οὖν
870 2281 969 2324 τῶν
1022 2274 1224 2345 ἡμερῶν
1282 2274 1768 2347 προσκαλεσάμενος
1822 2275 1897 2329 ὁΙ

2030 2276 2125 2331 Ill.
2171 2275 2447 2342 Quodam
2504 2276 2702 2346 itaque
2746 2275 2864 2340 die,
2902 2273 3222 2347 prtefectus
3264 2273 3616 2341 monasterii

228 2364 517 2431 ἡγούμενος
568 2365 653 2412 τόν
704 2360 865 2413 ἁϐϐᾶν
916 2368 1141 2434 Μαρῐνον
1186 2362 1320 2432 λέγει
1376 2362 1516 2431 αύτῲ
1551 2382 1562 2393 '
1608 2360 1821 2435 Ἀδελφὲ

2020 2365 2243 2420 :cersito
2298 2364 2545 2426 Marino,
2601 2364 2745 2420 dicit
2797 2365 2890 2419 ei:
2948 2367 3142 2419 Frater
3210 2364 3448 2428 Marine,
3493 2364 3613 2418 scio

224 2450 527 2520 ἐπίσταμαί
556 2458 649 2502 σου
680 2456 773 2509 τὴν
815 2450 1073 2502 πολιτείαν
1114 2455 1198 2501 καὶ
1240 2455 1298 2502 τό
1340 2456 1456 2525 περὶ
1487 2456 1574 2510 τὴν
1609 2454 1812 2510 ὑπακοὴ

2026 2472 2120 2510 am
2149 2455 2278 2510 vitae
2306 2455 2549 2523 agendae
2576 2455 2868 2509 rationem
2895 2470 3024 2509 esse
3055 2453 3377 2525 perfectam
3406 2453 3466 2508 in
3490 2469 3619 2509 om-

225 2536 532 2591 σπουδαῖον
574 2541 655 2590 ὅτι
684 2539 867 2599 τέλειος
918 2536 1039 2591 εἶὲν
1070 2546 1230 2591 πᾶσιν
1284 2557 1296 2569 ·
1334 2540 1547 2597 θέλησον
1596 2537 1682 2592 οὖν
1716 2540 1818 2604 ἐξελ

2019 2544 2152 2607 bus,
2213 2549 2267 2598 et
2297 2543 2595 2614 praecipue
2638 2543 2697 2597 in
2748 2542 3107 2598 obedientia.
3164 2543 3313 2597 Velis
3362 2558 3504 2611 ergo
3554 2547 3611 2598 tu

226 2630 345 2679 θεῖν
402 2628 466 2687 εἰς
527 2634 618 2686 τὴν
677 2625 947 2680 διακονίαν
1010 2636 1099 2680 τοῦ
1153 2634 1529 2703 μοναστηρίου,
1578 2626 1759 2687 ἐπειδὴ
1795 2649 1819 2681 ο

2014 2647 2200 2702 ioque
2257 2631 2477 2699 egredi,
2508 2637 2570 2685 ut
2598 2631 2899 2687 ministres
2931 2631 3295 2685 monasterio
3324 2632 3352 2683 ‘2
3378 2632 3607 2685 Fratres

224 2714 455 2787 ἀδελφοὶ
512 2718 789 2769 λυποῦνται
838 2722 908 2787 μὴ
952 2716 1290 2791 ἐξερχομένου
1351 2738 1444 2770 σου
1488 2738 1499 2750 ·
1544 2726 1696 2771 τοῦτο
1738 2722 1817 2793 γα,

2015 2722 2111 2775 lim
2144 2736 2297 2790 aegre
2326 2721 2540 2786 ferunt,
2568 2726 2617 2773 te
2640 2720 2716 2775 ad
2750 2720 2809 2774 id
2838 2735 2961 2774 non
2985 2719 3201 2787 egredi.
3240 2722 3358 2774 Hoc
3411 2724 3608 2775 autem

224 2811 509 2866 ποιοῦντός
560 2826 675 2868 σου,
730 2805 938 2858 πλείονα
1008 2808 1196 2872 μισθὸν
1266 2813 1491 2879 κομήσει
1548 2811 1690 2882 παρὰ
1749 2828 1817 2859 τοι

2017 2811 2248 2876 ciens,o
2278 2808 2379 2875 ﬁli,
2417 2810 2709 2879 majorem
2735 2808 2990 2879 accipies
3018 2809 3350 2863 mercedem
3380 2825 3415 2863 a
3446 2808 3610 2863 beni-

222 2902 373 2947 Θεοῦ
426 2896 805 2971 φιλανθρώπου.
874 2901 974 2948 Καὶ
1009 2898 1033 2947 6
1085 2903 1313 2970 Μαρίνος
1374 2904 1540 2949 ταῦτα
1610 2896 1811 2949 ἁκούσα

2000 2914 2067 2955 [ιο
2099 2905 2154 2953 et
2180 2898 2455 2954 clementi
2490 2900 2625 2952 Deo.
2664 2898 2891 2952 Etenim
2924 2897 3210 2952 Dominus
3232 2912 3475 2968 quoque
3505 2912 3593 2952 nov

220 2991 551 3057 προσπεσών
588 2986 727 3055 αύτῷ
782 2986 916 3056 λέγει
949 3007 960 3018 ·
998 2981 1175 3051 Εὖξαι,
1233 2988 1418 3059 Πάτερ,
1470 2992 1559 3038 καὶ
1603 2989 1731 3039 ὅπου
1777 2986 1813 3037 ἆ·

2010 3004 2064 3044 er
2092 2990 2246 3043 Deus
2281 3003 2401 3043 non
2440 2987 2800 3056 dedignatus
2830 2990 2917 3042 est
2958 2986 3291 3041 ministrare
3332 2986 3453 3041 suis
3484 2986 3603 3041 dis-

221 3075 443 3147 κελεύης
505 3094 614 3145 μοι,
671 3074 769 3146 ἐγὼ
855 3073 1177 3146 ἀπέρχομαι.
1256 3075 1573 3138 Ἐξελθόντος
1638 3074 1724 3128 οὖν
1788 3075 1814 3128 ἐ

2011 3078 2180 3149 pulis.
2209 3080 2341 3133 Haec
2373 3094 2511 3133 cum
2543 3076 2834 3132 audiisset
2865 3076 3143 3141 Marinus,
3164 3092 3225 3131 se
3257 3077 3507 3147 projecit
3528 3076 3604 3132 ad

224 3169 333 3235 μιᾷ
363 3172 454 3215 τοῦ
504 3162 639 3215 ἀϐϐᾶ
686 3168 918 3238 Μαρίνου
966 3167 1059 3215 σὺν
1107 3171 1212 3224 τοῖς
1256 3164 1428 3225 ἄλλοις
1470 3171 1639 3239 τρισὶν
1681 3162 1817 3218 ἀδελ-

2009 3167 2128 3222 εόοε
2160 3167 2437 3237 praefecti,
2470 3166 2712 3224 dicens:
2748 3167 2901 3221 Bene
2942 3181 3186 3237 precare
3229 3164 3396 3233 mihi,
3429 3180 3602 3221 vene-

228 3262 345 3323 ?oi;
404 3251 728 3317 διακονίσαι,
807 3259 895 3305 καὶ
950 3253 1351 3306 καταλυσάντων
1425 3255 1588 3307 αὐτῶν
1663 3255 1710 3307 ἐν
1764 3264 1821 3326 τᾷ

2007 3257 2128 3311 nde
2142 3260 2327 3321 Pater,
2344 3262 2397 3311 et
2414 3271 2525 3324 ego
2541 3255 2641 3310 ibo
2655 3271 3018 3327 quocunque
3044 3255 3316 3309 volueris.
3350 3256 3600 3325 Egresso

230 3340 564 3413 πανδοχείῳ,
618 3342 803 3401 συνέϐη
850 3346 963 3394 τινὰ
1020 3350 1341 3417 στρατιώτην
1392 3341 1692 3418 διαφθεῖραι
1740 3349 1823 3404 τὴν

2011 3351 2140 3401 item
2181 3345 2401 3402 Marino
2437 3348 2491 3399 et
2537 3344 2666 3398 aliis
2719 3344 2907 3399 tribus
2950 3343 3258 3398 monachis
3312 3348 3373 3398 ut
3427 3343 3604 3398 mini-

230 3436 499 3503 θυγατέρα
542 3440 633 3483 τοῦ
688 3429 985 3503 πανδοχου,
1036 3436 1104 3494 ὡς
1133 3438 1221 3485 καὶ
1268 3432 1437 3485 λαϐεῖν
1482 3434 1646 3492 αὐτὴν
1701 3437 1823 3487 κατά

2012 3438 2215 3499 rarent,
2249 3434 2628 3499 diverterunt,
2665 3439 2726 3487 ut
2751 3438 3208 3497 consueverant,
3240 3433 3316 3488 ad
3349 3432 3489 3488 illud
3521 3433 3605 3487 di—

226 3528 487 3595 γαστρος.
537 3520 662 3575 Εἷπε
718 3518 775 3573 δὲ
834 3521 965 3593 αὐτῇ
1031 3523 1056 3572 6
1114 3522 1497 3593 στρατηλάτης,
1558 3525 1658 3586 ότι,
1714 3522 1819 3575 Ἐἁι

2018 3523 2291 3578 rsorium.
2349 3522 2456 3587 Qui
2488 3526 2688 3576 autem
2721 3527 2974 3592 praeerat
3014 3521 3365 3589 diversorio,
3420 3521 3607 3576 habe-

227 3614 435 3682 γνωσθῇ
498 3619 567 3680 τῷ
598 3615 757 3685 πατρί
813 3629 931 3675 σου,
992 3610 1099 3663 εἰπε
1155 3610 1313 3663 ὃτιὉ
1364 3617 1607 3683 νεώτερος
1666 3613 1691 3663 6
1743 3620 1820 3664 τοί

2013 3616 2048 3667 τι
2103 3612 2289 3666 filiam
2345 3610 2607 3666 unicam.
2667 3611 2824 3667 Miles
2886 3626 3025 3665 vero
3078 3610 3327 3681 quidam
3380 3610 3606 3679 ingres-

226 3699 492 3752 κοινοϐίου
537 3701 562 3750 ό
590 3696 792 3761 εὐειδὴς
827 3701 851 3751 6
882 3699 1149 3771 λεγόμενος
1197 3706 1426 3775 Μαρῐνος
1460 3698 1647 3762 ἐκεῖνος
1701 3699 1819 3753 ἐκοι-

2019 3717 2046 3755 s
2107 3700 2517 3762 diversorium,
2594 3698 2647 3753 ei
2723 3698 2916 3754 attulit
3002 3699 3245 3753 vitium:
3325 3714 3396 3754 ea
3470 3714 3606 3754 vero

227 3792 373 3859 μὰθη
396 3789 510 3861 μετ’
540 3787 682 3860 ἐμοῦ.
706 3792 807 3841 Καὶ
829 3784 953 3849 δοὺς
975 3788 1105 3861 αύτῇ
1136 3792 1193 3841 τό
1219 3797 1278 3848 τῆ
1296 3809 1317 3849 ς
1338 3791 1534 3861 φθορᾶς
1558 3789 1820 3863 ἐπορεύθη

2013 3790 2236 3862 ηῐιοορὶῐ.
2298 3789 2583 3860 Praecepit
2642 3792 2843 3844 autem
2896 3786 2989 3841 ille
3021 3787 3209 3854 miles,
3262 3788 3465 3841 dicens
3505 3803 3516 3841 :
3553 3786 3606 3843 Si

230 3883 385 3938 Γνοὺς
415 3875 474 3931 δὲ
503 3877 614 3949 μεθ’
640 3880 839 3950 ἡμέρας
878 3879 902 3929 ό
947 3883 1120 3951 πατὴρ
1173 3878 1356 3951 αὐτῇς,
1393 3879 1641 3951 ἐξῄτησεν
1674 3879 1823 3938 αύτὴι

2015 3894 2072 3933 ec
2100 3893 2194 3933 res
2227 3878 2399 3933 fuerit
2430 3878 2691 3948 cognita,
2726 3879 2783 3931 et
2822 3882 2873 3930 te
2901 3875 3367 3931 examinaverint
3396 3875 3477 3930 tui
3508 3890 3608 3946 pa-

223 3967 385 4037 λέγων
433 3982 445 3992 ’
490 3968 645 4018 Πόθεν
673 3986 757 4018 σοι
787 3975 938 4019 τοῦτο
976 3982 989 4033 ;
1022 3972 1121 4020 Καὶ
1152 3966 1296 4020 ἔϐαλε
1338 3972 1432 4026 τὴν
1457 3968 1624 4020 αἰτίαν
1670 3967 1816 4020 ἐπάνο

2016 3974 2159 4031 ntes,
2204 3967 2362 4022 unde
2397 3966 2512 4022 hoc
2564 3966 2787 4021 factum
2832 3964 2923 4030 sit,
2975 3964 3069 4019 dic
3122 3967 3238 4019 eis:
3290 3966 3609 4019 Formosus

224 4064 317 4107 τοῦ
357 4060 588 4127 Μαρίνου
604 4100 615 4112 ,

2016 4072 2043 4111 e
2064 4056 2266 4126 junior
2293 4055 2628 4111 monachus
2658 4070 2884 4110 mecum
2917 4053 3175 4121 dormiit,
3208 4056 3263 4108 et
3287 4067 3440 4108 exeo
3463 4066 3609 4107 con—

222 4146 375 4217 cepi.
395 4144 721 4216 Postquam
750 4160 888 4213 ergo
908 4145 1127 4214 egressi
1149 4144 1393 4199 fuissent
1410 4145 1687 4201 monachi
1712 4145 1889 4201 simul
1907 4162 2047 4202 cum
2078 4145 2319 4211 Marino,
2344 4144 2583 4200 rescivit
2604 4149 2770 4214 pater
2788 4143 3000 4214 puella:
3018 4142 3205 4198 ﬁliam
3239 4158 3414 4198 suam
3439 4146 3608 4197 utero

220 4235 588 4305 concepisse.
621 4233 730 4298 Qui
760 4233 990 4301 rogavit
1033 4249 1165 4288 eam
1206 4233 1435 4289 dicens:
1476 4234 1788 4290 Undenam
1817 4234 1931 4291 hoc
1963 4234 2063 4290 tibi
2094 4234 2320 4291 factum
2361 4234 2501 4289 est?
2539 4233 2739 4289 Puella
2775 4238 2975 4288 autem
2997 4232 3323 4303 respondit,
3353 4231 3560 4287 dicens
3591 4250 3602 4289 :

218 4322 535 4377 Juniorille
557 4321 809 4377 coenobii
836 4325 1136 4377 formosus
1162 4322 1628 4394 monachus,qui
1647 4323 1859 4379 dicitur
1877 4324 2155 4391 Marinus,
2176 4339 2410 4378 mecum
2426 4322 2749 4387 dormiit,et
2766 4337 2859 4376 me
2874 4325 3286 4393 praegnantem
3314 4319 3597 4377 reddidit.

290 4413 361 4464 Δ’.
403 4412 625 4483 Ἐπάρας
672 4406 760 4463 οὖν
809 4411 969 4469 αὐτὴν
1020 4413 1044 4463 6
1100 4408 1421 4483 πανδοχεὺς,
1486 4418 1826 4485 παραγίνεται

2013 4413 2097 4467 1V.
2135 4414 2280 4468 Cum
2312 4412 2440 4467 haec
2464 4417 2662 4467 autem
2687 4411 2975 4467 audiisset
3008 4411 3319 4482 praefectus
3342 4410 3606 4466 diverso-

220 4500 267 4551 ἐν
317 4509 392 4571 τῷ
437 4505 769 4571 μοναστηρίῳ
821 4501 1025 4574 κράζων
1058 4505 1147 4552 καὶ
1201 4500 1360 4571 λέγων
1392 4518 1403 4529 '
1450 4507 1558 4554 Ποῦ
1605 4500 1746 4553 ἐστιν
1807 4524 1813 4549 4

2016 4547 2029 4571 ,
2061 4518 2237 4556 cursu
2263 4509 2316 4555 et
2348 4517 2485 4557 cum
2519 4516 2739 4571 magna
2766 4500 2857 4555 ira
2882 4499 3043 4554 venit
3070 4501 3129 4554 in
3154 4500 3604 4564 monasterium,

219 4590 413 4649 πλάνος
466 4588 668 4652 ἐκεῖνος,
724 4589 777 4639 ὃν
826 4588 1038 4659 λέγουσι
1094 4594 1410 4663 Χριστιανὸν
1443 4607 1456 4657 ;
1490 4589 1577 4651 Ὠς
1622 4587 1680 4642 δὲ
1715 4610 1812 4642 συν

2022 4608 2079 4646 m
2122 4606 2434 4658 accusans,
2477 4595 2532 4645 et
2562 4590 2793 4644 dicens:
2839 4588 2950 4644 L‘bi
2979 4594 3065 4644 est
3106 4586 3199 4643 ille
3240 4589 3473 4660 planus,
3516 4587 3607 4643 ille

219 4686 443 4737 ηντησεν
473 4677 613 4747 αύτῴ
662 4680 686 4728 6
740 4676 1140 4751 ἁποκρισιάριος
1183 4681 1277 4749 ἔφη
1330 4678 1471 4748 αύτῷ
1529 4693 1541 4705 ⁸
1602 4684 1664 4731 Τί
1709 4682 1812 4751 κράη

2014 4681 2129 4734 lsus
2160 4679 2541 4748 Christianus,
2569 4694 2754 4750 quem
2785 4676 2981 4732 dicitis
3022 4692 3153 4731 esse
3188 4678 3554 4732 monachum
3580 4675 3607 4730 ‘2

222 4770 348 4831 ζεις,
384 4767 552 4839 ἑταῖρε
587 4783 600 4831 ;
634 4767 691 4817 Ὀ
724 4763 781 4818 δε
812 4763 947 4818 εἶπεν
993 4786 1004 4799 ’
1032 4766 1149 4819 Ὀτι
1198 4775 1331 4839 κακῇ
1382 4769 1492 4841 ὥρᾳ
1541 4772 1815 4840 συνέτυχοπ

2026 4784 2164 4823 vero
2194 4768 2382 4823 factus
2414 4773 2501 4822 est
2522 4767 2764 4822 obviam
2787 4766 3207 4837 apocrisiarius
3238 4766 3603 4829 monasterii,

219 4858 361 4927 ύμῖν,
393 4861 483 4907 καὶ
514 4862 583 4924 μη
628 4860 826 4926 γένοιτό
870 4876 959 4926 μοι
1008 4859 1082 4908 ἔτι
1126 4853 1253 4908 ἰδεῖν
1286 4861 1551 4928 μοναχούς
1600 4863 1688 4909 καὶ
1734 4860 1812 4910 ὅσα

2039 4857 2176 4912 dicit
2198 4858 2249 4912 ei
2275 4874 2285 4912 :
2309 4859 2457 4912 Bene
2490 4856 2727 4920 venisti,
2758 4858 2951 4911 frater.
2982 4858 3097 4912 Cur
3126 4870 3187 4909 es
3218 4856 3369 4910 adeo
3405 4855 3601 4919 tristis,

218 4953 463 5001 τοιαῦτα,
511 4944 734 5016 Ὁμοίως
778 4941 835 4996 δὲ
890 4948 979 4996 καὶ
1029 4954 1099 5015 τῷ
1148 4947 1417 5017 ἡγουμένώ
1462 4946 1600 5017 ἔλεγε
1648 4955 1808 4999 ταῦτα

2028 4961 2132 5000 cur
2174 4951 2293 5000 tam
2333 4952 2550 5000 temere
2591 4945 2846 5016 loqueris
2868 4946 2895 4999 ?
2928 4947 3107 5000 Cessa
3137 4959 3482 5015 parumper,
3514 4958 3605 4997 ro-

220 5036 295 5085 ότι
342 5039 415 5086 Τό
462 5033 743 5104 Θυγάτρίόν
793 5053 912 5103 μου,
968 5037 1151 5107 πάτερ,
1204 5034 1229 5085 ὃ
1275 5038 1541 5105 μονογενὲς
1584 5031 1749 5104 εἶχον,
1784 5035 1813 5087 ἐπ

2011 5056 2020 5086 ι
2052 5040 2124 5090 te.
2156 5034 2548 5102 Respondens
2580 5038 2783 5089 autem
2815 5032 3126 5105 praefectus
3160 5031 3486 5096 diversorii,
3521 5030 3604 5085 di-

224 5123 259 5189 ᾧ
290 5120 653 5193 προσεδόκων,
701 5125 779 5172 ὅτι
824 5123 880 5171 τὸ
928 5124 1096 5194 γῆράς
1130 5142 1230 5193 μου
1282 5126 1393 5193 ἔχει
1440 5122 1817 5189 ὅινοιτταυθῆναι1

2012 5126 2128 5183 tei:
2166 5125 2372 5180 Pereat
2401 5125 2571 5189 hora,
2618 5139 2743 5196 qua
2787 5139 3058 5195 unquam
3099 5122 3355 5190 cognovi
3400 5136 3605 5177 mona-

221 5218 307 5263 καὶ
368 5208 486 5263 ἰδού
546 5216 595 5261 τί
672 5210 884 5266 ἐποίησε
932 5230 1023 5282 μοι
1068 5218 1311 5283 Μαρῖνος,
1374 5210 1427 5263 ὃν
1474 5211 1642 5282 λέγετε
1698 5219 1814 5286 Χρι-

2008 5231 2148 5269 tum.
2204 5213 2302 5267 Ηθί
2368 5212 2533 5275 mihi,
2608 5212 2755 5284 quid
2823 5210 3097 5266 accidit?
3166 5209 3319 5274 Quid
3385 5208 3601 5265 faciam

224 5308 459 5355 στιανον.
528 5305 677 5371 Λέγει
731 5298 869 5368 αὐτῷ
919 5302 943 5349 ό
1001 5302 1281 5371 ἡγούμενος
1323 5315 1332 5326 ·
1368 5298 1600 5371 Ἀδελφέ,
1648 5306 1699 5352 τί
1750 5321 1809 5353 σο

2007 5308 2170 5367 item,
2194 5303 2409 5357 nescio.
2439 5304 2582 5357 Cum
2605 5317 2745 5355 vero
2767 5300 2893 5355 haec
2912 5300 3247 5355 rescivisset
3267 5298 3600 5370 praefectus,

221 5396 452 5455 ποιήσω,
506 5394 577 5459 μὴ
628 5393 765 5447 ὄντος
813 5388 971 5439 αὐτοῦ
1016 5385 1119 5441 ὧδε
1154 5406 1166 5455 ;
1196 5388 1242 5440 ἐν
1292 5386 1349 5440 δὲ
1390 5398 1461 5459 τῷ
1492 5390 1814 5465 ύποστρέφειτ

2009 5409 2088 5446 im
2130 5392 2407 5456 accersiit,
2444 5398 2497 5445 et
2537 5389 2703 5445 dicit:
2740 5390 2891 5455 Quid
2924 5388 3021 5444 tibi
3053 5388 3158 5453 vis,
3202 5388 3419 5445 frater?
3453 5388 3602 5453 Quid

221 5478 365 5530 arva
434 5487 527 5537 τῆς
584 5476 874 5541 διακονίας,
936 5473 1087 5529 οὐδέν
1145 5497 1234 5549 μοι
1292 5477 1412 5529 ἄλλο
1468 5476 1609 5529 ἐστιν
1665 5479 1707 5530 εἰ
1760 5500 1814 5549 μὶ

2007 5480 2212 5536 ιιτὶεῐὶε
2241 5481 2269 5537 i’
2300 5478 2580 5535 Praefecto
2606 5482 2805 5535 autem
2848 5478 3191 5534 monasterii
3232 5476 3467 5543 dixitis,
3504 5477 3600 5549 qui

223 5569 406 5630 κιῶξαι
438 5567 596 5619 αὐτόν
627 5566 680 5619 ἐκ
730 5574 821 5619 τοῦ
855 5571 1239 5640 μοναστηρίου.
1290 5569 1595 5628 Φθάσαντος
1637 5564 1694 5619 δε
1743 5577 1816 5619 τοι

2007 5573 2200 5625 reserat
2252 5568 2606 5624 diversorio:
2659 5566 2813 5633 Quid
2862 5566 3006 5624 mihi
3058 5565 3196 5624 volo
3226 5568 3253 5625 ?
3285 5569 3364 5625 De
3393 5569 3600 5624 caetero
