4066 6224
430 354 524 411 351
1834 325 2094 404 MENSIS
2136 344 2403 401 JULIUS.

3693 346 3806 401 352

429 478 666 535 nullum
687 476 943 547 amplius
961 472 1194 530 videam
1218 478 1317 529 aut
1339 474 1689 531 conveniam
1706 473 2091 530 monachum.

2208 467 2342 521 ἀϐϐᾶ
2373 474 2604 544 Μαρίνου
2648 472 2740 521 σὺν
2790 474 2893 529 τοῖς
2948 466 3122 530 ἄλλοις
3162 471 3335 542 τρισὶν
3382 464 3639 541 ἀδελφοῖς,
3667 470 3804 541 λέγει

428 568 753 637 Postquam
788 569 985 620 autem
1016 580 1051 619 a
1073 565 1352 635 prtefecto
1384 580 1587 618 rursus
1616 564 1723 619 fuit
1747 567 1990 632 rogatus
2022 560 2093 614 is,

432 657 534 730 qui
573 653 1202 727 praeeratdiversorio:
1239 654 1677 725 Propterquam
1710 668 1955 708 causam
1972 652 2095 705 haec

431 744 627 802 dicis?
651 744 957 815 respondit
983 743 1194 799 etdixit
1226 760 1241 797 :
1276 743 1480 797 Filiam
1513 743 1806 797 habebam
1834 740 2093 806 unicam,

432 836 491 890 in
524 850 709 905 quam
740 850 905 904 spem
930 848 1126 887 meam
1149 832 1543 897 collocabam,
1568 832 1727 903 quod
1748 847 1819 887 ea
1843 834 2094 885 essetre-

429 925 597 996 quies
629 938 779 978 mea:
825 922 1159 977 senectutis.
1209 924 1347 976 Ecce
1399 938 1534 977 vero
1574 920 1716 993 quid
1751 920 1884 975 fecit
1924 918 2089 973 Mari-

428 1029 544 1068 nus
572 1013 601 1067 ?
631 1029 762 1067 eam
788 1019 1197 1083 praegnantem
1221 1011 1498 1073 reddidit,
1521 1028 1701 1083 quem
1734 1008 1928 1064 dicitis
1967 1022 2094 1061 esse

433 1102 829 1157 Christianum
865 1100 1119 1172 etpium.
1140 1102 1271 1155 Haac
1299 1116 1434 1155 cum
1454 1100 1737 1154 audiisset
1764 1096 2090 1169 praefectus,

432 1192 800 1262 stupefactus
832 1190 972 1243 dicit
1002 1189 1083 1245 ei:
1115 1190 1265 1254 Quid
1298 1206 1537 1261 possum
1568 1189 1671 1243 tibi
1704 1188 1915 1247 facere,
1955 1200 2091 1239 cum

430 1281 556 1353 ipse
582 1296 703 1335 non
724 1280 795 1334 sit
819 1280 911 1333 hic
950 1280 977 1334 ‘I
1003 1280 1110 1335 Sed
1138 1280 1380 1349 quando
1403 1278 1626 1333 venerit
1645 1295 1713 1332 ex
1742 1272 2091 1341 ministerio,

2203 561 2331 629 πρὸς
2372 558 2525 610 αὐτὸν
2558 560 2582 610 6
2612 559 2897 630 ἡγούμενος
2931 577 2942 590 '
2978 558 3120 615 Αὕτη
3176 559 3317 609 ἔστιν
3364 559 3393 615 ἡ
3440 558 3674 612 πολιτεία
3705 580 3798 613 σου

2202 652 2289 699 καὶ
2318 650 2346 705 ἡ
2379 650 2630 714 ἄσκησις,
2660 651 2738 701 ὅτι
2760 648 3146 710 καταλύσαντος
3174 667 3266 699 σου
3300 646 3346 699 ἐν
3373 656 3445 717 τῷ
3476 646 3794 721 πανδοχείῳ,

2204 733 2497 811 διέφθειρας
2528 743 2621 796 τὴν
2655 741 2913 813 θυγατέρα
2965 745 3053 790 τοῦ
3109 733 3382 809 πάνδοχος
3429 756 3440 804 ;
3500 743 3589 791 καὶ
3642 738 3799 790 ἐλθὼν

2202 824 2389 889 ἐκεῖνος
2434 825 2537 880 ὧδε
2596 831 2809 901 θέατρον
2862 830 3001 900 ἡμᾶς
3048 829 3154 889 τοῖς
3202 836 3478 899 κοσμικοῐς
3508 826 3796 901 ἒποιήσεν;

2200 921 2378 967 Ταῦτα
2449 914 2508 969 δὲ
2589 916 2819 978 ἀκούσας
2875 919 2900 969 6
2952 925 3177 989 Μαρῖνος
3250 918 3421 990 ῥίπτει
3480 916 3657 970 ἑαυτὸν
3716 916 3801 969 ἐπὶ

2201 1009 2481 1076 πρόσωπον
2528 1007 2683 1079 λέγων
2738 1025 2748 1036 °
2795 1011 3150 1080 Συγχωρησὸν
3194 1026 3302 1078 μοι,
3345 1009 3524 1079 πάτερ,
3573 1004 3668 1059 διὰ
3715 1010 3803 1059 τὸν

2207 1097 2414 1167 Κύριον,
2449 1098 2527 1148 ὅτι
2556 1100 2622 1158 ὡς
2655 1098 2924 1169 ἄνθρωπος
2970 1095 3278 1155 ἐπλανήθην.
3324 1095 3380 1148 Ὀ
3419 1093 3476 1148 δὲ
3519 1099 3807 1169 ἡγούμενος

2205 1182 2467 1255 ὀργισθεὶς
2526 1185 2754 1248 ἐξέϐαλεν
2818 1186 2973 1237 αὐτὸν
3032 1186 3125 1247 ἔξω
3183 1192 3274 1237 τοῦ
3345 1190 3699 1257 μοναστηρίου
3755 1187 3808 1237 ἐν

2208 1272 2428 1343 ὀλίγαις.

428 1370 574 1425 nihil
592 1374 678 1424 est
700 1368 862 1424 aliud
889 1369 1052 1441 quod
1080 1384 1279 1437 agam,
1316 1368 1424 1422 nisi
1461 1373 1524 1423 ut
1554 1366 1846 1438 expellam
1868 1381 1898 1419 e
1926 1363 2466 1419 monasterio.Cum
2499 1369 2699 1420 autem
2726 1365 2985 1421 venisset
3006 1365 3266 1420 Marinus
3295 1380 3431 1421 cum
3457 1363 3587 1420 aliis
3611 1364 3812 1419 tribus

430 1457 730 1524 fratribus,
760 1458 1005 1513 accersit
1055 1473 1191 1512 eum
1221 1456 1553 1529 praefectus,
1584 1462 1637 1512 et
1662 1454 1899 1511 dicitei:
1926 1450 2257 1515 Abba,haec
2276 1468 2348 1508 ne
2372 1458 2459 1508 est
2481 1457 2581 1509 tua
2612 1454 2848 1510 vivendi
2876 1455 3023 1510 ratio
3048 1459 3105 1510 et
3137 1454 3477 1510 exercitatio
3501 1454 3528 1508 ?
3552 1453 3813 1519 Quando

431 1548 759 1602 diversatus
791 1545 942 1600 fuisti
980 1546 1039 1600 in
1070 1545 1418 1612 diversorio,
1446 1544 1687 1601 attulisti
1720 1543 1919 1599 vitium
1954 1540 2086 1595 tiliae
2131 1540 2380 1610 praefecti
2414 1542 2744 1601 diversorii.
2788 1546 2911 1598 Huc
2944 1548 3142 1599 autem
3177 1544 3422 1598 veniens
3463 1543 3591 1613 ejus
3630 1547 3814 1613 pater

432 1639 725 1708 tanquam
752 1651 857 1707 per
888 1636 1182 1692 theatrum
1215 1636 1477 1692 traduxit
1498 1651 1608 1691 nos
1636 1633 1989 1690 monachos.
2024 1629 2304 1697 Marinus,
2338 1646 2474 1687 vero
2505 1632 2597 1687 his
2626 1632 2868 1697 auditis,
2896 1649 2959 1688 se
2990 1633 3158 1688 humi
3190 1632 3440 1704 projecit
3471 1632 3531 1687 in
3558 1631 3809 1697 faciem,

429 1726 630 1781 dicens
680 1726 985 1797 praefecto:
1021 1725 1307 1781 Condona
1360 1724 1503 1780 mihi
1545 1723 1752 1780 humili
1778 1727 1835 1779 et
1884 1719 2179 1794 peccatori
2226 1726 2465 1792 propter
2498 1722 2841 1786 Dominum,
2894 1739 2928 1778 ο
2960 1726 3149 1794 pater,
3182 1723 3473 1794 quoniam
3510 1727 3813 1793 tanquam

430 1814 616 1870 homo
655 1814 866 1870 erravi.
901 1816 1063 1869 Tunc
1093 1814 1409 1886 praefectus
1442 1814 1494 1869 ei
1526 1815 1733 1880 iratus,
1768 1811 1939 1883 ejecit
1974 1824 2112 1865 eum
2137 1824 2167 1864 e
2197 1811 2589 1868 monasterio.

505 1950 565 2003 V.
589 1950 873 2016 Egressus
904 1951 1101 2004 autem
1129 1948 1338 2004 beatus
1372 1953 1535 2005 extra
1579 1946 1936 2003 vestibulum
1967 1958 2091 1999 mo-

2274 1950 2330 2000 E.
2377 1943 2434 1995 Ὀ
2480 1941 2538 1997 δὲ
2598 1943 2805 2008 ἐξελθὼν
2860 1943 3129 2004 ἐκαθέζετο
3184 1946 3382 2017 αἴθριος
3440 1946 3701 2016 ὑπομένων
3750 1947 3820 1998 τὸ

434 2035 696 2100 nasterii,
724 2036 1065 2091 mansitsub
1083 2037 1205 2101 dio,
1234 2038 1531 2093 sustinens
1561 2036 1752 2105 frigus
1790 2041 1845 2091 et
1876 2040 2091 2089 aestum

434 2140 509 2181 an
520 2141 626 2181 nos
640 2130 773 2180 tres.
790 2126 896 2190 Qui
909 2142 1050 2197 ergo
1064 2126 1549 2197 ingrediebantur
1566 2124 2092 2196 etegrediebantur

435 2231 506 2270 ex
538 2214 922 2279 monasterio,
962 2216 1259 2283 rogabant
1286 2216 1508 2288 ipsum,
1533 2216 1826 2271 dicentes:
1862 2217 1976 2269 Cur
2008 2213 2091 2267 sic

438 2303 631 2371 sedes,
655 2303 828 2372 abba,
864 2302 1117 2359 afﬂictus
1146 2304 1205 2358 in
1239 2305 1572 2361 vestibulo?
1596 2305 1691 2359 Ille
1722 2308 1917 2359 autem
1946 2303 2093 2357 dixit

435 2392 549 2447 eis:
613 2392 906 2457 Quoniam
942 2409 1078 2447 sum
1109 2392 1457 2459 fornicatus,
1508 2400 1822 2465 propterea
1871 2394 2091 2463 ejectus

439 2498 574 2536 sum
608 2496 679 2534 ex
722 2482 1105 2537 monasterio.
1150 2482 1296 2538 Cum
1350 2500 1486 2538 vero
1528 2484 1783 2538 venisset
1822 2480 2090 2553 pariendi

439 2576 676 2642 tempus
714 2569 851 2625 ﬁliae
884 2570 1143 2642 praefecti
1178 2572 1499 2636 diversorii,
1535 2572 1761 2645 peperit
1794 2571 1992 2643 puella
2031 2571 2093 2624 ﬁ-

440 2659 585 2715 lium
608 2659 969 2714 masculum.
1005 2663 1255 2715 Puerum
1288 2666 1487 2716 autem
1512 2661 1718 2717 tollens
1751 2667 1917 2733 pater
1943 2662 2091 2731 ejus,

442 2748 693 2803 venitad
712 2750 1180 2815 monasterium;
1215 2755 1427 2806 etcum
1464 2751 1783 2807 invenisset
1804 2750 2094 2806 Marinum

446 2837 751 2894 sedentem
784 2844 947 2895 extra
974 2839 1422 2905 monasterium,
1458 2840 1705 2911 projecit
1735 2840 1785 2895 ei
1817 2856 2093 2911 puerum,

443 2932 499 2983 et
531 2929 727 2982 statim
756 2928 1014 2982 recessit.
1047 2930 1302 2984 Marinus
1331 2946 1469 2985 vero
1497 2947 1740 2985 sumens
1762 2945 2017 3001 puerum
2038 2930 2096 2984 in

448 3033 680 3081 manus,
715 3016 948 3071 dicebat
981 3016 1352 3073 lamentans:
1381 3019 1480 3073 Hei
1504 3019 1649 3074 mihi
1674 3019 1893 3074 misero
1915 3025 1970 3074 et
1997 3020 2099 3073 abs

435 3104 630 3174 jecto:
682 3120 790 3173 ego
827 3110 980 3159 certe
1028 3105 1269 3160 humilis
1300 3112 1355 3161 et
1394 3122 1676 3179 nequam,
1720 3108 1947 3178 accipio
1990 3124 2099 3179 pro

446 3192 667 3247 meritis
695 3208 969 3248 meorum
1002 3200 1403 3263 peccatorum.
1449 3196 1561 3251 Cur
1593 3201 1788 3252 autem
1830 3197 1923 3252 hic
1953 3214 2098 3268 quo-

2202 2031 2381 2104 ψῦχος
2410 2039 2653 2104 γενναίως
2696 2040 2784 2085 καὶ
2830 2033 2914 2085 τὸν
2954 2036 3204 2086 καύσονα.
3254 2036 3318 2086 Oi
3373 2031 3459 2086 οὖν
3505 2035 3820 2107 εἰσερχόμε-

2202 2141 2278 2173 νοι
2329 2128 2417 2174 καὶ
2468 2122 2797 2196 ἐξερχόμενοι
2852 2122 3127 2197 ἐπηρώτων
3184 2124 3338 2176 αὐτὸν
3388 2123 3615 2194 λέγοντες
3657 2140 3668 2152 ·
3713 2126 3823 2176 Διὰ

2202 2215 2253 2261 τί
2307 2208 2410 2264 ὧδε
2462 2214 2743 2275 καθέζεσαι
2785 2230 2798 2279 ;
2851 2216 2948 2265 Καὶ
2993 2212 3156 2284 aer/sv
3212 2212 3386 2273 αὐτοῖς
3438 2232 3449 2241 '
3484 2212 3605 2265 Ὀτι
3659 2211 3821 2286 ἐπόρ-

2203 2319 2380 2366 νευσα,
2414 2307 2502 2354 καὶ
2556 2300 2650 2354 διὰ
2696 2310 2850 2354 τοῦτο
2896 2301 3170 2365 ἐξεϐλήθην
3207 2302 3261 2354 ἐκ
3291 2310 3384 2354 τοῦ
3415 2308 3807 2375 μοναστηρίου,

2205 2392 2499 2451 Φθάσαντος
2545 2389 2603 2443 δὲ
2651 2400 2741 2443 του
2788 2397 2941 2443 τόκου
2973 2400 3067 2451 τῆς
3099 2393 3357 2466 θυγατρὸς
3386 2400 3477 2444 τοῦ
3509 2388 3812 2462 πάνδοχος,

2204 2477 2466 2549 ἐγέννησεν
2507 2483 2535 2538 ἡ
2588 2483 2817 2553 θυγάτηρ
2864 2481 3028 2532 αὐτοῦ
3075 2477 3244 2533 παῖδα
3296 2481 3501 2556 ἄρρενα,
3552 2486 3636 2533 xui
3681 2481 3814 2533 ἐπά-

2203 2587 2293 2639 ρας
2325 2569 2450 2620 αὐτό
2481 2572 2505 2620 6
2545 2567 2764 2633 πάνδοξ,
2820 2575 3160 2644 παραγίνεται
3210 2568 3256 2621 ἐν
3310 2580 3382 2641 τῷ
3429 2575 3799 2643 μοναστηρίῳ,

2204 2657 2378 2726 Εὐρών
2443 2655 2501 2711 δὲ
2546 2664 2633 2710 τὸν
2700 2667 2926 2731 Μοιρῖνον
2986 2658 3166 2721 ἔξωθεν
3233 2668 3324 2711 τοῦ
3386 2659 3610 2719 πυλῶνος
3666 2661 3811 2711 καθ-

2207 2748 2409 2817 ἣμενον,
2444 2748 2740 2820 προσρίψας
2789 2748 2927 2818 αὐτῷ
2969 2750 3026 2800 τὸ
3071 2745 3283 2800 παιδίον
3321 2748 3456 2820 λέγει
3509 2766 3521 2778 ·
3556 2745 3696 2800 Ἰδοὺ
3740 2752 3809 2800 τὸ

2206 2846 2380 2899 κακῶς
2431 2840 2667 2913 ἔσπειρας
2720 2842 2891 2889 τέκνον
2943 2856 3057 2902 σου,
3102 2836 3223 2890 λαϐὲ
3271 2837 3422 2893 αὐτὸ.
3474 2842 3573 2890 Καὶ
3618 2836 3812 2899 εὐθέως

2210 2927 2561 3001 ἀνεχώρησεν.
2623 2926 2808 2980 Λαϐὼν
2884 2922 2970 2978 οὖν
3038 2929 3062 2978 6
3125 2934 3348 3001 Μαρῖνος
3428 2929 3482 2979 τὸ
3565 2922 3809 2992 παιδίον,

2211 3016 2432 3069 ἐθλίϐετο
2492 3022 2607 3089 περὶ
2658 3021 2816 3068 αὐτοῦ
2867 3015 3025 3087 λέγων
3061 3031 3072 3042 ⁸
3108 3022 3213 3068 Ναὶ
3262 3015 3357 3087 ἐγὼ
3401 3018 3490 3076 τὰς
3544 3015 3816 3088 ἁμαρτίας

2211 3127 2310 3178 μου
2353 3105 2699 3178 ἀπολαμϐάνω
2736 3123 2747 3134 ’
2797 3102 2891 3157 διὰ
2935 3109 2987 3156 τί
3036 3103 3095 3157 δὲ
3152 3111 3241 3157 καὶ
3297 3111 3353 3156 τὸ
3394 3104 3568 3157 ἄθλιον
3619 3103 3815 3178 βρέφος

2211 3203 2362 3248 τοῦτο
2423 3198 2513 3247 σὺν
2564 3197 2677 3266 ἐμοὶ
2728 3193 3045 3253 ἀποθνήσκει
3099 3213 3111 3262 ;
3161 3194 3390 3267 Ἤρξατο
3438 3190 3526 3246 οὖν
3574 3198 3809 3265 γυρόειν,

444 3297 561 3351 que
591 3281 793 3336 infelix
811 3297 959 3352 puer
986 3298 1221 3338 mecum
1246 3285 1537 3341 moritur?
1564 3286 1751 3357 Coepit
1778 3303 1916 3342 vero
1944 3288 2098 3342 acci-

2212 3289 2298 3337 xui
2352 3282 2626 3355 λαμϐάνειν
2677 3282 2813 3353 γάλα
2861 3281 2961 3334 ἀπὸ
3001 3291 3099 3334 τῶν
3150 3288 3423 3355 ποιμένων,
3465 3287 3554 3334 καὶ
3604 3286 3812 3355 τρέφειν

446 3385 586 3440 pere
614 3370 757 3425 laca
796 3371 1154 3442 pastoribus,
1183 3380 1239 3427 et
1268 3373 1351 3428 sic
1384 3373 1578 3430 alebat
1618 3390 1871 3445 puerum
1908 3383 1968 3431 ut
2000 3394 2099 3448 pa-

446 3462 552 3514 ter.
589 3461 712 3513 Non
741 3459 885 3514 satis
915 3464 1112 3516 autem
1141 3468 1266 3517 erat
1295 3464 1516 3518 Marino
1549 3462 1785 3519 afﬂictio
1817 3471 1872 3519 et
1905 3465 2099 3535 pudor

446 3562 563 3619 quo
587 3546 959 3604 afﬁciebatur
983 3550 1248 3621 quotidie
1274 3571 1284 3610 :
1318 3552 1418 3608 sed
1443 3569 1585 3623 puer
1610 3570 1850 3626 quoque
1875 3555 2022 3610 ﬂens
2043 3560 2100 3610 et

443 3652 784 3702 excernens,
835 3640 1289 3696 contaminabat
1326 3645 1383 3695 et
1425 3642 1771 3697 sordidabat
1802 3644 1930 3714 ejus
1972 3660 2099 3698 ves-

444 3728 550 3781 tes.
570 3726 707 3781 Post
721 3728 978 3798 spatium
1001 3734 1194 3784 autem
1213 3730 1391 3785 trium
1411 3746 1728 3797 annorum,
1748 3733 2097 3789 seditionem

448 3815 749 3885 agitarunt
779 3833 988 3872 omnes
1026 3816 1257 3883 fratres,
1290 3820 1556 3875 dicentes
1588 3820 1894 3892 praefecto:
1927 3823 2097 3878 Pater

445 3906 796 3969 venerande,
832 3906 1052 3963 sufﬁcit
1073 3907 1235 3963 fratri
1256 3911 1475 3965 Marino
1500 3926 1697 3981 poena,
1729 3928 1911 3983 quam
1930 3913 2095 3968 susti-

442 3993 590 4048 nuit.
640 3997 717 4049 De
756 4001 967 4052 caetero
1020 4012 1327 4066 rogamus,
1373 3998 1574 4070 accipe
1619 4016 1755 4055 eum
1790 4017 1992 4056 rursus
2035 4003 2094 4057 in

443 4084 905 4139 monasterium:
937 4086 1198 4141 maxime
1215 4103 1373 4152 vero,
1398 4088 1555 4158 quod
1582 4105 1785 4144 coram
1815 4091 2097 4146 omnibus

445 4170 754 4227 confessus
771 4180 859 4229 est
878 4174 1116 4245 lapsum
1135 4192 1331 4230 suum.
1349 4175 1492 4231 Cum
1518 4181 1717 4233 autem
1741 4180 2101 4235 contradice-

441 4264 530 4315 ret
567 4262 896 4332 praefectus,
926 4268 977 4319 et
1004 4279 1124 4320 non
1154 4265 1614 4337 persuaderetur
1637 4282 1775 4322 eum
1807 4270 2094 4341 accipere,

431 4355 745 4420 coeperunt
777 4353 1058 4409 monachi
1103 4354 1155 4409 ei
1187 4370 1392 4410 rursus
1432 4356 1652 4411 dicere:
1705 4357 1819 4411 Nisi
1852 4356 2097 4415 fratrem

2210 3379 2266 3426 τὸ
2320 3370 2533 3426 παιδίον
2583 3376 2645 3433 ὡς
2682 3377 2853 3447 πατὴρ
2883 3390 2897 3403 ⁸
2934 3372 3027 3424 οὐκ
3078 3377 3225 3447 ἤρκει
3285 3368 3343 3425 δε
3396 3372 3535 3443 αὐτῷ
3584 3373 3608 3422 6
3656 3390 3814 3443 περι-

2213 3466 2455 3534 σπασμὸς
2486 3463 2538 3514 ὃν
2572 3459 2730 3533 εἶχεν,
2766 3461 2897 3514 ἀλλὰ
2952 3468 3041 3514 καὶ
3097 3465 3155 3513 τὸ
3212 3458 3425 3515 παιδίον
3485 3462 3658 3513 κλαῖον
3713 3464 3809 3512 καὶ

2210 3550 2520 3627 ὀδυρόμενον
2551 3553 2771 3625 ὴχρέίου
2821 3554 2886 3603 τὰ
2937 3554 3117 3623 ἱμάτια
3165 3551 3343 3605 αὐτοῦ.
3395 3553 3535 3606 Μετὰ
3584 3547 3642 3603 δὲ
3680 3555 3812 3622 τρία

2210 3647 2294 3702 ἔτη
2354 3640 2546 3704 ἰδόντες
2590 3644 2638 3694 οὶ
2687 3639 2899 3713 ἀδελφοὶ
2950 3646 3044 3699 τὴν
3092 3645 3356 3698 τοσαύτην
3410 3641 3569 3693 αὐτοῦ
3626 3640 3805 3710 θλίψιν

2208 3738 2294 3785 καί
2341 3734 2621 3804 ὑπομονὴν,
2665 3732 3027 3804 προσελθόντες
3085 3731 3296 3802 λέγουσι
3352 3738 3423 3800 τῷ
3485 3733 3749 3801 ἡγουμένῳ
3787 3746 3801 3758 ·

2211 3824 2384 3897 Ἀρκεί
2414 3821 2552 3892 αὐτῷ
2599 3822 2627 3878 ἡ
2670 3820 2927 3893 ἐπιτιμία,
2980 3823 3061 3872 ὅτι
3104 3821 3186 3873 ἐπὶ
3230 3823 3429 3872 πάντων
3478 3819 3715 3891 ὁμολογεῖ
3744 3823 3806 3870 τὸ

2208 3912 2392 3965 ἑαυτοῦ
2426 3909 2654 3982 σφάλμα.
2686 3917 2788 3961 Τοῦ
2820 3906 2873 3962 δὲ
2913 3912 3202 3982 ἡγουμένου
3252 3909 3378 3969 ὅλως
3406 3913 3476 3981 μὴ
3512 3911 3805 3979 πυθομένου

2209 3998 2462 4063 δέξασθαι
2490 3999 2663 4067 αὐτὸν,
2691 3998 2930 4070 λέγουσιν
2960 4002 3009 4051 οἱ
3040 3994 3273 4070 ἀδελφοὶ,
3310 4000 3409 4063 ὅτι,
3440 4001 3554 4050 Ἐὰν
3579 4002 3649 4069 μὴ
3676 3993 3805 4069 δέξῃ

2208 4091 2383 4154 αὐτὸν,
2417 4093 2504 4140 καὶ
2531 4090 2679 4159 ἡμεῖς
2721 4087 3092 4161 ἁναχωροῦμεν
3138 4094 3227 4139 τοῦ
3273 4092 3627 4160 μοναστηρίου
3658 4104 3670 4115 ·
3703 4081 3814 4157 ἆρα

2210 4189 2316 4241 πῶς
2347 4182 2534 4250 ἔχομεν
2567 4177 2893 4235 αἰτήσασθαι
2922 4182 3233 4249 συγγνώμην
3265 4181 3380 4249 περὶ
3410 4184 3507 4229 τῶν
3540 4175 3812 4248 ἁμαρτιῶν

2211 4271 2355 4342 ἡμῶν
2410 4272 2633 4340 σήμερον
2688 4274 2918 4340 τριετοῦς
2966 4271 3161 4340 χρόνου
3209 4268 3504 4340 καθημένου
3539 4265 3697 4317 αὐτοῦ
3729 4264 3813 4317 αἱ-

2213 4362 2359 4434 θρίου
2389 4375 2401 4425 ;

434 4438 722 4496 Marinum
753 4456 957 4497 rursus
984 4443 1283 4515 acceperis
1309 4444 1371 4499 in
1402 4445 1853 4513 monasterium,
1883 4464 1918 4503 ο
1936 4450 2122 4514 Pater,
2143 4466 2253 4506 nos
2275 4462 2518 4520 quoque
2547 4444 2901 4501 recedimus.
2930 4442 3247 4510 Quomodo
3268 4459 3598 4514 possumus
3627 4459 3662 4500 a
3688 4445 3813 4520 Deo

446 4532 664 4598 petere,
708 4533 772 4585 ut
800 4531 1098 4588 condonet
1126 4534 1298 4589 nobis
1338 4540 1545 4591 nostra
1565 4540 1829 4607 peccata,
1856 4553 1993 4593 cum
2024 4539 2201 4597 frater
2234 4516 2439 4593 ndster
2468 4542 2581 4590 tres
2614 4549 2805 4590 annos
2848 4533 2958 4588 sub
2992 4533 3091 4588 dio
3126 4533 3332 4589 sedeat
3360 4533 3419 4587 in
3456 4531 3746 4587 vestibulo
3785 4516 3815 4572 ?

516 4653 606 4709 VI.
669 4656 799 4711 Haec
852 4672 991 4711 cum
1033 4658 1319 4714 audiisset
1362 4658 1671 4732 praefectus
1701 4676 1736 4715 a
1769 4663 2097 4735 monachis,
2134 4664 2178 4719 D

446 4741 590 4797 dicit
629 4744 741 4798 eis:
789 4748 1014 4802 Revera
1065 4754 1308 4819 propter
1364 4752 1697 4821 peccatum,
1728 4751 1892 4821 quod
1942 4751 2097 4821 fecit,

447 4847 566 4888 non
593 4836 681 4887 est
702 4834 921 4905 dignus
934 4835 1050 4891 huc
1072 4836 1303 4904 ingredi
1325 4854 1335 4891 :
1358 4843 1602 4909 propter
1625 4844 1880 4895 vestram
1902 4845 2103 4896 tamen

452 4921 801 4978 charitatem
835 4928 889 4979 et
932 4940 1137 4995 preces
1187 4940 1323 4981 eum
1358 4927 1605 4999 accipio,
1650 4932 1705 4982 et
1735 4944 1871 4983 cum
1906 4945 2099 4985 accer-

452 5009 648 5067 siisset
678 5013 965 5068 Marinum
1007 5030 1210 5070 coram
1250 5016 1549 5082 omnibus,
1594 5016 1735 5072 dicit
1764 5018 1843 5072 ei:
1890 5022 2102 5083 Frater,

449 5114 570 5155 non
602 5116 664 5155 es
709 5101 929 5172 dignus
979 5110 1132 5159 stare
1181 5104 1240 5159 in
1281 5104 1477 5176 primo
1532 5110 1630 5161 tuo
1670 5104 1822 5173 loco,
1868 5113 2108 5178 propter

450 5194 766 5259 peccatum
789 5192 955 5264 quod
977 5192 1191 5248 fecisti:
1217 5198 1457 5265 propter
1474 5193 1724 5251 fratrum
1748 5200 1945 5250 autem
1974 5197 2109 5251 cha-

450 5277 687 5335 ritatem
731 5286 785 5336 et
823 5296 1055 5351 preces,
1096 5282 1324 5353 accipio
1357 5287 1411 5338 te
1442 5284 1710 5338 omnium
1744 5288 2108 5355 postremum

449 5364 511 5418 in
550 5367 842 5436 regulam.
894 5369 1149 5425 Marinus
1186 5386 1325 5425 vero
1367 5370 1545 5442 coepit
1598 5372 1869 5442 praefecto
1918 5372 2111 5433 dicere

451 5468 589 5509 cum
628 5454 942 5528 lacrymis:
986 5461 1104 5515 Hoc
1139 5474 1379 5533 quoque
1422 5459 1564 5515 mihi
1597 5476 1885 5530 magnum
1918 5466 2024 5529 est,
2075 5477 2110 5516 ο

451 5545 792 5599 venerande
816 5546 1004 5611 Pater,
1036 5548 1201 5619 quod
1228 5564 1321 5605 me
1352 5548 1600 5619 dignum
1634 5548 1861 5615 feceris,
1891 5550 1993 5622 qui
2022 5549 2108 5605 in-

3666 4653 3812 4709 Ἰδοὺ

2213 4747 2305 4803 διὰ
2333 4752 2427 4806 τὴν
2469 4746 2676 4818 ἀγάπην
2723 4754 2822 4798 τῶν
2873 4742 3103 4818 ἀδελφῶν
3152 4742 3384 4817 δέχομαί
3444 4765 3518 4812 σε,
3580 4748 3814 4817 ἔσχατον

2282 4661 2353 4724 ς’.
2397 4663 2523 4711 Τότε
2574 4654 2784 4719 ἐδέξατο
2836 4659 2990 4709 αὐτὸν
3032 4658 3056 4708 6
3103 4658 3389 4728 ἡγούμενος
3417 4657 3574 4727 λέγων
3608 4674 3619 4686 .

2213 4844 2385 4912 μέντοι
2437 4840 2640 4889 πάντων
2688 4838 2828 4889 ὄντα.
2871 4836 2929 4887 Ὁ
2990 4833 3046 4889 δὲ
3100 4834 3247 4887 ἔϐαλε
3302 4837 3571 4906 μετάνοιαν
3609 4836 3769 4907 λέγων
3797 4853 3810 4865 ·

2212 4932 2362 4999 Μέγα
2415 4932 2503 4999 μοί
2559 4926 2693 4990 ἐστι,
2751 4926 2931 4996 πάτερ,
2995 4928 3076 4976 ῖνα
3140 4924 3262 4985 ὅλως
3319 4926 3418 4976 ὑπὸ
3477 4929 3570 4981 τὴν
3621 4930 3815 4996 στέγην

2215 5018 2355 5088 ὑμῶν
2403 5013 2632 5066 εἰσέλθωι
2689 5012 2875 5064 Ἕϐαλε
2929 5009 2987 5065 δὲ
3038 5012 3188 5064 αὐτὸν
3234 5014 3258 5063 6
3311 5015 3589 5083 ἡγούμενος
3634 5013 3699 5073 εἰς
3750 5016 3819 5065 τὰ

2217 5104 2498 5175 ἀτιμότερα
2545 5104 2669 5174 ἔργα
2714 5109 2805 5153 τοῦ
2863 5106 3215 5175 μοναστηρίου
3276 5118 3287 5130 '
3325 5106 3413 5153 xui
3468 5101 3628 5154 ἐποίει
3682 5103 3820 5154 αὐτὰ

2219 5197 2348 5267 μετὰ
2395 5189 2629 5253 σπουδῆς
2675 5192 2721 5243 ἐν
2768 5190 2937 5263 πολλῷ
2994 5196 3130 5263 πόνῳ
3178 5187 3377 5262 διάγων
3409 5207 3420 5220 ·
3456 5190 3568 5262 εἶχε
3622 5187 3679 5243 δὲ
3732 5196 3817 5243 καὶ

2229 5287 2279 5335 r6
2311 5278 2526 5335 παιδίον
2558 5283 2768 5334 ὄπισθεν
2810 5281 2968 5333 αὐτοῦ
3019 5280 3281 5351 κράζοντα
3323 5284 3411 5331 καὶ
3463 5281 3725 5340 ζητοῦντα
3755 5284 3823 5333 τὰ

2223 5376 2347 5447 πρὸς
2376 5377 2468 5430 τὴν
2502 5371 2701 5445 βρῶσιν
2747 5376 2837 5422 xui
2888 5373 2986 5422 ὅσα
3030 5373 3142 5423 ἐστὶ
3190 5378 3299 5431 τοῖς
3342 5375 3548 5430 νηπίοις
3590 5376 3817 5423 σιτίσιοι.

2222 5461 2450 5523 Αὖξηθὲν
2483 5457 2567 5513 οὖν
2598 5464 2687 5512 καὶ
2727 5458 3010 5533 ἀνατραφεν
3043 5458 3092 5511 ἐν
3124 5458 3282 5531 πολλῇ
3319 5458 3471 5532 ἀρετῇ
3494 5459 3692 5521 ἠξιώθη
3729 5468 3819 5513 τοῦ

2220 5558 2513 5622 μοναχικοῦ
2557 5553 2855 5622 σχήματος.

453 5633 727 5701 grederer
752 5635 905 5690 intra
954 5636 1329 5705 vestibulum,
1362 5642 1427 5695 ut
1457 5638 1538 5695 sic
1568 5653 1809 5713 quoque
1858 5639 2077 5709 dignus
2109 5638 2357 5705 habear,
2389 5640 2491 5713 qui
2532 5639 2784 5697 serviam
2816 5638 3042 5697 sanctis
3068 5637 3217 5696 meis
3252 5638 3543 5696 Patribus.
3580 5638 3645 5695 Et
3675 5654 3813 5695 cum
