4034 6206
281 262 373 315 353
1448 261 1617 320 νΙΤΑ
1656 263 1719 320 S.
1760 261 1881 321 EUC

1999 262 2047 318 II
2089 263 2176 319 ET
2216 263 2490 321 MARUE.
3546 274 3652 329 354

268 401 409 441 eum
446 385 777 459 accepisset
815 384 1143 458 prmfectus,
1184 387 1429 445 immisit
1457 390 1536 446 ad
1564 390 1769 445 viliora
1798 395 1853 445 et
1883 388 2204 467 abjectiora
2236 406 2421 462 opera
2450 392 2819 447 monasterii.
2852 394 2902 445 ts
2931 406 3071 448 vero
3102 407 3171 449 ea
3202 392 3453 452 faciebat
3509 413 3648 453 cum

260 474 466 530 studio
496 480 551 531 et
584 492 804 545 magno
839 481 999 532 metu
1028 483 1084 532 et
1114 480 1600 549 compunctione.
1639 480 1907 535 Habebat
1937 484 2136 534 autem
2165 495 2419 551 puerum
2450 496 2695 553 quoque
2728 479 3012 545 Marinus,
3035 498 3173 536 eum
3205 491 3357 539 retro
3399 501 3651 557 sequen-

265 568 396 619 tem
424 570 482 619 et
509 564 909 619 clamantem:
942 568 1019 620 Ta
1050 570 1109 621 ta
1140 572 1219 636 ta,
1252 574 1308 622 et
1339 569 1738 639 requirentem
1769 583 1839 623 ea
1859 584 1995 639 quae
2028 574 2167 623 sunt
2188 571 2387 641 pueris
2417 570 2760 626 necessaria
2786 571 2863 625 ad
2887 570 3259 628 alimentum.
3293 576 3419 628 Non
3452 576 3649 631 solum

260 652 435 707 enim
458 654 551 707 his
577 654 862 708 rerumnis
890 660 945 708 et
968 654 1389 711 afﬂictionibus
1415 656 1795 727 premebatur
1822 657 2097 722 Marinus,
2124 659 2231 713 sed
2257 658 2439 715 etiam
2459 660 2532 714 de
2556 660 2771 715 alendo
2786 661 2897 714 hoc
2923 676 3114 731 puero
3149 666 3273 717 erat
3297 662 3467 717 valde
3498 665 3655 719 solli-

264 741 445 797 citus.
481 740 629 796 Cum
664 743 945 797 crevisset
972 750 1171 798 autem
1203 760 1368 815 puer,
1413 746 1671 815 degebat
1698 746 1756 800 in
1790 748 2174 811 monasterio,
2208 749 2497 805 educatus
2528 750 2585 803 in
2620 749 2828 803 virtute
2858 754 2910 803 et
2942 750 3000 803 in
3031 751 3442 821 temperantia.
3479 752 3652 808 Porro

260 844 419 885 vero
436 838 643 885 sancto
672 846 916 901 quoque
946 837 999 885 et
1029 834 1360 888 monastico
1389 834 1598 889 habitu
1632 842 1719 889 est
1746 834 2049 905 dignatus.
2090 835 2302 909 Sicque
2331 837 2679 908 proﬁciebat
2719 838 2775 892 in
2827 838 3160 894 humilitate
3190 844 3246 895 et
3290 841 3476 895 multa
3514 840 3651 896 obe-

260 918 524 987 dientia,
553 930 615 974 ut
644 926 944 975 amaretur
970 921 1048 975 ab
1080 922 1387 977 omnibus.

344 1046 425 1096 Z'.
483 1045 564 1095 Ἐν
609 1049 707 1115 μ.ιᾷ
756 1044 842 1095 οὖν
872 1052 972 1096 τῶν
1015 1047 1217 1120 ἡμερῶν
1251 1048 1518 1119 ἠρώτησεν
1545 1050 1570 1099 6
1602 1050 1881 1119 ἡγούμενος

2068 1051 2178 1103 Vll.
2212 1050 2345 1105 Post
2369 1050 2497 1106 haec
2528 1056 2720 1106 autem
2750 1067 2889 1107 cum
2920 1052 3160 1108 vidisset
3202 1053 3487 1108 Dominus
3514 1067 3651 1126 per-

262 1137 393 1193 τοὺς
418 1130 675 1205 ἀδελφοὺς
711 1133 868 1205 λέγων
905 1150 917 1160 ·
960 1141 1066 1186 Ποῦ
1098 1133 1238 1186 ἐστιν
1284 1137 1309 1187 6
1354 1133 1569 1208 ἀδελφός
1614 1138 1880 1210 Μαρῖνος;

263 1225 355 1275 ὅτι
408 1226 520 1293 ἔχω
554 1229 777 1296 σήμερον
832 1228 1014 1295 τρίτην
1059 1226 1257 1298 ἡμέραν
1301 1225 1394 1277 οὐκ
1442 1222 1567 1277 οῖδα
1608 1226 1762 1279 αὐτόν
1813 1226 1884 1287 εἰς

260 1309 595 1385 ψαλμῳδὶαν
629 1332 641 1344 ·
675 1311 754 1365 ἀεὶ
805 1315 903 1385 γὰρ
940 1317 1039 1386 πρὸ
1089 1316 1291 1365 πάντων
1336 1316 1603 1388 εὑρίσκετο
1655 1333 1667 1344 ·
1716 1314 1882 1367 εἰσθε-

266 1402 398 1453 Θοὲτε
448 1402 523 1463 εἰς
582 1406 633 1452 τὸ
684 1401 880 1453 κέλλιον
948 1402 1108 1454 αὐτοῦ
1152 1408 1225 1475 μὴ
1279 1402 1546 1477 ἀρρωστίᾳ
1595 1423 1693 1456 τινε
1739 1408 1883 1456 κατὶ-

263 1510 466 1544 κειται.
532 1490 863 1551 Ἀπελθόντες
938 1488 1023 1543 οὖν
1100 1492 1244 1565 εὗρον
1325 1493 1480 1544 αὐτὸν
1536 1493 1878 1561 τελειωθέντα,

263 1587 362 1633 καὶ
404 1581 728 1652 ἀπήγγειλαν
793 1588 865 1651 τῷ
922 1583 1215 1653 ἡγουμένῳ,
1260 1584 1338 1633 ὅτι
1378 1584 1403 1633 ό
1454 1582 1611 1642 ἀϐὄᾱς
1654 1589 1882 1655 Μαρῖνος

265 1670 567 1735 ἐτελειώθη,
620 1675 709 1721 καὶ
754 1667 889 1722 εἶπεν
945 1686 959 1698 ⁸
1015 1669 1153 1743 Ἀρα
1207 1678 1318 1731 πῶς
1370 1671 1593 1728 ἀπῆλθεν
1642 1674 1671 1729 ἡ
1728 1671 1881 1724 ἀθλία

270 1760 438 1811 αὑτοῦ
498 1760 656 1830 ψυχή
706 1764 909 1829 ;ποίαν
969 1759 1252 1831 ἀπολογίαν
1309 1758 1595 1833 βουλομένη
1643 1757 1824 1812 δοῦναι
1866 1777 1878 1825 ;

278 1855 377 1902 Καὶ
434 1847 725 1922 προσέταξε
777 1844 1099 1906 κηδευθῆναι
1172 1850 1354 1905 αὐτόν.
1424 1854 1524 1902 Καὶ
1592 1853 1654 1910 ὡς
1726 1846 1880 1907 ἦλθον

286 1938 577 1990 ἁποπλύναι
627 1937 799 2002 αὐτόν,
855 1937 998 2010 εὗρον
1054 1940 1134 1990 ὃτι
1194 1942 1323 2009 ’γυνή
1384 1934 1464 2004 ἦν,

803 2028 981 2099 Κύριε,
1049 2026 1284 2085 ἐλέησον,
1359 2027 1417 2079 Ὁ
1486 2025 1545 2079 δὲ
1596 2029 1879 2099 ἡγούμενος

274 2117 592 2169 ἐπυνθάνετο
636 2132 648 2144 ·
682 2119 744 2168 Τί
796 2114 958 2181 ἐστιν,
1010 2116 1034 2167 ὃ
1086 2119 1233 2187 ἔχετε
1270 2120 1373 2183 ;Οἰ
1422 2113 1481 2168 δὲ
1524 2113 1662 2169 εἶπον
1694 2118 1773 2168 ὅτι
1823 2117 1880 2169 Ὁ

1541 1943 1631 1990 καὶ
1695 1941 1882 2000 πάντες

280 2027 561 2099 ἀνέκραξαν
617 2031 676 2079 τό
734 2046 746 2058 ’

270 2203 504 2278 ἀδελφὸς
562 2212 786 2279 Μαρίνος
842 2210 972 2276 γυνὴ
1031 2204 1195 2261 ἐστιν.
1246 2211 1371 2258 Τότε
1423 2206 1663 2258 εἰσελθὼν
1709 2208 1881 2279 ῥίπτει

1549 2312 1560 2325 ⁸
1600 2292 1730 2347 Ὧδε
1758 2295 1880 2347 ἀπο-

276 2387 497 2442 Θνησκω
526 2385 597 2446 εἰς
651 2388 769 2445 τοὺς
824 2384 1001 2455 ἁγίους
1058 2384 1217 2436 αὐτοῦ
1249 2382 1435 2453 πόδας,
1468 2387 1558 2447 ἕως
1589 2385 1647 2437 οὗ
1676 2384 1883 2437 ἀκούσω

274 2296 467 2348 ἑαυτὸν
529 2296 599 2356 εἰς
651 2300 931 2367 πρόσωπον
987 2296 1173 2347 κλαίων
1211 2302 1300 2348 καὶ
1342 2296 1499 2368 λέγων

277 2480 658 2547 συγχώρησιν.
714 2474 869 2525 Ἦλθε
923 2470 981 2525 δὲ
1028 2474 1167 2544 αὐτῷ
1218 2480 1355 2546 φωνὴ
1402 2474 1631 2546 λέγουσα
1691 2477 1789 2542 ὅτι,
1825 2475 1885 2526 Εἰ

274 2570 377 2637 μὲν
410 2561 558 2624 εἰδὼς
606 2571 757 2615 τοῦτο
803 2563 1047 2636 ἔπραξας,
1098 2564 1191 2614 οὐκ
1236 2566 1296 2615 οἷν
1331 2584 1425 2616 σου
1472 2567 1817 2639 συνεχωρήθη
1851 2566 1879 2621 ἠ

276 2656 520 2727 ἁμαρτία
548 2671 559 2683 ⁸
597 2650 775 2711 ἐπειδὲ
829 2649 889 2705 δὲ
933 2652 980 2703 ἐν
1022 2652 1206 2725 ἀγνοίᾳ
1245 2652 1517 2719 ἐποίησας,
1569 2652 1886 2726 ἀφεθήσεταί

282 2763 399 2800 σοι.

1993 1137 2209 1193 fectam
2243 1155 2373 1195 esse
2415 1140 2542 1210 ejus
2574 1141 2755 1196 fidem
2786 1145 2838 1196 et
2870 1140 3265 1207 tolerantiam,
3301 1149 3356 1198 et
3381 1159 3511 1198 esse
3566 1144 3654 1198 di-

1994 1242 2176 1297 gnam
2220 1244 2402 1297 regno
2443 1229 2752 1297 caelorum,
2790 1231 3011 1301 accepit
3046 1247 3176 1287 eam
3204 1231 3263 1286 in
3298 1237 3517 1289 aeterna
3549 1248 3655 1304 pa-

1994 1316 2173 1370 radisi
2208 1318 2610 1387 tabernacula,
2666 1320 2902 1374 nemine
2946 1320 3185 1375 sciente.
3236 1324 3382 1377 Nam
3429 1319 3648 1377 cumis

1992 1404 2259 1469 obiisset,
2305 1411 2360 1461 et
2392 1421 2500 1461 nec
2543 1408 2918 1477 egrederetur
2957 1409 3034 1463 ad
3079 1410 3384 1465 servitium
3440 1426 3648 1466 mona-

1994 1492 2171 1559 sterii,
2206 1498 2263 1549 et
2294 1510 2401 1550 nec
2431 1495 2507 1550 ad
2538 1496 2937 1567 psalmodiam
2968 1498 3211 1567 regulae,
3239 1499 3470 1568 rogavit
3504 1516 3649 1571 pra:-

1994 1581 2179 1637 fectus
2227 1582 2456 1649 fratres,
2502 1585 2738 1640 dicens:
2790 1586 2900 1640 Ubi
2948 1592 3034 1641 est
3076 1587 3268 1643 abbas
3327 1588 3584 1643 Marinus
3614 1590 3641 1643 ‘I

1994 1673 2131 1726 Ecce
2167 1671 2327 1727 enim
2352 1674 2477 1741 jam
2513 1675 2920 1744 prteterierunt
2946 1680 3059 1730 tres
3086 1676 3210 1731 dies
3243 1692 3313 1731 ex
3344 1692 3465 1748 quo
3504 1693 3642 1732 eum

1993 1760 2220 1815 Primus
2266 1766 2485 1831 autem,
2529 1764 2801 1818 omnium
2851 1764 3269 1820 inveniebatur
3311 1766 3370 1821 in
3420 1767 3644 1836 regula.

1992 1849 2375 1918 lngredimini
2409 1866 2549 1920 ergo
2590 1852 2718 1921 ejus
2758 1851 2989 1917 cellam,
3033 1858 3087 1907 et
3128 1854 3341 1918 videte,
3391 1869 3535 1909 num
3583 1854 3643 1908 in

1990 1952 2104 1993 non
2152 1939 2270 1993 vidi
2311 1940 2370 1994 in
2402 1940 2756 2010 psalmodia,
2797 1956 2990 2012 neque
3041 1941 3101 1995 in
3145 1958 3254 1996 suo
3291 1942 3642 1998 ministerio.

1990 2026 2254 2098 aliquam
2280 2029 2559 2084 ceciderit
2587 2030 3021 2099 aegritudinem.
3057 2033 3203 2086 Cum
3242 2037 3439 2087 autem
3476 2033 3646 2087 venis

1992 2122 2120 2172 sent
2150 2116 2359 2173 fratres
2391 2118 2449 2173 in
2492 2118 2721 2183 cellam,
2756 2118 2967 2183 beatae,
3005 2120 3257 2188 ingressi
3294 2120 3648 2177 invenerunt

1993 2221 2127 2261 eam
2159 2213 2641 2264 consummatam
2672 2210 2733 2263 in
2766 2210 3040 2272 Domino,
3074 2215 3128 2263 et
3152 2226 3403 2279 puerum
3432 2210 3482 2264 ei
3505 2211 3651 2265 assi-

1993 2295 2233 2352 dentem
2265 2302 2318 2351 et
2354 2297 2617 2353 ﬂentem.
2658 2299 2821 2353 Tunc
2862 2314 3112 2371 prOpere
3156 2299 3379 2368 egressi
3414 2300 3649 2365 fratres,

1994 2386 2270 2456 praefecto
2311 2387 2753 2454 renuntiarunt,
2800 2387 3098 2443 dicentes:
3156 2387 3353 2444 Frater
3394 2389 3653 2443 Marinus

1994 2476 2250 2530 dormiit.
2296 2476 2392 2531 llle
2442 2492 2583 2532 vero
2629 2492 2767 2532 cum
2808 2477 3117 2542 audiisset,
3173 2478 3425 2534 miratus
3468 2483 3557 2533 est
3597 2483 3652 2531 et

1996 2564 2171 2620 dixit:
2243 2565 2556 2629 Quomodo
2605 2567 2860 2623 excessit
2916 2566 3040 2636 ejus
3073 2566 3295 2621 anima.
3330 2572 3433 2621 aut
3461 2582 3647 2637 quam

1998 2654 2119 2709 Deo
2140 2653 2425 2709 allaturus
2453 2659 2538 2707 est
2560 2654 3009 2709 excusationem
3060 2654 3133 2708 de
3177 2654 3247 2708 iis
3277 2670 3412 2725 quae
3444 2670 3653 2725 pecca-

1999 2744 2132 2800 vit?
2160 2745 2319 2798 Tunc
2357 2742 2431 2797 de
2466 2747 2674 2797 caetero
2710 2742 2905 2812 jussit,
2950 2748 3012 2797 ut
3051 2742 3102 2798 ei
3146 2744 3307 2813 justa
3360 2744 3649 2800 facerent.

277 2870 432 2924 Cum
457 2873 659 2924 autem
691 2868 986 2924 venissent
1016 2868 1244 2933 fratres,
1278 2872 1341 2924 ut
1371 2885 1508 2925 eum
1542 2875 1973 2943 componerent
2002 2870 2078 2927 ad
2098 2866 2526 2940 sepeliendum,
2549 2866 3057 2921 invenerunteum
3078 2882 3208 2921 esse
3228 2866 3569 2922 mulierem:
3595 2872 3651 2922 et

276 2957 617 3029 stupefacti,
656 2964 963 3029 coeperunt
999 2974 1208 3013 omnes
1270 2974 1387 3015 una
1412 2976 1549 3015 voce
1581 2961 1871 3017 clamare:
1913 2962 2179 3025 Domine,
2215 2958 2448 3013 misere.
2494 2956 2802 3010 Praefectus
2832 2971 2970 3010 vero
3019 2972 3158 3010 cum
3202 2956 3521 3010 tumultum
3546 2974 3653 3012 au-

277 3046 494 3103 diisset
524 3055 573 3101 et
614 3046 1144 3111 conturbationem,
1179 3049 1425 3117 rogavit,
1468 3049 1669 3105 dicens
1699 3074 1709 3105 :
1748 3052 2049 3116 Quidnam
2082 3050 2189 3104 hos
2221 3045 2331 3101 sibi
2366 3046 2533 3100 vult?
2561 3045 2645 3099 llli
2674 3051 2872 3100 autem
2905 3046 3193 3115 dicuntgei
3218 3061 3353 3099 cum
3389 3045 3655 3101 admira-

278 3138 476 3195 tione:
512 3139 709 3191 Frater
724 3140 929 3191 noster
960 3136 1214 3191 Marinus
1248 3143 1335 3192 est
1357 3154 1501 3193 sexu
1536 3140 1763 3195 mulier.
1796 3142 1943 3195 Cum
1980 3139 2236 3195 venisset
2277 3151 2419 3205 ergo
2451 3135 2784 3207 przefectus,
2814 3140 2869 3189 et
2905 3135 3148 3189 vidisset
3174 3150 3299 3188 rem
3327 3134 3655 3189 admirabi-

276 3226 399 3283 lem
432 3230 488 3281 et
518 3231 723 3296 prater
743 3225 1119 3296 opinionem,
1152 3242 1213 3281 se
1238 3226 1405 3282 humi
1426 3228 1691 3298 projecit,
1726 3234 1782 3283 et
1812 3233 2019 3285 tenens
2045 3229 2226 3300 pedes
2253 3226 2462 3296 beatae,
2497 3241 2635 3279 cum
2668 3223 2867 3279 multis
2896 3223 3175 3295 lacrymis
3206 3224 3527 3287 clamabat,
3564 3224 3655 3278 dl-

283 3331 462 3372 cens:
494 3315 738 3384 Ignosce
787 3313 955 3380 mihi,
993 3315 1236 3370 Domine
1267 3317 1406 3371 Jesu
1437 3315 1684 3381 Christe,
1717 3318 1881 3389 quod
1920 3333 2019 3389 per
2052 3315 2452 3386 ignorantiam
2482 3314 2723 3386 peccavi
2754 3314 2814 3368 in
2843 3320 3113 3369 sanctam
3142 3318 3197 3369 et
3227 3321 3455 3369 castam
3490 3319 3655 3368 tuam

280 3421 593 3478 sponsam.
621 3405 682 3458 Et
705 3419 914 3459 rursus
931 3403 1247 3476 procidens
1265 3404 1341 3460 ad
1376 3406 1749 3461 venerandas
1770 3412 1825 3462 et
1850 3411 2090 3462 sanctas
2118 3406 2243 3474 ejus
2266 3403 2564 3475 reliquias,
2597 3402 2918 3471 clamabat,
2943 3402 3174 3458 dicens:
3204 3403 3301 3457 Hic
3326 3402 3546 3459 moriar
3581 3402 3659 3459 ad

282 3499 524 3551 sanctas
555 3498 611 3549 et
636 3494 1012 3549 venerandos
1038 3498 1173 3549 tuos
1196 3493 1401 3565 pedes,
1433 3494 1623 3550 donec
1648 3496 1894 3552 audiero
1917 3495 2061 3551 mihi
2084 3510 2216 3549 esse
2239 3494 2579 3549 condonata
2601 3509 2671 3549 ea
2697 3509 2831 3565 quae
2854 3494 2915 3548 in
2939 3499 2990 3547 te
3018 3492 3283 3564 peccavi.
3320 3494 3466 3547 Cum
3487 3494 3535 3547 is
3556 3508 3667 3548 au-

281 3590 403 3640 tem
432 3583 537 3638 diu
562 3581 802 3639 deﬁeret
832 3588 886 3637 et
934 3582 1262 3653 plangeret,
1292 3583 1452 3638 venit
1494 3585 1571 3639 ad
1613 3601 1752 3640 eum
1794 3599 1909 3641 vox
1935 3584 2009 3640 de
2040 3584 2210 3649 crelo,
2239 3582 2475 3637 dicens:
2516 3582 2571 3637 Si
2598 3581 2712 3637 hoc
2745 3582 2991 3653 quidem
3016 3581 3213 3637 sciens
3246 3582 3507 3646 fecisses,
3540 3597 3660 3637 non

284 3673 392 3729 tibi
422 3672 867 3729 condonassem
893 3688 906 3739 ;
935 3672 1080 3744 quia
1110 3676 1313 3727 autem
1346 3674 1616 3729 nesciens
1648 3675 1761 3730 hoc
1794 3675 1999 3747 fecisti,
2034 3677 2345 3745 peccatum
2377 3670 2484 3726 fuit
2527 3671 2627 3726 tibi
2668 3672 3093 3726 condonatum.

360 3800 441 3853 H'.
499 3803 597 3851 Καὶ
660 3798 887 3873 ἐγερθεὶς
945 3795 1099 3855 δηλοῖ
1140 3806 1211 3867 τῷ
1268 3793 1573 3868 πανδοχεῖ·
1608 3803 1696 3849 καὶ
1737 3797 1881 3849 εἰσελ·

2081 3797 2214 3851 Vlll.
2239 3798 2400 3852 Tunc
2430 3811 2678 3866 surgens
2708 3796 3020 3867 praefectus
3062 3810 3097 3850 a
3126 3795 3486 3849 venerandis
3529 3795 3661 3865 ejus

286 3891 465 3950 Θόντος
522 3889 684 3940 αὐτοῦ
721 3889 852 3959 λέγει
894 3903 906 3913 ”

287 3975 348 4030 δε
383 3978 520 4049 λέγει
553 3998 565 4009 ·
590 3978 648 4030 Ὀ
700 3982 827 4038 Θεὸς
872 3983 1218 4049 συγχωρήσει
1262 3976 1420 4047 αὐτῷ,
1463 3978 1543 4028 ὅτι
1576 3979 1765 4052 ἔρημόν
1804 3980 1890 4028 τὸν

282 4066 425 4120 οἶκόν
458 4087 560 4139 μου
610 4068 871 4125 ἐποίησεν.
924 4072 1079 4138 Λέγει
1129 4067 1267 4135 αὐτῷ
1311 4068 1336 4116 6
1368 4068 1651 4137 ἡγούμενος
1681 4083 1691 4094 ·
1723 4074 1889 4119 Μετα-

861 4159 939 4207 ὃτι
1013 4159 1235 4228 ἥμαρτες
1310 4154 1518 4206 ἐνώπιον
1597 4164 1687 4207 τοῦ
1753 4162 1886 4207 Θεοῦ

280 4164 496 4221 νόησον,
574 4154 778 4229 ἀδελφὲ,

283 4247 419 4318 κάμὲ
463 4251 527 4298 σὺ
569 4247 751 4320 ἐπῆρες
802 4254 907 4305 τοῖς
958 4246 1130 4316 λόγοις
1193 4264 1286 4296 σου
1340 4262 1352 4274 ⁸
1411 4246 1436 4295 6
1491 4248 1591 4317 γὰρ
1657 4252 1885 4318 Μαρῐνος

278 4342 411 4408 γυνη
451 4336 612 4388 ἐστιν.
669 4335 775 4387 Καὶ
803 4338 1041 4405 ἐπιγνοὺς
1076 4342 1225 4385 τοῦτο
1274 4336 1298 4384 6
1329 4332 1528 4395 πάνδοξ
1578 4333 1755 4395 ἐξέστη
1791 4339 1883 4386 καὶ

280 4422 507 4489 ἐδόξασε
552 4430 636 4477 τόν
686 4432 832 4477 Θεόν.
884 4429 983 4477 Καὶ
1030 4420 1167 4489 ἰδοὺ,
1222 4422 1267 4474 ἐν
1312 4423 1459 4495 ὀλίγη
1512 4426 1621 4498 ὥρα
1658 4429 1883 4495 παραγί-

282 4536 427 4569 νεται
458 4518 487 4573 ἡ
534 4517 768 4587 θυγάτηρ
814 4514 974 4566 αὐτοῦ
1014 4514 1326 4586 ἐλεγχομένη
1376 4518 1465 4566 καὶ
1514 4514 1739 4585 λέγουσα
1786 4518 1879 4571 τὴν

284 4606 552 4674 ἀληθειαν,
587 4605 663 4656 ότι
717 4604 773 4656 Ὀ
825 4610 1153 4679 στρατιώτης
1197 4605 1425 4662 ἐπάτησέ
1467 4623 1549 4676 με,
1598 4609 1685 4656 καὶ
1735 4603 1878 4675 ἐμία-

282 4715 353 4767 νε,
416 4703 505 4748 καὶ
548 4703 883 4770 παραχρῆμα
936 4695 1076 4751 ἰάθη·
1141 4700 1239 4747 Καὶ
1295 4692 1530 4754 λαϐόντες
1588 4693 1636 4746 οἰ
1669 4691 1884 4765 ἀδελφοὶ

283 4790 341 4837 τὸ
383 4785 622 4857 λείψανον
668 4793 763 4846 τῆς
807 4786 952 4845 ὁσίας
1000 4788 1225 4857 Μαρίας,
1258 4788 1566 4858 μυρίσαντες
1610 4786 1876 4836 κατέθεντο

285 4875 334 4927 ἓν
362 4880 506 4947 τόπῳ
536 4884 703 4947 σεμνῴ
729 4877 859 4947 μετὰ
884 4876 1063 4935 πάσης
1088 4870 1432 4946 ὃωροφορίας.
1454 4876 1681 4945 Χριστὸν
1710 4872 1885 4945 ἀνυμ-

280 4973 481 5025 νούντες
510 4968 597 5016 τὸν
638 4972 852 5037 Σωτῆρα
881 4972 979 5015 τῶν
1024 4964 1279 5027 ἁπάντων,
1324 4967 1408 5015 τόν
1450 4962 1527 5016 ἀεὶ
1582 4960 1877 5025 ὃοξάζοντα

280 5060 402 5116 τοὺς
432 5052 747 5117 δοξάζοντας
790 5054 964 5110 αὐτόν.
1007 5054 1156 5125 Αὐτῷ
1195 5056 1223 5111 η
1278 5050 1409 5115 δόξα
1448 5054 1512 5114 εἰς
1536 5056 1653 5114 τοὺς
1686 5052 1873 5114 αἰῶνας

280 5154 379 5196 τῶν
411 5145 627 5200 αἰώνων.
656 5144 851 5216 Ἀμήν.

952 3884 1098 3940 Ἰδοὺ
1159 3889 1184 3938 6
1238 3893 1457 3961 Μαρίνος
1508 3885 1782 3960 ἐκοιμήθη.
1835 3894 1892 3938 '0

2004 3884 2285 3957 reliquiis,
2321 3885 2514 3941 statim
2556 3885 2713 3940 misit
2742 3884 2819 3939 ad
2854 3882 3191 3955 praefectum
3227 3884 3665 3949 diversorii,di-

2003 3990 2183 4030 cens:
2213 3974 2350 4030 Veni
2394 3976 2509 4030 cito
2571 3975 2645 4029 ad
2692 3990 2823 4037 nos,
2879 3989 3022 4028 nam
3053 3978 3107 4027 te
3140 3972 3273 4027 volo
3316 3974 3656 4029 convenire.

1999 4066 2146 4119 Cum
2178 4071 2372 4120 autem
2402 4064 2658 4120 venisset
2701 4063 3012 4136 praefectus
3057 4062 3390 4127 diversorii,
3442 4062 3580 4117 dicit
3612 4064 3665 4118 ei

1997 4152 2308 4224 praefectus
2377 4153 2720 4209 monasterii
2767 4171 2777 4209 :
2844 4156 2985 4208 Ecce
3033 4152 3213 4207 frater
3263 4151 3518 4207 Marinus
3578 4158 3665 4209 est

1995 4250 2285 4298 mortuus.
2324 4247 2373 4297 Is
2412 4260 2549 4298 vero
2581 4244 2721 4297 dicit
2761 4243 3035 4314 praefecto
3082 4241 3469 4297 monasterii:
3502 4242 3658 4297 Deus

1990 4334 2043 4387 ei
2096 4333 2388 4388 condonet
2418 4332 2479 4387 id
2514 4332 2678 4404 quod
2722 4331 2855 4385 fecit
2882 4333 2939 4385 in
2996 4332 3292 4401 abjectam
3329 4348 3524 4386 meam
3590 4332 3659 4386 ti-

1989 4422 2149 4487 liam.
2198 4422 2339 4477 Dicit
2385 4423 2433 4476 ei
2464 4421 2773 4494 praefectus
2813 4421 3154 4476 monasterii
3187 4437 3198 4475 :
3239 4420 3655 4476 Paenitentiam

1989 4530 2118 4583 age,
2148 4529 2183 4568 ο
2236 4512 2432 4567 frater.
2468 4511 2615 4567 Nam
2651 4512 2913 4582 peccasti
2944 4526 3148 4565 coram
3199 4513 3333 4565 Deo.
3391 4511 3505 4565 Sed
3564 4526 3664 4566 me

1990 4618 2231 4674 quoque
2250 4601 2361 4656 tuis
2388 4600 2579 4656 verbis
2605 4600 2911 4671 decepisti,
2936 4606 2991 4655 et
3015 4600 3251 4671 peccavi
3275 4616 3385 4670 ego
3406 4616 3659 4672 quoque

1990 4697 2230 4763 propter
2276 4696 2346 4746 te.
2400 4693 2543 4745 Ecce
2583 4691 2743 4745 enim
2775 4691 3024 4745 Marinus
3066 4705 3271 4745 revera
3294 4695 3379 4745 est
3406 4690 3659 4755 mulier,

1991 4783 2139 4836 Cum
2169 4781 2297 4836 haec
2324 4785 2514 4835 autem
2546 4780 2872 4835 audivisset
2897 4778 3208 4849 praefectus
3235 4779 3562 4841 diversorii,
3605 4786 3659 4835 et

1991 4869 2248 4942 praefecti
2272 4869 2464 4925 verbis
2488 4868 2695 4925 fuisset
2712 4869 3179 4939 obstupefactus,
3210 4868 3429 4924 mansit
3450 4873 3657 4923 mutus

1993 4964 2049 5016 et
2087 4960 2388 5015 attonitus.
2429 4959 2576 5014 Eum
2608 4974 2747 5013 vero
2782 4973 2965 5013 manu
3005 4958 3465 5029 apprehendens
3508 4972 3654 5026 prae-

1994 5048 2177 5104 fectus
2208 5048 2575 5113 monasterii,
2608 5047 2776 5103 duxit
2813 5062 2952 5102 eum
2981 5047 3043 5103 in
3073 5047 3292 5110 locum,
3323 5047 3385 5101 in
3419 5061 3541 5117 quo
3572 5046 3661 5116 ja-

1922 5144 1967 5199 D
1998 5140 2171 5197 cebat
2204 5140 2381 5195 beata
2407 5139 2614 5195 Maria:
2650 5141 2705 5192 et
2738 5152 2873 5191 cum
2907 5152 3043 5191 eam
3075 5137 3321 5191 honeste
3358 5140 3414 5191 et
3445 5137 3659 5191 decore

281 5269 535 5326 locasset
566 5285 633 5325 ac
658 5268 1113 5341 composuisset,
1148 5269 1196 5323 ei
1220 5267 1481 5323 ostendit
1510 5268 1706 5339 ipsam
1741 5282 1875 5322 esse
1909 5282 2048 5324 sexu
2080 5264 2383 5334 feminam,
2418 5266 2473 5316 et
2497 5277 2627 5317 eam
2662 5260 2848 5315 fuisse
2879 5264 3095 5315 temere
3130 5258 3455 5314 maledictis
3476 5276 3662 5332 appe-

283 5360 471 5414 titam.
505 5357 667 5414 Tunc
703 5362 879 5430 coepit
911 5358 1217 5413 diversorii
1260 5372 1501 5429 quoque
1536 5356 1850 5429 praefectus
1881 5356 2095 5413 deﬂere
2137 5358 2377 5425 propter
2406 5351 2778 5421 inopinatum
2811 5349 2889 5404 ab
2927 5365 2997 5404 eo
3038 5349 3230 5403 visum
3273 5348 3628 5406 miraculum

281 5448 415 5506 Post
442 5451 571 5505 hEBC
589 5453 789 5504 autem
814 5450 977 5520 justa
1017 5449 1281 5504 fecerunt
1311 5450 1533 5505 sanctis
1564 5453 1622 5504 et
1651 5446 2009 5504 venerandis
2032 5445 2159 5514 ejus
2188 5441 2473 5514 reliquiis,
2506 5445 2561 5496 et
2585 5440 2989 5511 deposuerunt
3020 5437 3082 5493 in
3108 5438 3324 5509 insigni
3359 5438 3487 5494 loco
3519 5456 3643 5495 mo-

284 5539 542 5608 nasterii,
575 5554 711 5595 cum
740 5538 996 5609 psalmis
1028 5544 1081 5594 et
1118 5538 1362 5611 hymnis
1385 5544 1439 5595 et
1469 5538 1669 5594 multis
1698 5536 2054 5598 luminibus,
2079 5538 2290 5589 octavo
2335 5530 2545 5586 mensis
2580 5528 2897 5584 Februarii.
2932 5528 3141 5584 Statim
3172 5543 3311 5584 vero
3332 5528 3492 5584 venit
3522 5528 3643 5586 ﬁlia

284 5628 551 5706 prafecti
586 5629 893 5688 diversorii
917 5644 954 5689 a
980 5629 1251 5688 daemone
1280 5632 1570 5703 correpta,
1604 5631 1660 5684 et
1693 5626 1985 5685 conﬁtens
2023 5638 2269 5681 omnem
2306 5621 2633 5687 veritatem,
2674 5622 2733 5677 et
2760 5618 2996 5677 dicens:
3020 5618 3181 5677 Talis
3220 5618 3390 5675 miles
3420 5634 3516 5675 me
3559 5618 3639 5676 fe~
