4066 6224
456 289 561 341 355
1867 284 2125 341 MENSIS
2164 286 2431 343 IULIUS.
3714 292 3824 347 356

454 411 618 475 fellit,
653 414 708 466 et
732 408 1041 482 persuasit,
1076 412 1141 464 ut
1170 408 1321 465 falso
1352 424 1700 466 accusarem
1740 409 1893 465 hanc
1915 408 2176 465 beatam.
2222 411 2440 467 Deinde
2467 426 2603 467 cum
2637 411 3183 484 appropinquasset
3204 411 3400 468 loculo
3432 414 3640 479 beatae,
3672 433 3827 487 prae-

456 501 604 557 fecto
632 504 688 555 et
707 499 983 554 fratribus
1009 499 1361 567 rogantibus
1409 505 1630 555 sanctae
1659 499 2023 557 venerandas
2055 500 2357 571 reliquias,
2386 502 2655 572 protinus
2686 502 2819 572 ipsa
2846 502 2995 557 hora
3029 502 3139 558 fuit
3162 509 3365 558 curata
3396 509 3453 558 et
3480 504 3763 561 mundata
3786 523 3825 561 a

450 590 745 645 daemone.
777 591 932 643 Tunc
966 603 1103 642 cum
1132 588 1415 643 vidissent
1448 589 1823 654 miraculum,
1856 588 2018 660 quod
2043 595 2165 644 erat
2182 595 2393 660 praeter
2414 590 2780 661 opinionem,
2814 590 3363 647 laudaruntomnes
3394 592 3735 649 clementem
3765 602 3823 649 et

448 678 779 747 benignum
812 678 998 731 Deum
1031 683 1264 747 prOpter
1295 678 1534 747 signum
1566 678 1731 749 quod
1749 678 1970 732 factum
1998 677 2207 743 fuerat,
2232 684 2286 733 et
2321 684 2559 749 propter
2582 680 2926 750 patientiam
2948 686 3003 733 et
3023 680 3389 736 tolerantiam
3419 682 3627 747 beatae,
3658 683 3825 754 quod

450 767 795 839 perstitisset
826 782 1015 837 usque
1050 766 1125 820 ad
1162 771 1435 835 mortem,
1462 783 1579 822 non
1620 769 1897 839 aperiens
1931 783 1992 821 se
2026 783 2156 822 esse
2185 768 2513 833 mulierem,
2550 774 2788 839 propter
2820 784 3070 838 regnum
3100 771 3609 825 ccelorumJitnos
3629 788 3826 841 ergoo

447 856 655 912 fratres
677 854 893 919 dilecti,
922 855 1275 910 aemulemur
1298 856 1426 926 ejus
1452 856 1878 921 fortitudinem,
1894 857 2286 912 constantiam
2311 862 2368 912 et
2385 858 2780 924 tolerantiam,
2807 863 2869 913 ut
2894 859 3273 915 inveniamus
3292 860 3754 916 misericordiam
3772 868 3831 917 et

450 946 704 1016 gratiam
744 944 804 999 in
831 944 1031 999 futuro
1065 944 1303 1008 saeculo,
1340 960 1375 1000 a
1405 961 1627 1015 magno
1670 948 1786 1001 Deo
1818 951 1874 1000 et
1897 945 2199 1001 Salvatore
2230 951 2432 1001 nostro
2462 948 2601 1001 Jesu
2639 947 2894 1011 Chrisro,
2929 949 3023 1003 cui
3056 948 3243 1017 gloria
3268 956 3321 1003 et
3352 951 3613 1020 potentia
3645 951 3829 1011 simul

450 1050 587 1090 cum
616 1036 779 1092 Patre
816 1039 872 1088 et
905 1034 1122 1105 Spiritu
1151 1041 1359 1089 sancto
1380 1049 1539 1088 nunc
1580 1039 1636 1089 et
1667 1048 1905 1106 semper
1930 1039 1987 1089 et
2021 1034 2080 1089 in
2105 1035 2325 1090 saecula
2356 1036 2734 1091 saeculorum.
2763 1040 2973 1091 Amen.

991 1385 1480 1477 ΑΘΛΗΣΙΣ
1537 1384 1752 1471 ΤΟΥ
1809 1383 2153 1471 ΑΓΙΟΥ
2198 1383 2833 1473 ΜΕΓΑΛΟΜΑ
2855 1384 3276 1471 ΡΤΥΡΟΣ

1498 1572 2791 1752 ΜΑΥΡΙΚΙΟΥ

1396 1846 1506 1894 ΚΑΙ
1547 1846 1682 1893 ΤΩΝ
1724 1841 2218 1891 ΕΒΔΟΜΗΚΟΝΤΑ
2261 1843 2595 1891 ΜΑΘΗΤΩΝ
2638 1844 2875 1895 ΑΥΤΟΥ.

874 2184 1575 2262 MARTYRIUM
1662 2181 2091 2256 SANCTI
2176 2181 2311 2253 ET
2390 2180 2771 2255 MAGNI
2851 2182 3424 2258 MARTYRIS

1691 2367 2577 2514 MAURICII

1378 2631 1472 2689 ET
1502 2626 2033 2689 SEPTUAGINTA
2076 2625 2258 2685 EJUS
2299 2624 2913 2687 DISCIPULORUM.

450 2800 661 2862 (Latine
692 2797 836 2862 apud
864 2798 1079 2849 Surium
1107 2794 1172 2843 ad
1198 2794 1340 2843 diem
1365 2794 1425 2842 18
1457 2793 1583 2842 Julii
1609 2808 1621 2851 ;
1648 2793 1828 2842 Graeca
1858 2805 2003 2841 nunc
2042 2790 2142 2853 prii

2223 2804 2274 2837 m
2314 2791 2584 2853 prodeunt
2617 2805 2681 2840 ex
2709 2793 2825 2841 cod.
2865 2807 2965 2841 ms.
3012 2794 3150 2843 1542,
3186 2809 3305 2844 saec.
3338 2810 3386 2844 ι.
3414 2796 3575 2847 ΕῡιΤ.
3609 2796 3823 2859 PATB.)

533 3134 573 3183 ι.
609 3131 930 3198 Martyrum
977 3122 1269 3179 memoria
1324 3125 1412 3177 est
1456 3120 1715 3176 ostensio
1769 3117 2006 3190 pietatis
2053 3118 2112 3173 in

2295 3120 2377 3173 A’.
2440 3123 2727 3195 Μαρτύρων
2781 3126 2956 3194 μνήμη
3026 3121 3279 3194 φιλοθεΐας
3352 3127 3665 3182 καθέστηκεν
3754 3130 3823 3179 ἓν-

462 3220 648 3274 Deum
672 3222 727 3271 et
758 3214 975 3270 mentis
1002 3229 1135 3284 qua:
1162 3216 1393 3267 tenetur
1411 3224 1613 3264 amore
1641 3208 2111 3279 sapientiae,cum

2227 3204 2388 3270 δειξις
2445 3214 2533 3260 καὶ
2588 3210 2865 3281 φιλοσόφου
2926 3207 3162 3273 διανοίας
3212 3216 3337 3284 πρὸς
3391 3217 3516 3265 Θεὸν
3579 3220 3827 3267 κοινωνία

463 3310 583 3363 Deo
628 3304 1011 3376 conjunctio:
1058 3301 1318 3357 materim
1368 3298 1701 3355 commistio
1740 3313 1877 3351 cum
1940 3296 2115 3351 rebus

462 3394 803 3466 expertibus
851 3391 1110 3446 materiae
1141 3394 1197 3444 et
1237 3404 1349 3459 pax
1374 3386 1843 3459 impatibilitatis,
1873 3402 2003 3456 quae
2030 3402 2115 3440 re-

458 3482 845 3539 frenatanimi
872 3477 1509 3552 perturbationes.Quis
1528 3477 1681 3530 enim
1706 3474 2113 3529 venerandum

459 3579 514 3628 et
540 3573 807 3627 divinum
836 3586 1045 3625 eorum
1074 3574 1374 3623 certamen
1402 3566 1613 3620 mentis
1638 3565 1873 3619 intuens
1901 3563 2107 3627 oculis,

456 3678 578 3718 non
610 3662 716 3716 erit
740 3664 1009 3715 remotus
1034 3674 1070 3714 a
1097 3672 1272 3713 carne
1304 3663 1359 3711 et
1386 3673 1421 3710 a
1441 3654 2110 3721 mundo,conculcatam

454 3752 790 3821 intelligens
823 3765 1029 3804 eorum
1070 3762 1311 3802 carnem
1344 3750 1586 3817 propter
1618 3760 1791 3798 suam
1833 3744 1892 3798 in
1926 3746 2109 3798 Deum

461 3842 741 3913 pietatem
765 3840 792 3894 ?
827 3842 954 3894 Non
988 3837 1145 3892 enim
1181 3850 1317 3890 caro
1356 3834 1449 3889 his
1493 3834 1877 3905 concupiscit,
1920 3847 2111 3904 neque

454 3930 647 4002 pulvis
704 3936 870 3983 terra:
922 3925 1168 3981 rebellat
1211 3929 1416 3979 contra
1456 3922 1557 3978 Dei
1598 3922 1948 3992 imaginem.
1997 3921 2111 3976 Sed

456 4020 760 4091 sapienter
791 4016 1125 4072 ducebatur
1164 4014 1222 4067 id
1265 4013 1427 4081 quod
1465 4017 1553 4068 est
1586 4011 1868 4080 deterius,
1900 4010 2111 4080 guber-

455 4114 660 4163 natum
686 4107 762 4163 ab
785 4122 855 4161 eo
887 4104 1048 4176 quod
1076 4108 1161 4157 est
1186 4102 1587 4173 praestantius,
1616 4106 1671 4155 et
1691 4100 1920 4156 habens
1944 4114 2107 4154 men-

454 4203 574 4253 tem
592 4213 727 4268 quee
756 4192 1047 4249 dimoveri
1077 4207 1199 4246 non
1220 4196 1449 4261 poterat
1470 4207 1502 4243 a
1524 4194 1681 4245 meta
1711 4188 1949 4244 caelesti.
1978 4188 2110 4245 Tale

452 4290 751 4341 certamen
774 4281 1099 4354 aliquando
1120 4278 1476 4351 proponitur
1494 4277 1876 4350 septuaginta
1893 4283 2111 4348 marty-

454 4374 921 4443 ribus,quorum
955 4369 1282 4441 pretiosum
1315 4372 1371 4422 et
1399 4366 1610 4422 Christi
1643 4371 1944 4423 amantem
1978 4381 2111 4421 san—

2224 3297 2349 3358 ύλης
2403 3296 2639 3369 ἐπιμιξία
2688 3303 2817 3371 πρὸς
2874 3304 2967 3356 τὴν
3020 3299 3173 3352 οῐυλον
3226 3301 3371 3364 λῆξιν
3410 3302 3653 3363 ἀπαθείας
3691 3304 3825 3379 εἰρή-

2224 3405 2282 3442 νη
2340 3386 2663 3457 χαλινούσης
2722 3392 2787 3439 τὰ
2843 3391 2982 3446 παθη
3054 3390 3300 3462 οὐρανίων
3364 3396 3664 3463 πνευμάτων
3736 3399 3822 3445 καὶ

2222 3478 2412 3545 γηίνων
2470 3479 2722 3547 σωμάτων
2802 3475 3158 3550 σπενδομένων
3221 3479 3454 3541 ἀλληλοις
3509 3498 3521 3512 ⁶
3580 3487 3654 3542 τίς
3721 3488 3819 3555 γὰρ

2223 3565 2388 3615 αὐτῶν
2447 3570 2530 3617 τὸν
2590 3564 2763 3637 ἀγῶνα
2816 3576 2921 3629 τοῖς
2969 3576 3174 3630 νοητοῖς
3235 3572 3481 3641 θεώμενος
3535 3571 3825 3644 ὀφθαλμοῖς

2222 3654 2314 3705 οὐκ
2373 3656 2465 3717 ἔξω
2504 3660 2691 3727 σαρκὸς
2749 3663 2837 3707 καὶ
2899 3676 3098 3728 κοσμου
3152 3664 3423 3729 γενήσεται
3489 3668 3823 3732 πατουμένην

2220 3748 2307 3801 τὴν
2373 3746 2544 3817 σάρκα
2599 3745 2839 3817 θεοφιλῶς
2898 3756 3158 3798 κατανοῶν
3201 3748 3324 3815 ;Ού
3379 3752 3479 3822 γὰρ
3546 3752 3817 3811 τούτοιςὴ

2224 3833 2355 3905 σάρξ
2386 3832 2647 3906 ἐπεθύμει,
2697 3832 2820 3887 οὐδὲ
2851 3837 2875 3886 ὁ
2906 3843 3044 3907 χοῦς
3090 3846 3182 3898 τῆς
3230 3845 3329 3908 γῆς
3374 3840 3509 3891 κατὰ
3552 3849 3645 3900 τῆς
3684 3842 3822 3899 θείας

2222 3922 2408 3983 εἰκόνος
2461 3923 2843 3997 ἓτραχηλίαζεν
2896 3942 2908 3955 '
2945 3924 3052 3976 ἀλλ’
3093 3930 3249 3997 ἤγετο
3308 3938 3479 3999 σοφῶς
3532 3932 3582 3979 τὸ
3635 3936 3821 4001 χεῖρον

2221 4014 2319 4063 ὑπὸ
2376 4015 2465 4065 τού
2516 4018 2801 4085 κρείττονος
2864 4013 3263 4088 κυϐερνώμενον,
3319 4015 3497 4074 ἀκλινῆ
3553 4021 3636 4070 τὸν
3679 4019 3823 4090 λογι-

2223 4104 2353 4173 σμὸν
2397 4101 2476 4154 ἐπὶ
2528 4106 2620 4159 τὴν
2670 4104 2905 4177 οὐράνιον
2952 4107 3152 4157 νύσσαν
3200 4110 3508 4178 κεκτημένον
3541 4122 3554 4135 ’
3585 4116 3822 4168 τοιοῦτος

2221 4186 2373 4252 ἆθλος
2402 4210 2524 4243 ποτε
2553 4197 2641 4243 καὶ
2672 4200 2777 4253 τοῖς
2808 4190 3168 4265 ἐϐδομήκοντα
3196 4196 3590 4270 προχειρίζεται
3620 4200 3821 4271 μάρτυ-

2224 4300 2326 4347 σιν,
2355 4281 2420 4331 ὧν
2447 4285 2504 4332 τὸ
2538 4280 2880 4355 φιλόχριστον
2908 4282 3041 4354 αἷμα
3066 4286 3096 4341 ἡ
3130 4292 3227 4335 τῶν
3253 4286 3527 4357 Ἀπαμέων
3557 4283 3813 4359 δεξαμένη

2220 4369 2536 4443 μητρόπολις
2571 4372 2754 4422 θυσίαν
2806 4372 2957 4442 ἁγίαν
3009 4377 3097 4423 καὶ
3142 4373 3415 4445 εὐάρεστον
3462 4374 3725 4447 ἀνέπεμψε
3750 4382 3817 4443 τῷ

454 4462 719 4534 guinem,
753 4460 1215 4531 Apameensium
1247 4457 1547 4528 excipiens
1580 4456 1805 4517 civitas,
1830 4461 2103 4510 sanctum
2139 4476 2142 4529 j

2223 4467 2356 4529 Θεῷ,
2388 4458 2498 4511 ἀντὶ
2524 4463 2690 4534 μύρου
2722 4460 3008 4533 πολυτίμου
3036 4465 3093 4513 τὸ
3125 4469 3223 4513 πᾶν
3271 4472 3422 4535 σῶμα
3460 4472 3550 4515 τοῦ
3583 4470 3819 4535 Χριστοῦ

452 4554 646 4607 etDeo
680 4556 915 4619 gratum
947 4547 1139 4602 emisit
1162 4545 1542 4610 sacriﬁcium,
1581 4561 1687 4616 pro
1711 4544 1970 4616 pretioso
2005 4560 2111 4598 un-

452 4648 673 4712 guento
713 4644 902 4695 totum
944 4652 1160 4707 corpus
1193 4636 1422 4700 Christi,
1452 4650 1668 4705 nempe
1700 4640 1970 4690 sanctam
2004 4636 2111 4689 Ec-

455 4729 714 4794 clesiam,
749 4728 809 4782 in
846 4742 1052 4781 eorum
1086 4724 1377 4793 sanguine
1402 4724 1720 4792 inungens.

523 4820 589 4872 ll.
626 4816 1024 4872 Maximianus
1052 4814 1289 4869 enimin
1308 4814 1514 4885 primis
1547 4812 1767 4884 impius
1798 4811 2114 4883 etiniquus

455 4909 803 4979 imperator,
844 4903 1194 4977 quamlibet,
1231 4902 1617 4975 quantumvis
1646 4916 1951 4972 magnam,
1987 4918 2115 4957 cru-

456 4997 757 5053 delitatem
787 4993 1153 5050 contendens
1183 5006 1486 5063 superare,
1520 4990 1799 5046 studebat
1822 4996 1885 5045 ut
1907 5006 2118 5045 omnes

458 5088 559 5156 qui
585 5084 830 5155 subjecti
856 5087 1025 5139 erant
1051 5082 1181 5152 ejus
1202 5080 1475 5152 imperio,
1502 5080 1783 5135 otierrent
1803 5095 2116 5135 exsecran—

461 5176 554 5232 dis
585 5181 639 5233 et
670 5173 1000 5230 immundis
1031 5170 1400 5227 simulacris:
1435 5174 1491 5225 ut
1524 5186 1628 5240 per
1664 5185 1870 5225 eorum
1903 5169 2115 5224 adora-

460 5266 681 5321 tionem
726 5268 782 5319 et
828 5263 1080 5318 deorum
1126 5259 1232 5332 qui
1274 5258 1426 5315 falso
1458 5259 1844 5315 nominantur
1896 5257 2109 5335 falsam

459 5353 828 5423 religionem,
868 5367 976 5406 suo
1018 5349 1269 5421 imperio
1301 5349 1631 5421 acquireret
1670 5346 2019 5419 praesidium
2052 5351 2108 5403 et

461 5441 994 5513 magniﬁcentiam.
1049 5441 1187 5497 Cum
1228 5438 1340 5495 hoc
1378 5453 1519 5508 ergo
1556 5438 1748 5494 facere
1784 5435 2104 5506 statuisset,

458 5533 587 5603 ipse
631 5530 892 5601 seipsum
932 5529 1011 5585 ad
1034 5529 1147 5586 hoc
1188 5528 1462 5585 sedulum
1490 5531 1547 5584 et
1576 5526 1937 5583 industrium
1978 5541 2117 5584 con-

461 5618 646 5681 stituit
683 5618 1042 5677 ministrum.
1090 5621 1222 5679 Non
1262 5618 1422 5676 enim
1460 5616 1794 5675 sustinebat
1838 5616 2105 5691 jubendo

2222 4553 2314 4606 τὴν
2363 4548 2513 4620 ἁγίαν
2568 4549 2875 4607 Ἐκκλησίαν
2930 4550 2976 4601 ἐν
3026 4559 3097 4621 τῷ
3149 4554 3333 4623 αἵματι
3399 4556 3594 4605 τούτων
3664 4557 3821 4627 μυρί-

2224 4656 2384 4692 σασα.

2294 4812 2363 4866 Β’.
2420 4812 2744 4884 Μαξιμιανὸς
2802 4816 2924 4885 γὰρ,
2988 4816 3013 4864 ὁ
3065 4811 3486 4877 δυσσεϐέστατος
3542 4815 3812 4888 βασιλεὺς,

2223 4908 2395 4954 πᾶσαν
2474 4902 2742 4973 ὠμότητος
2826 4902 3111 4976 ὑπερϐολὴν
3170 4910 3314 4975 νικᾲν
3374 4906 3812 4979 φιλοτιμούμενος,

2225 4991 2345 5048 ὅλην
2382 4995 2475 5049 τὴν
2505 4992 2590 5043 ὑπ’
2624 4990 2777 5042 αὐτὸν
2821 4992 3085 5045 πολιτείαν
3134 5002 3242 5055 τοῖς
3292 4993 3611 5069 ἀκαθάρτοις
3656 5015 3813 5071 προσ-

2226 5086 2388 5155 φέρειν
2437 5077 2731 5140 ἐσπούδαζε
2780 5077 3052 5154 δαίμοσιν,
3115 5086 3178 5143 ὡς
3232 5082 3291 5133 ἂν
3333 5080 3489 5143 δῆθεν
3558 5082 3649 5137 διὰ
3723 5093 3815 5144 τῆς

2224 5174 2627 5241 προσκυνήσεως
2684 5178 2780 5229 τῆς
2825 5179 2922 5222 τῶν
2973 5168 3323 5242 ψευδωνύμων
3370 5176 3493 5225 θεῶν
3536 5177 3815 5246 θρησκείας

2224 5258 2453 5330 φυλακὴν
2510 5278 2562 5310 τε
2610 5264 2699 5310 καὶ
2755 5260 3190 5334 μεγαλοπρέπειαν
3244 5270 3306 5320 τῆ
3365 5262 3531 5333 οἰκείᾳ
3571 5263 3813 5335 βασιλείᾳ

2223 5352 2635 5421 περιποιὴσοιτο.
2688 5354 2868 5401 Τοίνυν
2913 5358 3074 5402 ποιεῖν
3139 5347 3433 5423 δοκιμάσας
3482 5352 3636 5415 αύτὸς
3689 5353 3813 5405 ἐαυ-

2222 5438 2308 5487 τὸν
2356 5439 2427 5499 εἰς
2478 5445 2627 5490 τοῦτο
2674 5436 2960 5491 σπουδαῖον
3012 5439 3307 5515 λειτουργὸν
3366 5443 3809 5517 προχειρίζεταιο

2225 5527 2284 5579 ού
2331 5528 2432 5602 γὰρ
2478 5531 2714 5600 ἠνείχετο
2766 5525 2861 5580 διὰ
2908 5528 3184 5592 κελεύσεως
3229 5533 3466 5605 γράφειν,
3521 5534 3587 5592 ὡς
3629 5532 3675 5582 οἱ
3713 5532 3811 5603 πρὸ

2225 5617 2386 5673 αὐτοῦ
2417 5615 2669 5692 βασιλεῖς,
2710 5624 2821 5681 τοῖς
2862 5621 2998 5672 κατὰ
3042 5625 3224 5692 χώραν
3255 5622 3490 5695 ἄρχουσι
3525 5628 3615 5682 τῆς
3663 5616 3811 5672 εἰδω-
