4066 6224
203 196 291 251 357

1255 177 1419 235 VITA
1463 176 1568 230 SS.
1613 164 1947 227 MAUBIGII
1989 168 2072 222 ET
2112 167 2508 227 SOCIORUM.

3453 172 3557 226 358

200 319 486 389 λολατρείας
547 312 853 387 φροντίζειν·
916 307 1043 360 ἀλλὰ
1119 306 1307 366 ἀόκνως
1357 303 1514 362 αὐτὸς
1567 304 1660 358 τὴν
1719 297 1831 350 οἰολ

1943 292 2157 349 δτὶὸθτε
2188 294 2267 350 ad
2303 294 2574 350 locorum
2594 292 2894 364 praesides,
2921 295 2985 348 ut
3036 294 3425 366 imperatores
3453 298 3562 370 qui

201 412 441 480 κουμένην
498 408 817 478 περιήρχετο
896 400 1158 471 ὑπηρέτης
1235 396 1352 458 ὀξύς
1424 401 1521 445 τῶν
1603 389 1793 462 βωμῶν

199 505 286 550 τῶν
327 493 590 567 δαιμόνων
637 496 921 562 γινόμενος,
976 485 1193 545 ἐλπίζων
1245 481 1336 535 διὰ
1382 491 1478 543 τῆς
1508 482 1797 552 παρουσίας

203 589 356 638 αὑτοῦ
401 589 492 635 καὶ
522 585 640 642 τούς
673 581 1006 638 ἀποστάντας
1036 583 1130 634 τῆς
1162 569 1583 643 δεισιδαιμονίας
1639 567 1798 619 αὐτοῦ

205 681 290 728 καὶ
346 677 471 747 πρὸς
525 676 612 728 τὴν
664 677 868 740 γνώσνν
937 674 1026 726 τῆς
1097 663 1340 723 ἀληθείας
1393 668 1484 713 τοῦ
1569 663 1802 732 Χριστοῦ

208 765 686 836 προσφοιτησαντας
754 755 1113 826 αὐτομολῆσαι
1190 749 1604 823 παρασκευάζειν
1676 748 1804 819 πρὸς

211 857 299 908 τὴν
346 850 542 904 πλάνην
595 854 694 898 τῶν
746 842 1049 914 ἀκαθάρτων
1111 839 1272 892 αὐτοῦ
1336 845 1424 889 καὶ
1506 833 1804 908 βδελυκιῶν

215 943 361 994 θεῶν.
417 940 561 991 Μετά
599 936 846 993 τοιαύτης
895 928 980 984 οὖν
1011 936 1236 1002 ςγνώμης
1278 933 1370 986 την
1411 926 1611 997 Ῥώμην
1642 943 1804 976 κατα-

211 1030 367 1082 λιπών
416 1027 741 1098 Μαξιμιανός
795 1025 820 1073 6
878 1018 1298 1078 δυσσεϐέστατος
1328 1020 1573 1090 τύραννος
1598 1019 1686 1066 καὶ
1715 1011 1806 1066 διὰ

214 1129 308 1171 τῶν
352 1117 664 1169 ἀνατολικῶν
733 1120 897 1186 μερῶν
955 1115 1048 1168 τὴν
1124 1105 1406 1180 ὁδοπορίαν
1480 1107 1804 1176 ποιούμενος,

216 1214 531 1265 κατήντησεν
585 1205 657 1264 εἰς
713 1203 998 1274 Ἀπάμειαν
1049 1203 1141 1258 τὴν
1195 1196 1512 1273 μητρόπολιν
1565 1202 1662 1254 τῆς
1692 1191 1809 1246 δευ-

217 1301 362 1371 τέρας
417 1304 517 1348 τῶν
569 1296 740 1366 Σύρων
794 1291 1072 1364 ἐπαρχίας,
1128 1291 1249 1340 ἔνθα
1319 1295 1416 1339 τῶν
1472 1283 1694 1338 εἰδώλων
1759 1286 1809 1336 οἱ

222 1388 361 1460 ἱερεῖς
408 1382 773 1455 προσελθόντες
821 1382 961 1451 αύτῷ
1013 1383 1338 1451 κατηγόρουν
1406 1384 1505 1427 τῶν
1557 1383 1810 1448 Χριστια-

215 1484 306 1525 νῶν
347 1475 592 1544 λέγοντες·
645 1471 714 1523 Ὦ.
767 1472 991 1522 θειότατε
1045 1466 1287 1540 βασιλεῦ,
1342 1463 1640 1538 παρρησίαν
1685 1465 1810 1535 ἡμῖν

217 1567 341 1637 πρὸς
385 1568 476 1620 τὴν
521 1560 781 1614 εὐσέϐειαν
834 1568 934 1611 τῶν
1001 1560 1123 1610 θεῶν
1185 1553 1569 1628 δωρησαμένων
1630 1553 1813 1625 ἀναφέ-

216 1672 363 1726 ρομεν
385 1651 466 1704 ἐπὶ
494 1656 552 1703 1'6
580 1650 838 1709 ἀήττητον
872 1668 966 1701 σου
1012 1650 1216 1721 κράτος,
1265 1647 1344 1696 ὅτι

223 1746 431 1804 ἕκαστος
486 1744 619 1813 μετά
663 1739 822 1811 φόϐου
861 1743 949 1790 καὶ
1001 1738 1164 1789 πόθου
1223 1739 1338 1796 τούς
1390 1739 1664 1806 πατρῴους
1720 1751 1814 1783 σου

223 1839 344 1904 τιμᾷ
384 1834 548 1899 θεούς,
590 1829 824 1901 μάλιστα
855 1825 913 1880 δε
955 1831 1041 1879 τὸν
1073 1830 1168 1878 Δία
1200 1827 1284 1877 τόν
1316 1827 1515 1898 πατέρα
1555 1831 1655 1873 τῶν
1693 1823 1817 1874 θεῶν

223 1928 305 1974 καὶ
352 1926 440 1972 τὸν
470 1919 789 1974 Ἀπόλλωνα
841 1921 926 1970 τὸν
977 1917 1268 1988 θαυμάσιον
1327 1918 1448 1973 τούς
1510 1913 1635 1986 ὑπὲρ
1703 1916 1818 1972 τοὺς

229 2011 404 2070 ἄλλους
436 2011 578 2070 θεούς
613 2017 836 2068 συνετῶς
876 2006 1224 2080 φυλάττοντάς
1255 2022 1307 2055 τε
1331 2007 1420 2054 καὶ
1450 2006 1818 2075 περιποιουμέ-

228 2120 331 2161 νους
363 2105 456 2158 τὴν
510 2098 786 2172 βασιλείαν
824 2105 919 2158 τῆς
971 2095 1205 2158 ἐξουσίας
1255 2113 1370 2146 σου.
1411 2096 1702 2164 Μαυρίκιος
1761 2086 1820 2142 δὲ

224 2196 306 2242 καὶ
337 2193 389 2241 οἱ
424 2193 518 2240 σύν
549 2188 689 2259 αύτῷ
717 2183 1076 2260 ἑϐδομήκοντα
1121 2191 1439 2258 στρατιῶται
1477 2185 1568 2232 τόῡ
1595 2182 1820 2254 κράτους

228 2299 339 2344 σου,
393 2277 446 2330 ἐκ
491 2286 590 2330 τῶν
631 2286 735 2330 σῶν
777 2275 1058 2346 ύψωθέντες
1099 2271 1304 2347 δωρεῶν
1356 2277 1444 2323 καὶ
1496 2273 1590 2330 τὰς
1622 2269 1816 2342 φιλοτί-

219 2379 343 2441 μούς
404 2387 519 2433 σου,
573 2367 971 2439 καρπωσάμενοι
1026 2365 1272 2437 χάριτας,
1325 2359 1648 2433 ἀτιμάζουσι
1698 2362 1818 2420 τοὺς

224 2460 368 2517 θεούς
423 2458 690 2508 καὶκατὰ
764 2463 860 2516 τῆς
918 2453 1170 2511 ἀηττήτου
1246 2471 1339 2503 σου
1400 2451 1810 2518 τετυραννήκασι

225 2545 512 2619 βασιλείας,
679 2544 840 2617 πλάνη
915 2546 1330 2614 συναπαγόμενοι
1383 2549 1480 2591 τῶν
1533 2538 1816 2611 λεγομένων

225 2643 572 2709 Χριστιανῶν.

303 2811 373 2866 Γ’.
429 2821 607 2866 Ταῦτα
654 2810 887 2871 ἀκούσας
947 2812 971 2861 ό
1024 2812 1265 2882 τύραννος
1325 2806 1651 2878 Μαξιμιανὸς
1707 2807 1824 2858 ἐθυ-

231 2907 378 2980 μώθη
406 2912 467 2976 τῇ
499 2903 677 2974 ψυχῇ,
711 2906 800 2953 καὶ
828 2903 913 2961 τὰς
939 2904 1119 2974 φρένας
1151 2896 1430 2962 ἠλλοιώθη,
1475 2901 1563 2947 καὶ
1591 2900 1677 2953 τὴν
1707 2892 1823 2948 διά-

233 3016 370 3047 νοιαν
416 2996 542 3067 ὑπὲρ
595 2993 811 3064 κάμινον
877 2989 1150 3054 ἐξεκασθη,
1206 2987 1478 3062 ἐξαιρέτως
1543 2981 1830 3056 διδαχθεὶς

237 3087 314 3136 ὅτι
370 3086 416 3134 ἐν
462 3091 579 3143 ταῖς
632 3081 793 3132 αὐτοῦ
850 3083 1142 3152 στρατείαις
1197 3079 1458 3135 τοιούτους
1509 3079 1830 3149 στρατιώτας

239 3174 515 3246 ὑπάρχειν,
576 3176 675 3223 Καὶ
736 3166 803 3227 δὴ
855 3171 1049 3241 ἡμέραν
1081 3167 1400 3241 ἐπιτηρησας
1444 3164 1699 3237 ἐπίσημον
1742 3167 1832 3214 καὶ

239 3267 389 3314 τόπον
436 3257 732 3316 ἐπιτήδειον
777 3260 1006 3334 εὑρηκὼς
1037 3261 1168 3331 πρὸς
1225 3259 1439 3328 θεωρίαν
1490 3262 1580 3306 τοῦ
1637 3250 1833 3325 δήμου,

239 3356 393 3423 μέσον
440 3358 536 3400 τῶν
593 3347 835 3420 ἀρκτῴων
891 3348 1062 3400 πυλῶν
1119 3354 1211 3407 τῆς
1294 3345 1562 3416 Ἀπαμέων
1639 3361 1838 3416 μητρο-

243 3438 424 3498 πόλεως
490 3443 527 3488 Γ
533 3441 718 3500 ιτνείας
772 3437 1054 3508 Ἀμαξικῇς
1127 3435 1421 3506 λεγομένης,
1495 3431 1703 3484 κάκεῖσε
1780 3433 1838 3481 τὸ

244 3525 586 3596 δικαστηριόν
643 3527 1042 3601 εὐτρεπισθῆναι
1111 3523 1373 3588 κελεύσας,
1433 3522 1666 3592 ἀχθῆναι
1718 3523 1839 3580 τοὺς

246 3615 524 3689 ἀοιδίμους
575 3615 858 3689 προσέταξε
908 3617 1196 3687 μάρτυρας.
1258 3614 1365 3684 Ἐφ’
1413 3611 1616 3682 ὑψηλοῦ
1670 3615 1840 3661 τοίνυν

249 3705 486 3779 βήματος
545 3713 635 3758 τοῦ
690 3701 1112 3756 δυσσεϐεστάτου
1178 3704 1425 3776 τυράννου
1479 3701 1841 3763 καθεσθέντος,

249 3797 422 3857 πάσης
473 3803 566 3854 τῆς
623 3794 810 3854 πόλεως
862 3798 949 3845 καὶ
998 3794 1175 3852 πάσης
1227 3791 1428 3851 ἡλικίας
1479 3789 1549 3850 εἰς
1596 3794 1687 3847 τὴν
1731 3790 1846 3840 τού-

246 3904 342 3936 των
402 3887 617 3956 θεωρίαν
671 3879 1100 3954 συνδραμούσης,
1134 3885 1202 3941 ὡς
1247 3877 1387 3954 μηδὲ
1426 3889 1526 3932 τῶν
1561 3879 1848 3949 θαλαμέυο-

244 3978 406 4046 μένων
489 3975 753 4047 παρθένων
824 3971 1260 4044 καταλειφθεισών
1343 3968 1391 4020 ἐν
1461 3976 1566 4028 τοῖς
1644 3967 1848 4026 οἰκείοις

245 4069 623 4134 καταγωγίοις,
672 4059 794 4132 ἦγον
851 4064 900 4113 οἱ
970 4057 1252 4136 δορυφόροι
1320 4062 1433 4117 τούς
1491 4053 1851 4129 ἐϐδομήκοντα

249 4161 578 4227 στρατιώτας
614 4160 704 4204 τού
743 4159 997 4226 Χριστοῦ,
1048 4149 1132 4210 ούς
1175 4150 1485 4218 θεασάμενος
1532 4149 1556 4198 ὁ
1599 4145 1846 4218 βασιλεὺς

247 4248 378 4313 πρός
434 4246 522 4292 τόν
574 4245 769 4293 τούτων
830 4241 1050 4314 ἔξαρχον
1100 4238 1253 4291 εἶπεν·
1299 4237 1492 4313 ¹Ἡμεῖς
1548 4236 1848 4307 ἐλπίζομεν,

249 4333 290 4381 ὧ
347 4336 629 4404 Μαυρίκιε,
671 4333 739 4392 ὡς
787 4339 884 4382 τῶν
932 4332 1190 4401 ἡμετέρων
1243 4326 1580 4385 ἀπολαύοντες
1624 4322 1850 4400 δωρεῶν,

248 4427 340 4472 καὶ
392 4419 645 4493 βασιλικῇ
696 4428 856 4494 τροφῇ
900 4417 1307 4491 ἐναϐρυνόμενοι,
1359 4421 1585 4467 καὶτῶν
1630 4433 1858 4485 κοσμου-

253 4515 416 4582 μένων
464 4509 514 4560 ἐν
559 4509 821 4582 ἀξιώμασι
872 4511 937 4561 τά
974 4515 1202 4581 πρωτεῖα
1259 4507 1380 4579 παρ’
1431 4507 1576 4577 ἡμῶν
1627 4504 1856 4575 εὐτυχή-

259 4619 434 4660 σαντες
485 4606 748 4670 κατίχνως
804 4607 897 4658 τῆς
955 4600 1200 4668 ἡμετέρας
1248 4596 1514 4648 ἰθύνεσθαι
1567 4593 1858 4664 γαληνότη-

258 4708 362 4754 τος,
410 4695 502 4741 καὶ
548 4693 667 4750 τοὺς
706 4689 1096 4759 ἐπιχειροῦντας
1135 4695 1225 4746 τῆς
1265 4687 1517 4760 ἡμετέρας
1561 4683 1858 4753 θεοφευλούς

265 4780 545 4850 θρησκείας
756 4773 930 4848 πηδᾷν
981 4775 1228 4850 πράξεσιν
1284 4771 1545 4848 ἀνρδείαις
1577 4778 1665 4824 καὶ
1697 4769 1860 4825 διδα-

267 4869 507 4930 σκαλίαις
554 4864 911 4927 παντοδαπαῖς
959 4866 1027 4928 εἰς
1085 4869 1142 4917 τὸ
1196 4867 1338 4936 ύγιες
1389 4864 1751 4937 ἐπιστρέφεται
1797 4865 1856 4914 τὸ

265 4976 357 5031 οσρ
403 4960 783 5033 θεραπεύοντες,
831 4962 921 5008 καὶ
973 4959 1025 5008 τό
1079 4954 1286 5028 χωλούν
1337 4949 1719 5026 διορθούμενοι,
1771 4956 1860 5004 καὶ

265 5049 321 5097 τό
379 5047 632 5119 πολεμοῦν
717 5046 1070 5121 εἰρηνεύοντες,
1156 5048 1246 5095 καὶ
1330 5048 1596 5115 συντόμως
1682 5040 1861 5109 εἰπεῖν,

266 5134 399 5186 ἁπαν
457 5140 515 5188 τό
564 5141 636 5209 μὴ
684 5137 818 5186 κατὰ
868 5139 954 5187 τὸν
1003 5137 1249 5208 ἡμέτερον
1296 5136 1488 5184 σκοπὸν
1538 5130 1867 5203 πολιτευόμε-

267 5246 348 5278 νον
380 5231 446 5287 ως
489 5227 730 5298 πολέμιον
774 5227 1162 5286 ύποτάττοντες.
1209 5219 1612 5294 Ἐδιδάχθημεν
1652 5217 1710 5272 δε
1764 5226 1862 5272 πᾶν

273 5319 328 5367 τό
377 5315 618 5382 ἐναντίον,
683 5318 752 5377 ὡς
806 5317 955 5379 ἔοικε,
1030 5318 1147 5389 περὶ
1204 5315 1363 5385 ὑμῶν·
1428 5315 1559 5386 πρὸς
1623 5311 1699 5370 οἷς
1764 5311 1866 5382 γὰρ

277 5404 473 5481 ἑτέρους
519 5408 576 5457 ἐκ
623 5411 717 5466 τῆς
769 5406 1014 5476 ἡμετέρας
1065 5399 1488 5476 δεισιδαιμονίας
1544 5401 1864 5474 ἀφηνιάσαν-

279 5513 370 5559 τας
421 5495 518 5549 οὐκ
573 5493 896 5570 ἐπετρέψατε,
947 5492 1076 5547 ἀλλὰ
1120 5498 1210 5547 καὶ
1268 5493 1414 5547 αὐτοὶ
1466 5494 1514 5545 οἱ
1569 5492 1702 5544 κατὰ
1767 5496 1868 5542 τῶν

1901 391 2038 432 eum
2068 383 2518 449 praecesserant,
2552 383 2614 431 ut
2651 376 2950 431 idolorum
2984 378 3176 432 cultus
3229 395 3436 437 curam
3461 398 3563 452 ge-

1903 475 2098 520 rerent
2123 483 2136 532 ;
2163 467 2264 522 sed
2289 468 2412 538 ipse
2434 466 2687 536 impigre
2709 470 2764 519 et
2789 463 3098 533 diligenter
3119 467 3320 523 obibat
3340 471 3554 526 orbem

1908 559 2094 622 terrea,
2136 555 2379 611 effectus
2405 555 2572 610 velox
2596 555 2862 608 minister
2889 553 3165 609 altarium
3191 556 3563 627 daemonum,

1911 658 2163 714 sperans
2186 644 2388 699 infelix
2415 661 2520 716 per
2543 659 2720 698 suum
2742 644 3061 698 adventum
3087 659 3148 697 se
3197 643 3563 712 effecturum,

1913 738 1976 786 ut
2013 735 2114 804 qui
2155 733 2494 788 defecerant
2530 733 2608 788 ab
2649 733 2777 802 ejus
2819 732 3255 802 superstitione,
3301 738 3357 786 et
3375 750 3571 789 acces-

1913 828 2110 876 serant
2141 823 2218 877 ad
2243 824 2503 878 veritatis
2538 821 2746 877 Christi
2773 820 3194 889 cognitionem,
3246 820 3571 892 transfuge-

1912 917 2044 964 rent
2063 911 2141 965 ad
2161 926 2420 966 errorem
2440 926 2686 965 suorum
2700 908 3154 965 immundorum
3185 914 3240 965 8t
3270 925 3573 966 exsecran-

1914 998 2130 1054 dorum
2144 999 2415 1055 deorum.
2433 999 2552 1054 Tali
2566 1014 2707 1068 ergo
2726 998 2928 1053 animo
2943 1001 3194 1054 Romam
3230 998 3574 1071 relinquens

1915 1089 2308 1144 Maximianus
2338 1089 2559 1159 impius
2585 1093 2895 1158 tyrannus,
2925 1092 2981 1142 et
2999 1103 3102 1157 per
3150 1087 3408 1143 Orientis
3437 1104 3572 1160 par-

1919 1184 2002 1233 tes
2028 1178 2133 1234 iter
2157 1178 2398 1243 faciens,
2425 1178 2693 1250 pervenit
2729 1179 3080 1247 Apameam,
3103 1193 3234 1249 quae
3249 1183 3337 1233 est
3359 1184 3576 1234 metro-

1918 1267 2072 1339 polis
2121 1268 2395 1322 secundae
2440 1266 2763 1338 provinciae
2810 1269 3117 1337 Syrorum.
3165 1269 3294 1331 Quo
3337 1267 3400 1321 in
3439 1266 3572 1324 loco

1916 1357 2215 1412 idolorum
2255 1356 2595 1412 sacerdotes
2629 1355 2707 1410 ad
2737 1372 2876 1410 eum
2908 1355 3283 1422 accedentes,
3328 1372 3576 1412 accusa-

1918 1446 2064 1502 bant
2094 1447 2478 1516 Christianos,
2522 1446 2784 1501 dicentes
2827 1445 2918 1500 ei:
2963 1446 3006 1499 0
3047 1445 3418 1502 divinissime
3458 1448 3572 1502 im-

1924 1540 2179 1608 perator,
2199 1552 2332 1590 cum
2349 1536 2429 1591 dii
2447 1535 2620 1592 nobis
2639 1535 2912 1590 dederint
2933 1534 3220 1606 loquendi
3239 1534 3573 1592 libertatem

1388 1651 1486 1695 τῶν
1538 1645 1660 1717 παρ’
1689 1645 1813 1715 ἡμῖν

1943 1624 2090 1696 ipud
2123 1632 2284 1680 tuam
2313 1625 2615 1696 pietatem,
2645 1623 2966 1678 deferimus
2989 1623 3067 1678 ad
3089 1629 3256 1679 tuam
3294 1625 3578 1680 invictam

1927 1715 2274 1785 potentiam,
2297 1713 2461 1785 quod
2476 1713 2890 1784 unusquisque
2912 1727 3117 1768 eorum
3136 1713 3238 1784 qui
3259 1719 3398 1768 sunt
3414 1712 3578 1784 apud

1927 1818 2057 1868 nos,
2100 1819 2237 1858 cum
2270 1804 2477 1857 timore
2517 1806 2573 1857 et
2600 1802 2898 1857 desiderio
2914 1802 3170 1858 honorat
3200 1803 3498 1858 maximos
3521 1807 3578 1859 et

1926 1893 2149 1964 patrios
2179 1893 2324 1946 deos
2355 1907 2367 1942 :
2402 1892 2662 1947 maxime
2701 1898 2901 1947 autem
2933 1890 3142 1946 Jovem
3167 1896 3400 1962 patrem
3431 1891 3579 1947 deo-

1926 1997 2082 2045 rum,
2107 1986 2161 2036 et
2190 1980 2519 2053 Apollinem
2552 1979 2990 2044 admirabilem,
3020 1981 3123 2052 qui
3145 1986 3283 2036 sunt
3301 1980 3432 2035 aliis
3459 1981 3574 2036 diis

1929 2070 2288 2142 superiores,
2329 2075 2385 2125 et
2412 2070 2731 2141 imperium
2772 2074 2886 2124 tuae
2916 2069 3219 2140 potestatis
3244 2069 3418 2125 valde
3444 2084 3581 2125 con-

1927 2166 2167 2216 servant
2203 2165 2260 2215 et
2299 2163 2557 2216 tuentur.
2607 2158 2920 2214 Mauricius
2963 2163 3163 2213 autem
3202 2164 3257 2214 et
3293 2159 3398 2230 qui
3440 2163 3582 2214 sunt

1928 2267 2066 2306 cum
2079 2266 2149 2306 eo
2167 2249 2544 2321 septuaginta
2570 2249 2782 2304 milites
2823 2259 2936 2304 tua:
2966 2248 3267 2319 potentiae,
3300 2248 3362 2303 in
3393 2247 3583 2304 altum

1928 2340 2060 2396 elati
2087 2341 2418 2396 honoribus
2457 2337 2572 2394 tuis
2611 2343 2667 2393 et
2706 2338 3081 2402 muneribus,
3117 2345 3171 2392 et
3209 2337 3312 2409 qui
3342 2337 3492 2393 ditia
3531 2341 3587 2393 et

1928 2429 2253 2500 magniﬁca
2290 2429 2452 2484 dona
2490 2444 2562 2484 ex
2602 2433 2656 2482 te
2708 2432 3120 2499 perceperunt,
3175 2426 3322 2481 deos
3361 2427 3593 2486 habent

1927 2517 2315 2587 contemptui,
2361 2523 2415 2571 et
2467 2517 2754 2572 adversus
2811 2531 3102 2585 magnum
3143 2521 3310 2570 tuum
3351 2520 3405 2569 et
3443 2515 3593 2570 invi-

1929 2614 2089 2664 ctum
2121 2605 2440 2677 imperium
2471 2610 2748 2660 exercent
2785 2605 3186 2674 tyrannidem,
3236 2603 3476 2660 abducti
3512 2603 3590 2658 ab

1929 2712 2126 2754 errore
2147 2695 2638 2752 Christianorum.

2003 2788 2092 2842 ιιι.
2125 2789 2255 2841 Haec
2276 2800 2416 2855 ergo
2443 2799 2582 2838 cum
2613 2781 2877 2838 audisset
2896 2781 3241 2854 tyrannicus
3268 2783 3592 2853 imperator

1936 2875 2348 2940 Maximianus,
2367 2875 2572 2930 animo
2597 2871 2768 2927 valde
2792 2871 2897 2926 fuit
2925 2871 3132 2934 iratus,
3174 2876 3228 2926 et
3249 2869 3595 2942 praecordiis

1937 2969 2239 3030 incensus,
2273 2967 2542 3020 etmente
2568 2961 2761 3031 magis
2791 2960 3136 3031 arsitquam
3158 2959 3406 3015 fornax:
3445 2974 3597 3030 prae-

1943 3056 2114 3128 cipue
2166 3069 2303 3108 cum
2333 3051 2678 3123 accepisset,
2708 3050 2872 3121 quod
2897 3050 2956 3104 in
2996 3065 3107 3104 suo
3137 3048 3399 3104 exercitu
3452 3045 3598 3102 tales

1945 3149 2146 3200 essent
2171 3142 2404 3198 milites.
2431 3144 2494 3197 Et
2523 3157 2658 3195 cum
2687 3139 2848 3194 diem
2868 3138 3244 3194 observasset
3277 3137 3600 3207 insignem,

1946 3240 2002 3290 et
2030 3235 2232 3290 locum
2256 3232 2581 3285 invenisset
2603 3236 2811 3300 aptum
2830 3227 2908 3282 ad
2935 3226 3139 3298 populi
3164 3225 3600 3298 spectaculum,

1946 3324 2006 3378 in
2049 3323 2246 3378 medio
2288 3327 2596 3392 portarum
2655 3317 3215 3390 septentrionalium
3260 3313 3604 3388 metropolis

1949 3409 2432 3484 Apemeensium,
2476 3425 2612 3479 quae
2661 3408 2872 3462 dicitur
2914 3407 3139 3461 Vicinia
3197 3407 3508 3475 Amaxica,
3551 3408 3608 3458 et

1947 3500 2219 3572 jussisset
2250 3499 2365 3554 illic
2397 3499 2595 3568 parari
2623 3497 2942 3566 judicium,
2968 3497 3155 3566 jussit
3185 3496 3322 3550 duci
3354 3495 3607 3565 inclytos

1953 3597 2268 3662 martyres.
2304 3591 2447 3642 Cum
2485 3589 2545 3640 in
2566 3588 2684 3640 alto
2716 3593 2918 3641 autem
2951 3584 3227 3638 tribunali
3261 3585 3480 3654 impius
3517 3598 3610 3637 se-

1953 3682 2133 3735 disset
2198 3686 2490 3750 tyrannus
2565 3674 2969 3740 Maximianus,
3040 3673 3432 3727 concurrisset
3470 3687 3609 3727 vero

1903 3769 1917 3792 '
1955 3770 2236 3825 universa
2256 3767 2456 3821 civitas
2485 3769 2540 3818 et
2561 3762 2756 3817 omnis
2777 3767 2921 3816 tetas
2960 3760 3033 3815 ad
3063 3777 3166 3816 eos
3225 3759 3606 3830 spectandos,

1957 3859 2109 3915 adeo
2142 3865 2203 3912 ut
2230 3873 2338 3912 nec
2380 3854 2638 3923 virgines
2669 3851 2939 3924 quidem,
2972 3865 3102 3920 quae
3133 3848 3365 3919 degunt
3394 3847 3454 3901 in
3479 3848 3610 3902 tha-

1955 3950 2149 4019 lamis,
2181 3944 2574 4002 remanserint
2635 3942 2697 3997 in
2746 3941 2867 3996 suis
2897 3938 3278 4002 habitaculis,
3311 3938 3614 3992 duxerunt

1959 4038 2237 4096 satellites
2282 4033 2659 4106 septuaginta
2697 4030 2908 4086 Christi
2959 4028 3193 4086 milites.
3267 4029 3428 4092 Quos
3479 4041 3618 4081 cum

1960 4129 2293 4201 aspexisset
2324 4127 2667 4197 imperator,
2703 4120 2852 4175 dixit
2889 4135 3097 4176 eorum
3127 4118 3266 4174 duci
3293 4135 3306 4173 :
3341 4120 3456 4172 Nos
3489 4132 3622 4188 spe-

1961 4219 2264 4284 rabamus,
2298 4232 2334 4271 o
2365 4212 2616 4279 Maurici,
2662 4211 2823 4282 quod
2851 4209 3072 4265 nostris
3133 4207 3395 4263 fruentes
3427 4206 3616 4270 donis,

1964 4312 2023 4364 et
2042 4309 2322 4364 alimento
2343 4302 2540 4360 educti
2561 4300 2964 4373 imperatorio,
2997 4299 3344 4371 primosque
3366 4297 3622 4353 honores

1891 4381 1933 4434 ί)
1967 4406 2022 4455 et
2046 4397 2367 4467 dignitates
2403 4411 2438 4450 a
2470 4393 2644 4448 nobis
2675 4389 3000 4456 consecuti,
3045 4387 3391 4443 insisteretis
3447 4385 3623 4441 vesti-

1970 4488 2080 4559 giis
2114 4490 2332 4542 nostra
2363 4481 2797 4553 tranquilitatis,
2855 4484 2913 4534 et
2963 4493 3066 4533 eos
3120 4477 3220 4548 qui
3266 4481 3625 4531 conarentur

1971 4578 2189 4634 resilire
2224 4591 2261 4630 a
2290 4582 2494 4629 nostra
2524 4572 2636 4627 deo
2664 4577 2833 4639 grata
2878 4568 3132 4637 legione,
3161 4566 3413 4622 fortibus
3452 4564 3623 4620 factis

1972 4676 2028 4725 et
2056 4682 2232 4725 omne
2245 4679 2433 4737 genus
2445 4662 2730 4718 doctrinis
2749 4655 3169 4714 converteretis
3189 4655 3268 4711 ad
3280 4656 3618 4718 sanitatem,

1973 4758 2138 4830 quod
2153 4758 2466 4826 aegrotaret
2480 4755 2775 4816 curantes,
2806 4752 2860 4803 et
2886 4746 3045 4818 quod
3059 4745 3423 4801 claudicaret
3439 4744 3626 4800 corri-

1976 4855 2197 4919 gentes,
2232 4849 2289 4902 et
2322 4841 2490 4914 quod
2519 4840 2739 4896 bellum
2766 4844 2992 4908 gereret
3015 4835 3398 4909 paciﬁcantes
3430 4851 3441 4889 :
3477 4838 3533 4889 et
3566 4835 3627 4886 ut

1976 4937 2157 4994 semel
2182 4935 2400 4996 dicam,
2444 4928 2698 5004 quiquid
2739 4944 2803 4983 se
2860 4941 2982 4982 non
3036 4942 3102 4981 ex
3151 4932 3355 4982 nostro
3383 4923 3633 4980 haberet

1975 5028 2259 5095 instituto,
2301 5030 2591 5094 tanquam
2624 5017 2936 5073 inimicum
2976 5021 3030 5070 et
3068 5016 3285 5070 hostile
3315 5011 3632 5082 subjicien-

1979 5124 2084 5174 tes.
2121 5116 2230 5172 Sed
2262 5114 2337 5169 de
2367 5112 2559 5175 vobis,
2593 5115 2656 5165 ut
2717 5107 2965 5176 videtur,
3012 5103 3378 5160 contrarium
3405 5100 3628 5172 accepi-

1981 5225 2139 5263 mus.
2170 5207 2298 5260 Non
2355 5201 2550 5258 solum
2576 5198 2738 5254 enim
2786 5213 2906 5252 non
2959 5193 3328 5251 convertistis
3382 5206 3484 5247 eos
3525 5190 3637 5262 qui

1983 5297 2268 5354 adversus
2281 5298 2550 5350 nostram
2563 5287 2925 5345 rebellarunt
2935 5283 3302 5355 religionem,
3323 5280 3431 5336 sed
3447 5281 3628 5337 etiam

1986 5387 2098 5460 ipsi
2123 5386 2409 5443 adversus
2439 5381 2585 5438 deos
2614 5383 2849 5435 nostros
2881 5376 3320 5448 omnipotentes
3371 5369 3633 5444 tyranni-

1987 5479 2128 5534 dem
2150 5477 2508 5539 exercentes,
2541 5474 2600 5528 et
2636 5468 2739 5542 qui
2764 5467 2848 5523 eis
2877 5469 3017 5522 sunt
3041 5462 3341 5522 constituti
3370 5462 3635 5520 honores
