4066 6224
462 272 567 327 359

459 488 537 545 ad
562 488 879 544 barathum
914 487 1199 556 interitus,
1236 487 1283 541 si
1316 502 1451 542 vera
1490 490 1627 541 sunt
1664 500 1793 557 quae
1833 483 1908 539 de
1947 481 2111 538 vobis

458 577 537 633 ad
568 584 803 632 nostras
843 592 1017 632 aures
1049 579 1467 647 pervenerunt.

527 846 616 900 IV.
650 845 798 900 Dixit
820 850 1063 901 sanctus
1099 843 1441 900 Mauricius:
1485 843 1833 915 Imperator,
1890 856 2019 913 qua:
2073 856 2109 897 a

452 935 629 991 nobis
660 940 960 991 exercetur
994 934 1261 1005 tyrannis
1319 935 1600 989 adversus
1625 932 1791 996 deos,
1817 932 1919 1003 qui
1969 935 2108 985 sunt

450 1025 614 1080 nullo
647 1041 827 1080 sensu
854 1024 1097 1096 prmditi,
1128 1023 1300 1079 nobis
1373 1021 1625 1077 validam
1648 1020 1899 1092 acquirit
1932 1020 2107 1075 victo-

450 1118 598 1173 riam
641 1133 675 1172 a
722 1132 859 1172 vero
892 1116 1030 1179 Deo,
1064 1121 1120 1170 et
1147 1131 1431 1170 coronam
1467 1114 1687 1183 glorim.
1747 1112 1873 1167 Non
1940 1111 2101 1167 enim

451 1222 847 1278 aspernamur
867 1211 921 1260 et
948 1204 1111 1259 nihili
1136 1204 1390 1259 facimus
1416 1206 1619 1268 Deum,
1669 1204 1771 1273 qui
1792 1218 1897 1257 nos
1913 1200 2096 1269 ﬁnxit,

452 1301 513 1351 ut
541 1295 717 1350 stulta
749 1300 836 1349 est
866 1299 969 1350 tua
1028 1293 1263 1348 traditio
1290 1312 1301 1348 :
1338 1292 1441 1347 sed
1502 1291 1907 1361 gloriﬁcamus
1938 1306 2098 1358 eum,

448 1385 551 1455 qui
577 1388 667 1439 est
689 1384 850 1438 solus
872 1399 1043 1438 verus
1073 1386 1243 1444 Deus,
1272 1382 1372 1452 qui
1402 1381 1535 1436 fecit
1556 1380 1771 1435 cmlum
1806 1384 1861 1435 et
1885 1385 2099 1435 terram

449 1478 504 1527 et
531 1490 715 1537 mare,
747 1478 799 1527 et
824 1472 1029 1527 omnia
1047 1472 1149 1543 qui
1169 1472 1226 1526 in
1254 1472 1337 1525 eis
1368 1475 1524 1525 sunt.
1554 1470 1869 1541 Improbos
1898 1473 2098 1523 autem

447 1566 503 1617 et
530 1562 876 1617 immundos
908 1561 1215 1617 daemones
1247 1566 1301 1615 et
1326 1560 1429 1631 qui
1456 1558 1804 1615 hominibus
1842 1557 2099 1613 atferunt

447 1652 712 1715 exitium,
738 1668 871 1722 qum
886 1656 1021 1705 sunt
1049 1649 1231 1703 surda
1244 1655 1297 1703 et
1316 1664 1474 1703 caeca
1499 1647 1838 1712 simulacra,
1860 1652 1914 1702 et
1937 1645 2099 1701 nullo

1862 248 2122 323 MENSIS
2162 265 2423 324 JULIUS.

460 403 516 455 et
536 397 828 454 sacriﬁcia
845 414 914 453 ac
928 397 1219 453 libamina
1232 396 1559 464 abolentes,
1579 396 1707 453 aliis
1724 394 1915 451 fuistis
1929 392 2095 448 duces

2223 394 2480 466 ἡμετέρων
2534 396 2967 468 παντοκρατόρων
3048 393 3172 446 θεῶν

3724 272 3833 326 360

3262 399 3483 468 τυραννή
3494 413 3672 455 σαντες
3734 415 3823 461 καῖ

2222 484 2309 542 τὰς
2366 487 2727 555 νενομισμένας
2797 483 2973 544 αὐτοῖς
3020 485 3176 555 τιμάς
3233 503 3286 535 τε
3344 488 3431 535 καὶ
3495 486 3673 544 θυσίας
3730 490 3824 537 καὶ

2223 568 2450 632 σπονδὰς
2477 571 2831 639 ἀθετήσαντες,
2867 570 3056 643 ὁδηγοὶ
3086 576 3214 646 πρὸς
3267 571 3536 646 βάραθρον
3570 572 3823 635 ἀπωλείας

2220 660 2411 734 ἑτέροις
2434 668 2695 732 γεγόνατε·
2732 664 2859 736 ἢπερ
2890 661 3104 733 ἀληθείᾳ
3142 670 3392 734 κυροῦται
3433 665 3500 714 τά
3530 662 3601 723 εἰς
3631 665 3821 735 ἡμετέ-

2216 770 2309 823 ρας
2338 750 2493 812 ἀκοὰς
2519 754 2633 804 καθ’
2666 754 2807 824 ύμών
2836 750 3138 825 ἀφικόμενα.

2290 840 2356 895 Δ’.
2425 846 2718 916 Μαυρίκιος
2780 838 2934 894 εἶπεν·
3010 841 3068 894 Ἠ
3142 842 3264 915 παρ’
3338 844 3483 913 ἡμῶν
3569 846 3819 915 τυραννίσι

2217 931 2351 982 κατά
2397 940 2497 982 τῶν
2552 929 2878 989 ἀναισθήτων
2957 950 3050 983 σου
3127 933 3269 995 θεῶν,
3349 929 3587 1003 βασιλεῦ,
3666 936 3815 990 νίκην

2215 1021 2338 1091 ἡμῖν
2394 1020 2621 1095 ὶσχυράν
2672 1023 2816 1092 παρά
2862 1028 2952 1072 τοῦ
3004 1021 3247 1078 ἀληθινοῦ
3306 1024 3434 1073 Θεοῦ
3485 1025 3575 1071 καὶ
3629 1026 3814 1092 στέφα-

2213 1128 2294 1161 νον
2350 1105 2505 1171 δοξης
2559 1113 2907 1183 περιτίθησιν·
2960 1110 3017 1161 ού
3065 1112 3163 1183 γὰρ
3219 1109 3495 1182 ἀθετοῦμεν
3549 1114 3633 1161 τόν
3682 1110 3813 1162 πλά-

2880 1219 2944 1250 τα
2994 1201 3124 1271 ἡμᾶς
3179 1203 3306 1252 Θεὸν
3360 1202 3497 1251 κατὰ
3554 1204 3646 1257 τήν
3702 1198 3819 1252 ἀνο-

2219 1327 2235 1345 .
2309 1329 2321 1342 .
2400 1332 2411 1343 .
2493 1333 2503 1343 .
2580 1334 2591 1343 .
2677 1284 3009 1360 παράδωσιν³
3081 1286 3207 1341 ἀλλά
3256 1284 3319 1341 δο

2329 1378 2516 1448 άζομεν
2561 1386 2645 1428 τον
2697 1383 2850 1448 μόνον
2907 1377 3145 1434 ἀληθινὸν
3185 1381 3313 1429 Θεὸν
3355 1423 3366 1433 .
3438 1422 3450 1434 .
3531 1422 3542 1433 .
3620 1419 3633 1432 .

2211 1465 2340 1536 (τὸν)
2392 1471 2685 1525 ποιήσαντα
2732 1470 2817 1518 τόν
2869 1467 3083 1541 οὐρανὸν
3130 1472 3219 1518 καὶ
3272 1471 3362 1524 τὴν
3416 1510 3428 1523 ,

2210 1555 2352 1624 (γῆν)
2410 1560 2497 1606 καὶ
2557 1559 2647 1612 τήν
2690 1554 2981 1620 θάλασσαν,
3039 1560 3127 1606 καὶ
3177 1556 3346 1606 πάντα
3403 1557 3467 1607 τὰ
3514 1554 3561 1606 ἐν
3612 1556 3812 1617 αὐτοῖς.

2207 1649 2334 1704 Τοὺς
2401 1642 2459 1696 δὲ
2510 1641 2761 1717 δαίμονας
2814 1648 2933 1705 τους
2984 1652 3082 1695 τῶν
3143 1644 3420 1717 ἀνθρώπων
3473 1647 3816 1719 φθοροποιοῦς

448 1756 631 1795 sensu
651 1742 916 1811 praedita,
940 1755 1058 1795 non
1081 1739 1358 1794 convenit
1375 1739 1517 1793 deos
1542 1753 1773 1802 vocare,
1795 1753 1829 1791 ο
1848 1738 2095 1807 impera-

2211 1733 2267 1784 ού
2322 1738 2500 1807 πρέπει
2553 1753 2633 1785 σοι
2682 1734 2849 1786 καλεῖν
2892 1737 3050 1798 θεοὺς,
3102 1734 3141 1783 ὦ
3190 1733 3428 1805 βασιλεῦ.
3489 1735 3814 1805 Μαξιμιανὸς

446 1833 553 1884 tor.
589 1828 741 1883 Dixit
767 1829 1085 1899 imperator
1112 1827 1509 1883 Maximianus
1540 1844 1550 1881 :
1585 1830 1730 1883 Cum
1760 1827 2097 1881 honorema

440 1919 552 1974 diis
575 1918 653 1973 sis
684 1922 1063 1985 consecutus,
1096 1922 1150 1972 et
1182 1917 1401 1971 militiae
1453 1915 1716 1987 primum
1744 1915 1941 1970 locum
1973 1931 2095 1970 sor-

443 2008 602 2073 titus,
633 2023 667 2062 o
711 2007 967 2076 Maurici,
999 2008 1081 2062 eis
1112 2006 1424 2077 pulchram
1448 2003 1627 2059 refers
1650 2005 1923 2075 gratiam.
1954 2004 2100 2059 Dixit

442 2102 681 2152 sanctus
720 2096 1068 2151 Mauricius:
1130 2095 1449 2166 Nunquam
1488 2095 1779 2149 honorem
1836 2093 2037 2164 accepi
2066 2108 2101 2147 a

442 2186 554 2241 diis
586 2186 817 2253 vestris,
854 2201 1045 2255 neque
1080 2183 1207 2237 volo
1250 2199 1351 2238 eos
1378 2183 1693 2238 honorare.
1738 2182 1880 2248 Quis
1942 2186 2100 2238 enim

443 2291 712 2346 unquam
735 2290 807 2329 ex
838 2272 1205 2339 hominibus,
1237 2272 1337 2344 qui
1359 2273 1454 2327 Dei
1477 2271 2097 2341 habetcognitionem,

444 2364 783 2419 sustinuerit
810 2364 1106 2418 honorare
1138 2363 1415 2418 materias
1459 2362 1621 2417 nullo
1679 2378 1853 2417 sensu
1887 2361 2099 2433 praedi-

446 2458 534 2509 tas
561 2453 587 2506 ‘?
622 2453 733 2509 Sed
764 2453 983 2523 quibus
1016 2468 1133 2507 non
1167 2458 1257 2506 est
1290 2467 1478 2515 mens,
1518 2468 1643 2523 qum
1671 2453 1843 2507 rectis
1889 2452 2105 2520 guber-

448 2548 621 2598 natur
654 2542 1004 2607 rationibus,
1044 2546 1355 2612 propterea
1407 2541 1568 2612 quod
1616 2541 1899 2610 jumentis
1944 2556 2103 2595 com-

448 2632 639 2704 parati
666 2632 779 2686 sint
804 2630 1241 2701 insipientibus,
1283 2636 1339 2685 et
1370 2630 1591 2685 similes
1631 2629 1769 2685 facti
1802 2630 1917 2684 sint
1945 2631 2028 2685 eis
2060 2632 2101 2695 ί,

446 2722 484 2776 ii
515 2720 747 2791 lapides
777 2726 832 2775 et
871 2720 1104 2788 lignain
1119 2720 1262 2774 deos
1305 2718 1584 2789 referunt,
1615 2723 1994 2790 mentemque
2022 2718 2105 2773 eis

448 2811 734 2878 tribuunt,
767 2816 822 2864 et
847 2810 1142 2865 honorant
1182 2816 1471 2880 tanquam
1525 2808 1692 2863 deos.
1739 2808 1887 2863 Dixit
1918 2809 2103 2879 impe-

448 2906 609 2955 rator
635 2900 1021 2955 Maximianus
1048 2916 1060 2953 :
1106 2898 1402 2963 Quoniam
1433 2898 1656 2968 primas
1726 2904 1923 2968 partes
1952 2897 2099 2953 obti-

448 2989 612 3043 nuisti
680 2989 738 3042 in
804 2988 1117 3042 ordinibus
1188 2992 1403 3042 nostras
1448 2987 1994 3052 administrationis,
2064 3003 2099 3043 0

447 3078 710 3141 Maurici,
745 3076 801 3129 id
836 3077 937 3129 tibi
972 3092 1253 3143 magnam
1288 3075 1536 3146 prtebuit
1591 3076 2017 3131 confidentiam
2045 3081 2099 3132 et
2130 3095 2168 3150 ρ

445 3164 1028 3219 effecitauilaciorem
1058 3180 1069 3218 :
1088 3165 1239 3218 adeo
1259 3171 1320 3219 ut
1346 3164 1653 3234 splendide
1671 3170 1727 3220 et
1752 3166 1896 3220 citra
1916 3165 2097 3221 ullam

445 3253 956 3308 conturbationem
970 3253 1333 3323 respondeas
1354 3258 1563 3308 nostrae
1580 3254 1874 3309 serenitati
1886 3255 2099 3309 .Jubet-

445 3358 578 3414 que,
613 3357 682 3397 eo
709 3348 1001 3413 separato,
1035 3341 1667 3413 reliquosinterrogari,
1693 3348 1749 3397 et
1774 3343 1993 3399 blande
2015 3344 2098 3399 eis

444 3431 586 3486 dicit
611 3431 933 3502 imperator
960 3448 971 3484 :
1008 3432 1147 3496 Quis
1171 3431 1339 3487 vobis
1377 3436 1605 3488 tantam
1634 3432 1765 3488 fecit
1795 3434 2095 3504 injuriam,

444 3536 480 3575 0
518 3518 749 3584 fratres,
786 3526 847 3573 ut
878 3520 1205 3575 deﬁceretis
1237 3537 1270 3576 a
1310 3521 1421 3575 diis
1463 3522 1859 3577 servatoribus
1889 3542 1901 3574 :
1936 3539 2100 3578 acce-

444 3609 658 3664 deretis
674 3614 871 3664 autem
887 3610 1066 3664 errori
1081 3610 1285 3664 homin
1297 3627 1393 3665 um
1407 3612 1508 3682 qui
1523 3612 1770 3667 adorant
1790 3611 2097 3667 hominem

442 3698 790 3754 cruciﬁxum
823 3704 1104 3770 tanquam
1136 3716 1320 3754 unum
1341 3700 1708 3755 homicidam
1734 3700 1761 3754 ?
1790 3704 1911 3756 Non
1937 3701 2098 3756 enim

442 3788 522 3843 sic
539 3803 646 3843 vos
665 3786 1013 3853 erudiimus,
1052 3804 1245 3860 neque
1262 3789 1320 3844 in
1340 3790 1443 3844 tali
1468 3790 1728 3845 doctrina
1759 3792 2100 3848 eduximus-

513 3880 567 3934 V.
600 3876 761 3932 'I‘unc
801 3894 933 3933 vere
963 3880 1117 3933 beati
1158 3880 1500 3934 Theodorus
1528 3886 1582 3935 et
1610 3880 1941 3953 Philippus,
1970 3886 2093 3937 tau-

439 3983 625 4038 quam
664 3983 734 4021 ex
764 3984 864 4022 ore
906 3976 1248 4022 sanctorum
1308 3969 1685 4039 septuaginta
1743 3976 2093 4042 martyrum,

440 4059 709 4111 dixerunt
738 4057 1123 4127 imperatori:
1189 4060 1323 4119 Nos,
1377 4074 1411 4112 o
1466 4064 1714 4128 tyranne
1769 4060 2095 4131 imperator

438 4145 811 4210 Maximiane,
844 4152 1074 4199 tantum
1096 4145 1384 4200 absumus
1403 4148 1479 4201 ab
1525 4162 1740 4213 errore,
1778 4154 1838 4203 ut
1866 4156 1917 4204 te
1944 4160 2092 4220 'quo-

438 4248 555 4303 que
580 4239 853 4303 Optemus
875 4234 1111 4289 liberari
1134 4236 1210 4289 ab
1235 4251 1451 4300 errore,
1496 4252 1533 4291 a
1562 4252 1681 4308 quo
1710 4253 1820 4292 nos
1849 4254 2090 4311 quoque

441 4320 665 4375 fuimus
698 4322 950 4386 liberati,
983 4340 1167 4378 unum
1202 4329 1257 4379 et
1288 4324 1481 4379 solum
1528 4326 1844 4382 adorantes
1879 4344 2085 4383 verum

2211 1819 2363 1875 εἶπεν”
2460 1820 2692 1885 Ἐπειδὴ,
2764 1832 2857 1884 τῆς
2930 1832 3029 1874 τῶν
3104 1826 3225 1875 θεῶν
3280 1822 3578 1884 ἀπολαύσας
3630 1832 3807 1895 τιμῆς,

2210 1918 2306 1961 τῶν
2350 1917 2610 1983 πρωτείων
2694 1920 2786 1973 τῆς
2860 1916 3138 1985 στρατείας
3210 1912 3464 1978 ήξιωθης,
3524 1918 3809 1988 Μαυρίκιε,

3517 2006 3817 2076 Μαυρίκιος

2213 2092 2364 2143 εἶπεν
2421 2088 2559 2143 Οὐδὲ
2634 2096 2786 2163 τιμήν
2860 2088 3114 2163 ἐδεξάμην
3190 2094 3332 2165 παρὰ
3398 2100 3495 2142 τῶν
3557 2094 3813 2167 ὑμετέρων

2210 2000 2371 2059 καλήν
2424 2001 2599 2063 αὐτοῖς
2667 1998 2941 2061 ἀποδίδως
3018 2006 3111 2059 τὴν
3189 2000 3431 2073 ἀμοιϐήν.

2217 2182 2355 2243 θεῶν,
2418 2177 2541 2232 ούδε
2613 2186 2768 2252 τιμᾴν
2840 2181 3023 2240 αὐτούς
3097 2179 3371 2251 βούλομαι·
3435 2186 3511 2241 τίς
3563 2183 3659 2252 γὰρ
3728 2179 3814 2231 ἀν-

2215 2270 2427 2343 θρώπων
2484 2272 2603 2321 ποτε
2658 2278 2850 2340 γνῶσιν
2914 2272 3050 2340 ἔχων
3120 2277 3253 2322 Θεοῦ
3309 2273 3399 2330 τὰς
3467 2268 3823 2329 ἀναισθήτους

2213 2364 2367 2429 τιμᾷν
2422 2357 2689 2427 ἀνέξοιτο;
2734 2357 2844 2409 ἀλλ’
2892 2356 2963 2419 οἷς
3021 2358 3126 2429 οὐχ
3180 2360 3411 2431 ὑπάρχει
3476 2366 3612 2425 νοῦς,
3667 2358 3821 2429 λογι-

2217 2454 2368 2519 σμόῐς
2420 2448 2591 2520 ὀρθοῖς
2645 2446 3023 2519 κυϐερνώμενος
3088 2444 3181 2499 διά
3240 2452 3297 2499 τό
3357 2446 3818 2522 παρασυμϐληθῆ-

2213 2557 2297 2589 ναι
2346 2545 2449 2597 τοῖς
2501 2541 2713 2595 κτήνεσι
2764 2544 2872 2598 τοῖς
2914 2536 3151 2598 ἀνοήτοις
3201 2542 3289 2588 καὶ
3344 2538 3660 2608 ὁμοιωθῆναι
3717 2537 3814 2588 αύ-

2214 2634 2335 2685 τοῖς·
2388 2625 2531 2677 οὗτοι
2591 2628 2913 2677 θεοποιοῦσιν
2970 2634 3076 2685 τοῖς
3140 2625 3305 2686 λίθοις
3357 2629 3445 2677 καὶ
3494 2633 3601 2685 τοῖς
3642 2625 3818 2688 ξύλοις

2216 2714 2531 2786 ἀπονέμουσι
2594 2720 2800 2786 γνώμην
2876 2720 2963 2766 καὶ
3022 2723 3243 2787 τιμῶσιν
3308 2718 3375 2777 ὡς
3438 2716 3597 2775 θεούς.
3646 2715 3817 2777 Μαξι-

2212 2809 2393 2877 μιανός
2483 2806 2508 2855 ὁ
2584 2802 2831 2875 βασιλεὺς
2899 2800 3051 2855 εἶπεν·
3124 2804 3180 2856 Ἡ
3248 2813 3345 2856 τῶν
3406 2810 3665 2877 πρωτείων
3718 2813 3813 2856 τοῦ

2214 2896 2454 2964 ὑμετέρου
2504 2894 2769 2964 τάγματος
2818 2889 3101 2957 διοίκησις,
3154 2899 3429 2965 Μαυρίκιε,
3484 2893 3671 2950 πολλήν
3725 2912 3811 2944 σοι

2210 2984 2507 3059 παρρησίαν
2590 2988 2845 3057 παρέσχε,
2916 2989 3005 3036 καὶ
3077 2986 3391 3056 θρασύτερον
3448 2984 3809 3058 ἀπειργάσατο

2211 3074 2281 3135 εἰς
2337 3078 2393 3125 τὸ
2444 3073 2687 3144 λαμπρῶς
2718 3078 2806 3124 καὶ
2858 3071 3257 3132 ἀκαταπλήκτως
3302 3076 3428 3147 πρὸς
3478 3078 3569 3129 τήν
3625 3074 3811 3143 ἡμετέ-

2208 3184 2302 3238 ραν
2359 3162 2727 3235 ἀποκρίνεσθαι
2801 3162 3146 3233 γαληνότητα,
3216 3168 3304 3214 καὶ
3360 3161 3569 3225 κελεύει,
3633 3182 3811 3233 χωρι-

2211 3255 2414 3313 σθέντος
2464 3252 2643 3315 αὑτοῦ,
2717 3255 2832 3310 τοὺς
2883 3252 3088 3311 λοιπούς
3140 3252 3454 3322 ἐρωτᾶσθαι.
3529 3256 3627 3303 Καί
3676 3271 3815 3322 φησι

2210 3345 2337 3416 πρὸς
2384 3344 2569 3401 αὐτούς
2609 3342 2633 3391 ό
2685 3338 2948 3411 βασιλεύς·
3005 3346 3096 3402 Τίς
3144 3348 3389 3393 τοσοῦτον
3444 3342 3573 3412 ὑμᾶς
3616 3336 3818 3397 ἠδίκη-

2212 3450 2313 3496 σεν,
2374 3427 2603 3501 ἀδελφοὶ,
2664 3433 2730 3490 ὡς
2782 3429 2836 3481 ἐκ
2878 3439 2976 3481 τῶν
3030 3435 3276 3502 σωτήρων
3328 3428 3619 3487 ἀποστῆναι
3662 3432 3813 3496 θεῶν,

2208 3521 2557 3591 προστεθῆναι
2616 3515 2673 3569 δὲ
2729 3520 3135 3592 παρασκευάσας
3178 3527 3237 3590 τῇ
3289 3518 3451 3589 πλάνη
3506 3526 3602 3569 τῶν
3650 3538 3820 3592 προσ-

2208 3612 2492 3661 κυνούντων
2545 3609 2812 3678 ἄνθρωπον
2859 3611 3220 3683 σταυρωθέντα
3259 3611 3322 3668 ὡς
3353 3608 3437 3660 ἕνα
3464 3616 3561 3658 τῶν
3585 3612 3772 3679 φονέων
3803 3626 3815 3673 ;

2211 3698 2285 3751 Ou’
2309 3698 2591 3773 γάρξοῦτως
2613 3699 2747 3768 ὑμᾶς
2768 3694 3147 3769 ἐπαιδεύσαμεν
3175 3694 3298 3749 οὐδὲ
3319 3700 3581 3757 τοιαύταις
3611 3693 3817 3749 διδασ-

2209 3788 2413 3851 καλίαις
2433 3787 2736 3860 ἐθρέψαμεν.

2282 3878 2350 3931 Ε’.
2400 3882 2525 3930 Τότε
2576 3873 2846 3951 Θεόδωρος
2894 3881 2982 3927 καὶ
3027 3875 3277 3938 Φίλιππος
3326 3879 3393 3937 ὡς
3453 3878 3505 3927 ἐκ
3548 3880 3814 3947 στόματος

2209 3976 2303 4019 τῶν
2364 3970 2524 4039 ἀγίων
2591 3965 2949 4038 ἐϐδομήκοντα
3018 3970 3290 4041 μαρτύρων
3376 3968 3533 4018 εἶπον·
3608 3966 3808 4037 Ἡμεῖς,

2204 4059 2242 4108 ὧ
2299 4062 2507 4130 τύραννε
2561 4057 2866 4129 Μαξιμιανε,
2928 4066 3177 4108 τοσοῦτον
3252 4057 3443 4116 πλάνης
3514 4055 3808 4127 ἀπέχομεν,

2203 4151 2270 4207 ὡς
2304 4152 2391 4199 καὶ
2443 4166 2498 4199 σε
2538 4156 2631 4206 τῆς
2697 4145 2901 4207 ἀπατης
2933 4147 3272 4220 οἰκτείρομεν,
3330 4147 3392 4206 ἧς
3442 4146 3811 4220 ἠλευθερώθη-

2200 4256 2289 4308 μεν
2339 4240 2423 4288 τὸν
2508 4238 2592 4287 ἕνα
2669 4242 2755 4287 καὶ
2841 4242 2993 4305 μόνον
3076 4235 3314 4293 ἀληθινόν
3394 4244 3812 4308 προσκυνοῦντες

2202 4330 2347 4391 Θεὸν,
2398 4331 2600 4397 Πατέρα
2657 4328 3069 4398 παντοκράτορα,
3122 4331 3210 4376 καὶ
3261 4329 3345 4376 τόν
3404 4334 3647 4396 μονογενῆ
3713 4325 3815 4375 αύ-

437 4412 641 4475 Deum,
676 4412 906 4466 Patrem
960 4415 1446 4484 omnipotentem.
1472 4422 1527 4470 et
1562 4416 1929 4485 unigenitum
1958 4419 2084 4488 ejus

2211 4424 2288 4468 τοῦ
2332 4418 2449 4467 Υἱόν
2500 4416 2704 4473 Ἰησοῦν
2764 4419 2992 4486 Χριστόν
3050 4417 3136 4465 τόν
3187 4418 3373 4486 Κύριον
3427 4417 3593 4485 ἡμῶν,
3650 4416 3808 4476 Θεὸν,

441 4500 645 4555 Filium
688 4503 877 4556 .lesum
929 4503 1218 4559 Christum
1289 4504 1605 4560 Dominum
1650 4512 1942 4571 nostrum,
1984 4509 2085 4579 qui

438 4596 519 4644 est
554 4590 649 4643 Dei
678 4590 859 4644 virtus
890 4596 946 4647 et
989 4593 1083 4646 Dei
1124 4593 1415 4663 sapientia
1439 4598 1495 4648 ²;
1549 4602 1604 4649 et
1640 4596 2085 4651 sanctissimum

436 4678 565 4748 ejus
600 4678 901 4749 Spiritum,
932 4680 1036 4751 qui
1060 4682 1234 4736 nobis
1266 4682 1578 4753 inspiravit
1606 4684 2010 4753 cognitionem
2032 4690 2089 4741 et

436 4767 911 4837 intelligentiam,
961 4774 1023 4824 ut
1047 4771 1385 4827 conﬁtearis
1429 4773 1673 4843 quidem
1722 4774 2083 4843 Trinitatem,

434 4871 570 4927 quae
597 4861 681 4910 est
710 4856 983 4925 ejusdem
1014 4860 1283 4915 essentia:
1314 4878 1326 4912 :
1359 4859 1722 4917 abomineris
1754 4867 1952 4919 autem
1977 4864 2084 4920 im-

436 4944 729 5001 mundam
744 4951 901 5000 tuam
915 4946 1289 5016 religionem:
1309 4950 1528 5006 ethanc
1545 4951 1789 5021 quidem
1805 4953 2074 5023 abjicias,

436 5049 571 5105 quas
603 5032 786 5089 estad
819 5039 1073 5105 tempus,
1109 5036 1373 5092 militiam
1409 5056 1421 5089 :
1481 5042 1595 5093 Deo
1658 5055 1794 5095 vero
1855 5040 2080 5108 milites,

437 5124 538 5194 qui
570 5128 660 5177 est
686 5124 801 5177 Rex
833 5125 1212 5181 exercituum.
1259 5126 1410 5181 Dixit
1463 5128 1855 5183 Maximianus
1890 5131 2087 5201 impe-

432 5222 634 5268 rator:
671 5215 868 5278 Video,
902 5230 937 5267 o
980 5215 1267 5287 Philippe,
1318 5221 1371 5271 te
1419 5224 1778 5273 senectutem
1835 5219 2074 5289 quidem

435 5299 651 5356 habere
694 5304 1117 5359 reverendam:
1171 5305 1552 5375 intelligentia
1591 5314 1790 5363 autem
1826 5308 2079 5363 multum

439 5391 641 5445 cedere
664 5392 1003 5461 juvenibus.
1034 5396 1295 5466 Coniuge
1323 5411 1461 5466 ergo
1494 5396 1570 5451 ad
1600 5397 1766 5465 deos,
1793 5406 1845 5453 et
1877 5398 1953 5453 sis
1981 5398 2084 5454 bo-

511 5582 529 5617 ι
563 5580 714 5640 Psal.
742 5598 931 5642 XLVIII.
1010 5588 1030 5621 ²
1070 5588 1242 5644 ICor.
1270 5606 1309 5643 ι.

2201 4503 2423 4577 δύναμιν
2467 4511 2555 4556 καὶ
2596 4510 2721 4557 Θεοῦ
2771 4509 2954 4576 σοφίαν
3007 4505 3333 4578 ὑπάρχοντα,
3378 4507 3459 4555 καὶ
3498 4506 3551 4554 τὸ
3595 4509 3812 4574 Πνεῦμα

2199 4596 2358 4647 αὐτοῦ
2414 4598 2470 4646 τό
2520 4597 2771 4665 πανάγιον
2825 4597 2881 4644 τὸ
2938 4593 3226 4665 ἐμπνεῦσαν
3279 4595 3401 4664 ἡμῖν
3460 4601 3651 4663 γνῶσιν
3713 4598 3811 4644 καὶ

2201 4687 2422 4737 σύνεσιν·
2478 4682 2741 4755 ὁμολογεῖν
2796 4686 2884 4754 μεν
2928 4679 3134 4755 Τριάδα
3182 4684 3483 4753 όμοούσιον,
3514 4676 3812 4752 βδελύττε-

2201 4776 2324 4825 σθαι
2374 4769 2431 4825 δε
2479 4777 2571 4829 τὴν
2627 4771 2919 4845 ἀκάθαρτόν
2977 4791 3069 4824 σου
3104 4774 3406 4845 θρησκείαν·
3446 4774 3535 4821 καὶ
3584 4774 3675 4827 τὴν
3706 4774 3806 4841 μὲν

2197 4866 2514 4936 πρόσκαιρον
2572 4864 2765 4917 ταύτην
2830 4858 3215 4912 ἀποϐάλλεσθαι
3264 4862 3568 4933 θρησκείαν,
3634 4877 3806 4930 σ’ροι⁴

2196 4953 2436 5002 τεύεσθαι
2482 4946 2539 5001 δὲ
2588 4958 2658 5019 τῷ
2724 4958 2836 5020 Θεῷ
2903 4958 2973 5020 τῷ
3050 4948 3259 5020 βασιλεῖ
3312 4958 3409 5001 τῶν
3480 4944 3804 5018 δυνάμενων.

2197 5040 2517 5111 Μαξιμιανός
2570 5041 2594 5090 ό
2645 5038 2894 5111 βασιλεὺς
2948 5036 3101 5091 εἶπεν
3159 5038 3330 5091 Βλέπω
3413 5058 3488 5101 σε,
3555 5036 3809 5101 Φίλιππε,

2194 5138 2363 5202 γῆρας
2407 5131 2494 5200 μὲν
2544 5125 2817 5200 αἰδέσιμον
2866 5131 3073 5199 ἔχοντα,
3132 5130 3337 5179 σύνεσιν
3400 5124 3457 5179 δε
3516 5125 3645 5177 πολύ
3696 5136 3808 5177 τῶν

2196 5224 2314 5271 νέων
2374 5218 2686 5289 λειπόμενον’
2746 5214 3101 5290 αύτομόλησον
3161 5211 3246 5268 οὖν
3300 5220 3426 5289 πρὸς
3472 5218 3591 5275 τοὺς
3648 5217 3808 5277 θεούς

2197 5315 2285 5359 καὶ
2331 5317 2478 5379 γενοῦ
2519 5306 2809 5379 σύμϐουλος
2862 5306 3057 5377 ἀγαθὸς
3102 5314 3210 5367 τοῖς
3254 5307 3452 5366 λοιποῖς
3500 5324 3593 5357 σου
3638 5322 3809 5375 στρα-

2196 5404 2407 5461 τιώταις
2463 5406 2552 5459 τῆς
2607 5398 2677 5460 εἰς
2708 5401 2826 5459 τούς
2873 5400 3017 5459 θεούς
3060 5400 3484 5471 προσκυνήσεως,
3537 5396 3676 5454 ὅπως
3738 5395 3811 5447 ἂν
