4034 6206
191 353 258 408 36,
396 316 399 317 ν
1185 329 1355 390 VITA
1393 334 1495 389 SS.
1538 323 1866 394 MAURITII
1906 330 1992 386 ET
2031 329 2422 390 SOCIORUM.

3389 335 3494 398 362

181 487 312 551 τιμῶν
360 475 594 548 μειζόνων
650 470 872 541 armes;
928 464 1050 538 παρ’
1118 464 1283 534 ἡμῶν.
1343 461 1402 513 Ὀ
1467 457 1525 514 δὲ
1583 462 1733 533 ἅγιος

1865 477 1950 514 ius
1976 457 2349 514 consiliarius
2375 458 2615 530 reliquis
2648 456 2758 515 tuis
2784 453 3068 516 militibus
3109 461 3183 518 de
3208 464 3320 521 diis
3351 468 3499 526 ado-

177 569 396 626 φίλιππος
440 561 567 615 εἶπεν
612 581 625 592 ο
659 560 791 631 Ἐγὼ
852 553 1139 628 σύμϐουλος
1198 554 1420 624 πονηρὸς
1479 551 1536 603 οὗ
1585 557 1733 622 γενή-

176 674 312 726 σομαι
350 660 451 712 τοῖς
498 650 939 721 αὐτοπροαιρέτως
993 638 1335 712 ὁδηγηθείσιν
1388 639 1455 698 εἰς
1513 643 1597 690 τὸν
1649 644 1734 710 φο-

174 744 246 796 ϐον
286 751 368 794 τοῦ
412 739 650 796 ἀληθινοῦ
691 743 846 798 Θεοῡ,
899 729 1079 787 ἐπειδὴ
1131 734 1418 800 γέγραπται
1455 747 1466 756 ⁸
1505 751 1532 779 ι(
1577 729 1732 794 Οὐαὶ,

174 829 236 884 δι’
280 831 335 882 οὗ
383 833 438 880 τό
476 831 631 880 κακόν
691 829 904 897 ἔρχεται
959 821 972 876 l
1033 819 1358 881 Μαξιμιανὸς
1405 815 1538 869 εἶπεν
1595 835 1606 847 ⁸
1667 822 1736 870 Τὸ

175 921 479 992 μακρόθυμον
535 925 624 975 τῆς
676 916 928 986 ἡμετέρας
980 908 1308 970 ἀνεξικακίας
1362 906 1737 979 τολμηρότερον

175 1029 220 1061 σε
265 1013 543 1072 πεποίηκεν,
612 1005 848 1057 Φίλιππε.
929 1004 1012 1057 Μὴ
1092 994 1180 1049 οὖν
1262 997 1557 1068 ἐπιμείνητε
1631 1005 1737 1058 τοῖς

172 1099 339 1157 αὐτοῖς.
389 1099 467 1148 ἶνα
514 1100 585 1167 μὴ
643 1091 863 1152 δικαίως
912 1096 1005 1147 τὴν
1063 1085 1218 1144 δίκην
1271 1087 1390 1138 καθ’
1437 1087 1580 1157 ὑμῶν
1611 1105 1740 1160 παρ-

170 1191 392 1260 ωτρύνητε
435 1191 522 1236 καὶ
583 1184 803 1255 γένησθε
844 1177 1039 1251 δεῖγμα
1089 1186 1186 1238 τῆς
1244 1178 1489 1248 ἡμετέρας
1551 1174 1740 1246 ἀγανα-

172 1281 370 1341 κτήσεω,
397 1274 692 1346 τολμῶντες,
727 1270 997 1343 ὀνομάζειν
1035 1271 1122 1318 τὸν
1152 1266 1272 1336 παρ’
1305 1267 1446 1336 υμῶν
1475 1266 1741 1316 θεοποιού-

169 1385 295 1438 μενον
323 1366 606 1436 ἄνθρωπον.
640 1360 1024 1434 Ἀποκριθέντες
1053 1353 1111 1408 δὲ
1134 1357 1182 1406 οἱ
1211 1354 1353 1424 ἅγιοι
1379 1350 1741 1424 ἐϐδομήκοντα

171 1453 290 1506 εἶπον
314 1462 380 1525 τῷ
404 1455 636 1527 τυράννῳ
662 1471 674 1482 ’
707 1449 761 1501 Ἠ
791 1443 1062 1508 κενόδοξος
1087 1443 1267 1500 ἀπειλὴ
1316 1451 1410 1504 τῆς
1437 1450 1553 1511 σῆς,
1587 1439 1738 1513 βασι-

171 1544 259 1607 λεύ,
289 1540 559 1615 βδελυρίας
593 1536 815 1609 δύναμιν
841 1535 894 1598 ἐξ
920 1533 1086 1604 ὕψους
1135 1534 1259 1603 ἡμῖν
1304 1531 1592 1604 χαρίζεται
1635 1548 1647 1558 ·
1681 1529 1738 1581 οὐ

175 1635 254 1706 γὰρ
284 1631 451 1683 ἐνοικεῖ
498 1627 652 1701 φόϐος
685 1625 952 1699 βασάνων,
987 1623 1058 1683 εἰς
1098 1618 1331 1673 διάνοιαν
1378 1618 1600 1692 βεϐαίων
1641 1629 1740 1672 τῶν

175 1719 450 1790 ἀγαπώντων
481 1723 573 1769 τὸν
600 1721 705 1789 Κύρ
716 1733 808 1769 ιον.

1843 549 2066 617 randis,
2099 553 2158 602 ut
2185 548 2420 619 majora
2450 548 2612 604 dona
2641 555 2698 604 et
2726 548 2985 604 honores
3025 565 3062 606 a
3089 552 3262 608 nobis
3293 571 3498 613 conse-

1843 637 2070 709 quaris.
2105 635 2257 691 Dixit
2288 643 2528 692 sanctus
2561 637 2864 709 Philippus
2893 654 2905 692 :
2939 641 3152 694 Notum
3200 642 3300 697 tibi
3334 645 3428 711 sit,
3461 663 3498 702 o

1843 727 2182 796 imperator,
2220 740 2316 780 me
2346 741 2469 780 non
2519 725 2788 781 futurum
2836 726 3064 783 malum
3096 730 3500 790 consiliarium

1846 816 1915 871 iis
1966 815 2070 888 qui
2128 831 2238 870 sua
2275 824 2482 886 sponte
2523 817 2762 872 deducti
2795 822 2936 872 sunt
2960 817 3033 872 ad
3065 818 3339 875 timorem
3382 824 3503 879 veri

1851 905 1970 959 Dei.
1997 905 2288 976 Scriptum
2305 911 2392 959 est
2413 905 2573 959 enim
2606 908 2653 963 ³;
2680 907 2808 961 «Vm
2840 905 2911 972 ei,
2947 923 3051 978 per
3070 923 3252 978 quem
3272 910 3500 966 malum

1847 994 2078 1049 venit.»
2115 993 2270 1048 Dixit
2309 995 2636 1064 imperator
2666 996 3059 1051 Maximianus
3093 1013 3103 1051 :
3141 999 3371 1055 Lenitas
3400 1016 3506 1056 no-

1848 1089 1983 1138 straa
2019 1082 2314 1154 patientiae
2370 1089 2422 1138 te
2473 1084 2858 1140 audaciorem
2890 1085 3100 1150 etfecit,
3148 1103 3183 1142 o
3215 1088 3504 1162 Philippe.

1848 1171 2032 1228 Nolite
2061 1186 2203 1240 ergo
2236 1173 2297 1226 in
2322 1171 2415 1226 his
2447 1171 2736 1237 insistere,
2763 1189 2838 1229 ne
2860 1175 3058 1244 justas
3089 1191 3291 1247 poenas
3314 1177 3376 1233 in
3401 1194 3505 1234 vos

1849 1260 2081 1316 irritetis
2104 1267 2159 1315 et
2171 1260 2438 1317 evadatis
2455 1261 2800 1333 exemplum
2817 1270 3036 1319 nostras
3057 1265 3506 1336 indignationis,

1849 1350 2135 1405 audentes
2187 1351 2499 1406 nominare
2538 1351 2870 1416 hominem,
2902 1353 3005 1425 qui
3038 1371 3074 1410 a
3106 1355 3271 1410 vobis
3300 1361 3387 1412 est
3415 1373 3509 1412 re-

1850 1438 2006 1495 latus
2031 1437 2734 1511 in,deos.Bespondentes
2759 1457 2899 1496 vero
2918 1443 3108 1499 sancti
3130 1446 3510 1516 septuaginta

1848 1534 2162 1599 martyres,
2195 1528 2473 1584 dixerunt
2504 1535 2751 1600 tyranno
2773 1531 3116 1602 imperatori
3177 1549 3190 1587 :
3250 1536 3420 1590 Vana:
3452 1540 3509 1591 et

1847 1617 2056 1673 inanes
2103 1617 2300 1682 minas,
2359 1634 2394 1673 o
2445 1617 2785 1690 imperator,
2842 1628 2956 1676 tuae
3015 1623 3505 1692 abominationis,

1850 1708 2126 1762 virtutem
2174 1706 2350 1761 nobis
2403 1723 2473 1761 ex
2517 1710 2635 1763 alto
2664 1708 3018 1779 largiuntur.
3079 1714 3206 1767 Non
3239 1716 3398 1768 enim
3423 1714 3508 1769 in-

1770 1824 1811 1876 Β
1849 1796 2112 1867 greditur
2141 1802 2243 1851 aut
2276 1796 2563 1852 inhabitat
2593 1805 2784 1852 metus
2809 1806 3240 1856 tormentorum
3264 1803 3324 1856 in
3345 1803 3509 1858 bona

244 1984 296 2041 ς’.
375 1989 498 2036 Τότε
604 1983 629 2033 6
720 1979 964 2053 βασιλεὺς
1064 1975 1388 2047 Μαξιμιανὸς
1481 1973 1736 2026 ἐκέλευσεν

185 2070 473 2146 ἀραιρεθῆναι
548 2080 650 2123 τῶν
735 2069 894 2139 ἁγίων
976 2063 1340 2137 ἑϐδομήκοντα
1403 2067 1460 2116 τὸ
1548 2071 1739 2135 σχῆμα

177 2169 248 2221 τῆς
322 2167 594 2235 στρατείας
671 2163 760 2210 καὶ
853 2165 1080 2215 κοπῆναι
1167 2154 1334 2206 αὐτῶν
1402 2155 1496 2214 τάς
1577 2153 1738 2212 ζώνας

172 2256 243 2300 καὶ
287 2259 618 2322 παραστῆναι
677 2248 817 2317 αὐτῷ
876 2247 1004 2318 μετά
1078 2243 1272 2304 πολλῆς
1335 2242 1574 2314 ἀτιμίας.
1642 2247 1740 2293 Καὶ

173 2347 312 2391 ταῦτα
374 2349 470 2392 τῶν
557 2342 905 2391 ὑπασπιστῶν
971 2337 1100 2404 μετά
1151 2331 1342 2384 πολλου
1396 2340 1488 2383 τοὺ
1539 2333 1742 2402 τάχους

172 2425 597 2502 διαπραξαμένων,
647 2430 737 2498 ἔφη
793 2429 918 2500 πρὸς
968 2423 1157 2482 αὐτοὺς
1209 2424 1234 2472 6
1284 2424 1549 2496 τύραννος,
1611 2417 1738 2486 Ἴδε,

171 2519 259 2577 aia;
285 2519 486 2589 ἀτιμίας
543 2517 757 2588 ἐτύχετε
809 2511 904 2566 διὰ
951 2517 1044 2570 τὴν
1067 2510 1326 2563 ἀπείθειαν
1363 2512 1530 2581 ὑμῶν.
1580 2511 1645 2560 Οἱ
1686 2505 1744 2560 δὲ

173 2607 293 2675 ἀγιοι
321 2609 453 2659 εἶπον
485 2610 622 2679 πρὸς
653 2609 739 2656 τὸν
783 2607 1026 2676 τύραννον
1077 2620 1088 2631 ⁸
1129 2600 1188 2653 Εἰ
1235 2604 1324 2651 καὶ
1369 2603 1453 2666 σὺ,
1507 2601 1574 2658 ὡς
1603 2603 1745 2669 νομί-

174 2697 278 2762 ζεις,
309 2694 563 2759 ἐξέδυσας
616 2697 770 2766 ἡμᾶς,
818 2692 925 2743 ἀλλ’
974 2694 1113 2742 ἔστιν
1144 2692 1169 2741 6
1205 2695 1335 2748 Θεὸς
1383 2690 1527 2760 ἡμῶν
1569 2687 1616 2739 ἐν
1664 2689 1748 2739 οὐο

171 2794 340 2856 ρανοῐς,
505 2785 844 2855 λατρεύομεν,
912 2776 1102 2831 ἐνδύων
1186 2781 1320 2850 ἡμᾶς
1407 2777 1594 2835 στολὴν
1655 2784 1749 2838 τῆς

173 2875 354 2926 αἰωνίου
408 2872 600 2941 δόξης,
659 2873 720 2930 ἣν
778 2871 936 2930 αὐτὸς
993 2865 1116 2920 οὐδὲ
1163 2866 1366 2919 ἀκούειν
1421 2869 1750 2926 καθέστηκας

172 2965 295 3026 ἄξιος
323 2962 413 3016 διὰ
438 2967 526 3016 τὸν
584 2967 810 3015 Σατανᾶν
840 2964 926 3012 τὸν
975 2962 1173 3031 πατέρα
1223 2976 1340 3024 σου,
1372 2961 1458 3008 τὸν
1505 2957 1752 3008 λαλουντα

171 3050 208 3101 ἐν
238 3062 330 3107 σοί.
361 3059 487 3105 Τότε
552 3053 807 3123 θυμωθεὶς
855 3051 879 3100 6
928 3049 1168 3120 τύραννος
1208 3043 1342 3098 εἶπεν
1377 3063 1388 3074 ’
1444 3046 1514 3098 Ὠ
1556 3052 1749 3120 μιαρω-

1843 1899 2040 1941 mente
2058 1892 2112 1939 et
2129 1885 2321 1940 stabili
2342 1901 2548 1940 eorum
2574 1889 2672 1956 qui
2695 1887 2949 1958 diligunt
2975 1892 3320 1945 Dominum.

1921 1977 2002 2029 Vl.
2067 1977 2228 2030 'l‘unc
2285 1975 2676 2030 Maximianus
2720 1978 3044 2047 imperator
3085 1980 3257 2034 valde
3299 1983 3506 2048 iratus,

1841 2065 2019 2135 iussit
2043 2064 2260 2119 auferri
2306 2079 2342 2119 a
2386 2064 2606 2120 sanctis
2635 2066 3011 2136 septuaginta
3037 2067 3322 2124 militibus
3343 2069 3510 2124 habi-

1850 2159 1974 2208 tum
1998 2153 2238 2222 militiae,
2306 2159 2364 2208 et
2411 2152 2496 2208 eis
2554 2154 2825 2210 abscindi
2853 2170 3054 2221 zonas,
3109 2162 3165 2213 et
3190 2157 3401 2214 deinde
3428 2161 3510 2214 sic

1849 2257 1951 2297 eos
1973 2243 2052 2296 ad
2076 2243 2273 2312 ipsum
2301 2242 2522 2297 adduci
2552 2258 2691 2298 cum
2719 2259 2938 2313 magna
2967 2244 3317 2314 ignominia.
3343 2249 3512 2302 Cum-

1851 2347 1967 2402 que
2005 2330 2134 2386 haac
2183 2347 2408 2400 magna
2469 2331 2762 2388 celeritate
2817 2333 3150 2390 etl'ecissent
3205 2336 3508 2398 satellites,

1852 2421 2004 2474 dixit
2031 2421 2114 2475 eis
2137 2426 2427 2491 tyrannus
2455 2438 2466 2478 :
2497 2419 2714 2486 Videte,
2745 2438 2780 2478 a
2806 2423 2971 2494 quali
3000 2424 3187 2492 gloria
3205 2429 3260 2479 et
3280 2424 3512 2480 honore

1855 2509 2176 2576 excidistis,
2240 2517 2295 2564 et
2351 2510 2528 2581 quale
2585 2511 2751 2565 vobis
2805 2512 3084 2581 obtigerit
3146 2514 3405 2568 dedecus
3458 2519 3513 2567 et

1857 2598 2218 2668 contemptio
2240 2604 2481 2669 propter
2500 2605 2756 2654 vestram
2789 2599 3282 2656 inobedientiam.
3315 2603 3511 2658 Sancti

1859 2687 2134 2743 dixerunt
2173 2693 2428 2757 tyranno
2478 2703 2492 2742 :
2553 2690 2798 2744 Etiamsi
2833 2695 2914 2752 tu,
2948 2696 3009 2744 ut
3033 2691 3363 2756 existimas,
3399 2707 3512 2747 nos

1859 2776 2068 2832 exuisti
2107 2776 2317 2832 habitu
2346 2775 2588 2844 militia,
2613 2784 2667 2832 et
2696 2777 3002 2833 abscidisti
3038 2794 3222 2834 zonas
3249 2785 3511 2846 nostras,

1861 2874 1947 2924 est
1970 2869 2122 2922 Deus
2160 2873 2365 2922 noster
2395 2867 2456 2922 in
2488 2867 2673 2936 caelis,
2722 2884 2902 2940 quem
2955 2869 3226 2935 colimus,
3268 2872 3512 2941 quinos

1861 2958 2054 3013 induit
2078 2957 2345 3012 vestibus
2367 2963 2421 3012 et
2450 2962 2614 3012 zonis
2656 2957 3007 3029 incorrupta:
3031 2962 3089 3013 et
3117 2965 3350 3014 aeternae
3385 2961 3513 3030 ejus

1863 3048 2085 3119 gloriae,
2111 3064 2295 3119 quam
2317 3049 2443 3119 ipse
2465 3064 2586 3102 non
2617 3064 2676 3102 es
2707 3048 2925 3120 dignus
2963 3049 3158 3104 videre
3181 3055 3281 3105 aut
3307 3051 3514 3106 audire

170 3161 296 3194 τατοι
349 3150 435 3195 καὶ
493 3150 590 3202 τῆς
643 3150 740 3192 τὼν
803 3142 924 3192 θεῶν
995 3137 1251 3209 εὐμενείας
1323 3135 1541 3205 ἀνάξιοι,
1608 3138 1752 3208 ὑμεῖς

1865 3145 2104 3210 prOpter
2139 3140 2423 3194 Satanam
2485 3144 2714 3209 patrem
2742 3145 2930 3205 tuum,
2955 3139 3058 3209 qui
3082 3139 3142 3192 in
3173 3147 3222 3193 te
3261 3138 3519 3210 loquitur

175 3238 390 3303 γεγόνατε
447 3243 552 3293 τῆς
617 3231 809 3283 ἑαυτων
864 3227 1077 3300 ἀτιμίας
1143 3234 1403 3299 πρόφασις
1446 3244 1457 3256 ’
1507 3225 1558 3288 ἐξ
1610 3227 1753 3297 ἡμῶν

179 3324 264 3393 γὰρ
307 3325 622 3393 τιμηθέντες,
667 3324 756 3371 καὶ
795 3322 908 3377 τοὺς
964 3319 1107 3376 θεοὺς
1154 3315 1476 3389 ἐνυϐρίσατε,
1529 3320 1613 3366 και
1666 3323 1755 3375 τῆς

174 3411 400 3485 ἡμετέρας
470 3411 649 3483 φιλίας
729 3411 1157 3481 κατεφρονήσατε.
1238 3405 1623 3478 Ἀποκριθέντες
1707 3408 1755 3456 οἱ

171 3499 293 3569 ἅγιοι
346 3498 482 3553 εἶπον
537 3508 611 3569 τῷ
665 3499 894 3572 τυράννῳ
925 3514 935 3524 ·
966 3495 1022 3547 Ἠ
1059 3500 1307 3566 στρατεία
1340 3514 1452 3562 σου,
1497 3497 1567 3556 ως
1590 3491 1755 3566 μηδὲν

175 3589 374 3656 ἔχουσα,
437 3592 792 3661 παρέρχεται,
852 3589 939 3635 καὶ
998 3586 1025 3641 ἡ
1097 3591 1341 3655 παροῦσα
1387 3587 1512 3654 τιμὴ
1571 3582 1759 3654 ἀτιμία

176 3682 247 3727 σοί
283 3676 438 3745 ἐστιν,
485 3672 676 3733 ἐπειδὴ
733 3682 824 3726 τοῦ
885 3670 1173 3733 δεδωκότος
1232 3691 1316 3723 σοι
1367 3677 1460 3728 τὴν
1519 3671 1756 3732 ἐξουσίαν

177 3763 397 3818 ἐπελάθου
448 3774 611 3829 Θεοῦ,
666 3767 732 3816 τὰ
789 3759 848 3815 δὲ
906 3761 1099 3833 ἀψυχα
1138 3758 1345 3827 εἴδωλα,
1398 3764 1462 3811 τὰ
1505 3765 1575 3832 μὴ
1633 3761 1760 3832 ὠφε-

175 3854 339 3908 λοῦντα
417 3853 512 3910 διὰ
589 3858 648 3906 τό
729 3858 798 3924 μὴ
875 3858 1149 3923 ’γινώσκειν
1206 3854 1289 3903 τὸν
1345 3859 1575 3922 τιμῶντα
1631 3851 1762 3903 αὐτά

177 3945 576 4020 καιὺϐρίζοντα,
607 3943 836 4004 ἀνοήτως
892 3944 1156 4002 θεοποιείς.
1201 3940 1258 3992 Ὁ
1290 3943 1534 4013 τύραννος
1579 3937 1710 3992 εἶπεν
1745 3959 1755 3970 ·

177 4036 257 4086 Διά
291 4041 379 4094 τὴν
407 4036 797 4108 φιλανθρωπίαν
846 4040 938 4092 τῆς
986 4033 1232 4103 ἡμετέρας
1281 4029 1550 4102 βασιλείας
1583 4027 1762 4102 φειδό-

177 4143 307 4193 μενος
331 4127 470 4198 ὖμών
506 4129 600 4176 καὶ
647 4120 957 4194 βουλόμενος
1004 4121 1454 4195 περιποιήσασθαι
1486 4124 1579 4177 τὴν
1623 4121 1762 4179 ζωήν

177 4214 318 4284 ὑμῶν,
367 4219 444 4267 ἔτι
490 4214 754 4284 ἀνέχομαι
802 4211 965 4282 ὑμῶν.
1012 4215 1112 4262 Καὶ
1143 4209 1373 4261 ἐκέλευσε
1404 4216 1543 4281 τρεῖς
1569 4209 1763 4282 ἡμέρας

177 4299 470 4362 mnsam
521 4303 730 4360 αὐτούς’
779 4298 826 4351 ἐν
876 4307 937 4370 τῇ
1000 4305 1222 4372 φρουρᾷ,
1277 4301 1356 4350 ἵνα
1390 4303 1447 4350 τὸ
1503 4304 1763 4370 συμφέρον

177 4387 573 4459 βουλεύσωνται.

1864 3235 1918 3283 et
1959 3233 2260 3299 operatur.
2327 3229 2488 3282 Tunc
2540 3228 2713 3284 valde
2770 3228 2955 3284 iratus
3012 3236 3324 3298 tyrannus,
3368 3228 3518 3284 dixit

1866 3319 2086 3374 sanctis
2119 3341 2129 3371 :
2183 3320 2226 3373 Ο
2253 3317 2600 3372 exsecrandi
2633 3321 2688 3371 et
2719 3317 2949 3387 indigni
2983 3319 3229 3372 deorum
3265 3318 3516 3373 benevo-

1864 3409 2058 3474 lentia,
2091 3424 2196 3462 vos
2227 3414 2483 3461 vestram
2515 3405 2908 3475 ignominiam
2945 3409 3109 3463 vobis
3142 3409 3516 3464 couciliastis.

1866 3505 1910 3552 A
1941 3497 2115 3552 nobis
2147 3495 2305 3551 enim
2335 3495 2560 3550 honore
2610 3498 2822 3560 allecti,
2879 3499 3176 3552 maximos
3205 3498 3350 3551 deos
3376 3496 3522 3552 aﬂ'e-

1868 3588 2028 3641 cistis
2065 3585 2447 3649 contumelia,
2480 3591 2816 3641 etnostram
2850 3586 3294 3657 contempsistis
3317 3587 3519 3640 amici—

1870 3678 2030 3733 tiam.
2120 3678 2199 3730 De
2266 3684 2474 3730 caetero
2523 3675 2772 3746 accipite
2831 3676 3247 3731 convenienter
3308 3675 3521 3730 vestris

1868 3764 2058 3821 factis.
2071 3765 2514 3835 Respondentes
2531 3771 2726 3818 autem
2743 3766 3230 3834 sancti,dixerunt
3243 3770 3521 3835 tyranno:

1872 3861 2215 3927 Imperator,
2266 3855 2394 3908 haec
2457 3853 2662 3910 militia
2717 3860 2838 3924 tua,
2905 3857 2965 3908 ut
3029 3870 3158 3924 quin
3225 3854 3372 3908 nihil
3428 3855 3521 3918 sit,

1873 3944 2150 4018 praeterit,
2184 3951 2239 3999 et
2292 3943 2391 4015 qui
2439 3946 2611 4000 adest
2649 3944 2861 4009 honor,
2918 3950 3002 3999 est
3043 3943 3145 3999 tibi
3204 3944 3465 3998 dedecus
3509 3959 3520 3996 :

1875 4035 2164 4108 quoniam
2212 4033 2428 4089 oblitus
2477 4049 2539 4088 es
2570 4033 2693 4098 Dei,
2727 4035 2830 4104 qui
2869 4034 3023 4090 hanc
3044 4034 3144 4089 tibi
3177 4033 3332 4088 dedit
3360 4039 3525 4104 pote-

1877 4133 2107 4181 statem.
2146 4126 2308 4180 Vana
2363 4139 2501 4178 vero
2553 4130 2608 4178 et
2646 4123 2916 4180 inanima
2942 4125 3280 4189 simulacra,
3313 4140 3443 4194 quae
3475 4131 3528 4178 te

1878 4215 2263 4285 nihiljuvant,
2306 4213 2472 4285 quod
2503 4229 2575 4268 ea
2602 4228 2721 4269 non
2735 4219 3102 4284 cognoscant
3123 4214 3527 4284 eumquiipsa

1885 4304 2112 4360 honore
2162 4302 2343 4358 afﬁcit
2394 4309 2497 4358 aut
2537 4302 2914 4367 contumelia,
2945 4304 3003 4357 in
3035 4303 3181 4358 deos
3207 4303 3438 4364 stolide,
3469 4307 3530 4356 ut

1883 4394 1988 4467 qui
2045 4393 2216 4465 plane
2275 4408 2455 4448 sensu
2507 4408 2735 4458 careas,
2777 4394 2979 4450 refers.
3012 4393 3162 4448 Dixit
3191 4394 3480 4464 tyrannus
3516 4407 3528 4447 :

177 4478 392 4552 Propter
419 4481 610 4536 nostri
641 4477 874 4551 imperii
906 4478 1285 4533 clementiam
1319 4479 1484 4534 vobis
1517 4497 1790 4558 parcens,
1842 4494 1896 4544 et
1926 4485 2128 4541 volens
2161 4483 2343 4537 vitam
2377 4481 2544 4538 vobis
2589 4499 2719 4537 esse
2766 4483 3018 4547 salvam,
3056 4483 3254 4538 adhuc
3299 4499 3402 4538 vos
3425 4498 3536 4553 pa-

177 4569 604 4641 tior,jussitque
634 4585 735 4623 eos
766 4573 877 4622 tres
907 4568 1034 4621 dies
1063 4565 1286 4621 includi
1315 4572 1376 4622 in
1405 4586 1658 4638 carcere,
1700 4585 1761 4630 ut
1793 4580 2074 4648 caperent
2103 4571 2412 4628 consilium
2442 4571 2606 4643 quod
2636 4571 2718 4626 eis
2749 4572 3068 4643 expediret.

241 4656 308 4708 Z'.
367 4666 479 4711 Τῶν
523 4656 585 4710 δὲ
637 4659 986 4709 ὑπασπιστῶν
1032 4655 1417 4728 πληρωσάντων
1461 4669 1549 4712 του
1604 4661 1752 4734 βασι.

1960 4666 2069 4718 VII.
2101 4667 2245 4719 Cum
2313 4668 2514 4716 autem
2581 4661 2858 4716 satellites
2904 4662 3244 4731 implessent
3296 4662 3533 4730 jussum

183 4742 287 4805 λέως
337 4751 393 4798 τό
437 4753 763 4820 πρόσταγμα
817 4751 908 4798 καὶ
971 4745 1041 4806 ιίς
1095 4750 1327 4816 φυλακὴν
1380 4748 1569 4811 αὐτοὺς
1646 4758 1777 4825 μετὰ

187 4833 348 4886 κλοιῶν
404 4837 811 4908 καθειρξάντων,
866 4831 1004 4887 εἷπον
1035 4840 1159 4907 πρός
1205 4835 1454 4899 ἀλλήλους
1497 4842 1545 4891 οι
1584 4842 1727 4913 ἅγιοι
1758 4859 1773 4876 ·

966 4920 1196 4995 ἀδελφοὶ,
1280 4927 1616 5000 ὁμοθυμαδὸν
1689 4935 1778 4993 τάς

189 5010 354 5083 ψυχας
404 5018 556 5084 ἡμῶν
609 5015 674 5075 εἰς
722 5019 1048 5086 προσευχὴν,
1099 5019 1187 5065 καὶ
1237 5010 1502 5088 ὃεηθώμεν
1533 5028 1624 5070 τοῦ
1650 5026 1777 5073 Θεοῦ

189 4920 562 4997 Ἐτοιμάσωμεν
637 4926 878 4990 ἅπαντες,

192 5101 318 5170 ἡμῶν
348 5104 559 5165 ἐκτενῶς
607 5102 790 5156 δουναι
839 5105 963 5174 ἡμῖν
1017 5108 1200 5174 σοφίαν
1244 5121 1298 5154 τε
1346 5112 1435 5157 καὶ
1464 5117 1658 5178 γνῶσιν
1686 5108 1779 5162 διὰ

191 5207 268 5240 τον
317 5193 466 5264 ἁγίου
540 5194 698 5246 αὐτου
759 5195 1076 5264 ῐινεύματος,
1138 5198 1227 5244 καὶ
1300 5192 1534 5266 ἐμϐαλεῖν
1594 5199 1665 5260 εἰς
1720 5203 1776 5250 τὸ

192 5286 346 5350 στόμα
392 5285 542 5354 ἡμῶν
593 5290 639 5335 τί
679 5282 1132 5354 ἀπολογήσασθαι,
1186 5284 1318 5343 ὅπως
1366 5286 1615 5360 θαυμάσῃ
1645 5291 1669 5339 6
1696 5292 1781 5340 τν-

190 5387 356 5438 ραννος
410 5379 505 5430 τὴν
561 5372 800 5430 ἀλήθειαν
851 5382 946 5434 τῆς
1005 5377 1226 5435 πίστεως
1280 5377 1447 5447 ἡμῶν.
1502 5383 1599 5429 Καὶ
1655 5398 1774 5431 στα-

192 5459 338 5519 θέντες
388 5462 455 5520 εἰς
514 5467 817 5536 προσευχὴν
871 5465 919 5514 οἱ
977 5462 1118 5534 οἱγιοι
1181 5460 1543 5536 ἐϐδομήκοντα
1600 5469 1664 5528 ὡς
1724 5468 1779 5520 ἐκ

190 5553 304 5618 μιᾶς
347 5547 539 5620 ψυχῆς
579 5547 714 5602 εἶπον
773 5573 783 5585 ·
829 5550 886 5603 Ὀ
917 5555 1045 5613 Θεὸς
1097 5553 1122 5603 6
1175 5556 1568 5630 παντοκράτωρ,
1628 5557 1687 5609 οὗ
1746 5560 1774 5617 ἡ

256 5639 276 5672 ⁸
307 5639 504 5695 Matth.
539 5654 701 5698 xvni.

579 5838 816 5893 Ριιτιιοι..
859 5835 963 5895 Gn.
1005 5836 1172 5901 CXV.

1891 4753 2280 4824 imperatoris,
2336 4756 2394 4805 et
2442 4767 2540 4804 eos
2570 4752 2630 4804 in
2683 4751 2954 4806 custodia
2984 4750 3361 4805 inclusissent
3394 4768 3531 4806 cum

1888 4841 2231 4907 collaribus,
2269 4841 2451 4895 sancti
2492 4839 2770 4894 dixerunt
2808 4841 2957 4894 inter
2990 4857 3051 4895 se
3097 4860 3106 4898 :
3144 4844 3370 4897 Fratres
3399 4843 3535 4895 cha-

1887 4931 2124 4993 rissimi,
2149 4946 2433 5001 paremus
2461 4943 2671 4983 omnes
2691 4936 2924 4983 nostras
2957 4929 3194 4985 animas
3222 4931 3298 4985 ad
3320 4932 3538 4983 oratio-

1889 5037 2046 5085 nem,
2096 5025 2152 5074 et
2181 5021 2409 5074 intense
2458 5034 2697 5072 oremus
2737 5018 3067 5088 benignum
3092 5025 3148 5074 et
3183 5019 3536 5074 clementem

1893 5111 2078 5165 Deum
2119 5117 2420 5172 nostrum,
2454 5114 2511 5161 ut
2533 5108 2630 5161 det
2655 5108 2828 5161 nobis
2862 5106 3220 5178 sapientiam
3253 5115 3308 5161 et
3337 5107 3537 5175 cogni-

1891 5202 2110 5256 tionem
2133 5215 2238 5271 per
2271 5205 2544 5252 sanctum
2580 5197 2887 5268 Spiritum,
2913 5206 2969 5252 et
2998 5198 3223 5267 injiciat
3247 5199 3307 5251 in
3340 5213 3406 5250 os
3435 5212 3537 5250 no-

1890 5296 2101 5353 strum,
2135 5286 2760 5359 quidrespondeamus
2781 5288 3127 5357 imperatori
3160 5303 3170 5338 :
3216 5286 3540 5341 utadmire-

1891 5378 2133 5450 turipse
2171 5392 2409 5448 quoque
2455 5383 2744 5446 tyrannus
2779 5378 3079 5431 veritatem
3112 5383 3327 5431 nostra:
3355 5375 3493 5431 ﬁdei
3524 5419 3539 5433 .

1893 5472 1960 5524 Et
1986 5483 2044 5523 se
2097 5467 2176 5523 ad
2221 5465 2592 5538 precandum
2638 5465 3008 5520 conferentes
3067 5468 3256 5521 sancti
3311 5473 3544 5536 septua-

1893 5558 2057 5630 ginta
2095 5555 2306 5612 Christi
2332 5559 2624 5626 martyres
2655 5551 2932 5610 dixerunt
2962 5561 3254 5628 tanquam
3299 5570 3372 5612 ex
3425 5571 3542 5612 uno

3173 5848 3238 5904 12
