4066 6224
388 336 496 423 θβε

391 478 493 532 ore
514 464 573 517 et
601 474 726 518 una
752 458 983 517 anima:
1018 456 1267 515 Domine
1317 456 1458 513 Jesu
1487 456 1890 524 Christe,Deus
1920 472 2044 514 om-
2073 460 2119 512 A

390 552 683 624 naipotens,
737 550 909 620 cujus
976 551 1233 619 potestas
1280 550 1523 617 aeterna,
1567 550 1624 603 et
1644 562 1892 617 regnum
1918 562 2042 602 non

387 638 666 705 interibit,
706 636 871 693 mitte
924 636 1000 692 ad
1028 650 1141 692 nos
1170 635 1615 692 sanctissimum
1656 640 1826 691 tuum
1870 635 2039 707 Spiri-

389 735 537 794 tum,
565 732 619 784 et
649 742 759 783 nos
784 741 891 798 per
920 740 1060 781 eum
1093 723 1282 788 erudi,
1315 728 1380 779 ut
1407 725 1467 779 in
1505 726 1627 795 ipso
1677 723 2038 779 exsultemus

388 824 445 875 et
493 819 764 874 laetemur
801 816 844 881 ⁴,
897 819 952 869 et
980 813 1296 869 vincamus
1349 812 1563 868 erroris
1620 813 1946 885 nequitias,
1986 818 2040 868 et

389 906 738 964 extollamur
767 903 827 958 in
857 918 999 958 vera
1033 908 1133 958 tua
1157 901 1272 957 ﬁde
1294 917 1399 973 per
1428 908 1703 957 sanctum
1736 902 2037 972 Spiritum,

389 997 491 1070 qui
532 995 798 1067 loquitur
842 992 903 1047 in
946 990 1122 1047 nobis
1147 991 1561 1046 convenienter
1592 996 1710 1046 tuae
1744 1006 1891 1044 vera:
1918 994 1975 1045 et
2004 1005 2042 1045 a

388 1079 1334 1153 mendacioalienaepromissioni,
1349 1085 1406 1134 et
1436 1094 1543 1151 pro
1574 1095 1611 1135 a
1631 1078 1802 1134 nobis
1840 1075 2042 1134 ablata

387 1164 697 1232 mundana
712 1171 1019 1242 dignitate,
1043 1168 1371 1225 efﬁciamur
1382 1167 1597 1223 milites
1613 1167 1675 1222 in
1702 1170 1911 1223 sancta
1940 1171 2042 1221 tua

389 1263 646 1328 civitate,
706 1265 761 1316 et
798 1258 1176 1315 ascribamur
1213 1258 1613 1313 innumerum
1655 1257 1873 1312 civium
1902 1271 2037 1311 cum

390 1352 669 1409 omnibus
712 1349 826 1405 tuis
875 1348 1114 1413 sanctis,
1168 1347 1273 1419 qui
1324 1345 1429 1402 tibi
1483 1362 1520 1401 a
1551 1344 1764 1400 sreculo
1796 1350 1952 1401 recte
1981 1345 2043 1399 in

388 1442 507 1498 ﬁde
554 1440 927 1512 placuerunt.
980 1437 1278 1501 Quoniam
1304 1441 1367 1490 tu
1390 1451 1454 1491 es
1488 1434 1649 1490 solus
1686 1435 1862 1501 Deus,
1903 1438 1959 1489 et
1993 1437 2043 1489 te

391 1531 559 1585 decet
582 1527 774 1600 gloria
795 1530 850 1581 et
870 1525 1135 1596 potentia
1154 1524 1217 1579 in
1245 1522 1486 1579 saecula.
1509 1527 1720 1578 Amen.

462 1620 600 1674 Vill.
634 1614 951 1686 Completis
981 1617 1183 1669 autem
1226 1612 1416 1668 tribus
1448 1611 1681 1676 diebus,
1714 1609 2045 1683 praesidens

391 1724 601 1765 rursus
627 1704 1107 1771 Maximianus,in
1138 1702 1419 1759 eumdem
1442 1701 1642 1758 locum
1665 1705 1849 1773 porta
1875 1704 2050 1756 Ama-

1779 322 2039 388 MENSIS
2071 319 2350 390 JULIUS.

3644 326 3755 392 364

2154 457 2366 520 ἐξουσία
2423 458 2632 520 αἰώνιος
2673 462 2762 510 καὶ
2815 460 2844 516 ἡ
2897 456 3142 531 βασιλεία
3193 457 3251 509 ού
3310 454 3751 532 διαφθαρήσεται,

2154 546 2524 609 ἐξαπόστειλον
2573 550 2699 619 ημῖν
2745 550 2804 599 τό
2856 550 3065 619 Πνεῦμά
3117 566 3210 599 σου
3263 550 3320 599 τό
3364 550 3633 619 πανάγιον,
3674 552 3759 603 ἵνα

2153 637 2201 688 ἐν
2244 637 2387 708 αύτῷ
2432 636 2872 709 ἀγαλλιασώμεθα
2917 642 3007 688 καὶ
3054 636 3430 709 εὐφρανθῶμεν,
3480 642 3569 690 καὶ
3609 646 3753 697 νίκη·

2155 745 2321 797 σωμεν
2367 730 2455 786 τὰς
2502 732 2752 799 πονηρίας
2782 735 2876 789 τῆς
2905 725 3122 789 πλάνης,
3159 731 3246 777 καὶ
3299 725 3585 798 ύψωθὼμεν
3613 726 3659 779 ἐν
3689 736 3752 800 τῇ

2153 814 2367 887 ἀληθινῇ
2422 834 2528 867 σου
2561 820 2738 867 πίστει
2778 811 2871 867 διὰ
2903 823 2991 866 τού
3022 814 3171 885 ἀγίου
3211 818 3504 885 Πνεύματος
3533 824 3624 868 τοῦ
3665 816 3761 868 λα-

2149 904 2354 965 λοῦντος
2383 904 2431 955 ἐν
2463 907 2604 977 ἡμῖν.
2666 908 2804 956 κατά
2856 909 2949 962 τὴν
2996 903 3241 962 ἀληθινήν
3284 923 3376 956 σου
3425 903 3758 976 ἐπαγγελίαν,

2150 998 2239 1045 καὶ
2275 992 2388 1045 ἀντὶ
2434 1003 2529 1056 τῆς
2559 993 2923 1066 ἀναιρεθείσης
2974 1000 3241 1065 κοσμικῆς
3284 992 3431 1056 ἀξίας
3457 995 3579 1065 παρ’
3610 996 3757 1065 ἡμῶν

2149 1085 2412 1155 γενώμεθα
2468 1091 2787 1156 στρατιῶται
2817 1081 2873 1133 ἐν
2901 1081 3044 1134 πόλει
3074 1083 3200 1154 ἁγίᾳ
3227 1101 3343 1147 σου,
3372 1080 3419 1133 ἐν
3456 1083 3486 1140 ἦ
3519 1083 3758 1136 συνελεύ-

2155 1177 2334 1225 σονταί
2366 1192 2451 1225 σοι
2498 1175 2683 1233 πάντες
2714 1175 2762 1225 οἱ
2794 1177 3138 1244 συναγο’μενοι
3180 1180 3242 1244 τῇ
3291 1176 3464 1224 πίστει
3494 1181 3583 1224 τοῦ
3619 1181 3758 1246 Χρι-

2155 1269 2281 1315 στοῦ
2315 1281 2430 1322 σου,
2464 1262 2578 1333 μεθ’
2612 1262 2673 1313 οὗ
2712 1281 2796 1313 σοι
2820 1271 2890 1332 τῷ
2921 1267 3111 1335 Πατέρι
3137 1266 3318 1335 πρέπει
3348 1263 3377 1319 ὴ
3413 1258 3543 1324 δόξα
3578 1267 3668 1315 καὶ
3698 1268 3761 1319 τὸ

2152 1354 2341 1423 κράτος
2385 1355 2478 1403 σὺν
2527 1358 2599 1421 τῷ
2631 1350 2763 1422 ἁγίῳ
2812 1356 2902 1402 καὶ
2950 1354 3186 1421 ζωοποιῷ
3237 1352 3494 1422 Ιινεύματι
3542 1351 3612 1414 εἰς
3643 1356 3763 1413 τοὺς

2154 1441 2364 1503 αἰῶνας.
2401 1440 2588 1512 Ἀμην.

2231 1619 2310 1671 Η’.
2357 1623 2455 1672 Καὶ
2500 1622 2630 1691 μετά
2681 1622 2773 1676 τὴν
2826 1617 3207 1690 συμπλήρωσιν
3269 1626 3368 1669 τῶν
3424 1627 3579 1693 τριῶν
3630 1621 3759 1691 ἡμεσ

2162 1718 2261 1782 ρῶν
2292 1710 2621 1783 προκαθίσας
2660 1707 2867 1759 πάλινὸ
2914 1706 3243 1778 Μαξιμιανός
3292 1710 3426 1760 κατά
3472 1712 3558 1759 τόν
3605 1709 3765 1761 αὐτὸν

392 1799 527 1854 zizee
584 1812 795 1852 rursus
850 1796 1239 1849 concurrente
1268 1791 1546 1847 universa
1573 1790 1829 1855 civitate,
1862 1804 2050 1844 accer-

2165 1803 2318 1850 τόπον
2363 1805 2456 1857 τῆς
2495 1797 2779 1868 Ἀμαξικῆς
2808 1796 2993 1859 πύλης,
3030 1792 3438 1868 συνδραμούσης
3466 1802 3555 1849 καὶ
3583 1800 3768 1861 πάσης

393 1888 488 1944 siit
545 1889 805 1942 sanctos.
864 1882 1059 1940 Sancti
1120 1896 1263 1937 vero
1330 1883 1619 1952 martyres
1676 1884 2056 1934 accesserunt

393 1975 559 2032 tracti
586 1991 623 2031 a
654 1973 1027 2035 ministris,et
1050 1973 1339 2026 steterunt
1356 1973 1492 2025 ante
1517 1967 1791 2040 impium.
1809 1967 2054 2039 Iniquus

395 2069 596 2120 autem
625 2063 950 2134 imperator
966 2060 1163 2114 minas
1199 2063 1540 2130 temperans
1561 2057 1895 2120 clementia,
1910 2054 2057 2111 dixit

394 2152 480 2208 eis
533 2151 622 2207 :O
679 2151 801 2215 viri,
861 2149 1068 2204 discite
1094 2147 1341 2202 tandem
1396 2145 1497 2218 qui
1530 2144 1701 2202 vobis
1732 2144 2053 2218 expediat:

395 2244 454 2296 et
474 2240 841 2306 accedentes,
871 2237 987 2293 diis
1022 2236 1367 2300 sacriﬁcate,
1413 2239 1470 2291 et
1491 2236 1677 2289 vitam
1708 2234 1975 2307 accipite,
1999 2236 2059 2289 et

394 2344 518 2385 non
545 2332 798 2384 mortem
852 2326 1152 2382 acerbam.
1180 2326 1465 2380 Dixerunt
1504 2324 1693 2379 sancti
1714 2330 2006 2396 martyres
2040 2342 2052 2381 :

398 2419 477 2474 De
506 2418 618 2473 hoc
642 2417 873 2472 bonum
913 2414 1229 2471 consilium
1285 2413 1576 2486 cepimus,
1622 2429 1655 2466 o
1708 2413 2053 2484 imperator.

396 2506 550 2564 Audi
580 2511 822 2575 attente,
879 2510 935 2561 et
962 2519 1038 2561 ne
1092 2519 1201 2559 nos
1248 2502 1510 2574 amplius
1550 2516 1755 2572 cogas,
1790 2507 1894 2557 aut
1927 2500 2054 2556 vim

397 2595 572 2652 nobis
605 2595 785 2650 ullam
807 2592 1023 2650 afferas
1051 2610 1065 2648 :
1100 2592 1430 2649 Statuimus
1459 2591 1620 2648 enim
1663 2591 1802 2647 odio
1831 2590 2056 2646 habere

396 2685 556 2740 hanc
617 2683 824 2748 vitam,
885 2699 1021 2755 quas
1071 2686 1163 2737 est
1213 2680 1287 2736 ad
1314 2687 1552 2752 tempus
1604 2679 1851 2753 diligere
1916 2694 2056 2735 vero

398 2778 652 2829 mortem
709 2771 1081 2844 propositam
1132 2773 1371 2842 propter
1426 2769 1630 2824 Christi
1670 2766 2053 2823 desiderium.

400 2865 505 2918 Per
534 2862 733 2933 ipsum
763 2860 921 2916 enim
942 2861 1124 2916 vitam
1154 2866 1435 2913 aeternam
1463 2873 1780 2928 speramus
1822 2855 2058 2912 lucrifa-

401 2967 553 3008 cere.
578 2951 661 3006 De
692 2954 901 3006 caetero
922 2964 1064 3021 ergo
1089 2948 1176 3003 fac
1205 2948 1463 3003 breviter
1493 2948 1561 3001 in
1592 2962 1701 3001 nos
1726 2945 1891 3018 quod
1947 2947 2056 3002 vis.

402 3044 519 3097 Nos
551 3040 702 3095 enim
752 3055 875 3095 non
923 3053 1214 3109 negamus
1283 3037 1470 3092 Deum
1526 3040 1817 3104 nostrum,
1862 3049 2056 3106 neque

402 3127 711 3185 daemones
745 3133 876 3183 tuos
917 3142 1175 3198 unquam
1202 3124 1610 3181 adorabimus.
1642 3126 1787 3179 Nam
1826 3123 1886 3177 in
1916 3137 2059 3178 cou—
2090 3165 2130 3219 Ο

404 3217 789 3274 damnatione
806 3216 988 3288 hujus
1002 3215 1229 3280 mortis,
1251 3230 1383 3285 quae
1414 3216 1501 3267 est
1527 3212 1604 3268 ad
1626 3218 1885 3283 tempus,
1919 3211 2061 3266 libe-

404 3322 611 3364 ramur
644 3306 720 3363 ab
753 3309 978 3361 aeterna
1008 3302 1525 3360 condemnatione.
1560 3303 1693 3356 Haec
1713 3316 1850 3355 cum
1882 3299 2060 3354 dixis-

406 3403 539 3453 sent
585 3396 779 3452 sancti
818 3400 1128 3465 martyres,
1184 3392 1392 3448 videns
1430 3398 1723 3463 tyrannus
1763 3389 1825 3444 in
1860 3388 2059 3444 medio

406 3502 616 3542 eorum
637 3484 1078 3541 adolescentem
1093 3480 1303 3537 dixitei
1332 3501 1344 3539 :
1369 3481 1490 3546 Dic,
1510 3479 1879 3547 adolescens,
1895 3478 2060 3550 quod

405 3574 620 3633 esttibi
668 3589 911 3639 nomen,
966 3578 1022 3628 et
1076 3574 1242 3643 cujas
1286 3586 1348 3626 es
1386 3568 1649 3643 genere“?
1685 3569 1833 3624 Dixit
1866 3566 2058 3624 adole-

407 3680 581 3722 sceus
614 3680 625 3719 :
660 3663 947 3719 Nominor
967 3662 1211 3734 quidem
1245 3660 1545 3724 Photinus,
1582 3676 1617 3714 a
1645 3674 1779 3713 vera
1803 3657 1933 3713 luce
1963 3673 2059 3713 ac-

407 3759 579 3826 cepto
633 3753 894 3808 nomine.
954 3754 1098 3808 Sum
1135 3756 1335 3806 autem
1367 3749 1534 3804 miles
1562 3747 1794 3812 Christi,
1823 3747 1926 3819 qui
1953 3762 2058 3819 pu-

407 3845 552 3901 dore
581 3842 775 3899 affecit
793 3847 1024 3915 patrem
1055 3846 1224 3897 tuum
1255 3841 1559 3896 Satanam.
1592 3841 1656 3893 Et
1678 3854 1813 3892 sum
1844 3851 2059 3906 genere

409 3934 655 4009 quidem
679 3936 985 3988 Romanus
1022 3946 1034 3984 :
1060 3929 1219 3985 ﬁlius
1245 3945 1381 3984 vero
1433 3932 1492 3983 et
1528 3927 1781 3984 carnalis
1808 3934 1864 3982 et
1892 3927 2057 4000 spiri-

405 4024 541 4079 talis
561 4021 820 4079 Mauricii
876 4017 1206 4075 clarissimi.
1266 4017 1343 4072 Ex
1387 4033 1458 4072 eo
1484 4018 1645 4073 enim
1673 4021 1857 4081 ortus,
1894 4020 1953 4071 et
1977 4016 2056 4073 ab

406 4127 478 4168 eo
530 4114 773 4181 accepta
827 4106 928 4163 Dei
984 4105 1342 4178 cognitione,
1383 4107 1443 4161 in
1496 4104 1707 4161 Christi
1753 4104 1870 4159 ﬁde
1921 4122 2053 4161 sum

406 4201 717 4263 educatus,
750 4212 931 4270 quem
980 4201 1041 4252 tu
1072 4210 1319 4265 negans,
1349 4210 1386 4250 o
1425 4195 1771 4266 imperator,
1813 4209 2054 4265 compa-

406 4292 573 4345 ratus
630 4303 693 4343 es
727 4286 1014 4358 jumentis
1065 4283 1507 4356 insipientibus,
1536 4288 1594 4339 et
1616 4282 1826 4339 similis
1866 4283 2055 4339 factus

406 4394 471 4434 es
502 4376 637 4434 illis.

478 4469 564 4524 1X.
621 4466 777 4522 Dixit
827 4470 1115 4538 tyrannus
1166 4481 1178 4520 :
1236 4464 1453 4521 Stultus
1501 4479 1564 4519 es
1590 4462 1965 4530 adolescens,
2000 4468 2057 4519 et

406 4562 545 4612 sunt
565 4561 666 4612 tua
693 4554 877 4611 verba
897 4557 1067 4610 aetate
1091 4552 1295 4623 digna.
1327 4556 1399 4607 At
1422 4552 1549 4623 jam
1573 4550 1753 4621 disce,
1773 4552 1939 4625 quod
1968 4556 2059 4608 est

404 4643 507 4700 tibi
553 4642 967 4700 conducibile:
1002 4647 1060 4697 et
1099 4642 1415 4705 accedens,
1469 4639 1743 4696 sacriﬁca
1795 4641 2055 4696 maximo

402 4734 553 4800 Jovi,
605 4738 662 4789 et
713 4748 891 4805 parce
949 4737 1060 4787 tuae
1091 4730 1408 4802 juventuti.
1472 4728 1631 4784 Dixit
1660 4728 2051 4786 adolescens:

404 4824 717 4896 Propterea
772 4821 933 4894 quod
971 4835 1093 4875 non
1121 4818 1296 4887 facio,
1327 4818 1492 4892 quod
1516 4817 1625 4882 vis,
1653 4833 1848 4891 neque
1880 4819 2051 4874 sacri.

403 4913 515 4970 ﬁco
547 4910 892 4975 simulacris,
953 4910 1095 4964 dicis
1122 4924 1217 4964 me
1248 4908 1494 4964 stultum
1532 4924 1689 4964 esse.
1718 4911 1863 4964 Nam
1889 4908 2053 4981 quod

403 5004 607 5060 attinet
632 5000 876 5075 quidem
907 4999 979 5055 ad
1010 4998 1192 5054 ﬁdem
1233 4997 1469 5054 Domini
1509 4998 1627 5053 mei
1655 4999 1790 5053 Jesu
1820 4997 2049 5063 Christi,

401 5093 575 5150 valde
597 5092 786 5164 sapio.
825 5093 984 5146 Tunc
1017 5088 1169 5143 dixit
1199 5093 1485 5160 tyrannus
1526 5104 1730 5143 rursus
1773 5086 2001 5143 Sanctis
2035 5103 2048 5141 :

402 5184 725 5256 Quousque
748 5178 1258 5252 importunitatem
1307 5183 1562 5233 vestram
1597 5177 1983 5244 sustinemus,
2013 5191 2050 5231 ο

399 5274 622 5337 miseri,
673 5276 731 5327 et
778 5274 1075 5327 tormenta
1133 5266 1463 5322 differimus
1485 5283 1556 5322 ex
1579 5264 2051 5336 benignitateiu-

400 5360 792 5432 comparabili
848 5360 876 5416 ?
930 5357 1269 5415 Sacriﬁcate
1298 5372 1438 5425 ergo
1476 5356 1609 5420 diis,
1638 5371 1712 5409 ne
1742 5356 1796 5410 in
1826 5371 1930 5410 vos
1962 5372 2051 5410 ar-

396 5450 571 5506 metis
592 5448 908 5520 justitiam.
933 5448 1216 5505 Dixerunt
1242 5445 1434 5503 sancti
1450 5449 1733 5518 martyres
1752 5448 2006 5519 tyranno
2030 5464 2043 5505 :

466 5630 487 5667 ⁴
524 5627 727 5686 Matth.
764 5643 824 5689 x.

2165 1893 2258 1946 τῆς
2291 1884 2502 1946 πόλεως.
2556 1883 2918 1956 μετεπέμψατο
2980 1888 3094 1944 τοὺς
3131 1883 3333 1954 ἀγίους,
3394 1888 3459 1937 Oi
3517 1882 3576 1938 δὲ
3625 1906 3764 1961 παρ⁴

2168 1977 2417 2045 εγένοντο,
2472 1972 2734 2045 ἑλκόμενοι
2782 1974 2882 2026 ὑπὸ
2924 1982 3021 2024 τῶν
3068 1975 3359 2047 ὑπηρετῶν,
3402 1979 3490 2027 καὶ
3533 1978 3766 2034 ἔστησαν

2168 2065 2453 2136 ἔμπροσθεν
2509 2070 2602 2114 τοῦ
2662 2059 2955 2123 δυσσεϐοῦς
2992 2100 3003 2111 .
3036 2061 3093 2114 Ὀ
3153 2059 3211 2114 δὲ
3262 2062 3617 2137 φιλανθρωπίᾳ
3666 2071 3766 2124 τὴν

2168 2152 2380 2210 ἀπειλὴν
2410 2153 2652 2226 κεράσας,
2712 2154 2803 2223 ἔφη
2856 2154 2986 2221 πρὸς
3037 2151 3221 2211 αὐτούς
3276 2171 3287 2183 ·
3347 2150 3452 2205 Κᾶν
3500 2153 3593 2223 ὀψέ
3638 2175 3768 2209 ποτε

2168 2245 2224 2294 τὸ
2273 2246 2529 2315 συμφέρον
2575 2242 2695 2311 ύμῖν
2744 2242 2953 2309 μάθετε,
2988 2237 3026 2290 ὦ
3073 2236 3274 2312 ἄνδρες,
3328 2247 3412 2293 καὶ
3454 2242 3762 2315 προσελθὸνο

2167 2351 2247 2393 τες
2282 2332 2475 2383 θύσατε
2504 2337 2611 2391 τοῖς
2664 2331 2815 2392 θεοῖς,
2866 2335 2955 2381 καὶ
3000 2332 3291 2401 κομίσασθε
3332 2335 3424 2388 τὴν
3478 2331 3614 2391 ζωὴν
3671 2338 3768 2385 καὶ

3400 2439 3412 2452 ⁶
3460 2427 3621 2473 Τοῦτο
3670 2442 3767 2474 κα-

2165 2509 2260 2568 λῶς
2301 2507 2731 2579 ἐϐουλευσάμεθα,
2784 2506 3026 2579 βασιλεῦ,
3066 2512 3158 2566 τὴν
3211 2513 3527 2583 πρόσκαιρον
3566 2513 3766 2568 ταύτην

2169 2599 2301 2659 ζωὴν
2353 2605 2604 2669 μισῆσαι,
2639 2594 2912 2667 ἀγαπῆσαι
2953 2593 3011 2649 δὲ
3041 2599 3127 2647 τόν
3177 2602 3505 2671 προκείμενον
3547 2600 3768 2652 θάνατον

2170 2684 2264 2739 διὰ
2293 2690 2378 2738 τόν
2410 2689 2483 2747 εις
2529 2689 2759 2760 Χριστόν
2789 2689 2947 2737 πόθον
2989 2702 3001 2714 ·

2166 2426 2238 2493 μὴ
2273 2423 2356 2471 τόν
2386 2423 2571 2488 πικρόν
2624 2421 2859 2471 θάνατον.
2907 2421 2971 2470 Οἱ
3013 2419 3156 2488 ἅγιοι
3203 2417 3344 2471 εἶπον

3042 2684 3312 2757 ἐλπίζομεν
3342 2690 3442 2761 γὰρ
3494 2687 3567 2739 δι’
3601 2688 3765 2741 αὐτοῦ

2168 2772 2418 2850 κερδάναι
2472 2779 2565 2833 την
2621 2774 2759 2835 ζωὴν
2813 2779 2905 2832 τὴν
2959 2774 3180 2828 αἰώνιον.
3243 2779 3435 2828 Λοιπὸν
3488 2773 3574 2827 οὖν
3622 2784 3768 2829 ποιεῖ

2171 2869 2437 2935 συντόμως
2489 2865 2515 2915 ὃ
2566 2862 2743 2935 βούλει
2783 2880 2796 2893 ⁸
2832 2866 2978 2924 ἡμεῖς
3032 2867 3132 2935 γὰρ
3192 2864 3284 2915 οὐκ
3334 2863 3626 2939 ἀρνούμεθα
3673 2870 3764 2918 τὸν

2170 2957 2296 3008 Θεὸν
2327 2956 2492 3024 ἡμῶν,
2526 2949 2648 3005 οὐδὲ
2694 2957 2815 3013 τούς
2865 2948 3119 3024 δαίμονάς
3174 2972 3267 3005 σου
3322 2962 3711 3027 προσκυνοῦμεν
3749 2974 3764 2985 ·

2169 3041 2216 3094 ἐν
2258 3045 2359 3114 γὰρ
2406 3050 2465 3113 τῇ
2511 3046 2818 3114 κατακρίσει
2870 3050 2962 3094 τοῦ
3012 3047 3337 3115 προσκαίρου
3390 3045 3569 3094 τούτου
3609 3045 3768 3094 θανά-

2168 3151 2280 3198 του,
2338 3139 2431 3193 τῆς
2494 3130 2703 3182 αἰωνίου
2750 3135 3108 3203 κατακρίσεως
3159 3130 3576 3204 ἐλευθερούμεθα.
3629 3138 3771 3184 Ταῦ-

2170 3241 2236 3273 τα
2292 3220 2533 3272 εἰπόντων
2593 3228 2690 3272 τῶν
2763 3219 2945 3292 ἁγίων,
3005 3221 3269 3293 θεωρήσας
3317 3222 3343 3271 ὁ
3418 3223 3662 3295 τύραννος
3713 3220 3770 3273 ἐν

2169 3314 2311 3381 μέσῳ
2357 3312 2525 3360 αὐτῶν
2563 3313 2782 3373 νεανίαν,
2835 3311 2926 3380 ἔφη
2960 3312 3090 3382 πρὸς
3118 3309 3273 3361 αὐτόν
3304 3326 3316 3338 ⁸
3349 3314 3409 3361 Τί
3436 3329 3530 3362 σου
3562 3315 3771 3382 τυγχά-

2168 3418 2241 3450 νει
2293 3402 2347 3449 τὸ
2387 3402 2567 3470 ὄνομα,
2616 3402 2705 3450 καὶ
2748 3400 2899 3451 πόθεν
2930 3400 3187 3470 ὑπάρχεις
3224 3406 3296 3469 τῷ
3343 3401 3476 3469 γένει
3509 3416 3522 3462 ;
3554 3401 3622 3451 Τό
3651 3416 3768 3468 μει-

2168 3489 2346 3563 ράκιον
2373 3489 2464 3558 ἔφη
2519 3502 2531 3513 ⁸
2578 3490 2828 3548 Φωτεινὸς
2871 3486 3196 3559 ὀνομάζομαι
3246 3489 3391 3559 παρά
3439 3496 3530 3539 τοῦ
3575 3485 3773 3544 ἀληθι-

2168 3596 2255 3629 νου
2317 3580 2478 3647 φωτός
2541 3580 2635 3633 τὴν
2699 3575 2886 3634 κλῆσιν
2941 3573 3237 3649 δεξάμενος,
3298 3581 3386 3628 καὶ
3439 3583 3771 3650 στρατιώτης

2169 3665 2269 3737 εἰμί
2314 3672 2566 3737 Χριστοῦ,
2613 3672 2702 3716 τοῦ
2750 3668 3202 3736 καταισχύναντος
3242 3670 3324 3717 τόν
3370 3672 3617 3729 Σατανᾶν,
3676 3669 3773 3718 τὸν

2168 3758 2366 3829 πατέρα
2411 3774 2504 3807 σου
2556 3776 2568 3786 ·
2606 3753 2856 3827 Ῥωμαῖος
2904 3751 2963 3806 δε
2993 3754 3220 3829 ὑπάρχω
3260 3758 3318 3807 τό
3352 3759 3511 3827 γένος,
3562 3761 3774 3829 Μαύρι-

2166 3849 2281 3896 κίον
2314 3851 2403 3896 τοῦ
2434 3840 2772 3906 ἐνδοξότατον
2821 3846 3094 3915 τυγχάνων
3134 3846 3243 3906 υἱός
3300 3848 3549 3918 σαρκικός
3585 3863 3636 3897 τε
3673 3850 3775 3898 καὶ

2165 3938 2512 4005 πνευματικός
2555 3950 2567 3962 ·
2595 3933 2649 3996 ἐξ
2694 3933 2853 3985 αὐτοῦ
2882 3935 2981 4007 γὰρ
3013 3933 3271 4008 προελθὼν
3301 3938 3387 3986 καὶ
3426 3938 3520 3992 τὴν
3567 3942 3769 4005 γνῶσιν

2165 4024 2286 4095 παρ’
2315 4022 2474 4074 αὑτοῦ
2500 4021 2713 4094 εἰληφὼς
2752 4028 2841 4074 τοῦ
2869 4028 3018 4091 Θεοῦ⁹
3049 4022 3120 4084 εἰς
3152 4028 3242 4081 τὴν
3268 4027 3449 4075 πίστιν
3476 4022 3772 4097 ἀνετράφην

2164 4118 2259 4163 τοῦ
2288 4118 2541 4185 Χριστοῦ,
2575 4112 2627 4163 ὃν
2660 4115 2724 4164 σὺ
2766 4110 3161 4185 ἀπαρνούμενος,
3199 4110 3439 4183 βασιλεῦ,
3472 4131 3768 4186 παρασυνε-

2166 4199 2357 4261 ϐλήθης
2386 4210 2491 4262 τοῖς
2528 4206 2739 4260 κτήνεσι
2786 4208 2890 4262 τοῖς
2935 4199 3188 4268 ἀνοήτοις,
3236 4207 3325 4254 καὶ
3371 4203 3640 4274 ὡμοιώθης
3670 4201 3774 4253 αὖ·

2166 4309 2294 4352 τοις,

2237 4465 2314 4521 ϐ’.
2351 4466 2408 4519 Ὀ
2437 4470 2678 4540 τύραννος
2721 4462 2855 4519 εἶπεν
2906 4486 2918 4499 ·
2974 4468 3308 4537 ’Ᾱνοητεύεις,
3341 4470 3636 4542 μειράκιον,
3671 4472 3773 4520 καὶ

2165 4562 2258 4617 τῆς
2297 4554 2504 4618 ἡλικίας
2533 4556 2657 4618 ἄξια
2684 4558 2937 4627 τυγχάνει
2966 4558 3032 4608 τὰ
3060 4557 3274 4630 ῥήματά
3307 4575 3422 4608 σου.
3458 4552 3771 4627 Διδάχθητι

2166 4640 2252 4696 οὖν
2308 4648 2365 4696 τό
2424 4648 2701 4719 συμφέρον,
2752 4649 2841 4696 καὶ
2892 4644 3186 4717 προσελθὼν
3220 4646 3377 4697 θῦσον
3424 4653 3497 4716 τῷ
3527 4648 3769 4716 μεγίστῳ

2168 4736 2261 4805 θεῷ
2293 4736 2392 4796 Διί,
2437 4739 2526 4786 καὶ
2557 4737 2732 4806 φεῖσαί
2779 4753 2877 4786 σου
2929 4742 3024 4796 τῆς
3066 4740 3323 4797 νεότητος.
3372 4737 3441 4787 Τὸ
3491 4734 3771 4808 μειράκιον

2164 4826 2255 4894 ἔφη
2293 4841 2306 4852 ’
2338 4824 2417 4875 Ἐν
2444 4831 2516 4893 τῷ
2561 4829 2632 4896 μὴ
2666 4831 2829 4875 ποιεῖν
2852 4827 2908 4875 τὸ
2952 4824 3147 4896 θελημά
3179 4843 3272 4876 σου
3298 4823 3461 4895 λέγεις
3486 4843 3575 4895 μοι
3609 4822 3771 4880 ἀνοη-

2163 4917 2369 4982 ταίνειν,
2426 4911 2533 4965 ἐπεὶ
2579 4917 2667 4963 καὶ
2716 4914 2849 4965 πάνυ
2899 4921 3064 4985 φρονώ
3122 4917 3240 4985 περὶ
3292 4916 3385 4971 τὴν
3431 4918 3607 4964 πίστιν
3669 4920 3772 4963 τοῦ

2165 5004 2358 5073 Κυρίου
2389 5019 2487 5072 μου
2538 5001 2715 5059 Ἰησοῦ
2768 5009 3021 5075 Χριστοῦ.
3080 5006 3203 5053 Τότε
3250 4998 3385 5053 εἶπεν
3438 5002 3464 5052 ό
3515 5004 3771 5074 τύραννος

2160 5091 2289 5162 πρὸς
2345 5092 2466 5149 τούς
2524 5088 2706 5159 ἁγίους
2763 5090 2914 5142 πάλιν
2972 5088 3136 5149 ’Ἕως
3195 5095 3315 5142 πότε
3375 5097 3467 5150 τῆς
3513 5091 3770 5162 ὑμετέρας

2163 5182 2475 5240 σκαιότητος
2523 5177 2816 5251 ἀνεχόμεθα
2870 5183 2960 5231 καὶ
3006 5186 3123 5240 ταῖς
3169 5176 3426 5251 βασάνοις
3474 5177 3671 5250 ἀνοχὴν
3705 5178 3769 5242 ἐξ

2159 5265 2479 5339 ἀσυγκρίτου
2533 5267 2918 5340 φιλανθρωπίας
2990 5273 3287 5341 παρέχομεν
3349 5286 3361 5332 ;
3426 5270 3616 5320 θύσατε
3668 5262 3765 5319 οὖν

2158 5363 2266 5417 τοῖς
2309 5359 2459 5417 θεοῖς,
2495 5358 2576 5408 ἳνα
2614 5363 2684 5429 μὴ
2718 5363 2809 5416 τὴν
2857 5356 3010 5414 δίκην
3058 5357 3174 5409 καθ’
3225 5359 3366 5429 ὑμῶν
3412 5356 3762 5421 ἐξωπλίτητε.

2162 5445 2391 5519 Οἱοῖγιοι
2439 5443 2576 5499 εἷπον
2621 5456 2692 5518 τῷ
2740 5449 2969 5521 τυράννῳ
3007 5464 3016 5476 ·
3052 5446 3168 5499 Ἐὰν
3213 5450 3342 5520 ἔχῃς
3393 5455 3610 5519 γνῶσιν,
3655 5448 3773 5499 ύπ-
