4066 6224
95 62 628 179 τ-

227 331 323 392 365

224 465 374 537 ουργε
433 469 534 512 τῶν
588 459 894 531 ἀκαθάρτων
972 453 1252 528 δαιμόνων,
1312 457 1617 529 μεμάθηκας
1677 451 1900 525 παράΑ

221 558 474 605 Φωτεινού
519 556 610 608 την
669 551 920 621 ἡμετέραν
966 546 1149 618 ἰσχύν·
1212 547 1256 598 εἰ
1324 550 1422 618 γάρ
1483 544 1667 604 ἐκεῖνος
1717 547 1821 602 νέος

219 644 476 715 ὑπάρχων
507 645 600 696 τὴν
631 639 837 698 ἡλικίαν
886 639 1218 708 κατῄσχυνεν
1262 655 1355 687 σου
1399 639 1493 693 τὴν
1541 632 1700 690 ἀσεϐῆ
1734 636 1822 682 καὶ

222 731 543 787 ἀναίσθητον
595 748 806 800 γνωμην
867 724 959 778 διὰ
1001 735 1090 785 τῆς
1147 725 1444 796 εἰλικρινοῦς
1521 725 1679 774 αὑτοῦ
1740 725 1824 772 πίο

224 828 380 879 στεῶς
430 825 520 870 καὶ
574 826 664 877 τῆς
723 817 794 876 εἰς
854 818 1080 888 Χριστὸν
1133 819 1386 884 γνώσεως,
1435 817 1582 881 πόσῳ
1636 809 1824 882 μᾶλλον

221 912 375 982 ἡμεῖς
419 908 751 980 αἱρησόμεθα
805 907 974 965 πάσας
1013 902 1284 976 βασάνους
1331 904 1643 968 ὑποστῆναι,
1690 901 1826 957 ὅπως

223 1001 662 1067 καταισχύνωμεν
717 998 804 1046 τόν
857 1000 1056 1064 πατερα
1115 1011 1229 1054 σου,
1283 993 1369 1041 τόν
1429 986 1690 1052 διάϐολον,
1738 993 1826 1037 και

227 1091 656 1158 εὐαρεστησωμεν
732 1091 802 1153 τῷ
877 1089 1092 1155 Χριστῷ
1128 1083 1292 1148 ;Τότε
1360 1080 1614 1148 θυμωθεὶς
1666 1079 1690 1127 ό
1743 1079 1828 1126 τύ-

225 1194 403 1247 ραννος
444 1173 698 1225 ἐκελευσεν
759 1172 1046 1222 τύπτεσθαι
1095 1173 1210 1229 τούς
1280 1168 1459 1238 ἁγίους
1535 1164 1829 1237 βουνεύροις

227 1266 407 1335 ὠμοῖςο
491 1268 579 1314 καὶ
651 1260 872 1335 ἤρξαντο
927 1262 974 1310 οἱ
1031 1261 1287 1332 ὑπηρέται
1337 1261 1545 1308 τύπτειν
1620 1255 1827 1320 αύτούς,

227 1357 314 1413 ἓως
347 1349 408 1404 οὗ
456 1351 732 1426 διέρραξαν
779 1352 873 1410 τὰς
929 1352 1124 1420 σάρκας
1161 1347 1352 1412 αὐτῶν,
1398 1351 1487 1398 καὶ
1533 1352 1622 1396 τού
1670 1345 1830 1415 αἱμα-

226 1463 312 1503 τος
357 1442 526 1494 αὐτῶν
587 1437 826 1514 σφοδρῶς
879 1442 1176 1512 φερομένου,
1227 1439 1276 1488 οἱ
1319 1436 1463 1506 άγιοι
1504 1434 1573 1495 εἰς
1601 1437 1687 1484 τόν
1731 1432 1826 1483 ού-

227 1537 378 1603 ρανόν
437 1529 804 1600 ἀναϐλέψαντες
857 1527 1009 1578 ἐϐόων
1071 1529 1300 1598 Χριστόν
1369 1528 1455 1575 τόν
1520 1527 1647 1575 Θεὸν
1721 1524 1828 1573 ἱκε-

229 1625 452 1681 τεύοντες
496 1620 781 1690 ἐνισχύσαι
833 1617 1022 1677 αὐτούς
1075 1621 1164 1666 καὶ
1215 1623 1314 1666 τῶν
1365 1619 1530 1665 πόνων
1564 1611 1829 1681 ἐπικουφί-

235 1728 348 1762 σαι·
414 1712 470 1770 ὃς
522 1710 821 1768 ἐπακούσας
868 1715 958 1766 τῆς
1002 1705 1167 1756 αὐτῶν
1220 1703 1453 1763 ἐκτενοῦς
1505 1708 1826 1776 προσευχῆς,

239 1799 415 1856 ἐπέστη
478 1798 653 1858 αὐτοῖς
710 1806 780 1866 τῷ
840 1793 1043 1870 ἀοράτῳ
1098 1793 1256 1845 αύτού
1313 1789 1532 1863 δυνάμει
1583 1795 1673 1842 καὶ
1730 1798 1829 1840 τῶν
1861 1808 1906 1863 Β

239 1894 392 1940 πόνων
447 1897 549 1939 τῶν
635 1885 880 1958 βασάνων
938 1884 1122 1943 αύτούς
1183 1881 1514 1952 ἐπεκούφισεν
1585 1884 1674 1930 καὶ
1737 1881 1830 1940 τὰς

232 1974 456 2049 καρδίας
533 1977 701 2028 αὐτῶν
783 1973 829 2025 ἐν
912 1981 970 2045 τῇ
1057 1976 1183 2044 πρὸς
1268 1971 1422 2022 αὐτὸν
1499 1967 1829 2042 ἐπεστήριξεν

231 2065 406 2137 ἀγάπη
419 2105 430 2117 .

300 2157 353 2210 ι’.
405 2155 795 2210 ⁹Ατονηο·άντων
847 2149 904 2202 δὲ
957 2149 1314 2223 βασανιστῶν,
1370 2145 1504 2200 εἶπεν
1555 2149 1580 2199 ό
1642 2150 1832 2220 τύραν-

231 2265 308 2305 νος
353 2253 460 2304 τοῖς
529 2244 716 2314 ἀγίοις·
765 2240 990 2311 Ἐγνωτε
1054 2236 1162 2304 οὖν,
1222 2236 1261 2289 ὦ
1303 2237 1580 2310 τολμηταὶ,
1627 2238 1694 2296 ως

232 2333 344 2386 διόν
375 2354 462 2406 μοι
511 2335 800 2389 καθέστηκε
849 2335 942 2388 τὴν
970 2331 1108 2390 ζωὴν
1140 2331 1282 2400 ὑμῶν
1315 2327 1584 2380 ἀπολέσαι·
1639 2328 1830 2377 θύσατε

230 2422 316 2476 οὖν
376 2432 484 2484 τοῖς
534 2424 682 2485 θεοῖς,
739 2423 821 2472 ἶνα
871 2424 942 2492 μὴ
975 2423 1286 2492 πικροτέρων
1334 2419 1621 2491 πετρωθῆτε
1661 2414 1833 2486 βασά-

229 2535 344 2566 νων.
403 2514 795 2586 Ἀποκριθέντες
843 2507 900 2561 δε
953 2511 1000 2560 οἱ
1060 2508 1200 2580 ἅγιοι
1257 2514 1327 2576 τῷ
1387 2507 1615 2579 τυράννῳ
1669 2506 1830 2556 εἶπον⁶

227 2610 393 2654 Τοῦτο
450 2607 692 2672 γίνωσκε,
738 2599 1050 2651 ἀσεϐέστατε
1098 2603 1187 2648 καῖ
1233 2596 1464 2670 ἀλλότριε
1511 2602 1604 2646 τοῦ
1655 2594 1834 2651 ἀληθι-

231 2701 319 2743 νοῦ
351 2694 497 2763 ἡμῶν
551 2698 704 2754 Θεού,
756 2693 854 2751 ὅτι,
888 2691 1059 2760 ὥσπερ
1101 2691 1166 2738 σὺ
1197 2685 1290 2737 οὐκ
1327 2685 1550 2756 αἰσθάνῃ
1584 2692 1674 2743 τῆς
1701 2682 1834 2754 ἀγά-

236 2801 338 2841 πης
394 2788 485 2832 τού
530 2786 760 2854 Χριστοῦ
808 2783 897 2828 καὶ
944 2784 1040 2836 τῆς
1094 2775 1456 2848 λαμπρότητος
1501 2774 1682 2837 αὐτοῦ,
1743 2769 1832 2824 διὰ

236 2876 322 2922 τόν
367 2869 814 2943 περικαλύπτοντα
849 2871 941 2924 τὴν
984 2862 1218 2917 διάνοιάν
1277 2883 1368 2915 σου
1418 2861 1469 2914 ἐκ
1519 2870 1608 2922 τῆς
1637 2861 1832 2922 πλάνης

234 2970 334 3011 τῶν
363 2957 624 3031 δαιμόνων
671 2965 876 3023 σκότον,
909 2956 1072 3014 οὕτως
1103 2951 1226 3006 οὐδὲ
1269 2955 1419 3024 ἡμεῖς
1449 2961 1546 3003 τῶν
1591 2950 1834 3023 βασάνων

235 3068 330 3101 σου
383 3049 755 3118 αἰσθανόμεθα,
809 3041 901 3096 διὰ
940 3048 996 3095 τό
1046 3045 1366 3115 πεφωτίσθαι
1397 3044 1541 3112 ἡμῶν
1595 3046 1686 3098 τὴν
1720 3037 1834 3091 διά-

232 3158 374 3189 νοιαν
405 3137 459 3188 ἐκ
489 3145 584 3196 τῆς
628 3141 854 3195 πίστεως
899 3140 988 3185 καὶ
1028 3132 1237 3203 ἀγάπης
1293 3139 1521 3205 Χριστοῦ
1570 3139 1658 3181 τού
1701 3137 1833 3181 Θεού
1869 3165 1910 3223 C

230 3230 403 3298 ἡμῶν,
471 3227 690 3278 Ἐπινόει
753 3228 921 3275 τοίνυν
971 3222 1141 3294 ἑτέρας
1200 3223 1446 3292 μηχανάς
1507 3217 1834 3290 βασανιστη-

228 3323 352 3391 ρίων
401 3321 762 3388 καινοπρεπείς
814 3313 932 3363 καθ’
985 3314 1146 3382 ἡμῶν·
1212 3307 1350 3379 διψᾲ
1411 3311 1512 3378 γὰρ
1582 3311 1724 3378 ημῶν
1801 3309 1829 3364 ἡ

233 3401 442 3456 διάνοια
472 3410 561 3455 καὶ
602 3403 842 3474 ἐπιθυμεῖ
871 3404 899 3459 ἡ
933 3404 1066 3452 κατά
1099 3402 1323 3473 Χριστόν
1354 3400 1497 3470 ἡμῶν
1530 3396 1707 3467 ἀγάπη
1743 3393 1834 3446 διὰ

233 3502 326 3555 τῆς
373 3502 472 3556 σῆς
504 3494 619 3545 καθ’
652 3495 796 3564 ἡμῶν
845 3491 1172 3562 ἀποφάσεως,
1225 3489 1487 3560 θεωρῆσαι
1535 3489 1618 3538 τὸν
1665 3487 1834 3545 ζῶντα

238 3588 364 3635 Θεὸν
421 3590 511 3635 καὶ
555 3581 903 3654 βασιλεύοντα
948 3580 1014 3639 εἰς
1045 3582 1168 3638 τούς
1200 3577 1410 3637 αἰῶνας.
1457 3583 1630 3628 Ταῦτα
1685 3575 1834 3626 ἀκού-

243 3691 331 3732 σας
377 3674 402 3723 ό
455 3676 700 3746 τύραννος
755 3676 844 3723 καὶ
899 3670 1175 3740 θυμωθεὶς,
1230 3665 1422 3718 κελεύει
1471 3668 1639 3738 πυρὰν
1693 3685 1836 3736 παμ-

241 3764 425 3832 μεγέθη
457 3763 698 3832 γενεσθαι
742 3758 907 3811 καὶέν
961 3757 1091 3828 αὐτῇ
1147 3763 1333 3814 στῆναι
1373 3758 1493 3815 τοὺς
1543 3757 1831 3826 μάρτυρας·

243 3859 340 3900 τῶν
423 3847 482 3900 δὲ
553 3847 854 3922 δορυφόρων
912 3847 1293 3921 πληρωσάντων
1347 3845 1506 3895 αὐτοῦ
1582 3849 1674 3901 τὴν
1744 3842 1840 3894 ἀπ·

242 3938 512 4012 ἄνθρωπον
559 3939 811 4001 κέλευσεν,
869 3937 1117 3996 ἑκουσίως
1164 3937 1211 3986 οἱ
1259 3935 1403 4004 ἅγιοι
1445 3936 1738 4006 ἐπῆρχοντο
1775 3940 1834 4005 τῇ

241 4034 496 4101 πυρκαίᾲ,
561 4031 629 4087 ως
685 4024 843 4078 ὕδατι
896 4034 966 4095 τῷ
1023 4031 1150 4099 πυρὶ
1213 4023 1546 4097 προσομιλεῖν
1604 4021 1840 4081 ἀλλήλοις

241 4118 729 4191 παρακελευόμενον
804 4121 892 4166 καὶ
939 4114 1086 4186 λόγον
1130 4110 1319 4165 οὐδένα
1369 4119 1464 4171 τῆς
1541 4115 1680 4185 παρά
1742 4119 1839 4161 τῶν

243 4207 514 4279 ἀνθράκων
560 4208 855 4277 ποιούμενοι
908 4207 1157 4271 καύσεως,
1226 4200 1537 4273 μεγαλοφνεί
1592 4208 1662 4270 τῷ
1717 4219 1842 4272 φρο-

240 4305 432 4369 νήματι
491 4302 615 4370 πρός
674 4301 758 4348 τόν
814 4299 1054 4370 τύραννον
1120 4297 1360 4365 ἔφασκον
1422 4291 1618 4362 Ἡμεῖς,
1673 4291 1842 4352 Μαξί-

241 4393 407 4459 μιανὲ,
453 4393 548 4444 τὴν
598 4385 856 4456 τύφλωσιν
900 4393 990 4444 τῆς
1032 4391 1125 4443 σῆς
1176 4382 1521 4440 ἀναισθησίας
1572 4379 1840 4450 λογιζομε-

243 4497 335 4540 νοι,
386 4478 706 4549 οὶκτείρομέν
759 4494 815 4526 σε
866 4483 956 4534 τῆς
1009 4473 1204 4531 λιθίνης
1243 4467 1467 4544 καρδίας
1525 4471 1705 4534 ἕνεκεν,
1760 4471 1839 4520 ὅτι
1875 4516 1918 4570 D

245 4569 506 4640 ὑπηρέτης
578 4571 791 4637 γέγονας
844 4571 936 4624 τῆς
1012 4571 1111 4613 τῶν
1196 4560 1500 4634 ἀκαθάρτων
1579 4557 1840 4630 δαιμόνων

244 4655 459 4721 πλάνης,
514 4661 583 4726 μὴ
643 4651 920 4724 δυνάμενος
966 4649 1227 4721 ἀνανῆψαι
1274 4647 1412 4720 μηδὲ
1455 4647 1732 4719 ἐπιγνῶναι
1775 4651 1841 4710 ὼς

248 4753 417 4797 πᾶσαν
473 4745 798 4818 ἀνθρωπίνην
841 4741 1181 4816 ὑπερϐέϐηκεν
1231 4735 1472 4811 ἀνδρείαν
1525 4740 1554 4794 ἡ
1614 4742 1841 4795 τοσαύτη

250 4844 339 4895 τῆς
371 4840 642 4909 καρτερίας
672 4835 925 4903 ὑπομονὴ.
974 4836 1060 4890 Τίς
1107 4834 1208 4902 γὰρ
1253 4833 1423 4903 χωρὶς
1474 4829 1611 4888 θείας
1653 4828 1847 4897 ἀναψύ-

254 4924 276 4956 r

252 4924 365 4984 ξεως
411 4932 656 4975 τοσοῦτον
710 4925 840 4972 κατά
889 4923 1171 4990 παμφάγου
1227 4920 1409 4990 φλογός
1486 4917 1844 4988 ἀγωνίσοιτο;

374 5009 408 5029 .-

252 5017 312 5063 (li
361 5017 421 5064 δὲ

251 5111 345 5174 πῦρ
407 5100 786 5152 καταναλίσκον
841 5103 963 5160 τοὺς
1015 5100 1146 5149 κατά
1215 5100 1271 5148 σε
1326 5094 1602 5156 δυσσεϐεῖς
1682 5101 1844 5160 ὄντας,

469 5021 540 5082 τῷ
581 5013 833 5082 πνεύματι
868 5012 1061 5070 ζέοντες
1095 5014 1183 5059 καὶ
1213 5012 1298 5059 τόν
1331 5012 1460 5058 Θεὸν
1509 5004 1848 5079 ἐνδυσάμενοι

251 5187 497 5261 οὐδαμῶς
545 5187 750 5260 βλάψαι
803 5191 922 5249 τοὺς
973 5185 1197 5247 εὐσεϐεῖς
1237 5182 1539 5243 δυνήσεται·
1575 5185 1699 5256 φλόξ
1745 5187 1844 5259 γὰρ

251 5281 347 5330 ὑπό
417 5279 597 5350 φλογός
654 5282 981 5352 προσκαίρου
1033 5295 1086 5328 τε
1137 5282 1222 5328 καὶ
1279 5279 1511 5348 φθαρτῆς
1569 5275 1659 5326 οὐκ
1735 5277 1845 5344 ἔχει

253 5371 403 5437 φύσιν
458 5367 954 5422 καταναλίσκεσθαι.
1007 5369 1186 5422 Μάτην
1240 5367 1326 5416 οὗν
1379 5367 1619 5438 μοχθεῖς,
1664 5362 1845 5422 ἀνόητε

249 5460 470 5529 τύραννε,
512 5463 635 5519 τούς
664 5461 1059 5528 πεπυρωμένους
1090 5457 1228 5526 ἡμᾶς
1257 5463 1318 5526 τῇ
1350 5457 1526 5527 άγάπη
1561 5464 1649 5507 τού
1684 5464 1844 5526 Χρισ-

251 5555 335 5597 τού
365 5552 489 5621 πυρὶ
521 5543 860 5603 δαπανῆσθαι
887 5545 1198 5616 φιλονεικῶνο
1252 5543 1512 5620 ἐπύρωσεν
1545 5547 1646 5618 γὰρ
1678 5546 1836 5615 ἡμᾶς,

253 5637 316 5698 ὡς
343 5646 596 5715 πυρούται
633 5639 691 5689 τὸ
719 5635 988 5712 ἀργύριον.

1271 329 1442 385 VlTA
1482 328 1585 385 ss.
1632 307 1965 382 Manium
2007 325 2093 380 ET
2132 327 2526 388 SOClOFtUM.

3477 341 3582 398 366

1933 452 2182 510 Sceleste
2212 461 2267 511 et
2296 457 2652 514 administer
2674 457 3128 516 immundorum
3150 460 3512 536 daemonum,
3533 469 3586 525 si

1931 543 2071 614 quid
2111 545 2330 615 ingenii
2365 547 2589 604 habeas
2627 553 2732 604 aut
2763 548 3042 614 scientiae,
3078 550 3331 608 didicisti
3370 572 3406 612 a
3432 558 3586 615 Pho-

1934 634 2054 689 tino
2088 641 2352 692 nostram
2383 636 2564 693 ﬁdem
2606 642 2662 693 et
2703 638 2858 694 vires
2891 645 3144 696 nostras.
3183 642 3238 697 Si
3278 644 3438 701 enim
3467 647 3582 716 ille,

1933 740 2070 779 cum
2098 724 2173 779 sit
2193 731 2362 783 aetate
2384 727 2640 798 juvenis,
2673 729 2900 799 pudore
2926 729 3122 786 affecit
3145 731 3398 804 impiam
3427 740 3587 792 tuam

1935 819 2197 869 mentem
2227 821 2282 871 et
2335 815 2498 873 nullo
2543 833 2722 872 sensu
2760 818 3099 890 przeditam,
3151 837 3259 892 per
3296 823 3587 882 sinceram

1937 919 2112 959 suam
2142 904 2324 960 ﬁdem
2352 912 2408 961 et
2440 906 2648 962 Christi
2680 907 3105 976 cognitionem,
3135 917 3364 982 quanto
3397 915 3591 986 magis

1935 1008 2046 1048 nos
2095 995 2525 1050 contendemus
2566 1002 2860 1052 tormenta
2910 998 3114 1054 omnia
3160 1003 3473 1074 sustinere,
3530 1008 3594 1060 ut

1937 1081 2167 1152 pudore
2194 1081 2529 1139 afﬁciamus
2557 1089 2790 1156 patrem
2822 1091 2990 1141 tuum
3021 1087 3352 1159 diabolum,
3385 1096 3439 1148 et
3470 1093 3593 1165 pla-

1936 1186 2181 1228 ceamus
2194 1172 2424 1229 Christo
2440 1178 2640 1229 nostro
2654 1179 2711 1230 et
2735 1176 2850 1231 Deo
2865 1176 2892 1230 ?
2909 1177 3070 1232 Tunc
3091 1177 3275 1234 iratus
3298 1182 3592 1251 tyrannus

1934 1259 2114 1329 jussit
2151 1269 2386 1318 sanctos
2426 1263 2724 1320 verberari
2776 1264 2975 1320 crudis
3015 1267 3201 1322 boum
3254 1270 3452 1325 nervis
3485 1287 3502 1326 :
3539 1277 3594 1328 et

1938 1351 2512 1422 cusperuntministri
2535 1368 2634 1407 eos
2653 1352 2901 1419 credere,
2927 1353 3118 1410 donec
3151 1372 3362 1414 carnes
3382 1375 3591 1416 eorum

1939 1440 2406 1512 discerpserunt:
2463 1448 2517 1495 et
2581 1458 2718 1497 cum
2784 1443 2958 1498 valde
3021 1454 3330 1502 emanaret
3380 1464 3592 1504 eorum

1942 1529 2212 1599 sanguis,
2247 1530 2434 1584 sancti
2467 1547 2707 1585 sursum
2738 1531 3090 1603 aspicientes
3114 1535 3173 1590 in
3205 1535 3444 1604 cretum,
3472 1537 3596 1594 cla-

1941 1618 2191 1674 mabant
2233 1618 2458 1674 Christo
2490 1619 2913 1691 supplicantes,
2945 1627 3006 1677 ut
3031 1623 3114 1677 eis
3153 1624 3308 1680 vires
3349 1627 3595 1683 adderet

1941 1713 1995 1762 et
2045 1707 2260 1762 levaret
2292 1723 2495 1762 eorum
2535 1707 2791 1765 labores.
2835 1710 2940 1773 Qui
2987 1727 3123 1767 cum
3178 1714 3470 1771 audiisset
3509 1716 3597 1771 in-

1943 1802 2174 1852 tensam
2219 1812 2424 1852 eorum
2477 1798 2899 1868 precationem,
2952 1800 3031 1854 ad
3069 1816 3170 1855 eos
3199 1803 3446 1859 accessit
3491 1819 3594 1876 po-

1944 1890 2146 1940 testate
2171 1902 2307 1958 qure
2346 1901 2466 1941 non
2511 1886 2669 1942 cadit
2713 1887 2826 1942 sub
2857 1893 3194 1958 aspectum,
3235 1896 3290 1946 et
3316 1892 3596 1949 allevavit

1938 1974 2174 2030 labores
2206 1981 2652 2039 tormentorum,
2687 1981 2742 2031 et
2773 1976 3148 2034 conﬁrmavit
3177 1980 3360 2037 corda
3387 1997 3594 2038 eorum

1937 2062 1999 2117 in
2027 2063 2308 2120 charitate
2338 2065 2396 2118 in
2435 2063 2654 2136 ipsum.

2014 2155 2070 2207 X.
2101 2152 2246 2207 Cum
2279 2152 2494 2208 defessi
2526 2159 2725 2209 autem
2759 2159 2960 2210 essent
3008 2159 3272 2228 tortores,
3305 2162 3596 2230 tyrannus

1939 2241 2085 2298 dixit
2128 2242 2374 2298 sanctis:
2405 2242 2796 2314 Cognovistis,
2841 2261 2877 2299 o
2910 2245 3168 2301 audaces
3217 2246 3488 2304 homines
3540 2254 3596 2305 et

1941 2331 2256 2398 temerarii,
2280 2348 2466 2404 quam
2498 2332 2734 2388 sitmihi
2767 2333 2931 2388 facile
2969 2335 3146 2391 vitam
3173 2341 3434 2393 vestram
3466 2354 3597 2410 per-

1941 2421 2080 2478 dere
2101 2421 2129 2478 ?
2157 2423 2235 2476 De
2265 2427 2476 2476 caetero
2506 2437 2647 2493 ergo
2665 2421 2775 2476 diis
2808 2422 3156 2487 sacriﬁcate,
3185 2441 3260 2480 ne
3286 2427 3591 2483 acerbiora

1944 2514 2240 2566 tormenta
2315 2509 2598 2566 sentiatis.
2669 2510 2871 2566 Sancti
2948 2527 3086 2567 vero
3143 2514 3588 2586 respondentes,

1945 2600 2220 2655 dixerunt
2235 2605 2481 2670 tyranno
2501 2599 2871 2670 imperatori:
2897 2602 3015 2654 Hoc
3029 2617 3343 2670 cognosce,
3363 2619 3398 2658 ο
3414 2603 3596 2674 impie

1945 2696 1999 2745 et
2049 2689 2238 2744 aliene
2277 2705 2312 2744 a
2362 2704 2498 2744 vero
2555 2691 2665 2743 Deo
2717 2693 2940 2755 nostro,
2985 2690 3150 2762 quod
3197 2692 3502 2762 quomodo
3534 2698 3596 2749 tu

1946 2779 2157 2834 Christi
2184 2778 2531 2833 charitatem
2557 2792 2679 2833 non
2713 2778 2893 2832 sentis
2943 2783 2998 2834 et
3039 2779 3168 2849 ejus
3209 2779 3592 2850 splendorem

1948 2874 2189 2941 propter
2231 2868 2505 2923 tenebras
2544 2884 2678 2939 quae
2720 2871 2974 2922 mentem
3023 2872 3189 2923 tuam
3220 2870 3498 2940 operiunt
3525 2885 3596 2925 ex

1945 2975 2140 3015 errore
2167 2959 2534 3022 daemonum,
2562 2958 2642 3012 ita
2671 2973 2862 3029 neque
2882 2973 2994 3012 nos
3019 2964 3310 3014 tormenta
3337 2963 3439 3015 tua
3468 2975 3598 3015 sen-

1945 3048 2146 3118 timus,
2183 3053 2497 3120 prOpterea
2538 3046 2702 3118 quod
2734 3062 2904 3102 mens
2935 3055 3140 3102 nostra
3171 3048 3242 3103 sit
3274 3047 3593 3104 illuminita

1946 3153 1974 3191 a
2003 3136 2117 3190 ﬁde
2145 3142 2200 3191 et
2219 3137 2500 3192 charitate
2522 3137 2726 3192 Christi
2755 3137 2848 3192 Dei
2881 3136 3086 3192 nostri.
3121 3135 3400 3206 Excogita
3431 3151 3592 3205 ergo,

1945 3241 1980 3280 o
2014 3230 2260 3296 tyranne
2292 3231 2348 3280 et
2380 3227 2590 3282 insane
2621 3227 2804 3292 canis,
2838 3226 2986 3282 alias
3020 3227 3078 3281 in
3119 3241 3229 3280 nos
3259 3241 3450 3281 novas
3470 3241 3598 3281 ma-

1947 3313 2151 3368 chinas
2203 3319 2650 3368 tormentorum.
2705 3313 2831 3368 Sitit
2879 3312 3037 3366 enim
3072 3328 3240 3367 mens
3287 3318 3509 3378 nostra,
3539 3319 3595 3370 et

1943 3401 2260 3465 desiderat,
2293 3417 2429 3472 quae
2459 3407 2546 3456 est
2574 3417 2647 3456 ex
2673 3401 2925 3471 Christo,
2967 3401 3244 3466 charitas,
3274 3417 3378 3474 per
3432 3408 3598 3458 tuam

1943 3490 2003 3545 in
2056 3507 2166 3546 nos
2222 3489 2596 3554 sententiam,
2647 3490 3036 3561 contemplari
3085 3491 3267 3545 Deum
3308 3491 3510 3545 vivum
3543 3496 3598 3546 et

1943 3585 2291 3650 regnantem
2313 3580 2370 3634 in
2399 3580 2635 3635 saecula.
2666 3582 2800 3635 Haec
2824 3596 2963 3635 cum
2989 3579 3276 3635 audiisset
3305 3585 3598 3650 tyrannus

1947 3677 2001 3723 et
2040 3668 2213 3723 valde
2243 3667 2681 3731 fuissetiratus,
2705 3669 2876 3739 jubet
2901 3669 3147 3724 accendi
3170 3685 3384 3738 rogum
3412 3668 3598 3724 maxi-

1949 3773 2114 3811 mum
2155 3762 2210 3812 et
2239 3757 2298 3812 in
2348 3773 2483 3811 eum
2521 3757 2642 3828 jaci
2681 3763 2921 3812 sanctos
2961 3762 3278 3828 martyres.
3315 3759 3462 3812 Cum
3492 3757 3598 3811 im-

1951 3846 2211 3916 plessent
2266 3861 2406 3902 vero
2455 3845 2728 3902 satellites
2777 3845 3061 3903 acerbum
3101 3851 3157 3900 et
3196 3846 3599 3900 inhumanum

1950 3935 2077 4005 ejus
2121 3935 2378 4006 jussum,
2439 3937 2625 3992 sancti
2681 3953 2792 3992 sua
2843 3942 3048 4008 sponte
3105 3939 3482 3990 accesserunt
3521 3934 3598 3988 ad

1951 4039 2185 4094 rogum,
2219 4041 2279 4080 se
2319 4025 2573 4081 invicem
2604 4025 3007 4089 adhortantes,
3040 4031 3100 4080 ut
3131 4023 3207 4080 ad
3239 4024 3441 4092 ignem
3473 4028 3598 4078 tan-

1950 4131 2131 4186 quam
2157 4115 2234 4170 ad
2257 4131 2480 4187 aquam
2499 4116 2875 4171 accederent:
2901 4132 3095 4187 neque
3115 4115 3296 4169 ullam
3315 4113 3600 4168 ducentes

1950 4206 2242 4261 rationem
2299 4203 2631 4260 carbonum
2690 4205 3031 4269 exustionis,
3092 4218 3314 4272 magno
3353 4208 3409 4257 et
3465 4217 3602 4257 con-

1951 4295 2124 4350 stanti
2158 4294 2366 4365 spiritu
2396 4293 2674 4349 dixerunt
2701 4300 2983 4365 tyranno:
3028 4296 3220 4357 Nos,o
3251 4293 3597 4363 imperator,

1951 4383 2396 4438 considerantes
2423 4383 2745 4438 caecitatem
2774 4388 2940 4438 tuam
2967 4390 3020 4437 et
3043 4399 3252 4438 sensus
3283 4385 3603 4452 egestatem

1951 4470 2168 4544 lapidei
2211 4476 2291 4526 tui
2313 4473 2506 4527 cordis
2536 4471 2907 4537 miseremur,
2945 4472 3108 4543 quod
3133 4471 3312 4525 fueris
3339 4470 3604 4524 minister

1951 4560 2163 4616 erroris
2200 4560 2616 4633 improborum
2647 4568 2703 4616 et
2740 4563 3192 4616 immundorum
3234 4560 3604 4623 daemonum,

1955 4665 2076 4704 non
2107 4649 2310 4705 valens
2340 4649 2702 4721 resipiscere,
2738 4655 2839 4705 aut
2867 4663 3224 4718 cognoscere
3257 4651 3441 4702 Deum
3476 4644 3607 4700 caeli

1957 4745 2012 4794 et
2048 4744 2231 4803 terrae,
2274 4739 2374 4810 qui
2415 4744 2640 4794 tantam
2693 4739 2866 4794 nobis
2898 4737 3304 4794 fortitudinem
3353 4735 3517 4790 dedit
3552 4739 3609 4790 et.

1958 4828 2358 4883 tolerantiam.
2409 4827 2550 4896 Quis
2590 4828 2747 4882 enim
2787 4828 3014 4899 absque
3047 4826 3250 4881 divina
3307 4825 3611 4893 refrigera—

1959 4920 2134 4982 tione,
2164 4917 2448 4973 adversus
2474 4919 2682 4972 omnia
2707 4917 3053 4972 exedentem
3074 4915 3382 4970 flammam
3414 4914 3612 4967 decer-

1959 5006 2213 5062 taverit?
2252 5008 2359 5073 Qui
2409 5015 2606 5062 autem
2649 5007 2858 5078 spiritu
2911 5005 3138 5059 fervent
3169 5010 3221 5058 et
3276 5003 3462 5057 Deum
3527 5001 3611 5054 in-

1959 5095 2235 5160 duerunt,
2267 5097 2420 5166 ignis
2464 5112 2826 5150 consumens
2868 5095 3022 5158 illos,
3056 5093 3160 5165 qui
3201 5094 3350 5146 sicut
3385 5096 3442 5145 tu
3477 5094 3613 5144 sunt

1959 5185 2126 5258 impii
2175 5203 2555 5257 nequaquam
2614 5184 2744 5258 pios
2788 5183 3002 5238 laedere
3051 5184 3281 5254 poterit.
3329 5180 3613 5235 Flammae

1959 5275 2116 5329 enim
2140 5291 2258 5330 non
2290 5280 2376 5329 est
2397 5290 2433 5329 a
2451 5279 2666 5329 natura
2690 5273 3124 5343 ingeneratum,
3145 5276 3205 5325 ut
3225 5273 3616 5324 consumatur

1959 5384 1994 5422 a
2030 5365 2294 5432 ﬂamma,
2337 5379 2473 5434 quae
2505 5367 2591 5418 est
2632 5363 2707 5418 ad
2735 5368 2988 5432 tempus,
3041 5367 3097 5414 et
3125 5360 3183 5414 in
3234 5374 3420 5429 quam
3452 5356 3613 5414 cadit

1953 5453 2240 5512 interitus.
2301 5454 2703 5516 Quamobrem
2754 5451 2970 5505 frustra
3021 5447 3286 5516 laboras,
3322 5464 3358 5503 o
3407 5447 3618 5503 stolide

1953 5553 2224 5619 tyranne,
2276 5540 2380 5613 qui
2421 5555 2549 5604 nos,
2584 5540 2684 5610 qui
2721 5537 2939 5594 Christi
2969 5536 3416 5608 conﬂagramus
3473 5538 3612 5593 cha-

1948 5637 2138 5698 ritate,
2181 5632 2317 5703 igne
2347 5628 2656 5686 contendis
2684 5643 3056 5686 consumere.
3091 5631 3206 5685 Nos
3234 5628 3394 5685 enim
3455 5627 3615 5699 ignis

1948 5724 2298 5790 candefecit,
2329 5724 2482 5779 sicut
2508 5718 2768 5777 candeﬁt
2805 5724 3147 5793 argentum.
