4066 6224
449 312 552 371 367
1852 304 2111 363 MENSIS
2147 300 2412 365 JULIUS.
3703 298 3815 357 368

522 437 612 494 XI.
636 437 780 493 Cum
802 449 1013 492 omnes
1033 436 1231 490 autem
1255 433 1355 505 qui
1372 432 1701 490 audiebant
1720 438 1959 506 propter
1974 435 2102 491 haec

2285 433 2388 487 IA'.
2451 434 2662 486 Πάντων
2706 431 2794 484 οὖν
2852 430 2937 484 ἐπὶ
2976 437 3080 491 τοῖς
3134 429 3389 489 τοιούτοις
3438 428 3812 500 θαυμαζόντων

448 524 633 580 verba
662 523 1119 587 admirarentur,
1172 528 1487 593 tyrannus,
1531 522 1634 594 qui
1660 522 1737 577 ab
1773 523 1940 577 initio
1979 539 2054 578 er:

2209 525 2460 596 ῥήμασιν,
2518 530 2698 582 σκεῦος
2751 522 3004 592 ὑπάρχων
3061 527 3156 580 τῆς
3201 516 3454 578 ἀπωλείας
3487 519 3511 568 ό
3566 522 3812 588 τύραννος

448 630 554 668 vas
594 614 884 678 interitus,
937 612 1333 682 perseveravit
1364 610 1508 665 velle
1549 616 1789 665 sanctos
1831 610 2054 683 perdere

2212 609 2457 683 διέμεινεν
2509 610 2835 682 ἐνιστάμενος
2888 616 2977 660 τού
3028 606 3277 659 ἀπολέσαι
3322 610 3437 665 τοὺς
3472 605 3673 677 ἁγίους,
3714 611 3807 657 καὶ

444 707 501 757 et
530 717 725 773 neque
764 716 1090 772 persuasus
1119 698 1229 754 fuit
1272 698 1467 754 verbis
1499 699 1897 768 gloriosorum
1939 715 2050 754 mal

2209 700 2323 751 οὔτε
2361 708 2467 762 τοῖς
2519 700 2688 770 λόγοις
2736 698 2962 750 ἐπείθετο
3015 705 3112 748 τῶν
3174 692 3427 766 ἀοιδίμων
3501 698 3803 769 μαρτύρων,

445 796 665 861 tyrum,
684 806 876 861 neque
899 790 1077 845 rebus
1102 789 1244 859 ipsis
1269 788 1377 842 fuit
1402 787 1867 859 obstupefactus.
1906 790 2051 853 Quai

2207 794 2323 841 οὔτε
2378 797 2478 849 τοῖς
2531 792 2836 863 πράγμασιν
2890 786 3236 848 ἐξεπλήττετο·
3298 790 3386 835 καὶ
3442 784 3633 836 κελεύει
3687 783 3806 835 ἀνα-

443 880 648 934 obrem
663 880 682 950 j
697 879 835 934 ubet
856 880 938 933 eis
950 894 1157 933 rursus
1170 877 1321 949 palis
1338 876 1552 942 afﬁxis,
1569 878 1769 931 ferreis
1793 879 2049 946 unguibt

2208 879 2654 938 σκολωπισθέντας
2738 881 2858 937 τούς
2927 877 3109 946 ἀγίους
3169 870 3406 945 σιδηροῖς
3482 873 3650 934 ὄνυξιν
3715 876 3807 933 τάς

440 968 625 1024 latera
673 968 901 1024 fortiter
931 968 1093 1022 caedi.
1143 973 1288 1022 Cum
1319 982 1461 1035 ergo
1513 967 1703 1020 sancti
1732 974 1787 1021 et
1825 982 2043 1035 genero

2206 968 2428 1041 πλευρὰς
2502 968 2667 1019 αὑτων
2724 967 2933 1025 εὐτόνως
3000 964 3231 1027 ξέεσθαι.
3304 970 3412 1015 Των
3477 963 3563 1013 οὖν
3641 962 3804 1033 ἁγίων

442 1063 734 1129 martyres
777 1058 890 1112 hoc
938 1072 1177 1128 quoque
1222 1063 1525 1110 certamen
1557 1061 1795 1110 strenue
1836 1056 2048 1110 decert:

2205 1061 2477 1131 μαρτύρων
2544 1064 2633 1108 καί
2709 1059 2900 1107 τούτων
2978 1055 3214 1125 ἰσχυρῶς
3289 1048 3637 1103 διαθλούντων
3714 1056 3802 1102 τόν

445 1151 595 1212 rent,
616 1151 672 1201 et
685 1162 898 1201 omnes
921 1146 1357 1201 admirarentur
1380 1146 1749 1215 imperatoris
1767 1145 2051 1201 amentia:

2206 1146 2397 1217 ἀγῶνα,
2442 1151 2527 1198 καὶ
2576 1147 2778 1197 πάντων
2838 1142 3205 1215 θαυμαζόντων
3267 1145 3359 1198 τὴν
3410 1148 3499 1191 τού
3547 1138 3804 1211 βασιλέως

439 1240 496 1290 et
546 1236 826 1297 furorem,
898 1233 1217 1304 praeclarus
1269 1238 1496 1303 martyr
1556 1233 1878 1288 Mauricius
1949 1234 2045 1289 dix

2204 1239 2401 1301 άνοιαν,
2456 1240 2764 1308 Μαυρίκιος,
2812 1236 2836 1284 ό
2890 1229 3132 1303 ἀοίδιμος
3185 1233 3401 1301 μάρτυς,
3448 1233 3572 1302 πρὸς
3600 1233 3682 1280 τὸν
3712 1232 3801 1281 τύ-

437 1330 725 1396 tyranno:
784 1328 909 1379 Non
941 1324 1121 1378 sentis
1166 1328 1330 1377 tuam
1375 1321 1841 1377 imbecillitatem
1892 1328 1949 1378 et
1988 1341 2043 1379 m

2203 1346 2381 1399 ραννον
2412 1329 2527 1396 ἔφη’
2561 1326 2671 1376 Οὑκ
2716 1323 2934 1394 αἰσθάνῃ
2988 1330 3076 1379 τῆς
3113 1328 3210 1380 σῆς
3255 1320 3534 1382 ἀσθενείας,
3586 1318 3624 1367 ὦ
3661 1315 3801 1389 βδε-

437 1413 726 1478 seriam,o
753 1413 1063 1468 immunde
1096 1416 1151 1466 et
1173 1410 1423 1483 profane
1455 1416 1727 1481 tyranne,
1750 1412 1915 1483 quod
1945 1414 2043 1469 Phr

2204 1417 2463 1488 λυρώτατε
2520 1419 2748 1489 τύραννε,
2809 1415 2887 1464 ὅτι
2945 1414 3207 1471 ψωτεινός,
3279 1414 3335 1459 τὸ
3400 1407 3584 1483 βραχύ
3647 1417 3804 1459 τούτο

436 1504 593 1557 tinus
652 1518 867 1573 parvus
922 1501 1019 1556 hic
1069 1501 1418 1556 adolescens
1448 1501 1529 1554 tui
1568 1500 1801 1571 imperii
1854 1502 2042 1572 freger

2202 1509 2490 1579 μειράκιον,
2548 1503 2823 1555 κατέλυσεν
2872 1506 2963 1558 τὴν
3018 1499 3288 1571 βασιλείαν
3324 1514 3337 1563 ;
3371 1501 3428 1548 τό
3471 1499 3569 1569 γὰρ
3604 1500 3802 1548 τοσαύ-

436 1592 753 1647 audaciam
780 1591 807 1645 ?
845 1590 1007 1647 Talia
1047 1590 1204 1644 enim
1236 1595 1291 1644 et
1331 1596 1452 1644 tam
1480 1588 1666 1644 multa
1698 1590 1949 1645 subiisse
1978 1596 2042 1647 to

2203 1616 2293 1658 τας
2346 1600 2434 1648 καὶ
2487 1593 2802 1652 τηλικαύτας
2857 1592 3149 1647 ὑποστῆναι
3180 1586 3465 1659 βασάνους,
3512 1586 3804 1647 κατάλυσις

434 1688 657 1745 menta,
717 1685 803 1735 est
857 1680 935 1735 tui
985 1679 1377 1734 crudelissimi
1440 1679 1671 1750 imperii
1737 1679 2040 1735 confractic

2205 1696 2298 1749 τῆς
2345 1695 2439 1747 σῆς
2494 1684 2762 1755 ὠμότατης
2805 1679 3075 1752 βασιλείας
3130 1682 3289 1729 ἐστίν·
3334 1686 3437 1735 πῶς
3487 1681 3656 1726 τοίνυν
3697 1681 3803 1727 πᾶ-

434 1769 748 1832 Quomodo
804 1784 945 1838 ergo
997 1768 1333 1823 universam
1391 1774 1655 1823 nostram
1734 1768 2040 1840 phalange]

2207 1798 2300 1830 σαν
2344 1779 2487 1847 ἡμῶν
2538 1770 2833 1845 διαρρήξεις
2888 1774 2981 1826 τὴν
3023 1768 3279 1838 φάλαγγα,
3340 1767 3652 1825 τοσαυτάκις
3696 1766 3801 1817 ὑπό

430 1858 703 1928 frangere
743 1858 979 1929 poteris,
1021 1859 1125 1929 qui
1154 1873 1188 1913 a
1215 1857 1439 1912 tantillo
1497 1857 1868 1913 adolescente
1921 1860 2036 1913 fuci

2203 1864 2568 1940 μειρακυλλίου
2617 1860 2922 1917 τηλικούτου
2990 1860 3334 1920 καταπεσων;
3381 1856 3651 1926 Θυμωθεὶς
3705 1855 3798 1905 οὖν

431 1952 747 2018 superatus
776 1948 804 2001 ‘?
834 1948 1077 2017 Propter
1108 1948 1233 2001 haec
1278 1946 1459 2001 verba
1488 1947 1574 2001 ira
1627 1947 1880 2017 percitus
1917 1949 2032 2003 scel

2203 1957 2287 2009 ἐπὶ
2340 1961 2445 2015 τοῖς
2485 1954 2740 2009 τοιούτοις
2794 1947 3115 2019 Μαξιμιανὸς
3170 1947 3194 1995 ὁ
3247 1947 3548 2016 παμμίαρὸς
3624 1945 3801 2017 ῥήμα-

429 2043 593 2091 ratus
613 2036 1022 2102 Maximianus,
1054 2041 1108 2090 et
1139 2035 1485 2091 ardentibus
1520 2051 1656 2090 eum
1690 2037 1923 2091 intuens
1958 2054 2028 2093 oc

2206 2066 2308 2107 σιν,
2362 2050 2449 2094 καὶ
2502 2045 2735 2113 πυρίνοις
2803 2037 2953 2089 αὑτὸν
3003 2033 3436 2109 περιϐλεψάμενος
3493 2032 3794 2103 ὀφθαλμοῖς,

429 2126 525 2189 lis,
561 2124 886 2179 etstridens
917 2124 976 2177 in
999 2139 1138 2178 eum
1160 2123 1457 2187 dentibus,
1508 2125 1786 2179 etvolens
1816 2133 2035 2181 sanctu.

2203 2138 2387 2209 τρίζων
2436 2131 2551 2183 κατ’
2595 2130 2753 2180 αύτού
2799 2131 2913 2186 τούς
2960 2122 3179 2185 ὀδόντας
3221 2129 3308 2174 καὶ
3349 2121 3653 2195 βουλόμενος
3700 2119 3800 2180 δῆ-

428 2218 484 2267 et
508 2213 751 2268 beatum
776 2213 983 2269 Christi
1022 2220 1349 2283 martyrem
1380 2213 1727 2269 Mauricium
1764 2216 1974 2270 acerbe
2011 2233 2034 2271 ι

2205 2225 2283 2274 θεν
2338 2227 2422 2272 τόν
2490 2221 2869 2292 τρισμακάριον
2943 2217 3227 2286 Μαυρίκιοδ
3287 2220 3479 2285 πικρῶς
3553 2209 3796 2282 ἀνταμεί-

428 2301 592 2367 cisci,
617 2302 786 2371 jubet
816 2302 1182 2373 spiculatori,
1207 2306 1267 2356 ut
1285 2310 1421 2358 ante
1461 2303 1665 2357 oculos
1694 2306 1877 2374 patris
1900 2306 2034 2360 ﬁliu,

2199 2312 2425 2382 φάσθαι,
2481 2309 2670 2360 κελεύει
2720 2314 2791 2373 τῷ
2869 2301 3255 2375 σπεκουλάτωρι
3327 2299 3438 2350 κατ’
3500 2298 3796 2370 ὀφθαλμούς

428 2390 706 2446 conﬁciat
734 2396 789 2446 et
818 2391 1071 2459 occidat,
1104 2393 1185 2445 Eo
1231 2392 1432 2462 itaque
1464 2400 1775 2462 praesente,
1810 2399 1864 2448 et
1898 2395 2034 2448 filim

2195 2409 2286 2452 τοῦ
2318 2402 2507 2471 πατρὸς
2556 2394 2998 2470 διαχειρίσασθαι
3046 2396 3130 2442 τὸν
3162 2386 3351 2453 παῖδα,
3407 2393 3495 2440 καὶ
3536 2394 3792 2460 παρόντος

426 2479 769 2552 aspiciente,
810 2481 938 2550 ejus
969 2485 1150 2550 caput
1181 2480 1439 2536 abscidit
1472 2482 1813 2552 spiculator.

2195 2490 2353 2540 αὑτοῦ
2393 2492 2481 2538 καὶ
2541 2488 2789 2556 θεωμένου
2862 2486 2946 2532 τόν
3003 2483 3113 2531 υἱόν
3162 2483 3255 2536 την
3331 2480 3511 2530 τούτου
3567 2477 3793 2548 κεφαλὴν

2195 2577 2462 2649 ἀποτεμεῖν
2473 2618 2484 2629 .

501 2656 609 2713 XII.
634 2657 781 2713 Cum
803 2671 944 2727 ergo
971 2657 1083 2713 hoc
1106 2657 1290 2713 modo
1311 2657 1643 2713 beatissimi
1664 2658 1892 2713 Photini
1910 2667 2090 2731 caput

2266 2666 2361 2719 lB'.
2413 2667 2586 2734 Τούτῳ
2636 2668 2805 2714 τοίνυν
2854 2667 2924 2729 τῷ
2980 2664 3152 2730 τρόπῳ
3202 2662 3451 2708 Φωτεινου
3509 2662 3598 2707 τού
3651 2674 3794 2728 τρισ-

431 2747 844 2803 venerandum
876 2746 1085 2801 fuisset
1123 2753 1524 2817 amputatum,
1555 2748 1720 2818 isque
1761 2748 2037 2819 pulchrei

2193 2760 2453 2828 μακαρίου
2511 2757 2605 2811 τὴν
2654 2751 2873 2822 κεφαλὴν
2915 2748 3301 2818 ἀποτμηθέντος
3348 2749 3436 2795 καὶ
3490 2748 3581 2802 τὴν
3629 2745 3792 2801 καλὴν

435 2837 689 2906 gloriose
723 2837 1038 2908 migrasset
1082 2836 1161 2891 ad
1204 2837 1544 2902 Dominum,
1578 2837 1724 2891 dixit
1766 2839 2041 2908 praeclara

2193 2842 2448 2915 ἐκδημίαν
2504 2846 2628 2914 πρός
2684 2844 2811 2893 Θεὸν
2861 2835 3279 2908 ἐκδημήσαντος,
3359 2837 3663 2904 Μαυρίκιος,
3767 2836 3793 2883 ό

429 2925 776 2981 Mauricius:
814 2928 1091 2979 Nostrum
1131 2925 1493 2980 desiderium
1534 2925 1872 2995 implevisti,
1926 2944 1960 2983 ο
2004 2935 2035 3000 ιε

2194 2931 2453 3004 ἀοίδιμος,
2510 2934 2624 3002 ἔφη·
2703 2927 3040 3000 Ἐπλὴρωσας
3121 2927 3261 2995 ημων
3329 2928 3421 2979 την
3488 2922 3790 2994 ἐπιθυμίαν,

427 3029 636 3079 ranne,
672 3019 724 3068 et
763 3013 837 3069 de
873 3020 1085 3068 caetero
1120 3012 1361 3067 ﬁrmum
1393 3019 1449 3071 et
1474 3014 1747 3069 stabilem
1788 3017 2033 3071 habemt

2191 3026 2420 3097 τύραννε,
2470 3026 2560 3070 καὶ
2611 3020 2786 3069 λοιπόν
2845 3014 3054 3088 βέϐαιον
3109 3012 3439 3082 ἐκτησάμεθα
3490 3016 3575 3063 τόν
3637 3013 3793 3083 ούρά-

429 3118 671 3158 cursum
693 3102 1011 3158 cmlestem.
1036 3104 1173 3166 Quis
1196 3104 1352 3157 enim
1379 3119 1449 3157 ex
1472 3110 1679 3158 nostra
1702 3106 2035 3162 multitudin

2192 3131 2297 3162 νιον
2342 3107 2553 3181 δρόμον·
2607 3114 2685 3167 τίς
2729 3110 2827 3177 γὰρ
2860 3105 2914 3156 ἐκ
2955 3113 3048 3164 τῆς
3088 3105 3340 3174 ἡμετέρας
3390 3099 3618 3162 ἀνέξεται
3658 3100 3791 3157 πλη-

430 3192 747 3246 sustinebit
796 3190 1061 3262 superari
1106 3206 1141 3245 a
1192 3190 1442 3246 Photino
1501 3190 1713 3247 Christi
1739 3193 1938 3259 milite,
1977 3213 2036 3268 qi

2195 3204 2313 3261 θύος
2359 3200 2511 3256 ἧττον
2552 3204 2770 3268 φανῆναι
2807 3204 2895 3245 του
2951 3200 3182 3266 Χριστόν
3240 3197 3555 3255 στρατιώτου
3601 3196 3789 3241 Φωτει-

427 3281 705 3350 migravit
725 3281 785 3334 in
817 3280 1055 3346 coelum,
1083 3284 1138 3334 et
1164 3280 1393 3349 pudore
1423 3280 1618 3335 affecit
1648 3288 1877 3352 patrem
1912 3291 2033 3341 tuui

2189 3302 2296 3358 νου,
2344 3300 2433 3343 τοῦ
2508 3294 2633 3365 πρός
2682 3287 2897 3358 ούρανὸν
2966 3279 3364 3352 ἐκδημήσαντος
3420 3285 3509 3330 καὶ
3556 3285 3640 3330 τόν
3692 3282 3788 3330 σὸν

427 3369 739 3425 diabolum
773 3368 799 3422 ?
830 3368 916 3422 Ad
948 3369 1074 3424 haec
1106 3368 1319 3438 majori
1363 3370 1562 3425 studio
1609 3379 1663 3425 et
1701 3376 2033 3430 contention

2190 3386 2387 3455 πατέρα
2429 3379 2882 3448 καταισχύναντος
2933 3371 3172 3424 διάϐολον
3209 3388 3221 3437 ;
3265 3372 3396 3444 Πρός
3445 3376 3611 3420 ταὺτα
3641 3367 3788 3432 φιλο-

432 3464 859 3515 tormentorum
894 3457 953 3512 in
985 3473 1096 3512 nos
1127 3458 1399 3527 excogita
1429 3460 1747 3526 cruciatus,
1782 3467 1839 3517 et
1869 3464 2010 3519 nihil

2186 3476 2368 3541 τίμους
2418 3478 2516 3523 τῶν
2595 3466 3024 3539 βασανιστηρίων
3080 3459 3266 3511 ἐπινόει
3320 3460 3434 3509 καθ’
3490 3459 3632 3530 ἡμῶν
3690 3460 3786 3519 τὰς

425 3553 480 3603 te
512 3547 991 3620 praetermittatur
1028 3562 1237 3602 eorum
1275 3563 1411 3618 quae
1445 3549 1702 3619 probant
1732 3566 1809 3606 an
1835 3552 2031 3610 ﬁrmat

2186 3561 2422 3621 κολάσεις
2475 3562 2564 3610 καὶ
2606 3553 2770 3629 μηδέν
2830 3572 2913 3605 σοι
2968 3550 3350 3623 παραλελείφθω
3405 3556 3503 3599 τῶν
3563 3544 3787 3619 δοκιμα-

424 3642 480 3693 et
509 3636 883 3692 immobilem
924 3636 1108 3691 ﬁdem
1160 3636 1388 3693 Christo
1437 3653 1764 3696 servemus.
1816 3643 2029 3706 Quand

2189 3654 2375 3713 ζόντων
2427 3652 2564 3721 ἡμᾶς
2615 3647 2658 3698 εἰ
2712 3644 2926 3717 βεϐαίαν
2976 3650 3047 3710 τῷ
3103 3647 3316 3712 Χριστῷ
3362 3641 3451 3688 καὶ
3495 3636 3783 3689 ἀσάλευτον

421 3732 622 3782 autem
668 3726 813 3781 vidit
842 3726 1233 3781 Maximianus
1264 3732 1498 3781 sanctos
1532 3728 1739 3784 Christi
1777 3738 2027 3805 martyre

2185 3745 2277 3797 τὴν
2330 3744 2507 3791 πίστιν
2559 3734 3034 3809 παραφυλάττομεν.
3084 3728 3206 3779 Ὀτε
3245 3727 3330 3779 οὖν
3376 3723 3506 3778 εἶδεν
3543 3728 3567 3776 ό
3623 3726 3786 3789 Μαξί-

418 3821 697 3888 prompto
730 3821 784 3872 et
822 3814 1000 3871 alacri
1040 3816 1242 3871 animo
1298 3816 1710 3887 perpetientes,
1764 3826 1820 3876 et
1850 3828 2024 3879 recta:

2186 3832 2366 3900 μιανός
2417 3833 2536 3887 τούς
2590 3825 2767 3895 ἁγίους
2813 3829 2902 3873 τού
2970 3825 3196 3891 Χριστοῦ
3250 3819 3514 3889 μάρτυρας
3588 3814 3633 3866 ἐν
3693 3815 3785 3887 βε-

421 3922 594 3961 suam
610 3906 791 3960 fidem
809 3919 931 3959 non
952 3905 1312 3968 deserentes,
1333 3911 1661 3962 convocato
1680 3924 1789 3964 suo
1805 3911 2027 3968 belluin

2186 3922 2313 3989 ὄαίῳ
2367 3923 2738 3991 καρτεροῦντας
2790 3915 2877 3962 καὶ
2905 3918 2994 3968 τῆς
3038 3908 3204 3959 αὐτῶν
3254 3906 3413 3977 ὀρθῆς
3443 3904 3500 3955 οὑ
3530 3906 3782 3975 μεθιστα-

419 4001 475 4050 et
497 3996 831 4049 inhumano
863 3999 1090 4056 senatu,
1130 4009 1266 4047 cum
1299 3995 1382 4048 eis
1421 3996 1819 4065 consultabat,
1864 4016 2025 4071 queu

2182 4013 2364 4079 μένους
2418 4011 2654 4068 πίστεως,
2718 3999 3168 4072 συγκαλεσάμενος
3237 3995 3395 4047 αύτού
3452 3998 3545 4052 τὴν
3616 3992 3782 4045 ἀπάν-

416 4084 748 4139 admodum
792 4088 1028 4138 sanctos
1060 4088 1351 4152 martyres
1400 4090 1584 4139 morte
1616 4086 1875 4145 afﬁceret
1913 4108 2016 4148 ace

2184 4099 2382 4169 θρωπον
2432 4094 2748 4165 σύγκλητον,
2794 4088 3080 4141 ἐϐουλεύετο
3128 4086 3236 4158 μετ’
3290 4085 3475 4149 αὐτῶν,
3509 4092 3613 4143 πῶς
3657 4088 3782 4144 τοὺς

414 4171 683 4240 bissima,
708 4189 813 4243 per
840 4188 994 4244 quos
1016 4178 1300 4226 terrorem
1327 4171 1561 4227 afferret
1583 4177 1943 4243 Christianis,
1966 4198 2020 4252 qi

2180 4185 2357 4256 ἁγίους
2401 4187 2600 4253 θανάτῳ
2648 4182 2940 4253 πικροτάτῳ
2974 4174 3232 4239 διάθοιτο,
3288 4170 3357 4225 δι’
3399 4174 3465 4223 ὧν
3507 4178 3625 4234 τούς
3678 4174 3781 4225 ἀνὰ

415 4267 582 4316 erant
620 4263 679 4315 in
723 4268 842 4316 toto
873 4260 1015 4315 orbe
1062 4266 1369 4323 terrarum,
1413 4269 1468 4315 et
1514 4262 1787 4332 efficeret,
1824 4275 1886 4322 ut
1927 4271 2021 4326 det

2180 4282 2351 4327 πᾶσαν
2395 4278 2486 4331 τὴν
2547 4273 2846 4342 οἰκουμένην
2908 4272 3249 4341 Χριστιανούς
3302 4262 3625 4334 ἐκφοϐησειεν
3684 4270 3780 4316 καὶ

414 4355 613 4403 cerent
647 4365 682 4403 a
714 4356 920 4404 sancta
963 4356 1019 4404 et
1066 4349 1213 4404 nulli
1245 4349 1407 4405 afﬁni
1446 4352 1891 4422 reprehensioni
1940 4361 2019 4414 rel

2178 4374 2270 4426 τῆς
2322 4364 2605 4437 ἀμωμήτου
2640 4363 2923 4435 θρησκείας
2954 4356 3257 4413 ἀποστῆσαι
3306 4354 3772 4427 παρασκευάσειεν.

413 4437 591 4509 gione
624 4438 1109 4494 Christianorum.
1138 4443 1448 4495 Tunccum
1480 4442 1594 4513 ipsi
1615 4448 1804 4499 multa
1835 4463 2019 4504 consu

2180 4453 2263 4516 Εἷς
2302 4451 2387 4506 οὑν
2440 4462 2537 4505 τῶν
2593 4450 2929 4503 συνελθόντων
2980 4444 3025 4496 ἐν
3072 4453 3132 4516 τῇ
3189 4442 3484 4514 συγκλήτῳ,
3536 4442 3657 4516 prtia
3685 4462 3776 4495 πι-

411 4533 655 4597 tassent,
695 4534 747 4583 et
777 4528 931 4583 alius
969 4529 1085 4584 alia
1114 4529 1428 4585 dixissent:
1471 4532 1720 4602 quidam
1752 4550 1820 4589 ex
1862 4538 1932 4591 iis
1960 4556 2017 4612 qi

2178 4555 2327 4618 κρίας
2379 4545 2631 4615 ὑπάρχων
2692 4544 2780 4591 καὶ
2834 4540 3086 4610 πανηρίας
3143 4536 3356 4604 καρπὸς,
3420 4536 3509 4582 καὶ
3594 4535 3774 4595 πάσης

408 4616 470 4671 in
502 4623 773 4672 senatum
808 4624 1232 4685 convenerant,
1260 4619 1361 4690 qui
1384 4625 1508 4675 erat
1526 4622 1689 4676 radix
1707 4626 2009 4686 acerbitati

2176 4616 2383 4693 ἀδικίας
2432 4635 2853 4702 πολυφορωτατον
2903 4622 3139 4699 δένδρον,
3192 4621 3520 4674 συνεϐούλευε
3564 4629 3632 4690 τῷ
3682 4641 3775 4673 τυ-

409 4711 465 4760 et
502 4704 729 4761 fructus
761 4707 1060 4777 nequitiae,
1092 4712 1148 4762 et
1179 4708 1441 4778 cujusvis
1472 4709 1710 4766 alterius
1743 4715 1981 4773 malitias
2009 4742 2015 4772 ι

2171 4728 2335 4798 ράννῳ
2383 4722 2559 4793 λέγων·
2605 4720 2662 4771 Ὀ
2721 4722 2823 4789 μὴν
2877 4712 3027 4775 οὗτος
3083 4715 3345 4770 καύσωνός
3403 4713 3514 4761 ἐστι
3566 4716 3767 4783 καιρός*

404 4794 712 4864 injustitiaa
767 4796 945 4850 arbor
992 4796 1381 4863 feracissima,
1434 4801 1733 4857 consuluit
1780 4810 2010 4876 tyranm

2171 4817 2388 4884 πάνεμος
2434 4814 2534 4883 γὰρ
2592 4813 2694 4880 μὴν
2766 4811 3054 4863 τηνικαῦτα
3121 4805 3456 4857 καθέστηκεν·
3515 4802 3771 4871 παράκει-

405 4882 609 4938 dicens
636 4899 647 4937 :
681 4885 1030 4955 Imperator,
1059 4886 1154 4940 hic
1183 4888 1405 4942 mensis
1428 4894 1513 4944 est
1542 4894 1775 4964 tempus
1811 4898 2011 4953 maxin

2166 4922 2253 4955 ται
2317 4898 2373 4953 δε
2439 4900 2533 4960 ἔξω
2601 4904 2695 4957 τῆς
2753 4894 2938 4953 πόλεως
2994 4896 3127 4943 κατά
3200 4894 3257 4941 τὸ
3308 4888 3518 4942 δυτικόν
3564 4888 3764 4959 κλῆμα,

404 4978 583 5028 assth
606 4978 753 5042 (erat
784 4973 942 5028 enim
966 4978 1104 5029 tunc
1133 4975 1354 5030 mensis
1374 4976 1604 5049 Julius),
1633 4982 1775 5036 situs
1802 4991 1887 5040 est
1916 5003 2010 5042 ver

2163 4991 2354 5062 μεταξύ
2406 4997 2505 5041 τῶν
2558 4988 2936 5059 προσκειμένων
2986 4985 3179 5039 ταύτην
3236 4977 3331 5031 δύο
3372 4986 3616 5049 ποταμῶν
3668 4984 3764 5029 καὶ

402 5069 566 5117 extra
595 5064 894 5118 civitatem
925 5080 1125 5118 versus
1157 5065 1523 5121 occidentem
1550 5070 1699 5125 inter
1738 5071 1914 5140 duos,
1950 5093 2008 5148 qi

2163 5088 2252 5139 τῆς
2298 5078 2496 5149 λίμνης,
2551 5081 2701 5135 τόπος
2750 5073 2933 5145 ὁμαλός
2991 5074 3079 5142 μεν
3130 5077 3189 5141 τῇ
3241 5071 3395 5133 θέσει,
3450 5072 3650 5138 χόρτου
3701 5063 3767 5118 δε

399 5159 642 5223 propter
672 5170 804 5209 eam
848 5153 939 5206 siti
972 5158 1127 5219 sunt,
1165 5153 1379 5209 ﬂuvios
1408 5162 1463 5211 et
1490 5157 1709 5226 lacum,
1742 5160 1909 5218 locus
1952 5182 2005 5237 ρι

2162 5173 2245 5219 καὶ
2289 5168 2442 5227 λυτῆς
2495 5166 2615 5225 ὑλης
2668 5166 2878 5236 ἀπείρου
2937 5163 3146 5233 μεστός,
3189 5160 3241 5209 ὃν
3300 5159 3349 5209 οἱ
3398 5156 3626 5208 ἐντόπιοι
3672 5156 3766 5228 ρό-

398 5242 580 5329 situra
597 5243 841 5312 quidem
871 5242 1105 5312 planus,
1131 5243 1265 5297 feno
1298 5251 1495 5300 autem
1515 5248 1725 5318 plenus
1745 5257 1801 5305 et
1822 5254 2004 5309 inﬁnil

2158 5278 2255 5329 γαν
2299 5257 2705 5327 ἐπονομάζουσιν
2756 5248 2849 5303 διὰ
2894 5254 2950 5301 τό
3009 5258 3219 5321 σφηκῶν
3276 5252 3365 5299 καὶ
3413 5246 3761 5319 χαλκομυιών

396 5328 512 5383 alia
544 5332 1023 5402 materia,quem,
1057 5332 1159 5403 qui
1186 5333 1245 5386 in
1276 5348 1344 5387 eo
1366 5333 1497 5389 loco
1519 5336 1807 5405 habitant,
1836 5358 2002 5398 vocat

2159 5350 2342 5418 πικρόν
2395 5352 2718 5416 καταγώγιον
2771 5344 3046 5413 ὑπάρχων,
3106 5344 3360 5390 κωνώπων
3407 5355 3459 5389 τε
3498 5341 3585 5387 καὶ
3616 5355 3765 5387 σκνι-

396 5419 645 5484 Rogam,
666 5426 979 5489 propterea
995 5421 1156 5491 quod
1182 5421 1253 5476 sit
1267 5439 1581 5494 vesparum
1598 5442 1665 5481 ac
1685 5429 2002 5488 crabronui

2159 5447 2263 5489 πων
2332 5437 2724 5509 πεπληρωμένον
2808 5435 3024 5503 χωρίον,
3103 5429 3186 5487 οὑς
3283 5424 3404 5479 οὐδὲ
3484 5428 3756 5499 napi-iiii}:

396 5506 678 5594 acerbum
710 5508 1314 5583 habitaculum,quos
1348 5514 1591 5569 meridie
1622 5531 1695 5572 ne
1716 5517 1886 5575 facile
1908 5537 2002 5594 qui

2159 5547 2270 5578 τινα
2321 5522 2609 5585 ἀκινδύνως
2674 5521 2720 5573 ἐν
2773 5520 3077 5593 μεσημϐρίᾳ
3156 5520 3471 5574 καθέστηκεν
3539 5510 3751 5588 ῥᾴδιον·

394 5593 529 5655 dem
553 5600 741 5671 potest
769 5596 983 5671 aliquis
1004 5600 1250 5658 transire
1271 5601 1395 5659 sine
1411 5604 1694 5677 periculo.
1725 5608 1876 5668 Jube
1907 5593 2000 5687 erg

2156 5616 2391 5669 κέλευσον
2434 5611 2520 5667 οὑν
2572 5614 2864 5687 χρισθῆναι
2913 5610 3026 5683 μέλι
3070 5611 3134 5661 τά
3186 5612 3406 5681 σώμαόα
3458 5604 3625 5657 αὐτῶν
3674 5622 3750 5657 κα
