4066 6224
244 321 335 377 369

1294 317 1458 378 VITA
1498 317 1600 375 SS.
1641 315 1966 372 MAURITII
2009 315 2094 374 ET
2132 317 2525 380 SOCIOBUM.

3481 323 3584 383 370

237 445 278 498 ἐν
333 445 480 517 αύτῷ
529 441 874 517 δεσμευθῆναι
910 446 1177 516 ζωῦφίοις,
1227 447 1316 496 καὶ
1365 443 1412 495 ἐν
1460 446 1621 515 ταύτῃ
1662 462 1808 494 κατα¹

1942 457 2148 500 eorum
2206 460 2460 518 corpora
2507 447 2649 516 ungi
2679 445 2870 512 melle,
2904 450 2958 503 et
2981 446 3042 502 in
3072 461 3143 502 eo
3182 443 3585 518 alligabuntur

230 535 484 606 λήψονται
528 537 726 586 πάντων
772 543 870 587 τῶν
909 533 1281 608 προλαϐουσῶν
1329 531 1572 606 βασάνων
1601 529 1827 602 ἀλγεινό·

229 643 367 696 τερον
427 625 652 698 ὄλεθρον,
710 630 802 676 καὶ
853 630 1140 694 γνώσονται
1194 629 1265 695 μη
1325 622 1652 694 βλασφημεῖν
1709 623 1829 680 τούς

228 713 462 772 αἰωνίους
514 715 654 784 ἡμῶν
688 715 852 778 θεοὺς,
897 719 985 765 καὶ
1028 717 1080 766 τί
1109 717 1166 764 τὸ
1201 709 1442 786 βαδίζειν
1473 715 1566 768 τὴν
1598 709 1827 762 ἐναντίαν

228 809 333 861 τοῖς
364 800 680 872 βασιλεῦσιν
709 799 829 854 ὁδόν
854 807 968 865 τούς
1000 802 1366 875 τολμήσαντας
1386 805 1614 860 ὤνησαν.

293 892 392 948 ΙΓ¹,
439 897 546 944 Καὶ
600 897 781 966 ἤρεσεν
837 895 893 944 τὸ
939 894 1084 966 ῥῆμα
1127 899 1215 944 καὶ
1273 893 1301 949 ἡ
1355 890 1517 964 βουλὴ
1570 890 1700 946 αὕτη
1757 899 1825 962 τῷ

231 979 442 1051 βασιλεῖ
469 985 561 1033 καὶ
590 985 734 1054 πάσῃ
769 991 828 1054 τῇ
883 981 1156 1054 συγκλήτῳ
1187 1004 1198 1014 ·
1229 986 1319 1033 καὶ
1369 979 1559 1033 κελεύει
1611 982 1635 1031 6
1669 983 1826 1052 βασι-

225 1071 336 1132 λεὺς
393 1073 562 1142 ταύτῃ
625 1080 686 1144 τῇ
747 1077 972 1144 τιμωρίᾳ
1025 1073 1204 1132 αύτούς
1244 1067 1632 1144 παραδοθῆναι.
1675 1067 1826 1122 Οἰδὲ

227 1168 316 1220 τῆς
355 1156 578 1222 ἀδικίας
625 1163 878 1233 ὑπηρέται
923 1168 1016 1219 τὴν
1065 1161 1394 1233 μεσημϐρίαν
1443 1165 1820 1226 σκοπήσαντες,

224 1257 308 1302 καὶ
347 1254 534 1325 καιρόν
592 1252 806 1325 ἠρεμίας
860 1251 1282 1324 ἐπιτηρήσαντες,
1337 1251 1385 1303 ἐν
1517 1259 1678 1311 πνοῆς
1719 1249 1824 1301 ἀνέ-

224 1360 326 1410 μων
383 1339 706 1412 ἀμοιροῦντα
758 1349 856 1392 τῶν
903 1342 1138 1412 ξωῦφίων
1185 1345 1250 1392 τά
1279 1341 1444 1398 πληθη
1492 1341 1822 1411 τυγχάνουσι

226 1437 322 1490 τοῖς
353 1434 786 1502 παρεμπίπτουσι
845 1437 1060 1500 σώμασι
1113 1427 1328 1502 βαθεῖαν
1367 1434 1458 1487 την
1505 1437 1686 1502 τρῆσιν
1732 1433 1822 1480 καὶ

225 1513 480 1568 ἐπώδυνον
570 1517 954 1590 ἀπεργάζονται
1013 1539 1023 1550 ·
1086 1513 1343 1578 δήσαντες
1407 1517 1622 1569 ἁλύσεσι
1709 1521 1821 1576 τοὺς

223 1603 394 1676 ἁγίους
425 1613 730 1678 κατήγαγον
775 1607 840 1668 εἰς
891 1612 980 1658 τόν
1029 1613 1182 1658 τόπον
1229 1612 1318 1658 καὶ
1362 1603 1578 1678 δίυγρον
1624 1605 1820 1668 ἐκλεξάο

222 1714 350 1764 μενοι
429 1701 614 1762 τόπον,
713 1695 902 1768 ἀεννάῳ
979 1703 1121 1766 πηγή
1211 1701 1604 1768 παρακείμενον,
1657 1694 1708 1758 ἐξ
1761 1695 1819 1756 ἧς

1941 533 2322 601 animalcula,
2355 540 2418 590 ut
2454 535 2510 590 in
2544 535 2657 590 hoc
2685 535 2951 591 cruciatu
2991 534 3242 591 sentiant
3282 538 3582 595 interitum

1938 625 2273 692 graviorem
2299 625 2607 680 tormentis
2639 624 2939 688 omnibus,
2973 640 3108 697 quae
3131 633 3579 696 praecesserunt,

1938 717 1994 768 et
2045 719 2428 782 cognoscant,
2477 729 2597 770 non
2636 729 2765 769 esse
2805 713 3134 770 maledictis
3187 713 3580 770 incessendos
3667 780 3678 786 _

1937 801 2184 858 invictos
2210 811 2444 859 nostros
2476 807 2530 860 et
2569 807 2814 860 aeternos
2845 803 3014 859 deos.

2011 901 2146 956 Xlll.
2189 901 2318 956 Heec
2368 917 2508 972 ergo
2534 917 2669 956 cum
2702 901 2945 956 dixisset
2975 900 3274 972 pessimus
3313 904 3367 957 et
3406 901 3583 956 scele-

1935 991 2269 1047 ratissimus
2295 990 2392 1048 ille
2425 993 2677 1055 senator,
2705 991 2831 1062 ejus
2869 990 3185 1046 consilium
3213 989 3436 1061 placuit
3475 991 3582 1046 im-

1935 1082 2190 1150 peratori
2215 1084 2270 1136 et
2293 1081 2571 1136 universo
2594 1079 2842 1142 senatui,
2865 1085 2920 1135 et
2939 1081 3108 1150 jubet
3132 1079 3456 1150 imperator
3476 1095 3579 1134 eos

1935 1169 2084 1224 tradi
2127 1169 2258 1224 huic
2287 1169 2598 1240 supplicio.
2634 1167 2781 1223 Cum
2813 1169 3010 1240 itaque
3043 1168 3344 1224 meridiem
3380 1168 3580 1224 obser-

1934 1263 2178 1314 vassent
2209 1259 2460 1314 ministri
2489 1257 2841 1330 iniquitatis,
2874 1261 3182 1330 ettempus
3205 1256 3572 1328 quietum,in

1933 1348 2226 1419 quo,ﬂatu
2253 1355 2560 1403 ventorum
2588 1347 2846 1402 carentia
2871 1347 3174 1412 animalia,
3204 1345 3574 1418 corporibus,

1931 1453 2062 1509 quas
2091 1437 2379 1500 incidunt,
2423 1451 2659 1505 gravem
2703 1441 2759 1490 et
2799 1435 3112 1491 molestam
3152 1433 3416 1490 efficiunt
3453 1451 3578 1506 per-

1931 1526 2303 1591 forationem,
2334 1525 2558 1580 catenis
2587 1525 2812 1580 vinctos
2847 1524 3219 1579 deduxerunt
3248 1526 3486 1579 sanctos
3515 1523 3576 1578 in

1929 1615 2092 1687 prius
2124 1614 2558 1670 dictumlocum
2587 1628 2600 1669 :
2625 1617 2842 1668 etcum
2867 1612 3155 1668 obiissent
3180 1615 3234 1668 et
3259 1611 3576 1680 elegissent

1927 1703 2124 1758 locum
2147 1703 2488 1771 humidum,
2513 1703 2690 1757 situm
2714 1717 2901 1774 prope
2927 1701 3150 1758 fontem
3169 1715 3494 1772 perennem
3519 1705 3576 1754 et

229 1781 408 1842 ἰλυώδη
457 1785 694 1856 τέλματα
743 1791 934 1858 πέφυκε
986 1791 1242 1858 γίνεσθαι,
1290 1787 1350 1838 οὗ
1402 1792 1490 1839 καὶ
1529 1785 1808 1858 ἐπιχωριά-

1926 1793 2227 1857 limosum,
2271 1809 2342 1848 ex
2380 1807 2500 1864 quo
2540 1791 2738 1846 enasci
2769 1791 2960 1846 solent
2987 1791 3219 1847 limosas
3249 1790 3480 1846 lacunae
3519 1793 3574 1844 et

235 1875 322 1934 ζειν
373 1874 512 1945 φιλεῖ
571 1877 597 1932 ἡ
655 1884 754 1927 τῶν
812 1875 1201 1950 προρρηθέντων
1279 1877 1516 1948 ζωῦφίων
1590 1875 1809 1938 πληθὺς,

221 1966 428 2034 χρίουσι
481 1967 581 2034 μὲν
635 1973 732 2016 τῶν
786 1965 944 2036 ἁγίων
985 1966 1098 2039 μέλι
1145 1969 1208 2017 τά
1245 1971 1397 2036 τίμια
1450 1973 1686 2037 σώματα,
1733 1961 1813 2016 δε-

224 2059 404 2120 σμοῦσι
447 2050 510 2105 δὲ
557 2051 750 2126 βιαίως
790 2054 960 2118 ξύλοις
1007 2057 1142 2106 κατά
1189 2059 1274 2107 τόν
1328 2055 1481 2106 αὐτόν
1531 2060 1705 2116 τόπον,
1737 2055 1813 2128 ῥί-

219 2138 392 2208 ψαντες
439 2147 540 2194 καὶ
588 2147 646 2194 τό
695 2149 865 2214 τίμιον
912 2153 1062 2216 σῶμα
1111 2151 1384 2213 Φωτεινοῦ,
1423 2152 1512 2196 τοῦ
1564 2141 1810 2214 ἀοιδίμου

215 2231 486 2304 μάρτυρος,
551 2237 650 2305 πρὸ
690 2239 969 2306 προσώπου
1025 2241 1114 2285 τοῦ
1163 2235 1323 2285 αὐτοῦ
1379 2236 1574 2307 πατρὸς
1629 2238 1814 2305 Μαυρ-

218 2323 320 2369 κίου
377 2329 468 2372 τοῦ
533 2329 893 2394 πανευφημου,
948 2325 1160 2394 μείζονα
1213 2329 1465 2395 τιμωρίαν
1517 2323 1570 2374 ἐκ
1627 2327 1808 2376 τούτου

219 2413 490 2480 προσάγειν
557 2411 698 2480 αύτῷ
746 2411 1088 2484 λογιζόμενοι.
1145 2419 1306 2465 Τοῦτο
1365 2413 1642 2486 πράξαντες
1715 2418 1808 2472 τὴν

213 2505 467 2568 ταχίστην
521 2499 888 2574 ἀνεχώρησαν,
922 2505 993 2572 μὴ
1041 2507 1271 2574 φέροντες
1320 2506 1412 2560 τὴν
1465 2511 1565 2554 τῶν
1598 2501 1807 2555 ἰοϐόλων

217 2587 438 2660 ζωύφίων
503 2589 820 2662 προσϐολὴν.
879 2595 1380 2664 Διακαρτερὴσαντες
1427 2588 1513 2642 οὖν
1561 2595 1609 2644 οἱ
1665 2592 1808 2664 ἅγιοι

217 2678 394 2750 ἡμέρας
449 2698 500 2730 τε
560 2685 650 2731 καὶ
706 2682 894 2741 νύκτας
944 2675 1091 2744 δέκα,
1161 2687 1224 2752 τῇ
1279 2688 1444 2754 πικρᾲ
1507 2685 1665 2754 ταύτῃ
1715 2687 1804 2733 καὶ

213 2763 500 2840 ἀνυποίστῳ
559 2765 798 2838 βασάνῳ,
855 2767 1198 2828 ἀνατείναντες
1245 2773 1304 2821 τὸ
1359 2773 1502 2841 ιῇαμα
1553 2775 1680 2840 πρὸς
1717 2776 1803 2824 τόν

211 2859 346 2920 Θεὸν,
412 2857 644 2919 ηὔξαντο
711 2856 938 2928 λέγοντες
995 2875 1006 2886 ·
1067 2861 1242 2930 Κύριε,
1302 2859 1326 2909 ό
1377 2863 1505 2919 Θεὸς
1557 2861 1722 2930 ἡμῶν,
1779 2863 1803 2911 ό

211 2951 380 3008 κτίσας
407 2948 560 3019 ἡμᾶς
613 2946 730 2998 κατ’
778 2947 948 2998 εἰκόνα
991 2952 1086 3005 σὴν
1138 2953 1226 2998 καὶ
1266 2949 1536 3019 ὁμοίωσιν,
1587 2955 1673 3002 καὶ
1713 2947 1800 3002 όὸο

212 3041 406 3104 vlgem;
442 3038 592 3108 ἡμᾶς
640 3039 769 3108 πρὸς
823 3041 914 3094 τὴν
964 3035 1240 3106 ἐπίγνωσιν
1287 3046 1376 3096 τῆς
1429 3047 1522 3098 σῆς
1564 3038 1802 3102 ἀληθείας

1923 1883 2262 1952 voragines,
2289 1881 2391 1936 ubi
2429 1881 2604 1936 etiam
2638 1881 2787 1936 solet
2816 1881 3030 1949 degere
3071 1878 3390 1934 multitudo
3419 1881 3574 1948 ejus-

1925 1974 2089 2028 modi
2120 1970 2640 2040 animalculorum,
2685 1969 2856 2026 melle
2886 1968 3133 2042 quidem
3165 1972 3392 2040 ungunt
3436 1981 3572 2022 san-

1924 2067 2148 2116 ctorum
2177 2061 2518 2116 veneranda
2534 2074 2820 2130 corpora:
2849 2058 3027 2126 lignis
3048 2061 3245 2113 autem
3268 2072 3368 2112 eos
3399 2055 3570 2111 vehe-

1924 2155 2152 2206 menter
2189 2149 2433 2219 alligant
2469 2149 2528 2202 in
2567 2163 2635 2202 eo
2673 2146 2826 2213 loco,
2856 2146 3143 2217 jacientes
3173 2146 3352 2201 etiam
3391 2159 3572 2200 vene-

1921 2239 2178 2296 randum
2198 2253 2416 2308 corpus
2439 2236 2640 2307 inclyti
2661 2235 2938 2307 martyris
2961 2234 3192 2290 Photini
3211 2237 3345 2290 ante
3359 2233 3570 2289 faciem

1919 2329 2104 2401 patris
2145 2327 2232 2382 sui
2272 2324 2566 2382 benedicti
2601 2323 2866 2388 Mauritii,
2896 2327 3239 2396 reputantes
3268 2339 3328 2377 se
3354 2338 3426 2377 ex
3465 2337 3566 2378 eos

1920 2419 1972 2474 ei
1995 2417 2190 2488 majus
2231 2415 2510 2470 allaturos
2542 2413 2928 2485 supplicium.
2967 2415 3096 2468 Haec
3134 2426 3275 2482 ergo
3315 2427 3453 2468 cum
3492 2411 3572 2466 fe-

1919 2509 2158 2570 cissent,
2185 2521 2370 2577 quam
2392 2503 2656 2574 primum
2682 2509 3076 2568 recesserunt,
3108 2508 3172 2558 ut
3197 2502 3300 2575 qui
3321 2517 3569 2559 venena-

1919 2603 2112 2652 torum
2156 2593 2653 2650 animalculorum
2697 2592 2940 2647 minime
2979 2591 3199 2647 ferrent
3249 2591 3564 2663 impetum.

1919 2687 2063 2740 Cum
2103 2683 2302 2753 itaque
2342 2679 2528 2736 sancti
2557 2679 2765 2735 decem
2795 2679 2924 2734 dies
2971 2685 3026 2735 et
3065 2683 3268 2734 noctes
3327 2679 3440 2734 hoc
3482 2679 3569 2733 in-

1917 2771 2217 2829 tolerabile
2280 2773 2336 2826 et
2402 2768 2688 2823 acerbum
2747 2766 3128 2838 pertulissent
3179 2765 3562 2838 supplicium,

1917 2861 2164 2916 sublatis
2206 2859 2280 2914 ad
2315 2859 2498 2912 Deum
2537 2856 2744 2920 oculis,
2783 2855 3102 2911 Dominum
3135 2855 3356 2928 precati
3402 2858 3562 2922 sunt,

1913 2952 2175 3006 dicentes
2201 2971 2212 3001 :
2247 2946 2494 3002 Domine
2526 2948 2679 3001 Deus
2707 2949 2927 3009 noster,
2961 2945 3065 3016 qui
3093 2960 3206 2999 nos
3247 2944 3458 3000 creasti
3489 2944 3566 3000 ad

1915 3039 2242 3109 imaginem
2269 3039 2323 3092 et
2351 3034 2792 3090 similitudinem
2823 3039 3010 3100 tuam,
3044 3037 3100 3089 et
3115 3033 3416 3089 deduxisti
3455 3048 3566 3089 nos

207 3127 300 3188 xui
345 3127 610 3190 θεότητος,
664 3130 754 3176 καὶ
801 3133 892 3176 τοῦ
931 3133 1235 3196 μονογενοῦς
1269 3145 1362 3178 σου
1393 3129 1538 3194 Υἱοῦ,
1576 3135 1664 3180 καὶ
1712 3136 1802 3180 τοῦ

1921 3130 1991 3185 ad
2026 3127 2520 3198 agnitionemtuas
2549 3124 2803 3178 veritatis
2828 3127 2884 3178 et
2909 3121 3250 3188 divinitatis,
3285 3127 3341 3178 et
3363 3122 3568 3193 unige-

213 3221 458 3284 Μηνίου
493 3217 818 3286 Πνεύματος,
877 3219 960 3266 σοὶ
995 3217 1521 3288 παρακατατιθέμεθα
1559 3221 1652 3280 τάς
1682 3221 1804 3289 ἡμε-

213 3305 344 3373 τέρας
413 3303 611 3375 ψυχὰς
678 3307 768 3354 καὶ
837 3303 1232 3376 παρακαλοῦμεν
1295 3305 1584 3369 κατατάξαι
1642 3308 1804 3368 αύτάς

212 3396 326 3458 μετά
373 3395 586 3445 πάντων
641 3401 742 3444 τῶν
815 3391 903 3444 ἀπ’
958 3393 1136 3453 αἰῶνος
1211 3393 1666 3468 εύαρεστησάντων
1717 3418 1800 3451 σοι

211 3477 374 3550 ἁγίων.
425 3487 535 3534 Καὶ
579 3481 984 3555 προσευξάμενοι
1029 3478 1338 3554 παρέδωκαν
1385 3483 1432 3534 ἐν
1491 3485 1662 3558 εἰρήνη
1708 3490 1799 3550 τάς

211 3567 379 3638 ψυχας
404 3571 582 3622 αὐτῶν
609 3579 680 3640 τῷ
706 3575 833 3640 Θεῷ,
862 3575 950 3622 καὶ
977 3579 1074 3622 τῶν
1105 3575 1360 3644 στεφάνων
1389 3573 1688 3636 ἠξιώθησαν
1709 3587 1799 3638 τῆς

211 3654 322 3716 ἀθλη
333 3677 478 3722 σεως.

1915 3220 2018 3274 niti
2050 3217 2130 3273 tui
2167 3215 2304 3278 Filii.
2339 3219 2395 3271 et
2417 3212 2774 3269 sanctissimi
2805 3218 2860 3267 et
2883 3212 3100 3268 viviﬁci
3123 3211 3566 3283 Spiritus,apud

1913 3314 1966 3364 te
2011 3311 2242 3361 nostras
2274 3303 2506 3359 animas
2549 3300 2931 3373 deponimus,
2965 3305 3020 3356 et
3048 3315 3333 3370 rogamus
3377 3305 3440 3356 ut
3463 3315 3566 3356 eas

1912 3397 2164 3452 colloces
2187 3409 2324 3449 cum
2346 3390 2628 3447 omnibus
2653 3391 2890 3456 sanctis,
2915 3390 3018 3462 qui
3039 3389 3146 3445 tibi
3167 3390 3566 3462 placuerunta

1913 3484 2152 3540 saeculo.
2189 3479 2485 3546 Quoniam
2509 3483 2564 3534 te
2583 3477 2920 3546 dileximus,
2946 3482 3001 3534 et
3017 3483 3069 3534 te
3093 3477 3566 3535 desideravimus

1909 3593 1977 3633 ex
2012 3579 2132 3630 toto
2155 3570 2355 3626 animo
2377 3573 2603 3636 nostro,
2627 3572 2683 3622 et
2712 3583 2821 3638 pro
2839 3573 2892 3622 te
2911 3567 3190 3639 nosipsos
3210 3568 3288 3623 ad
3311 3573 3566 3624 mortem

1909 3662 2280 3723 tradidimus.
2314 3661 2396 3714 Tu
2423 3673 2486 3712 es
2511 3655 2671 3711 enim
2695 3657 2848 3711 Deus
2880 3655 3042 3711 solus
3069 3655 3360 3727 benignus
3383 3662 3438 3712 et
3455 3657 3566 3712 cle-

211 3761 383 3815 mens,
407 3756 462 3804 et
497 3755 555 3803 te
586 3747 754 3804 decet
779 3748 966 3817 gloria
989 3750 1046 3804 in
1081 3749 1320 3805 saacula.
1353 3753 1568 3808 Amen.
1605 3755 1747 3812 Haec
1779 3774 1918 3815 cum
1941 3751 2252 3817 dixissent,
2274 3748 2394 3802 Deo
2427 3744 2797 3801 tradiderunt
2826 3744 3032 3800 beatas
3073 3749 3129 3800 et
3164 3744 3400 3800 divinas
3439 3745 3567 3800 ani-

213 3849 346 3900 mas,
375 3845 428 3892 et
454 3839 546 3892 sic
578 3837 802 3905 dignati
829 3836 1067 3893 fuerunt
1096 3839 1335 3894 coronis
1377 3839 1814 3902 decertationis.

275 3925 362 3980 IA'.
419 3927 478 3978 ’0
552 3923 610 3979 δὲ
667 3931 972 3999 παμμιαρός
1028 3925 1274 4000 βασιλεὺς
1329 3930 1654 4003 Μαξιμιανός
1708 3940 1798 3988 καὶ

211 4017 326 4084 μετά
357 4017 580 4068 θάνατον
619 4024 724 4076 τοῖς
765 4015 842 4068 ἀεὶ
871 4017 1000 4077 ζῶσι
1037 4019 1352 4088 θυμούμενος
1399 4022 1630 4092 μάρτυσι
1663 4025 1799 4094 (Θεῷ

211 4106 298 4176 γὰρ
347 4106 513 4166 ζῶσιν
571 4107 620 4157 οἱ
673 4109 802 4158 κατά
858 4110 984 4158 Θεὸν
1038 4103 1426 4178 ἐπιδημήσαντες
1474 4109 1569 4162 κᾶν
1601 4110 1801 4166 ἐνθένδε

219 4190 628 4265 ἀπαλλαγῶσιν),
687 4194 916 4255 ἀκούσας
963 4196 1042 4247 ὅτι
1093 4194 1400 4270 παρέδωκαν
1449 4201 1540 4262 τάς
1593 4201 1798 4274 ψυχὰς,

217 4281 388 4335 κελεύει
435 4291 553 4344 τοῖς
612 4281 922 4358 δορυφόροις
974 4287 1066 4346 τάς
1121 4290 1305 4356 τιμίων
1360 4287 1527 4339 αὐτῶν
1580 4290 1802 4362 κεφαλὰς

1985 3932 2112 3986 XIV.
2171 3925 2498 3983 Sceleratus
2527 3925 2728 3976 autem
2766 3927 2822 3978 et
2859 3922 3209 3994 tyrannicus
3239 3921 3566 3995 imperator

1912 4017 2318 4080 Maximianus,
2345 4013 2523 4068 etiam
2561 4015 2696 4082 post
2747 4015 2998 4068 mortem
3023 4011 3284 4067 irascens
3329 4027 3566 4083 semper

1912 4107 2245 4164 viventibus
2287 4099 2652 4172 martyribus
2694 4099 2838 4170 (Deo
2877 4101 3036 4157 enim
3082 4101 3311 4166 vivunt,
3351 4100 3454 4173 qui
3491 4115 3566 4156 ex

1913 4199 2031 4254 Deo
2079 4195 2470 4264 emigrarunt,
2516 4190 2752 4246 etiamsi
2795 4191 2940 4254 hinc
2981 4191 3378 4261 excesserint),
3424 4205 3565 4246 cum

1911 4285 2236 4344 audivisset
2265 4297 2367 4338 eos
2399 4279 2666 4335 emisisse
2688 4280 2944 4346 animas,
2968 4281 3138 4352 jubet
3169 4279 3438 4336 abscindi
3470 4295 3563 4335 ve-

221 4367 424 4444 ἐκτεμεῖν
475 4377 572 4424 καὶ
613 4373 768 4447 ῥίψαι
814 4377 950 4425 κατά
977 4378 1062 4426 τὸν
1093 4375 1245 4426 αὐτόν
1277 4379 1456 4431 τόπον.
1494 4379 1558 4428 Oi
1590 4375 1646 4430 δὲ
1678 4399 1805 4430 κατ-

1921 4375 2182 4432 neranda
2202 4378 2258 4428 et
2281 4375 2489 4428 sancta
2507 4383 2715 4423 eorum
2745 4369 2960 4439 capita,
2983 4374 3039 4424 et
3051 4369 3168 4438 jaci
3197 4369 3254 4422 in
3284 4369 3566 4424 eumdem

221 4467 484 4531 ἀγαγόντες
535 4461 636 4514 ἀπὸ
679 4471 773 4514 τῶν
821 4463 978 4526 ξύλων
1023 4465 1085 4516 τά
1121 4460 1305 4526 ἔνδοξα
1351 4466 1515 4517 αὐτῶν
1563 4467 1800 4538 λείψανα,

219 4549 298 4600 οὐκ
377 4552 672 4625 ἐνάρκησαν
751 4555 842 4615 τὰς
922 4551 1236 4624 σεϐασμίους
1302 4553 1468 4606 αὐτῶν
1532 4555 1802 4630 ἀποτεμεῖν

521 4641 648 4694 ἀλλά
718 4645 910 4702 ταύτας
957 4642 1284 4712 ἐκκόψαντες,

219 4641 441 4710 κεφαλάς,
521 4641 648 4694 ἀλλά
718 4645 910 4702 ταύτας
957 4642 1284 4712 ἐκκόψαντες,
1364 4655 1606 4716 πανταχῆ
1670 4649 1802 4698 κατά

221 4734 300 4786 τὴν
348 4731 470 4791 ὕλην
543 4731 736 4790 ἐκείνην
801 4729 1202 4804 διεσκόρπισαν.
1275 4737 1418 4796 Τινὲς
1495 4731 1554 4787 δὲ
1623 4741 1801 4788 πιστοὶ

224 4815 435 4891 ἀδελφοὶ,
493 4825 680 4882 νυκτός
732 4825 859 4892 μετά
919 4821 1107 4874 πολλοῦ
1174 4821 1330 4893 φόϐου
1379 4829 1798 4896 παραγενόμενοι,

227 4907 474 4971 συνῦεξαν
499 4912 588 4969 τὰς
633 4915 813 4982 τιμίας
860 4911 1027 4962 αὐτῶν
1077 4911 1296 4982 κεφαλὰς
1326 4917 1414 4963 καὶ
1458 4915 1523 4963 τά
1571 4917 1803 4985 πανάγία

225 4994 372 5047 αὐτῶν
407 5005 650 5070 σώματα,
691 5005 780 5051 καὶ
822 5003 952 5070 μετά
1002 5007 1160 5072 τιμῆς
1199 5006 1286 5052 καὶ
1337 4997 1558 5062 εὐωδίας
1611 5003 1799 5066 πολλῆς

226 5088 304 5136 καὶ
347 5085 654 5158 Ὶ[ιοιλμῳτῖίας
686 5087 853 5140 ἐνθέου
907 5093 996 5142 καὶ
1049 5090 1213 5160 εὐχῆς
1251 5093 1478 5150 ἐκένοῦς
1527 5091 1799 5165 ὀρύξαντες

226 5179 277 5242 τῇ
313 5183 376 5245 γῇ
425 5185 593 5228 ταῦτα
645 5179 914 5230 κατέθεντο
959 5176 1006 5228 ἐν
1053 5178 1194 5248 αύτῷ
1242 5185 1313 5246 τῷ
1362 5183 1502 5250 τόπῳ
1548 5183 1666 5232 ἔνθα
1712 5187 1798 5234 καὶ

227 5259 528 5329 ᾑγωνίσαντο
585 5267 634 5316 οἱ
683 5273 906 5336 γενναῖοι
958 5273 1048 5318 τοῦ
1095 5273 1325 5339 Χριστοῦ
1367 5277 1708 5338 στρατιῶται,
1753 5270 1798 5322 ἐν

224 5347 258 5415 ᾧ
307 5355 390 5403 καὶ
430 5353 780 5425 ἐπιφαίνονται
820 5359 884 5416 ως
925 5363 1188 5428 φωστῆρες
1233 5354 1280 5406 ἐν
1321 5361 1521 5427 κόσμῳ.
1575 5358 1797 5432 Εὐφραί-

225 5453 302 5486 νου
349 5445 530 5511 τοίνυν,
577 5443 852 5515 Ἀπάμεια,
911 5447 1156 5515 στέφανον
1225 5439 1594 5516 ἀναδησαμένη
1647 5466 1798 5499 πνευ-

227 5544 446 5594 ματικόν,
499 5530 550 5583 ἐκ
602 5528 862 5606 διαφόρων
905 5532 1059 5586 λίθων
1099 5532 1393 5605 πολυτίμων
1442 5539 1792 5606 συγκείμενον,

227 5619 305 5668 καὶ
357 5623 477 5690 μίαν
534 5621 781 5697 ἁρμονίαν
859 5623 1140 5698 θιοπρεποῦ
1198 5621 1496 5698 ἕλλάμψεως
1565 5622 1794 5698 ἀπεργα-

1913 4464 2132 4520 locum.
2167 4459 2406 4516 Pessimi
2433 4471 2572 4511 vero
2599 4456 2846 4511 ministri
2869 4456 3133 4514 scelerati
3165 4457 3561 4528 imperatoris,

1913 4569 2048 4609 cum
2082 4568 2112 4606 e
2143 4550 2306 4620 ligno
2328 4543 2747 4617 deposuissent
2777 4547 3150 4602 venerandas
3191 4551 3244 4602 et
3271 4547 3564 4616 gloriosas

1912 4657 2120 4698 eorum
2138 4635 2448 4710 reliquias,
2473 4649 2592 4688 non
2613 4633 2782 4690 veriti
2806 4639 2943 4691 sunt
2970 4641 3282 4707 amputare
3313 4635 3566 4692 colenda

1912 4746 2116 4787 eorum
2147 4727 2358 4800 capita.
2395 4725 2540 4778 Cum
2573 4739 2642 4778 ea
2669 4729 2872 4780 autem
2898 4725 3308 4790 abscidissent,
3343 4726 3565 4798 ubique
3639 4727 3644 4732 ’

1911 4835 2015 4893 per
2056 4819 2220 4874 illam
2251 4815 2458 4870 silvam
2491 4813 2870 4884 projecerunt
2896 4829 2966 4870 ac
2996 4813 3384 4885 dissiparunt.
3429 4815 3566 4880 Qui-

1910 4909 2052 4964 dam
2088 4921 2223 4962 vero
2247 4905 2457 4960 fratres
2481 4904 2705 4972 ﬁdeles,
2733 4907 2912 4958 noctu
2931 4918 3069 4958 cum
3103 4917 3325 4972 magno
3355 4903 3564 4959 timore

1910 4997 2278 5058 accedentes,
2313 4993 2678 5064 collegerunt
2711 4992 3053 5048 veneranda
3105 5007 3312 5048 eorum
3366 4991 3564 5063 capita

1910 5092 1965 5143 et
2017 5082 2390 5142 sanctissima
2437 5089 2494 5138 et
2537 5080 2893 5137 honoranda
2945 5095 3147 5136 eorum
3191 5095 3463 5151 corpora,
3509 5087 3566 5136 et

1910 5192 2048 5232 cum
2089 5189 2181 5238 eo,
2224 5187 2344 5244 quo
2376 5187 2485 5244 par
2514 5175 2623 5235 est,
2668 5170 2913 5234 honore,
2956 5175 3010 5225 et
3051 5168 3241 5224 multo
3281 5185 3350 5226 ac
3397 5170 3565 5226 suavi

1909 5263 2112 5328 odore,
2147 5261 2470 5332 divinaque
2501 5257 2860 5332 psalmodia,
2895 5263 2950 5314 et
2981 5256 3232 5314 intensis
3262 5257 3559 5328 precibus,

1908 5354 1968 5410 in
1993 5357 2146 5410 terra
2161 5349 2472 5414 fodientes,
2503 5349 2912 5420 deposuerunt
2933 5347 3070 5418 ipsa
3098 5347 3162 5402 in
3182 5361 3252 5403 eo
3276 5345 3430 5413 loco,
3463 5347 3565 5404 ubi

1907 5442 2356 5500 decertaverunt
2407 5437 2675 5509 praeclari
2721 5441 2777 5493 et
2827 5435 3006 5493 fortes
3057 5435 3268 5492 Christi
3317 5435 3562 5494 milites.

1907 5533 1970 5588 In
1987 5546 2108 5604 quo
2121 5529 2290 5586 etiam
2310 5531 2601 5600 apparent
2623 5531 2901 5598 tanquam
2915 5525 3225 5582 luminaria
3237 5524 3300 5582 in
3319 5528 3561 5586 mundo.

1906 5624 2174 5692 Quorum
2201 5631 2313 5678 nos
2337 5632 2581 5691 quoque
2595 5629 2801 5675 omnes
2823 5616 3142 5690 dignemur
3162 5631 3293 5676 esse
3313 5615 3560 5676 celebris
