4066 6224
374 292 473 352 371
791 332 795 341 ι
1777 290 1980 350 MENSl

2131 288 2345 346 JLIUS.
3632 283 3737 343 372

374 422 704 479 conventus
741 419 1061 493 participes
1090 424 1147 476 et
1180 419 1407 491 gratias,
1440 435 1562 477 uno
1579 420 1783 478 animo
1803 423 1861 477 et
1887 433 1980 479 cor

2136 416 2367 488 ζόμενον,
2430 414 2693 488 θησαυρὸν
2750 411 2987 485 οὐράνιον
3044 412 3269 483 ἔχουσα,
3325 406 3609 484 διαφόρους
3639 413 3735 482 μὲν

376 526 558 567 sensu
583 510 862 573 fruentes,
896 524 1032 581 quas
1055 509 1133 565 ab
1149 508 1235 564 eis
1256 509 1662 581 proficiscitur,
1688 510 1982 565 curatione

2136 507 2465 578 μαργάριτας
2512 506 2731 556 πλούτου
2786 500 3129 575 ἐκλάμποντα,
3182 503 3303 575 πρὸς
3354 504 3477 572 μίαν
3530 496 3587 553 δε
3640 505 3733 553 xui

376 591 438 648 in
478 590 707 647 Christo
744 592 881 645 Jesu
925 589 1178 645 Domino
1223 595 1444 653 nostro,
1490 591 1584 646 cui
1610 590 1799 660 gloria
1841 595 1896 645 et
1927 606 1982 661 pi

2137 598 2224 653 τὴν
2278 594 2438 652 αύτὴν
2487 602 2581 653 τῆς
2629 595 2878 644 ἀκτίστου
2926 586 3151 665 Τριάδος
3194 596 3611 662 φωταγωγοῦντα
3641 594 3734 641 πί-

376 681 577 745 tentia,
610 695 745 735 cum
785 679 953 734 Patre
989 684 1045 735 et
1079 685 1284 735 sancto
1329 680 1547 752 Spiritu
1577 696 1738 737 nunc
1792 688 1848 736 et
1879 695 1982 735 seu

2142 703 2274 749 στιν,
2309 683 2519 758 ούρανὸς
2558 681 2852 755 ἀγάλλεται,
2879 688 2945 751 γῆ
2985 689 3056 750 τῷ
3098 688 3193 740 τῆς
3233 676 3574 739 δικαιοσύνης
3604 677 3728 749 ἡλίῳ

376 784 499 839 per,
541 772 599 823 et
627 766 689 822 in
717 766 935 823 saecula
960 767 1337 824 saeculorum.
1372 769 1582 824 Amen.

2142 773 2462 844 φωτιζομένη
2522 776 2609 824 καὶ
2670 768 3042 843 παμποικίλοις
3108 768 3320 840 ἄστροις
3390 766 3734 838 ἕκλάμπουσα

374 865 483 918 τοῖς
508 853 868 929 ἐϐδομήκοντα
890 859 1150 931 μάρτυσιν
1177 861 1268 915 τὴν
1299 853 1458 919 δόξαν
1489 865 1579 910 τοῦ
1603 866 1734 911 Θεοῦ
1759 855 2180 930 διαγγέλλουσιν,
2207 863 2274 912 ὧν
2299 867 2389 913 καὶ
2410 863 2555 934 ἡμεῖς
2578 859 2913 931 ἀξιωθείημεν
2931 863 3160 910 κοινωνοὶ
3187 859 3424 929 γενέσθαι
3450 865 3546 919 τῆς
3565 878 3735 915 πανη-

371 949 569 1019 γύρεως
598 951 687 997 καὶ
712 953 806 1006 τῆς
831 948 1052 1018 χάριτος
1082 950 1426 1018 μέτοχοι,καὶ
1452 954 1548 1009 τῆς
1579 947 1757 1022 ἑορτῆς
1781 950 2134 1022 ὁμογνώμονες
2160 958 2255 1012 τῆς
2280 951 2403 1024 παρ’
2430 950 2597 1002 αὐτῶν
2631 949 2817 1011 ἰάσεως
2847 946 3204 1013 ἀπο)αύοντες,
3234 946 3280 997 ἐν
3311 954 3526 1019 Χριστῷ
3549 948 3734 1005 Ἰησοῦ

374 1045 446 1107 τῷ
478 1040 653 1110 Κυρίῷ
681 1037 844 1107 ἡμῶν,
944 1037 973 1093 ἡ
1005 1032 1137 1099 δόξα
1164 1041 1253 1088 καὶ
1283 1038 1341 1088 τὸ
1364 1037 1555 1109 κράτος
1584 1040 1676 1088 σύν
1705 1045 1777 1108 τῷ
1811 1043 1973 1114 Πατρὶ
2000 1044 2088 1092 καὶ
2111 1048 2181 1112 τῷ
2210 1039 2341 1112 ἀγίῳ
2376 1042 2655 1112 Πνεύματι,
2687 1046 2775 1090 νῦν
2805 1041 2895 1089 καὶ
2919 1035 3016 1104 ἀεὶ,
3048 1042 3137 1088 καὶ
3162 1035 3233 1098 εἰς
3260 1039 3378 1098 τούς
3410 1041 3600 1097 αἰῶνας
3630 1044 3732 1089 τῶν

375 1124 590 1177 αἰώνων.
621 1125 807 1197 Ἀμήν.

384 1253 792 1265 .——_——_

1692 1394 2388 1484 ΥΠΟΜΝΗΜΑ

2020 1568 2119 1617 ΕΙΣ

843 1729 1125 1838 TON
1182 1727 1721 1843 ΜΕΓΑΝ
1783 1726 2630 1844 ΠΡΟΦΗΤΗΝ
2693 1722 3278 1843 ΔΑΝΙΗΔ

1646 1923 1735 1971 καὶ
1764 1922 1886 1980 τοὺς
1916 1918 2098 1992 ἁγίους
2127 1927 2266 1994 τρεῖς
2307 1916 2509 1982 παῖδας

1384 2066 1818 2144 ΑΝΑΝΙΑΝ,
1877 2068 2293 2148 ΑΖΑΡΙΑΝ,
2344 2068 2728 2137 ΜΙΣΑΗΛ.

1473 2445 2626 2568 COMMENTARIUS

670 2809 1424 2955 SANCTO
1529 2678 2567 2955 PROPEETA
2653 2815 2910 2955 DA
2935 2813 3495 2955 NIELE

1560 3094 1657 3153 ET
1703 3094 1801 3153 DE
1833 3092 1941 3155 SS.
1976 3093 2257 3156 TRIBUS
2302 3095 2575 3158 PUERIS

1170 3283 1609 3399 ANANIA,
1699 3286 2100 3373 AZAttlA
2186 3287 2320 3373 ET
2406 3286 2919 3396 MISAELE,

384 3519 595 3582 (Latine
608 3517 753 3584 apud
780 3518 993 3569 Surium
1018 3519 1086 3569 ad
1103 3518 1243 3570 diem
1255 3521 1309 3569 21
1338 3519 1463 3569 Julii
1494 3535 1505 3578 ;
1527 3520 1744 3570 Graecus
1761 3522 1986 3571 textusn

2139 3520 2351 3571 nimum
2369 3520 2545 3570 editur
2560 3534 2624 3570 ex
2643 3521 2767 3575 cod.
2790 3535 2893 3576 ms.
2922 3521 3084 3572 Paris.
3100 3522 3237 3579 N90,
3254 3534 3370 3571 saec.
3390 3533 3458 3570 ιι.
3478 3518 3565 3567 Eo.
3587 3518 3745 3568 Pars)

457 3871 503 3929 Ι.
517 3871 661 3926 Cum
676 3868 1226 3927 Nabuchodonosor
1235 3884 1338 3925 rex
1352 3868 1729 3941 Assyriorum
1744 3867 2041 3924 civitatem

2224 3867 2305 3923 A'.
2345 3875 2500 3944 Ἄρτι
2549 3865 3029 3944 Ναϐουχοδονόσορ
3089 3871 3114 3921 ὁ
3155 3866 3403 3942 βασιλεύς
3449 3868 3754 3938 Ἀσσυρίων

385 3958 716 4017 Jerusalem
735 3958 893 4016 bello
915 3960 1184 4031 cepisset,
1211 3965 1268 4015 et
1289 3975 1572 4030 magnam
1598 3958 1756 4013 illinc
1773 3958 1991 4030 praeda]

2151 3961 2243 4016 τὴν
2288 3956 2628 4030 Ἰερουσαλὴμ
2692 3957 2895 4030 πολέμῳ
2952 3959 3437 4029 κατακτησάμενος,
3506 3954 3643 4008 λείαν
3699 3974 3757 4007 τε

387 4051 623 4121 egisset,
685 4054 742 4105 et
789 4048 1082 4121 plurimos
1131 4047 1481 4104 abduxisset
1518 4047 1675 4103 bello
1718 4054 1946 4118 captos,
1990 4076 1993 4093 ‹

2153 4045 2343 4105 πολλὴν
2394 4046 2581 4099 ἐκεῖθεν
2625 4045 2811 4108 ἐλάσας
2858 4052 2948 4100 xui
2989 4044 3314 4121 δορυαλώτος
3366 4048 3435 4107 ὡς
3476 4049 3759 4107 πλείστους

388 4138 687 4211 splendide
718 4154 789 4193 ac
820 4137 1139 4209 magniﬁce
1168 4152 1439 4192 reversus
1472 4142 1627 4191 esset
1658 4135 1994 4205 Babylonem

2152 4135 2340 4199 λαϐὼν,
2393 4138 2642 4208 )αμπρῶς
2689 4155 2743 4188 τε
2784 4136 2851 4197 εἰς
2900 4136 3180 4189 Βαϐυλῶνα
3217 4135 3370 4189 πάλιν
3422 4138 3515 4193 τὴν
3559 4133 3758 4186 οἰκείαν

389 4229 479 4283 sui
500 4226 730 4299 imperii
762 4226 985 4291 sedem,
1015 4225 1421 4281 nobilissimos
1454 4240 1670 4297 pueros
1701 4225 1995 4279 Judaeorui

2154 4224 2329 4299 ἀρχὴν
2385 4223 2690 4291 ἀναζεύξας,
2731 4230 2853 4287 τούς
2899 4225 3294 4298 εὐγενεστάτους
3331 4231 3432 4276 τῶν
3482 4219 3755 4277 Ἰουδαίων

388 4315 626 4387 delegit,
658 4319 714 4370 et
734 4315 845 4370 sibi
866 4316 942 4371 ad
969 4331 1146 4370 suum
1177 4314 1445 4371 attribuit
1466 4313 1994 4369 ministeriumJntc

2152 4310 2354 4375 παῖδας
2446 4312 2840 4386 ἀπολεξάμενος,
2931 4315 3001 4376 εἰς
3094 4316 3384 4389 ὑπουργίαν
3491 4311 3757 4383 ἀπένειμεν

387 4420 540 4478 quos
570 4409 738 4461 erant
757 4405 936 4460 etiam
957 4407 1217 4477 quatuor
1245 4419 1319 4459 ex
1339 4402 1433 4472 iis,
1458 4406 1560 4475 qui
1585 4418 1621 4458 a
1654 4418 1791 4474 rege
1826 4403 1993 4459 Davic

2153 4404 2338 4469 ἐαυτῶ,
2395 4403 2443 4455 ἐν
2495 4404 2573 4465 οἶς
2619 4409 2706 4456 καὶ
2752 4409 2999 4479 τέσσαρες
3036 4401 3169 4463 ἦσαν
3218 4412 3317 4457 τῶν
3364 4409 3455 4455 τοῦ
3498 4400 3758 4475 βασιλέως

392 4492 689 4550 ducebant
748 4492 1039 4564 originem
1075 4491 1347 4566 :pulchri
1395 4492 1641 4564 quidem
1689 4493 1883 4564 specie
1922 4509 1998 4548 co,

2154 4491 2319 4547 Δαυὶὸ
2349 4492 2632 4563 ἀπογόνων,
2682 4492 2832 4545 καλοὶ
2898 4496 2987 4566 μὶν
3040 4498 3134 4551 τὴν
3172 4501 3264 4545 τοῦ
3314 4497 3551 4565 σώματος
3593 4492 3750 4566 ὥραν,

390 4581 572 4656 poris,
605 4580 835 4654 pulchri
878 4587 1080 4638 autem
1129 4582 1319 4654 specie
1346 4596 1589 4653 quoque
1620 4580 1854 4647 animae,
1883 4581 1996 4649 ing:

2152 4583 2300 4635 καλοὶ
2340 4579 2399 4634 δε
2432 4586 2521 4634 xui
2555 4586 2651 4639 τὴν
2691 4591 2782 4642 τῆς
2821 4581 3029 4654 ψυχῆς,
3075 4587 3162 4634 xui
3200 4581 3329 4634 πολύ
3366 4584 3425 4634 τὸ
3466 4581 3661 4651 εύγενὲς
3700 4577 3758 4642 ἔξ

390 4686 703 4744 unumque
716 4670 1080 4727 etliberalem
1102 4676 1396 4743 aspectum
1416 4669 1662 4742 pulchre
1684 4686 1753 4726 ex
1778 4670 1996 4742 utrisqt

2154 4672 2454 4745 ἀμφοτέρων
2504 4667 2936 4741 ἐπιδεικνύμενοι,
2992 4671 3040 4723 οἱ
3094 4676 3183 4724 xui
3241 4670 3312 4731 εἰς
3371 4670 3605 4730 Ἐζεκίαν
3660 4674 3753 4721 xui

392 4760 812 4819 ostendentes:
846 4760 950 4833 qui
1001 4761 1179 4818 etiam
1210 4759 1287 4817 ad
1340 4759 1649 4815 Ezechiam
1713 4764 1767 4816 et
1820 4760 1998 4816 Josiai

2154 4762 2358 4815 Ἰωσίαν
2411 4763 2529 4822 τοὺς
2588 4755 2959 4821 δικαιοτάτους
3015 4768 3293 4835 προσεχῶς
3345 4763 3404 4811 τὸ
3460 4763 3607 4830 γένος
3662 4757 3752 4810 ἀν-

391 4851 553 4907 viros
580 4850 942 4921 justissimos
988 4866 1177 4921 genus
1216 4849 1489 4922 proxime
1515 4848 1866 4905 referebant.
1900 4850 1997 4905 Cui

2155 4856 2326 4925 ἑφερον
2380 4866 2392 4879 ⁸
2442 4851 2657 4910 τούτους
2703 4845 2791 4900 οὖν
2849 4851 3034 4912 ἐκεῖνος
3083 4849 3328 4922 ἐκτομίας
3380 4854 3604 4909 ποιήσας
3659 4854 3751 4901 καὶ

392 4938 527 4997 illos
569 4953 712 5009 ergo
760 4938 1094 5005 excidisset,
1138 4943 1193 4994 et
1232 4937 1583 5009 providisset
1630 4944 1688 4993 ut
1744 4955 1811 4995 ex
1840 4955 1998 4995 mens

2154 4941 2507 5014 χορηγεῖσθαι
2562 4938 2740 5000 αύτοῖς
2786 4940 2911 5010 τάγε
2958 4942 3082 5013 πρὸς
3119 4943 3312 5012 τροφὴν
3356 4938 3456 4991 ἀπὸ
3511 4946 3606 5001 τῆς
3649 4937 3747 5011 βα-

391 5029 557 5099 regia
585 5027 900 5097 alerentur,
941 5028 1119 5084 tradit
1177 5027 1549 5099 paedagogis,
1599 5031 1665 5081 ut
1708 5026 1765 5081 in
1807 5035 1997 5084 extern

2158 5029 2364 5088 σιλικῆς
2417 5030 2677 5100 τραπέζης
2732 5026 3101 5101 οἰκονομήσας,
3151 5024 3515 5099 παιδαγωγοῖς
3570 5047 3748 5100 παρα-

392 5104 685 5190 sapientia
711 5121 768 5174 et
796 5117 929 5190 ipsa
957 5116 1362 5174 Chaldmorum
1380 5115 1651 5172 doctrina
1665 5115 1906 5187 pulchre
1920 5134 1998 5172 eri

2158 5114 2403 5182 δίδωσιν,
2456 5119 2524 5177 ὡς
2575 5115 2636 5168 ἄν
2706 5121 2801 5175 τήν
2858 5136 2912 5170 τε
2971 5119 3188 5190 θύραθεν
3240 5121 3425 5188 σοφίαν
3479 5120 3568 5168 καὶ
3617 5116 3751 5170 αύτά

394 5206 679 5264 direntur.
728 5208 807 5263 Ex
834 5206 923 5261 his
956 5222 1111 5262 unus
1157 5204 1403 5277 quidem
1435 5205 1763 5260 vocabatur
1792 5206 1998 5262 Daniel

2155 5209 2351 5281 ἄριστα
2413 5201 2744 5257 παιδευθῶσι
2795 5207 2861 5257 τὰ
2899 5214 2997 5258 τῶν
3047 5202 3349 5260 Χαλδαίων.
3407 5207 3609 5259 Τούτων
3660 5207 3751 5275 μὲν

395 5296 499 5367 qui
551 5297 751 5368 ipsum
797 5312 939 5353 vero
989 5295 1375 5369 sequebatur.
1407 5294 1711 5350 Ananias:
1752 5299 1809 5350 et
1844 5297 2001 5351 tertii

2156 5295 2337 5353 Δανιιῆ]ι
2392 5292 2619 5347 ἐκαλεῖτο
2670 5308 2686 5326 ⁶
2734 5295 2759 5346 ὀ
2814 5295 2926 5367 μετ’
2980 5295 3135 5348 αὐτὸν
3192 5293 3244 5348 δ’
3297 5295 3556 5361 Ἀνανίας,
3591 5294 3751 5353 Ἀζα-

396 5382 653 5453 Azarias,
687 5388 745 5440 et
767 5384 918 5441 alius
954 5386 1173 5442 Misael.
1207 5382 1450 5441 Mutatis
1474 5387 1676 5439 autem
1696 5398 1903 5440 eorum
1944 5400 2002 5440 n<

2153 5389 2269 5460 ρίας
2318 5402 2367 5435 τε
2414 5385 2439 5434 ὁ
2485 5387 2656 5456 τρίτος
2709 5388 2800 5436 καὶ
2849 5385 2874 5436 ὁ
2929 5383 3104 5445 λοιπὸς
3156 5384 3363 5442 Miami)
3415 5400 3425 5413 '
3460 5379 3752 5455 διαμείψας

398 5469 682 5537 minibus,
718 5473 1021 5531 Danielem
1056 5473 1299 5548 quidem
1334 5475 1509 5528 vocat
1542 5470 1855 5538 Baltassar,
1889 5474 2004 5529 Ana

2155 5470 2214 5527 δε
2260 5472 2439 5535 αύτοίς
2488 5473 2554 5525 τὰ
2600 5475 2846 5545 ὀνόματα,
2906 5476 2993 5526 τὸν
3053 5476 3141 5547 μὲν
3200 5473 3388 5532 Δανιὴλ
3467 5471 3745 5546 Βαλτάσαρ

400 5558 561 5616 niam
606 5559 873 5629 Sidrach,
917 5563 1186 5622 Azariam
1230 5576 1367 5619 vero
1396 5559 1631 5627 Misach,
1657 5564 1713 5618 et
1742 5560 2006 5620 Misaeler

2151 5561 2315 5634 καλεῖ,
2373 5559 2583 5635 Σεδρὰχ
2624 5558 2684 5613 δε
2737 5565 2822 5615 τὸν
2882 5563 3138 5630 Ἀνανίαν,
3194 5567 3278 5615 τὸν
3334 5562 3582 5637 Ἀζαρίαν
3651 5567 3755 5614 Μι-
