4034 6206
231 285 322 342 373
1361 282 1530 338 VITA
1570 281 1630 337 S.
1671 279 1805 336 PRO

1918 277 2072 332 ET/E
2113 279 2436 334 DANIELIS
2451 325 2462 336 .

3473 281 3576 336 374

227 409 341 474 σάκ,
391 414 487 460 καὶ
543 403 830 480 Ἀϐδεναγώ
879 409 964 460 τὸν
1019 407 1234 466 Miami).
1283 407 1525 480 ὀνομάζει
1554 425 1568 438 ⁶
1599 406 1682 468 οὒς
1715 403 1805 464 δή·

1926 403 2198 462 nominat
2224 403 2740 474 Abdenago.0uos
2761 403 3010 476 quidem
3039 407 3094 460 et
3117 421 3218 462 rex
3249 405 3576 472 amabat,et

217 518 311 549 που
361 505 456 550 καὶ
514 497 661 569 ἐφίλει
713 499 738 549 ὃ
795 496 1046 568 βασιλεὺς
1107 503 1194 549 καὶ
1263 497 1376 548 λίαν
1431 497 1628 568 εὐμενὲς
1689 501 1814 572 πρὸς

217 586 402 648 αὐτούς
453 587 644 650 ἔϐλεπε,
677 595 770 646 τῆς
819 586 1094 658 ἀγχινοίας
1141 583 1546 658 ἀποδεχόμενος,
1597 593 1685 638 καὶ
1738 589 1814 638 ὅτι

213 681 280 748 μὴ
359 681 520 740 μόνον
605 677 798 748 εὐφυῶς
877 673 1126 728 διέκειντο
1197 679 1432 748 περὶτὰ
1504 677 1809 747 μαθήματα,

213 765 337 816 ἀλλὰ
379 771 474 818 καὶ
531 766 686 823 πολλή
735 785 810 826 τις
859 764 1132 837 ἐπέπρεπεν
1181 765 1354 826 αὐτοῖς
1401 769 1602 828 σύνεσὶς
1636 785 1686 817 τε
1725 770 1814 816 καὶ

211 857 524 924 κοσμιότης.
557 853 688 906 Ἀλλ’
739 854 892 914 οὕτως
935 857 1024 924 μὲν
1069 857 1194 926 πρὸς
1249 859 1362 913 τοὺς
1401 851 1596 914 παῖδας
1643 855 1668 905 ὁ
1720 853 1814 924 βα-

213 943 402 1004 σιλεύς.

277 1031 347 1084 Β’.
393 1031 588 1089 Δανιὴλ
653 1029 712 1084 δὲ
767 1033 792 1082 ὁ
853 1033 1142 1092 θαυμάσιος
1195 1031 1288 1083 ούκ
1341 1031 1610 1093 ἐπαινέτης
1661 1037 1812 1104 μόνον

207 1127 298 1180 τῆς
347 1118 542 1192 ἀρετῆς
593 1117 672 1185 ἦν,
723 1120 848 1172 ἀλλα
899 1127 988 1172 καὶ
1036 1127 1212 1193 μετῄει
1263 1125 1454 1178 ταύτην
1505 1121 1754 1194 ἐπιμελῶς
1795 1142 1806 1152 ·

205 1213 292 1260 καὶ
341 1205 436 1260 διὰ
479 1217 636 1260 τουτο
683 1209 1102 1284 σκληραγωγίαις
1148 1231 1198 1263 τε
1243 1207 1480 1272 ἐξεδίδου
1529 1215 1586 1262 τὸ
1637 1220 1809 1282 σῶμα,

207 1303 290 1348 καὶ
321 1295 426 1349 ἀπό
481 1305 578 1359 τῆς
620 1297 900 1370 βασιλικῆς
945 1303 1208 1372 τραπέζης
1261 1295 1560 1370 ἐδεσμάτων
1607 1299 1664 1350 ού
1714 1305 1808 1370 μό-

207 1407 308 1454 νον,
363 1387 524 1447 αὐτὸς
563 1396 844 1460 παρῃτεῖτο
898 1388 1322 1460 μεταλαμϐάνειν,
1379 1387 1506 1440 ἀλλὰ
1561 1395 1650 1440 καὶ
1703 1397 1812 1450 τοῖς

207 1475 388 1548 ἑτέροις
443 1481 536 1527 καὶ
601 1481 896 1548 συγγενέσι,
955 1485 1064 1538 τοῖς
1113 1483 1258 1548 τρισὶ
1305 1478 1435 1548 λέγω
1473 1483 1680 1544 παισὶν,
1728 1479 1810 1529 ού-

207 1585 272 1617 τω
323 1574 492 1618 ποιεῖν
555 1571 860 1638 παρηγγύα.
925 1567 1083 1629 Δόξαν
1153 1564 1238 1618 οὖν
1299 1567 1620 1639 ἀμφοτέροις,
1681 1571 1812 1619 καθ-

207 1655 316 1705 όλου
349 1659 558 1706 πάντων
601 1665 698 1706 τῶν
747 1655 1002 1727 ἐμψύχων
1053 1655 1346 1728 ἀπέχεσθαι
1405 1663 1492 1708 καὶ
1546 1661 1809 1728 σπέρμασι

1923 493 2182 562 benigne
2214 494 2545 550 admodum
2572 509 2674 550 eos
2701 492 3052 565 aspiciebat,
3080 509 3288 550 eorum
3317 495 3576 554 laudans

1925 583 2186 639 indolem
2221 589 2313 639 :et
2351 583 2516 656 quod
2546 599 2670 640 non
2702 583 2896 640 solum
2925 581 3202 639 valebant
3223 584 3462 653 ingenio
3493 586 3571 644 ad

1925 673 2286 744 disciplinas,
2315 673 2418 728 sed
2461 673 2544 728 eis
2574 687 2816 744 quoque
2849 687 3138 740 magnum
3165 671 3448 729 afferebat
3478 691 3574 730 or-

1924 767 2278 818 namentum
2319 762 2556 818 solertia
2596 767 2652 818 et
2711 761 3024 817 modestia.
3053 763 3164 818 Sed
3207 762 3291 816 sic
3329 762 3572 833 quidem

1923 857 2048 906 erat
2077 868 2178 906 rex
2218 852 2462 908 allectus
2503 852 2562 906 in
2595 867 2833 922 pueros.

1993 1027 2056 1080 li.
2097 1027 2338 1082 Divinus
2379 1034 2578 1082 autem
2621 1025 2822 1082 Daniel
2851 1041 2970 1082 non
3013 1027 3200 1082 solum
3258 1029 3384 1082 erat
3449 1025 3576 1081 lau-

1922 1116 2093 1171 dator
2123 1115 2373 1178 virtutis,
2411 1117 2514 1170 sed
2543 1133 2676 1172 eam
2701 1119 2876 1172 etiam
2899 1115 3212 1186 diligenter
3236 1115 3572 1172 exercebat.

1925 1207 1986 1261 Et
2007 1205 2142 1260 ideo
2165 1207 2478 1276 asperitate
2493 1205 2622 1261 vitae
2647 1221 2866 1278 corpus
2890 1204 3212 1274 afﬂigebat,
3231 1209 3286 1260 et
3301 1205 3573 1260 ciborum

1921 1310 2146 1349 mensae
2168 1293 2346 1363 regiae
2377 1309 2496 1349 non
2530 1295 2724 1350 solum
2747 1293 3069 1350 recusabat
3088 1311 3216 1350 esse
3250 1295 3571 1366 particeps,

1921 1383 2024 1438 sed
2066 1383 2193 1437 aliis
2252 1389 2409 1438 etam
2449 1385 2738 1454 cognatis,
2793 1383 3003 1448 tribus,
3057 1383 3331 1456 inquam,
3369 1383 3571 1454 pueris

1921 1471 2002 1526 sic
2044 1471 2234 1528 suasit
2263 1477 2326 1527 ut
2357 1473 2638 1528 facerent.
2711 1471 2858 1528 Cum
2901 1473 3167 1546 utrisque
3197 1489 3340 1543 ergo
3370 1472 3570 1527 visum

1920 1567 2094 1626 esset,
2111 1561 2186 1616 ab
2199 1563 2480 1618 omnibus
2494 1561 2794 1618 abstinere
2809 1563 3111 1628 animatis,
3139 1561 3572 1618 etvescisolum

1921 1651 2254 1708 seminibus
2295 1655 2352 1708 et
2387 1652 2667 1718 oleribus,
2706 1653 3056 1708 accedentes
3080 1652 3158 1708 ad
3175 1651 3570 1707 Aschanetem

211 1749 372 1814 μόνοις
411 1749 504 1796 και
559 1745 812 1816 λαχάνοις
867 1747 1150 1812 σιτεῖσθαι,
1199 1745 1564 1818 προσελθόντες
1611 1747 1805 1817 Ἀσχά-

1920 1741 2453 1806 archieunuchum,
2488 1743 2582 1797 cui
2613 1747 2734 1798 erat
2765 1743 3089 1798 commissa
3119 1757 3327 1797 eorum
3360 1757 3508 1796 cura
3535 1756 3571 1795 a

215 1853 266 1903 νη
315 1843 382 1903 τῶ
443 1839 542 1890 τὴν
601 1833 888 1905 ἐπιμέλειαν
956 1835 1121 1886 αὐτῶν
1177 1834 1591 1908 ἐπιτετραμμένῳ
1656 1835 1810 1908 ἀρχι-

225 1925 454 1994 εννούχῳ,
509 1925 580 1974 τὰ
611 1927 700 1994 μεν
731 1927 872 1994 παρὰ
915 1931 1005 1975 τοῦ
1058 1923 1320 1996 βασιλέως
1371 1925 1546 1988 αὐτοῖς
1589 1927 1808 1996 κομιζο-

221 2031 328 2080 μενα
371 2013 558 2073 ἠξίουν
617 2012 770 2063 αὐτόν
817 2012 1142 2084 λαμϐάνοντα
1190 2013 1502 2078 ἀναλίσκειν,
1561 2021 1809 2088 παρέχειν

217 2097 264 2151 ἇε
309 2099 412 2152 ἀντ’
463 2101 640 2152 αὐτῶν
686 2105 881 2175 ὅσπριά
913 2122 964 2154 τε
1013 2109 1103 2154 καὶ
1135 2109 1362 2175 φοίνικας
1394 2105 1464 2166 εἰς
1497 2101 1806 2177 διατροφὴν,

209 2197 286 2242 καὶ
339 2195 380 2243 εἴ
429 2211 480 2243 τι
539 2200 642 2242 τῶν
675 2189 898 2262 ἀψύχων
949 2193 1112 2264 ἕτερον
1142 2194 1290 2246 αύτοὶ
1336 2193 1646 2264 βούλοιντο·
1685 2197 1806 2268 πρὸς

207 2283 294 2350 γὰρ
347 2285 440 2336 τὴν
493 2283 740 2338 τοιαύτην
790 2278 1021 2342 δίαιταν,
1071 2281 1262 2352 ἔλεγον,
1297 2281 1351 2345 ἐξ
1397 2283 1574 2354 ἀρχῆς
1615 2289 1808 2334 κεκονί-

209 2371 340 2432 σθαι,
371 2378 468 2430 τῆς
504 2367 568 2420 δε
601 2369 772 2443 ἐτέρας
817 2370 1103 2443 ὀλιγωρεῖν.
1158 2370 1216 2424 Ὀ
1275 2369 1330 2424 δὲ
1377 2369 1504 2424 εἶναι
1535 2377 1624 2443 μὲν
1674 2375 1802 2423 ἕτοι-

205 2477 288 2526 μος
335 2459 526 2528 ὓεγεν,
589 2461 860 2530 ὑπηρετεῖν
915 2461 1080 2511 αὐτῶν
1133 2469 1194 2532 τῇ
1251 2461 1474 2518 θελήσει.
1509 2463 1804 2534 ὑφορᾶσθαι

209 2543 356 2617 δὲμὴ
413 2543 716 2603 κατάδηλοι
769 2557 840 2617 τῷ
899 2547 1112 2618 βασιλεῖ
1159 2552 1452 2620 γενηθέντες
1505 2551 1558 2600 ἔκ
1611 2567 1662 2600 τε
1711 2559 1806 2610 τῆς

205 2655 290 2686 των
351 2639 615 2708 σωμάτων
677 2637 992 2707 ἰσχνότητος
1046 2643 1134 2690 καὶ
1189 2647 1282 2700 τῆς
1343 2639 1648 2712 ὠχρότητος
1707 2647 1804 2689 τῶν

209 2733 492 2796 προσώπων
555 2745 566 2756 ·
629 2725 1068 2796 συμμεταϐάλλειν
1125 2730 1226 2800 γὰρ
1282 2728 1452 2787 αὐτοῖς
1494 2725 1692 2798 ἀνάγκη
1741 2731 1804 2779 τὰ

213 2819 424 2884 σωματα
455 2819 554 2866 καὶ
585 2817 670 2875 τας
701 2819 872 2888 χρόας
923 2817 1033 2886 ἅμα
1076 2825 1136 2888 τῇ
1191 2815 1393 2890 διαίτῃ,
1446 2821 1530 2868 καὶ
1575 2817 1806 2888 μάλιστα

208 2911 298 2952 τῶν
351 2903 520 2955 οἰλλων
591 2901 793 2956 παίδων
863 2905 1238 2974 εὐπαθούντων,
1319 2909 1476 2958 αἴτιοι
1560 2903 1803 2959 κινδύνου

209 2997 290 3042 καὶ
337 2997 598 3066 τιμωρίας
651 2997 790 3062 αὐτῷ
847 3005 1200 3047 καταστῶσιν.
1259 2995 1488 3066 Ἓχοντα
1533 2992 1620 3046 οὖν
1675 2999 1804 3068 πρός

209 3089 350 3132 τοῦτο
399 3081 631 3143 εύλαϐῶς
685 3087 770 3133 τὸν
822 3083 1113 3154 Ἀσχάνην,
1173 3087 1440 3138 πείθουσιν
1479 3087 1528 3136 οἱ
1579 3093 1804 3155 γενναῖοι

211 3173 282 3220 ἐπὶ
337 3167 468 3222 δέκα
543 3173 736 3246 ἡμέρας
811 3183 978 3224 ταῦτα
1036 3183 1334 3246 παρασχεῖν
1391 3173 1568 3234 αὐτοῖς
1627 3180 1804 3248 πείρας

209 3257 360 3320 ἕνεκα,
411 3265 502 3311 καὶ
561 3265 628 3331 μὴ
701 3261 1094 3333 μεταϐαλούσης
1147 3267 1235 3332 μεν
1308 3263 1484 3324 αὐτοῖς
1545 3273 1638 3323 τῆς
1705 3273 1803 3314 τῶν

213 3351 456 3417 σωμάτων
525 3348 684 3412 ἕξεως,
742 3349 824 3402 ἐὰν
879 3359 982 3411 τοῖς
1027 3353 1205 3412 αὐτοῖς
1253 3353 1499 3424 ἐπιμένειν
1542 3357 1608 3415 ῶς
1655 3351 1804 3404 οὐδὲν

1751 3451 1770 3458 ,ι

213 3437 278 3484 ἔτι
331 3435 762 3509 βλαϐησομένους
811 3457 822 3468 ’
870 3441 912 3492 εἰ
957 3437 1014 3492 δὲ
1061 3443 1366 3512 μειωθέντας
1413 3439 1520 3494 ἴδοι
1565 3447 1652 3494 καὶ
1707 3451 1806 3493 τῶν

213 3523 365 3576 νῦλων
423 3523 754 3601 ἀειόέστερον
827 3531 1065 3600 ἔχοντας,
1127 3529 1212 3581 ἐπὶ
1265 3535 1357 3588 τὴν
1407 3535 1658 3604 προτέραν
1713 3529 1808 3581 αύ-

213 3617 324 3672 τούς
371 3617 524 3686 άγειν
579 3613 784 3668 δίαιταν
835 3623 922 3669 καὶ
977 3621 1110 3669 κατὰ
1162 3621 1227 3670 τα
1265 3619 1574 3690 κελευσμένα
1621 3627 1802 3670 ποιεῖν.

211 3701 290 3764 Ὠς
339 3701 398 3756 δε
445 3709 510 3756 ού
569 3711 720 3775 μόνον
774 3704 924 3759 οὐδὲν
977 3709 1166 3770 αύτούς
1243 3709 1412 3760 ἐλύπει
1473 3715 1566 3768 τὴν
1613 3713 1806 3780 τροφήν

215 3797 394 3850 εκείνην
455 3803 896 3868 προσφερομένης,
949 3797 1076 3849 ἀλλὰ
1117 3803 1204 3850 καὶ
1253 3807 1352 3850 τῶν
1411 3799 1572 3850 οὒιλων
1627 3799 1809 3872 εὐτρα-

218 3885 438 3956 φέστεροι
481 3887 538 3934 τὰ
573 3893 792 3956 σώματα
821 3893 908 3938 καὶ
946 3887 1094 3938 καλοὶ
1139 3891 1229 3945 τὴν
1281 3887 1398 3958 ἄψιν
1447 3887 1693 3958 ἐγίνοντο,
1719 3887 1807 3948 Ὠς

215 3973 324 4032 τούς
352 3975 580 4046 ὁρῶντας
601 3979 720 4037 τοὺς
741 3979 830 4047 μεν
852 3981 968 4050 περὶ
995 3981 1080 4028 τὸν
1104 3977 1292 4034 Δανιὴλ
1310 3974 1480 4030 δοκεῖν
1511 3977 1558 4028 ἐν
1593 3975 1810 4048 ἀφθονία

215 4067 295 4110 καὶ
323 4071 492 4134 τρυφῇ
525 4071 586 4136 τῇ
615 4067 760 4138 πάσῃ
795 4064 966 4137 βιοῦν,
999 4071 1115 4126 τοὺς
1147 4067 1343 4138 ἑτέρους
1384 4063 1440 4119 δὲ
1469 4075 1566 4118 τῶν
1607 4063 1807 4118 παίδων

217 4145 530 4226 ἐνδεέστερον
586 4156 848 4207 σιτεῖσθαι
888 4161 977 4207 καὶ
1013 4161 1083 4228 μὴ
1120 4159 1254 4208 κατὰ
1297 4160 1482 4229 χρείαν
1535 4155 1807 4208 ἀπολαύειν

217 4245 306 4288 τῶν
337 4236 648 4312 διδομένων,

283 4329 346 4382 Γ.
382 4329 472 4393 Ἐξ
521 4329 712 4384 ἐκείνου
769 4335 900 4404 μετὰ
959 4329 1142 4396 ἁδείας
1196 4335 1220 4385 ὁ
1273 4333 1544 4406 Ἀσχάνης
1587 4335 1686 4386 ὅσα
1719 4337 1807 4405 μὲν

219 4413 310 4468 ἔιπό
355 4429 448 4471 τοῦ
504 4417 714 4473 δείπνου
758 4423 874 4475 καθ’
917 4425 1112 4495 ἡμέραν
1164 4425 1403 4485 συνήθως
1459 4427 1650 4494 ἔπεμπε
1693 4426 1808 4474 τού-

1919 1847 2076 1899 rege,
2121 1847 2257 1886 eum
2289 1837 2592 1901 rogarunt,
2637 1839 2700 1886 ut
2739 1848 2872 1904 quae
2913 1831 2990 1886 ab
3021 1831 3152 1903 ipso
3177 1847 3315 1900 rege
3357 1829 3432 1885 ad
3467 1845 3568 1884 eos

1919 1919 2253 1983 afferentur,
2296 1921 2421 1992 ipse
2483 1921 2781 1993 accipiens
2837 1924 3260 1976 consumeret:
3317 1935 3426 1990 pro
3486 1917 3568 1974 eis

1917 2013 2116 2065 autem
2143 2009 2428 2081 praeberet
2448 2011 2754 2079 legumina
2775 2015 2830 2066 et
2852 2010 3122 2082 dactylos
3145 2010 3222 2066 ad
3245 2007 3570 2064 nutrimen-

1917 2103 2064 2163 tum,
2099 2105 2154 2153 et
2193 2099 2240 2154 si
2273 2100 2422 2172 quid
2461 2101 2624 2156 aliud
2653 2101 2826 2156 vellet
2864 2117 2934 2156 ex
3003 2098 3306 2154 inanimis.
3365 2099 3428 2152 In
3455 2097 3570 2152 hac

1914 2188 2074 2244 enim
2103 2189 2237 2244 vitae
2269 2189 2498 2246 ratione
2529 2189 2808 2246 dicebant
2857 2205 2920 2245 se
2969 2205 3100 2244 esse
3145 2187 3430 2242 educatos
3491 2183 3569 2240 ab

1913 2275 2098 2341 initio,
2135 2277 2310 2332 aliam
2341 2295 2480 2334 vero
2521 2279 2845 2350 despicere.
2879 2279 2973 2334 llle
3004 2281 3202 2334 autem
3234 2276 3471 2332 dicebat
3508 2289 3569 2328 se

1913 2381 2040 2421 esse
2067 2367 2314 2438 quidem
2355 2373 2632 2440 paratum
2665 2368 2948 2424 inservire
2981 2383 3186 2422 eorum
3227 2363 3520 2421 voluntati
3552 2380 3566 2418 :

1913 2456 2020 2510 sed
2051 2457 2278 2520 timere,
2305 2473 2379 2512 ne
2415 2457 2474 2512 id
2505 2473 2604 2513 rex
2625 2459 2958 2512 rescisceret
2990 2473 3058 2512 ex
3086 2471 3406 2527 corporum
3439 2467 3570 2522 gra-

1911 2545 2126 2600 cilitate
2165 2551 2220 2600 et
2269 2545 2464 2600 vultus
2523 2546 2765 2617 pallore.
2809 2549 3056 2601 Necesse
3095 2544 3254 2598 enim
3321 2559 3474 2606 esse,
3507 2544 3570 2596 ut

1911 2634 1992 2688 eis
2023 2634 2198 2689 simul
2225 2641 2524 2690 mutentur
2553 2651 2806 2706 corpora
2831 2639 2886 2690 et
2907 2633 3134 2689 colores
3163 2649 3302 2687 cum
3339 2631 3568 2687 ratione

1913 2722 2144 2778 victus:
2186 2729 2242 2778 et
2281 2723 2566 2790 maxime,
2607 2739 2682 2779 ne
2713 2741 2851 2778 cum
2892 2723 2986 2778 alii
3025 2721 3194 2794 pueri
3235 2721 3350 2774 sint
3389 2719 3568 2774 bonae

1915 2811 2304 2878 habitudinis,
2333 2812 2448 2883 ipsi
2479 2813 2596 2868 sint
2623 2812 2672 2868 ei
2713 2828 2898 2868 causa
2923 2810 3166 2883 periculi
3185 2815 3240 2865 et
3267 2807 3564 2880 supplicii.

1917 2903 2062 2957 Cum
2095 2903 2294 2974 itaque
2323 2903 2599 2958 cautione
2631 2903 2748 2958 hac
2781 2901 2840 2958 in
2871 2917 2932 2956 re
2957 2905 3219 2956 uteretur
3239 2897 3566 2960 Aschanes,

1911 2991 1960 3047 ei
1991 2991 2353 3062 persuadent
2373 2991 2541 3063 pueri
2567 2991 2644 3047 illi
2686 2991 2927 3060 egregii,
2951 2993 3013 3046 ut
3035 2989 3240 3046 decem
3277 2987 3407 3044 dies
3438 2985 3566 3042 haec

1913 3079 2023 3134 illis
2037 3079 2329 3153 praeberet
2347 3081 2688 3153 experiendi
2713 3095 2897 3136 causa
2923 3099 2934 3138 :
2956 3083 3012 3134 et
3028 3079 3072 3134 si
3093 3093 3212 3133 non
3235 3079 3569 3133 mutaretur

1913 3169 2153 3241 quidem
2185 3171 2266 3226 eis
2302 3187 2622 3242 corporum
2663 3169 2926 3237 habitus,
2959 3167 3174 3224 sineret
3211 3167 3272 3222 in
3313 3166 3397 3221 eis
3439 3181 3571 3234 per-

1915 3275 2206 3314 severare.
2253 3261 2352 3316 Sin
2383 3265 2584 3316 autem
2614 3259 2827 3314 viderit
2857 3258 3202 3321 diminutos,
3244 3261 3300 3312 et
3338 3255 3468 3311 aliis
3508 3269 3569 3309 se

1913 3347 2203 3404 habentes
2248 3348 2524 3414 deterius,
2563 3365 2664 3404 eos
2699 3349 2776 3404 ad
2805 3348 3066 3420 priorem
3097 3348 3290 3402 victus
3321 3345 3571 3401 reducat

1913 3438 2226 3506 rationem,
2251 3442 2308 3492 et
2331 3437 2506 3494 faciat
2531 3441 2597 3492 ut
2625 3437 2730 3493 fuit
2762 3437 2814 3493 ei
2848 3437 3232 3508 imperatum.
3259 3435 3408 3490 Cum
3427 3449 3568 3489 vero

1914 3541 1984 3581 eo
2063 3527 2347 3582 alimento
2417 3531 2646 3582 utentes
2711 3527 2851 3582 nihil
2881 3526 3346 3590 offenderentur,
3375 3523 3480 3579 sed
3514 3527 3570 3579 et

1915 3629 2180 3686 corpora
2211 3631 2418 3670 eorum
2449 3615 2709 3670 melioris
2731 3621 2932 3670 essent
2957 3613 3354 3678 habitudinis,
3383 3628 3568 3685 quam

1917 3705 2191 3770 aliorum,
2234 3709 2292 3760 et
2319 3709 2568 3776 aspectu
2633 3705 2993 3776 pulchriora,
3023 3703 3176 3758 adeo
3207 3707 3272 3758 ut
3313 3703 3414 3772 qui
3465 3717 3566 3756 eos

1917 3795 2220 3860 videbant,
2257 3799 2534 3866 putarent
2563 3793 2859 3848 Danielem
2893 3791 3142 3864 quidem
3178 3795 3234 3845 et
3259 3795 3376 3845 tres
3419 3788 3568 3845 alios

1917 3884 2112 3940 vivere
2141 3883 2202 3939 in
2228 3882 2512 3938 omnibus
2539 3881 2782 3938 lautitiis
2814 3885 2870 3936 et
2893 3881 3116 3936 deliciis
3147 3898 3158 3934 :
3187 3879 3338 3936 alios
3365 3883 3568 3935 autem

1915 3988 2134 4045 pueros
2163 3971 2322 4028 vesci
2359 3971 2618 4043 parcius,
2649 3987 2760 4026 nec
2781 3970 2867 4028 eis
2925 3973 3238 4042 suppetere
3287 3983 3378 4032 ea,
3433 3981 3568 4038 quae

1919 4067 2058 4118 sunt
2087 4061 2165 4118 ad
2199 4077 2378 4118 usum
2401 4061 2759 4118 necessaria.

1991 4329 2090 4384 III.
2121 4333 2203 4386 Ex
2230 4329 2328 4386 illo
2349 4333 2635 4402 tempore,
2686 4345 2824 4386 cum
2865 4329 3214 4400 reverentia,
3273 4327 3573 4384 Aschanes

1919 4420 2554 4495 quaacunquequidem
2581 4435 2612 4475 e
2645 4435 2755 4476 sua
2771 4423 3040 4486 ccena,ut
3067 4418 3310 4488 solebat,
3343 4417 3572 4474 adeum

219 4513 312 4566 τοῖς
355 4509 380 4558 ό
433 4507 704 4579 βασιλεὺς,
765 4512 916 4572 αὐτὸς
969 4511 1261 4583 ἐλάμϐανεν,
1317 4512 1565 4586 ἐχορήγει
1610 4509 1666 4563 δε
1713 4511 1804 4562 αύ-

1918 4491 2298 4570 mittebatrex
2311 4491 2436 4580 ipse
2449 4508 2780 4580 accipiebat
2797 4524 2808 4561 :
2825 4523 2956 4579 quae
2969 4507 3247 4579 praedicta
3259 4511 3396 4562 sunt
3411 4521 3570 4570 vero,

225 4602 314 4656 τοῖς
345 4601 406 4648 τα
435 4605 786 4672 προειρημένα
817 4619 828 4630 ·
862 4604 910 4652 οἱ
943 4598 999 4653 δε
1039 4605 1102 4661 ως
1146 4607 1234 4652 καὶ
1280 4611 1378 4653 τῶν
1409 4601 1599 4672 ψυχῶν
1633 4601 1806 4660 αύτοῐς

223 4679 306 4734 διὰ
357 4697 512 4740 τοῦτο
567 4691 804 4763 καθαρῶν
857 4696 944 4742 καὶ
1005 4696 1130 4762 προς
1187 4696 1277 4748 τὴν
1331 4699 1428 4742 τῶν
1483 4692 1804 4762 μαθημάτων

223 4773 462 4846 ανάληψιν
511 4776 817 4836 ἐπιτηδείων
872 4779 926 4830 ἐκ
977 4783 1162 4832 τούτου
1217 4785 1582 4852 γεγενημένων,
1631 4785 1803 4831 πᾶσαν

227 4859 424 4934 ἑτοίμως
483 4865 724 4938 ἐξέμαθον
779 4873 872 4926 τήν
925 4865 1190 4932 παιδείαν,
1245 4871 1360 4929 ἥτις
1423 4867 1482 4926 ἦν
1536 4871 1676 4941 παρά
1753 4889 1804 4920 τε

223 4959 316 5010 τοῖς
353 4953 608 5028 Ἑϐραίοις
659 4963 746 5008 καὶ
807 4965 916 5019 τοίς
975 4955 1282 5024 Χαλδαίοις,
1337 4958 1567 5030 μάλιστα
1621 4955 1678 5010 δὲ
1710 4965 1802 5010 Δα-

221 5041 338 5104 νιὴλ,
387 5045 434 5104 ὃς
479 5047 647 5106 ἱκανός
689 5043 796 5104 ἤδη
849 5052 963 5120 περὶ
1009 5053 1100 5104 τὴν
1149 5045 1426 5099 παίδευσιν
1453 5053 1674 5118 γεγονὼς
1713 5053 1802 5098 καὶ

225 5135 328 5199 περὶ
357 5139 568 5204 κρίσεως
609 5135 810 5206 ὀνείρων
867 5133 1202 5198 ἐσπουδάκει,
1251 5143 1338 5188 καὶ
1391 5140 1446 5188 τὸ
1479 5143 1626 5188 Θεῖον
1661 5139 1799 5204 αύτῴ

229 5225 420 5292 οανιρὸν
469 5223 657 5292 ἐγίνετο
701 5244 714 5256 ·
767 5226 854 5276 ὑπ’
901 5225 1060 5276 αὐτοῦ
1092 5245 1144 5277 τε
1185 5229 1501 5296 τυπούμενος
1541 5231 1632 5283 τὴν
1689 5223 1779 5276 διά

225 5323 372 5372 νοιαν,
425 5312 582 5364 πολλά
637 5322 736 5364 τῶν
793 5313 1070 5383 μελλόντων
1135 5313 1359 5388 ἐναργῶς
1433 5321 1794 5388 προηγόρευεν.

229 5399 444 5468 Δεύτερον
503 5403 756 5475 παρῆλθεν
815 5406 919 5462 ἔτος
964 5411 1058 5463 τῆς
1106 5413 1204 5453 τῶν
1251 5403 1616 5475 Ἱεροσολύμων
1673 5403 1800 5454 αλω-

231 5500 361 5548 σεως,
411 5495 494 5542 καὶ
529 5493 552 5542 ο
594 5489 843 5562 βασιλεὺς
868 5488 1340 5564 Ναϐουχοδονόσορ
1376 5497 1494 5566 ὄναρ
1541 5493 1636 5564 ὀρᾴ
1678 5493 1798 5544 θαυ-

229 5581 432 5645 μαστὸν,
464 5578 520 5630 οὗ
549 5585 640 5640 τὴν
690 5579 906 5633 ἔκϐασιν
945 5583 1082 5633 κατὰ
1127 5584 1244 5642 τοὺς
1287 5581 1478 5640 ὕπνους
1521 5581 1670 5642 αὐτὸς
1709 5581 1797 5634 αύ-

1915 4603 1998 4658 eis
2025 4597 2470 4671 suppeditabat.
2497 4597 2580 4652 Illi
2601 4601 2820 4661 autem,
2855 4601 3052 4667 utpote
3070 4595 3236 4668 quod
3257 4596 3341 4651 eis
3357 4595 3574 4652 animas

1915 4695 2231 4763 propterea
2245 4691 2556 4743 evaserant
2572 4685 2810 4740 munda:
2829 4689 2884 4742 et
2898 4690 3051 4758 aptae
3067 4685 3144 4741 ad
3159 4684 3574 4756 suscipiendas

1912 4778 2245 4849 diciplinas,
2297 4791 2541 4831 omnem
2568 4775 2682 4830 cito
2722 4773 2980 4830 didicere
3037 4775 3391 4842 doctrinam,
3451 4777 3576 4828 tam

1912 4883 2048 4938 quae
2073 4869 2198 4920 erat
2220 4865 2384 4936 apud
2417 4863 2718 4928 Hebraeos,
2760 4879 2947 4936 quam
2986 4878 3121 4935 quae
3176 4861 3338 4935 apud
3411 4859 3578 4917 Chal-

1911 4957 2098 5012 deos:
2144 4955 2402 5010 maxime
2433 4968 2574 5008 vero
2619 4953 2838 5017 Daniel,
2881 4952 2986 5023 qui
3036 4967 3172 5007 cum
3235 4952 3360 5022 jam
3421 4952 3577 5006 esset

1910 5045 2053 5101 satis
2095 5044 2360 5099 doctrina
2388 5047 2722 5114 provectus,
2759 5041 3028 5098 studium
3086 5054 3329 5112 quoque
3361 5053 3578 5109 posue-

1909 5138 2000 5190 rat
2029 5133 2086 5188 in
2113 5130 2338 5204 judicio
2371 5131 2782 5186 somniorum:
2826 5131 2998 5202 eique
3057 5131 3212 5184 Deus
3263 5125 3577 5182 manifeste

1908 5221 2239 5294 apparebat
2268 5243 2280 5276 :
2316 5236 2352 5276 a
2376 5235 2498 5293 quo
2527 5235 2664 5276 cum
2688 5219 2814 5292 ejus
2837 5235 3006 5274 mens
3035 5215 3476 5280 informaretur,
3507 5231 3579 5273 ex

1907 5311 2118 5368 futuris
2141 5312 2326 5366 multa
2365 5309 2668 5366 evidenter
2709 5308 3000 5381 praedixit.
3042 5305 3354 5364 Secundus
3381 5321 3578 5362 annus

1909 5400 2282 5474 prmterierat,
2337 5415 2406 5454 ex
2459 5415 2580 5470 quo
2640 5403 2816 5470 capta
2857 5397 3093 5454 fuerant
3141 5395 3576 5468 Hierosolyma,

1908 5495 1964 5546 et
1993 5506 2095 5546 rex
2119 5485 3014 5558 Nabuchodonosorisomnium
3031 5485 3184 5542 videt
3202 5485 3576 5551 admirabile,

1909 5579 2082 5650 cujus
2116 5583 2398 5637 eventum
2425 5576 2484 5634 in
2516 5576 2744 5634 somnis
2768 5576 2899 5650 ipse
2929 5578 3084 5635 Deus
3103 5575 3156 5634 ei
3199 5576 3578 5650 signiﬁcavit.
