4066 6224
383 243 491 301 375

1793 258 2052 318 MENSIS
2088 257 2363 319 IULIUS.

3645 264 3757 325 3‘76

379 375 478 429 ltle
504 376 705 431 autem
731 391 869 434 cum
884 379 1277 438 surrexissete
1299 382 1500 453 cubili,
1524 387 1580 442 et
1621 386 1809 458 ipsius
1830 387 2036 445 somnii

2158 397 2227 459 τῷ
2282 386 2541 448 ἐδήλωσεν
2596 391 2621 443 ὁ
2671 394 2794 454 Θεὸς
2826 409 2839 423 ·
2882 393 2908 445 ὁ
2973 389 3032 446 δὲ
3082 402 3177 457 τῆς
3221 396 3401 456 κοίτης
3462 390 3754 458 διαναστὰς

377 468 463 518 est
492 463 731 527 oblitus,
766 470 821 521 et
850 466 1024 535 illius,
1061 486 1244 540 quam
1274 488 1309 526 a
1358 475 1472 529 Deo
1525 475 1749 542 habuit,
1812 477 2045 548 conjec-

378 557 544 609 turas.
598 556 886 611 Chaldaeis
918 574 1055 621 ergo
1084 562 1355 630 protinus
1386 566 1707 631 accersitis,
1770 572 1888 621 tam
1940 566 2042 637 qui

377 649 541 698 erant
570 644 720 698 inter
752 662 960 715 magos
986 650 1205 714 eximii,
1257 667 1439 721 quam
1472 654 1573 723 qui
1604 656 1772 725 periti
1813 656 2043 710 divina-

378 731 567 795 tionis,
598 732 743 786 dixit
775 735 856 788 eis
886 751 946 791 se
977 737 1190 793 vidisse
1221 741 1544 806 somnium,
1578 750 1632 797 et
1683 745 1827 815 quid
1864 745 2044 813 signi-

376 822 672 875 ﬁcaverit:
708 839 885 893 porro
916 828 1215 895 accidisse,
1254 836 1314 883 ut
1340 846 1546 887 eorum
1577 834 2038 898 oblivisceretur,

373 925 507 979 qua:
532 910 762 967 viderat
790 930 801 967 :
837 918 891 968 et
918 914 1174 983 jubebat
1205 934 1306 973 eos
1340 921 1531 977 dicere
1547 925 1853 993 quodnam
1886 931 2040 979 esset

375 999 698 1064 somnium,
726 1006 782 1055 et
814 1018 1090 1073 quaenam
1120 1012 1271 1062 esset
1304 1009 1680 1077 signiﬁcatio.
1746 1013 1859 1068 [llis
1900 1030 2039 1069 vero

376 1086 715 1143 dicentibus
774 1091 899 1147 ﬁeri
936 1108 1055 1148 non
1100 1111 1277 1167 posse
1309 1098 1387 1152 ab
1418 1100 1783 1157 hominibus.
1815 1106 1877 1158 ut
1926 1101 2038 1159 nisi

374 1182 500 1248 ipse
540 1180 904 1249 exposuisset
968 1184 1275 1253 visionem,
1309 1189 1712 1259 conjecturam
1768 1194 2040 1249 enuntia-

372 1271 503 1321 rent
532 1285 545 1322 :
578 1269 702 1339 ipse
736 1277 987 1327 mortem
1019 1274 1283 1331 minatus
1333 1283 1419 1333 est
1482 1280 1872 1351 sapientibus,
1925 1284 2037 1339 nisi

375 1355 425 1409 ei
452 1360 509 1410 et
540 1358 827 1415 visionem
860 1369 1204 1421 revocarent
1235 1367 1294 1421 in
1330 1370 1706 1435 memoriam,
1736 1376 1789 1426 et
1842 1375 2035 1444 conje-

374 1447 604 1501 cturam
672 1448 849 1504 simul
909 1453 1306 1510 enuntiarent.
1342 1458 1404 1511 Et
1457 1460 1653 1514 statim
1699 1461 1879 1531 jussit
1937 1480 2035 1519 eos

374 1548 583 1589 omnes
608 1536 883 1604 interimi,
918 1557 1055 1596 cum
1084 1546 1575 1613 pronuntiassent
1608 1565 1667 1603 se
1694 1565 1814 1605 non
1862 1568 2034 1623 posse

376 1621 567 1678 facere
595 1625 673 1690 id,
708 1628 871 1697 quod
890 1629 1042 1701 jussi
1076 1630 1327 1689 fuerant.

449 1714 530 1765 ιν.
566 1714 709 1768 Cum
735 1716 846 1771 hoc
874 1718 1252 1777 intellexisset
1286 1723 1512 1789 Daniel,
1536 1727 1801 1797 jussisse
1832 1744 2033 1797 regem
2066 1723 2108 1777 Β

376 1815 586 1857 omnes
607 1805 796 1861 occidi
821 1808 1135 1879 sapientes,
1166 1812 1316 1868 inter
1341 1814 1451 1869 hos
1475 1822 1673 1871 autem
1703 1834 1763 1872 se
1788 1835 2032 1891 quoque

375 1906 513 1946 cum
531 1896 793 1962 cognatis
815 1898 1011 1954 venire
1026 1900 1084 1955 in
1100 1902 1453 1970 periculum,
1475 1906 1699 1960 accedit
1719 1907 1795 1962 ad
1819 1909 2031 1965 .trioch

377 1994 565 2035 unum
593 1997 664 2038 ex
694 1985 849 2053 regis
880 1988 1246 2053 satellitibus,
1283 1995 1337 2047 et
1392 1999 1585 2062 rogat,
1655 2002 1717 2051 ut
1770 1998 1818 2051 ei
1875 1998 2035 2054 dicat

377 2084 639 2133 causam,
669 2080 907 2144 propter
929 2092 1113 2147 quam
1146 2095 1245 2133 rex
1273 2083 1396 2136 tam
1428 2082 1701 2153 improbe
1758 2086 2035 2155 jussisset

375 2157 565 2212 occidi
592 2175 801 2216 omnes
828 2165 1141 2234 sapientes,
1168 2168 1477 2224 Chaldaeos
1509 2176 1563 2225 et
1616 2187 1845 2241 magos.
1886 2178 2029 2231 Cum

379 2262 513 2301 vero
539 2247 612 2302 de
643 2251 877 2306 somnio
905 2268 974 2307 ex
1005 2270 1075 2309 eo
1114 2255 1515 2328 intellexisset,
1575 2266 1629 2316 et
1660 2264 1823 2333 quod
1880 2266 2033 2333 jussi

379 2350 415 2390 a
438 2350 575 2404 rege
601 2336 714 2392 hoc
731 2338 781 2392 ei
804 2338 1126 2408 declarare,
1154 2346 1257 2416 qui
1277 2345 1468 2404 fuerat
1494 2349 1737 2415 oblitus,
1764 2353 2035 2421 dixerunt

379 2440 440 2479 se
480 2440 599 2479 non
632 2442 845 2496 posse:
880 2437 935 2486 et
968 2439 1274 2504 propterea
1330 2453 1432 2493 rex
1498 2438 1585 2495 ira
1653 2448 1873 2507 motus,
1933 2460 2034 2498 eos-

380 2517 569 2569 morte
590 2515 898 2574 damnavit
931 2538 943 2574 :
985 2524 1216 2591 rogavit
1257 2527 1493 2592 Arioch,
1558 2535 1619 2585 ut
1672 2531 1922 2587 intraret
1959 2533 2033 2587 ad

377 2617 602 2672 regem,
631 2609 687 2660 et
708 2610 934 2677 peteret
997 2612 1191 2683 magis
1244 2631 1430 2671 unam
1483 2620 1740 2685 noctem,
1783 2626 1838 2676 et
1868 2622 1926 2677 in
1968 2639 2037 2677 ea

378 2692 535 2748 hanc
580 2693 837 2751 differret
882 2698 1422 2771 interemptionem.
1480 2707 1717 2764 Dicebat
1777 2711 1924 2765 enim
1977 2727 2036 2767 se

380 2796 617 2851 sperare
641 2783 763 2840 fore
790 2790 852 2840 ut
873 2804 1011 2843 cum
1038 2791 1097 2845 in
1120 2807 1191 2847 ea
1226 2795 1403 2849 Deum
1461 2803 1706 2862 orasset,
1732 2802 2034 2855 somnium

381 2877 853 2939 cognosceret.Et
882 2877 974 2932 ille
1006 2880 1244 2949 quidem
1272 2883 1397 2938 haec
1423 2887 1544 2955 regi
1574 2903 1755 2957 quam
1783 2890 2035 2959 primum

379 2962 758 3020 renuntiavit.
817 2965 914 3020 Ille
989 2972 1189 3024 autem
1249 2973 1495 3044 cupiens
1541 2976 1707 3041 scire,
1760 2995 2035 3048 quaenam

2156 478 2312 530 αὐτοῦ
2359 500 2411 532 τε
2459 488 2551 532 τοῦ
2596 480 2849 556 ὀνείρατος
2887 483 3050 542 λήθην
3093 486 3222 555 ἔσχε
3261 489 3349 536 καὶ
3380 485 3441 545 ἧς
3472 487 3624 555 ἔτυχε
3652 484 3753 545 δή·

2155 587 2253 618 που
2283 572 2421 643 παρά
2454 578 2585 622 Θεοῦ
2627 579 2717 633 τῆς
2752 578 3098 646 συγκρίσεως.
3153 577 3283 634 Τούς
3331 570 3416 625 οὖν
3449 571 3750 636 Χαλδαίους

2154 656 2343 708 αὐτίκα
2385 660 2863 731 μεταμεμψάμενος,
2924 664 3039 714 ὅσοι
3088 682 3139 714 τε
3192 672 3289 714 τῶν
3334 665 3513 734 μάγων
3559 662 3752 737 ἐξαίρε-

2150 766 2229 797 τοι
2260 752 2347 799 καὶ
2378 750 2493 799 ὅσοι
2532 754 2619 806 τὴν
2670 755 2923 821 μαντικὴν
2972 754 3225 823 ἔμπειροι,
3278 754 3345 812 ὡς
3389 754 3467 809 εἴη
3524 772 3577 805 τε
3627 757 3748 829 ὄναρ

2154 837 2390 909 ἑωρακὼς
2426 838 2600 897 αὐτοῖς
2655 840 2816 909 ἔλεγεν
2860 846 2947 892 καὶ
2999 845 3056 893 τὸ
3104 840 3435 907 συμϐεϐηκὸς
3486 846 3602 915 περὶ
3653 848 3750 899 τὴν

2150 924 2311 983 λήθην
2369 930 2431 987 ὡς
2491 924 2621 979 εἶδεν
2677 927 2988 999 ἀπήγγελλεν
3049 948 3060 959 ·
3120 930 3310 982 ἐκέλευέ
3342 950 3393 982 τε
3445 929 3607 1000 λέγειν
3657 931 3753 982 αύ-

2150 1018 2283 1075 τούς,
2333 1017 2357 1066 ὀ
2385 1035 2434 1066 τι
2461 1036 2511 1067 τε
2539 1013 2599 1073 ἦν
2653 1020 2707 1068 τὸ
2742 1021 2858 1091 ὄναρ
2888 1023 2976 1070 καὶ
3006 1023 3080 1078 τίς
3132 1022 3160 1076 ὴ
3219 1015 3446 1079 δήλωσις
3481 1037 3491 1048 ⁸
3530 1028 3625 1070 τῶν
3684 1016 3749 1071 δὲ

2150 1099 2404 1155 ἀδύνατον
2459 1102 2586 1157 εἶναι
2638 1104 2885 1176 λεγόντων
2947 1105 3257 1181 ἀνθρώποις,
3316 1108 3358 1159 εἰ
3411 1113 3481 1179 μὴ
3536 1112 3599 1160 τά
3650 1117 3749 1171 τῆς

2149 1194 2372 1263 ὁράσεως
2424 1194 2596 1256 αὐτοῖς
2642 1198 2861 1261 ἕκθοιτο,
2908 1201 3000 1253 τὴν
3044 1200 3322 1269 σύγκρισιν
3361 1196 3695 1267 ἀπαγγέλλειν
3732 1215 3745 1226 ⁸

2148 1281 2298 1342 αὐτὸς
2348 1284 2562 1335 θάνατον
2596 1284 2789 1342 ἠπείλει
2832 1293 2941 1345 τοῖς
2970 1291 3086 1359 περὶ
3118 1293 3286 1338 ταῦτα
3335 1294 3533 1358 σοφοῖς,
3580 1287 3621 1339 εἰ
3668 1292 3746 1358 μὴ

2146 1375 2234 1421 καὶ
2263 1374 2357 1429 τὴν
2389 1370 2675 1444 ἀνάμνησιν
2717 1374 2856 1444 αὐτῷ
2906 1383 2998 1426 τοῦ
3040 1377 3296 1449 ὁράματος
3338 1380 3427 1428 καὶ
3470 1380 3562 1433 τὴν
3613 1379 3753 1447 σύγ-

2145 1479 2319 1532 κρισιν
2351 1463 2479 1533 ὁμοῦ
2508 1458 2868 1534 διαγγείλωσι,
2897 1469 2987 1516 καὶ
3022 1465 3167 1525 εὐθὺς
3202 1469 3519 1538 προσέταττε
3548 1468 3751 1528 πάντας

2146 1550 2329 1610 αύτούς
2368 1550 2703 1625 ἀναιρεθῆναι
2753 1556 2880 1627 πρὸς
2920 1558 2977 1607 τὸ
3013 1555 3279 1607 κελευσθὲν
3305 1552 3571 1616 ἀδυνάτως
3602 1558 3748 1626 ἔχειν

2146 1637 2627 1711 ἀπαγορεύσαντας.

2216 1726 2286 1783 Δ’.
2339 1736 2503 1780 Τοῦτο
2550 1732 2727 1800 μαθὼν
2772 1731 2979 1794 Δανιὴλ,
3014 1733 3097 1783 ὅτι
3150 1732 3453 1804 προστάξειε
3490 1734 3686 1795 πάντας
3718 1736 3749 1785 ὁ

2145 1814 2389 1888 βασιλεὺς
2443 1816 2713 1870 ἀποθανεῖν
2773 1824 2893 1881 τούς
2945 1824 3153 1892 σοφούς,
3209 1820 3255 1872 ἐν
3309 1825 3511 1882 τούτοις
3554 1819 3750 1874 δὲκαὶ

2144 1906 2297 1957 αὐτὸν
2364 1910 2491 1978 μετά
2540 1918 2638 1959 τῶν
2720 1918 2979 1980 συγγενῶν
3063 1907 3398 1980 κινδυνεύειν,
3470 1916 3748 1983 πρόσεισιν

2144 1994 2344 2067 Ἀριὼχ
2396 2004 2469 2066 τῷ
2523 2004 2613 2048 τοῦ
2671 1996 2932 2068 βασιλέως
2982 1999 3385 2071 σωματοφύλακι
3434 2005 3523 2051 καὶ
3571 1996 3750 2051 δεῖται

2143 2085 2262 2156 παρ’
2315 2084 2473 2135 αὐτοῦ
2517 2090 2609 2143 τὴν
2661 2086 2832 2137 αἰτίαν
2881 2089 3081 2157 μαθεῖν,
3133 2084 3205 2140 δι’
3250 2088 3309 2146 ὴν
3357 2089 3491 2141 οὕτω
3520 2098 3685 2149 κακῶς
3717 2092 3749 2141 ὁ

2146 2172 2395 2244 βασιλεὺς
2450 2177 2648 2236 πάντας
2704 2179 2780 2233 εἴη
2832 2176 3077 2237 κελεύσας
3130 2177 3459 2252 ἀναιρεθῆναι
3511 2182 3624 2238 τοὺς
3658 2198 3749 2230 σο-

2144 2264 2268 2334 φούς
2297 2282 2350 2315 τε
2402 2269 2491 2314 καὶ
2548 2260 2851 2327 Χαλδαίους
2890 2270 2978 2317 καὶ
3021 2267 3219 2338 μάγους
3262 2286 3273 2297 ·
3317 2273 3405 2319 καὶ
3453 2269 3629 2339 μαθὼν
3676 2272 3750 2319 τὰ

2143 2356 2260 2423 περὶ
2333 2360 2422 2403 τοῦ
2497 2351 2734 2404 ἐνυπνίου
2810 2359 2899 2405 καὶ
2956 2356 3035 2406 ὅτι
3083 2355 3435 2417 κελευσθέντες
3493 2358 3591 2407 ύπό
3649 2364 3748 2408 τοῦ

2148 2438 2403 2511 βασιλέως
2443 2441 2581 2492 τοῦτ’
2639 2442 2778 2512 αύτῷ
2835 2439 3027 2500 δηλοῦν
3058 2443 3449 2516 ἐπιλελησμένον
3479 2449 3549 2517 μὴ
3586 2442 3749 2497 δύνα-

2150 2532 2274 2581 σθαι
2301 2526 2438 2582 εἷπον
2487 2549 2497 2559 ·
2526 2536 2614 2583 καὶ
2664 2528 2758 2583 διὰ
2801 2541 2964 2586 ταῦτα
3004 2538 3133 2606 πρὸς
3172 2534 3326 2608 ὀργὴν
3357 2538 3601 2600 κινηθεὶς,
3654 2538 3751 2587 θά-

2146 2638 2295 2670 νατον
2346 2619 2508 2671 αὐτῶν
2558 2626 2880 2694 κατακρίνοι,
2928 2622 3075 2685 ὴξίου
3122 2627 3207 2674 τὸν
3250 2623 3449 2697 Ἀριὼχ
3495 2624 3745 2677 εἰσελθὸν-

2147 2727 2212 2759 τα
2258 2712 2387 2780 πρὸς
2432 2712 2513 2759 τὸν
2547 2708 2772 2781 βασιλέα
2800 2715 2917 2783 μίαν
2946 2712 3271 2769 αἰτήσασθαι
3300 2716 3460 2765 νύκτα
3500 2721 3601 2773 τοῖς
3636 2714 3747 2784 μά-

2146 2816 2259 2867 γοις
2299 2802 2388 2849 καὶ
2438 2802 2595 2870 ταύτῃ
2644 2804 2736 2857 τὴν
2778 2798 3038 2867 ἀναίρεσιν
3065 2800 3303 2873 ἐπισχεῖν
3340 2820 3350 2831 ·
3390 2802 3611 2865 ἐλπίζειν
3637 2806 3742 2876 γὰρ

2149 2882 2239 2937 δια
2279 2890 2495 2958 ταύτην,
2540 2891 2747 2959 ἔφασκε,
2782 2886 2982 2950 δεηθεὶς
3028 2900 3119 2942 τοῦ
3174 2896 3317 2954 Θεοῦ,
3359 2894 3655 2962 γνώσεσθαι
3684 2895 3742 2944 τό

2147 2972 2377 3027 ἐνύπνιον
2419 2994 2430 3004 ·
2488 2982 2577 3028 καὶ
2630 2980 2654 3028 ὁ
2711 2981 2798 3048 μὲν
2847 2982 2980 3030 κατά
3037 2982 3199 3051 τάχος
3250 2979 3533 3051 ἀπήγγελλε
3577 2989 3745 3033 ταῦτα

381 3054 537 3105 esset
559 3051 723 3115 visio,
754 3057 807 3107 et
837 3070 1111 3123 quasnam
1135 3065 1290 3115 esset
1320 3062 1447 3130 ejus
1468 3063 1843 3131 signiﬁcatio,
1873 3068 2036 3137 jubet

2148 3072 2217 3133 τῷ
2250 3063 2457 3135 βασιλεῖ
2492 3083 2501 3093 '
2539 3068 2563 3117 ὀ
2615 3063 2672 3118 δὲ
2707 3070 2888 3137 μαθεῖν
2920 3069 3021 3141 ἄρα
3066 3069 3393 3141 γλιχόμενος,
3436 3075 3515 3132 τίς
3546 3073 3575 3127 ὴ
3619 3071 3743 3141 ὄψις

382 3137 657 3193 sustineri
689 3155 1007 3209 magorum
1039 3144 1579 3219 interemptionem,
1615 3153 1805 3210 donec
1839 3156 2028 3223 sciret,

382 3226 673 3301 Quidnam
722 3229 989 3285 dicturus
1039 3239 1193 3290 esset
1222 3237 1445 3305 Daniel,
1480 3245 1532 3294 et
1565 3257 1844 3311 quamam
1880 3252 2036 3302 esset

379 3320 509 3390 ejus
535 3318 743 3373 virtus.
779 3317 876 3373 Hic
934 3335 1076 3389 ergo
1108 3322 1317 3381 beatus
1350 3343 1486 3383 cum
1533 3334 1655 3386 tota
1685 3339 1856 3389 nocte
1901 3352 2035 3391 cum

381 3406 652 3477 cognatis
693 3407 771 3461 ad
790 3422 851 3461 se
880 3411 1238 3480 secessisset,
1286 3419 1407 3472 tota
1438 3423 1610 3474 nocte
1656 3424 1771 3477 Deo
1814 3426 2035 3496 suppli-

379 3496 556 3561 cavit,
590 3499 653 3550 ut
685 3510 893 3564 magos
919 3505 1173 3557 servaret
1199 3508 1254 3558 et
1278 3504 1607 3574 Chaldaeos,
1646 3526 1783 3566 cum
1814 3513 2035 3584 quibus

379 3587 506 3658 ipse
533 3600 771 3655 quoque
815 3585 992 3642 simul
1032 3596 1157 3646 erat
1213 3594 1604 3664 periturus,et
1633 3598 1910 3657 liberaret
1959 3604 2036 3660 ab

380 3675 467 3731 ira
499 3673 675 3742 regis,
711 3672 1035 3743 aperiendo
1088 3679 1139 3733 ei
1206 3682 1517 3749 visionem,
1546 3687 1717 3756 cujus
1756 3706 1857 3746 rex
1912 3698 2037 3748 erat

373 3764 614 3821 oblitus.
650 3764 801 3817 Deus
832 3772 1031 3822 autem
1076 3768 1251 3826 simul
1290 3781 1343 3827 et
1378 3774 1656 3830 misertus
1687 3794 1895 3834 eorum
1933 3782 2034 3851 qui

375 3857 543 3910 erant
570 3852 629 3907 in
662 3851 944 3923 periculo,
980 3860 1034 3911 et
1064 3859 1269 3915 volens
1297 3880 1471 3919 suum
1505 3867 1859 3937 prophetam
1902 3871 2035 3925 red-

375 3944 513 3998 dere
575 3940 924 4011 gloriosum,
981 3946 1032 3999 ei
1066 3948 1358 4018 signiﬁcat
1399 3956 1721 4020 somnium,
1758 3962 1812 4012 et
1851 3959 2039 4029 aperit

375 4031 810 4101 conjecturam:
846 4036 900 4086 et
944 4048 1079 4089 cum
1114 4040 1383 4107 protinus
1417 4042 1616 4097 Daniel
1658 4045 1785 4100 haec
1818 4048 2036 4102 Azarias

374 4295 656 4355 immutat
712 4306 770 4357 et
812 4301 1005 4358 reddit
1054 4301 1303 4359 laetiores
1353 4310 1409 4360 et
1451 4308 1654 4364 animo
1693 4309 2032 4370 alacriores.

442 4566 506 4620 V.
542 4569 685 4623 Cum
720 4569 836 4624 Deo
864 4573 1066 4626 autem
1120 4587 1257 4627 cum
1298 4574 1382 4628 eis
1408 4574 1625 4644 egisset
1656 4578 1896 4646 gratias,
1930 4583 2031 4653 qui

372 4655 645 4711 misertus
666 4657 857 4714 fuerat
886 4674 1087 4715 eorum
1120 4662 1329 4727 astatis.
1358 4667 1414 4718 et
1435 4669 1588 4719 esset
1611 4666 1759 4731 dies,
1816 4673 2033 4729 accedit

372 4744 447 4799 ad
490 4745 721 4809 Arioch.
750 4751 804 4803 et
833 4754 1022 4819 rogat,
1058 4754 1121 4805 ut
1145 4766 1282 4806 eum
1314 4751 1494 4808 ducat
1523 4754 1598 4809 ad
1624 4771 1844 4825 regem.
1884 4761 2033 4817 Dixit

371 4833 550 4899 enim,
587 4850 649 4890 se
680 4835 731 4891 ei
754 4837 897 4892 velle
931 4842 1233 4894 somnium
1268 4839 1628 4911 signiﬁcare,
1661 4848 1822 4917 quod
1865 4851 1913 4904 ei
1939 4868 2031 4906 ac

371 4922 504 4977 cidit
560 4928 623 4979 ut
670 4930 839 4981 nocte
884 4928 1102 4983 videret
1152 4930 1469 5000 preeterita.
1510 4932 1821 5001 Ingressus
1873 4955 2028 5003 vero,

370 5011 632 5081 primum
656 5030 717 5069 se
748 5018 1070 5082 excusavit,
1102 5018 1311 5074 nolens
1344 5020 1473 5075 aliis
1526 5022 1815 5078 Chaldaeis
1852 5026 2029 5081 videri

370 5101 720 5171 sapientior:
746 5111 802 5161 et
840 5107 1005 5178 quod
1035 5123 1173 5162 cum
1213 5108 1406 5162 nullus
1464 5108 1698 5166 illorum
1742 5114 2031 5183 potuisset

371 5187 635 5248 invenire
653 5196 977 5262 somnium,
1003 5197 1130 5268 ipse
1154 5196 1214 5251 id
1235 5197 1693 5253 essetdicturus.
1730 5201 1851 5256 Non
1870 5205 2029 5259 enim

372 5293 477 5348 per
506 5283 948 5351 experientiam,
983 5302 1175 5358 neque
1200 5287 1360 5358 quod
1388 5285 1459 5341 sit
1500 5288 1816 5344 subtilioris
1849 5296 1900 5346 et
1936 5309 2031 5347 so-

372 5366 624 5424 lertioris
664 5373 909 5443 ingenii,
951 5375 1063 5431 hoc
1122 5376 1372 5432 accidit:
1422 5376 1525 5431 sed
1582 5379 1780 5443 nostri,
1816 5379 2027 5451 inquit,

371 5452 647 5512 misertus
674 5460 848 5527 Deus,
879 5464 973 5535 qui
997 5480 1350 5521 veneramus
1370 5464 1429 5520 in
1472 5465 1679 5520 mortis
1704 5467 2029 5535 periculum

372 5540 513 5597 mihi
546 5559 654 5615 pro
694 5566 827 5608 mea
858 5553 1061 5613 anima
1084 5558 1394 5621 eteorum,
1436 5554 1538 5627 qui
1570 5559 1706 5612 sunt
1764 5557 2033 5626 ejusdem

2146 3159 2234 3205 καὶ
2284 3159 2358 3213 τίς
2412 3158 2604 3215 ταύτης
2660 3158 2689 3213 ὴ
2749 3159 3047 3229 σύγκρισις,
3094 3159 3283 3210 κελεύει
3331 3164 3418 3216 τὴν
3477 3160 3743 3234 ἀναίρεσιν

2146 3250 2245 3293 τῶν
2306 3246 2485 3315 μάγων
2545 3246 2913 3315 ἐπισχεθῆναι,
2979 3248 3073 3308 ἕως
3130 3256 3256 3319 γνῷ,
3310 3254 3439 3309 τίνες
3496 3252 3545 3300 οἱ
3595 3248 3744 3319 λόγοι

2146 3339 2237 3383 τοῦ
2271 3332 2479 3401 Δανιὴλ,
2526 3338 2614 3385 καὶ
2652 3339 2734 3395 τίς
2764 3334 2822 3385 ἂν
2864 3337 2893 3393 ὴ
2934 3336 3055 3411 παρ’
3088 3337 3260 3397 άύτοίς
3306 3340 3380 3394 εἴη
3416 3335 3653 3409 δύναμις.
3681 3338 3743 3391 Ὀ

2146 3423 2397 3494 μακάριος
2449 3421 2598 3483 οὗτος
2646 3428 2816 3474 τοίνυν
2869 3427 2999 3496 μετά
3062 3434 3161 3478 τῶν
3217 3434 3475 3497 συγγενῶν
3531 3429 3745 3499 ύποχωυ

2147 3513 2317 3582 ρὴσας
2362 3513 2491 3582 πρὸς
2532 3511 2732 3579 ἑαυτὸν,
2779 3508 2851 3564 δι’
2897 3513 3013 3574 ὅλης
3055 3516 3245 3567 ἱκέτευε
3290 3523 3383 3577 τῆς
3430 3520 3609 3577 νυκτὸς
3656 3520 3744 3568 τὸν

2150 3602 2297 3664 Θεὸν,
2335 3607 2505 3651 σῶσαι
2563 3605 2651 3652 καὶ
2709 3605 2825 3662 τοὺς
2870 3605 3067 3674 μάγους
3118 3610 3207 3656 καὶ
3254 3609 3373 3665 τοὺς
3421 3602 3745 3672 Χαλδαίους,

2149 3688 2225 3747 οἷς
2257 3684 2324 3745 δὴ
2359 3692 2448 3740 καὶ
2491 3688 2648 3749 αὐτὸς
2677 3689 2847 3762 μέλλει
2888 3692 3291 3758 συναπολέσθαι,
3339 3700 3427 3747 καὶ
3474 3696 3747 3769 ῥύσασθαι

2148 3785 2241 3838 τῆς
2271 3785 2359 3829 τού
2416 3776 2675 3849 βασιλέως
2730 3779 2887 3853 ὀργῆς
2922 3780 3277 3854 ἐμφανίσαντα
3316 3786 3401 3841 τὴν
3456 3785 3573 3855 ὄψιν
3604 3784 3748 3854 αὐτῷ

2148 3872 2237 3918 καὶ
2267 3873 2561 3923 ποιήσαντα
2620 3865 2806 3933 δήλην,
2859 3872 2917 3930 ἧς
2962 3873 2985 3922 ὁ
3041 3870 3291 3943 βασιλεὺς
3338 3873 3637 3931 ἐπιλέληστο
3671 3892 3681 3903 ⁸
3719 3875 3746 3925 ὁ

2151 3952 2209 4007 δε
2252 3960 2378 4017 Θεὸς
2428 3956 2536 4025 οἶμα
2566 3960 2682 4018 τούς
2736 3978 2787 4010 τε
2824 3957 3213 4022 κινδυνεύοντας
3257 3962 3467 4023 ἐλεήσας
3520 3968 3607 4015 καὶ
3656 3966 3745 4015 τὸν

2149 4047 2305 4095 αὐτού
2358 4052 2626 4119 προφήτην
2673 4044 2897 4110 δοξάσαι
2956 4050 3284 4122 βουλόμενος,
3330 4058 3385 4105 τό
3422 4073 3474 4105 τε
3502 4057 3619 4125 ὄναρ
3652 4054 3747 4104 αὐ-

2149 4141 2218 4201 τῷ
2248 4135 2491 4208 γνωρίζει
2516 4141 2600 4187 καὶ
2633 4139 2698 4188 τὰ
2727 4146 2818 4198 τῆς
2857 4145 3182 4213 συγκρίσεως
3222 4139 3359 4200 δῆλα
3382 4148 3679 4215 παρίστησι
3720 4158 3731 4169 ’

2147 4227 2236 4273 καὶ
2267 4224 2454 4281 Δανιὴλ
2480 4226 2626 4286 εὐθὺς
2673 4234 2836 4278 ταῦτα
2890 4236 3000 4289 τοῖς
3051 4236 3164 4303 περὶ
3219 4230 3467 4306 Ἀζαρίαν
3527 4230 3745 4283 ἐκκαλύ-

2145 4310 2265 4381 ψας,
2296 4316 2413 4372 τοὺς
2436 4317 2525 4383 μὲν
2554 4311 2914 4384 ἀπεγνωκότας
2945 4314 3052 4375 ἤδη
3082 4328 3173 4371 του
3218 4323 3310 4392 ζῇν
3363 4324 3450 4371 καὶ
3502 4324 3630 4394 πρὸς
3686 4325 3741 4372 τὸ

2146 4402 2380 4452 τεθνάναι
2428 4405 2520 4460 τὴν
2552 4398 2787 4455 διάνοιαν
2818 4407 3042 4476 ἔχοντες,
3080 4408 3151 4470 εἰς
3188 4412 3246 4460 τὸ
3288 4409 3624 4481 εὐθυμότερον
3656 4429 3746 4481 με·

2143 4488 2402 4542 ταϐάλλει.

2215 4578 2288 4630 E’.
2349 4579 2758 4653 Εὐχαριστὴσας
2811 4578 2869 4634 δὲ
2921 4592 2991 4654 τῷ
3043 4590 3148 4655 Θεῷ
3224 4588 3332 4657 μετ’
3394 4587 3561 4639 αὐτῶν
3607 4587 3742 4640 ἔλεον

2141 4666 2345 4718 λαϐόντι
2392 4676 2488 4727 τῆς
2535 4668 2735 4729 ἡλικίας
2786 4671 2971 4737 αὐτῶν,
3025 4680 3297 4747 γενομένης
3345 4677 3536 4750 ἡμέρας
3574 4696 3742 4750 παρα-

2139 4762 2331 4827 γίνεται
2388 4762 2513 4831 πρὸς
2586 4762 2668 4810 τὸν
2734 4760 2933 4833 ’Λριὼχ
2999 4768 3086 4815 καὶ
3172 4766 3313 4836 οἴγειν
3378 4766 3530 4817 αύτὸν
3583 4766 3738 4828 ἠξίου

2140 4849 2264 4919 πρὸς
2316 4845 2537 4917 βασιλέα
2590 4866 2600 4876 ’
2642 4845 2882 4906 δηλῶσαι
2920 4854 3020 4924 γάρ
3068 4854 3206 4925 αὐτῷ
3239 4852 3523 4925 βούλεσθαι
3554 4859 3611 4907 τὸ
3662 4856 3739 4907 ἐν·

2140 4938 2317 4986 ύπνιον
2375 4937 2489 5005 ἔφη,
2563 4938 2683 5009 ὅπερ
2768 4935 2894 4991 ἰδεῖν
2974 4951 3067 5004 τῆς
3130 4944 3492 5015 παρελθούσης
3549 4950 3739 5009 νυκτὸς

2141 5026 2304 5094 τούτῳ
2350 5022 2691 5094 συμϐέϐηκεν.
2739 5028 2989 5081 Εἰσελθὼν
3048 5028 3105 5083 δε
3155 5042 3433 5105 παρῃτεῖτο
3477 5038 3541 5085 τα
3593 5045 3738 5106 πρῶ-

2141 5132 2224 5175 τα,
2275 5116 2344 5181 μὴ
2395 5118 2678 5187 σοφώτερον
2731 5117 2884 5169 αὐτὸν
2927 5115 3074 5182 δόξαι
3109 5129 3206 5171 τῶν
3250 5121 3411 5173 ἄλλων
3454 5120 3735 5176 Χαλδαίων

2142 5201 2466 5275 βουλόμενος,
2509 5208 2595 5255 καὶ
2650 5207 2728 5256 ὅτι
2768 5204 2993 5277 μηδενὸς
3050 5209 3248 5262 ἐκείνων
3298 5215 3354 5263 τὸ
3401 5215 3521 5284 ὄναρ
3574 5214 3735 5287 εὑρεῖν

2142 5287 2469 5356 δυνηθέντος,
2524 5291 2677 5353 αὐτὸς
2726 5294 2847 5347 αὐτὸ
2890 5298 3063 5367 μέλλοι
3116 5299 3275 5368 λέγειν
3331 5317 3342 5328 ·
3390 5299 3447 5351 οὐ
3477 5304 3576 5374 γὰρ
3617 5302 3735 5354 κατ’

2141 5378 2427 5451 ἐμπειρίαν,
2484 5376 2596 5431 οὐδ’
2644 5383 2720 5433 ὅτι
2772 5390 2863 5442 τὴν
2910 5384 3144 5441 διάνοιαν
3186 5389 3350 5440 αὐτῶν
3404 5389 3590 5460 μᾶλλον
3651 5390 3734 5441 ἐκ-

2140 5473 2444 5533 πεπόνηται,
2502 5478 2653 5523 τοῦτο
2723 5479 2940 5545 γίνεται,
3005 5477 3109 5529 ἀλλ’
3178 5478 3407 5541 ἐλεήσας,
3484 5485 3635 5551 φησι,
3703 5483 3728 5532 ὁ

2144 5562 2272 5621 Θεὸς
2309 5555 2692 5622 κινδυνεύοντας
2742 5562 3030 5638 ἀποθανεῖν,
3094 5564 3325 5627 δεηθέντι
3382 5574 3493 5641 περί
3542 5588 3595 5621 τε
3644 5578 3734 5631 τῆς
