4066 6224
229 445 349 517 ἐμῆς
397 447 584 518 ψυχῆς
635 449 722 504 xui
774 453 871 498 τῶν
943 448 1216 518 ὁμοεθνῶν,
1292 453 1380 499 καὶ
1437 449 1492 498 τὸ
1564 451 1682 519 ὄναρ
1735 448 1825 498 καὶ
1858 441 1901 493 Α

1721 555 1825 604 ουχ

226 626 378 681 ἧττον
407 627 509 696 γὰρ
538 633 631 686 τῆς
676 625 752 696 ἐφ’
785 627 908 696 ἡμῖν
949 625 1119 686 λύπης
1156 627 1185 684 ἦ
1221 631 1338 696 περὶ
1380 635 1474 686 τῆς
1525 635 1624 687 σῆς
1670 622 1826 687 δόξης

225 540 316 592 τήν
395 539 675 610 σύγκρισιν
752 536 911 588 αῦτοῦ
1003 539 1220 611 φανερὰν
1309 537 1548 594 ἐποίησεν
1627 556 1639 568 ο

223 713 543 785 ἐφροντιζον,
580 711 618 765 ὧ
668 713 908 786 βασιλεῦ,
961 712 1160 775 ἀδίκως
1195 715 1358 777 οὕτως
1401 712 1592 788 ἄνδρας
1640 715 1826 776 καλούς

224 822 279 855 τε
325 808 415 854 καὶ
465 803 692 874 ἀγαθούς
738 801 1010 856 ἀποθανεῖν
1069 803 1459 877 ἐπιτρέψαντος,
1518 805 1571 866 ἐξ
1617 805 1684 854 ὧν
1742 803 1826 854 οῦ·-

225 887 311 942 δεν
366 894 456 962 μεν
506 889 834 964 ἀνθρωπίνης
892 897 1076 964 σοφίας
1125 892 1369 966 ἐχόμενον
1420 899 1644 966 ᾔτησας,
1701 893 1725 944 ὃ
1767 889 1825 945 δὲ

225 978 283 1039 ἦν
338 983 487 1055 ἔργον
530 986 688 1053 μόνου
733 990 866 1034 Θεοῦ
907 982 1189 1046 ἐπεζήτεις.
1235 989 1320 1036 Σοὶ
1366 989 1555 1044 τοίνυν,
1591 980 1629 1033 ὦ
1664 981 1824 1054 βασι-

221 1071 328 1136 λεῦ,
379 1072 701 1144 φροντίζοντι
761 1077 877 1142 περὶ
950 1081 1042 1124 τοῦ
1113 1078 1192 1134 τίς
1270 1073 1413 1145 ἄρξει
1467 1081 1556 1124 τοῦ
1622 1077 1822 1142 κόσμου

221 1165 418 1222 παντὸς
486 1163 618 1232 μετά
673 1163 747 1222 σε,
806 1159 1116 1232 βουλόμενος
1179 1159 1417 1219 δηλῶσαι
1481 1165 1629 1223 Θεὸς,
1702 1160 1821 1232 ὄναρ

221 1247 552 1302 ύποδεικνύει
599 1257 830 1301 τοιοῦτον
877 1267 886 1277 ·
923 1246 1146 1312 Ἕδοξας
1190 1250 1310 1323 ὁρᾷν
1341 1248 1624 1325 ἀνδριάντα
1662 1256 1822 1322 μέγαν

224 1339 442 1394 ἑστῶτα.
492 1338 554 1390 οὗ
605 1343 693 1396 τήν
747 1342 836 1410 μὲν
889 1339 1110 1411 κεφαλήν
1163 1340 1454 1392 συνέϐαινεν
1505 1337 1632 1392 εἶναι
1682 1360 1820 1412 χρυ-

226 1431 342 1489 σῆν,
402 1430 518 1487 τοὺς
574 1424 631 1479 δὲ
681 1433 852 1499 ὤμους
890 1434 978 1480 καὶ
1030 1432 1150 1490 τοὺς
1199 1428 1492 1502 βραχίονας
1544 1428 1818 1502 ἀργυροῦς,

222 1515 324 1567 ἀπὸ
351 1515 556 1586 χαλκοῦ
597 1513 657 1568 δε
696 1522 790 1574 τήν
819 1520 1049 1590 γαστέρα
1077 1521 1166 1568 καὶ
1205 1521 1323 1580 τοὺς
1364 1521 1578 1588 μηροὺς,
1621 1522 1821 1585 κνήμας

220 1610 309 1656 καὶ
362 1601 534 1664 πόδας
579 1601 838 1678 σιδηροῦς
893 1624 905 1637 ·
960 1609 1136 1658 ἔπειτα
1185 1606 1326 1658 λίθον
1375 1603 1507 1667 εἶδες
1575 1606 1627 1667 ἐξ
1676 1610 1822 1678 δοους

223 1693 580 1768 ἀπορραγέντα
645 1695 884 1766 ἐμπεσεῖν
941 1714 997 1747 τε
1047 1705 1118 1766 τῷ
1177 1693 1450 1769 ἀνδριάντι
1502 1700 1590 1746 καὶ
1640 1702 1818 1746 τοῦτον

224 1783 582 1836 καταϐαλόντα
623 1784 906 1856 συντρῖψαι
963 1790 1052 1837 καὶ
1093 1782 1257 1856 μηδὲν
1317 1785 1477 1837 αὐτοῦ
1522 1789 1668 1856 μέρος
1711 1784 1820 1836 ὀλό-
1857 1779 1900 1833 Β

231 1873 408 1943 κληρον
458 1872 679 1945 ἀφεῖναι,
726 1878 811 1925 τὸν
865 1870 922 1925 δὲ
976 1877 1180 1944 χρυσόν
1229 1879 1316 1926 καὶ
1359 1877 1446 1925 τὸν
1477 1875 1702 1947 ἄργυρον
1730 1879 1818 1925 καὶ

225 1967 309 2014 τὸν
362 1963 560 2033 χαλκὸν
607 1969 695 2015 καὶ
749 1968 834 2015 τὸν
875 1960 1094 2037 σίδηρον
1132 1963 1430 2038 λεπτότερον
1461 1965 1700 2034 γενέσθαι
1732 1967 1820 2014 καὶ

222 2058 403 2114 κόνεως
461 2071 472 2082 ’
522 2058 612 2104 καὶ
671 2056 756 2104 τὸν
813 2057 900 2124 μὲν
953 2052 1138 2125 ἀνέμου
1195 2056 1510 2114 πνεύσαντος
1572 2053 1642 2113 εἰς
1697 2051 1822 2126 ἀέρα

225 2137 606 2214 διασπαρῆναι,
638 2144 724 2193 τόν
773 2139 832 2194 δὲ
859 2141 1000 2194 λίθον
1048 2141 1279 2204 αὐξῆσαι
1317 2149 1567 2194 τοσοῦτον
1595 2144 1658 2202 ὡς
1689 2141 1822 2194 άπα-

223 2248 315 2279 σαν
346 2226 519 2281 δοκεῖν
569 2235 663 2288 τήν
710 2238 808 2299 γῆν
852 2231 937 2281 ὑπ’
978 2230 1137 2281 αὐτοῦ
1195 2230 1590 2301 πεπληρῶσθαι.
1624 2232 1692 2284 Τὸ
1732 2234 1820 2302 μὲν

219 2316 361 2387 ὄναρ,
409 2316 531 2386 ὅπερ
589 2314 745 2375 αὐτὸς
793 2310 948 2378 εἶδες,
979 2311 1182 2366 τοιόνδε
1214 2333 1222 2342 ⁸
1260 2317 1289 2373 ἡ
1328 2318 1608 2386 σύγκρισις
1645 2312 1702 2367 δε
1733 2316 1823 2366 αύ-

217 2412 306 2454 τοῦ
341 2412 521 2454 τοῦτον
552 2406 666 2474 ἔχει
695 2406 780 2454 τὸν
814 2406 1000 2472 τρόπον
1047 2420 1058 2431 ⁸
1109 2406 1137 2461 ἡ
1191 2405 1280 2475 μὶν
1311 2413 1490 2475 χρυσῆ
1539 2404 1728 2475 κεφαλή
1766 2389 1824 2456 σέ

215 2511 270 2544 τε
322 2489 513 2548 ἐδήλου
571 2497 660 2543 καὶ
715 2495 836 2552 τοὺς
891 2496 988 2563 πρὸ
1039 2501 1135 2544 σοῦ
1190 2491 1437 2564 βασιλέας
1471 2493 1822 2556 Βαϐυλωνίους

214 2584 268 2631 αἱ
303 2577 404 2632 δύο
445 2577 503 2632 δὲ
533 2587 708 2652 χεῖρες
738 2586 826 2632 xui
856 2582 904 2632 οἱ
931 2579 1060 2652 ὦμοι
1091 2583 1191 2634 ὑπὸ
1225 2579 1323 2635 δύο
1361 2583 1821 2641 καταλυθήσεσθαι

224 2669 483 2740 βασιλέων
537 2676 631 2727 τήν
688 2671 965 2741 ἡγεμονίαν
1032 2673 1195 2741 ὑμῶν,
1273 2677 1473 2745 Πέρσας
1545 2671 1672 2724 εἶναι
1732 2679 1820 2725 καὶ

220 2756 442 2819 Μήδους
499 2762 711 2820 τούτους
769 2765 904 2831 φημί
957 2778 968 2789 '
1020 2766 1113 2820 τήν
1168 2758 1226 2813 δὲ
1281 2759 1480 2813 ἐκείνων
1532 2763 1694 2836 ἕτερός
1747 2783 1821 2822 τις

223 2848 322 2900 ἀπὸ
373 2858 461 2909 τῆς
519 2845 720 2909 δύσεως
789 2851 1103 2922 καθαιρήσει
1161 2851 1361 2923 χαλκὸν
1438 2853 1809 2923 ἠμφιεσμένος.

216 2935 559 3012 Ἀλέξανδρος
616 2939 766 3000 οὗτος
816 2942 841 2991 ό
900 2936 1153 2993 Μακεδών
1216 2960 1227 2970 ο
1286 2946 1375 2993 καὶ
1431 2943 1623 2998 ταύτην
1689 2942 1816 3000 ἄλλη

1429 3035 1518 3081 καὶ
1570 3037 1732 3102 κρατή
1743 3050 1820 3083 σει

1216 2960 1227 2970 ’
1286 2946 1375 2993 καὶ
1431 2943 1623 2998 ταύτην

218 3032 431 3094 παύσει,
465 3033 559 3086 τήν
601 3027 761 3098 ἰσχύν
815 3031 969 3100 ὁμοία
1013 3037 1083 3098 τῷ
1127 3027 1334 3103 σιδήρῳ
1370 3047 1381 3060 ⁸

217 3122 307 3187 μὲν
359 3117 424 3177 εἰς
461 3117 597 3169 ἅπαν
643 3113 738 3169 διά
785 3122 878 3176 τὴν
911 3125 1001 3170 τοῦ
1060 3115 1281 3191 σιδήρου
1318 3123 1471 3191 φύσιν
1506 3137 1517 3148 ·
1556 3117 1683 3170 εἶναι
1721 3123 1898 3204 γάρζορ

218 3208 378 3264 αὐτὴν
417 3206 752 3280 στερροτέραν
799 3216 890 3268 τῆς
920 3215 1008 3259 τοῦ
1056 3216 1266 3279 χρυσοῦ
1311 3214 1400 3260 καὶ
1449 3216 1540 3260 τοῦ
1590 3206 1821 3282 ἀργύρου

217 3301 305 3347 καὶ
351 3303 440 3347 τοῦ
489 3295 697 3365 χαλκοῦ
727 3313 739 3326 ⁸
775 3298 805 3354 ἡ
840 3305 938 3349 τῶν
967 3296 1229 3369 Ῥωμαίων
1282 3298 1414 3355 αὕτη
1470 3293 1825 3369 μεγαλοδύνα-

219 3405 313 3456 μος
359 3383 628 3457 βασιλεία.
677 3381 944 3444 Ἐδήλωσε
975 3383 1033 3439 δὲ
1073 3387 1212 3457 αύτῷ
1264 3391 1350 3438 καὶ
1391 3391 1505 3457 περὶ
1551 3394 1642 3438 τοῦ
1680 3385 1823 3437 λίθου

215 3473 375 3542 λέγων
407 3492 419 3503 ·
472 3475 553 3526 ὅτι
594 3473 654 3526 Ὀ
684 3474 826 3538 λίθος
857 3477 881 3527 ό
913 3478 1129 3546 τμηθεὶς
1175 3477 1294 3528 ἄνευ
1347 3484 1562 3550 χειρῶν,
1611 3476 1635 3526 ό
1692 3482 1822 3548 Χρι-

221 3567 338 3623 στός
394 3562 506 3615 ἐστι
567 3582 580 3596 ·

215 3672 298 3704 τεν
309 3672 391 3705 τεν
404 3695 415 3708 ο

307 3741 402 3826 ς’.
432 3742 491 3796 Ὀ
509 3740 570 3796 δὲ
601 3742 848 3815 βασιλεὺς
877 3740 1354 3817 Ναϐουχοδονόσορ
1385 3743 1624 3805 ἀκηκοὼς
1655 3751 1822 3796 ταῦτα

215 3838 305 3884 καὶ
357 3833 497 3884 τοῦτ’
534 3833 664 3884 αύτό
705 3830 832 3886 εἶναι
874 3837 932 3885 τὸ
959 3835 1104 3904 φανὲν
1152 3838 1270 3907 ὄναρ
1325 3839 1515 3896 συνεὶς,
1566 3833 1820 3904 ἐξεπλάγη

216 3925 304 3971 τόν
344 3921 534 3978 Δανιὴλ
588 3930 681 3973 τοῦ
710 3922 980 3994 μεγαλείου
1031 3930 1125 3984 τῆς
1168 3925 1384 3994 φύσεως,
1418 3928 1507 3974 xui
1537 3932 1820 3998 παραχρῆ-

217 4031 291 4078 μα
315 4013 483 4081 μικρά
525 4013 695 4063 πάντα
743 4017 830 4064 καὶ
885 4010 1153 4083 βασιλείαν
1204 4012 1367 4070 αὐτὴν
1417 4017 1506 4064 καὶ
1542 4017 1693 4083 ὄγκον
1727 4023 1820 4074 τῆς

217 4097 391 4171 ἀρχῆς
446 4102 672 4172 θέμενος,
727 4108 816 4152 τοῦ
867 4103 1045 4173 θρόνου
1089 4121 1141 4153 τε
1194 4100 1531 4164 ἐξανίσταται
1578 4107 1667 4154 xui
1713 4103 1818 4155 ἰσο-

217 4190 354 4250 θέοις
393 4188 580 4241 ἐκεῖνον
612 4189 764 4262 ἐτίμα
793 4197 964 4262 τιμαῖς
1005 4208 1018 4219 ⁸
1057 4193 1131 4242 ἔτι
1171 4186 1230 4242 δὲ
1273 4195 1361 4242 καὶ
1418 4196 1511 4248 τήν
1554 4211 1817 4264 προσηγο-

213 4283 333 4350 ρίαν
389 4278 548 4331 ἀύτοῦ
601 4287 692 4330 τοῦ
743 4275 882 4332 ἰδίου
931 4287 1064 4332 Θεοῦ
1125 4281 1347 4349 θέμενος,
1404 4279 1611 4340 ἀπάσης
1661 4280 1814 4333 αὐτὸν

215 4365 494 4440 ἐπίτροπον
520 4376 615 4428 τῆς
647 4367 924 4440 βασιλείας
973 4368 1216 4424 ἐποίησεν
1263 4388 1280 4406 ο

211 4459 338 4517 τοὺς
398 4464 666 4527 συγγενεῖς
718 4457 856 4528 αύτῷ
910 4462 999 4508 καὶ
1078 4461 1170 4515 τὴν
1237 4455 1412 4530 ἀρετήν
1470 4459 1810 4530 ὁμοτρόπους,

1334 4368 1390 4420 ού
1435 4373 1536 4441 μὴν
1569 4368 1698 4421 ἀλλὰ
1727 4376 1815 4423 καὶ
1847 4381 1893 4436 1)

610 4546 859 4618 Ἀζαρίαν
938 4551 1089 4617 φημὶ,
1145 4546 1405 4618 ἄρχοντας
1481 4543 1816 4600 ἀναδείκνυσι

218 4631 536 4697 Βαϐυλῶνος,
590 4635 674 4695 οὓς
720 4634 826 4706 μετ’
867 4635 1036 4706 ὀλίγον
1087 4636 1185 4686 ὑπὸ
1240 4636 1427 4705 φθόνου
1481 4641 1569 4687 καὶ
1613 4635 1818 4707 βασκα-

213 4551 336 4607 re“);
416 4550 534 4618 περὶ

214 4725 323 4780 νίας
372 4721 437 4782 εἰς
487 4719 727 4775 κίνδυνον
781 4722 1018 4794 ἐμπεσεῖν
1066 4721 1272 4786 συνέϐη,
1315 4732 1387 4792 τῷ
1422 4722 1633 4793 βασιλεῖ
1659 4745 1822 4797 προσ-

215 4812 545 4881 κρούσαντας
598 4812 653 4874 ἐξ
696 4812 866 4874 αἰτίας
919 4814 1159 4870 τοιαύτης
1216 4826 1226 4839 ·
1281 4813 1306 4862 ὁ
1361 4811 1679 4874 Βαϐυλώνιος
1719 4813 1821 4887 βα-

218 4897 390 4958 σιλεὺς
421 4898 604 4960 ἐκεῖνος
654 4909 766 4962 ταῖς
805 4903 937 4953 κατά
989 4903 1073 4952 τόν
1122 4899 1238 4973 βίον
1283 4900 1541 4962 εύθηνίαις
1576 4902 1646 4963 εἰς
1694 4902 1818 4955 ἀπό-

213 5006 355 5037 νοιαν
386 4987 647 5062 ἐπαρθεὶς,
699 4993 774 5042 ἔτι
830 4988 888 5043 δὲ
940 4995 1027 5041 καὶ
1076 4998 1146 5059 τῷ
1200 4988 1446 5060 ἀμυθήτῳ
1491 4991 1694 5062 πλούτῳ
1725 4999 1814 5044 καὶ

215 5083 284 5144 τῷ
314 5076 500 5134 πλήθει
552 5087 652 5129 τῶν
707 5081 1064 5149 ὑποταγέντων
1119 5079 1270 5129 ἐθνῶν
1320 5076 1402 5130 ἐπὶ
1451 5084 1584 5150 μέγα
1627 5099 1680 5132 τε
1725 5101 1814 5152 φυ-

218 5167 393 5226 σηθεὶς
444 5173 535 5219 καὶ
612 5176 804 5240 μικροῦ
874 5173 963 5219 xui
1028 5171 1156 5226 Θεὸς
1210 5163 1337 5218 εἶναι
1383 5163 1475 5219 διὰ
1517 5174 1814 5240 κουφότητα

216 5257 542 5323 φαντασθεὶς,
621 5263 906 5328 μονονουχὶ
953 5262 1042 5309 xui
1097 5258 1241 5317 θεοὺς
1297 5255 1534 5309 πλάττειν
1587 5259 1809 5331 αύθήμε-

213 5361 300 5411 ρον
353 5349 476 5412 ᾤετο
541 5352 631 5398 xui
701 5349 766 5398 τά
848 5346 1013 5398 οἰκεῖα
1075 5354 1171 5398 τῶν
1225 5345 1384 5398 αὐτοῦ
1434 5356 1626 5421 χειρῶν
1684 5353 1810 5424 ἔργα

217 5432 355 5491 θεούς
392 5431 664 5497 ἀποδεῖξαι
691 5433 799 5488 δεῖν
827 5431 1073 5488 ἔσπευδεν
1115 5449 1128 5462 ⁸
1167 5434 1390 5488 ἐντεῦθεν
1439 5442 1528 5489 καὶ
1569 5447 1806 5512 χρυσοῦν

215 5516 494 5593 ἀνδριάντα
542 5527 968 5588 κατασκευάσας,
1011 5531 1202 5596 πηχῶν
1259 5528 1316 5576 τὸ
1366 5529 1454 5596 μὲν
1505 5526 1637 5598 ὕψος
1691 5529 1805 5592 ἐξό-

215 5626 382 5675 κοντα,
427 5615 484 5664 τὸ
531 5613 724 5678 πλάτος
765 5612 824 5669 δί
871 5615 942 5684 ἓξ,
973 5617 1164 5672 ἔστησε
1203 5621 1380 5667 τοῦτον
1430 5613 1477 5667 ἓν
1530 5621 1672 5690 μέσῳ
1714 5625 1802 5671 τοῦ

1354 320 1521 376 VITA
1561 319 1620 377 S.
1661 313 2068 374 PROPHETIE
2107 316 2460 376 DANIELIS.

3490 315 3594 378 378

1940 445 2152 514 gentis,
2185 445 2468 518 precanti,
2503 452 2557 501 et
2579 445 2880 502 somnium
2900 442 3128 515 aperuit
3157 448 3212 501 et
3242 443 3367 517 ejus
3399 461 3585 516 expo-

1934 535 2231 591 sitionem.
2262 539 2384 591 Non
2419 535 2712 590 minorem
2739 535 2898 590 enim
2923 535 3104 589 nostri
3131 535 3374 602 doloris,
3399 554 3586 608 quam

1933 629 2045 680 tuae
2090 625 2286 695 gloriae
2338 641 2542 680 curam
2575 624 2878 696 gerebam,
2912 640 2948 679 ο
2971 639 3086 688 rex,
3124 624 3226 694 qui
3261 625 3418 680 viros
3459 631 3584 685 tam

1934 714 2124 771 bonos
2154 720 2210 770 et
2241 721 2359 771 tam
2391 716 2690 781 honestos,
2712 715 2914 787 inique
2948 714 3094 769 mori
3123 714 3418 782 jusseras,
3447 733 3582 772 cum

1934 805 2080 860 nihil
2113 804 2404 876 petiisses,
2433 805 2596 876 quod
2623 809 2780 860 esset
2805 806 3085 860 humanae
3113 804 3448 876 sapientim:
3481 806 3586 861 sed

1933 895 2046 948 hoc
2077 894 2154 949 ab
2181 894 2260 949 eis
2287 895 2600 963 exegisses,
2643 895 2808 966 quod
2839 901 2963 951 erat
3017 894 3202 949 solius
3263 895 3358 949 Dei
3407 910 3583 965 opus.

1932 984 2057 1038 Tibi
2089 1000 2245 1054 ergo,
2271 1001 2303 1038 ο
2330 1000 2447 1048 rex,
2477 984 2780 1051 cogitanti,
2801 984 2934 1056 quis
2958 989 3089 1046 post
3113 989 3165 1038 te
3183 988 3335 1037 esset
3361 985 3585 1039 mundo

1931 1073 2350 1142 imperaturus,
2384 1073 2590 1128 volens
2623 1077 2772 1129 Deus
2805 1073 3160 1137 significare,
3189 1073 3304 1128 tale
3326 1073 3582 1129 ostendit

1932 1163 2251 1218 somnium.
2312 1164 2483 1218 Visus
2548 1179 2610 1218 es
2641 1164 2740 1218 tibi
2772 1163 2970 1217 videre
3005 1179 3289 1226 magnam
3323 1167 3580 1218 statuam

1933 1254 2395 1322 stantem,cujus
2425 1252 2859 1324 caputquidem
2887 1253 3135 1321 contigit
3151 1268 3278 1306 esse
3299 1267 3573 1307 aureum:

1928 1341 2212 1396 humeros
2243 1345 2442 1397 autem
2469 1345 2526 1397 et
2545 1341 2805 1400 brachia.
2839 1345 3239 1411 argenteazex
3268 1356 3385 1396 aere
3417 1356 3572 1404 vero,

1928 1436 2195 1487 ventrem
2227 1434 2281 1486 et
2311 1431 2556 1495 femora,
2591 1431 2763 1487 tibias
2785 1435 2838 1486 et
2866 1431 3049 1502 pedes
3082 1429 3318 1485 ferreos.
3359 1429 3578 1485 Deinde

1931 1521 2193 1591 lapidem
2215 1520 2411 1575 vidisti
2441 1520 2807 1590 abruptumo
2842 1526 3060 1585 monte,
3096 1519 3356 1575 incidere
3386 1519 3446 1574 in
3471 1524 3585 1575 sta-

1929 1613 2094 1663 tuam
2157 1627 2168 1666 :
2222 1612 2277 1662 et
2326 1624 2458 1664 eam
2515 1609 3024 1680 comprehendere
3073 1624 3142 1665 ac
3172 1612 3494 1670 conterere,
3524 1613 3581 1663 et

1928 1696 2151 1752 nullam
2176 1697 2302 1767 ejus
2329 1702 2556 1767 partem
2589 1697 2918 1770 relinquere
2973 1699 3267 1768 integram
3297 1715 3310 1752 :
3357 1714 3574 1753 aurum

1929 1790 2127 1841 autem
2157 1790 2214 1839 et
2244 1792 2553 1855 argentum
2587 1792 2643 1842 et
2681 1804 2759 1842 res
2791 1791 2848 1842 et
2896 1787 3116 1842 ferrum
3177 1786 3268 1843 vel
3333 1785 3576 1858 pulvere

1931 1873 2048 1930 fieri
2090 1875 2365 1931 subtilius
2399 1881 2489 1933 :et
2521 1880 2779 1932 statuam
2809 1875 3055 1947 quidem
3099 1881 3272 1931 vento
3313 1875 3571 1946 Spirante

1929 1965 2261 2036 dispersam
2314 1965 2493 2021 fuisse
2551 1970 2611 2021 in
2657 1982 2855 2020 aerem
2908 1966 3210 2037 :lapidem
3243 1981 3380 2021 vero
3423 1965 3576 2020 adeo

1931 2055 2201 2121 crevisse,
2238 2060 2297 2110 ut
2336 2053 2634 2110 videretur
2664 2055 2938 2112 universa
2978 2061 3130 2111 terra
3161 2055 3233 2109 ab
3265 2071 3335 2109 eo
3387 2054 3573 2109 fuisse

1929 2142 2175 2212 repleta.
2209 2146 2397 2215 Atque
2424 2142 2721 2198 somnium
2745 2143 3012 2214 quidem,
3041 2142 3344 2214 quodipse
3363 2141 3574 2206 vidisti,

1931 2230 2038 2286 fuit
2069 2231 2200 2285 tale.
2225 2230 2363 2301 Ejus
2384 2236 2580 2286 autem
2605 2231 2948 2302 conjectura
2966 2232 3078 2288 hoc
3100 2232 3274 2287 modo
3288 2246 3348 2285 se
3364 2229 3544 2286 habet
3565 2247 3578 2286 :

1932 2323 2189 2374 Aureum
2221 2319 2464 2391 quidem
2499 2325 2696 2390 caput,
2727 2325 2780 2375 te
2807 2319 3199 2388 significabat,
3232 2324 3286 2373 et
3314 2319 3417 2391 qui
3446 2322 3581 2372 ante

1933 2413 1985 2464 te
2022 2408 2277 2472 fuerunt,
2305 2424 2475 2473 reges
2502 2409 2877 2480 Babylonios.
2907 2413 3044 2464 Duas
3076 2424 3216 2463 vero
3259 2423 3475 2463 manus
3522 2411 3579 2462 et

1930 2498 2172 2563 humeri,
2188 2515 2224 2554 a
2238 2497 2472 2554 duobus
2485 2498 2724 2567 regibus
2737 2497 3172 2553 dissolvendum
3188 2513 3316 2552 esse
3331 2500 3586 2551 vestrum

1931 2587 2355 2658 principatum,
2393 2605 2428 2642 a
2460 2588 2667 2652 Persis,
2697 2589 2962 2658 inquam,
2997 2592 3054 2641 et
3104 2586 3303 2642 Medis.
3341 2585 3581 2640 Illorum

1929 2680 2128 2731 autem
2165 2676 2560 2747 principatum
2588 2675 2849 2730 destruet
2878 2674 3125 2746 quidam
3156 2674 3308 2728 alius
3340 2688 3412 2728 ex
3436 2673 3586 2728 occi-

1929 2764 2248 2828 dente,aere
2270 2765 2538 2820 indutus.
2568 2769 2616 2818 Is
2638 2763 3074 2818 estAlexander
3098 2763 3343 2817 Macedo
3367 2765 3421 2817 et
3439 2777 3580 2816 eum

1928 2852 2100 2908 faciet
2120 2853 2270 2909 alius
2297 2869 2549 2917 cessare,
2576 2853 2800 2909 viribus
2823 2853 2974 2908 ferro
3002 2852 3232 2908 similis.
3269 2850 3585 2922 Superabit

1929 2946 2128 2998 autem
2158 2943 2402 2998 omnino
2419 2947 2661 3015 propter
2686 2942 2822 2998 ferri
2851 2947 3126 2997 naturam
3163 2959 3177 3007 ;
3211 2945 3300 2996 est
3330 2941 3488 2996 enim
3527 2939 3578 2995 is

1930 3031 2134 3086 fortior
2159 3048 2326 3098 auro,
2352 3038 2594 3101 argento
2618 3037 2673 3088 et
2701 3048 2816 3088 tere
2857 3051 2868 3090 :
2904 3035 2991 3087 est
3029 3047 3170 3085 vero
3201 3030 3260 3084 id
3289 3029 3572 3102 potentis-

1931 3121 2148 3175 simum
2181 3124 2579 3178 Romanorum
2606 3122 2941 3194 imperium.
2975 3120 3336 3188 Signiﬁcavit
3375 3122 3578 3174 autem

1932 3207 1982 3264 ei
2023 3211 2200 3264 etiam
2230 3210 2303 3265 de
2330 3211 2548 3282 lapide,
2578 3211 2783 3265 dicens
2817 3226 2828 3263 :
2867 3210 3037 3280 Lapis
3067 3207 3174 3281 qui
3205 3209 3312 3263 fuit
3363 3208 3584 3262 scissus

1933 3296 2059 3353 sine
2085 3298 2382 3361 manibus,
2439 3303 2527 3354 est
2580 3298 2863 3354 Christus.
2927 3298 3073 3353 Illud
3102 3314 3261 3358 vero.
3297 3296 3431 3353 Sine
3461 3312 3587 3353 ma-

1933 3386 2130 3450 nibus,
2165 3387 2436 3459 praedixit
2466 3404 2599 3443 eum
2628 3388 2753 3442 sine
2783 3388 2943 3443 coitu
2967 3403 3098 3442 esse
3128 3387 3497 3442 nasciturum
3512 3402 3586 3442 ex

1935 3478 2100 3531 utero
2141 3491 2176 3530 a
2207 3475 2341 3530 labe
2371 3475 2588 3533 alieno.

641 3566 700 3616 τὸ
761 3562 818 3618 δὲ
874 3575 1064 3639 χειρῶν
1119 3567 1236 3618 ἄνευ
1296 3569 1353 3617 τὸ
1411 3569 1583 3636 χωρὶς
1655 3566 1958 3631 συνουσίας,
2026 3563 2080 3616 ἐκ
2130 3573 2220 3624 τῆς
2278 3563 2492 3637 ἀμώμου
2547 3568 2806 3637 τεχθῆναι
2857 3569 3084 3639 γαστρὸς
3144 3567 3298 3618 αύτὸν
3359 3569 3597 3640 προεφή-

2004 3745 2089 3798 VI.
2126 3743 2678 3800 Nabuchodonosor
2710 3747 2908 3800 autem
2929 3760 3062 3799 cum
3090 3744 3218 3799 haec
3241 3744 3585 3810 audivisset,

1932 3837 1989 3889 et
2013 3833 2124 3888 hoc
2142 3834 2504 3904 essequodei
2532 3839 2912 3904 apparuerat,
2939 3833 3241 3888 somnium
3270 3832 3588 3888 intellexis-

1931 3929 2035 3988 set,
2107 3922 2335 3994 stupuit
2386 3922 2642 3978 Danielis
2698 3921 2919 3990 ingenii
2971 3920 3444 3990 magnitudinem
3481 3937 3493 3976 :
3528 3927 3585 3978 et

1930 4013 2195 4085 protinus
2224 4012 2639 4082 parvaomnia,
2666 4011 2934 4082 etipsum
2948 4027 3222 4080 regnum,
3271 4014 3325 4065 et
3354 4009 3584 4080 imperii

1932 4101 2404 4169 magnitudinem
2437 4117 2563 4156 esse
2584 4101 2824 4166 ducens,
2858 4102 3045 4171 surgit
3070 4100 3355 4167 ethrono,
3388 4105 3441 4153 et
3462 4101 3579 4156 Deo

1927 4191 2167 4263 paribus
2211 4191 2378 4247 illum
2433 4191 2611 4247 afficit
2653 4191 2998 4247 honoribus.
3045 4194 3330 4246 Praeterea
3362 4205 3500 4244 vero
3530 4205 3582 4245 et

1927 4295 2171 4352 quoque
2210 4280 2300 4334 sui
2326 4279 2421 4335 dei
2463 4280 2745 4350 imposita
2772 4281 3188 4351 appellatione,
3225 4294 3362 4333 eum
3402 4279 3581 4333 totius

1941 4369 2108 4441 regni
2129 4385 2260 4425 esse
2291 4369 2480 4426 effecit
2498 4371 3006 4434 curatorem.Quin
3034 4369 3214 4424 etiam
3232 4368 3360 4438 ejus
3377 4383 3594 4437 cogna-

1941 4463 2050 4523 tos,
2076 4458 2178 4530 qui
2210 4463 2378 4514 erant
2406 4459 2456 4514 ei
2477 4459 2689 4514 virtute
2709 4474 2899 4530 pares,
2926 4457 3216 4520 Azariam,
3242 4457 3512 4527 inquam,
3535 4442 3594 4511 et

1929 4551 2193 4612 caeteros,
2243 4551 2401 4602 creat
2444 4547 2740 4619 principes
2796 4545 3115 4615 Babylonis
3162 4561 3360 4616 :quos
3405 4545 3582 4616 paulo

1928 4641 2068 4709 post
2082 4635 2328 4706 contigit
2345 4639 2579 4707 pr0pter
2600 4635 2883 4690 invidiam
2904 4634 3165 4689 incidere
3188 4635 3246 4689 in
3265 4633 3583 4704 periculum

1928 4743 2066 4781 cum
2095 4740 2293 4795 regem
2335 4723 2724 4780 offendissent
2748 4724 2858 4780 hac
2885 4723 2962 4780 de
2985 4740 3170 4779 causa
3195 4739 3205 4778 :
3237 4739 3339 4778 rex
3371 4722 3465 4777 ille
3488 4725 3591 4778 Ba-

1927 4815 2186 4887 bylonis,
2218 4812 2364 4868 felici
2394 4829 2588 4868 rerum
2613 4829 2916 4876 successu,
2948 4817 3006 4868 et
3052 4812 3311 4868 inﬁnitis
3345 4811 3585 4877 divitiis,

1926 4909 1982 4959 et
2014 4902 2387 4957 multitudine
2415 4918 2618 4958 earum
2639 4917 2792 4974 quas
2818 4904 2839 4925 '
2867 4903 3265 4972 subjunxerat
3294 4902 3587 4973 gentium,

1924 4993 1985 5046 in
2017 4991 2364 5063 superbiam
2397 4992 2582 5047 elatus
2609 4997 2662 5046 et
2685 4992 2858 5048 valde
2889 4992 3152 5057 inﬂatus,
3188 4996 3243 5046 et
3266 5005 3584 5063 propemo-

1923 5081 2069 5136 dum
2100 5085 2341 5152 propter
2375 5079 2675 5136 levitatem
2701 5097 2763 5137 se
2783 5081 2962 5138 deum
2982 5097 3110 5136 esse
3130 5081 3358 5134 visione
3375 5093 3586 5149 appre-

1921 5170 2208 5237 hendens,
2230 5169 2668 5240 propemodum
2688 5188 2750 5227 se
2781 5171 3035 5226 veldeos
3062 5170 3274 5242 eoipso
3303 5168 3396 5222 die
3411 5172 3585 5237 puta-

1920 5259 2023 5316 bat
2058 5275 2231 5332 posse
2263 5259 2506 5328 ﬁngere,
2531 5263 2587 5316 et
2613 5277 2858 5316 suarum
2887 5274 3172 5316 manuum
3221 5272 3405 5328 opera
3435 5255 3582 5313 deos

1917 5347 2319 5404 contendebat
2357 5347 2613 5405 efﬁcere.
2643 5349 2784 5404 Hinc
2825 5349 3046 5404 factum
3076 5351 3182 5414 est,
3220 5351 3281 5402 ut
3309 5362 3446 5402 cum
3474 5363 3582 5403 au-

1913 5453 2080 5493 ream
2145 5437 2573 5491 construxisset
2631 5443 2910 5501 statuam,
2971 5437 3279 5505 sexaginta
3333 5436 3580 5507 quidem

1914 5526 2252 5583 cubitorum
2310 5524 2639 5591 altitudine,
2694 5542 2793 5581 sex
2835 5533 3034 5582 antem
3086 5524 3416 5593 latitudine,
3442 5541 3577 5581 eam

1912 5614 2179 5674 statuerit
2202 5614 2263 5670 in
2295 5615 2492 5674 medio
2545 5631 2758 5689 campo
2822 5614 3161 5689 Babylonis,
3192 5614 3296 5687 qui
3327 5620 3574 5672 vocatur
