  <div class='ocr_page' id='page_1' title='image "/cluster/home/n/w/nwhite01/storage/ocr_20150623/115/hvd.32044073502262/195.png"; bbox 0 0 4066 6224; ppageno 0'>
   <div class='ocr_carea' id='block_1_1' title="bbox 498 284 642 338">
    <p class='ocr_par' dir='ltr' id='par_1_1' title="bbox 498 284 642 338">
     <span class='ocr_line' id='line_1_1' title="bbox 498 284 642 338; baseline -0.014 0"><span class='ocrx_word' id='word_1_1' title='bbox 498 302 500 304; x_wconf 74' lang='lat'><strong>&#39;</strong></span> <span class='ocrx_word' id='word_1_2' title='bbox 535 284 642 338; x_wconf 86' lang='lat'><strong>379</strong></span> 
     </span>
    </p>
   </div>
   <div class='ocr_carea' id='block_1_2' title="bbox 1949 245 3876 344">
    <p class='ocr_par' dir='ltr' id='par_1_2' title="bbox 1949 245 3876 344">
     <span class='ocr_line' id='line_1_2' title="bbox 1949 245 3876 344; baseline 0.005 -9"><span class='ocrx_word' id='word_1_3' title='bbox 1949 274 2214 335; x_wconf 88' lang='lat' dir='ltr'><strong>MENSIS</strong></span> <span class='ocrx_word' id='word_1_4' title='bbox 2249 245 2512 335; x_wconf 66' lang='lat' dir='ltr'><strong>JULI’US.</strong></span> <span class='ocrx_word' id='word_1_5' title='bbox 3781 285 3876 344; x_wconf 78' lang='lat'><strong>330</strong></span> 
     </span>
    </p>
   </div>
   <div class='ocr_carea' id='block_1_3' title="bbox 543 401 2189 485">
    <p class='ocr_par' dir='ltr' id='par_1_3' title="bbox 543 409 2189 472">
     <span class='ocr_line' id='line_1_3' title="bbox 543 409 2189 472; baseline -0.001 -8"><span class='ocrx_word' id='word_1_6' title='bbox 543 411 742 464; x_wconf 89' lang='lat' dir='ltr'><strong>Deera.</strong></span> <span class='ocrx_word' id='word_1_7' title='bbox 793 411 859 464; x_wconf 86' lang='lat' dir='ltr'><strong>Et</strong></span> <span class='ocrx_word' id='word_1_8' title='bbox 897 424 1035 464; x_wconf 89' lang='lat' dir='ltr'><strong>cum</strong></span> <span class='ocrx_word' id='word_1_9' title='bbox 1093 413 1255 464; x_wconf 85' lang='lat' dir='ltr'><strong>esset</strong></span> <span class='ocrx_word' id='word_1_10' title='bbox 1305 423 1438 464; x_wconf 91' lang='lat' dir='ltr'><strong>eam</strong></span> <span class='ocrx_word' id='word_1_11' title='bbox 1471 409 1946 472; x_wconf 87' lang='lat' dir='ltr'><strong>consecraturus,</strong></span> <span class='ocrx_word' id='word_1_12' title='bbox 1981 422 2047 460; x_wconf 86' lang='lat' dir='ltr'><strong>ex</strong></span> <span class='ocrx_word' id='word_1_13' title='bbox 2076 412 2189 462; x_wconf 85' lang='lat' dir='ltr'><strong>tota</strong></span> 
     </span>
    </p>
   </div>
   <div class='ocr_carea' id='block_1_4' title="bbox 2300 401 3872 485">
    <p class='ocr_par' dir='ltr' id='par_1_4' title="bbox 2308 401 3872 485">
     <span class='ocr_line' id='line_1_4' title="bbox 2308 401 3872 485; baseline 0.007 -29"><span class='ocrx_word' id='word_1_14' title='bbox 2308 401 2492 457; x_wconf 82' lang='grc' dir='ltr'>πεδίου</span> <span class='ocrx_word' id='word_1_15' title='bbox 2555 406 2851 471; x_wconf 78' lang='grc' dir='ltr'>Βαϐυλῶνος</span> <span class='ocrx_word' id='word_1_16' title='bbox 2926 409 3093 479; x_wconf 82' lang='grc' dir='ltr'>Δεηρά</span> <span class='ocrx_word' id='word_1_17' title='bbox 3158 406 3472 480; x_wconf 77' lang='grc' dir='ltr'><strong>καλουμένου</strong></span> <span class='ocrx_word' id='word_1_18' title='bbox 3541 415 3626 463; x_wconf 83' lang='grc' dir='ltr'><strong>καὶ</strong></span> <span class='ocrx_word' id='word_1_19' title='bbox 3696 414 3872 485; x_wconf 79' lang='grc' dir='ltr'><strong>μέλλων</strong></span> 
     </span>
    </p>
   </div>
   <div class='ocr_carea' id='block_1_5' title="bbox 539 497 2192 569">
    <p class='ocr_par' dir='ltr' id='par_1_5' title="bbox 539 497 2192 569">
     <span class='ocr_line' id='line_1_5' title="bbox 539 497 2192 569; baseline -0.002 -17"><span class='ocrx_word' id='word_1_20' title='bbox 539 503 714 563; x_wconf 90' lang='lat' dir='ltr'><strong>terra,</strong></span> <span class='ocrx_word' id='word_1_21' title='bbox 749 499 844 553; x_wconf 91' lang='lat' dir='ltr'><strong>cui</strong></span> <span class='ocrx_word' id='word_1_22' title='bbox 885 498 1243 568; x_wconf 84' lang='lat' dir='ltr'><strong>imperabat,</strong></span> <span class='ocrx_word' id='word_1_23' title='bbox 1273 498 1629 554; x_wconf 85' lang='lat' dir='ltr'><strong>convocavit</strong></span> <span class='ocrx_word' id='word_1_24' title='bbox 1647 497 1872 569; x_wconf 90' lang='lat' dir='ltr'><strong>primos</strong></span> <span class='ocrx_word' id='word_1_25' title='bbox 1903 499 2192 567; x_wconf 82' lang='lat' dir='ltr'><strong>satrapas.</strong></span> 
     </span>
    </p>
   </div>
   <div class='ocr_carea' id='block_1_6' title="bbox 539 586 2193 660">
    <p class='ocr_par' dir='ltr' id='par_1_6' title="bbox 539 586 2193 660">
     <span class='ocr_line' id='line_1_6' title="bbox 539 586 2193 660; baseline -0.001 -18"><span class='ocrx_word' id='word_1_26' title='bbox 539 586 791 643; x_wconf 86' lang='lat' dir='ltr'><strong>Dederat</strong></span> <span class='ocrx_word' id='word_1_27' title='bbox 846 604 985 642; x_wconf 87' lang='lat' dir='ltr'><strong>vero</strong></span> <span class='ocrx_word' id='word_1_28' title='bbox 1025 588 1110 642; x_wconf 91' lang='lat' dir='ltr'><strong>eis</strong></span> <span class='ocrx_word' id='word_1_29' title='bbox 1151 604 1386 660; x_wconf 90' lang='lat' dir='ltr'><strong>quoque</strong></span> <span class='ocrx_word' id='word_1_30' title='bbox 1420 589 1675 657; x_wconf 89' lang='lat' dir='ltr'><strong>signum,</strong></span> <span class='ocrx_word' id='word_1_31' title='bbox 1721 591 1921 641; x_wconf 92' lang='lat' dir='ltr'><strong>utnon</strong></span> <span class='ocrx_word' id='word_1_32' title='bbox 1948 590 2072 640; x_wconf 88' lang='lat' dir='ltr'><strong>tam</strong></span> <span class='ocrx_word' id='word_1_33' title='bbox 2106 589 2193 640; x_wconf 89' lang='lat' dir='ltr'><strong>te-</strong></span> 
     </span>
    </p>
   </div>
   <div class='ocr_carea' id='block_1_7' title="bbox 538 675 2197 750">
    <p class='ocr_par' dir='ltr' id='par_1_7' title="bbox 538 675 2197 750">
     <span class='ocr_line' id='line_1_7' title="bbox 538 675 2197 750; baseline -0.002 -17"><span class='ocrx_word' id='word_1_34' title='bbox 538 693 723 742; x_wconf 90' lang='lat' dir='ltr'><strong>mere,</strong></span> <span class='ocrx_word' id='word_1_35' title='bbox 759 693 868 732; x_wconf 90' lang='lat' dir='ltr'><strong>nec</strong></span> <span class='ocrx_word' id='word_1_36' title='bbox 900 677 1128 750; x_wconf 81' lang='lat' dir='ltr'><strong>absque</strong></span> <span class='ocrx_word' id='word_1_37' title='bbox 1161 677 1358 750; x_wconf 87' lang='lat' dir='ltr'><strong>aliqua</strong></span> <span class='ocrx_word' id='word_1_38' title='bbox 1392 678 1619 733; x_wconf 80' lang='lat' dir='ltr'><strong>ratione</strong></span> <span class='ocrx_word' id='word_1_39' title='bbox 1670 677 1720 731; x_wconf 91' lang='lat' dir='ltr'><strong>ei</strong></span> <span class='ocrx_word' id='word_1_40' title='bbox 1779 676 2066 732; x_wconf 85' lang='lat' dir='ltr'><strong>honorem</strong></span> <span class='ocrx_word' id='word_1_41' title='bbox 2098 675 2197 730; x_wconf 88' lang='lat' dir='ltr'><strong>tri-</strong></span> 
     </span>
    </p>
   </div>
   <div class='ocr_carea' id='block_1_8' title="bbox 537 765 2193 839">
    <p class='ocr_par' dir='ltr' id='par_1_8' title="bbox 537 765 2193 839">
     <span class='ocr_line' id='line_1_8' title="bbox 537 765 2193 839; baseline -0.002 -17"><span class='ocrx_word' id='word_1_42' title='bbox 537 767 785 822; x_wconf 90' lang='lat' dir='ltr'><strong>buerent</strong></span> <span class='ocrx_word' id='word_1_43' title='bbox 859 789 871 821; x_wconf 87' lang='lat'><strong>:</strong></span> <span class='ocrx_word' id='word_1_44' title='bbox 927 768 1030 821; x_wconf 89' lang='lat' dir='ltr'><strong>sed</strong></span> <span class='ocrx_word' id='word_1_45' title='bbox 1073 773 1357 839; x_wconf 89' lang='lat' dir='ltr'><strong>tanquam</strong></span> <span class='ocrx_word' id='word_1_46' title='bbox 1417 768 1590 835; x_wconf 86' lang='lat' dir='ltr'><strong>signo</strong></span> <span class='ocrx_word' id='word_1_47' title='bbox 1633 767 1776 822; x_wconf 90' lang='lat' dir='ltr'><strong>dato</strong></span> <span class='ocrx_word' id='word_1_48' title='bbox 1823 765 2193 830; x_wconf 85' lang='lat' dir='ltr'><strong>accedentes,</strong></span> 
     </span>
    </p>
   </div>
   <div class='ocr_carea' id='block_1_9' title="bbox 541 854 2194 925">
    <p class='ocr_par' dir='ltr' id='par_1_9' title="bbox 541 854 2194 925">
     <span class='ocr_line' id='line_1_9' title="bbox 541 854 2194 925; baseline -0.002 -14"><span class='ocrx_word' id='word_1_49' title='bbox 541 872 676 911; x_wconf 90' lang='lat' dir='ltr'><strong>cum</strong></span> <span class='ocrx_word' id='word_1_50' title='bbox 723 872 944 925; x_wconf 87' lang='lat' dir='ltr'><strong>magno</strong></span> <span class='ocrx_word' id='word_1_51' title='bbox 984 864 1144 911; x_wconf 90' lang='lat' dir='ltr'><strong>metu</strong></span> <span class='ocrx_word' id='word_1_52' title='bbox 1194 857 1532 912; x_wconf 81' lang='lat' dir='ltr'><strong>adorarent.</strong></span> <span class='ocrx_word' id='word_1_53' title='bbox 1579 856 1708 910; x_wconf 83' lang='lat' dir='ltr'><strong>Fuit</strong></span> <span class='ocrx_word' id='word_1_54' title='bbox 1752 861 1952 910; x_wconf 88' lang='lat' dir='ltr'><strong>autem</strong></span> <span class='ocrx_word' id='word_1_55' title='bbox 1980 855 2095 909; x_wconf 89' lang='lat' dir='ltr'><strong>tale</strong></span> <span class='ocrx_word' id='word_1_56' title='bbox 2125 854 2194 908; x_wconf 85' lang='lat' dir='ltr'><strong>si-</strong></span> 
     </span>
    </p>
   </div>
   <div class='ocr_carea' id='block_1_10' title="bbox 539 944 2191 1016">
    <p class='ocr_par' dir='ltr' id='par_1_10' title="bbox 539 944 2191 1016">
     <span class='ocr_line' id='line_1_10' title="bbox 539 944 2191 1016; baseline -0.001 -15"><span class='ocrx_word' id='word_1_57' title='bbox 539 962 725 1015; x_wconf 85' lang='lat' dir='ltr'><strong>gnum</strong></span> <span class='ocrx_word' id='word_1_58' title='bbox 769 961 782 999; x_wconf 89' lang='lat'><strong>:</strong></span> <span class='ocrx_word' id='word_1_59' title='bbox 819 945 1090 1010; x_wconf 87' lang='lat' dir='ltr'><strong>Quando,</strong></span> <span class='ocrx_word' id='word_1_60' title='bbox 1115 944 1330 1016; x_wconf 84' lang='lat' dir='ltr'><strong>inquit,</strong></span> <span class='ocrx_word' id='word_1_61' title='bbox 1356 945 1646 1001; x_wconf 87' lang='lat' dir='ltr'><strong>audierint</strong></span> <span class='ocrx_word' id='word_1_62' title='bbox 1676 946 1900 1007; x_wconf 88' lang='lat' dir='ltr'><strong>tubam,</strong></span> <span class='ocrx_word' id='word_1_63' title='bbox 1932 945 2041 999; x_wconf 88' lang='lat' dir='ltr'><strong>hoc</strong></span> <span class='ocrx_word' id='word_1_64' title='bbox 2071 959 2191 999; x_wconf 87' lang='lat' dir='ltr'><strong>ma-</strong></span> 
     </span>
    </p>
   </div>
   <div class='ocr_carea' id='block_1_11' title="bbox 539 1034 2190 1106">
    <p class='ocr_par' dir='ltr' id='par_1_11' title="bbox 539 1034 2190 1106">
     <span class='ocr_line' id='line_1_11' title="bbox 539 1034 2190 1106; baseline -0.001 -16"><span class='ocrx_word' id='word_1_65' title='bbox 539 1050 658 1104; x_wconf 88' lang='lat' dir='ltr'><strong>gna</strong></span> <span class='ocrx_word' id='word_1_66' title='bbox 707 1051 852 1090; x_wconf 91' lang='lat' dir='ltr'><strong>voce</strong></span> <span class='ocrx_word' id='word_1_67' title='bbox 875 1035 1327 1105; x_wconf 80' lang='lat' dir='ltr'><strong>signiﬁcantem,</strong></span> <span class='ocrx_word' id='word_1_68' title='bbox 1351 1039 1490 1090; x_wconf 89' lang='lat' dir='ltr'><strong>tunc</strong></span> <span class='ocrx_word' id='word_1_69' title='bbox 1517 1038 1766 1106; x_wconf 86' lang='lat' dir='ltr'><strong>oportet,</strong></span> <span class='ocrx_word' id='word_1_70' title='bbox 1812 1034 2021 1105; x_wconf 86' lang='lat' dir='ltr'><strong>inquit,</strong></span> <span class='ocrx_word' id='word_1_71' title='bbox 2060 1049 2190 1104; x_wconf 88' lang='lat' dir='ltr'><strong>pro-</strong></span> 
     </span>
    </p>
   </div>
   <div class='ocr_carea' id='block_1_12' title="bbox 539 1123 2192 1194">
    <p class='ocr_par' dir='ltr' id='par_1_12' title="bbox 539 1123 2192 1194">
     <span class='ocr_line' id='line_1_12' title="bbox 539 1123 2192 1194; baseline -0.001 -14"><span class='ocrx_word' id='word_1_72' title='bbox 539 1124 799 1180; x_wconf 88' lang='lat' dir='ltr'><strong>cidentes</strong></span> <span class='ocrx_word' id='word_1_73' title='bbox 828 1124 1081 1180; x_wconf 89' lang='lat' dir='ltr'><strong>adorare</strong></span> <span class='ocrx_word' id='word_1_74' title='bbox 1114 1129 1375 1180; x_wconf 86' lang='lat' dir='ltr'><strong>statuam</strong></span> <span class='ocrx_word' id='word_1_75' title='bbox 1410 1144 1422 1182; x_wconf 90' lang='lat'><strong>:</strong></span> <span class='ocrx_word' id='word_1_76' title='bbox 1453 1140 1554 1180; x_wconf 91' lang='lat' dir='ltr'><strong>eos</strong></span> <span class='ocrx_word' id='word_1_77' title='bbox 1592 1139 1758 1191; x_wconf 83' lang='lat' dir='ltr'><strong>vero,</strong></span> <span class='ocrx_word' id='word_1_78' title='bbox 1793 1123 1897 1194; x_wconf 89' lang='lat' dir='ltr'><strong>qui</strong></span> <span class='ocrx_word' id='word_1_79' title='bbox 1924 1123 2039 1178; x_wconf 93' lang='lat' dir='ltr'><strong>hoc</strong></span> <span class='ocrx_word' id='word_1_80' title='bbox 2071 1139 2192 1178; x_wconf 90' lang='lat' dir='ltr'><strong>non</strong></span> 
     </span>
    </p>
   </div>
   <div class='ocr_carea' id='block_1_13' title="bbox 537 1212 2181 1285">
    <p class='ocr_par' dir='ltr' id='par_1_13' title="bbox 537 1212 2181 1285">
     <span class='ocr_line' id='line_1_13' title="bbox 537 1212 2181 1285; baseline 0 -17"><span class='ocrx_word' id='word_1_81' title='bbox 537 1213 800 1278; x_wconf 87' lang='lat' dir='ltr'><strong>fecerint,</strong></span> <span class='ocrx_word' id='word_1_82' title='bbox 827 1213 1113 1270; x_wconf 90' lang='lat' dir='ltr'><strong>continuo</strong></span> <span class='ocrx_word' id='word_1_83' title='bbox 1141 1214 1302 1285; x_wconf 89' lang='lat' dir='ltr'><strong>injici</strong></span> <span class='ocrx_word' id='word_1_84' title='bbox 1320 1214 1378 1269; x_wconf 91' lang='lat' dir='ltr'><strong>in</strong></span> <span class='ocrx_word' id='word_1_85' title='bbox 1405 1213 1704 1269; x_wconf 88' lang='lat' dir='ltr'><strong>fornacem</strong></span> <span class='ocrx_word' id='word_1_86' title='bbox 1723 1213 1875 1284; x_wconf 83' lang='lat' dir='ltr'><strong>ignis</strong></span> <span class='ocrx_word' id='word_1_87' title='bbox 1892 1212 2181 1268; x_wconf 88' lang='lat' dir='ltr'><strong>ardentis.</strong></span> 
     </span>
    </p>
   </div>
   <div class='ocr_carea' id='block_1_14' title="bbox 541 1301 2190 1373">
    <p class='ocr_par' dir='ltr' id='par_1_14' title="bbox 541 1301 2190 1373">
     <span class='ocr_line' id='line_1_14' title="bbox 541 1301 2190 1373; baseline -0.002 -15"><span class='ocrx_word' id='word_1_88' title='bbox 541 1303 608 1358; x_wconf 91' lang='lat' dir='ltr'><strong>Ut</strong></span> <span class='ocrx_word' id='word_1_89' title='bbox 650 1302 809 1358; x_wconf 90' lang='lat' dir='ltr'><strong>enim</strong></span> <span class='ocrx_word' id='word_1_90' title='bbox 865 1307 1020 1358; x_wconf 88' lang='lat' dir='ltr'><strong>esset</strong></span> <span class='ocrx_word' id='word_1_91' title='bbox 1053 1302 1105 1357; x_wconf 92' lang='lat' dir='ltr'><strong>ei</strong></span> <span class='ocrx_word' id='word_1_92' title='bbox 1149 1304 1348 1373; x_wconf 89' lang='lat' dir='ltr'><strong>majus</strong></span> <span class='ocrx_word' id='word_1_93' title='bbox 1396 1307 1451 1358; x_wconf 92' lang='lat' dir='ltr'><strong>et</strong></span> <span class='ocrx_word' id='word_1_94' title='bbox 1495 1301 1710 1357; x_wconf 91' lang='lat' dir='ltr'><strong>clarius</strong></span> <span class='ocrx_word' id='word_1_95' title='bbox 1742 1307 2039 1356; x_wconf 84' lang='lat' dir='ltr'><strong>certamen</strong></span> <span class='ocrx_word' id='word_1_96' title='bbox 2080 1317 2190 1372; x_wconf 93' lang='lat' dir='ltr'><strong>pro</strong></span> 
     </span>
    </p>
   </div>
   <div class='ocr_carea' id='block_1_15' title="bbox 540 1390 2185 1461">
    <p class='ocr_par' dir='ltr' id='par_1_15' title="bbox 540 1390 2185 1461">
     <span class='ocr_line' id='line_1_15' title="bbox 540 1390 2185 1461; baseline -0.001 -16"><span class='ocrx_word' id='word_1_97' title='bbox 540 1394 754 1460; x_wconf 86' lang='lat' dir='ltr'><strong>statua,</strong></span> <span class='ocrx_word' id='word_1_98' title='bbox 808 1391 978 1461; x_wconf 89' lang='lat' dir='ltr'><strong>jubet</strong></span> <span class='ocrx_word' id='word_1_99' title='bbox 1033 1391 1336 1448; x_wconf 86' lang='lat' dir='ltr'><strong>fornacem</strong></span> <span class='ocrx_word' id='word_1_100' title='bbox 1390 1407 1459 1446; x_wconf 84' lang='lat' dir='ltr'><strong>ex</strong></span> <span class='ocrx_word' id='word_1_101' title='bbox 1511 1391 1804 1446; x_wconf 85' lang='lat' dir='ltr'><strong>diametro</strong></span> <span class='ocrx_word' id='word_1_102' title='bbox 1845 1390 2185 1454; x_wconf 90' lang='lat' dir='ltr'><strong>distantem,</strong></span> 
     </span>
    </p>
   </div>
   <div class='ocr_carea' id='block_1_16' title="bbox 539 1479 2188 1553">
    <p class='ocr_par' dir='ltr' id='par_1_16' title="bbox 539 1479 2188 1553">
     <span class='ocr_line' id='line_1_16' title="bbox 539 1479 2188 1553; baseline 0 -19"><span class='ocrx_word' id='word_1_103' title='bbox 539 1479 1319 1553; x_wconf 87' lang='lat' dir='ltr'><strong>pice,sarmentis,naphtha</strong></span> <span class='ocrx_word' id='word_1_104' title='bbox 1342 1485 1396 1536; x_wconf 90' lang='lat' dir='ltr'><strong>et</strong></span> <span class='ocrx_word' id='word_1_105' title='bbox 1416 1479 1889 1552; x_wconf 89' lang='lat' dir='ltr'><strong>stuppaaccendi</strong></span> <span class='ocrx_word' id='word_1_106' title='bbox 1903 1495 1933 1535; x_wconf 91' lang='lat' dir='ltr'><strong>e</strong></span> <span class='ocrx_word' id='word_1_107' title='bbox 1949 1480 2188 1550; x_wconf 83' lang='lat' dir='ltr'><strong>regione</strong></span> 
     </span>
    </p>
   </div>
   <div class='ocr_carea' id='block_1_17' title="bbox 542 1569 2190 1642">
    <p class='ocr_par' dir='ltr' id='par_1_17' title="bbox 542 1569 2190 1642">
     <span class='ocr_line' id='line_1_17' title="bbox 542 1569 2190 1642; baseline -0.001 -18"><span class='ocrx_word' id='word_1_108' title='bbox 542 1574 754 1624; x_wconf 72' lang='lat' dir='ltr'><strong>stature</strong></span> <span class='ocrx_word' id='word_1_109' title='bbox 789 1587 801 1625; x_wconf 92' lang='lat'>:</span> <span class='ocrx_word' id='word_1_110' title='bbox 837 1574 901 1625; x_wconf 87' lang='lat' dir='ltr'><strong>ut</strong></span> <span class='ocrx_word' id='word_1_111' title='bbox 935 1571 978 1625; x_wconf 87' lang='lat' dir='ltr'><strong>si</strong></span> <span class='ocrx_word' id='word_1_112' title='bbox 1011 1571 1146 1642; x_wconf 91' lang='lat' dir='ltr'><strong>quis</strong></span> <span class='ocrx_word' id='word_1_113' title='bbox 1187 1571 1631 1626; x_wconf 85' lang='lat' dir='ltr'><strong>convinceretur</strong></span> <span class='ocrx_word' id='word_1_114' title='bbox 1659 1570 1853 1640; x_wconf 88' lang='lat' dir='ltr'><strong>jussui</strong></span> <span class='ocrx_word' id='word_1_115' title='bbox 1885 1569 2039 1639; x_wconf 90' lang='lat' dir='ltr'><strong>regis</strong></span> <span class='ocrx_word' id='word_1_116' title='bbox 2069 1584 2190 1623; x_wconf 91' lang='lat' dir='ltr'><strong>non</strong></span> 
     </span>
    </p>
   </div>
   <div class='ocr_carea' id='block_1_18' title="bbox 541 1659 1939 1730">
    <p class='ocr_par' dir='ltr' id='par_1_18' title="bbox 541 1659 1939 1730">
     <span class='ocr_line' id='line_1_18' title="bbox 541 1659 1939 1730; baseline -0.003 -14"><span class='ocrx_word' id='word_1_117' title='bbox 541 1659 891 1726; x_wconf 88' lang='lat' dir='ltr'><strong>assentiens,</strong></span> <span class='ocrx_word' id='word_1_118' title='bbox 907 1660 966 1714; x_wconf 92' lang='lat' dir='ltr'><strong>in</strong></span> <span class='ocrx_word' id='word_1_119' title='bbox 986 1660 1286 1716; x_wconf 81' lang='lat' dir='ltr'><strong>fornacem</strong></span> <span class='ocrx_word' id='word_1_120' title='bbox 1310 1661 1508 1715; x_wconf 87' lang='lat' dir='ltr'><strong>statim</strong></span> <span class='ocrx_word' id='word_1_121' title='bbox 1536 1659 1939 1730; x_wconf 89' lang='lat' dir='ltr'><strong>conjiceretur.</strong></span> 
     </span>
    </p>
   </div>
   <div class='ocr_carea' id='block_1_19' title="bbox 612 1927 2191 2000">
    <p class='ocr_par' dir='ltr' id='par_1_19' title="bbox 612 1927 2191 2000">
     <span class='ocr_line' id='line_1_19' title="bbox 612 1927 2191 2000; baseline 0.001 -18"><span class='ocrx_word' id='word_1_122' title='bbox 612 1927 729 1982; x_wconf 88' lang='lat' dir='ltr'><strong>VII.</strong></span> <span class='ocrx_word' id='word_1_123' title='bbox 755 1929 899 1984; x_wconf 91' lang='lat' dir='ltr'><strong>Cum</strong></span> <span class='ocrx_word' id='word_1_124' title='bbox 931 1944 1141 1986; x_wconf 90' lang='lat' dir='ltr'><strong>omnes</strong></span> <span class='ocrx_word' id='word_1_125' title='bbox 1173 1945 1332 1999; x_wconf 88' lang='lat' dir='ltr'><strong>ergo,</strong></span> <span class='ocrx_word' id='word_1_126' title='bbox 1353 1933 1417 1984; x_wconf 91' lang='lat' dir='ltr'><strong>ut</strong></span> <span class='ocrx_word' id='word_1_127' title='bbox 1431 1928 1583 2000; x_wconf 89' lang='lat' dir='ltr'><strong>jussi</strong></span> <span class='ocrx_word' id='word_1_128' title='bbox 1605 1928 1856 1993; x_wconf 85' lang='lat' dir='ltr'><strong>fuerant,</strong></span> <span class='ocrx_word' id='word_1_129' title='bbox 1877 1927 2006 1999; x_wconf 89' lang='lat' dir='ltr'><strong>jam</strong></span> <span class='ocrx_word' id='word_1_130' title='bbox 2031 1942 2191 1983; x_wconf 91' lang='lat' dir='ltr'><strong>reso-</strong></span> 
     </span>
    </p>
   </div>
   <div class='ocr_carea' id='block_1_20' title="bbox 542 2017 2194 2086">
    <p class='ocr_par' dir='ltr' id='par_1_20' title="bbox 542 2017 2194 2086">
     <span class='ocr_line' id='line_1_20' title="bbox 542 2017 2194 2086; baseline 0.001 -15"><span class='ocrx_word' id='word_1_131' title='bbox 542 2021 721 2072; x_wconf 90' lang='lat' dir='ltr'><strong>nante</strong></span> <span class='ocrx_word' id='word_1_132' title='bbox 739 2017 900 2082; x_wconf 86' lang='lat' dir='ltr'><strong>tuba,</strong></span> <span class='ocrx_word' id='word_1_133' title='bbox 926 2017 1541 2086; x_wconf 86' lang='lat' dir='ltr'><strong>adorarentstatuam,</strong></span> <span class='ocrx_word' id='word_1_134' title='bbox 1573 2017 1630 2072; x_wconf 91' lang='lat' dir='ltr'><strong>hi</strong></span> <span class='ocrx_word' id='word_1_135' title='bbox 1665 2023 1778 2074; x_wconf 90' lang='lat' dir='ltr'><strong>tres</strong></span> <span class='ocrx_word' id='word_1_136' title='bbox 1823 2017 1933 2073; x_wconf 90' lang='lat' dir='ltr'><strong>soli</strong></span> <span class='ocrx_word' id='word_1_137' title='bbox 1961 2033 2194 2073; x_wconf 90' lang='lat' dir='ltr'><strong>recusa-</strong></span> 
     </span>
    </p>
   </div>
   <div class='ocr_carea' id='block_1_21' title="bbox 539 2099 2195 2179">
    <p class='ocr_par' dir='ltr' id='par_1_21' title="bbox 539 2099 2195 2179">
     <span class='ocr_line' id='line_1_21' title="bbox 539 2099 2195 2179; baseline 0.001 -19"><span class='ocrx_word' id='word_1_138' title='bbox 539 2111 680 2161; x_wconf 87' lang='lat' dir='ltr'><strong>runt</strong></span> <span class='ocrx_word' id='word_1_139' title='bbox 727 2105 844 2162; x_wconf 89' lang='lat' dir='ltr'><strong>hoc</strong></span> <span class='ocrx_word' id='word_1_140' title='bbox 882 2106 1095 2172; x_wconf 86' lang='lat' dir='ltr'><strong>facere,</strong></span> <span class='ocrx_word' id='word_1_141' title='bbox 1123 2112 1190 2164; x_wconf 91' lang='lat' dir='ltr'><strong>ut</strong></span> <span class='ocrx_word' id='word_1_142' title='bbox 1225 2123 1395 2164; x_wconf 89' lang='lat' dir='ltr'><strong>sacra</strong></span> <span class='ocrx_word' id='word_1_143' title='bbox 1446 2107 1660 2163; x_wconf 87' lang='lat' dir='ltr'><strong>docent</strong></span> <span class='ocrx_word' id='word_1_144' title='bbox 1693 2099 1942 2179; x_wconf 87' lang='lat' dir='ltr'><strong>Eloquia</strong></span> <span class='ocrx_word' id='word_1_145' title='bbox 1970 2125 1982 2161; x_wconf 89' lang='lat'><strong>:</strong></span> <span class='ocrx_word' id='word_1_146' title='bbox 2008 2107 2195 2177; x_wconf 89' lang='lat' dir='ltr'><strong>utqui</strong></span> 
     </span>
    </p>
   </div>
   <div class='ocr_carea' id='block_1_22' title="bbox 543 2194 2198 2266">
    <p class='ocr_par' dir='ltr' id='par_1_22' title="bbox 543 2194 2198 2266">
     <span class='ocr_line' id='line_1_22' title="bbox 543 2194 2198 2266; baseline 0.001 -17"><span class='ocrx_word' id='word_1_147' title='bbox 543 2194 768 2265; x_wconf 88' lang='lat' dir='ltr'><strong>patrias</strong></span> <span class='ocrx_word' id='word_1_148' title='bbox 823 2194 981 2266; x_wconf 80' lang='lat' dir='ltr'><strong>leges</strong></span> <span class='ocrx_word' id='word_1_149' title='bbox 1023 2196 1358 2265; x_wconf 87' lang='lat' dir='ltr'><strong>transgredi</strong></span> <span class='ocrx_word' id='word_1_150' title='bbox 1415 2197 1661 2252; x_wconf 89' lang='lat' dir='ltr'><strong>minime</strong></span> <span class='ocrx_word' id='word_1_151' title='bbox 1714 2197 2090 2264; x_wconf 91' lang='lat' dir='ltr'><strong>sustinerent,</strong></span> <span class='ocrx_word' id='word_1_152' title='bbox 2142 2199 2198 2251; x_wconf 86' lang='lat' dir='ltr'><strong>et</strong></span> 
     </span>
    </p>
   </div>
   <div class='ocr_carea' id='block_1_23' title="bbox 546 2283 2196 2352">
    <p class='ocr_par' dir='ltr' id='par_1_23' title="bbox 546 2283 2196 2352">
     <span class='ocr_line' id='line_1_23' title="bbox 546 2283 2196 2352; baseline 0.002 -15"><span class='ocrx_word' id='word_1_153' title='bbox 546 2285 732 2338; x_wconf 88' lang='lat' dir='ltr'><strong>Deum</strong></span> <span class='ocrx_word' id='word_1_154' title='bbox 773 2283 1066 2340; x_wconf 89' lang='lat' dir='ltr'><strong>dedecore</strong></span> <span class='ocrx_word' id='word_1_155' title='bbox 1098 2284 1356 2352; x_wconf 86' lang='lat' dir='ltr'><strong>afﬁcere,</strong></span> <span class='ocrx_word' id='word_1_156' title='bbox 1390 2290 1446 2340; x_wconf 88' lang='lat' dir='ltr'><strong>et</strong></span> <span class='ocrx_word' id='word_1_157' title='bbox 1469 2285 1784 2342; x_wconf 88' lang='lat' dir='ltr'><strong>simulacro</strong></span> <span class='ocrx_word' id='word_1_158' title='bbox 1810 2285 2021 2341; x_wconf 77' lang='lat' dir='ltr'><strong>offerre</strong></span> <span class='ocrx_word' id='word_1_159' title='bbox 2056 2285 2196 2340; x_wconf 91' lang='lat' dir='ltr'><strong>ado-</strong></span> 
     </span>
    </p>
   </div>
   <div class='ocr_carea' id='block_1_24' title="bbox 538 2371 2195 2448">
    <p class='ocr_par' dir='ltr' id='par_1_24' title="bbox 538 2371 2195 2448">
     <span class='ocr_line' id='line_1_24' title="bbox 538 2371 2195 2448; baseline 0.002 -20"><span class='ocrx_word' id='word_1_160' title='bbox 538 2371 857 2428; x_wconf 91' lang='lat' dir='ltr'><strong>rationem.</strong></span> <span class='ocrx_word' id='word_1_161' title='bbox 889 2373 1030 2429; x_wconf 88' lang='lat' dir='ltr'><strong>Hinc</strong></span> <span class='ocrx_word' id='word_1_162' title='bbox 1059 2373 1281 2430; x_wconf 89' lang='lat' dir='ltr'><strong>factum</strong></span> <span class='ocrx_word' id='word_1_163' title='bbox 1304 2380 1394 2430; x_wconf 89' lang='lat' dir='ltr'><strong>est</strong></span> <span class='ocrx_word' id='word_1_164' title='bbox 1422 2380 1486 2431; x_wconf 88' lang='lat' dir='ltr'><strong>ut</strong></span> <span class='ocrx_word' id='word_1_165' title='bbox 1511 2375 1674 2446; x_wconf 89' lang='lat' dir='ltr'><strong>apud</strong></span> <span class='ocrx_word' id='word_1_166' title='bbox 1692 2375 1967 2448; x_wconf 89' lang='lat' dir='ltr'><strong>iniquum</strong></span> <span class='ocrx_word' id='word_1_167' title='bbox 1995 2390 2195 2444; x_wconf 86' lang='lat' dir='ltr'><strong>regem</strong></span> 
     </span>
    </p>
   </div>
   <div class='ocr_carea' id='block_1_25' title="bbox 533 2464 2196 2536">
    <p class='ocr_par' dir='ltr' id='par_1_25' title="bbox 533 2464 2196 2536">
     <span class='ocr_line' id='line_1_25' title="bbox 533 2464 2196 2536; baseline 0.001 -18"><span class='ocrx_word' id='word_1_168' title='bbox 533 2467 982 2520; x_wconf 86' lang='lat' dir='ltr'><strong>accusarentur.</strong></span> <span class='ocrx_word' id='word_1_169' title='bbox 1046 2464 1408 2520; x_wconf 84' lang='lat' dir='ltr'><strong>Accedentes</strong></span> <span class='ocrx_word' id='word_1_170' title='bbox 1441 2470 1659 2529; x_wconf 88' lang='lat' dir='ltr'><strong>autem,</strong></span> <span class='ocrx_word' id='word_1_171' title='bbox 1693 2465 1921 2536; x_wconf 90' lang='lat' dir='ltr'><strong>quieos</strong></span> <span class='ocrx_word' id='word_1_172' title='bbox 1951 2481 2196 2521; x_wconf 91' lang='lat' dir='ltr'><strong>accusa-</strong></span> 
     </span>
    </p>
   </div>
   <div class='ocr_carea' id='block_1_26' title="bbox 536 2550 2197 2626">
    <p class='ocr_par' dir='ltr' id='par_1_26' title="bbox 536 2550 2197 2626">
     <span class='ocr_line' id='line_1_26' title="bbox 536 2550 2197 2626; baseline 0.002 -19"><span class='ocrx_word' id='word_1_173' title='bbox 536 2550 732 2608; x_wconf 90' lang='lat' dir='ltr'><strong>bant:</strong></span> <span class='ocrx_word' id='word_1_174' title='bbox 774 2556 894 2609; x_wconf 82' lang='lat' dir='ltr'><strong>Rex</strong></span> <span class='ocrx_word' id='word_1_175' title='bbox 943 2553 1223 2609; x_wconf 84' lang='lat' dir='ltr'><strong>dixerunt</strong></span> <span class='ocrx_word' id='word_1_176' title='bbox 1277 2553 1334 2618; x_wconf 93' lang='lat' dir='ltr'><strong>ii,</strong></span> <span class='ocrx_word' id='word_1_177' title='bbox 1388 2553 1608 2626; x_wconf 87' lang='lat' dir='ltr'><strong>quibus</strong></span> <span class='ocrx_word' id='word_1_178' title='bbox 1657 2570 1693 2608; x_wconf 90' lang='lat' dir='ltr'><strong>a</strong></span> <span class='ocrx_word' id='word_1_179' title='bbox 1740 2561 1792 2609; x_wconf 89' lang='lat' dir='ltr'><strong>te</strong></span> <span class='ocrx_word' id='word_1_180' title='bbox 1845 2555 2054 2610; x_wconf 90' lang='lat' dir='ltr'><strong>datum</strong></span> <span class='ocrx_word' id='word_1_181' title='bbox 2110 2558 2197 2610; x_wconf 88' lang='lat' dir='ltr'><strong>est</strong></span> 
     </span>
    </p>
   </div>
   <div class='ocr_carea' id='block_1_27' title="bbox 537 2641 2192 2714">
    <p class='ocr_par' dir='ltr' id='par_1_27' title="bbox 537 2641 2192 2714">
     <span class='ocr_line' id='line_1_27' title="bbox 537 2641 2192 2714; baseline 0.001 -19"><span class='ocrx_word' id='word_1_182' title='bbox 537 2641 856 2712; x_wconf 87' lang='lat' dir='ltr'><strong>imperium</strong></span> <span class='ocrx_word' id='word_1_183' title='bbox 903 2643 1188 2713; x_wconf 81' lang='lat' dir='ltr'><strong>regionis,</strong></span> <span class='ocrx_word' id='word_1_184' title='bbox 1252 2643 1518 2709; x_wconf 88' lang='lat' dir='ltr'><strong>Sidrach,</strong></span> <span class='ocrx_word' id='word_1_185' title='bbox 1562 2644 1832 2714; x_wconf 89' lang='lat' dir='ltr'><strong>inquam,</strong></span> <span class='ocrx_word' id='word_1_186' title='bbox 1857 2643 1971 2708; x_wconf 89' lang='lat' dir='ltr'><strong>hic,</strong></span> <span class='ocrx_word' id='word_1_187' title='bbox 2001 2643 2192 2708; x_wconf 81' lang='lat' dir='ltr'><strong>Misac,</strong></span> 
     </span>
    </p>
   </div>
   <div class='ocr_carea' id='block_1_28' title="bbox 536 2731 2198 2804">
    <p class='ocr_par' dir='ltr' id='par_1_28' title="bbox 536 2731 2198 2804">
     <span class='ocr_line' id='line_1_28' title="bbox 536 2731 2198 2804; baseline 0.001 -18"><span class='ocrx_word' id='word_1_188' title='bbox 536 2735 591 2787; x_wconf 91' lang='lat' dir='ltr'><strong>et</strong></span> <span class='ocrx_word' id='word_1_189' title='bbox 611 2731 959 2800; x_wconf 86' lang='lat' dir='ltr'><strong>Abdenago,</strong></span> <span class='ocrx_word' id='word_1_190' title='bbox 994 2749 1189 2804; x_wconf 90' lang='lat' dir='ltr'><strong>neque</strong></span> <span class='ocrx_word' id='word_1_191' title='bbox 1211 2733 1459 2789; x_wconf 88' lang='lat' dir='ltr'><strong>omnino</strong></span> <span class='ocrx_word' id='word_1_192' title='bbox 1477 2733 1769 2788; x_wconf 85' lang='lat' dir='ltr'><strong>sustinent</strong></span> <span class='ocrx_word' id='word_1_193' title='bbox 1787 2733 2035 2788; x_wconf 88' lang='lat' dir='ltr'><strong>adorare</strong></span> <span class='ocrx_word' id='word_1_194' title='bbox 2052 2733 2198 2788; x_wconf 89' lang='lat' dir='ltr'><strong>ima-</strong></span> 
     </span>
    </p>
   </div>
   <div class='ocr_carea' id='block_1_29' title="bbox 537 2821 2192 2894">
    <p class='ocr_par' dir='ltr' id='par_1_29' title="bbox 537 2821 2192 2894">
     <span class='ocr_line' id='line_1_29' title="bbox 537 2821 2192 2894; baseline 0.001 -19"><span class='ocrx_word' id='word_1_195' title='bbox 537 2821 761 2892; x_wconf 87' lang='lat' dir='ltr'><strong>ginem,</strong></span> <span class='ocrx_word' id='word_1_196' title='bbox 795 2837 991 2894; x_wconf 89' lang='lat' dir='ltr'><strong>neque</strong></span> <span class='ocrx_word' id='word_1_197' title='bbox 1051 2823 1160 2878; x_wconf 90' lang='lat' dir='ltr'><strong>tuis</strong></span> <span class='ocrx_word' id='word_1_198' title='bbox 1203 2821 1388 2892; x_wconf 89' lang='lat' dir='ltr'><strong>jussis</strong></span> <span class='ocrx_word' id='word_1_199' title='bbox 1430 2822 1740 2878; x_wconf 89' lang='lat' dir='ltr'><strong>obediunt.</strong></span> <span class='ocrx_word' id='word_1_200' title='bbox 1782 2825 1910 2878; x_wconf 72' lang='lat' dir='ltr'><strong>Haec</strong></span> <span class='ocrx_word' id='word_1_201' title='bbox 1939 2839 2076 2878; x_wconf 90' lang='lat' dir='ltr'><strong>cum</strong></span> <span class='ocrx_word' id='word_1_202' title='bbox 2115 2822 2192 2876; x_wconf 89' lang='lat' dir='ltr'><strong>illi</strong></span> 
     </span>
    </p>
   </div>
   <div class='ocr_carea' id='block_1_30' title="bbox 533 2909 2195 2982">
    <p class='ocr_par' dir='ltr' id='par_1_30' title="bbox 533 2909 2195 2982">
     <span class='ocr_line' id='line_1_30' title="bbox 533 2909 2195 2982; baseline 0.001 -18"><span class='ocrx_word' id='word_1_203' title='bbox 533 2909 846 2975; x_wconf 85' lang='lat' dir='ltr'><strong>dixissent,</strong></span> <span class='ocrx_word' id='word_1_204' title='bbox 899 2911 939 2965; x_wconf 91' lang='lat' dir='ltr'><strong>ii</strong></span> <span class='ocrx_word' id='word_1_205' title='bbox 983 2912 1182 2967; x_wconf 89' lang='lat' dir='ltr'><strong>statim</strong></span> <span class='ocrx_word' id='word_1_206' title='bbox 1214 2911 1486 2982; x_wconf 87' lang='lat' dir='ltr'><strong>producti</strong></span> <span class='ocrx_word' id='word_1_207' title='bbox 1512 2917 1649 2967; x_wconf 90' lang='lat' dir='ltr'><strong>sunt</strong></span> <span class='ocrx_word' id='word_1_208' title='bbox 1679 2916 1815 2967; x_wconf 91' lang='lat' dir='ltr'><strong>ante</strong></span> <span class='ocrx_word' id='word_1_209' title='bbox 1837 2913 2088 2967; x_wconf 83' lang='lat' dir='ltr'><strong>tribunal</strong></span> <span class='ocrx_word' id='word_1_210' title='bbox 2110 2927 2195 2966; x_wconf 89' lang='lat' dir='ltr'><strong>re-</strong></span> 
     </span>
    </p>
   </div>
   <div class='ocr_carea' id='block_1_31' title="bbox 534 3001 2193 3073">
    <p class='ocr_par' dir='ltr' id='par_1_31' title="bbox 534 3001 2193 3073">
     <span class='ocr_line' id='line_1_31' title="bbox 534 3001 2193 3073; baseline 0.001 -18"><span class='ocrx_word' id='word_1_211' title='bbox 534 3001 719 3071; x_wconf 88' lang='lat' dir='ltr'><strong>gium.</strong></span> <span class='ocrx_word' id='word_1_212' title='bbox 770 3001 919 3066; x_wconf 88' lang='lat' dir='ltr'><strong>Quid</strong></span> <span class='ocrx_word' id='word_1_213' title='bbox 975 3018 1118 3071; x_wconf 91' lang='lat' dir='ltr'><strong>ergo</strong></span> <span class='ocrx_word' id='word_1_214' title='bbox 1169 3001 1446 3073; x_wconf 82' lang='lat' dir='ltr'><strong>deinceps</strong></span> <span class='ocrx_word' id='word_1_215' title='bbox 1489 3006 1578 3056; x_wconf 89' lang='lat' dir='ltr'><strong>est</strong></span> <span class='ocrx_word' id='word_1_216' title='bbox 1632 3001 2193 3057; x_wconf 85' lang='lat' dir='ltr'><strong>consecutum?llle</strong></span> 
     </span>
    </p>
   </div>
   <div class='ocr_carea' id='block_1_32' title="bbox 2307 497 3875 576">
    <p class='ocr_par' dir='ltr' id='par_1_32' title="bbox 2307 497 3875 576">
     <span class='ocr_line' id='line_1_32' title="bbox 2307 497 3875 576; baseline 0.013 -32"><span class='ocrx_word' id='word_1_217' title='bbox 2307 497 2578 568; x_wconf 79' lang='grc' dir='ltr'><strong>καθιεροῦν</strong></span> <span class='ocrx_word' id='word_1_218' title='bbox 2634 497 2810 562; x_wconf 76' lang='grc' dir='ltr'>αὐτόν,</span> <span class='ocrx_word' id='word_1_219' title='bbox 2874 497 3204 550; x_wconf 74' lang='grc' dir='ltr'><strong>συνεκάλεσεν</strong></span> <span class='ocrx_word' id='word_1_220' title='bbox 3257 497 3310 559; x_wconf 78' lang='grc' dir='ltr'>ἐξ</span> <span class='ocrx_word' id='word_1_221' title='bbox 3378 498 3586 560; x_wconf 79' lang='grc' dir='ltr'>ἁπάσης</span> <span class='ocrx_word' id='word_1_222' title='bbox 3638 502 3696 562; x_wconf 71' lang='grc' dir='ltr'><strong>ἧς</strong></span> <span class='ocrx_word' id='word_1_223' title='bbox 3749 500 3875 576; x_wconf 71' lang='grc' dir='ltr'>ἦρχε</span> 
     </span>
    </p>
   </div>
   <div class='ocr_carea' id='block_1_33' title="bbox 2307 585 3874 660">
    <p class='ocr_par' dir='ltr' id='par_1_33' title="bbox 2307 585 3874 660">
     <span class='ocr_line' id='line_1_33' title="bbox 2307 585 3874 660; baseline 0.006 -25"><span class='ocrx_word' id='word_1_224' title='bbox 2307 592 2402 652; x_wconf 81' lang='grc' dir='ltr'>γῆς</span> <span class='ocrx_word' id='word_1_225' title='bbox 2461 591 2581 647; x_wconf 85' lang='grc' dir='ltr'>τούς</span> <span class='ocrx_word' id='word_1_226' title='bbox 2628 592 2863 660; x_wconf 82' lang='grc' dir='ltr'>πρωτους</span> <span class='ocrx_word' id='word_1_227' title='bbox 2915 596 3012 638; x_wconf 84' lang='grc' dir='ltr'>τῶν</span> <span class='ocrx_word' id='word_1_228' title='bbox 3083 596 3379 659; x_wconf 78' lang='grc' dir='ltr'><strong>σατραπῶν,</strong></span> <span class='ocrx_word' id='word_1_229' title='bbox 3441 585 3655 640; x_wconf 78' lang='grc' dir='ltr'>δεδώκει</span> <span class='ocrx_word' id='word_1_230' title='bbox 3701 588 3753 642; x_wconf 82' lang='grc' dir='ltr'><strong>δε</strong></span> <span class='ocrx_word' id='word_1_231' title='bbox 3792 599 3874 644; x_wconf 80' lang='grc' dir='ltr'>καὶ</span> 
     </span>
    </p>
   </div>
   <div class='ocr_carea' id='block_1_34' title="bbox 2309 675 3873 752">
    <p class='ocr_par' dir='ltr' id='par_1_34' title="bbox 2309 675 3873 752">
     <span class='ocr_line' id='line_1_34' title="bbox 2309 675 3873 752; baseline 0.006 -28"><span class='ocrx_word' id='word_1_232' title='bbox 2309 682 2519 745; x_wconf 85' lang='grc' dir='ltr'>σημεῖον</span> <span class='ocrx_word' id='word_1_233' title='bbox 2572 676 2765 743; x_wconf 76' lang='grc' dir='ltr'>αὐτοῖς,</span> <span class='ocrx_word' id='word_1_234' title='bbox 2812 679 2893 728; x_wconf 86' lang='grc' dir='ltr'>ἶνα</span> <span class='ocrx_word' id='word_1_235' title='bbox 2940 682 3009 748; x_wconf 79' lang='grc' dir='ltr'><strong>μη</strong></span> <span class='ocrx_word' id='word_1_236' title='bbox 3059 677 3226 737; x_wconf 76' lang='grc' dir='ltr'>ἁπλῶς</span> <span class='ocrx_word' id='word_1_237' title='bbox 3269 677 3397 728; x_wconf 70' lang='grc' dir='ltr'>οὕτω</span> <span class='ocrx_word' id='word_1_238' title='bbox 3428 675 3554 748; x_wconf 85' lang='grc' dir='ltr'>μηδ’</span> <span class='ocrx_word' id='word_1_239' title='bbox 3589 680 3700 731; x_wconf 75' lang='grc' dir='ltr'>ἄνευ</span> <span class='ocrx_word' id='word_1_240' title='bbox 3731 680 3873 752; x_wconf 81' lang='grc' dir='ltr'>λόγου</span> 
     </span>
    </p>
   </div>
   <div class='ocr_carea' id='block_1_35' title="bbox 2304 765 3874 839">
    <p class='ocr_par' dir='ltr' id='par_1_35' title="bbox 2304 765 3874 839">
     <span class='ocr_line' id='line_1_35' title="bbox 2304 765 3874 839; baseline 0.004 -25"><span class='ocrx_word' id='word_1_241' title='bbox 2304 768 2436 824; x_wconf 88' lang='grc' dir='ltr'>τινός</span> <span class='ocrx_word' id='word_1_242' title='bbox 2489 768 2545 816; x_wconf 89' lang='grc' dir='ltr'><strong>τό</strong></span> <span class='ocrx_word' id='word_1_243' title='bbox 2608 765 2759 828; x_wconf 73' lang='grc' dir='ltr'>σέϐας</span> <span class='ocrx_word' id='word_1_244' title='bbox 2810 767 2952 837; x_wconf 70' lang='grc' dir='ltr'>αὐτῷ</span> <span class='ocrx_word' id='word_1_245' title='bbox 3019 771 3232 838; x_wconf 77' lang='grc' dir='ltr'><strong>νέμοιεν,</strong></span> <span class='ocrx_word' id='word_1_246' title='bbox 3283 765 3385 816; x_wconf 81' lang='grc' dir='ltr'>ἀλλ’</span> <span class='ocrx_word' id='word_1_247' title='bbox 3445 769 3613 839; x_wconf 80' lang='grc' dir='ltr'>ὥσπερ</span> <span class='ocrx_word' id='word_1_248' title='bbox 3664 769 3714 819; x_wconf 84' lang='grc' dir='ltr'>ἑκ</span> <span class='ocrx_word' id='word_1_249' title='bbox 3759 789 3874 821; x_wconf 82' lang='grc' dir='ltr'>σύν-</span> 
     </span>
    </p>
   </div>
   <div class='ocr_carea' id='block_1_36' title="bbox 2307 856 3872 930">
    <p class='ocr_par' dir='ltr' id='par_1_36' title="bbox 2307 856 3872 930">
     <span class='ocr_line' id='line_1_36' title="bbox 2307 856 3872 930; baseline 0.004 -24"><span class='ocrx_word' id='word_1_250' title='bbox 2307 856 2537 924; x_wconf 75' lang='grc' dir='ltr'>θήματος</span> <span class='ocrx_word' id='word_1_251' title='bbox 2595 862 2903 930; x_wconf 80' lang='grc' dir='ltr'><strong>προσιόντας</strong></span> <span class='ocrx_word' id='word_1_252' title='bbox 2979 861 3071 908; x_wconf 81' lang='grc' dir='ltr'><strong>σύν</strong></span> <span class='ocrx_word' id='word_1_253' title='bbox 3130 856 3266 928; x_wconf 79' lang='grc' dir='ltr'><strong>φόϐῳ</strong></span> <span class='ocrx_word' id='word_1_254' title='bbox 3324 856 3491 927; x_wconf 81' lang='grc' dir='ltr'>πολλῷ</span> <span class='ocrx_word' id='word_1_255' title='bbox 3563 867 3872 929; x_wconf 83' lang='grc' dir='ltr'>προσκυνεῖν.</span> 
     </span>
    </p>
   </div>
   <div class='ocr_carea' id='block_1_37' title="bbox 2306 943 3876 1017">
    <p class='ocr_par' dir='ltr' id='par_1_37' title="bbox 2306 943 3876 1017">
     <span class='ocr_line' id='line_1_37' title="bbox 2306 943 3876 1017; baseline 0.02 -23"><span class='ocrx_word' id='word_1_256' title='bbox 2306 950 2400 995; x_wconf 76' lang='grc' dir='ltr'>Καὶ</span> <span class='ocrx_word' id='word_1_257' title='bbox 2435 949 2493 996; x_wconf 85' lang='grc' dir='ltr'><strong>τό</strong></span> <span class='ocrx_word' id='word_1_258' title='bbox 2536 953 2746 1017; x_wconf 79' lang='grc' dir='ltr'>σημεῖον</span> <span class='ocrx_word' id='word_1_259' title='bbox 2797 943 3016 1004; x_wconf 68' lang='grc' dir='ltr'><strong>τοιάνδεο</strong></span> <span class='ocrx_word' id='word_1_260' title='bbox 3072 946 3272 1013; x_wconf 69' lang='grc' dir='ltr'>Ἦνίκσ,</span> <span class='ocrx_word' id='word_1_261' title='bbox 3314 951 3492 1016; x_wconf 74' lang='grc' dir='ltr'><strong>φησὶνν</strong></span> <span class='ocrx_word' id='word_1_262' title='bbox 3539 951 3876 1017; x_wconf 65' lang='grc' dir='ltr'><strong>σημαινούσης</strong></span> 
     </span>
    </p>
   </div>
   <div class='ocr_carea' id='block_1_38' title="bbox 2305 1033 3876 1106">
    <p class='ocr_par' dir='ltr' id='par_1_38' title="bbox 2305 1033 3876 1106">
     <span class='ocr_line' id='line_1_38' title="bbox 2305 1033 3876 1106; baseline 0.003 -22"><span class='ocrx_word' id='word_1_263' title='bbox 2305 1033 2594 1086; x_wconf 87' lang='grc' dir='ltr'>ἀκούσουσι</span> <span class='ocrx_word' id='word_1_264' title='bbox 2644 1040 2779 1106; x_wconf 85' lang='grc' dir='ltr'>μέγα</span> <span class='ocrx_word' id='word_1_265' title='bbox 2827 1043 2919 1096; x_wconf 86' lang='grc' dir='ltr'>τῆς</span> <span class='ocrx_word' id='word_1_266' title='bbox 2962 1035 3270 1106; x_wconf 87' lang='grc' dir='ltr'>σάλπιγγος,</span> <span class='ocrx_word' id='word_1_267' title='bbox 3322 1055 3456 1098; x_wconf 86' lang='grc' dir='ltr'>τοτε,</span> <span class='ocrx_word' id='word_1_268' title='bbox 3519 1040 3661 1106; x_wconf 73' lang='grc' dir='ltr'>φησι,</span> <span class='ocrx_word' id='word_1_269' title='bbox 3712 1043 3876 1088; x_wconf 88' lang='grc' dir='ltr'>πεσόν-</span> 
     </span>
    </p>
   </div>
   <div class='ocr_carea' id='block_1_39' title="bbox 2302 1122 3876 1198">
    <p class='ocr_par' dir='ltr' id='par_1_39' title="bbox 2302 1122 3876 1198">
     <span class='ocr_line' id='line_1_39' title="bbox 2302 1122 3876 1198; baseline 0.003 -24"><span class='ocrx_word' id='word_1_270' title='bbox 2302 1143 2392 1186; x_wconf 83' lang='grc' dir='ltr'><strong>τας</strong></span> <span class='ocrx_word' id='word_1_271' title='bbox 2453 1133 2758 1194; x_wconf 75' lang='grc' dir='ltr'><strong>προσκυνεῖν</strong></span> <span class='ocrx_word' id='word_1_272' title='bbox 2811 1130 2897 1177; x_wconf 87' lang='grc' dir='ltr'><strong>τὸν</strong></span> <span class='ocrx_word' id='word_1_273' title='bbox 2956 1123 3243 1198; x_wconf 74' lang='grc' dir='ltr'><strong>ἀνδριάντα</strong></span> <span class='ocrx_word' id='word_1_274' title='bbox 3289 1143 3299 1153; x_wconf 94' lang='grc'>·</span> <span class='ocrx_word' id='word_1_275' title='bbox 3347 1129 3466 1186; x_wconf 86' lang='grc' dir='ltr'>τούς</span> <span class='ocrx_word' id='word_1_276' title='bbox 3513 1122 3570 1177; x_wconf 76' lang='grc' dir='ltr'>δὲ</span> <span class='ocrx_word' id='word_1_277' title='bbox 3621 1130 3689 1197; x_wconf 84' lang='grc' dir='ltr'>μὴ</span> <span class='ocrx_word' id='word_1_278' title='bbox 3742 1136 3876 1178; x_wconf 88' lang='grc' dir='ltr'>τοῦτο</span> 
     </span>
    </p>
   </div>
   <div class='ocr_carea' id='block_1_40' title="bbox 2298 1213 3873 1288">
    <p class='ocr_par' dir='ltr' id='par_1_40' title="bbox 2298 1213 3873 1288">
     <span class='ocr_line' id='line_1_40' title="bbox 2298 1213 3873 1288; baseline 0.001 -24"><span class='ocrx_word' id='word_1_279' title='bbox 2298 1221 2572 1276; x_wconf 75' lang='grc' dir='ltr'>ποιοῦντας</span> <span class='ocrx_word' id='word_1_280' title='bbox 2603 1215 2788 1275; x_wconf 82' lang='grc' dir='ltr'>εύθέως</span> <span class='ocrx_word' id='word_1_281' title='bbox 2838 1223 2899 1287; x_wconf 76' lang='grc' dir='ltr'>τῇ</span> <span class='ocrx_word' id='word_1_282' title='bbox 2957 1223 3046 1266; x_wconf 89' lang='grc' dir='ltr'><strong>τοῦ</strong></span> <span class='ocrx_word' id='word_1_283' title='bbox 3105 1218 3266 1288; x_wconf 87' lang='grc' dir='ltr'>πυρός</span> <span class='ocrx_word' id='word_1_284' title='bbox 3311 1213 3630 1286; x_wconf 74' lang='grc' dir='ltr'>ἐμϐληθῆναι</span> <span class='ocrx_word' id='word_1_285' title='bbox 3673 1221 3873 1287; x_wconf 77' lang='grc' dir='ltr'>καμίνῳ,</span> 
     </span>
    </p>
   </div>
   <div class='ocr_carea' id='block_1_41' title="bbox 2296 1300 3876 1376">
    <p class='ocr_par' dir='ltr' id='par_1_41' title="bbox 2296 1300 3876 1376">
     <span class='ocr_line' id='line_1_41' title="bbox 2296 1300 3876 1376; baseline 0.002 -23"><span class='ocrx_word' id='word_1_286' title='bbox 2296 1300 2406 1354; x_wconf 79' lang='grc' dir='ltr'>Ἵνα</span> <span class='ocrx_word' id='word_1_287' title='bbox 2450 1306 2550 1374; x_wconf 79' lang='grc' dir='ltr'>γὰρ</span> <span class='ocrx_word' id='word_1_288' title='bbox 2629 1305 2820 1374; x_wconf 79' lang='grc' dir='ltr'>μείζων</span> <span class='ocrx_word' id='word_1_289' title='bbox 2878 1304 3016 1374; x_wconf 76' lang='grc' dir='ltr'>αύτῷ</span> <span class='ocrx_word' id='word_1_290' title='bbox 3068 1309 3156 1356; x_wconf 81' lang='grc' dir='ltr'><strong>καὶ</strong></span> <span class='ocrx_word' id='word_1_291' title='bbox 3223 1307 3643 1376; x_wconf 79' lang='grc' dir='ltr'>περιφανέστερος</span> <span class='ocrx_word' id='word_1_292' title='bbox 3690 1307 3713 1356; x_wconf 88' lang='grc' dir='ltr'><strong>ό</strong></span> <span class='ocrx_word' id='word_1_293' title='bbox 3762 1306 3876 1376; x_wconf 68' lang='grc' dir='ltr'>ὑπὲρ</span> 
     </span>
    </p>
   </div>
   <div class='ocr_carea' id='block_1_42' title="bbox 2298 1389 3878 1465">
    <p class='ocr_par' dir='ltr' id='par_1_42' title="bbox 2298 1389 3878 1465">
     <span class='ocr_line' id='line_1_42' title="bbox 2298 1389 3878 1465; baseline 0.001 -22"><span class='ocrx_word' id='word_1_294' title='bbox 2298 1400 2390 1443; x_wconf 87' lang='grc' dir='ltr'><strong>τοῦ</strong></span> <span class='ocrx_word' id='word_1_295' title='bbox 2421 1389 2724 1465; x_wconf 72' lang='grc' dir='ltr'>ἀνδριάντος</span> <span class='ocrx_word' id='word_1_296' title='bbox 2773 1393 2909 1464; x_wconf 85' lang='grc' dir='ltr'>ἀγὼν</span> <span class='ocrx_word' id='word_1_297' title='bbox 2962 1401 3221 1465; x_wconf 74' lang='grc' dir='ltr'>καταστῇ,</span> <span class='ocrx_word' id='word_1_298' title='bbox 3268 1397 3356 1445; x_wconf 80' lang='grc' dir='ltr'>καὶ</span> <span class='ocrx_word' id='word_1_299' title='bbox 3404 1396 3618 1465; x_wconf 81' lang='grc' dir='ltr'>κάμινον</span> <span class='ocrx_word' id='word_1_300' title='bbox 3667 1392 3715 1444; x_wconf 87' lang='grc' dir='ltr'>ἐκ</span> <span class='ocrx_word' id='word_1_301' title='bbox 3769 1391 3878 1445; x_wconf 85' lang='grc' dir='ltr'>δια-</span> 
     </span>
    </p>
   </div>
   <div class='ocr_carea' id='block_1_43' title="bbox 2301 1482 3879 1555">
    <p class='ocr_par' dir='ltr' id='par_1_43' title="bbox 2301 1482 3879 1555">
     <span class='ocr_line' id='line_1_43' title="bbox 2301 1482 3879 1555; baseline 0.001 -23"><span class='ocrx_word' id='word_1_302' title='bbox 2301 1485 2485 1554; x_wconf 78' lang='grc' dir='ltr'>μέτρου</span> <span class='ocrx_word' id='word_1_303' title='bbox 2541 1486 2808 1534; x_wconf 83' lang='grc' dir='ltr'>κατέναντι</span> <span class='ocrx_word' id='word_1_304' title='bbox 2887 1491 2980 1544; x_wconf 79' lang='grc' dir='ltr'>τῆς</span> <span class='ocrx_word' id='word_1_305' title='bbox 3031 1483 3220 1544; x_wconf 80' lang='grc' dir='ltr'>εἰκόνος</span> <span class='ocrx_word' id='word_1_306' title='bbox 3275 1482 3522 1541; x_wconf 70' lang='grc' dir='ltr'>ἐκκαῆναι</span> <span class='ocrx_word' id='word_1_307' title='bbox 3585 1484 3879 1555; x_wconf 83' lang='grc' dir='ltr'>προστάττει</span> 
     </span>
    </p>
   </div>
   <div class='ocr_carea' id='block_1_44' title="bbox 2300 1568 3875 1646">
    <p class='ocr_par' dir='ltr' id='par_1_44' title="bbox 2300 1568 3875 1646">
     <span class='ocr_line' id='line_1_44' title="bbox 2300 1568 3875 1646; baseline 0 -24"><span class='ocrx_word' id='word_1_308' title='bbox 2300 1577 2468 1642; x_wconf 76' lang='grc' dir='ltr'>πίσσῃ</span> <span class='ocrx_word' id='word_1_309' title='bbox 2514 1577 2604 1624; x_wconf 82' lang='grc' dir='ltr'>καὶ</span> <span class='ocrx_word' id='word_1_310' title='bbox 2655 1569 2965 1643; x_wconf 87' lang='grc' dir='ltr'>κληματίδι,</span> <span class='ocrx_word' id='word_1_311' title='bbox 3019 1575 3151 1646; x_wconf 90' lang='grc' dir='ltr'>πρὸς</span> <span class='ocrx_word' id='word_1_312' title='bbox 3209 1568 3267 1624; x_wconf 79' lang='grc' dir='ltr'><strong>δε</strong></span> <span class='ocrx_word' id='word_1_313' title='bbox 3321 1577 3411 1624; x_wconf 84' lang='grc' dir='ltr'>καὶ</span> <span class='ocrx_word' id='word_1_314' title='bbox 3440 1573 3603 1644; x_wconf 73' lang='grc' dir='ltr'>νάφθῃ</span> <span class='ocrx_word' id='word_1_315' title='bbox 3647 1577 3732 1623; x_wconf 78' lang='grc' dir='ltr'><strong>καὶ</strong></span> <span class='ocrx_word' id='word_1_316' title='bbox 3765 1591 3875 1622; x_wconf 80' lang='grc' dir='ltr'>στυο</span> 
     </span>
    </p>
   </div>
   <div class='ocr_carea' id='block_1_45' title="bbox 2305 1659 3877 1735">
    <p class='ocr_par' dir='ltr' id='par_1_45' title="bbox 2305 1659 3877 1735">
     <span class='ocr_line' id='line_1_45' title="bbox 2305 1659 3877 1735; baseline 0 -23"><span class='ocrx_word' id='word_1_317' title='bbox 2305 1666 2428 1731; x_wconf 85' lang='grc' dir='ltr'>πείῳ</span> <span class='ocrx_word' id='word_1_318' title='bbox 2461 1661 2698 1735; x_wconf 82' lang='grc' dir='ltr'>ἰσχυρῶς</span> <span class='ocrx_word' id='word_1_319' title='bbox 2717 1666 3044 1735; x_wconf 71' lang='grc' dir='ltr'>τρεφομένην,</span> <span class='ocrx_word' id='word_1_320' title='bbox 3080 1660 3138 1712; x_wconf 79' lang='grc' dir='ltr'>ἶν’</span> <span class='ocrx_word' id='word_1_321' title='bbox 3171 1663 3313 1721; x_wconf 84' lang='grc' dir='ltr'>ὅστις</span> <span class='ocrx_word' id='word_1_322' title='bbox 3339 1660 3606 1732; x_wconf 77' lang='grc' dir='ltr'>ἐλέγχοιτο</span> <span class='ocrx_word' id='word_1_323' title='bbox 3635 1670 3702 1730; x_wconf 79' lang='grc' dir='ltr'>τῷ</span> <span class='ocrx_word' id='word_1_324' title='bbox 3735 1659 3877 1732; x_wconf 83' lang='grc' dir='ltr'>βασι-</span> 
     </span>
    </p>
   </div>
   <div class='ocr_carea' id='block_1_46' title="bbox 2221 1741 3879 1824">
    <p class='ocr_par' dir='ltr' id='par_1_46' title="bbox 2221 1741 3879 1824">
     <span class='ocr_line' id='line_1_46' title="bbox 2221 1741 3879 1824; baseline 0.001 -26"><span class='ocrx_word' id='word_1_325' title='bbox 2221 1741 2263 1796; x_wconf 89' lang='grc' dir='ltr'><strong>Β</strong></span> <span class='ocrx_word' id='word_1_326' title='bbox 2303 1749 2428 1819; x_wconf 79' lang='grc' dir='ltr'>λικῴ</span> <span class='ocrx_word' id='word_1_327' title='bbox 2461 1746 2688 1821; x_wconf 87' lang='grc' dir='ltr'>δόγματι</span> <span class='ocrx_word' id='word_1_328' title='bbox 2731 1755 2801 1822; x_wconf 83' lang='grc' dir='ltr'>μὴ</span> <span class='ocrx_word' id='word_1_329' title='bbox 2835 1753 3249 1822; x_wconf 68' lang='grc' dir='ltr'>κατατιθέμενος,</span> <span class='ocrx_word' id='word_1_330' title='bbox 3285 1749 3478 1802; x_wconf 76' lang='grc' dir='ltr'>αὐτίκα</span> <span class='ocrx_word' id='word_1_331' title='bbox 3521 1746 3879 1824; x_wconf 72' lang='grc' dir='ltr'>παραδιδῶται</span> 
     </span>
    </p>
   </div>
   <div class='ocr_carea' id='block_1_47' title="bbox 2302 1845 2617 1912">
    <p class='ocr_par' dir='ltr' id='par_1_47' title="bbox 2302 1845 2617 1912">
     <span class='ocr_line' id='line_1_47' title="bbox 2302 1845 2617 1912; baseline -0.003 -21"><span class='ocrx_word' id='word_1_332' title='bbox 2302 1847 2364 1912; x_wconf 76' lang='grc' dir='ltr'><strong>τῇ</strong></span> <span class='ocrx_word' id='word_1_333' title='bbox 2397 1845 2617 1912; x_wconf 82' lang='grc' dir='ltr'>καμίνῳ.</span> 
     </span>
    </p>
   </div>
   <div class='ocr_carea' id='block_1_48' title="bbox 2374 1927 3879 2000">
    <p class='ocr_par' dir='ltr' id='par_1_48' title="bbox 2374 1927 3879 2000">
     <span class='ocr_line' id='line_1_48' title="bbox 2374 1927 3879 2000; baseline -0.001 -18"><span class='ocrx_word' id='word_1_334' title='bbox 2374 1929 2446 1981; x_wconf 75' lang='grc' dir='ltr'>Ζὀ</span> <span class='ocrx_word' id='word_1_335' title='bbox 2493 1933 2700 1982; x_wconf 84' lang='grc' dir='ltr'>Πάντων</span> <span class='ocrx_word' id='word_1_336' title='bbox 2745 1927 2836 1982; x_wconf 78' lang='grc' dir='ltr'>οὖκ</span> <span class='ocrx_word' id='word_1_337' title='bbox 2881 1933 3015 1981; x_wconf 79' lang='grc' dir='ltr'>κατὰ</span> <span class='ocrx_word' id='word_1_338' title='bbox 3058 1933 3115 1982; x_wconf 92' lang='grc' dir='ltr'><strong>τὸ</strong></span> <span class='ocrx_word' id='word_1_339' title='bbox 3161 1929 3431 1982; x_wconf 72' lang='grc' dir='ltr'>κελευσθὲν</span> <span class='ocrx_word' id='word_1_340' title='bbox 3470 1928 3524 1981; x_wconf 87' lang='grc' dir='ltr'>ἐκ</span> <span class='ocrx_word' id='word_1_341' title='bbox 3571 1931 3879 2000; x_wconf 79' lang='grc' dir='ltr'>συνθήματος</span> 
     </span>
    </p>
   </div>
   <div class='ocr_carea' id='block_1_49' title="bbox 2303 2016 3880 2091">
    <p class='ocr_par' dir='ltr' id='par_1_49' title="bbox 2303 2016 3880 2091">
     <span class='ocr_line' id='line_1_49' title="bbox 2303 2016 3880 2091; baseline -0.006 -14"><span class='ocrx_word' id='word_1_342' title='bbox 2303 2021 2544 2089; x_wconf 71' lang='grc' dir='ltr'>ἡκούσης</span> <span class='ocrx_word' id='word_1_343' title='bbox 2587 2016 2694 2076; x_wconf 69' lang='grc' dir='ltr'>ἤδη</span> <span class='ocrx_word' id='word_1_344' title='bbox 2745 2028 2840 2080; x_wconf 77' lang='grc' dir='ltr'>τῆς</span> <span class='ocrx_word' id='word_1_345' title='bbox 2888 2019 3173 2090; x_wconf 87' lang='grc' dir='ltr'>σάλπιγγος</span> <span class='ocrx_word' id='word_1_346' title='bbox 3215 2021 3643 2091; x_wconf 76' lang='grc' dir='ltr'>προσκυνούντων</span> <span class='ocrx_word' id='word_1_347' title='bbox 3691 2021 3771 2070; x_wconf 90' lang='grc' dir='ltr'><strong>τὸν</strong></span> <span class='ocrx_word' id='word_1_348' title='bbox 3809 2017 3880 2068; x_wconf 87' lang='grc' dir='ltr'>ἀν-</span> 
     </span>
    </p>
   </div>
   <div class='ocr_carea' id='block_1_50' title="bbox 2306 2105 3880 2182">
    <p class='ocr_par' dir='ltr' id='par_1_50' title="bbox 2306 2105 3880 2182">
     <span class='ocr_line' id='line_1_50' title="bbox 2306 2105 3880 2182; baseline -0.001 -23"><span class='ocrx_word' id='word_1_349' title='bbox 2306 2105 2546 2182; x_wconf 89' lang='grc' dir='ltr'>δριάντα,</span> <span class='ocrx_word' id='word_1_350' title='bbox 2597 2111 2645 2160; x_wconf 83' lang='grc' dir='ltr'>οἱ</span> <span class='ocrx_word' id='word_1_351' title='bbox 2701 2117 2838 2180; x_wconf 86' lang='grc' dir='ltr'>τρεῖς</span> <span class='ocrx_word' id='word_1_352' title='bbox 2868 2109 3010 2160; x_wconf 78' lang='grc' dir='ltr'>οὗτοι</span> <span class='ocrx_word' id='word_1_353' title='bbox 3061 2113 3206 2179; x_wconf 80' lang='grc' dir='ltr'>μόνοι</span> <span class='ocrx_word' id='word_1_354' title='bbox 3258 2116 3413 2161; x_wconf 90' lang='grc' dir='ltr'>τοῦτο</span> <span class='ocrx_word' id='word_1_355' title='bbox 3456 2108 3648 2181; x_wconf 82' lang='grc' dir='ltr'>πρᾶξαι</span> <span class='ocrx_word' id='word_1_356' title='bbox 3691 2109 3880 2165; x_wconf 77' lang='grc' dir='ltr'>ἠπείθη-</span> 
     </span>
    </p>
   </div>
   <div class='ocr_carea' id='block_1_51' title="bbox 2307 2196 3882 2272">
    <p class='ocr_par' dir='ltr' id='par_1_51' title="bbox 2307 2196 3882 2272">
     <span class='ocr_line' id='line_1_51' title="bbox 2307 2196 3882 2272; baseline -0.002 -22"><span class='ocrx_word' id='word_1_357' title='bbox 2307 2217 2422 2262; x_wconf 88' lang='grc' dir='ltr'>σαν,</span> <span class='ocrx_word' id='word_1_358' title='bbox 2484 2201 2546 2258; x_wconf 80' lang='grc' dir='ltr'>ὼς</span> <span class='ocrx_word' id='word_1_359' title='bbox 2596 2202 2684 2250; x_wconf 86' lang='grc' dir='ltr'><strong>καὶ</strong></span> <span class='ocrx_word' id='word_1_360' title='bbox 2739 2203 2804 2250; x_wconf 82' lang='grc' dir='ltr'>τὰ</span> <span class='ocrx_word' id='word_1_361' title='bbox 2865 2201 2974 2272; x_wconf 84' lang='grc' dir='ltr'>ἱερά</span> <span class='ocrx_word' id='word_1_362' title='bbox 3019 2196 3350 2251; x_wconf 84' lang='grc' dir='ltr'>διδάσκουσι</span> <span class='ocrx_word' id='word_1_363' title='bbox 3411 2204 3598 2269; x_wconf 78' lang='grc' dir='ltr'>Λόγια,</span> <span class='ocrx_word' id='word_1_364' title='bbox 3645 2198 3726 2249; x_wconf 85' lang='grc' dir='ltr'>οἷτε</span> <span class='ocrx_word' id='word_1_365' title='bbox 3776 2201 3882 2257; x_wconf 83' lang='grc' dir='ltr'>τούς</span> 
     </span>
    </p>
   </div>
   <div class='ocr_carea' id='block_1_52' title="bbox 2307 2287 3880 2360">
    <p class='ocr_par' dir='ltr' id='par_1_52' title="bbox 2307 2287 3880 2360">
     <span class='ocr_line' id='line_1_52' title="bbox 2307 2287 3880 2360; baseline -0.001 -22"><span class='ocrx_word' id='word_1_366' title='bbox 2307 2294 2575 2359; x_wconf 74' lang='grc' dir='ltr'>πατρῴους</span> <span class='ocrx_word' id='word_1_367' title='bbox 2627 2292 2813 2360; x_wconf 85' lang='grc' dir='ltr'>νόμους</span> <span class='ocrx_word' id='word_1_368' title='bbox 2887 2287 3186 2360; x_wconf 81' lang='grc' dir='ltr'>παραϐῆναι</span> <span class='ocrx_word' id='word_1_369' title='bbox 3260 2293 3329 2359; x_wconf 82' lang='grc' dir='ltr'>μὴ</span> <span class='ocrx_word' id='word_1_370' title='bbox 3416 2287 3758 2359; x_wconf 83' lang='grc' dir='ltr'>ἀνασχόμενοι</span> <span class='ocrx_word' id='word_1_371' title='bbox 3805 2291 3880 2336; x_wconf 85' lang='grc' dir='ltr'><strong>καὶ</strong></span> 
     </span>
    </p>
   </div>
   <div class='ocr_carea' id='block_1_53' title="bbox 2307 2373 3882 2448">
    <p class='ocr_par' dir='ltr' id='par_1_53' title="bbox 2307 2373 3882 2448">
     <span class='ocr_line' id='line_1_53' title="bbox 2307 2373 3882 2448; baseline -0.002 -21"><span class='ocrx_word' id='word_1_372' title='bbox 2307 2379 2392 2427; x_wconf 85' lang='grc' dir='ltr'><strong>τὸν</strong></span> <span class='ocrx_word' id='word_1_373' title='bbox 2452 2376 2668 2446; x_wconf 69' lang='grc' dir='ltr'>ὕψιστον</span> <span class='ocrx_word' id='word_1_374' title='bbox 2729 2381 2856 2429; x_wconf 87' lang='grc' dir='ltr'>Θεὸν</span> <span class='ocrx_word' id='word_1_375' title='bbox 2917 2377 3174 2448; x_wconf 81' lang='grc' dir='ltr'>ἀτιμάσαι</span> <span class='ocrx_word' id='word_1_376' title='bbox 3233 2382 3321 2427; x_wconf 88' lang='grc' dir='ltr'><strong>καὶ</strong></span> <span class='ocrx_word' id='word_1_377' title='bbox 3382 2373 3578 2448; x_wconf 81' lang='grc' dir='ltr'>εἰδώλῳ</span> <span class='ocrx_word' id='word_1_378' title='bbox 3634 2393 3882 2446; x_wconf 84' lang='grc' dir='ltr'>προσενεγ-</span> 
     </span>
    </p>
   </div>
   <div class='ocr_carea' id='block_1_54' title="bbox 2307 2468 3881 2537">
    <p class='ocr_par' dir='ltr' id='par_1_54' title="bbox 2307 2468 3881 2537">
     <span class='ocr_line' id='line_1_54' title="bbox 2307 2468 3881 2537; baseline -0.002 -23"><span class='ocrx_word' id='word_1_379' title='bbox 2307 2470 2410 2514; x_wconf 84' lang='grc' dir='ltr'>κεῖν</span> <span class='ocrx_word' id='word_1_380' title='bbox 2467 2469 2557 2522; x_wconf 84' lang='grc' dir='ltr'>τὴν</span> <span class='ocrx_word' id='word_1_381' title='bbox 2611 2469 2964 2537; x_wconf 74' lang='grc' dir='ltr'>προσκύνησιν</span> <span class='ocrx_word' id='word_1_382' title='bbox 3029 2483 3040 2495; x_wconf 84' lang='lat'><strong><em>°</em></strong></span> <span class='ocrx_word' id='word_1_383' title='bbox 3084 2468 3245 2536; x_wconf 77' lang='grc' dir='ltr'>ταύτῃ</span> <span class='ocrx_word' id='word_1_384' title='bbox 3313 2483 3398 2516; x_wconf 90' lang='grc' dir='ltr'><strong>τοι</strong></span> <span class='ocrx_word' id='word_1_385' title='bbox 3442 2470 3530 2516; x_wconf 87' lang='grc' dir='ltr'><strong>καὶ</strong></span> <span class='ocrx_word' id='word_1_386' title='bbox 3580 2472 3646 2533; x_wconf 84' lang='grc' dir='ltr'>τῷ</span> <span class='ocrx_word' id='word_1_387' title='bbox 3697 2471 3881 2535; x_wconf 81' lang='grc' dir='ltr'>πονηρῴ</span> 
     </span>
    </p>
   </div>
   <div class='ocr_carea' id='block_1_55' title="bbox 2308 2549 3882 2626">
    <p class='ocr_par' dir='ltr' id='par_1_55' title="bbox 2308 2549 3882 2626">
     <span class='ocr_line' id='line_1_55' title="bbox 2308 2549 3882 2626; baseline -0.001 -23"><span class='ocrx_word' id='word_1_388' title='bbox 2308 2550 2673 2606; x_wconf 79' lang='grc' dir='ltr'>διαϐάλλονται</span> <span class='ocrx_word' id='word_1_389' title='bbox 2735 2553 2943 2626; x_wconf 78' lang='grc' dir='ltr'>βασιλεί</span> <span class='ocrx_word' id='word_1_390' title='bbox 2977 2573 2990 2586; x_wconf 89' lang='grc'><strong>·</strong></span> <span class='ocrx_word' id='word_1_391' title='bbox 3028 2560 3115 2606; x_wconf 84' lang='grc' dir='ltr'>καὶ</span> <span class='ocrx_word' id='word_1_392' title='bbox 3165 2553 3533 2626; x_wconf 85' lang='grc' dir='ltr'>προσελθόντες</span> <span class='ocrx_word' id='word_1_393' title='bbox 3582 2556 3628 2605; x_wconf 83' lang='grc' dir='ltr'><strong>οἱ</strong></span> <span class='ocrx_word' id='word_1_394' title='bbox 3684 2549 3882 2605; x_wconf 73' lang='grc' dir='ltr'>διαϐάλ-</span> 
     </span>
    </p>
   </div>
   <div class='ocr_carea' id='block_1_56' title="bbox 2303 2642 3878 2716">
    <p class='ocr_par' dir='ltr' id='par_1_56' title="bbox 2303 2642 3878 2716">
     <span class='ocr_line' id='line_1_56' title="bbox 2303 2642 3878 2716; baseline -0.001 -23"><span class='ocrx_word' id='word_1_395' title='bbox 2303 2642 2468 2704; x_wconf 84' lang='grc' dir='ltr'>λοντες</span> <span class='ocrx_word' id='word_1_396' title='bbox 2515 2644 2704 2705; x_wconf 79' lang='grc' dir='ltr'>αύτούς</span> <span class='ocrx_word' id='word_1_397' title='bbox 2750 2663 2762 2675; x_wconf 85' lang='grc'><strong>·</strong></span> <span class='ocrx_word' id='word_1_398' title='bbox 2805 2644 3038 2708; x_wconf 80' lang='grc' dir='ltr'>Βασιλεῦ,</span> <span class='ocrx_word' id='word_1_399' title='bbox 3081 2646 3298 2715; x_wconf 73' lang='grc' dir='ltr'>ἔφησαν,</span> <span class='ocrx_word' id='word_1_400' title='bbox 3355 2645 3408 2695; x_wconf 78' lang='grc' dir='ltr'><strong>οἱ</strong></span> <span class='ocrx_word' id='word_1_401' title='bbox 3464 2646 3603 2716; x_wconf 87' lang='grc' dir='ltr'><strong>παρά</strong></span> <span class='ocrx_word' id='word_1_402' title='bbox 3657 2650 3745 2693; x_wconf 83' lang='grc' dir='ltr'><strong>σοῦ</strong></span> <span class='ocrx_word' id='word_1_403' title='bbox 3798 2649 3878 2700; x_wconf 79' lang='grc' dir='ltr'>τῆς</span> 
     </span>
    </p>
   </div>
   <div class='ocr_carea' id='block_1_57' title="bbox 2304 2729 3878 2806">
    <p class='ocr_par' dir='ltr' id='par_1_57' title="bbox 2304 2729 3878 2806">
     <span class='ocr_line' id='line_1_57' title="bbox 2304 2729 3878 2806; baseline -0.003 -24"><span class='ocrx_word' id='word_1_404' title='bbox 2304 2739 2483 2806; x_wconf 79' lang='grc' dir='ltr'>χώρας</span> <span class='ocrx_word' id='word_1_405' title='bbox 2517 2735 2701 2806; x_wconf 76' lang='grc' dir='ltr'>ἄρχειν</span> <span class='ocrx_word' id='word_1_406' title='bbox 2741 2733 3008 2804; x_wconf 84' lang='grc' dir='ltr'>λαχόντες,</span> <span class='ocrx_word' id='word_1_407' title='bbox 3045 2729 3242 2804; x_wconf 81' lang='grc' dir='ltr'>Σεδράκ</span> <span class='ocrx_word' id='word_1_408' title='bbox 3287 2732 3438 2793; x_wconf 77' lang='grc' dir='ltr'>οὗτος</span> <span class='ocrx_word' id='word_1_409' title='bbox 3485 2737 3573 2784; x_wconf 82' lang='grc' dir='ltr'>καὶ</span> <span class='ocrx_word' id='word_1_410' title='bbox 3607 2733 3776 2783; x_wconf 56' lang='lat' dir='ltr'><strong>Mm:</strong></span> <span class='ocrx_word' id='word_1_411' title='bbox 3802 2733 3878 2779; x_wconf 83' lang='grc' dir='ltr'><strong>καὶ</strong></span> 
     </span>
    </p>
   </div>
   <div class='ocr_carea' id='block_1_58' title="bbox 2301 2819 3875 2894">
    <p class='ocr_par' dir='ltr' id='par_1_58' title="bbox 2301 2819 3875 2894">
     <span class='ocr_line' id='line_1_58' title="bbox 2301 2819 3875 2894; baseline -0.004 -20"><span class='ocrx_word' id='word_1_412' title='bbox 2301 2819 2620 2892; x_wconf 69' lang='grc' dir='ltr'>Ἀϐδεναγώ,</span> <span class='ocrx_word' id='word_1_413' title='bbox 2681 2826 2795 2874; x_wconf 71' lang='grc' dir='ltr'>οὔτε</span> <span class='ocrx_word' id='word_1_414' title='bbox 2840 2830 2900 2893; x_wconf 75' lang='grc' dir='ltr'>τῇ</span> <span class='ocrx_word' id='word_1_415' title='bbox 2953 2822 3108 2873; x_wconf 85' lang='grc' dir='ltr'>εἰκόνι</span> <span class='ocrx_word' id='word_1_416' title='bbox 3160 2828 3470 2894; x_wconf 79' lang='grc' dir='ltr'>προσκυνεῖν</span> <span class='ocrx_word' id='word_1_417' title='bbox 3520 2821 3638 2880; x_wconf 85' lang='grc' dir='ltr'>ὅλως</span> <span class='ocrx_word' id='word_1_418' title='bbox 3683 2819 3875 2889; x_wconf 85' lang='grc' dir='ltr'>ἀνέχον-</span> 
     </span>
    </p>
   </div>
   <div class='ocr_carea' id='block_1_59' title="bbox 2304 2908 3873 2983">
    <p class='ocr_par' dir='ltr' id='par_1_59' title="bbox 2304 2908 3873 2983">
     <span class='ocr_line' id='line_1_59' title="bbox 2304 2908 3873 2983; baseline -0.004 -20"><span class='ocrx_word' id='word_1_419' title='bbox 2304 2932 2411 2972; x_wconf 87' lang='grc' dir='ltr'>ται,</span> <span class='ocrx_word' id='word_1_420' title='bbox 2461 2915 2576 2964; x_wconf 80' lang='grc' dir='ltr'>ού⁸τε</span> <span class='ocrx_word' id='word_1_421' title='bbox 2633 2916 2733 2983; x_wconf 81' lang='grc' dir='ltr'>μὴν</span> <span class='ocrx_word' id='word_1_422' title='bbox 2799 2919 2905 2972; x_wconf 85' lang='grc' dir='ltr'>τοῖς</span> <span class='ocrx_word' id='word_1_423' title='bbox 2964 2919 3074 2972; x_wconf 87' lang='grc' dir='ltr'>σοῖς</span> <span class='ocrx_word' id='word_1_424' title='bbox 3131 2908 3468 2982; x_wconf 85' lang='grc' dir='ltr'>διατάγμασι</span> <span class='ocrx_word' id='word_1_425' title='bbox 3525 2912 3873 2982; x_wconf 84' lang='grc' dir='ltr'>πειθαρχοῦσι.</span> 
     </span>
    </p>
   </div>
   <div class='ocr_carea' id='block_1_60' title="bbox 2303 2997 3875 3070">
    <p class='ocr_par' dir='ltr' id='par_1_60' title="bbox 2303 2997 3875 3070">
     <span class='ocr_line' id='line_1_60' title="bbox 2303 2997 3875 3070; baseline -0.005 -17"><span class='ocrx_word' id='word_1_426' title='bbox 2303 3008 2478 3053; x_wconf 80' lang='grc' dir='ltr'>Ταῦτα</span> <span class='ocrx_word' id='word_1_427' title='bbox 2527 2997 2664 3052; x_wconf 85' lang='grc' dir='ltr'>εἷπον</span> <span class='ocrx_word' id='word_1_428' title='bbox 2707 3002 2908 3063; x_wconf 85' lang='grc' dir='ltr'>ἐκεῖνοι,</span> <span class='ocrx_word' id='word_1_429' title='bbox 2941 3006 3029 3052; x_wconf 78' lang='grc' dir='ltr'>καὶ</span> <span class='ocrx_word' id='word_1_430' title='bbox 3061 3004 3201 3070; x_wconf 85' lang='grc' dir='ltr'>ταχύ</span> <span class='ocrx_word' id='word_1_431' title='bbox 3262 3003 3483 3059; x_wconf 78' lang='grc' dir='ltr'>τούτους</span> <span class='ocrx_word' id='word_1_432' title='bbox 3537 2999 3603 3060; x_wconf 89' lang='grc' dir='ltr'>εἰς</span> <span class='ocrx_word' id='word_1_433' title='bbox 3633 2998 3875 3069; x_wconf 87' lang='grc' dir='ltr'>παράστα-</span> 
     </span>
    </p>
   </div>
   <div class='ocr_carea' id='block_1_61' title="bbox 534 3086 2189 3162">
    <p class='ocr_par' dir='ltr' id='par_1_61' title="bbox 534 3089 2189 3160">
     <span class='ocr_line' id='line_1_61' title="bbox 534 3089 2189 3160; baseline 0.002 -18"><span class='ocrx_word' id='word_1_434' title='bbox 534 3089 776 3160; x_wconf 89' lang='lat' dir='ltr'><strong>quidem</strong></span> <span class='ocrx_word' id='word_1_435' title='bbox 807 3089 1053 3158; x_wconf 88' lang='lat' dir='ltr'><strong>rogavit,</strong></span> <span class='ocrx_word' id='word_1_436' title='bbox 1097 3105 1174 3144; x_wconf 90' lang='lat' dir='ltr'><strong>an</strong></span> <span class='ocrx_word' id='word_1_437' title='bbox 1202 3106 1343 3145; x_wconf 89' lang='lat' dir='ltr'><strong>vera</strong></span> <span class='ocrx_word' id='word_1_438' title='bbox 1373 3095 1585 3157; x_wconf 88' lang='lat' dir='ltr'><strong>essent,</strong></span> <span class='ocrx_word' id='word_1_439' title='bbox 1605 3095 1659 3144; x_wconf 90' lang='lat' dir='ltr'><strong>et</strong></span> <span class='ocrx_word' id='word_1_440' title='bbox 1685 3089 1907 3145; x_wconf 88' lang='lat' dir='ltr'><strong>nollent</strong></span> <span class='ocrx_word' id='word_1_441' title='bbox 1946 3106 2189 3145; x_wconf 87' lang='lat' dir='ltr'><strong>auream</strong></span> 
     </span>
    </p>
   </div>
   <div class='ocr_carea' id='block_1_62' title="bbox 2300 3086 3875 3162">
    <p class='ocr_par' dir='ltr' id='par_1_62' title="bbox 2305 3086 3875 3162">
     <span class='ocr_line' id='line_1_62' title="bbox 2305 3086 3875 3162; baseline -0.003 -21"><span class='ocrx_word' id='word_1_442' title='bbox 2305 3110 2386 3142; x_wconf 94' lang='grc' dir='ltr'><strong>σιν</strong></span> <span class='ocrx_word' id='word_1_443' title='bbox 2427 3095 2482 3142; x_wconf 87' lang='grc' dir='ltr'><strong>τό</strong></span> <span class='ocrx_word' id='word_1_444' title='bbox 2536 3089 2811 3162; x_wconf 85' lang='grc' dir='ltr'>βασιλικὸν</span> <span class='ocrx_word' id='word_1_445' title='bbox 2857 3087 3068 3160; x_wconf 73' lang='grc' dir='ltr'>ἐδέχετο</span> <span class='ocrx_word' id='word_1_446' title='bbox 3104 3088 3254 3160; x_wconf 79' lang='grc' dir='ltr'>βῆμα</span> <span class='ocrx_word' id='word_1_447' title='bbox 3288 3105 3298 3117; x_wconf 81' lang='grc'><strong><em>⁸</em></strong></span> <span class='ocrx_word' id='word_1_448' title='bbox 3331 3094 3384 3140; x_wconf 92' lang='grc' dir='ltr'><strong>τί</strong></span> <span class='ocrx_word' id='word_1_449' title='bbox 3427 3086 3513 3140; x_wconf 80' lang='grc' dir='ltr'>οὖν</span> <span class='ocrx_word' id='word_1_450' title='bbox 3544 3093 3599 3140; x_wconf 90' lang='grc' dir='ltr'><strong>τὸ</strong></span> <span class='ocrx_word' id='word_1_451' title='bbox 3630 3087 3833 3138; x_wconf 82' lang='grc' dir='ltr'>ἐντεῦθεν</span> <span class='ocrx_word' id='word_1_452' title='bbox 3863 3099 3875 3146; x_wconf 85' lang='lat'><strong>;</strong></span> 
     </span>
    </p>
   </div>
   <div class='ocr_carea' id='block_1_63' title="bbox 535 3177 2191 3233">
    <p class='ocr_par' dir='ltr' id='par_1_63' title="bbox 535 3177 2191 3233">
     <span class='ocr_line' id='line_1_63' title="bbox 535 3177 2191 3233; baseline 0.002 -3"><span class='ocrx_word' id='word_1_453' title='bbox 535 3181 796 3232; x_wconf 89' lang='lat' dir='ltr'><strong>statuam</strong></span> <span class='ocrx_word' id='word_1_454' title='bbox 833 3177 1083 3233; x_wconf 90' lang='lat' dir='ltr'><strong>adorare</strong></span> <span class='ocrx_word' id='word_1_455' title='bbox 1129 3194 1266 3232; x_wconf 90' lang='lat' dir='ltr'><strong>cum</strong></span> <span class='ocrx_word' id='word_1_456' title='bbox 1309 3178 1459 3232; x_wconf 89' lang='lat' dir='ltr'><strong>aliis.</strong></span> <span class='ocrx_word' id='word_1_457' title='bbox 1517 3178 1758 3232; x_wconf 89' lang='lat' dir='ltr'><strong>Dicebat</strong></span> <span class='ocrx_word' id='word_1_458' title='bbox 1783 3179 1936 3233; x_wconf 90' lang='lat' dir='ltr'><strong>enim</strong></span> <span class='ocrx_word' id='word_1_459' title='bbox 1983 3195 2044 3233; x_wconf 91' lang='lat' dir='ltr'><strong>se</strong></span> <span class='ocrx_word' id='word_1_460' title='bbox 2075 3195 2191 3233; x_wconf 89' lang='lat' dir='ltr'><strong>non</strong></span> 
     </span>
    </p>
   </div>
   <div class='ocr_carea' id='block_1_64' title="bbox 536 3265 2189 3336">
    <p class='ocr_par' dir='ltr' id='par_1_64' title="bbox 536 3265 2189 3336">
     <span class='ocr_line' id='line_1_64' title="bbox 536 3265 2189 3336; baseline 0.002 -16"><span class='ocrx_word' id='word_1_461' title='bbox 536 3265 773 3320; x_wconf 91' lang='lat' dir='ltr'><strong>credere</strong></span> <span class='ocrx_word' id='word_1_462' title='bbox 806 3266 931 3320; x_wconf 64' lang='lat' dir='ltr'><strong>haec</strong></span> <span class='ocrx_word' id='word_1_463' title='bbox 975 3282 1103 3322; x_wconf 90' lang='lat' dir='ltr'><strong>esse</strong></span> <span class='ocrx_word' id='word_1_464' title='bbox 1142 3282 1297 3321; x_wconf 91' lang='lat' dir='ltr'><strong>vera.</strong></span> <span class='ocrx_word' id='word_1_465' title='bbox 1326 3267 1409 3321; x_wconf 91' lang='lat' dir='ltr'><strong>llli</strong></span> <span class='ocrx_word' id='word_1_466' title='bbox 1448 3283 1585 3322; x_wconf 90' lang='lat' dir='ltr'><strong>vero</strong></span> <span class='ocrx_word' id='word_1_467' title='bbox 1619 3283 1838 3336; x_wconf 89' lang='lat' dir='ltr'><strong>magno</strong></span> <span class='ocrx_word' id='word_1_468' title='bbox 1875 3273 1930 3322; x_wconf 93' lang='lat' dir='ltr'><strong>et</strong></span> <span class='ocrx_word' id='word_1_469' title='bbox 1959 3267 2189 3324; x_wconf 82' lang='lat' dir='ltr'><strong>excelso</strong></span> 
     </span>
    </p>
   </div>
   <div class='ocr_carea' id='block_1_65' title="bbox 535 3354 2194 3422">
    <p class='ocr_par' dir='ltr' id='par_1_65' title="bbox 535 3354 2194 3422">
     <span class='ocr_line' id='line_1_65' title="bbox 535 3354 2194 3422; baseline 0.003 -11"><span class='ocrx_word' id='word_1_470' title='bbox 535 3354 736 3412; x_wconf 88' lang='lat' dir='ltr'><strong>animo</strong></span> <span class='ocrx_word' id='word_1_471' title='bbox 777 3355 1054 3411; x_wconf 83' lang='lat' dir='ltr'><strong>dixerunt</strong></span> <span class='ocrx_word' id='word_1_472' title='bbox 1099 3371 1163 3410; x_wconf 90' lang='lat' dir='ltr'><strong>se</strong></span> <span class='ocrx_word' id='word_1_473' title='bbox 1210 3355 1441 3411; x_wconf 88' lang='lat' dir='ltr'><strong>nullum</strong></span> <span class='ocrx_word' id='word_1_474' title='bbox 1486 3356 1669 3412; x_wconf 90' lang='lat' dir='ltr'><strong>alium</strong></span> <span class='ocrx_word' id='word_1_475' title='bbox 1692 3357 1933 3422; x_wconf 89' lang='lat' dir='ltr'><strong>habere,</strong></span> <span class='ocrx_word' id='word_1_476' title='bbox 1963 3357 2075 3413; x_wconf 89' lang='lat' dir='ltr'><strong>nisi</strong></span> <span class='ocrx_word' id='word_1_477' title='bbox 2103 3376 2194 3416; x_wconf 90' lang='lat' dir='ltr'><strong>so-</strong></span> 
     </span>
    </p>
   </div>
   <div class='ocr_carea' id='block_1_66' title="bbox 536 3444 2191 3520">
    <p class='ocr_par' dir='ltr' id='par_1_66' title="bbox 536 3444 2191 3520">
     <span class='ocr_line' id='line_1_66' title="bbox 536 3444 2191 3520; baseline 0.004 -22"><span class='ocrx_word' id='word_1_478' title='bbox 536 3444 661 3499; x_wconf 90' lang='lat' dir='ltr'><strong>lum</strong></span> <span class='ocrx_word' id='word_1_479' title='bbox 686 3447 872 3500; x_wconf 90' lang='lat' dir='ltr'><strong>Deum</strong></span> <span class='ocrx_word' id='word_1_480' title='bbox 899 3445 958 3500; x_wconf 90' lang='lat' dir='ltr'><strong>in</strong></span> <span class='ocrx_word' id='word_1_481' title='bbox 991 3445 1160 3519; x_wconf 30' lang='lat' dir='ltr'><strong>caelis.</strong></span> <span class='ocrx_word' id='word_1_482' title='bbox 1187 3468 1198 3498; x_wconf 91' lang='lat'>:</span> <span class='ocrx_word' id='word_1_483' title='bbox 1227 3447 1323 3516; x_wconf 91' lang='lat' dir='ltr'><strong>qui</strong></span> <span class='ocrx_word' id='word_1_484' title='bbox 1347 3461 1456 3500; x_wconf 90' lang='lat' dir='ltr'><strong>nos</strong></span> <span class='ocrx_word' id='word_1_485' title='bbox 1501 3451 1708 3517; x_wconf 88' lang='lat' dir='ltr'><strong>potest,</strong></span> <span class='ocrx_word' id='word_1_486' title='bbox 1745 3463 1781 3501; x_wconf 97' lang='lat' dir='ltr'>o</span> <span class='ocrx_word' id='word_1_487' title='bbox 1812 3463 1934 3513; x_wconf 83' lang='lat' dir='ltr'><strong>rex,</strong></span> <span class='ocrx_word' id='word_1_488' title='bbox 1969 3449 2191 3520; x_wconf 89' lang='lat' dir='ltr'><strong>eripere</strong></span> 
     </span>
    </p>
   </div>
   <div class='ocr_carea' id='block_1_67' title="bbox 533 3533 2190 3599">
    <p class='ocr_par' dir='ltr' id='par_1_67' title="bbox 533 3533 2190 3599">
     <span class='ocr_line' id='line_1_67' title="bbox 533 3533 2190 3599; baseline 0.004 -11"><span class='ocrx_word' id='word_1_489' title='bbox 533 3549 603 3588; x_wconf 82' lang='lat' dir='ltr'><strong>ex</strong></span> <span class='ocrx_word' id='word_1_490' title='bbox 627 3534 740 3590; x_wconf 90' lang='lat' dir='ltr'><strong>hac</strong></span> <span class='ocrx_word' id='word_1_491' title='bbox 784 3533 1025 3591; x_wconf 87' lang='lat' dir='ltr'><strong>fornace</strong></span> <span class='ocrx_word' id='word_1_492' title='bbox 1066 3534 1328 3599; x_wconf 88' lang='lat' dir='ltr'><strong>ardente,</strong></span> <span class='ocrx_word' id='word_1_493' title='bbox 1369 3539 1426 3591; x_wconf 89' lang='lat' dir='ltr'><strong>et</strong></span> <span class='ocrx_word' id='word_1_494' title='bbox 1451 3551 1519 3591; x_wconf 80' lang='lat' dir='ltr'><strong>ex</strong></span> <span class='ocrx_word' id='word_1_495' title='bbox 1550 3536 1664 3590; x_wconf 88' lang='lat' dir='ltr'><strong>tuis</strong></span> <span class='ocrx_word' id='word_1_496' title='bbox 1691 3536 1992 3592; x_wconf 90' lang='lat' dir='ltr'><strong>manibus.</strong></span> <span class='ocrx_word' id='word_1_497' title='bbox 2023 3539 2126 3593; x_wconf 91' lang='lat' dir='ltr'><strong>Cer</strong></span> <span class='ocrx_word' id='word_1_498' title='bbox 2154 3555 2190 3595; x_wconf 96' lang='lat' dir='ltr'><strong>o</strong></span> 
     </span>
    </p>
   </div>
   <div class='ocr_carea' id='block_1_68' title="bbox 532 3622 2188 3696">
    <p class='ocr_par' dir='ltr' id='par_1_68' title="bbox 532 3622 2188 3696">
     <span class='ocr_line' id='line_1_68' title="bbox 532 3622 2188 3696; baseline 0.004 -18"><span class='ocrx_word' id='word_1_499' title='bbox 532 3622 691 3678; x_wconf 91' lang='lat' dir='ltr'><strong>enim</strong></span> <span class='ocrx_word' id='word_1_500' title='bbox 736 3623 908 3689; x_wconf 90' lang='lat' dir='ltr'><strong>scias,</strong></span> <span class='ocrx_word' id='word_1_501' title='bbox 966 3624 1125 3695; x_wconf 90' lang='lat' dir='ltr'><strong>quod</strong></span> <span class='ocrx_word' id='word_1_502' title='bbox 1170 3640 1282 3679; x_wconf 91' lang='lat' dir='ltr'><strong>nos</strong></span> <span class='ocrx_word' id='word_1_503' title='bbox 1319 3624 1464 3680; x_wconf 90' lang='lat' dir='ltr'><strong>deos</strong></span> <span class='ocrx_word' id='word_1_504' title='bbox 1491 3629 1624 3680; x_wconf 85' lang='lat' dir='ltr'><strong>tuos</strong></span> <span class='ocrx_word' id='word_1_505' title='bbox 1675 3640 1794 3680; x_wconf 91' lang='lat' dir='ltr'><strong>non</strong></span> <span class='ocrx_word' id='word_1_506' title='bbox 1816 3625 2100 3696; x_wconf 88' lang='lat' dir='ltr'><strong>colemus,</strong></span> <span class='ocrx_word' id='word_1_507' title='bbox 2131 3633 2188 3684; x_wconf 91' lang='lat' dir='ltr'><strong>et</strong></span> 
     </span>
    </p>
   </div>
   <div class='ocr_carea' id='block_1_69' title="bbox 533 3714 2183 3786">
    <p class='ocr_par' dir='ltr' id='par_1_69' title="bbox 533 3714 2183 3786">
     <span class='ocr_line' id='line_1_69' title="bbox 533 3714 2183 3786; baseline 0.002 -17"><span class='ocrx_word' id='word_1_508' title='bbox 533 3728 800 3779; x_wconf 87' lang='lat' dir='ltr'><strong>auream,</strong></span> <span class='ocrx_word' id='word_1_509' title='bbox 844 3729 1026 3786; x_wconf 89' lang='lat' dir='ltr'><strong>quam</strong></span> <span class='ocrx_word' id='word_1_510' title='bbox 1043 3714 1590 3786; x_wconf 88' lang='lat' dir='ltr'><strong>posuisti,statuam</strong></span> <span class='ocrx_word' id='word_1_511' title='bbox 1614 3730 1734 3770; x_wconf 91' lang='lat' dir='ltr'><strong>non</strong></span> <span class='ocrx_word' id='word_1_512' title='bbox 1773 3714 2183 3775; x_wconf 88' lang='lat' dir='ltr'><strong>adorabimus.</strong></span> 
     </span>
    </p>
   </div>
   <div class='ocr_carea' id='block_1_70' title="bbox 537 3803 2184 3876">
    <p class='ocr_par' dir='ltr' id='par_1_70' title="bbox 537 3803 2184 3876">
     <span class='ocr_line' id='line_1_70' title="bbox 537 3803 2184 3876; baseline 0.002 -19"><span class='ocrx_word' id='word_1_513' title='bbox 537 3803 630 3857; x_wconf 85' lang='lat' dir='ltr'><strong>His</strong></span> <span class='ocrx_word' id='word_1_514' title='bbox 652 3807 945 3874; x_wconf 88' lang='lat' dir='ltr'><strong>tyrannus</strong></span> <span class='ocrx_word' id='word_1_515' title='bbox 965 3819 1086 3858; x_wconf 91' lang='lat' dir='ltr'><strong>non</strong></span> <span class='ocrx_word' id='word_1_516' title='bbox 1115 3803 1310 3858; x_wconf 91' lang='lat' dir='ltr'><strong>minus</strong></span> <span class='ocrx_word' id='word_1_517' title='bbox 1337 3803 1424 3857; x_wconf 89' lang='lat' dir='ltr'><strong>ira</strong></span> <span class='ocrx_word' id='word_1_518' title='bbox 1450 3819 1757 3868; x_wconf 89' lang='lat' dir='ltr'><strong>accensus,</strong></span> <span class='ocrx_word' id='word_1_519' title='bbox 1775 3821 1959 3876; x_wconf 86' lang='lat' dir='ltr'><strong>quam</strong></span> <span class='ocrx_word' id='word_1_520' title='bbox 1985 3805 2184 3861; x_wconf 86' lang='lat' dir='ltr'><strong>fornax</strong></span> 
     </span>
    </p>
   </div>
   <div class='ocr_carea' id='block_1_71' title="bbox 531 3891 2185 3962">
    <p class='ocr_par' dir='ltr' id='par_1_71' title="bbox 531 3891 2185 3962">
     <span class='ocr_line' id='line_1_71' title="bbox 531 3891 2185 3962; baseline 0.002 -15"><span class='ocrx_word' id='word_1_521' title='bbox 531 3891 773 3957; x_wconf 88' lang='lat' dir='ltr'><strong>ardens,</strong></span> <span class='ocrx_word' id='word_1_522' title='bbox 820 3893 988 3962; x_wconf 88' lang='lat' dir='ltr'><strong>jubet</strong></span> <span class='ocrx_word' id='word_1_523' title='bbox 1008 3892 1191 3948; x_wconf 87' lang='lat' dir='ltr'><strong>iratus</strong></span> <span class='ocrx_word' id='word_1_524' title='bbox 1224 3892 1380 3948; x_wconf 87' lang='lat' dir='ltr'><strong>viros</strong></span> <span class='ocrx_word' id='word_1_525' title='bbox 1415 3892 1716 3959; x_wconf 88' lang='lat' dir='ltr'><strong>robustos,</strong></span> <span class='ocrx_word' id='word_1_526' title='bbox 1746 3895 2013 3950; x_wconf 82' lang='lat' dir='ltr'><strong>Azariam</strong></span> <span class='ocrx_word' id='word_1_527' title='bbox 2047 3911 2185 3950; x_wconf 92' lang='lat' dir='ltr'><strong>cum</strong></span> 
     </span>
    </p>
   </div>
   <div class='ocr_carea' id='block_1_72' title="bbox 531 3981 2187 4049">
    <p class='ocr_par' dir='ltr' id='par_1_72' title="bbox 531 3981 2187 4049">
     <span class='ocr_line' id='line_1_72' title="bbox 531 3981 2187 4049; baseline 0.003 -13"><span class='ocrx_word' id='word_1_528' title='bbox 531 3981 773 4049; x_wconf 71' lang='lat' dir='ltr'><strong>caeteris,</strong></span> <span class='ocrx_word' id='word_1_529' title='bbox 798 3981 1023 4037; x_wconf 89' lang='lat' dir='ltr'><strong>vinctos</strong></span> <span class='ocrx_word' id='word_1_530' title='bbox 1053 3999 1186 4036; x_wconf 89' lang='lat' dir='ltr'><strong>cum</strong></span> <span class='ocrx_word' id='word_1_531' title='bbox 1227 3981 1491 4037; x_wconf 83' lang='lat' dir='ltr'><strong>vestibus</strong></span> <span class='ocrx_word' id='word_1_532' title='bbox 1533 3987 1586 4037; x_wconf 91' lang='lat' dir='ltr'><strong>et</strong></span> <span class='ocrx_word' id='word_1_533' title='bbox 1621 3983 1943 4048; x_wconf 89' lang='lat' dir='ltr'><strong>tibialibus,</strong></span> <span class='ocrx_word' id='word_1_534' title='bbox 1998 3984 2076 4040; x_wconf 89' lang='lat' dir='ltr'><strong>ita</strong></span> <span class='ocrx_word' id='word_1_535' title='bbox 2125 3991 2187 4041; x_wconf 91' lang='lat' dir='ltr'><strong>ut</strong></span> 
     </span>
    </p>
   </div>
   <div class='ocr_carea' id='block_1_73' title="bbox 532 4069 2186 4143">
    <p class='ocr_par' dir='ltr' id='par_1_73' title="bbox 532 4069 2186 4143">
     <span class='ocr_line' id='line_1_73' title="bbox 532 4069 2186 4143; baseline 0.002 -19"><span class='ocrx_word' id='word_1_536' title='bbox 532 4075 718 4135; x_wconf 90' lang='lat' dir='ltr'><strong>erant,</strong></span> <span class='ocrx_word' id='word_1_537' title='bbox 752 4070 811 4124; x_wconf 92' lang='lat' dir='ltr'><strong>in</strong></span> <span class='ocrx_word' id='word_1_538' title='bbox 853 4070 1156 4126; x_wconf 89' lang='lat' dir='ltr'><strong>fornacem</strong></span> <span class='ocrx_word' id='word_1_539' title='bbox 1203 4069 1461 4141; x_wconf 89' lang='lat' dir='ltr'><strong>injicere.</strong></span> <span class='ocrx_word' id='word_1_540' title='bbox 1495 4073 1558 4126; x_wconf 91' lang='lat' dir='ltr'><strong>Et</strong></span> <span class='ocrx_word' id='word_1_541' title='bbox 1597 4070 1676 4126; x_wconf 88' lang='lat' dir='ltr'><strong>illi</strong></span> <span class='ocrx_word' id='word_1_542' title='bbox 1704 4072 1949 4143; x_wconf 90' lang='lat' dir='ltr'><strong>quidem</strong></span> <span class='ocrx_word' id='word_1_543' title='bbox 1989 4073 2186 4129; x_wconf 88' lang='lat' dir='ltr'><strong>statim</strong></span> 
     </span>
    </p>
   </div>
   <div class='ocr_carea' id='block_1_74' title="bbox 532 4158 2188 4232">
    <p class='ocr_par' dir='ltr' id='par_1_74' title="bbox 532 4158 2188 4232">
     <span class='ocr_line' id='line_1_74' title="bbox 532 4158 2188 4232; baseline 0.002 -19"><span class='ocrx_word' id='word_1_544' title='bbox 532 4159 592 4214; x_wconf 92' lang='lat' dir='ltr'><strong>in</strong></span> <span class='ocrx_word' id='word_1_545' title='bbox 614 4158 815 4228; x_wconf 83' lang='lat' dir='ltr'><strong>ignem</strong></span> <span class='ocrx_word' id='word_1_546' title='bbox 845 4159 1061 4231; x_wconf 89' lang='lat' dir='ltr'><strong>injecti,</strong></span> <span class='ocrx_word' id='word_1_547' title='bbox 1090 4159 1294 4216; x_wconf 90' lang='lat' dir='ltr'><strong>divina</strong></span> <span class='ocrx_word' id='word_1_548' title='bbox 1354 4161 1722 4232; x_wconf 90' lang='lat' dir='ltr'><strong>providentia</strong></span> <span class='ocrx_word' id='word_1_549' title='bbox 1761 4167 2188 4217; x_wconf 89' lang='lat' dir='ltr'><strong>conservantur</strong></span> 
     </span>
    </p>
   </div>
   <div class='ocr_carea' id='block_1_75' title="bbox 531 4247 2188 4323">
    <p class='ocr_par' dir='ltr' id='par_1_75' title="bbox 531 4247 2188 4323">
     <span class='ocr_line' id='line_1_75' title="bbox 531 4247 2188 4323; baseline 0.002 -20"><span class='ocrx_word' id='word_1_550' title='bbox 531 4247 718 4313; x_wconf 75' lang='lat' dir='ltr'><strong>illaesi,</strong></span> <span class='ocrx_word' id='word_1_551' title='bbox 751 4253 806 4303; x_wconf 89' lang='lat' dir='ltr'><strong>et</strong></span> <span class='ocrx_word' id='word_1_552' title='bbox 837 4248 1266 4305; x_wconf 88' lang='lat' dir='ltr'><strong>admirabiliter</strong></span> <span class='ocrx_word' id='word_1_553' title='bbox 1290 4265 1359 4305; x_wconf 90' lang='lat' dir='ltr'><strong>ac</strong></span> <span class='ocrx_word' id='word_1_554' title='bbox 1391 4255 1598 4306; x_wconf 88' lang='lat' dir='ltr'><strong>contra</strong></span> <span class='ocrx_word' id='word_1_555' title='bbox 1619 4250 1962 4323; x_wconf 90' lang='lat' dir='ltr'><strong>opinionem</strong></span> <span class='ocrx_word' id='word_1_556' title='bbox 1999 4252 2188 4307; x_wconf 90' lang='lat' dir='ltr'><strong>mani-</strong></span> 
     </span>
    </p>
   </div>
   <div class='ocr_carea' id='block_1_76' title="bbox 530 4335 2186 4410">
    <p class='ocr_par' dir='ltr' id='par_1_76' title="bbox 530 4335 2186 4410">
     <span class='ocr_line' id='line_1_76' title="bbox 530 4335 2186 4410; baseline 0.003 -18"><span class='ocrx_word' id='word_1_557' title='bbox 530 4335 751 4392; x_wconf 87' lang='lat' dir='ltr'><strong>festum</strong></span> <span class='ocrx_word' id='word_1_558' title='bbox 781 4336 1070 4406; x_wconf 76' lang='lat' dir='ltr'><strong>effugiunt</strong></span> <span class='ocrx_word' id='word_1_559' title='bbox 1100 4339 1450 4410; x_wconf 89' lang='lat' dir='ltr'><strong>periculum.</strong></span> <span class='ocrx_word' id='word_1_560' title='bbox 1485 4339 1610 4394; x_wconf 92' lang='lat' dir='ltr'><strong>Non</strong></span> <span class='ocrx_word' id='word_1_561' title='bbox 1634 4340 1793 4395; x_wconf 87' lang='lat' dir='ltr'><strong>enim</strong></span> <span class='ocrx_word' id='word_1_562' title='bbox 1811 4356 1912 4396; x_wconf 91' lang='lat' dir='ltr'><strong>eos</strong></span> <span class='ocrx_word' id='word_1_563' title='bbox 1939 4342 2186 4397; x_wconf 89' lang='lat' dir='ltr'><strong>omnino</strong></span> 
     </span>
    </p>
   </div>
   <div class='ocr_carea' id='block_1_77' title="bbox 2301 3176 3872 3250">
    <p class='ocr_par' dir='ltr' id='par_1_77' title="bbox 2301 3176 3872 3250">
     <span class='ocr_line' id='line_1_77' title="bbox 2301 3176 3872 3250; baseline -0.004 -19"><span class='ocrx_word' id='word_1_564' title='bbox 2301 3179 2359 3231; x_wconf 79' lang='grc' dir='ltr'><strong>Ὀ</strong></span> <span class='ocrx_word' id='word_1_565' title='bbox 2389 3183 2477 3250; x_wconf 77' lang='grc' dir='ltr'><strong>μὲν</strong></span> <span class='ocrx_word' id='word_1_566' title='bbox 2525 3180 2568 3231; x_wconf 83' lang='grc' dir='ltr'><strong>εί</strong></span> <span class='ocrx_word' id='word_1_567' title='bbox 2623 3179 2786 3238; x_wconf 80' lang='grc' dir='ltr'><strong>ἀληθῆ</strong></span> <span class='ocrx_word' id='word_1_568' title='bbox 2837 3187 3001 3230; x_wconf 89' lang='grc' dir='ltr'>ταῦτα</span> <span class='ocrx_word' id='word_1_569' title='bbox 3053 3176 3422 3230; x_wconf 84' lang='grc' dir='ltr'>διεπυνθάνετο</span> <span class='ocrx_word' id='word_1_570' title='bbox 3471 3183 3558 3229; x_wconf 82' lang='grc' dir='ltr'>καὶ</span> <span class='ocrx_word' id='word_1_571' title='bbox 3607 3185 3662 3248; x_wconf 73' lang='grc' dir='ltr'>τῇ</span> <span class='ocrx_word' id='word_1_572' title='bbox 3712 3181 3872 3248; x_wconf 74' lang='grc' dir='ltr'>χρυσῇ</span> 
     </span>
    </p>
   </div>
   <div class='ocr_carea' id='block_1_78' title="bbox 2303 3265 3873 3339">
    <p class='ocr_par' dir='ltr' id='par_1_78' title="bbox 2303 3265 3873 3339">
     <span class='ocr_line' id='line_1_78' title="bbox 2303 3265 3873 3339; baseline -0.002 -20"><span class='ocrx_word' id='word_1_573' title='bbox 2303 3269 2460 3319; x_wconf 81' lang='grc' dir='ltr'>εἰκόνι</span> <span class='ocrx_word' id='word_1_574' title='bbox 2503 3271 2630 3339; x_wconf 86' lang='grc' dir='ltr'><strong>μετά</strong></span> <span class='ocrx_word' id='word_1_575' title='bbox 2683 3277 2780 3318; x_wconf 81' lang='grc' dir='ltr'>τῶν</span> <span class='ocrx_word' id='word_1_576' title='bbox 2829 3267 2991 3318; x_wconf 80' lang='grc' dir='ltr'>ἄλλων</span> <span class='ocrx_word' id='word_1_577' title='bbox 3024 3267 3081 3318; x_wconf 84' lang='grc' dir='ltr'><strong>ού</strong></span> <span class='ocrx_word' id='word_1_578' title='bbox 3123 3275 3433 3338; x_wconf 85' lang='grc' dir='ltr'>προσκυνεῖν</span> <span class='ocrx_word' id='word_1_579' title='bbox 3481 3265 3742 3338; x_wconf 80' lang='grc' dir='ltr'>βούλοιντο</span> <span class='ocrx_word' id='word_1_580' title='bbox 3773 3282 3783 3293; x_wconf 92' lang='grc'><strong>·</strong></span> <span class='ocrx_word' id='word_1_581' title='bbox 3813 3266 3873 3332; x_wconf 74' lang='grc' dir='ltr'>μὴ</span> 
     </span>
    </p>
   </div>
   <div class='ocr_carea' id='block_1_79' title="bbox 2305 3351 3876 3432">
    <p class='ocr_par' dir='ltr' id='par_1_79' title="bbox 2305 3351 3876 3432">
     <span class='ocr_line' id='line_1_79' title="bbox 2305 3351 3876 3432; baseline -0.01 -21"><span class='ocrx_word' id='word_1_582' title='bbox 2305 3354 2365 3408; x_wconf 72' lang='grc' dir='ltr'>δὲ</span> <span class='ocrx_word' id='word_1_583' title='bbox 2413 3360 2514 3432; x_wconf 85' lang='grc' dir='ltr'>γὰρ</span> <span class='ocrx_word' id='word_1_584' title='bbox 2564 3359 2823 3409; x_wconf 81' lang='grc' dir='ltr'>πιστεύειν</span> <span class='ocrx_word' id='word_1_585' title='bbox 2871 3356 3032 3426; x_wconf 85' lang='grc' dir='ltr'>ἔλεγεν</span> <span class='ocrx_word' id='word_1_586' title='bbox 3079 3354 3322 3416; x_wconf 81' lang='grc' dir='ltr'>ἀληθείας</span> <span class='ocrx_word' id='word_1_587' title='bbox 3372 3358 3590 3426; x_wconf 72' lang='grc' dir='ltr'>ἔχεσθαι</span> <span class='ocrx_word' id='word_1_588' title='bbox 3619 3360 3772 3406; x_wconf 74' lang='grc' dir='ltr'>ταῦτα</span> <span class='ocrx_word' id='word_1_589' title='bbox 3803 3351 3876 3400; x_wconf 82' lang='grc' dir='ltr'><strong>·οί</strong></span> 
     </span>
    </p>
   </div>
   <div class='ocr_carea' id='block_1_80' title="bbox 2304 3442 3875 3519">
    <p class='ocr_par' dir='ltr' id='par_1_80' title="bbox 2304 3442 3875 3519">
     <span class='ocr_line' id='line_1_80' title="bbox 2304 3442 3875 3519; baseline -0.006 -21"><span class='ocrx_word' id='word_1_590' title='bbox 2304 3444 2361 3498; x_wconf 68' lang='grc' dir='ltr'>δὲ</span> <span class='ocrx_word' id='word_1_591' title='bbox 2405 3446 2746 3519; x_wconf 76' lang='grc' dir='ltr'>μεγαλόφρονι</span> <span class='ocrx_word' id='word_1_592' title='bbox 2807 3443 3014 3517; x_wconf 79' lang='grc' dir='ltr'>διανοίᾳ</span> <span class='ocrx_word' id='word_1_593' title='bbox 3071 3442 3221 3497; x_wconf 74' lang='grc' dir='ltr'>οὐδὲν</span> <span class='ocrx_word' id='word_1_594' title='bbox 3268 3447 3437 3516; x_wconf 80' lang='grc' dir='ltr'>ἕτερον</span> <span class='ocrx_word' id='word_1_595' title='bbox 3497 3447 3525 3504; x_wconf 74' lang='grc' dir='ltr'>ἡ</span> <span class='ocrx_word' id='word_1_596' title='bbox 3567 3449 3700 3516; x_wconf 79' lang='grc' dir='ltr'>ἔχειν</span> <span class='ocrx_word' id='word_1_597' title='bbox 3743 3446 3875 3513; x_wconf 87' lang='grc' dir='ltr'>μόνον</span> 
     </span>
    </p>
   </div>
   <div class='ocr_carea' id='block_1_81' title="bbox 2302 3529 3877 3610">
    <p class='ocr_par' dir='ltr' id='par_1_81' title="bbox 2302 3529 3877 3610">
     <span class='ocr_line' id='line_1_81' title="bbox 2302 3529 3877 3610; baseline -0.006 -22"><span class='ocrx_word' id='word_1_598' title='bbox 2302 3539 2429 3588; x_wconf 86' lang='grc' dir='ltr'>Θεὸν</span> <span class='ocrx_word' id='word_1_599' title='bbox 2479 3535 2526 3587; x_wconf 81' lang='grc' dir='ltr'>ἐν</span> <span class='ocrx_word' id='word_1_600' title='bbox 2576 3536 2809 3610; x_wconf 67' lang='grc' dir='ltr'>οὐρανοῖς</span> <span class='ocrx_word' id='word_1_601' title='bbox 2860 3537 3100 3607; x_wconf 82' lang='grc' dir='ltr'>ἔφασκον,</span> <span class='ocrx_word' id='word_1_602' title='bbox 3156 3534 3211 3596; x_wconf 87' lang='grc' dir='ltr'>ὃς</span> <span class='ocrx_word' id='word_1_603' title='bbox 3255 3532 3519 3596; x_wconf 81' lang='grc' dir='ltr'>ἐξελέσθαι</span> <span class='ocrx_word' id='word_1_604' title='bbox 3565 3536 3694 3605; x_wconf 78' lang='grc' dir='ltr'>ἡμᾶς</span> <span class='ocrx_word' id='word_1_605' title='bbox 3735 3529 3877 3582; x_wconf 82' lang='grc' dir='ltr'>δύνα-</span> 
     </span>
    </p>
   </div>
   <div class='ocr_carea' id='block_1_82' title="bbox 2301 3627 3875 3696">
    <p class='ocr_par' dir='ltr' id='par_1_82' title="bbox 2301 3627 3875 3696">
     <span class='ocr_line' id='line_1_82' title="bbox 2301 3627 3875 3696; baseline -0.004 -22"><span class='ocrx_word' id='word_1_606' title='bbox 2301 3645 2385 3676; x_wconf 87' lang='grc' dir='ltr'><strong>ται</strong></span> <span class='ocrx_word' id='word_1_607' title='bbox 2438 3634 2533 3687; x_wconf 84' lang='grc' dir='ltr'>τῆς</span> <span class='ocrx_word' id='word_1_608' title='bbox 2581 3631 2799 3695; x_wconf 85' lang='grc' dir='ltr'>καμίνου</span> <span class='ocrx_word' id='word_1_609' title='bbox 2849 3627 3043 3685; x_wconf 88' lang='grc' dir='ltr'>ταύτης</span> <span class='ocrx_word' id='word_1_610' title='bbox 3086 3633 3181 3685; x_wconf 85' lang='grc' dir='ltr'>τῆς</span> <span class='ocrx_word' id='word_1_611' title='bbox 3210 3629 3490 3696; x_wconf 75' lang='grc' dir='ltr'>καιομένης</span> <span class='ocrx_word' id='word_1_612' title='bbox 3534 3628 3620 3675; x_wconf 83' lang='grc' dir='ltr'>καὶ</span> <span class='ocrx_word' id='word_1_613' title='bbox 3663 3631 3754 3674; x_wconf 82' lang='grc' dir='ltr'>τῶν</span> <span class='ocrx_word' id='word_1_614' title='bbox 3788 3627 3875 3670; x_wconf 83' lang='grc' dir='ltr'>σῶν</span> 
     </span>
    </p>
   </div>
   <div class='ocr_carea' id='block_1_83' title="bbox 2298 3711 3872 3788">
    <p class='ocr_par' dir='ltr' id='par_1_83' title="bbox 2298 3711 3872 3788">
     <span class='ocr_line' id='line_1_83' title="bbox 2298 3711 3872 3788; baseline -0.006 -21"><span class='ocrx_word' id='word_1_615' title='bbox 2298 3723 2511 3788; x_wconf 83' lang='grc' dir='ltr'>χειρῶν,</span> <span class='ocrx_word' id='word_1_616' title='bbox 2560 3713 2598 3765; x_wconf 82' lang='grc' dir='ltr'>ὠ</span> <span class='ocrx_word' id='word_1_617' title='bbox 2646 3713 2886 3785; x_wconf 80' lang='grc' dir='ltr'>βασιλεῦ.</span> <span class='ocrx_word' id='word_1_618' title='bbox 2939 3717 3173 3766; x_wconf 84' lang='grc' dir='ltr'>Γνωστὸν</span> <span class='ocrx_word' id='word_1_619' title='bbox 3209 3715 3309 3785; x_wconf 83' lang='grc' dir='ltr'>γὰρ</span> <span class='ocrx_word' id='word_1_620' title='bbox 3359 3712 3565 3774; x_wconf 82' lang='grc' dir='ltr'>ἀληθῶς</span> <span class='ocrx_word' id='word_1_621' title='bbox 3615 3711 3738 3763; x_wconf 77' lang='grc' dir='ltr'>ἔστω</span> <span class='ocrx_word' id='word_1_622' title='bbox 3782 3727 3872 3772; x_wconf 80' lang='grc' dir='ltr'>σοι,</span> 
     </span>
    </p>
   </div>
   <div class='ocr_carea' id='block_1_84' title="bbox 2299 3800 3870 3875">
    <p class='ocr_par' dir='ltr' id='par_1_84' title="bbox 2299 3800 3870 3875">
     <span class='ocr_line' id='line_1_84' title="bbox 2299 3800 3870 3875; baseline -0.006 -19"><span class='ocrx_word' id='word_1_623' title='bbox 2299 3806 2378 3856; x_wconf 86' lang='grc' dir='ltr'>ὅτι</span> <span class='ocrx_word' id='word_1_624' title='bbox 2434 3812 2543 3864; x_wconf 88' lang='grc' dir='ltr'>τοῖς</span> <span class='ocrx_word' id='word_1_625' title='bbox 2593 3806 2725 3864; x_wconf 87' lang='grc' dir='ltr'>θεοῖς</span> <span class='ocrx_word' id='word_1_626' title='bbox 2779 3823 2872 3855; x_wconf 88' lang='grc' dir='ltr'><strong>σου</strong></span> <span class='ocrx_word' id='word_1_627' title='bbox 2923 3803 2978 3855; x_wconf 77' lang='grc' dir='ltr'><strong>ού</strong></span> <span class='ocrx_word' id='word_1_628' title='bbox 3027 3803 3331 3875; x_wconf 84' lang='grc' dir='ltr'>λατρεύομεν</span> <span class='ocrx_word' id='word_1_629' title='bbox 3391 3809 3482 3854; x_wconf 82' lang='grc' dir='ltr'>καὶ</span> <span class='ocrx_word' id='word_1_630' title='bbox 3532 3810 3590 3874; x_wconf 74' lang='grc' dir='ltr'>τῇ</span> <span class='ocrx_word' id='word_1_631' title='bbox 3652 3800 3794 3852; x_wconf 78' lang='grc' dir='ltr'>εἰκόνι</span> <span class='ocrx_word' id='word_1_632' title='bbox 3820 3803 3870 3865; x_wconf 69' lang='grc' dir='ltr'>τῇ</span> 
     </span>
    </p>
   </div>
   <div class='ocr_carea' id='block_1_85' title="bbox 2297 3891 3872 3967">
    <p class='ocr_par' dir='ltr' id='par_1_85' title="bbox 2297 3891 3872 3967">
     <span class='ocr_line' id='line_1_85' title="bbox 2297 3891 3872 3967; baseline -0.006 -21"><span class='ocrx_word' id='word_1_633' title='bbox 2297 3903 2477 3966; x_wconf 74' lang='grc' dir='ltr'>χρυσῇ</span> <span class='ocrx_word' id='word_1_634' title='bbox 2568 3897 2790 3953; x_wconf 81' lang='grc' dir='ltr'>ἔστησας</span> <span class='ocrx_word' id='word_1_635' title='bbox 2818 3893 2875 3944; x_wconf 86' lang='grc' dir='ltr'>ού</span> <span class='ocrx_word' id='word_1_636' title='bbox 2915 3900 3326 3967; x_wconf 75' lang='grc' dir='ltr'>προσκυνοῦμεν.</span> <span class='ocrx_word' id='word_1_637' title='bbox 3381 3895 3592 3950; x_wconf 78' lang='grc' dir='ltr'>Τούτοις</span> <span class='ocrx_word' id='word_1_638' title='bbox 3639 3891 3662 3940; x_wconf 90' lang='grc' dir='ltr'><strong>ό</strong></span> <span class='ocrx_word' id='word_1_639' title='bbox 3711 3892 3872 3958; x_wconf 84' lang='grc' dir='ltr'>τύραν-</span> 
     </span>
    </p>
   </div>
   <div class='ocr_carea' id='block_1_86' title="bbox 2297 3976 3872 4053">
    <p class='ocr_par' dir='ltr' id='par_1_86' title="bbox 2297 3976 3872 4053">
     <span class='ocr_line' id='line_1_86' title="bbox 2297 3976 3872 4053; baseline -0.006 -19"><span class='ocrx_word' id='word_1_640' title='bbox 2297 4003 2377 4045; x_wconf 89' lang='grc' dir='ltr'><strong>νος</strong></span> <span class='ocrx_word' id='word_1_641' title='bbox 2423 3980 2571 4034; x_wconf 73' lang='grc' dir='ltr'>οὐδὲν</span> <span class='ocrx_word' id='word_1_642' title='bbox 2617 4002 2769 4041; x_wconf 87' lang='grc' dir='ltr'>ηττον</span> <span class='ocrx_word' id='word_1_643' title='bbox 2819 3991 2914 4043; x_wconf 80' lang='grc' dir='ltr'>τῆς</span> <span class='ocrx_word' id='word_1_644' title='bbox 2959 3982 3276 4053; x_wconf 75' lang='grc' dir='ltr'>ἀναφθείσης</span> <span class='ocrx_word' id='word_1_645' title='bbox 3327 3987 3550 4052; x_wconf 84' lang='grc' dir='ltr'>καμίνου</span> <span class='ocrx_word' id='word_1_646' title='bbox 3598 3976 3872 4033; x_wconf 83' lang='grc' dir='ltr'>διακαυθεὶς</span> 
     </span>
    </p>
   </div>
   <div class='ocr_carea' id='block_1_87' title="bbox 2298 4067 3873 4145">
    <p class='ocr_par' dir='ltr' id='par_1_87' title="bbox 2298 4067 3873 4145">
     <span class='ocr_line' id='line_1_87' title="bbox 2298 4067 3873 4145; baseline -0.001 -22"><span class='ocrx_word' id='word_1_647' title='bbox 2298 4069 2494 4143; x_wconf 75' lang='grc' dir='ltr'>ἄνδρας</span> <span class='ocrx_word' id='word_1_648' title='bbox 2528 4071 2785 4145; x_wconf 85' lang='grc' dir='ltr'>ἰσχυρούς</span> <span class='ocrx_word' id='word_1_649' title='bbox 2827 4070 2876 4122; x_wconf 86' lang='grc' dir='ltr'>ἐν</span> <span class='ocrx_word' id='word_1_650' title='bbox 2927 4070 3053 4144; x_wconf 78' lang='grc' dir='ltr'>ὀργῇ</span> <span class='ocrx_word' id='word_1_651' title='bbox 3103 4070 3292 4122; x_wconf 88' lang='grc' dir='ltr'>κελεύει</span> <span class='ocrx_word' id='word_1_652' title='bbox 3331 4075 3451 4130; x_wconf 86' lang='grc' dir='ltr'>τούς</span> <span class='ocrx_word' id='word_1_653' title='bbox 3495 4075 3609 4144; x_wconf 86' lang='grc' dir='ltr'>περὶ</span> <span class='ocrx_word' id='word_1_654' title='bbox 3648 4067 3873 4138; x_wconf 78' lang='grc' dir='ltr'>Ἀζαρίαν</span> 
     </span>
    </p>
   </div>
   <div class='ocr_carea' id='block_1_88' title="bbox 2301 4153 3870 4234">
    <p class='ocr_par' dir='ltr' id='par_1_88' title="bbox 2301 4153 3870 4234">
     <span class='ocr_line' id='line_1_88' title="bbox 2301 4153 3870 4234; baseline -0.004 -22"><span class='ocrx_word' id='word_1_655' title='bbox 2301 4165 2484 4222; x_wconf 77' lang='grc' dir='ltr'>αύταῐς</span> <span class='ocrx_word' id='word_1_656' title='bbox 2517 4161 2726 4221; x_wconf 87' lang='grc' dir='ltr'>στολαῖς</span> <span class='ocrx_word' id='word_1_657' title='bbox 2757 4165 2848 4212; x_wconf 88' lang='grc' dir='ltr'><strong>καὶ</strong></span> <span class='ocrx_word' id='word_1_658' title='bbox 2900 4167 3268 4234; x_wconf 87' lang='grc' dir='ltr'>περικνημῖσιν</span> <span class='ocrx_word' id='word_1_659' title='bbox 3319 4161 3389 4221; x_wconf 83' lang='grc' dir='ltr'><strong>ὡς</strong></span> <span class='ocrx_word' id='word_1_660' title='bbox 3444 4157 3587 4231; x_wconf 87' lang='grc' dir='ltr'>εἶχον</span> <span class='ocrx_word' id='word_1_661' title='bbox 3636 4153 3870 4211; x_wconf 74' lang='grc' dir='ltr'>πεδήσαν·</span> 
     </span>
    </p>
   </div>
   <div class='ocr_carea' id='block_1_89' title="bbox 2299 4242 3872 4322">
    <p class='ocr_par' dir='ltr' id='par_1_89' title="bbox 2299 4242 3872 4322">
     <span class='ocr_line' id='line_1_89' title="bbox 2299 4242 3872 4322; baseline -0.003 -20"><span class='ocrx_word' id='word_1_662' title='bbox 2299 4269 2394 4316; x_wconf 88' lang='grc' dir='ltr'>τες,</span> <span class='ocrx_word' id='word_1_663' title='bbox 2452 4250 2685 4322; x_wconf 80' lang='grc' dir='ltr'>ἐμϐαλεῖν</span> <span class='ocrx_word' id='word_1_664' title='bbox 2736 4251 2804 4312; x_wconf 83' lang='grc' dir='ltr'>εἰς</span> <span class='ocrx_word' id='word_1_665' title='bbox 2858 4256 2950 4308; x_wconf 82' lang='grc' dir='ltr'>τὴν</span> <span class='ocrx_word' id='word_1_666' title='bbox 2995 4253 3211 4320; x_wconf 88' lang='grc' dir='ltr'>κάμινον</span> <span class='ocrx_word' id='word_1_667' title='bbox 3266 4267 3277 4278; x_wconf 84' lang='lat'><strong><em>°</em></strong></span> <span class='ocrx_word' id='word_1_668' title='bbox 3331 4253 3422 4301; x_wconf 83' lang='grc' dir='ltr'>καὶ</span> <span class='ocrx_word' id='word_1_669' title='bbox 3480 4251 3528 4300; x_wconf 88' lang='grc' dir='ltr'><strong>οἱ</strong></span> <span class='ocrx_word' id='word_1_670' title='bbox 3583 4251 3668 4320; x_wconf 75' lang='grc' dir='ltr'><strong>μεν</strong></span> <span class='ocrx_word' id='word_1_671' title='bbox 3711 4244 3776 4305; x_wconf 84' lang='grc' dir='ltr'>εὶς</span> <span class='ocrx_word' id='word_1_672' title='bbox 3823 4242 3872 4290; x_wconf 75' lang='grc' dir='ltr'>τὸ</span> 
     </span>
    </p>
   </div>
   <div class='ocr_carea' id='block_1_90' title="bbox 2300 4329 3875 4412">
    <p class='ocr_par' dir='ltr' id='par_1_90' title="bbox 2300 4329 3875 4412">
     <span class='ocr_line' id='line_1_90' title="bbox 2300 4329 3875 4412; baseline -0.003 -20"><span class='ocrx_word' id='word_1_673' title='bbox 2300 4347 2401 4412; x_wconf 84' lang='grc' dir='ltr'><strong>πῦρ</strong></span> <span class='ocrx_word' id='word_1_674' title='bbox 2457 4340 2641 4402; x_wconf 72' lang='grc' dir='ltr'>εὐθέως</span> <span class='ocrx_word' id='word_1_675' title='bbox 2714 4338 3003 4411; x_wconf 85' lang='grc' dir='ltr'>βληθέντες,</span> <span class='ocrx_word' id='word_1_676' title='bbox 3066 4338 3119 4390; x_wconf 84' lang='grc' dir='ltr'>ἐκ</span> <span class='ocrx_word' id='word_1_677' title='bbox 3173 4343 3420 4412; x_wconf 83' lang='grc' dir='ltr'>προνοίας</span> <span class='ocrx_word' id='word_1_678' title='bbox 3480 4340 3615 4398; x_wconf 87' lang='grc' dir='ltr'>θείας</span> <span class='ocrx_word' id='word_1_679' title='bbox 3664 4329 3875 4388; x_wconf 73' lang='grc' dir='ltr'>ἀϐλαϐεῖς</span> 
     </span>
    </p>
   </div>
   <div class='ocr_carea' id='block_1_91' title="bbox 531 4418 2189 4503">
    <p class='ocr_par' dir='ltr' id='par_1_91' title="bbox 531 4425 2184 4499">
     <span class='ocr_line' id='line_1_91' title="bbox 531 4425 2184 4499; baseline 0.004 -19"><span class='ocrx_word' id='word_1_680' title='bbox 531 4426 686 4496; x_wconf 87' lang='lat' dir='ltr'><strong>ignis</strong></span> <span class='ocrx_word' id='word_1_681' title='bbox 719 4425 928 4495; x_wconf 88' lang='lat' dir='ltr'><strong>attigit,</strong></span> <span class='ocrx_word' id='word_1_682' title='bbox 977 4442 1171 4499; x_wconf 90' lang='lat' dir='ltr'><strong>neque</strong></span> <span class='ocrx_word' id='word_1_683' title='bbox 1200 4443 1302 4484; x_wconf 91' lang='lat' dir='ltr'><strong>eos</strong></span> <span class='ocrx_word' id='word_1_684' title='bbox 1350 4427 1469 4484; x_wconf 88' lang='lat' dir='ltr'><strong>ulla</strong></span> <span class='ocrx_word' id='word_1_685' title='bbox 1506 4428 1702 4485; x_wconf 77' lang='lat' dir='ltr'><strong>affecit</strong></span> <span class='ocrx_word' id='word_1_686' title='bbox 1739 4430 2028 4487; x_wconf 90' lang='lat' dir='ltr'><strong>molestia.</strong></span> <span class='ocrx_word' id='word_1_687' title='bbox 2073 4431 2184 4487; x_wconf 93' lang='lat' dir='ltr'><strong>Sed</strong></span> 
     </span>
    </p>
   </div>
   <div class='ocr_carea' id='block_1_92' title="bbox 2300 4418 3872 4503">
    <p class='ocr_par' dir='ltr' id='par_1_92' title="bbox 2305 4418 3872 4502">
     <span class='ocr_line' id='line_1_92' title="bbox 2305 4418 3872 4502; baseline -0.006 -20"><span class='ocrx_word' id='word_1_688' title='bbox 2305 4426 2658 4492; x_wconf 76' lang='grc' dir='ltr'>διασώζονται</span> <span class='ocrx_word' id='word_1_689' title='bbox 2713 4434 2802 4481; x_wconf 88' lang='grc' dir='ltr'><strong>καὶ</strong></span> <span class='ocrx_word' id='word_1_690' title='bbox 2859 4426 3170 4502; x_wconf 82' lang='grc' dir='ltr'>παραδόξως</span> <span class='ocrx_word' id='word_1_691' title='bbox 3227 4431 3312 4478; x_wconf 90' lang='grc' dir='ltr'><strong>τόν</strong></span> <span class='ocrx_word' id='word_1_692' title='bbox 3365 4436 3598 4501; x_wconf 70' lang='grc' dir='ltr'>προφανῆ</span> <span class='ocrx_word' id='word_1_693' title='bbox 3659 4418 3872 4475; x_wconf 79' lang='grc' dir='ltr'>κίνδυνον</span> 
     </span>
    </p>
   </div>
   <div class='ocr_carea' id='block_1_93' title="bbox 531 4517 2184 4588">
    <p class='ocr_par' dir='ltr' id='par_1_93' title="bbox 531 4517 2184 4588">
     <span class='ocr_line' id='line_1_93' title="bbox 531 4517 2184 4588; baseline 0.003 -18"><span class='ocrx_word' id='word_1_694' title='bbox 531 4531 667 4570; x_wconf 91' lang='lat' dir='ltr'><strong>cum</strong></span> <span class='ocrx_word' id='word_1_695' title='bbox 708 4531 828 4571; x_wconf 89' lang='lat' dir='ltr'><strong>una</strong></span> <span class='ocrx_word' id='word_1_696' title='bbox 858 4532 995 4571; x_wconf 92' lang='lat' dir='ltr'><strong>cum</strong></span> <span class='ocrx_word' id='word_1_697' title='bbox 1023 4517 1107 4572; x_wconf 91' lang='lat' dir='ltr'><strong>eis</strong></span> <span class='ocrx_word' id='word_1_698' title='bbox 1133 4517 1539 4573; x_wconf 90' lang='lat' dir='ltr'><strong>descendisset</strong></span> <span class='ocrx_word' id='word_1_699' title='bbox 1580 4524 1636 4572; x_wconf 86' lang='lat' dir='ltr'><strong>et</strong></span> <span class='ocrx_word' id='word_1_700' title='bbox 1683 4518 1961 4588; x_wconf 82' lang='lat' dir='ltr'><strong>Angelus,</strong></span> <span class='ocrx_word' id='word_1_701' title='bbox 1991 4521 2184 4575; x_wconf 89' lang='lat' dir='ltr'><strong>statim</strong></span> 
     </span>
    </p>
   </div>
   <div class='ocr_carea' id='block_1_94' title="bbox 529 4604 2188 4676">
    <p class='ocr_par' dir='ltr' id='par_1_94' title="bbox 529 4604 2188 4676">
     <span class='ocr_line' id='line_1_94' title="bbox 529 4604 2188 4676; baseline 0.004 -18"><span class='ocrx_word' id='word_1_702' title='bbox 529 4604 773 4676; x_wconf 89' lang='lat' dir='ltr'><strong>quidem</strong></span> <span class='ocrx_word' id='word_1_703' title='bbox 806 4621 841 4659; x_wconf 89' lang='lat' dir='ltr'><strong>a</strong></span> <span class='ocrx_word' id='word_1_704' title='bbox 871 4606 1305 4676; x_wconf 89' lang='lat' dir='ltr'><strong>circumpositis</strong></span> <span class='ocrx_word' id='word_1_705' title='bbox 1344 4607 1685 4662; x_wconf 82' lang='lat' dir='ltr'><strong>relaxantur</strong></span> <span class='ocrx_word' id='word_1_706' title='bbox 1715 4607 1966 4663; x_wconf 80' lang='lat' dir='ltr'><strong>vinculis</strong></span> <span class='ocrx_word' id='word_1_707' title='bbox 1997 4623 2007 4661; x_wconf 92' lang='lat'>:</span> <span class='ocrx_word' id='word_1_708' title='bbox 2042 4625 2188 4665; x_wconf 88' lang='lat' dir='ltr'><strong>aura</strong></span> 
     </span>
    </p>
   </div>
   <div class='ocr_carea' id='block_1_95' title="bbox 533 4696 2185 4768">
    <p class='ocr_par' dir='ltr' id='par_1_95' title="bbox 533 4696 2185 4768">
     <span class='ocr_line' id='line_1_95' title="bbox 533 4696 2185 4768; baseline 0.002 -20"><span class='ocrx_word' id='word_1_709' title='bbox 533 4698 732 4749; x_wconf 87' lang='lat' dir='ltr'><strong>autem</strong></span> <span class='ocrx_word' id='word_1_710' title='bbox 759 4709 889 4749; x_wconf 90' lang='lat' dir='ltr'><strong>rore</strong></span> <span class='ocrx_word' id='word_1_711' title='bbox 920 4711 1263 4765; x_wconf 89' lang='lat' dir='ltr'><strong>aspergens,</strong></span> <span class='ocrx_word' id='word_1_712' title='bbox 1297 4696 1380 4751; x_wconf 90' lang='lat' dir='ltr'><strong>eis</strong></span> <span class='ocrx_word' id='word_1_713' title='bbox 1411 4696 1598 4752; x_wconf 89' lang='lat' dir='ltr'><strong>evasit</strong></span> <span class='ocrx_word' id='word_1_714' title='bbox 1621 4697 1797 4766; x_wconf 89' lang='lat' dir='ltr'><strong>ignis,</strong></span> <span class='ocrx_word' id='word_1_715' title='bbox 1823 4701 2185 4768; x_wconf 87' lang='lat' dir='ltr'><strong>ettanquam</strong></span> 
     </span>
    </p>
   </div>
   <div class='ocr_carea' id='block_1_96' title="bbox 530 4781 2189 4848">
    <p class='ocr_par' dir='ltr' id='par_1_96' title="bbox 530 4781 2189 4848">
     <span class='ocr_line' id='line_1_96' title="bbox 530 4781 2189 4848; baseline 0.003 -11"><span class='ocrx_word' id='word_1_716' title='bbox 530 4782 590 4838; x_wconf 92' lang='lat' dir='ltr'><strong>in</strong></span> <span class='ocrx_word' id='word_1_717' title='bbox 619 4781 886 4838; x_wconf 89' lang='lat' dir='ltr'><strong>thalamo</strong></span> <span class='ocrx_word' id='word_1_718' title='bbox 931 4783 990 4838; x_wconf 91' lang='lat' dir='ltr'><strong>in</strong></span> <span class='ocrx_word' id='word_1_719' title='bbox 1030 4783 1232 4840; x_wconf 86' lang='lat' dir='ltr'><strong>media</strong></span> <span class='ocrx_word' id='word_1_720' title='bbox 1277 4784 1525 4840; x_wconf 88' lang='lat' dir='ltr'><strong>ﬂamma</strong></span> <span class='ocrx_word' id='word_1_721' title='bbox 1572 4791 1819 4848; x_wconf 88' lang='lat' dir='ltr'><strong>stantes,</strong></span> <span class='ocrx_word' id='word_1_722' title='bbox 1860 4785 2189 4842; x_wconf 88' lang='lat' dir='ltr'><strong>laudabant</strong></span> 
     </span>
    </p>
   </div>
   <div class='ocr_carea' id='block_1_97' title="bbox 529 4873 2186 4941">
    <p class='ocr_par' dir='ltr' id='par_1_97' title="bbox 529 4873 2186 4941">
     <span class='ocr_line' id='line_1_97' title="bbox 529 4873 2186 4941; baseline 0.002 -13"><span class='ocrx_word' id='word_1_723' title='bbox 529 4873 716 4928; x_wconf 89' lang='lat' dir='ltr'><strong>Deum</strong></span> <span class='ocrx_word' id='word_1_724' title='bbox 746 4873 1159 4929; x_wconf 89' lang='lat' dir='ltr'><strong>universorum</strong></span> <span class='ocrx_word' id='word_1_725' title='bbox 1202 4889 1214 4929; x_wconf 92' lang='lat'>:</span> <span class='ocrx_word' id='word_1_726' title='bbox 1248 4873 1602 4930; x_wconf 87' lang='lat' dir='ltr'><strong>Benedictus</strong></span> <span class='ocrx_word' id='word_1_727' title='bbox 1644 4891 1723 4940; x_wconf 92' lang='lat' dir='ltr'><strong>es,</strong></span> <span class='ocrx_word' id='word_1_728' title='bbox 1763 4874 2044 4941; x_wconf 88' lang='lat' dir='ltr'><strong>dicentes,</strong></span> <span class='ocrx_word' id='word_1_729' title='bbox 2081 4879 2186 4932; x_wconf 84' lang='lat' dir='ltr'><strong>Do-</strong></span> 
     </span>
    </p>
   </div>
   <div class='ocr_carea' id='block_1_98' title="bbox 530 4963 2189 5034">
    <p class='ocr_par' dir='ltr' id='par_1_98' title="bbox 530 4963 2189 5034">
     <span class='ocr_line' id='line_1_98' title="bbox 530 4963 2189 5034; baseline 0.002 -17"><span class='ocrx_word' id='word_1_730' title='bbox 530 4963 709 5028; x_wconf 91' lang='lat' dir='ltr'><strong>mine,</strong></span> <span class='ocrx_word' id='word_1_731' title='bbox 737 4963 890 5017; x_wconf 90' lang='lat' dir='ltr'><strong>Deus</strong></span> <span class='ocrx_word' id='word_1_732' title='bbox 920 4969 1158 5034; x_wconf 88' lang='lat' dir='ltr'><strong>patrum</strong></span> <span class='ocrx_word' id='word_1_733' title='bbox 1194 4971 1531 5020; x_wconf 89' lang='lat' dir='ltr'><strong>nostrorum</strong></span> <span class='ocrx_word' id='word_1_734' title='bbox 1555 4969 1610 5019; x_wconf 91' lang='lat' dir='ltr'><strong>et</strong></span> <span class='ocrx_word' id='word_1_735' title='bbox 1649 4964 1949 5021; x_wconf 89' lang='lat' dir='ltr'><strong>laudabile</strong></span> <span class='ocrx_word' id='word_1_736' title='bbox 1970 4971 2025 5021; x_wconf 90' lang='lat' dir='ltr'><strong>et</strong></span> <span class='ocrx_word' id='word_1_737' title='bbox 2065 4965 2189 5034; x_wconf 86' lang='lat' dir='ltr'><strong>glo-</strong></span> 
     </span>
    </p>
   </div>
   <div class='ocr_carea' id='block_1_99' title="bbox 526 5052 2185 5125">
    <p class='ocr_par' dir='ltr' id='par_1_99' title="bbox 526 5052 2185 5125">
     <span class='ocr_line' id='line_1_99' title="bbox 526 5052 2185 5125; baseline 0.001 -16"><span class='ocrx_word' id='word_1_738' title='bbox 526 5052 755 5109; x_wconf 88' lang='lat' dir='ltr'><strong>riosum</strong></span> <span class='ocrx_word' id='word_1_739' title='bbox 789 5056 876 5108; x_wconf 91' lang='lat' dir='ltr'><strong>est</strong></span> <span class='ocrx_word' id='word_1_740' title='bbox 906 5068 1128 5108; x_wconf 87' lang='lat' dir='ltr'><strong>nomen</strong></span> <span class='ocrx_word' id='word_1_741' title='bbox 1161 5059 1321 5108; x_wconf 89' lang='lat' dir='ltr'><strong>tuum</strong></span> <span class='ocrx_word' id='word_1_742' title='bbox 1356 5053 1415 5108; x_wconf 90' lang='lat' dir='ltr'><strong>in</strong></span> <span class='ocrx_word' id='word_1_743' title='bbox 1457 5053 1677 5110; x_wconf 58' lang='lat' dir='ltr'><strong>saecula</strong></span> <span class='ocrx_word' id='word_1_744' title='bbox 1710 5070 1722 5108; x_wconf 90' lang='lat'><strong>:</strong></span> <span class='ocrx_word' id='word_1_745' title='bbox 1759 5058 1813 5109; x_wconf 88' lang='lat' dir='ltr'><strong>et</strong></span> <span class='ocrx_word' id='word_1_746' title='bbox 1851 5069 1986 5125; x_wconf 75' lang='lat' dir='ltr'><strong>quae</strong></span> <span class='ocrx_word' id='word_1_747' title='bbox 2024 5054 2185 5110; x_wconf 87' lang='lat' dir='ltr'><strong>dein-</strong></span> 
     </span>
    </p>
   </div>
   <div class='ocr_carea' id='block_1_100' title="bbox 529 5142 2185 5215">
    <p class='ocr_par' dir='ltr' id='par_1_100' title="bbox 529 5142 2185 5215">
     <span class='ocr_line' id='line_1_100' title="bbox 529 5142 2185 5215; baseline 0.001 -19"><span class='ocrx_word' id='word_1_748' title='bbox 529 5157 669 5213; x_wconf 90' lang='lat' dir='ltr'><strong>ceps</strong></span> <span class='ocrx_word' id='word_1_749' title='bbox 725 5145 1056 5215; x_wconf 89' lang='lat' dir='ltr'><strong>sequuntur</strong></span> <span class='ocrx_word' id='word_1_750' title='bbox 1128 5142 1186 5196; x_wconf 94' lang='lat' dir='ltr'><strong>in</strong></span> <span class='ocrx_word' id='word_1_751' title='bbox 1235 5143 1487 5198; x_wconf 89' lang='lat' dir='ltr'><strong>cantico.</strong></span> <span class='ocrx_word' id='word_1_752' title='bbox 1539 5145 1648 5198; x_wconf 90' lang='lat' dir='ltr'><strong>Eos</strong></span> <span class='ocrx_word' id='word_1_753' title='bbox 1707 5157 1846 5197; x_wconf 90' lang='lat' dir='ltr'><strong>vero</strong></span> <span class='ocrx_word' id='word_1_754' title='bbox 1877 5143 1979 5213; x_wconf 89' lang='lat' dir='ltr'><strong>qui</strong></span> <span class='ocrx_word' id='word_1_755' title='bbox 2027 5144 2185 5213; x_wconf 91' lang='lat' dir='ltr'><strong>ipsos</strong></span> 
     </span>
    </p>
   </div>
   <div class='ocr_carea' id='block_1_101' title="bbox 529 5229 2182 5302">
    <p class='ocr_par' dir='ltr' id='par_1_101' title="bbox 529 5229 2182 5302">
     <span class='ocr_line' id='line_1_101' title="bbox 529 5229 2182 5302; baseline 0 -16"><span class='ocrx_word' id='word_1_756' title='bbox 529 5231 915 5295; x_wconf 86' lang='lat' dir='ltr'><strong>accusabant,</strong></span> <span class='ocrx_word' id='word_1_757' title='bbox 939 5229 1265 5296; x_wconf 78' lang='lat' dir='ltr'><strong>Chaldaeos,</strong></span> <span class='ocrx_word' id='word_1_758' title='bbox 1300 5237 1356 5287; x_wconf 90' lang='lat' dir='ltr'><strong>et</strong></span> <span class='ocrx_word' id='word_1_759' title='bbox 1384 5231 1605 5286; x_wconf 90' lang='lat' dir='ltr'><strong>multos</strong></span> <span class='ocrx_word' id='word_1_760' title='bbox 1635 5230 1783 5287; x_wconf 89' lang='lat' dir='ltr'><strong>alios</strong></span> <span class='ocrx_word' id='word_1_761' title='bbox 1815 5245 1886 5286; x_wconf 80' lang='lat' dir='ltr'><strong>ex</strong></span> <span class='ocrx_word' id='word_1_762' title='bbox 1909 5229 2182 5302; x_wconf 85' lang='lat' dir='ltr'><strong>Assyriis,</strong></span> 
     </span>
    </p>
   </div>
   <div class='ocr_carea' id='block_1_102' title="bbox 527 5319 2188 5392">
    <p class='ocr_par' dir='ltr' id='par_1_102' title="bbox 527 5319 2188 5392">
     <span class='ocr_line' id='line_1_102' title="bbox 527 5319 2188 5392; baseline 0.002 -19"><span class='ocrx_word' id='word_1_763' title='bbox 527 5320 681 5387; x_wconf 88' lang='lat' dir='ltr'><strong>ignis</strong></span> <span class='ocrx_word' id='word_1_764' title='bbox 708 5336 1028 5377; x_wconf 83' lang='lat' dir='ltr'><strong>excurrens</strong></span> <span class='ocrx_word' id='word_1_765' title='bbox 1069 5320 1327 5392; x_wconf 89' lang='lat' dir='ltr'><strong>perdidit</strong></span> <span class='ocrx_word' id='word_1_766' title='bbox 1363 5325 1420 5376; x_wconf 91' lang='lat' dir='ltr'><strong>et</strong></span> <span class='ocrx_word' id='word_1_767' title='bbox 1449 5321 1762 5376; x_wconf 82' lang='lat' dir='ltr'><strong>interemit.</strong></span> <span class='ocrx_word' id='word_1_768' title='bbox 1795 5319 1884 5376; x_wconf 92' lang='lat' dir='ltr'><strong>Sic</strong></span> <span class='ocrx_word' id='word_1_769' title='bbox 1911 5319 2101 5389; x_wconf 87' lang='lat' dir='ltr'><strong>gloria</strong></span> <span class='ocrx_word' id='word_1_770' title='bbox 2131 5324 2188 5376; x_wconf 90' lang='lat' dir='ltr'><strong>et</strong></span> 
     </span>
    </p>
   </div>
   <div class='ocr_carea' id='block_1_103' title="bbox 528 5407 2186 5481">
    <p class='ocr_par' dir='ltr' id='par_1_103' title="bbox 528 5407 2186 5481">
     <span class='ocr_line' id='line_1_103' title="bbox 528 5407 2186 5481; baseline 0.001 -19"><span class='ocrx_word' id='word_1_771' title='bbox 528 5407 755 5463; x_wconf 92' lang='lat' dir='ltr'><strong>honore</strong></span> <span class='ocrx_word' id='word_1_772' title='bbox 782 5425 1069 5466; x_wconf 89' lang='lat' dir='ltr'><strong>coronare</strong></span> <span class='ocrx_word' id='word_1_773' title='bbox 1096 5409 1250 5465; x_wconf 85' lang='lat' dir='ltr'><strong>novit</strong></span> <span class='ocrx_word' id='word_1_774' title='bbox 1273 5411 1423 5465; x_wconf 90' lang='lat' dir='ltr'><strong>Deus</strong></span> <span class='ocrx_word' id='word_1_775' title='bbox 1441 5425 1562 5475; x_wconf 90' lang='lat' dir='ltr'><strong>eos,</strong></span> <span class='ocrx_word' id='word_1_776' title='bbox 1596 5409 1701 5481; x_wconf 90' lang='lat' dir='ltr'><strong>qui</strong></span> <span class='ocrx_word' id='word_1_777' title='bbox 1726 5424 1934 5465; x_wconf 91' lang='lat' dir='ltr'><strong>revera</strong></span> <span class='ocrx_word' id='word_1_778' title='bbox 1962 5425 2186 5465; x_wconf 89' lang='lat' dir='ltr'><strong>nomen</strong></span> 
     </span>
    </p>
   </div>
   <div class='ocr_carea' id='block_1_104' title="bbox 530 5495 2182 5570">
    <p class='ocr_par' dir='ltr' id='par_1_104' title="bbox 530 5495 2182 5570">
     <span class='ocr_line' id='line_1_104' title="bbox 530 5495 2182 5570; baseline 0.002 -20"><span class='ocrx_word' id='word_1_779' title='bbox 530 5495 682 5550; x_wconf 91' lang='lat' dir='ltr'><strong>illius</strong></span> <span class='ocrx_word' id='word_1_780' title='bbox 713 5497 1065 5567; x_wconf 82' lang='lat' dir='ltr'><strong>glorificant.</strong></span> <span class='ocrx_word' id='word_1_781' title='bbox 1096 5500 1188 5556; x_wconf 91' lang='lat' dir='ltr'><strong>Sic</strong></span> <span class='ocrx_word' id='word_1_782' title='bbox 1218 5500 1336 5555; x_wconf 85' lang='lat' dir='ltr'><strong>ﬁde</strong></span> <span class='ocrx_word' id='word_1_783' title='bbox 1366 5499 1587 5568; x_wconf 87' lang='lat' dir='ltr'><strong>dignus</strong></span> <span class='ocrx_word' id='word_1_784' title='bbox 1620 5504 1721 5564; x_wconf 89' lang='lat' dir='ltr'><strong>est,</strong></span> <span class='ocrx_word' id='word_1_785' title='bbox 1753 5499 1852 5570; x_wconf 91' lang='lat' dir='ltr'><strong>qui</strong></span> <span class='ocrx_word' id='word_1_786' title='bbox 1891 5498 2182 5570; x_wconf 90' lang='lat' dir='ltr'><strong>promisit,</strong></span> 
     </span>
    </p>
   </div>
   <div class='ocr_carea' id='block_1_105' title="bbox 529 5585 2181 5661">
    <p class='ocr_par' dir='ltr' id='par_1_105' title="bbox 529 5585 2181 5661">
     <span class='ocr_line' id='line_1_105' title="bbox 529 5585 2181 5661; baseline 0.002 -19"><span class='ocrx_word' id='word_1_787' title='bbox 529 5585 694 5659; x_wconf 88' lang='lat' dir='ltr'><strong>quod</strong></span> <span class='ocrx_word' id='word_1_788' title='bbox 723 5585 951 5645; x_wconf 85' lang='lat' dir='ltr'><strong>etiamsi</strong></span> <span class='ocrx_word' id='word_1_789' title='bbox 990 5603 1096 5661; x_wconf 88' lang='lat' dir='ltr'><strong>per</strong></span> <span class='ocrx_word' id='word_1_790' title='bbox 1134 5589 1336 5661; x_wconf 88' lang='lat' dir='ltr'><strong>ignem</strong></span> <span class='ocrx_word' id='word_1_791' title='bbox 1369 5588 1599 5658; x_wconf 86' lang='lat' dir='ltr'><strong>venias,</strong></span> <span class='ocrx_word' id='word_1_792' title='bbox 1632 5603 1752 5647; x_wconf 89' lang='lat' dir='ltr'><strong>non</strong></span> <span class='ocrx_word' id='word_1_793' title='bbox 1793 5587 2181 5661; x_wconf 88' lang='lat' dir='ltr'><strong>combureris,</strong></span> 
     </span>
    </p>
   </div>
   <div class='ocr_carea' id='block_1_106' title="bbox 2302 4511 3872 4591">
    <p class='ocr_par' dir='ltr' id='par_1_106' title="bbox 2302 4511 3872 4591">
     <span class='ocr_line' id='line_1_106' title="bbox 2302 4511 3872 4591; baseline -0.008 -20"><span class='ocrx_word' id='word_1_794' title='bbox 2302 4521 2682 4591; x_wconf 73' lang='grc' dir='ltr'>ύποφεύγουσιν</span> <span class='ocrx_word' id='word_1_795' title='bbox 2716 4538 2728 4551; x_wconf 80' lang='grc' dir='ltr'>ο</span> <span class='ocrx_word' id='word_1_796' title='bbox 2759 4519 2815 4570; x_wconf 80' lang='grc' dir='ltr'><strong>ού</strong></span> <span class='ocrx_word' id='word_1_797' title='bbox 2860 4522 2957 4590; x_wconf 82' lang='grc' dir='ltr'>γὰρ</span> <span class='ocrx_word' id='word_1_798' title='bbox 3014 4517 3181 4587; x_wconf 77' lang='grc' dir='ltr'>ἧψατο</span> <span class='ocrx_word' id='word_1_799' title='bbox 3240 4517 3408 4569; x_wconf 77' lang='grc' dir='ltr'>αὐτῶν</span> <span class='ocrx_word' id='word_1_800' title='bbox 3460 4521 3514 4568; x_wconf 85' lang='grc' dir='ltr'><strong>τὸ</strong></span> <span class='ocrx_word' id='word_1_801' title='bbox 3569 4513 3780 4567; x_wconf 86' lang='grc' dir='ltr'>καθόλου</span> <span class='ocrx_word' id='word_1_802' title='bbox 3825 4511 3872 4559; x_wconf 86' lang='grc' dir='ltr'><strong>τὸ</strong></span> 
     </span>
    </p>
   </div>
   <div class='ocr_carea' id='block_1_107' title="bbox 2301 4606 3864 4681">
    <p class='ocr_par' dir='ltr' id='par_1_107' title="bbox 2301 4606 3864 4681">
     <span class='ocr_line' id='line_1_107' title="bbox 2301 4606 3864 4681; baseline -0.006 -21"><span class='ocrx_word' id='word_1_803' title='bbox 2301 4617 2401 4680; x_wconf 85' lang='grc' dir='ltr'><strong>πῦρ</strong></span> <span class='ocrx_word' id='word_1_804' title='bbox 2461 4606 2583 4660; x_wconf 66' lang='grc' dir='ltr'>οὐδὲ</span> <span class='ocrx_word' id='word_1_805' title='bbox 2632 4615 2732 4680; x_wconf 85' lang='grc' dir='ltr'>μὴν</span> <span class='ocrx_word' id='word_1_806' title='bbox 2787 4607 3008 4665; x_wconf 84' lang='grc' dir='ltr'>ἐλύπησε</span> <span class='ocrx_word' id='word_1_807' title='bbox 3052 4611 3107 4658; x_wconf 90' lang='grc' dir='ltr'><strong>τὸ</strong></span> <span class='ocrx_word' id='word_1_808' title='bbox 3160 4609 3420 4681; x_wconf 78' lang='grc' dir='ltr'>παράπαν,</span> <span class='ocrx_word' id='word_1_809' title='bbox 3477 4606 3600 4657; x_wconf 82' lang='grc' dir='ltr'><strong>ἀλλά</strong></span> <span class='ocrx_word' id='word_1_810' title='bbox 3633 4619 3864 4673; x_wconf 85' lang='grc' dir='ltr'>συγκατα-</span> 
     </span>
    </p>
   </div>
   <div class='ocr_carea' id='block_1_108' title="bbox 2301 4690 3872 4768">
    <p class='ocr_par' dir='ltr' id='par_1_108' title="bbox 2301 4690 3872 4768">
     <span class='ocr_line' id='line_1_108' title="bbox 2301 4690 3872 4768; baseline -0.008 -18"><span class='ocrx_word' id='word_1_811' title='bbox 2301 4697 2478 4758; x_wconf 78' lang='grc' dir='ltr'>ϐάντος</span> <span class='ocrx_word' id='word_1_812' title='bbox 2525 4699 2700 4759; x_wconf 69' lang='grc' dir='ltr'>αὐτοῖς</span> <span class='ocrx_word' id='word_1_813' title='bbox 2751 4698 2989 4768; x_wconf 83' lang='grc' dir='ltr'>ἀγγέλου,</span> <span class='ocrx_word' id='word_1_814' title='bbox 3042 4697 3268 4749; x_wconf 76' lang='grc' dir='ltr'>ἀνίενται</span> <span class='ocrx_word' id='word_1_815' title='bbox 3322 4699 3410 4767; x_wconf 79' lang='grc' dir='ltr'><strong>μεν</strong></span> <span class='ocrx_word' id='word_1_816' title='bbox 3459 4704 3558 4747; x_wconf 84' lang='grc' dir='ltr'>τῶν</span> <span class='ocrx_word' id='word_1_817' title='bbox 3611 4690 3872 4766; x_wconf 81' lang='grc' dir='ltr'>περικειμέ-</span> 
     </span>
    </p>
   </div>
   <div class='ocr_carea' id='block_1_109' title="bbox 2299 4777 3874 4860">
    <p class='ocr_par' dir='ltr' id='par_1_109' title="bbox 2299 4777 3874 4860">
     <span class='ocr_line' id='line_1_109' title="bbox 2299 4777 3874 4860; baseline -0.006 -22"><span class='ocrx_word' id='word_1_818' title='bbox 2299 4809 2394 4839; x_wconf 90' lang='grc' dir='ltr'><strong>νων</strong></span> <span class='ocrx_word' id='word_1_819' title='bbox 2425 4789 2614 4840; x_wconf 80' lang='grc' dir='ltr'>αύτίκα</span> <span class='ocrx_word' id='word_1_820' title='bbox 2646 4785 2851 4859; x_wconf 82' lang='grc' dir='ltr'>δεσμῶν</span> <span class='ocrx_word' id='word_1_821' title='bbox 2886 4805 2895 4815; x_wconf 93' lang='grc'><strong>·</strong></span> <span class='ocrx_word' id='word_1_822' title='bbox 2933 4783 3068 4860; x_wconf 72' lang='grc' dir='ltr'>αὖρα</span> <span class='ocrx_word' id='word_1_823' title='bbox 3108 4784 3166 4838; x_wconf 75' lang='grc' dir='ltr'>δὲ</span> <span class='ocrx_word' id='word_1_824' title='bbox 3213 4783 3544 4858; x_wconf 81' lang='grc' dir='ltr'>δροσίζουσα</span> <span class='ocrx_word' id='word_1_825' title='bbox 3568 4788 3626 4836; x_wconf 87' lang='grc' dir='ltr'><strong>τό</strong></span> <span class='ocrx_word' id='word_1_826' title='bbox 3656 4790 3752 4854; x_wconf 85' lang='grc' dir='ltr'><strong>πῦρ</strong></span> <span class='ocrx_word' id='word_1_827' title='bbox 3797 4777 3874 4829; x_wconf 76' lang='grc' dir='ltr'>αύ-</span> 
     </span>
    </p>
   </div>
   <div class='ocr_carea' id='block_1_110' title="bbox 2299 4872 3870 4947">
    <p class='ocr_par' dir='ltr' id='par_1_110' title="bbox 2299 4872 3870 4947">
     <span class='ocr_line' id='line_1_110' title="bbox 2299 4872 3870 4947; baseline -0.007 -18"><span class='ocrx_word' id='word_1_828' title='bbox 2299 4885 2402 4937; x_wconf 89' lang='grc' dir='ltr'>τοῖς</span> <span class='ocrx_word' id='word_1_829' title='bbox 2452 4876 2690 4947; x_wconf 78' lang='grc' dir='ltr'>ἐγεγόνει,</span> <span class='ocrx_word' id='word_1_830' title='bbox 2753 4881 2838 4927; x_wconf 86' lang='grc' dir='ltr'><strong>καὶ</strong></span> <span class='ocrx_word' id='word_1_831' title='bbox 2895 4879 2958 4935; x_wconf 82' lang='grc' dir='ltr'><strong>ὡς</strong></span> <span class='ocrx_word' id='word_1_832' title='bbox 3016 4875 3063 4926; x_wconf 86' lang='grc' dir='ltr'>ἐν</span> <span class='ocrx_word' id='word_1_833' title='bbox 3121 4872 3360 4926; x_wconf 89' lang='grc' dir='ltr'>παστάδι</span> <span class='ocrx_word' id='word_1_834' title='bbox 3418 4883 3478 4945; x_wconf 75' lang='grc' dir='ltr'>τῇ</span> <span class='ocrx_word' id='word_1_835' title='bbox 3537 4873 3682 4943; x_wconf 83' lang='grc' dir='ltr'>φλογὶ</span> <span class='ocrx_word' id='word_1_836' title='bbox 3732 4874 3870 4940; x_wconf 75' lang='grc' dir='ltr'>μέσον</span> 
     </span>
    </p>
   </div>
   <div class='ocr_carea' id='block_1_111' title="bbox 2299 4952 3866 5036">
    <p class='ocr_par' dir='ltr' id='par_1_111' title="bbox 2299 4952 3866 5036">
     <span class='ocr_line' id='line_1_111' title="bbox 2299 4952 3866 5036; baseline -0.004 -19"><span class='ocrx_word' id='word_1_837' title='bbox 2299 4966 2517 5027; x_wconf 77' lang='grc' dir='ltr'>ἑστῶτες</span> <span class='ocrx_word' id='word_1_838' title='bbox 2557 4969 2641 5016; x_wconf 89' lang='grc' dir='ltr'><strong>τὸν</strong></span> <span class='ocrx_word' id='word_1_839' title='bbox 2689 4964 2771 5017; x_wconf 85' lang='grc' dir='ltr'><strong>ἐπὶ</strong></span> <span class='ocrx_word' id='word_1_840' title='bbox 2814 4967 3018 5016; x_wconf 85' lang='grc' dir='ltr'>πάντων</span> <span class='ocrx_word' id='word_1_841' title='bbox 3066 4965 3256 5036; x_wconf 79' lang='grc' dir='ltr'>ὕμνουν</span> <span class='ocrx_word' id='word_1_842' title='bbox 3303 4969 3428 5016; x_wconf 85' lang='grc' dir='ltr'>Θεὸν</span> <span class='ocrx_word' id='word_1_843' title='bbox 3465 4982 3475 4992; x_wconf 88' lang='grc'><strong>·</strong></span> <span class='ocrx_word' id='word_1_844' title='bbox 3513 4963 3786 5030; x_wconf 67' lang='grc' dir='ltr'>Εὐλογητὸς</span> <span class='ocrx_word' id='word_1_845' title='bbox 3815 4952 3866 5017; x_wconf 81' lang='grc' dir='ltr'>εἷ,</span> 
     </span>
    </p>
   </div>
   <div class='ocr_carea' id='block_1_112' title="bbox 2300 5044 3870 5128">
    <p class='ocr_par' dir='ltr' id='par_1_112' title="bbox 2300 5054 3870 5128">
     <span class='ocr_line' id='line_1_112' title="bbox 2300 5054 3870 5128; baseline -0.007 -21"><span class='ocrx_word' id='word_1_846' title='bbox 2300 5059 2475 5128; x_wconf 83' lang='grc' dir='ltr'>Κύριε,</span> <span class='ocrx_word' id='word_1_847' title='bbox 2531 5055 2779 5126; x_wconf 87' lang='grc' dir='ltr'>λέγοντες,</span> <span class='ocrx_word' id='word_1_848' title='bbox 2817 5057 2841 5106; x_wconf 86' lang='grc' dir='ltr'><strong>ό</strong></span> <span class='ocrx_word' id='word_1_849' title='bbox 2873 5059 2994 5115; x_wconf 87' lang='grc' dir='ltr'>Θεὸς</span> <span class='ocrx_word' id='word_1_850' title='bbox 3035 5063 3134 5106; x_wconf 84' lang='grc' dir='ltr'><strong>τῶν</strong></span> <span class='ocrx_word' id='word_1_851' title='bbox 3178 5057 3407 5128; x_wconf 86' lang='grc' dir='ltr'>πατέρων</span> <span class='ocrx_word' id='word_1_852' title='bbox 3455 5054 3614 5124; x_wconf 73' lang='grc' dir='ltr'>ἡμῶν,</span> <span class='ocrx_word' id='word_1_853' title='bbox 3670 5054 3750 5100; x_wconf 76' lang='grc' dir='ltr'><strong>καὶ</strong></span> <span class='ocrx_word' id='word_1_854' title='bbox 3803 5065 3870 5096; x_wconf 88' lang='grc' dir='ltr'>αι-</span> 
     </span>
    </p>
   </div>
   <div class='ocr_carea' id='block_1_113' title="bbox 2295 5137 3869 5215">
    <p class='ocr_par' dir='ltr' id='par_1_113' title="bbox 2295 5137 3869 5215">
     <span class='ocr_line' id='line_1_113' title="bbox 2295 5137 3869 5215; baseline -0.001 -19"><span class='ocrx_word' id='word_1_855' title='bbox 2295 5149 2433 5196; x_wconf 87' lang='grc' dir='ltr'>νετόν</span> <span class='ocrx_word' id='word_1_856' title='bbox 2481 5149 2564 5196; x_wconf 73' lang='grc' dir='ltr'>καὶ</span> <span class='ocrx_word' id='word_1_857' title='bbox 2599 5141 2980 5215; x_wconf 80' lang='grc' dir='ltr'>δεδοξασμένον</span> <span class='ocrx_word' id='word_1_858' title='bbox 3011 5146 3069 5194; x_wconf 88' lang='grc' dir='ltr'><strong>τὸ</strong></span> <span class='ocrx_word' id='word_1_859' title='bbox 3102 5143 3261 5212; x_wconf 71' lang='grc' dir='ltr'>ὄνομά</span> <span class='ocrx_word' id='word_1_860' title='bbox 3304 5161 3396 5193; x_wconf 89' lang='grc' dir='ltr'><strong>σου</strong></span> <span class='ocrx_word' id='word_1_861' title='bbox 3428 5141 3499 5201; x_wconf 83' lang='grc' dir='ltr'>εἰς</span> <span class='ocrx_word' id='word_1_862' title='bbox 3535 5143 3651 5200; x_wconf 89' lang='grc' dir='ltr'>τούς</span> <span class='ocrx_word' id='word_1_863' title='bbox 3682 5137 3869 5195; x_wconf 70' lang='grc' dir='ltr'>αἰῶνας)</span> 
     </span>
    </p>
   </div>
   <div class='ocr_carea' id='block_1_114' title="bbox 2295 5224 3872 5303">
    <p class='ocr_par' dir='ltr' id='par_1_114' title="bbox 2295 5224 3872 5303">
     <span class='ocr_line' id='line_1_114' title="bbox 2295 5224 3872 5303; baseline -0.009 -18"><span class='ocrx_word' id='word_1_864' title='bbox 2295 5236 2477 5285; x_wconf 82' lang='grc' dir='ltr'>καὶτὰ</span> <span class='ocrx_word' id='word_1_865' title='bbox 2526 5233 2637 5294; x_wconf 74' lang='grc' dir='ltr'>ἑξῆς</span> <span class='ocrx_word' id='word_1_866' title='bbox 2677 5241 2763 5292; x_wconf 87' lang='grc' dir='ltr'>τῆς</span> <span class='ocrx_word' id='word_1_867' title='bbox 2812 5229 2955 5303; x_wconf 78' lang='grc' dir='ltr'>ᾠδῆς</span> <span class='ocrx_word' id='word_1_868' title='bbox 2989 5249 3000 5261; x_wconf 87' lang='grc'><strong>·</strong></span> <span class='ocrx_word' id='word_1_869' title='bbox 3036 5236 3156 5292; x_wconf 84' lang='grc' dir='ltr'>τούς</span> <span class='ocrx_word' id='word_1_870' title='bbox 3205 5228 3262 5282; x_wconf 70' lang='grc' dir='ltr'>δὲ</span> <span class='ocrx_word' id='word_1_871' title='bbox 3323 5227 3657 5286; x_wconf 78' lang='grc' dir='ltr'>διαϐαλόντας</span> <span class='ocrx_word' id='word_1_872' title='bbox 3703 5224 3872 5278; x_wconf 79' lang='grc' dir='ltr'>αύτούς</span> 
     </span>
    </p>
   </div>
   <div class='ocr_carea' id='block_1_115' title="bbox 2297 5317 3869 5388">
    <p class='ocr_par' dir='ltr' id='par_1_115' title="bbox 2297 5317 3869 5388">
     <span class='ocr_line' id='line_1_115' title="bbox 2297 5317 3869 5388; baseline -0.008 -14"><span class='ocrx_word' id='word_1_873' title='bbox 2297 5318 2594 5387; x_wconf 72' lang='grc' dir='ltr'>Χαλδαίους</span> <span class='ocrx_word' id='word_1_874' title='bbox 2640 5327 2727 5372; x_wconf 86' lang='grc' dir='ltr'>καὶ</span> <span class='ocrx_word' id='word_1_875' title='bbox 2777 5320 2992 5382; x_wconf 75' lang='grc' dir='ltr'>πολλοὺς</span> <span class='ocrx_word' id='word_1_876' title='bbox 3022 5319 3204 5382; x_wconf 76' lang='grc' dir='ltr'>ἄλλους</span> <span class='ocrx_word' id='word_1_877' title='bbox 3246 5328 3343 5370; x_wconf 79' lang='grc' dir='ltr'>τὼν</span> <span class='ocrx_word' id='word_1_878' title='bbox 3371 5321 3662 5388; x_wconf 84' lang='grc' dir='ltr'>Ἀσσυρίων</span> <span class='ocrx_word' id='word_1_879' title='bbox 3703 5317 3755 5364; x_wconf 88' lang='grc' dir='ltr'><strong>τὸ</strong></span> <span class='ocrx_word' id='word_1_880' title='bbox 3780 5317 3869 5379; x_wconf 79' lang='grc' dir='ltr'><strong>πῦρ</strong></span> 
     </span>
    </p>
   </div>
   <div class='ocr_carea' id='block_1_116' title="bbox 2295 5400 3871 5483">
    <p class='ocr_par' dir='ltr' id='par_1_116' title="bbox 2295 5400 3871 5483">
     <span class='ocr_line' id='line_1_116' title="bbox 2295 5400 3871 5483; baseline -0.006 -22"><span class='ocrx_word' id='word_1_881' title='bbox 2295 5408 2552 5482; x_wconf 83' lang='grc' dir='ltr'>ἐκδραμὸν</span> <span class='ocrx_word' id='word_1_882' title='bbox 2610 5407 2866 5483; x_wconf 78' lang='grc' dir='ltr'>διέφθειρέ</span> <span class='ocrx_word' id='word_1_883' title='bbox 2917 5429 2970 5462; x_wconf 91' lang='grc' dir='ltr'><strong>τε</strong></span> <span class='ocrx_word' id='word_1_884' title='bbox 3014 5413 3102 5461; x_wconf 88' lang='grc' dir='ltr'><strong>καὶ</strong></span> <span class='ocrx_word' id='word_1_885' title='bbox 3156 5409 3226 5471; x_wconf 85' lang='grc' dir='ltr'>εἰς</span> <span class='ocrx_word' id='word_1_886' title='bbox 3271 5408 3408 5468; x_wconf 90' lang='grc' dir='ltr'>τέλος</span> <span class='ocrx_word' id='word_1_887' title='bbox 3454 5405 3726 5457; x_wconf 83' lang='grc' dir='ltr'>ἀπωλεσεν.</span> <span class='ocrx_word' id='word_1_888' title='bbox 3776 5400 3871 5451; x_wconf 74' lang='grc' dir='ltr'><strong>Οὖ-</strong></span> 
     </span>
    </p>
   </div>
   <div class='ocr_carea' id='block_1_117' title="bbox 2295 5489 3868 5572">
    <p class='ocr_par' dir='ltr' id='par_1_117' title="bbox 2295 5489 3868 5572">
     <span class='ocr_line' id='line_1_117' title="bbox 2295 5489 3868 5572; baseline -0.007 -21"><span class='ocrx_word' id='word_1_889' title='bbox 2295 5520 2364 5551; x_wconf 91' lang='grc' dir='ltr'><strong>τω</strong></span> <span class='ocrx_word' id='word_1_890' title='bbox 2397 5495 2524 5572; x_wconf 75' lang='grc' dir='ltr'>δόξῃ</span> <span class='ocrx_word' id='word_1_891' title='bbox 2569 5505 2658 5550; x_wconf 82' lang='grc' dir='ltr'>καὶ</span> <span class='ocrx_word' id='word_1_892' title='bbox 2689 5506 2811 5570; x_wconf 75' lang='grc' dir='ltr'>τιμῇ</span> <span class='ocrx_word' id='word_1_893' title='bbox 2861 5505 3138 5569; x_wconf 83' lang='grc' dir='ltr'>στεφανοῦν</span> <span class='ocrx_word' id='word_1_894' title='bbox 3166 5493 3277 5550; x_wconf 84' lang='grc' dir='ltr'>οἶδε</span> <span class='ocrx_word' id='word_1_895' title='bbox 3325 5499 3447 5556; x_wconf 86' lang='grc' dir='ltr'>Θεὸς</span> <span class='ocrx_word' id='word_1_896' title='bbox 3491 5497 3610 5554; x_wconf 81' lang='grc' dir='ltr'>τούς</span> <span class='ocrx_word' id='word_1_897' title='bbox 3651 5493 3776 5564; x_wconf 85' lang='grc' dir='ltr'>ἔργῳ</span> <span class='ocrx_word' id='word_1_898' title='bbox 3817 5489 3868 5537; x_wconf 80' lang='grc' dir='ltr'><strong>τὸ</strong></span> 
     </span>
    </p>
   </div>
   <div class='ocr_carea' id='block_1_118' title="bbox 2295 5579 3866 5660">
    <p class='ocr_par' dir='ltr' id='par_1_118' title="bbox 2295 5579 3866 5660">
     <span class='ocr_line' id='line_1_118' title="bbox 2295 5579 3866 5660; baseline -0.01 -18"><span class='ocrx_word' id='word_1_899' title='bbox 2295 5592 2486 5642; x_wconf 74' lang='grc' dir='ltr'>ἐκείνου</span> <span class='ocrx_word' id='word_1_900' title='bbox 2537 5584 2850 5652; x_wconf 76' lang='grc' dir='ltr'>δοξάζοντας</span> <span class='ocrx_word' id='word_1_901' title='bbox 2907 5590 3068 5660; x_wconf 81' lang='grc' dir='ltr'>ὄνομα</span> <span class='ocrx_word' id='word_1_902' title='bbox 3119 5607 3132 5621; x_wconf 77' lang='grc' dir='ltr'><strong><em>ο</em></strong></span> <span class='ocrx_word' id='word_1_903' title='bbox 3185 5585 3318 5638; x_wconf 77' lang='grc' dir='ltr'>οὕτω</span> <span class='ocrx_word' id='word_1_904' title='bbox 3373 5579 3866 5649; x_wconf 81' lang='grc' dir='ltr'>πιστόςὸἐπαγγει-</span> 
     </span>
    </p>
   </div>
  </div>
