  <div class='ocr_page' id='page_1' title='image "/cluster/home/n/w/nwhite01/storage/ocr_20150623/115/hvd.32044073502262/196.png"; bbox 0 0 4034 6206; ppageno 0'>
   <div class='ocr_carea' id='block_1_1' title="bbox 204 293 281 350">
    <p class='ocr_par' dir='ltr' id='par_1_1' title="bbox 204 293 281 350">
     <span class='ocr_line' id='line_1_1' title="bbox 204 293 281 350; baseline -0.026 0"><span class='ocrx_word' id='word_1_1' title='bbox 204 293 281 350; x_wconf 78' lang='grc'><strong>381</strong></span> 
     </span>
    </p>
   </div>
   <div class='ocr_carea' id='block_1_2' title="bbox 1286 273 2392 344">
    <p class='ocr_par' dir='ltr' id='par_1_2' title="bbox 1286 273 2392 344">
     <span class='ocr_line' id='line_1_2' title="bbox 1286 273 2392 344; baseline 0.005 -6"><span class='ocrx_word' id='word_1_2' title='bbox 1286 282 1455 340; x_wconf 81' lang='grc' dir='ltr'><strong>νΙΤΑ</strong></span> <span class='ocrx_word' id='word_1_3' title='bbox 1495 281 1556 338; x_wconf 93' lang='lat' dir='ltr'><strong>S.</strong></span> <span class='ocrx_word' id='word_1_4' title='bbox 1597 273 2002 335; x_wconf 63' lang='grc' dir='ltr'><strong>ΡΗΟΡΗΕΤᾸΕ</strong></span> <span class='ocrx_word' id='word_1_5' title='bbox 2040 281 2392 344; x_wconf 85' lang='lat' dir='ltr'><strong>DANIELIS.</strong></span> 
     </span>
    </p>
   </div>
   <div class='ocr_carea' id='block_1_3' title="bbox 3426 297 3532 353">
    <p class='ocr_par' dir='ltr' id='par_1_3' title="bbox 3426 297 3532 353">
     <span class='ocr_line' id='line_1_3' title="bbox 3426 297 3532 353; baseline 0 0"><span class='ocrx_word' id='word_1_6' title='bbox 3426 297 3532 353; x_wconf 86' lang='lat'><strong>382</strong></span> 
     </span>
    </p>
   </div>
   <div class='ocr_carea' id='block_1_4' title="bbox 196 402 1752 490">
    <p class='ocr_par' dir='ltr' id='par_1_4' title="bbox 196 409 1752 490">
     <span class='ocr_line' id='line_1_4' title="bbox 196 409 1752 490; baseline -0.01 -19"><span class='ocrx_word' id='word_1_7' title='bbox 196 420 400 490; x_wconf 74' lang='grc' dir='ltr'>λάμενος,</span> <span class='ocrx_word' id='word_1_8' title='bbox 449 418 532 468; x_wconf 87' lang='grc' dir='ltr'>ὅτι</span> <span class='ocrx_word' id='word_1_9' title='bbox 577 414 680 469; x_wconf 78' lang='grc' dir='ltr'>Κᾶν</span> <span class='ocrx_word' id='word_1_10' title='bbox 732 411 824 468; x_wconf 76' lang='grc' dir='ltr'>διὰ</span> <span class='ocrx_word' id='word_1_11' title='bbox 872 416 1030 488; x_wconf 86' lang='grc' dir='ltr'>πυρός</span> <span class='ocrx_word' id='word_1_12' title='bbox 1081 409 1312 484; x_wconf 81' lang='grc' dir='ltr'>διέλθῃς,</span> <span class='ocrx_word' id='word_1_13' title='bbox 1363 409 1422 462; x_wconf 77' lang='grc' dir='ltr'>οὐ</span> <span class='ocrx_word' id='word_1_14' title='bbox 1475 411 1544 478; x_wconf 75' lang='grc' dir='ltr'>μὴ</span> <span class='ocrx_word' id='word_1_15' title='bbox 1604 424 1752 458; x_wconf 87' lang='grc' dir='ltr'>κατα-</span> 
     </span>
    </p>
   </div>
   <div class='ocr_carea' id='block_1_5' title="bbox 1865 402 3528 490">
    <p class='ocr_par' dir='ltr' id='par_1_5' title="bbox 1880 410 3528 488">
     <span class='ocr_line' id='line_1_5' title="bbox 1880 410 3528 488; baseline 0.013 -29"><span class='ocrx_word' id='word_1_16' title='bbox 1880 420 2075 478; x_wconf 90' lang='lat' dir='ltr'><strong>neque</strong></span> <span class='ocrx_word' id='word_1_17' title='bbox 2108 410 2371 468; x_wconf 84' lang='lat' dir='ltr'><strong>ardebis.</strong></span> <span class='ocrx_word' id='word_1_18' title='bbox 2403 415 2591 485; x_wconf 87' lang='lat' dir='ltr'><strong>Atque</strong></span> <span class='ocrx_word' id='word_1_19' title='bbox 2623 414 2754 470; x_wconf 73' lang='lat' dir='ltr'><strong>haec</strong></span> <span class='ocrx_word' id='word_1_20' title='bbox 2785 416 3023 486; x_wconf 88' lang='lat' dir='ltr'><strong>quidem</strong></span> <span class='ocrx_word' id='word_1_21' title='bbox 3055 419 3136 474; x_wconf 89' lang='lat' dir='ltr'><strong>sic</strong></span> <span class='ocrx_word' id='word_1_22' title='bbox 3174 419 3528 488; x_wconf 89' lang='lat' dir='ltr'><strong>habuerunt,</strong></span> 
     </span>
    </p>
   </div>
   <div class='ocr_carea' id='block_1_6' title="bbox 191 500 1760 578">
    <p class='ocr_par' dir='ltr' id='par_1_6' title="bbox 191 500 1760 578">
     <span class='ocr_line' id='line_1_6' title="bbox 191 500 1760 578; baseline -0.017 -6"><span class='ocrx_word' id='word_1_23' title='bbox 191 510 362 578; x_wconf 70' lang='grc' dir='ltr'><strong>ιαωθῇς</strong></span> <span class='ocrx_word' id='word_1_24' title='bbox 412 503 536 559; x_wconf 57' lang='grc' dir='ltr'>οὐδὲ</span> <span class='ocrx_word' id='word_1_25' title='bbox 579 510 645 577; x_wconf 74' lang='grc' dir='ltr'>μὴ</span> <span class='ocrx_word' id='word_1_26' title='bbox 697 505 1017 576; x_wconf 67' lang='grc' dir='ltr'>συμφλεγῇς.</span> <span class='ocrx_word' id='word_1_27' title='bbox 1064 501 1191 574; x_wconf 83' lang='grc' dir='ltr'>Εἶχε</span> <span class='ocrx_word' id='word_1_28' title='bbox 1243 505 1331 574; x_wconf 76' lang='grc' dir='ltr'>μὲν</span> <span class='ocrx_word' id='word_1_29' title='bbox 1389 500 1524 551; x_wconf 70' lang='grc' dir='ltr'>οὕτω</span> <span class='ocrx_word' id='word_1_30' title='bbox 1577 504 1760 548; x_wconf 81' lang='grc' dir='ltr'>ταῦτα·</span> 
     </span>
    </p>
   </div>
   <div class='ocr_carea' id='block_1_7' title="bbox 186 584 1764 668">
    <p class='ocr_par' dir='ltr' id='par_1_7' title="bbox 186 589 1764 668">
     <span class='ocr_line' id='line_1_7' title="bbox 186 589 1764 668; baseline -0.008 -20"><span class='ocrx_word' id='word_1_31' title='bbox 186 604 256 648; x_wconf 82' lang='lat' dir='ltr'><strong>xui</strong></span> <span class='ocrx_word' id='word_1_32' title='bbox 288 599 332 648; x_wconf 81' lang='lat' dir='ltr'><strong>oi</strong></span> <span class='ocrx_word' id='word_1_33' title='bbox 356 605 492 668; x_wconf 81' lang='grc' dir='ltr'><strong>τρεῖς</strong></span> <span class='ocrx_word' id='word_1_34' title='bbox 532 592 710 656; x_wconf 86' lang='grc' dir='ltr'>παῖδες</span> <span class='ocrx_word' id='word_1_35' title='bbox 741 594 787 646; x_wconf 78' lang='grc' dir='ltr'>ἐν</span> <span class='ocrx_word' id='word_1_36' title='bbox 831 603 892 666; x_wconf 76' lang='grc' dir='ltr'><strong>τῇ</strong></span> <span class='ocrx_word' id='word_1_37' title='bbox 944 599 1146 665; x_wconf 78' lang='grc' dir='ltr'><strong>καμίνῳ</strong></span> <span class='ocrx_word' id='word_1_38' title='bbox 1203 589 1409 662; x_wconf 78' lang='grc' dir='ltr'>διῆγον,</span> <span class='ocrx_word' id='word_1_39' title='bbox 1444 592 1517 641; x_wconf 80' lang='grc' dir='ltr'>ἔτι</span> <span class='ocrx_word' id='word_1_40' title='bbox 1563 590 1649 639; x_wconf 87' lang='grc' dir='ltr'><strong>τόν</strong></span> <span class='ocrx_word' id='word_1_41' title='bbox 1682 589 1764 637; x_wconf 85' lang='grc' dir='ltr'>επὶ</span> 
     </span>
    </p>
   </div>
   <div class='ocr_carea' id='block_1_8' title="bbox 183 687 832 746">
    <p class='ocr_par' dir='ltr' id='par_1_8' title="bbox 183 687 832 746">
     <span class='ocr_line' id='line_1_8' title="bbox 183 687 832 746; baseline 0 -8"><span class='ocrx_word' id='word_1_42' title='bbox 183 690 368 738; x_wconf 78' lang='grc' dir='ltr'>πάντων</span> <span class='ocrx_word' id='word_1_43' title='bbox 399 687 654 746; x_wconf 81' lang='grc' dir='ltr'>αἰνοῦντες</span> <span class='ocrx_word' id='word_1_44' title='bbox 687 689 832 738; x_wconf 85' lang='grc' dir='ltr'>Θεόν.</span> 
     </span>
    </p>
   </div>
   <div class='ocr_carea' id='block_1_9' title="bbox 242 767 1761 846">
    <p class='ocr_par' dir='ltr' id='par_1_9' title="bbox 242 767 1761 846">
     <span class='ocr_line' id='line_1_9' title="bbox 242 767 1761 846; baseline -0.007 -19"><span class='ocrx_word' id='word_1_45' title='bbox 242 775 313 827; x_wconf 82' lang='grc' dir='ltr'><strong>Η’.</strong></span> <span class='ocrx_word' id='word_1_46' title='bbox 355 775 411 826; x_wconf 84' lang='grc' dir='ltr'><strong>Ὀ</strong></span> <span class='ocrx_word' id='word_1_47' title='bbox 461 774 705 846; x_wconf 78' lang='grc' dir='ltr'>βασιλεὺς</span> <span class='ocrx_word' id='word_1_48' title='bbox 755 771 813 826; x_wconf 79' lang='grc' dir='ltr'><strong>δε</strong></span> <span class='ocrx_word' id='word_1_49' title='bbox 860 777 914 825; x_wconf 90' lang='grc' dir='ltr'><strong>τό</strong></span> <span class='ocrx_word' id='word_1_50' title='bbox 965 779 1183 846; x_wconf 79' lang='grc' dir='ltr'>πρᾶγμα</span> <span class='ocrx_word' id='word_1_51' title='bbox 1231 767 1325 823; x_wconf 76' lang='grc' dir='ltr'>διὰ</span> <span class='ocrx_word' id='word_1_52' title='bbox 1373 770 1633 841; x_wconf 75' lang='grc' dir='ltr'>θαύματος</span> <span class='ocrx_word' id='word_1_53' title='bbox 1686 768 1761 816; x_wconf 78' lang='grc' dir='ltr'><strong>θέ-</strong></span> 
     </span>
    </p>
   </div>
   <div class='ocr_carea' id='block_1_10' title="bbox 178 855 1762 937">
    <p class='ocr_par' dir='ltr' id='par_1_10' title="bbox 178 855 1762 937">
     <span class='ocr_line' id='line_1_10' title="bbox 178 855 1762 937; baseline -0.007 -21"><span class='ocrx_word' id='word_1_54' title='bbox 178 885 327 936; x_wconf 73' lang='grc' dir='ltr'>μενος,</span> <span class='ocrx_word' id='word_1_55' title='bbox 368 873 460 915; x_wconf 87' lang='grc' dir='ltr'><strong>τοῦ</strong></span> <span class='ocrx_word' id='word_1_56' title='bbox 513 866 692 937; x_wconf 88' lang='grc' dir='ltr'>θρόνου</span> <span class='ocrx_word' id='word_1_57' title='bbox 747 868 834 935; x_wconf 76' lang='grc' dir='ltr'>μὲν</span> <span class='ocrx_word' id='word_1_58' title='bbox 892 863 1037 923; x_wconf 71' lang='grc' dir='ltr'>εὐθὺς</span> <span class='ocrx_word' id='word_1_59' title='bbox 1089 862 1440 923; x_wconf 77' lang='grc' dir='ltr'>ἐξανίσταται’</span> <span class='ocrx_word' id='word_1_60' title='bbox 1496 855 1762 927; x_wconf 82' lang='grc' dir='ltr'><strong>διαπορῶν</strong></span> 
     </span>
    </p>
   </div>
   <div class='ocr_carea' id='block_1_11' title="bbox 181 945 1760 1026">
    <p class='ocr_par' dir='ltr' id='par_1_11' title="bbox 181 945 1760 1026">
     <span class='ocr_line' id='line_1_11' title="bbox 181 945 1760 1026; baseline -0.008 -20"><span class='ocrx_word' id='word_1_61' title='bbox 181 951 229 1006; x_wconf 82' lang='grc' dir='ltr'><strong>δε</strong></span> <span class='ocrx_word' id='word_1_62' title='bbox 273 950 349 1019; x_wconf 72' lang='grc' dir='ltr'>ἦν,</span> <span class='ocrx_word' id='word_1_63' title='bbox 395 962 506 1015; x_wconf 77' lang='grc' dir='ltr'>πῶς</span> <span class='ocrx_word' id='word_1_64' title='bbox 554 956 657 1026; x_wconf 80' lang='grc' dir='ltr'>ἄρα</span> <span class='ocrx_word' id='word_1_65' title='bbox 709 961 839 1026; x_wconf 87' lang='grc' dir='ltr'>τρεῖς</span> <span class='ocrx_word' id='word_1_66' title='bbox 885 954 1009 1024; x_wconf 86' lang='grc' dir='ltr'>παρ’</span> <span class='ocrx_word' id='word_1_67' title='bbox 1058 952 1217 1003; x_wconf 66' lang='grc' dir='ltr'>αὐτοῦ</span> <span class='ocrx_word' id='word_1_68' title='bbox 1267 959 1327 1021; x_wconf 76' lang='grc' dir='ltr'>τῇ</span> <span class='ocrx_word' id='word_1_69' title='bbox 1381 953 1580 1019; x_wconf 79' lang='grc' dir='ltr'>καμίνῳ</span> <span class='ocrx_word' id='word_1_70' title='bbox 1631 945 1760 1018; x_wconf 76' lang='grc' dir='ltr'>βλη-</span> 
     </span>
    </p>
   </div>
   <div class='ocr_carea' id='block_1_12' title="bbox 182 1034 1756 1118">
    <p class='ocr_par' dir='ltr' id='par_1_12' title="bbox 182 1034 1756 1118">
     <span class='ocr_line' id='line_1_12' title="bbox 182 1034 1756 1118; baseline -0.006 -23"><span class='ocrx_word' id='word_1_71' title='bbox 182 1046 327 1104; x_wconf 77' lang='grc' dir='ltr'>θέντες</span> <span class='ocrx_word' id='word_1_72' title='bbox 375 1049 620 1118; x_wconf 81' lang='grc' dir='ltr'>τέσσαρες</span> <span class='ocrx_word' id='word_1_73' title='bbox 668 1045 787 1116; x_wconf 86' lang='grc' dir='ltr'>οῖρτι</span> <span class='ocrx_word' id='word_1_74' title='bbox 829 1045 1174 1116; x_wconf 82' lang='grc' dir='ltr'>καθορῶνται,</span> <span class='ocrx_word' id='word_1_75' title='bbox 1230 1036 1395 1111; x_wconf 77' lang='grc' dir='ltr'>μηδὲν</span> <span class='ocrx_word' id='word_1_76' title='bbox 1444 1038 1673 1108; x_wconf 73' lang='grc' dir='ltr'>λυπηρόν</span> <span class='ocrx_word' id='word_1_77' title='bbox 1728 1034 1756 1092; x_wconf 76' lang='grc' dir='ltr'><em>ἦ</em></span> 
     </span>
    </p>
   </div>
   <div class='ocr_carea' id='block_1_13' title="bbox 179 1126 1762 1204">
    <p class='ocr_par' dir='ltr' id='par_1_13' title="bbox 179 1126 1762 1204">
     <span class='ocr_line' id='line_1_13' title="bbox 179 1126 1762 1204; baseline -0.007 -19"><span class='ocrx_word' id='word_1_78' title='bbox 179 1129 318 1193; x_wconf 45' lang='lat' dir='ltr'><strong>unde;</strong></span> <span class='ocrx_word' id='word_1_79' title='bbox 363 1133 490 1195; x_wconf 74' lang='grc' dir='ltr'>ὅλως</span> <span class='ocrx_word' id='word_1_80' title='bbox 540 1136 781 1204; x_wconf 83' lang='grc' dir='ltr'>ἔχοντες·</span> <span class='ocrx_word' id='word_1_81' title='bbox 812 1135 841 1190; x_wconf 79' lang='grc' dir='ltr'><strong>ἡ</strong></span> <span class='ocrx_word' id='word_1_82' title='bbox 899 1140 988 1184; x_wconf 90' lang='grc' dir='ltr'><strong>τοῦ</strong></span> <span class='ocrx_word' id='word_1_83' title='bbox 1039 1133 1284 1204; x_wconf 79' lang='grc' dir='ltr'><strong>τετάρτου</strong></span> <span class='ocrx_word' id='word_1_84' title='bbox 1337 1126 1394 1180; x_wconf 74' lang='grc' dir='ltr'>δὲ</span> <span class='ocrx_word' id='word_1_85' title='bbox 1439 1128 1554 1198; x_wconf 68' lang='grc' dir='ltr'>ἄψις</span> <span class='ocrx_word' id='word_1_86' title='bbox 1608 1127 1762 1197; x_wconf 87' lang='grc' dir='ltr'>ὁμοία</span> 
     </span>
    </p>
   </div>
   <div class='ocr_carea' id='block_1_14' title="bbox 178 1220 1759 1293">
    <p class='ocr_par' dir='ltr' id='par_1_14' title="bbox 178 1220 1759 1293">
     <span class='ocr_line' id='line_1_14' title="bbox 178 1220 1759 1293; baseline -0.007 -18"><span class='ocrx_word' id='word_1_87' title='bbox 178 1226 265 1292; x_wconf 83' lang='grc' dir='ltr'><strong>Υἱῷ</strong></span> <span class='ocrx_word' id='word_1_88' title='bbox 319 1227 464 1288; x_wconf 89' lang='grc' dir='ltr'>Θεοῦ,</span> <span class='ocrx_word' id='word_1_89' title='bbox 525 1227 614 1274; x_wconf 84' lang='grc' dir='ltr'>καὶ</span> <span class='ocrx_word' id='word_1_90' title='bbox 671 1222 858 1274; x_wconf 72' lang='grc' dir='ltr'>αὐτίκα</span> <span class='ocrx_word' id='word_1_91' title='bbox 907 1224 1039 1293; x_wconf 86' lang='grc' dir='ltr'>πρὸς</span> <span class='ocrx_word' id='word_1_92' title='bbox 1088 1229 1149 1292; x_wconf 75' lang='grc' dir='ltr'><strong>τῇ</strong></span> <span class='ocrx_word' id='word_1_93' title='bbox 1209 1223 1341 1292; x_wconf 78' lang='grc' dir='ltr'>θύρᾳ</span> <span class='ocrx_word' id='word_1_94' title='bbox 1392 1225 1482 1269; x_wconf 91' lang='grc' dir='ltr'><strong>τοῦ</strong></span> <span class='ocrx_word' id='word_1_95' title='bbox 1541 1220 1759 1286; x_wconf 76' lang='grc' dir='ltr'><strong>καμίνου</strong></span> 
     </span>
    </p>
   </div>
   <div class='ocr_carea' id='block_1_15' title="bbox 175 1302 1757 1386">
    <p class='ocr_par' dir='ltr' id='par_1_15' title="bbox 175 1302 1757 1386">
     <span class='ocr_line' id='line_1_15' title="bbox 175 1302 1757 1386; baseline -0.006 -23"><span class='ocrx_word' id='word_1_96' title='bbox 175 1316 461 1382; x_wconf 75' lang='grc' dir='ltr'>γενόμενος’</span> <span class='ocrx_word' id='word_1_97' title='bbox 497 1308 728 1386; x_wconf 79' lang='grc' dir='ltr'>Σεδρὸιχ,</span> <span class='ocrx_word' id='word_1_98' title='bbox 769 1314 882 1384; x_wconf 76' lang='grc' dir='ltr'>ἔφη,</span> <span class='ocrx_word' id='word_1_99' title='bbox 933 1316 1022 1363; x_wconf 87' lang='lat' dir='ltr'><strong>xui</strong></span> <span class='ocrx_word' id='word_1_100' title='bbox 1071 1312 1253 1364; x_wconf 83' lang='grc' dir='ltr'>Μισὰκ</span> <span class='ocrx_word' id='word_1_101' title='bbox 1300 1313 1389 1360; x_wconf 85' lang='grc' dir='ltr'>καὶ</span> <span class='ocrx_word' id='word_1_102' title='bbox 1436 1302 1757 1374; x_wconf 79' lang='grc' dir='ltr'>Ἀϐδεναγώ,</span> 
     </span>
    </p>
   </div>
   <div class='ocr_carea' id='block_1_16' title="bbox 176 1392 1756 1472">
    <p class='ocr_par' dir='ltr' id='par_1_16' title="bbox 176 1392 1756 1472">
     <span class='ocr_line' id='line_1_16' title="bbox 176 1392 1756 1472; baseline -0.004 -20"><span class='ocrx_word' id='word_1_103' title='bbox 176 1404 216 1452; x_wconf 80' lang='grc' dir='ltr'>οἱ</span> <span class='ocrx_word' id='word_1_104' title='bbox 254 1397 425 1453; x_wconf 77' lang='grc' dir='ltr'>δοῦλοι</span> <span class='ocrx_word' id='word_1_105' title='bbox 467 1409 562 1453; x_wconf 90' lang='grc' dir='ltr'><strong>τοῦ</strong></span> <span class='ocrx_word' id='word_1_106' title='bbox 601 1406 727 1455; x_wconf 88' lang='grc' dir='ltr'>Θεοῦ</span> <span class='ocrx_word' id='word_1_107' title='bbox 773 1409 864 1454; x_wconf 91' lang='grc' dir='ltr'><strong>τοῦ</strong></span> <span class='ocrx_word' id='word_1_108' title='bbox 910 1402 1160 1472; x_wconf 70' lang='grc' dir='ltr'>ὑψίστου,</span> <span class='ocrx_word' id='word_1_109' title='bbox 1196 1399 1414 1462; x_wconf 78' lang='grc' dir='ltr'>ἐξέλθετε</span> <span class='ocrx_word' id='word_1_110' title='bbox 1463 1401 1550 1448; x_wconf 80' lang='grc' dir='ltr'>καὶ</span> <span class='ocrx_word' id='word_1_111' title='bbox 1589 1392 1756 1447; x_wconf 85' lang='grc' dir='ltr'>δεῦτε·</span> 
     </span>
    </p>
   </div>
   <div class='ocr_carea' id='block_1_17' title="bbox 176 1485 1760 1562">
    <p class='ocr_par' dir='ltr' id='par_1_17' title="bbox 176 1485 1760 1562">
     <span class='ocr_line' id='line_1_17' title="bbox 176 1485 1760 1562; baseline -0.004 -21"><span class='ocrx_word' id='word_1_112' title='bbox 176 1494 216 1541; x_wconf 87' lang='grc' dir='ltr'>οἱ</span> <span class='ocrx_word' id='word_1_113' title='bbox 254 1488 309 1542; x_wconf 72' lang='grc' dir='ltr'>δὲ</span> <span class='ocrx_word' id='word_1_114' title='bbox 355 1490 532 1553; x_wconf 75' lang='grc' dir='ltr'>ἐξῆτον</span> <span class='ocrx_word' id='word_1_115' title='bbox 582 1500 710 1544; x_wconf 84' lang='grc' dir='ltr'>σῶοι</span> <span class='ocrx_word' id='word_1_116' title='bbox 758 1498 847 1544; x_wconf 85' lang='grc' dir='ltr'>καὶ</span> <span class='ocrx_word' id='word_1_117' title='bbox 896 1493 1123 1553; x_wconf 81' lang='grc' dir='ltr'>ἄθικτοι,</span> <span class='ocrx_word' id='word_1_118' title='bbox 1174 1486 1312 1562; x_wconf 78' lang='grc' dir='ltr'>μηδέ</span> <span class='ocrx_word' id='word_1_119' title='bbox 1360 1490 1547 1562; x_wconf 85' lang='grc' dir='ltr'>τριχός</span> <span class='ocrx_word' id='word_1_120' title='bbox 1597 1485 1760 1537; x_wconf 79' lang='grc' dir='ltr'>αὐτῶν</span> 
     </span>
    </p>
   </div>
   <div class='ocr_carea' id='block_1_18' title="bbox 174 1573 1758 1653">
    <p class='ocr_par' dir='ltr' id='par_1_18' title="bbox 174 1573 1758 1653">
     <span class='ocr_line' id='line_1_18' title="bbox 174 1573 1758 1653; baseline -0.004 -23"><span class='ocrx_word' id='word_1_121' title='bbox 174 1586 251 1631; x_wconf 85' lang='grc' dir='ltr'><strong>τοῦ</strong></span> <span class='ocrx_word' id='word_1_122' title='bbox 277 1583 428 1646; x_wconf 85' lang='grc' dir='ltr'>πυρός</span> <span class='ocrx_word' id='word_1_123' title='bbox 471 1583 866 1653; x_wconf 80' lang='grc' dir='ltr'>κυριεύσαντος.</span> <span class='ocrx_word' id='word_1_124' title='bbox 899 1588 1076 1632; x_wconf 88' lang='grc' dir='ltr'>Ταῦτα</span> <span class='ocrx_word' id='word_1_125' title='bbox 1123 1582 1190 1640; x_wconf 87' lang='grc' dir='ltr'>ὡς</span> <span class='ocrx_word' id='word_1_126' title='bbox 1238 1575 1370 1630; x_wconf 84' lang='grc' dir='ltr'>εἶδεν</span> <span class='ocrx_word' id='word_1_127' title='bbox 1419 1578 1444 1628; x_wconf 86' lang='grc' dir='ltr'><strong><em>ὁ</em></strong></span> <span class='ocrx_word' id='word_1_128' title='bbox 1491 1573 1758 1647; x_wconf 76' lang='grc' dir='ltr'>βασιλεὺς,</span> 
     </span>
    </p>
   </div>
   <div class='ocr_carea' id='block_1_19' title="bbox 176 1662 1762 1741">
    <p class='ocr_par' dir='ltr' id='par_1_19' title="bbox 176 1662 1762 1741">
     <span class='ocr_line' id='line_1_19' title="bbox 176 1662 1762 1741; baseline -0.003 -24"><span class='ocrx_word' id='word_1_129' title='bbox 176 1672 256 1724; x_wconf 73' lang='grc' dir='ltr'>τὴν</span> <span class='ocrx_word' id='word_1_130' title='bbox 295 1667 578 1740; x_wconf 66' lang='grc' dir='ltr'>ὑπερϐολὴν</span> <span class='ocrx_word' id='word_1_131' title='bbox 627 1678 719 1721; x_wconf 87' lang='grc' dir='ltr'><strong>τοῦ</strong></span> <span class='ocrx_word' id='word_1_132' title='bbox 771 1671 1053 1741; x_wconf 81' lang='grc' dir='ltr'>θαύματος,</span> <span class='ocrx_word' id='word_1_133' title='bbox 1085 1667 1273 1740; x_wconf 74' lang='grc' dir='ltr'>μᾶλλον</span> <span class='ocrx_word' id='word_1_134' title='bbox 1317 1662 1375 1718; x_wconf 77' lang='grc' dir='ltr'>δὲ</span> <span class='ocrx_word' id='word_1_135' title='bbox 1422 1673 1518 1716; x_wconf 85' lang='grc' dir='ltr'>τῶν</span> <span class='ocrx_word' id='word_1_136' title='bbox 1565 1663 1762 1733; x_wconf 86' lang='grc' dir='ltr'>θαυμά-</span> 
     </span>
    </p>
   </div>
   <div class='ocr_carea' id='block_1_20' title="bbox 1878 501 3524 572">
    <p class='ocr_par' dir='ltr' id='par_1_20' title="bbox 1878 501 3524 572">
     <span class='ocr_line' id='line_1_20' title="bbox 1878 501 3524 572; baseline 0.013 -23"><span class='ocrx_word' id='word_1_137' title='bbox 1878 501 1934 550; x_wconf 90' lang='lat' dir='ltr'><strong>et</strong></span> <span class='ocrx_word' id='word_1_138' title='bbox 1965 502 2078 552; x_wconf 91' lang='lat' dir='ltr'><strong>tres</strong></span> <span class='ocrx_word' id='word_1_139' title='bbox 2106 501 2274 569; x_wconf 91' lang='lat' dir='ltr'><strong>pueri</strong></span> <span class='ocrx_word' id='word_1_140' title='bbox 2306 501 2603 572; x_wconf 80' lang='lat' dir='ltr'><strong>degebant</strong></span> <span class='ocrx_word' id='word_1_141' title='bbox 2637 504 2696 559; x_wconf 92' lang='lat' dir='ltr'><strong>in</strong></span> <span class='ocrx_word' id='word_1_142' title='bbox 2728 504 2963 561; x_wconf 84' lang='lat' dir='ltr'><strong>fornace</strong></span> <span class='ocrx_word' id='word_1_143' title='bbox 2995 507 3308 566; x_wconf 79' lang='lat' dir='ltr'><strong>laudantes</strong></span> <span class='ocrx_word' id='word_1_144' title='bbox 3338 511 3524 569; x_wconf 89' lang='lat' dir='ltr'><strong>Deum</strong></span> 
     </span>
    </p>
   </div>
   <div class='ocr_carea' id='block_1_21' title="bbox 1879 601 2316 646">
    <p class='ocr_par' dir='ltr' id='par_1_21' title="bbox 1879 601 2316 646">
     <span class='ocr_line' id='line_1_21' title="bbox 1879 601 2316 646; baseline 0.016 -7"><span class='ocrx_word' id='word_1_145' title='bbox 1879 601 2316 646; x_wconf 79' lang='lat' dir='ltr'><strong>universorum.</strong></span> 
     </span>
    </p>
   </div>
   <div class='ocr_carea' id='block_1_22' title="bbox 1946 763 3528 845">
    <p class='ocr_par' dir='ltr' id='par_1_22' title="bbox 1946 763 3528 845">
     <span class='ocr_line' id='line_1_22' title="bbox 1946 763 3528 845; baseline 0.011 -30"><span class='ocrx_word' id='word_1_146' title='bbox 1946 763 2076 817; x_wconf 85' lang='lat' dir='ltr'><strong>VIII.</strong></span> <span class='ocrx_word' id='word_1_147' title='bbox 2115 767 2228 820; x_wconf 82' lang='lat' dir='ltr'><strong>Rex</strong></span> <span class='ocrx_word' id='word_1_148' title='bbox 2268 771 2467 823; x_wconf 91' lang='lat' dir='ltr'><strong>autem</strong></span> <span class='ocrx_word' id='word_1_149' title='bbox 2499 785 2625 824; x_wconf 90' lang='lat' dir='ltr'><strong>rem</strong></span> <span class='ocrx_word' id='word_1_150' title='bbox 2667 770 3018 837; x_wconf 80' lang='lat' dir='ltr'><strong>admiratus,</strong></span> <span class='ocrx_word' id='word_1_151' title='bbox 3053 773 3249 828; x_wconf 82' lang='lat' dir='ltr'><strong>statim</strong></span> <span class='ocrx_word' id='word_1_152' title='bbox 3283 775 3528 845; x_wconf 88' lang='lat' dir='ltr'><strong>quidem</strong></span> 
     </span>
    </p>
   </div>
   <div class='ocr_carea' id='block_1_23' title="bbox 1875 851 3527 933">
    <p class='ocr_par' dir='ltr' id='par_1_23' title="bbox 1875 851 3527 933">
     <span class='ocr_line' id='line_1_23' title="bbox 1875 851 3527 933; baseline 0.008 -29"><span class='ocrx_word' id='word_1_153' title='bbox 1875 851 2122 920; x_wconf 84' lang='lat' dir='ltr'><strong>surgite</strong></span> <span class='ocrx_word' id='word_1_154' title='bbox 2163 853 2408 911; x_wconf 79' lang='lat' dir='ltr'><strong>throno:</strong></span> <span class='ocrx_word' id='word_1_155' title='bbox 2438 857 2746 916; x_wconf 74' lang='lat' dir='ltr'><strong>dubitabat</strong></span> <span class='ocrx_word' id='word_1_156' title='bbox 2793 867 3014 929; x_wconf 90' lang='lat' dir='ltr'><strong>autem,</strong></span> <span class='ocrx_word' id='word_1_157' title='bbox 3053 863 3363 933; x_wconf 86' lang='lat' dir='ltr'><strong>quomodo</strong></span> <span class='ocrx_word' id='word_1_158' title='bbox 3409 868 3527 918; x_wconf 86' lang='lat' dir='ltr'><strong>tres</strong></span> 
     </span>
    </p>
   </div>
   <div class='ocr_carea' id='block_1_24' title="bbox 1874 941 3526 1025">
    <p class='ocr_par' dir='ltr' id='par_1_24' title="bbox 1874 941 3526 1025">
     <span class='ocr_line' id='line_1_24' title="bbox 1874 941 3526 1025; baseline 0.007 -29"><span class='ocrx_word' id='word_1_159' title='bbox 1874 941 1952 996; x_wconf 87' lang='lat' dir='ltr'><strong>ab</strong></span> <span class='ocrx_word' id='word_1_160' title='bbox 1991 957 2060 996; x_wconf 91' lang='lat' dir='ltr'><strong>eo</strong></span> <span class='ocrx_word' id='word_1_161' title='bbox 2091 944 2340 1012; x_wconf 91' lang='lat' dir='ltr'><strong>conjecti</strong></span> <span class='ocrx_word' id='word_1_162' title='bbox 2373 947 2431 1000; x_wconf 92' lang='lat' dir='ltr'><strong>in</strong></span> <span class='ocrx_word' id='word_1_163' title='bbox 2472 948 2796 1014; x_wconf 84' lang='lat' dir='ltr'><strong>fornacem,</strong></span> <span class='ocrx_word' id='word_1_164' title='bbox 2833 967 2989 1005; x_wconf 88' lang='lat' dir='ltr'><strong>nunc</strong></span> <span class='ocrx_word' id='word_1_165' title='bbox 3019 959 3338 1008; x_wconf 87' lang='lat' dir='ltr'><strong>cernantur</strong></span> <span class='ocrx_word' id='word_1_166' title='bbox 3379 970 3526 1025; x_wconf 91' lang='lat' dir='ltr'><strong>qua-</strong></span> 
     </span>
    </p>
   </div>
   <div class='ocr_carea' id='block_1_25' title="bbox 1874 1031 3522 1106">
    <p class='ocr_par' dir='ltr' id='par_1_25' title="bbox 1874 1031 3522 1106">
     <span class='ocr_line' id='line_1_25' title="bbox 1874 1031 3522 1106; baseline 0.006 -22"><span class='ocrx_word' id='word_1_167' title='bbox 1874 1035 2025 1095; x_wconf 88' lang='lat' dir='ltr'><strong>tuor,</strong></span> <span class='ocrx_word' id='word_1_168' title='bbox 2045 1031 2147 1104; x_wconf 89' lang='lat' dir='ltr'><strong>qui</strong></span> <span class='ocrx_word' id='word_1_169' title='bbox 2169 1033 2576 1092; x_wconf 86' lang='lat' dir='ltr'><strong>nihilomnino</strong></span> <span class='ocrx_word' id='word_1_170' title='bbox 2603 1054 2778 1106; x_wconf 85' lang='lat' dir='ltr'><strong>grave</strong></span> <span class='ocrx_word' id='word_1_171' title='bbox 2799 1045 2900 1094; x_wconf 90' lang='lat' dir='ltr'><strong>aut</strong></span> <span class='ocrx_word' id='word_1_172' title='bbox 2920 1041 3241 1096; x_wconf 91' lang='lat' dir='ltr'><strong>molestum</strong></span> <span class='ocrx_word' id='word_1_173' title='bbox 3267 1057 3522 1097; x_wconf 89' lang='lat' dir='ltr'><strong>sensere.</strong></span> 
     </span>
    </p>
   </div>
   <div class='ocr_carea' id='block_1_26' title="bbox 1871 1121 3524 1196">
    <p class='ocr_par' dir='ltr' id='par_1_26' title="bbox 1871 1121 3524 1196">
     <span class='ocr_line' id='line_1_26' title="bbox 1871 1121 3524 1196; baseline 0.008 -23"><span class='ocrx_word' id='word_1_174' title='bbox 1871 1121 2159 1192; x_wconf 88' lang='lat' dir='ltr'><strong>Aspectus</strong></span> <span class='ocrx_word' id='word_1_175' title='bbox 2191 1139 2325 1178; x_wconf 90' lang='lat' dir='ltr'><strong>vero</strong></span> <span class='ocrx_word' id='word_1_176' title='bbox 2357 1127 2548 1196; x_wconf 89' lang='lat' dir='ltr'><strong>quarti</strong></span> <span class='ocrx_word' id='word_1_177' title='bbox 2582 1134 2667 1182; x_wconf 91' lang='lat' dir='ltr'><strong>est</strong></span> <span class='ocrx_word' id='word_1_178' title='bbox 2698 1129 2910 1183; x_wconf 86' lang='lat' dir='ltr'><strong>similis</strong></span> <span class='ocrx_word' id='word_1_179' title='bbox 2958 1130 3095 1185; x_wconf 84' lang='lat' dir='ltr'><strong>Filio</strong></span> <span class='ocrx_word' id='word_1_180' title='bbox 3141 1131 3259 1186; x_wconf 88' lang='lat' dir='ltr'><strong>Dei.</strong></span> <span class='ocrx_word' id='word_1_181' title='bbox 3305 1134 3368 1186; x_wconf 88' lang='lat' dir='ltr'><strong>Et</strong></span> <span class='ocrx_word' id='word_1_182' title='bbox 3408 1139 3524 1187; x_wconf 89' lang='lat' dir='ltr'><strong>sta-</strong></span> 
     </span>
    </p>
   </div>
   <div class='ocr_carea' id='block_1_27' title="bbox 1873 1209 3521 1293">
    <p class='ocr_par' dir='ltr' id='par_1_27' title="bbox 1873 1209 3521 1293">
     <span class='ocr_line' id='line_1_27' title="bbox 1873 1209 3521 1293; baseline 0.008 -29"><span class='ocrx_word' id='word_1_183' title='bbox 1873 1209 1975 1265; x_wconf 87' lang='lat' dir='ltr'><strong>tim</strong></span> <span class='ocrx_word' id='word_1_184' title='bbox 2008 1210 2298 1267; x_wconf 86' lang='lat' dir='ltr'><strong>accedens</strong></span> <span class='ocrx_word' id='word_1_185' title='bbox 2325 1213 2400 1269; x_wconf 93' lang='lat' dir='ltr'><strong>ad</strong></span> <span class='ocrx_word' id='word_1_186' title='bbox 2431 1215 2647 1272; x_wconf 91' lang='lat' dir='ltr'><strong>ostium</strong></span> <span class='ocrx_word' id='word_1_187' title='bbox 2681 1217 2958 1284; x_wconf 80' lang='lat' dir='ltr'><strong>fornacis,</strong></span> <span class='ocrx_word' id='word_1_188' title='bbox 2993 1219 3272 1286; x_wconf 86' lang='lat' dir='ltr'><strong>Sedracb,</strong></span> <span class='ocrx_word' id='word_1_189' title='bbox 3309 1221 3521 1293; x_wconf 89' lang='lat' dir='ltr'><strong>inquit,</strong></span> 
     </span>
    </p>
   </div>
   <div class='ocr_carea' id='block_1_28' title="bbox 1872 1299 3528 1377">
    <p class='ocr_par' dir='ltr' id='par_1_28' title="bbox 1872 1299 3528 1377">
     <span class='ocr_line' id='line_1_28' title="bbox 1872 1299 3528 1377; baseline 0.008 -24"><span class='ocrx_word' id='word_1_190' title='bbox 1872 1302 1928 1353; x_wconf 90' lang='lat' dir='ltr'><strong>et</strong></span> <span class='ocrx_word' id='word_1_191' title='bbox 1957 1299 2151 1365; x_wconf 83' lang='lat' dir='ltr'><strong>Misac,</strong></span> <span class='ocrx_word' id='word_1_192' title='bbox 2186 1304 2242 1356; x_wconf 90' lang='lat' dir='ltr'><strong>et</strong></span> <span class='ocrx_word' id='word_1_193' title='bbox 2275 1301 2621 1376; x_wconf 86' lang='lat' dir='ltr'><strong>Abdenago,</strong></span> <span class='ocrx_word' id='word_1_194' title='bbox 2656 1306 2809 1361; x_wconf 85' lang='lat' dir='ltr'><strong>servi</strong></span> <span class='ocrx_word' id='word_1_195' title='bbox 2841 1307 2938 1362; x_wconf 90' lang='lat' dir='ltr'><strong>Dei</strong></span> <span class='ocrx_word' id='word_1_196' title='bbox 2969 1307 3262 1377; x_wconf 84' lang='lat' dir='ltr'><strong>altissimi,</strong></span> <span class='ocrx_word' id='word_1_197' title='bbox 3291 1309 3442 1365; x_wconf 83' lang='lat' dir='ltr'><strong>exite</strong></span> <span class='ocrx_word' id='word_1_198' title='bbox 3471 1314 3528 1366; x_wconf 90' lang='lat' dir='ltr'><strong>et</strong></span> 
     </span>
    </p>
   </div>
   <div class='ocr_carea' id='block_1_29' title="bbox 1871 1388 3524 1464">
    <p class='ocr_par' dir='ltr' id='par_1_29' title="bbox 1871 1388 3524 1464">
     <span class='ocr_line' id='line_1_29' title="bbox 1871 1388 3524 1464; baseline 0.007 -22"><span class='ocrx_word' id='word_1_199' title='bbox 1871 1388 2086 1444; x_wconf 82' lang='lat' dir='ltr'><strong>venite.</strong></span> <span class='ocrx_word' id='word_1_200' title='bbox 2144 1389 2225 1445; x_wconf 88' lang='lat' dir='ltr'><strong>Illi</strong></span> <span class='ocrx_word' id='word_1_201' title='bbox 2277 1395 2476 1448; x_wconf 89' lang='lat' dir='ltr'><strong>autem</strong></span> <span class='ocrx_word' id='word_1_202' title='bbox 2531 1394 2670 1450; x_wconf 86' lang='lat' dir='ltr'><strong>salvi</strong></span> <span class='ocrx_word' id='word_1_203' title='bbox 2733 1397 2950 1464; x_wconf 82' lang='lat' dir='ltr'><strong>egressi</strong></span> <span class='ocrx_word' id='word_1_204' title='bbox 3005 1401 3142 1453; x_wconf 91' lang='lat' dir='ltr'><strong>sunt</strong></span> <span class='ocrx_word' id='word_1_205' title='bbox 3190 1405 3245 1452; x_wconf 92' lang='lat' dir='ltr'><strong>et</strong></span> <span class='ocrx_word' id='word_1_206' title='bbox 3296 1398 3524 1463; x_wconf 86' lang='lat' dir='ltr'><strong>intacti,</strong></span> 
     </span>
    </p>
   </div>
   <div class='ocr_carea' id='block_1_30' title="bbox 1873 1479 3525 1556">
    <p class='ocr_par' dir='ltr' id='par_1_30' title="bbox 1873 1479 3525 1556">
     <span class='ocr_line' id='line_1_30' title="bbox 1873 1479 3525 1556; baseline 0.006 -24"><span class='ocrx_word' id='word_1_207' title='bbox 1873 1492 2012 1532; x_wconf 89' lang='lat' dir='ltr'><strong>cum</strong></span> <span class='ocrx_word' id='word_1_208' title='bbox 2038 1494 2112 1534; x_wconf 92' lang='lat' dir='ltr'><strong>ne</strong></span> <span class='ocrx_word' id='word_1_209' title='bbox 2141 1479 2202 1534; x_wconf 92' lang='lat' dir='ltr'><strong>in</strong></span> <span class='ocrx_word' id='word_1_210' title='bbox 2245 1496 2428 1537; x_wconf 89' lang='lat' dir='ltr'><strong>unum</strong></span> <span class='ocrx_word' id='word_1_211' title='bbox 2455 1483 2701 1554; x_wconf 88' lang='lat' dir='ltr'><strong>quidem</strong></span> <span class='ocrx_word' id='word_1_212' title='bbox 2734 1485 2924 1556; x_wconf 86' lang='lat' dir='ltr'><strong>pilum</strong></span> <span class='ocrx_word' id='word_1_213' title='bbox 2955 1486 3333 1543; x_wconf 89' lang='lat' dir='ltr'><strong>dominatum</strong></span> <span class='ocrx_word' id='word_1_214' title='bbox 3373 1487 3525 1543; x_wconf 89' lang='lat' dir='ltr'><strong>obti-</strong></span> 
     </span>
    </p>
   </div>
   <div class='ocr_carea' id='block_1_31' title="bbox 1871 1567 3526 1643">
    <p class='ocr_par' dir='ltr' id='par_1_31' title="bbox 1871 1567 3526 1643">
     <span class='ocr_line' id='line_1_31' title="bbox 1871 1567 3526 1643; baseline 0.007 -23"><span class='ocrx_word' id='word_1_215' title='bbox 1871 1567 2104 1623; x_wconf 91' lang='lat' dir='ltr'><strong>nuisset</strong></span> <span class='ocrx_word' id='word_1_216' title='bbox 2133 1568 2306 1638; x_wconf 85' lang='lat' dir='ltr'><strong>ignis.</strong></span> <span class='ocrx_word' id='word_1_217' title='bbox 2345 1573 2475 1627; x_wconf 78' lang='lat' dir='ltr'><strong>Haec</strong></span> <span class='ocrx_word' id='word_1_218' title='bbox 2506 1588 2642 1628; x_wconf 89' lang='lat' dir='ltr'><strong>cum</strong></span> <span class='ocrx_word' id='word_1_219' title='bbox 2682 1575 2925 1632; x_wconf 88' lang='lat' dir='ltr'><strong>vidisset</strong></span> <span class='ocrx_word' id='word_1_220' title='bbox 2954 1592 3077 1643; x_wconf 90' lang='lat' dir='ltr'><strong>rex,</strong></span> <span class='ocrx_word' id='word_1_221' title='bbox 3115 1576 3388 1634; x_wconf 88' lang='lat' dir='ltr'><strong>miraculi</strong></span> <span class='ocrx_word' id='word_1_222' title='bbox 3433 1577 3526 1632; x_wconf 88' lang='lat' dir='ltr'><strong>vel</strong></span> 
     </span>
    </p>
   </div>
   <div class='ocr_carea' id='block_1_32' title="bbox 1873 1656 3526 1738">
    <p class='ocr_par' dir='ltr' id='par_1_32' title="bbox 1873 1656 3526 1738">
     <span class='ocr_line' id='line_1_32' title="bbox 1873 1656 3526 1738; baseline 0.008 -29"><span class='ocrx_word' id='word_1_223' title='bbox 1873 1656 2070 1727; x_wconf 87' lang='lat' dir='ltr'><strong>potius</strong></span> <span class='ocrx_word' id='word_1_224' title='bbox 2093 1659 2520 1717; x_wconf 90' lang='lat' dir='ltr'><strong>miraculorum</strong></span> <span class='ocrx_word' id='word_1_225' title='bbox 2555 1679 2858 1720; x_wconf 86' lang='lat' dir='ltr'><strong>summam</strong></span> <span class='ocrx_word' id='word_1_226' title='bbox 2894 1670 3138 1738; x_wconf 88' lang='lat' dir='ltr'><strong>stupens</strong></span> <span class='ocrx_word' id='word_1_227' title='bbox 3163 1667 3526 1735; x_wconf 89' lang='lat' dir='ltr'><strong>magnitudi-</strong></span> 
     </span>
    </p>
   </div>
   <div class='ocr_carea' id='block_1_33' title="bbox 178 1749 1752 1832">
    <p class='ocr_par' dir='ltr' id='par_1_33' title="bbox 178 1749 1752 1832">
     <span class='ocr_line' id='line_1_33' title="bbox 178 1749 1752 1832; baseline -0.004 -24"><span class='ocrx_word' id='word_1_228' title='bbox 178 1776 259 1808; x_wconf 88' lang='grc' dir='ltr'>των</span> <span class='ocrx_word' id='word_1_229' title='bbox 301 1757 671 1830; x_wconf 73' lang='grc' dir='ltr'>καταπλαγεὶς,</span> <span class='ocrx_word' id='word_1_230' title='bbox 717 1760 798 1810; x_wconf 84' lang='grc' dir='ltr'>ὅτι</span> <span class='ocrx_word' id='word_1_231' title='bbox 841 1778 892 1810; x_wconf 88' lang='grc' dir='ltr'><strong>τε</strong></span> <span class='ocrx_word' id='word_1_232' title='bbox 937 1763 1206 1832; x_wconf 79' lang='grc' dir='ltr'>κρείττους</span> <span class='ocrx_word' id='word_1_233' title='bbox 1257 1757 1506 1828; x_wconf 68' lang='grc' dir='ltr'>ὤφθησαν</span> <span class='ocrx_word' id='word_1_234' title='bbox 1555 1749 1752 1806; x_wconf 75' lang='grc' dir='ltr'>τοιοῦδε</span> 
     </span>
    </p>
   </div>
   <div class='ocr_carea' id='block_1_34' title="bbox 1865 1749 3522 1832">
    <p class='ocr_par' dir='ltr' id='par_1_34' title="bbox 1873 1751 3522 1828">
     <span class='ocr_line' id='line_1_34' title="bbox 1873 1751 3522 1828; baseline 0.006 -28"><span class='ocrx_word' id='word_1_235' title='bbox 1873 1761 2032 1814; x_wconf 90' lang='lat' dir='ltr'><strong>nem,</strong></span> <span class='ocrx_word' id='word_1_236' title='bbox 2060 1763 2278 1821; x_wconf 90' lang='lat' dir='ltr'><strong>nempe</strong></span> <span class='ocrx_word' id='word_1_237' title='bbox 2317 1751 2483 1822; x_wconf 91' lang='lat' dir='ltr'><strong>quod</strong></span> <span class='ocrx_word' id='word_1_238' title='bbox 2508 1756 2563 1808; x_wconf 93' lang='lat' dir='ltr'><strong>et</strong></span> <span class='ocrx_word' id='word_1_239' title='bbox 2604 1752 2705 1808; x_wconf 89' lang='lat' dir='ltr'><strong>tali</strong></span> <span class='ocrx_word' id='word_1_240' title='bbox 2731 1753 2866 1822; x_wconf 82' lang='lat' dir='ltr'><strong>igne</strong></span> <span class='ocrx_word' id='word_1_241' title='bbox 2906 1754 3126 1810; x_wconf 89' lang='lat' dir='ltr'><strong>fuerint</strong></span> <span class='ocrx_word' id='word_1_242' title='bbox 3163 1756 3522 1828; x_wconf 87' lang='lat' dir='ltr'><strong>superiores,</strong></span> 
     </span>
    </p>
   </div>
   <div class='ocr_carea' id='block_1_35' title="bbox 185 1839 1763 1919">
    <p class='ocr_par' dir='ltr' id='par_1_35' title="bbox 185 1839 1763 1919">
     <span class='ocr_line' id='line_1_35' title="bbox 185 1839 1763 1919; baseline -0.001 -23"><span class='ocrx_word' id='word_1_243' title='bbox 185 1850 338 1918; x_wconf 70' lang='grc' dir='ltr'>πυρὸς,</span> <span class='ocrx_word' id='word_1_244' title='bbox 369 1852 455 1898; x_wconf 80' lang='lat' dir='ltr'><strong>xui</strong></span> <span class='ocrx_word' id='word_1_245' title='bbox 505 1849 593 1900; x_wconf 89' lang='grc' dir='ltr'>ὃτι</span> <span class='ocrx_word' id='word_1_246' title='bbox 637 1852 707 1919; x_wconf 74' lang='grc' dir='ltr'>μὴ</span> <span class='ocrx_word' id='word_1_247' title='bbox 758 1847 930 1908; x_wconf 81' lang='grc' dir='ltr'>ἁπλῶς</span> <span class='ocrx_word' id='word_1_248' title='bbox 976 1852 1258 1919; x_wconf 81' lang='grc' dir='ltr'><strong>κρείττους,</strong></span> <span class='ocrx_word' id='word_1_249' title='bbox 1292 1844 1421 1896; x_wconf 76' lang='grc' dir='ltr'><strong>ἀλλὰ</strong></span> <span class='ocrx_word' id='word_1_250' title='bbox 1462 1839 1600 1916; x_wconf 71' lang='grc' dir='ltr'>μηδὲ</span> <span class='ocrx_word' id='word_1_251' title='bbox 1646 1842 1763 1906; x_wconf 84' lang='grc' dir='ltr'>θρὶξ</span> 
     </span>
    </p>
   </div>
   <div class='ocr_carea' id='block_1_36' title="bbox 191 1931 1757 2011">
    <p class='ocr_par' dir='ltr' id='par_1_36' title="bbox 191 1931 1757 2011">
     <span class='ocr_line' id='line_1_36' title="bbox 191 1931 1757 2011; baseline -0.003 -25"><span class='ocrx_word' id='word_1_252' title='bbox 191 1935 325 1986; x_wconf 69' lang='grc' dir='ltr'>αὐτῶν</span> <span class='ocrx_word' id='word_1_253' title='bbox 364 1941 416 1988; x_wconf 88' lang='grc' dir='ltr'><strong>τό</strong></span> <span class='ocrx_word' id='word_1_254' title='bbox 465 1937 922 2011; x_wconf 78' lang='grc' dir='ltr'>εῦμαραντότατον</span> <span class='ocrx_word' id='word_1_255' title='bbox 979 1939 1210 2008; x_wconf 75' lang='grc' dir='ltr'>τοσαύτῃ</span> <span class='ocrx_word' id='word_1_256' title='bbox 1267 1932 1530 2008; x_wconf 79' lang='grc' dir='ltr'>παρεῤῥύη</span> <span class='ocrx_word' id='word_1_257' title='bbox 1589 1931 1757 2004; x_wconf 71' lang='grc' dir='ltr'>φλογί·</span> 
     </span>
    </p>
   </div>
   <div class='ocr_carea' id='block_1_37' title="bbox 191 2021 1758 2098">
    <p class='ocr_par' dir='ltr' id='par_1_37' title="bbox 191 2021 1758 2098">
     <span class='ocr_line' id='line_1_37' title="bbox 191 2021 1758 2098; baseline -0.001 -24"><span class='ocrx_word' id='word_1_258' title='bbox 191 2027 296 2096; x_wconf 84' lang='grc' dir='ltr'>πρὸς</span> <span class='ocrx_word' id='word_1_259' title='bbox 337 2029 528 2086; x_wconf 76' lang='grc' dir='ltr'>τούτοις</span> <span class='ocrx_word' id='word_1_260' title='bbox 593 2027 672 2077; x_wconf 81' lang='grc' dir='ltr'>ὅτι</span> <span class='ocrx_word' id='word_1_261' title='bbox 729 2022 995 2098; x_wconf 79' lang='grc' dir='ltr'>δεδεμένοι</span> <span class='ocrx_word' id='word_1_262' title='bbox 1053 2029 1186 2085; x_wconf 81' lang='grc' dir='ltr'>ὄντες</span> <span class='ocrx_word' id='word_1_263' title='bbox 1244 2024 1395 2084; x_wconf 77' lang='grc' dir='ltr'>εὐθὺς</span> <span class='ocrx_word' id='word_1_264' title='bbox 1458 2021 1758 2084; x_wconf 79' lang='grc' dir='ltr'>ἀνείθησαν,</span> 
     </span>
    </p>
   </div>
   <div class='ocr_carea' id='block_1_38' title="bbox 185 2107 1760 2187">
    <p class='ocr_par' dir='ltr' id='par_1_38' title="bbox 185 2107 1760 2187">
     <span class='ocr_line' id='line_1_38' title="bbox 185 2107 1760 2187; baseline -0.001 -25"><span class='ocrx_word' id='word_1_265' title='bbox 185 2117 256 2163; x_wconf 79' lang='grc' dir='ltr'>καὶ</span> <span class='ocrx_word' id='word_1_266' title='bbox 301 2115 464 2186; x_wconf 80' lang='grc' dir='ltr'>ὅτιπερ</span> <span class='ocrx_word' id='word_1_267' title='bbox 528 2114 584 2166; x_wconf 72' lang='grc' dir='ltr'>ἐν</span> <span class='ocrx_word' id='word_1_268' title='bbox 648 2123 707 2185; x_wconf 75' lang='grc' dir='ltr'>τῇ</span> <span class='ocrx_word' id='word_1_269' title='bbox 768 2119 967 2187; x_wconf 85' lang='grc' dir='ltr'>καμίνῳ</span> <span class='ocrx_word' id='word_1_270' title='bbox 1033 2118 1277 2187; x_wconf 85' lang='grc' dir='ltr'>παρόντες</span> <span class='ocrx_word' id='word_1_271' title='bbox 1345 2115 1417 2164; x_wconf 88' lang='grc' dir='ltr'>ἐτι</span> <span class='ocrx_word' id='word_1_272' title='bbox 1475 2115 1562 2163; x_wconf 83' lang='grc' dir='ltr'>καὶ</span> <span class='ocrx_word' id='word_1_273' title='bbox 1615 2107 1760 2180; x_wconf 74' lang='grc' dir='ltr'>ᾄδειν</span> 
     </span>
    </p>
   </div>
   <div class='ocr_carea' id='block_1_39' title="bbox 179 2196 1763 2276">
    <p class='ocr_par' dir='ltr' id='par_1_39' title="bbox 179 2196 1763 2276">
     <span class='ocr_line' id='line_1_39' title="bbox 179 2196 1763 2276; baseline -0.004 -19"><span class='ocrx_word' id='word_1_274' title='bbox 179 2203 414 2272; x_wconf 57' lang='grc' dir='ltr'>ἠκούοντο,</span> <span class='ocrx_word' id='word_1_275' title='bbox 469 2204 495 2255; x_wconf 84' lang='grc' dir='ltr'><strong>ὃ</strong></span> <span class='ocrx_word' id='word_1_276' title='bbox 562 2211 671 2265; x_wconf 86' lang='grc' dir='ltr'>τοῖς</span> <span class='ocrx_word' id='word_1_277' title='bbox 721 2204 770 2255; x_wconf 74' lang='grc' dir='ltr'>ἐν</span> <span class='ocrx_word' id='word_1_278' title='bbox 821 2204 968 2276; x_wconf 79' lang='grc' dir='ltr'>φλογὶ</span> <span class='ocrx_word' id='word_1_279' title='bbox 1023 2206 1238 2256; x_wconf 89' lang='grc' dir='ltr'>θάνατον</span> <span class='ocrx_word' id='word_1_280' title='bbox 1289 2201 1438 2264; x_wconf 83' lang='grc' dir='ltr'><strong>ὀξέως</strong></span> <span class='ocrx_word' id='word_1_281' title='bbox 1486 2196 1624 2252; x_wconf 80' lang='grc' dir='ltr'>οἶδεν</span> <span class='ocrx_word' id='word_1_282' title='bbox 1678 2198 1763 2251; x_wconf 88' lang='grc' dir='ltr'><strong>ἐπ-</strong></span> 
     </span>
    </p>
   </div>
   <div class='ocr_carea' id='block_1_40' title="bbox 178 2290 1758 2369">
    <p class='ocr_par' dir='ltr' id='par_1_40' title="bbox 178 2290 1758 2369">
     <span class='ocr_line' id='line_1_40' title="bbox 178 2290 1758 2369; baseline 0.001 -29"><span class='ocrx_word' id='word_1_283' title='bbox 178 2293 293 2361; x_wconf 74' lang='grc' dir='ltr'>είγειν</span> <span class='ocrx_word' id='word_1_284' title='bbox 339 2292 466 2365; x_wconf 73' lang='grc' dir='ltr'>αὐτῇ</span> <span class='ocrx_word' id='word_1_285' title='bbox 525 2302 872 2369; x_wconf 80' lang='grc' dir='ltr'>παραχρῆμα</span> <span class='ocrx_word' id='word_1_286' title='bbox 919 2303 980 2366; x_wconf 74' lang='grc' dir='ltr'><strong>τῇ</strong></span> <span class='ocrx_word' id='word_1_287' title='bbox 1041 2290 1291 2355; x_wconf 87' lang='grc' dir='ltr'>διανοίξει</span> <span class='ocrx_word' id='word_1_288' title='bbox 1335 2299 1423 2344; x_wconf 90' lang='grc' dir='ltr'><strong>τοῦ</strong></span> <span class='ocrx_word' id='word_1_289' title='bbox 1478 2294 1758 2362; x_wconf 73' lang='grc' dir='ltr'>στόματος,</span> 
     </span>
    </p>
   </div>
   <div class='ocr_carea' id='block_1_41' title="bbox 175 2378 1760 2455">
    <p class='ocr_par' dir='ltr' id='par_1_41' title="bbox 175 2378 1760 2455">
     <span class='ocr_line' id='line_1_41' title="bbox 175 2378 1760 2455; baseline -0.001 -24"><span class='ocrx_word' id='word_1_290' title='bbox 175 2387 248 2432; x_wconf 82' lang='lat' dir='ltr'><strong>xui</strong></span> <span class='ocrx_word' id='word_1_291' title='bbox 287 2384 360 2433; x_wconf 83' lang='grc' dir='ltr'>ὅτι</span> <span class='ocrx_word' id='word_1_292' title='bbox 402 2387 458 2434; x_wconf 92' lang='grc' dir='ltr'><strong>τό</strong></span> <span class='ocrx_word' id='word_1_293' title='bbox 517 2391 625 2455; x_wconf 84' lang='grc' dir='ltr'><strong>πῦρ</strong></span> <span class='ocrx_word' id='word_1_294' title='bbox 671 2382 828 2436; x_wconf 86' lang='grc' dir='ltr'>ἐκεῖνο</span> <span class='ocrx_word' id='word_1_295' title='bbox 877 2383 902 2434; x_wconf 87' lang='grc' dir='ltr'><strong>ὃ</strong></span> <span class='ocrx_word' id='word_1_296' title='bbox 950 2391 1047 2444; x_wconf 84' lang='grc' dir='ltr'>τῆς</span> <span class='ocrx_word' id='word_1_297' title='bbox 1093 2383 1285 2443; x_wconf 84' lang='grc' dir='ltr'>οἰκείας</span> <span class='ocrx_word' id='word_1_298' title='bbox 1328 2381 1378 2434; x_wconf 73' lang='grc' dir='ltr'>ἐν</span> <span class='ocrx_word' id='word_1_299' title='bbox 1425 2383 1628 2440; x_wconf 78' lang='grc' dir='ltr'>τούτοις</span> <span class='ocrx_word' id='word_1_300' title='bbox 1680 2378 1760 2441; x_wconf 83' lang='grc' dir='ltr'><strong>ἐξ·</strong></span> 
     </span>
    </p>
   </div>
   <div class='ocr_carea' id='block_1_42' title="bbox 174 2467 1759 2545">
    <p class='ocr_par' dir='ltr' id='par_1_42' title="bbox 174 2467 1759 2545">
     <span class='ocr_line' id='line_1_42' title="bbox 174 2467 1759 2545; baseline 0 -26"><span class='ocrx_word' id='word_1_301' title='bbox 174 2468 351 2522; x_wconf 67' lang='grc' dir='ltr'>ιλείθετο</span> <span class='ocrx_word' id='word_1_302' title='bbox 421 2475 646 2543; x_wconf 74' lang='grc' dir='ltr'>φύσεως,</span> <span class='ocrx_word' id='word_1_303' title='bbox 702 2472 751 2524; x_wconf 84' lang='grc' dir='ltr'>ἐν</span> <span class='ocrx_word' id='word_1_304' title='bbox 833 2481 942 2535; x_wconf 88' lang='grc' dir='ltr'>τοῖς</span> <span class='ocrx_word' id='word_1_305' title='bbox 1008 2478 1125 2545; x_wconf 85' lang='grc' dir='ltr'>περὶ</span> <span class='ocrx_word' id='word_1_306' title='bbox 1200 2477 1292 2530; x_wconf 79' lang='grc' dir='ltr'>τὴν</span> <span class='ocrx_word' id='word_1_307' title='bbox 1350 2473 1564 2542; x_wconf 75' lang='grc' dir='ltr'>κάμινον</span> <span class='ocrx_word' id='word_1_308' title='bbox 1640 2467 1759 2520; x_wconf 82' lang='grc' dir='ltr'>οὖσι</span> 
     </span>
    </p>
   </div>
   <div class='ocr_carea' id='block_1_43' title="bbox 173 2556 1759 2634">
    <p class='ocr_par' dir='ltr' id='par_1_43' title="bbox 173 2556 1759 2634">
     <span class='ocr_line' id='line_1_43' title="bbox 173 2556 1759 2634; baseline 0.004 -23"><span class='ocrx_word' id='word_1_309' title='bbox 173 2556 434 2622; x_wconf 72' lang='grc' dir='ltr'>Χαλδαίοις</span> <span class='ocrx_word' id='word_1_310' title='bbox 462 2570 577 2634; x_wconf 86' lang='grc' dir='ltr'><strong>πῦρ</strong></span> <span class='ocrx_word' id='word_1_311' title='bbox 610 2560 811 2634; x_wconf 72' lang='grc' dir='ltr'>ἀκριϐὲς</span> <span class='ocrx_word' id='word_1_312' title='bbox 858 2560 920 2621; x_wconf 81' lang='grc' dir='ltr'>ἧν</span> <span class='ocrx_word' id='word_1_313' title='bbox 963 2567 1051 2614; x_wconf 83' lang='grc' dir='ltr'>καὶ</span> <span class='ocrx_word' id='word_1_314' title='bbox 1098 2558 1221 2614; x_wconf 70' lang='grc' dir='ltr'>οὐδε</span> <span class='ocrx_word' id='word_1_315' title='bbox 1264 2563 1399 2612; x_wconf 77' lang='grc' dir='ltr'>κατὰ</span> <span class='ocrx_word' id='word_1_316' title='bbox 1443 2565 1625 2633; x_wconf 80' lang='grc' dir='ltr'>χώραν</span> <span class='ocrx_word' id='word_1_317' title='bbox 1673 2563 1759 2630; x_wconf 83' lang='grc' dir='ltr'><strong>μέ-</strong></span> 
     </span>
    </p>
   </div>
   <div class='ocr_carea' id='block_1_44' title="bbox 170 2648 1756 2724">
    <p class='ocr_par' dir='ltr' id='par_1_44' title="bbox 170 2648 1756 2724">
     <span class='ocr_line' id='line_1_44' title="bbox 170 2648 1756 2724; baseline 0 -25"><span class='ocrx_word' id='word_1_318' title='bbox 170 2668 257 2711; x_wconf 86' lang='grc' dir='ltr'>νον,</span> <span class='ocrx_word' id='word_1_319' title='bbox 308 2650 411 2701; x_wconf 73' lang='grc' dir='ltr'>ἁ).λ’</span> <span class='ocrx_word' id='word_1_320' title='bbox 467 2651 609 2714; x_wconf 76' lang='grc' dir='ltr'>ἐξιόν</span> <span class='ocrx_word' id='word_1_321' title='bbox 661 2657 750 2703; x_wconf 85' lang='grc' dir='ltr'>καὶ</span> <span class='ocrx_word' id='word_1_322' title='bbox 803 2651 1072 2724; x_wconf 80' lang='grc' dir='ltr'>ἁλλόμενον</span> <span class='ocrx_word' id='word_1_323' title='bbox 1129 2656 1214 2703; x_wconf 88' lang='lat' dir='ltr'><strong>xui</strong></span> <span class='ocrx_word' id='word_1_324' title='bbox 1271 2654 1389 2712; x_wconf 82' lang='grc' dir='ltr'>τοὺς</span> <span class='ocrx_word' id='word_1_325' title='bbox 1448 2649 1626 2712; x_wconf 80' lang='grc' dir='ltr'>ἀξίους</span> <span class='ocrx_word' id='word_1_326' title='bbox 1678 2648 1756 2700; x_wconf 79' lang='grc' dir='ltr'>εῦ-</span> 
     </span>
    </p>
   </div>
   <div class='ocr_carea' id='block_1_45' title="bbox 174 2739 1757 2812">
    <p class='ocr_par' dir='ltr' id='par_1_45' title="bbox 174 2739 1757 2812">
     <span class='ocr_line' id='line_1_45' title="bbox 174 2739 1757 2812; baseline -0.002 -21"><span class='ocrx_word' id='word_1_327' title='bbox 174 2745 453 2812; x_wconf 82' lang='grc' dir='ltr'>μαρέστατα</span> <span class='ocrx_word' id='word_1_328' title='bbox 532 2740 850 2812; x_wconf 76' lang='grc' dir='ltr'>καταφλέγον</span> <span class='ocrx_word' id='word_1_329' title='bbox 881 2758 892 2770; x_wconf 89' lang='grc'><strong>·</strong></span> <span class='ocrx_word' id='word_1_330' title='bbox 948 2749 1112 2792; x_wconf 85' lang='grc' dir='ltr'>ταῦτα</span> <span class='ocrx_word' id='word_1_331' title='bbox 1190 2743 1360 2793; x_wconf 86' lang='grc' dir='ltr'>πάντα</span> <span class='ocrx_word' id='word_1_332' title='bbox 1433 2739 1616 2798; x_wconf 82' lang='grc' dir='ltr'>ἐκεῖνος</span> <span class='ocrx_word' id='word_1_333' title='bbox 1689 2742 1757 2798; x_wconf 77' lang='grc' dir='ltr'>ὡς</span> 
     </span>
    </p>
   </div>
   <div class='ocr_carea' id='block_1_46' title="bbox 173 2822 1752 2901">
    <p class='ocr_par' dir='ltr' id='par_1_46' title="bbox 173 2822 1752 2901">
     <span class='ocr_line' id='line_1_46' title="bbox 173 2822 1752 2901; baseline -0.001 -23"><span class='ocrx_word' id='word_1_334' title='bbox 173 2825 306 2897; x_wconf 77' lang='grc' dir='ltr'>εἶδεν,</span> <span class='ocrx_word' id='word_1_335' title='bbox 363 2831 432 2891; x_wconf 87' lang='grc' dir='ltr'><strong>είς</strong></span> <span class='ocrx_word' id='word_1_336' title='bbox 480 2838 584 2901; x_wconf 81' lang='grc' dir='ltr'>γῆν</span> <span class='ocrx_word' id='word_1_337' title='bbox 632 2849 682 2881; x_wconf 85' lang='grc' dir='ltr'><strong>τε</strong></span> <span class='ocrx_word' id='word_1_338' title='bbox 739 2831 888 2891; x_wconf 68' lang='grc' dir='ltr'>εὐθὺς</span> <span class='ocrx_word' id='word_1_339' title='bbox 941 2833 1118 2882; x_wconf 83' lang='grc' dir='ltr'>ἔπιπτε</span> <span class='ocrx_word' id='word_1_340' title='bbox 1188 2835 1292 2893; x_wconf 87' lang='grc' dir='ltr'>καὶ,</span> <span class='ocrx_word' id='word_1_341' title='bbox 1351 2829 1634 2898; x_wconf 72' lang='grc' dir='ltr'>Εὐλόγῃτος</span> <span class='ocrx_word' id='word_1_342' title='bbox 1691 2822 1752 2891; x_wconf 86' lang='grc' dir='ltr'>εἶ,</span> 
     </span>
    </p>
   </div>
   <div class='ocr_carea' id='block_1_47' title="bbox 175 2915 1750 2992">
    <p class='ocr_par' dir='ltr' id='par_1_47' title="bbox 175 2915 1750 2992">
     <span class='ocr_line' id='line_1_47' title="bbox 175 2915 1750 2992; baseline 0.01 -27"><span class='ocrx_word' id='word_1_343' title='bbox 175 2921 325 2990; x_wconf 70' lang='grc' dir='ltr'>Κύριε,</span> <span class='ocrx_word' id='word_1_344' title='bbox 357 2920 561 2991; x_wconf 84' lang='grc' dir='ltr'>μεγάλῃ</span> <span class='ocrx_word' id='word_1_345' title='bbox 615 2919 797 2990; x_wconf 79' lang='grc' dir='ltr'>ἔκραξε</span> <span class='ocrx_word' id='word_1_346' title='bbox 828 2927 890 2992; x_wconf 75' lang='grc' dir='ltr'>τῇ</span> <span class='ocrx_word' id='word_1_347' title='bbox 934 2921 1152 2991; x_wconf 72' lang='grc' dir='ltr'>φο›νῇ,ὁ</span> <span class='ocrx_word' id='word_1_348' title='bbox 1199 2923 1330 2980; x_wconf 88' lang='grc' dir='ltr'>Θεὸς</span> <span class='ocrx_word' id='word_1_349' title='bbox 1376 2926 1467 2970; x_wconf 85' lang='grc' dir='ltr'><strong>τοῦ</strong></span> <span class='ocrx_word' id='word_1_350' title='bbox 1520 2915 1750 2989; x_wconf 74' lang='grc' dir='ltr'>Σεδράχ›</span> 
     </span>
    </p>
   </div>
   <div class='ocr_carea' id='block_1_48' title="bbox 547 3005 1753 3080">
    <p class='ocr_par' dir='ltr' id='par_1_48' title="bbox 547 3005 1753 3080">
     <span class='ocr_line' id='line_1_48' title="bbox 547 3005 1753 3080; baseline -0.002 -20"><span class='ocrx_word' id='word_1_351' title='bbox 547 3005 862 3080; x_wconf 77' lang='grc' dir='ltr'>Ἀϐδεναγώ,</span> <span class='ocrx_word' id='word_1_352' title='bbox 925 3009 979 3070; x_wconf 84' lang='grc' dir='ltr'>ὃς</span> <span class='ocrx_word' id='word_1_353' title='bbox 1051 3007 1316 3061; x_wconf 74' lang='grc' dir='ltr'>ἀπέστειλε</span> <span class='ocrx_word' id='word_1_354' title='bbox 1372 3012 1458 3060; x_wconf 90' lang='grc' dir='ltr'><strong>τόν</strong></span> <span class='ocrx_word' id='word_1_355' title='bbox 1537 3007 1753 3078; x_wconf 80' lang='grc' dir='ltr'>άγγελον</span> 
     </span>
    </p>
   </div>
   <div class='ocr_carea' id='block_1_49' title="bbox 170 3093 1826 3175">
    <p class='ocr_par' dir='ltr' id='par_1_49' title="bbox 170 3093 1826 3175">
     <span class='ocr_line' id='line_1_49' title="bbox 170 3093 1826 3175; baseline 0.001 -30"><span class='ocrx_word' id='word_1_356' title='bbox 170 3095 310 3149; x_wconf 68' lang='grc' dir='ltr'>αὑτοῦ</span> <span class='ocrx_word' id='word_1_357' title='bbox 333 3103 422 3150; x_wconf 81' lang='grc' dir='ltr'>καὶ</span> <span class='ocrx_word' id='word_1_358' title='bbox 453 3097 714 3172; x_wconf 82' lang='grc' dir='ltr'>ἐρῥύσατο</span> <span class='ocrx_word' id='word_1_359' title='bbox 754 3103 870 3158; x_wconf 85' lang='grc' dir='ltr'>τοὺς</span> <span class='ocrx_word' id='word_1_360' title='bbox 899 3100 1076 3160; x_wconf 83' lang='grc' dir='ltr'>ὁσίους</span> <span class='ocrx_word' id='word_1_361' title='bbox 1121 3098 1279 3150; x_wconf 75' lang='grc' dir='ltr'>αὐτοῦ</span> <span class='ocrx_word' id='word_1_362' title='bbox 1323 3093 1517 3157; x_wconf 86' lang='grc' dir='ltr'>παῖδας</span> <span class='ocrx_word' id='word_1_363' title='bbox 1566 3096 1619 3147; x_wconf 81' lang='grc' dir='ltr'>ἐκ</span> <span class='ocrx_word' id='word_1_364' title='bbox 1662 3105 1753 3148; x_wconf 81' lang='grc' dir='ltr'><strong>τοῦ</strong></span> <span class='ocrx_word' id='word_1_365' title='bbox 1786 3117 1826 3175; x_wconf 80' lang='lat' dir='ltr'>C</span> 
     </span>
    </p>
   </div>
   <div class='ocr_carea' id='block_1_50' title="bbox 171 3010 468 3061">
    <p class='ocr_par' dir='ltr' id='par_1_50' title="bbox 171 3010 468 3061">
     <span class='ocr_line' id='line_1_50' title="bbox 171 3010 468 3061; baseline 0.017 -5"><span class='ocrx_word' id='word_1_366' title='bbox 171 3010 329 3058; x_wconf 73' lang='grc' dir='ltr'>Μισὰκ</span> <span class='ocrx_word' id='word_1_367' title='bbox 378 3014 468 3061; x_wconf 86' lang='grc' dir='ltr'>καὶ</span> 
     </span>
    </p>
   </div>
   <div class='ocr_carea' id='block_1_51' title="bbox 170 3183 1755 3263">
    <p class='ocr_par' dir='ltr' id='par_1_51' title="bbox 170 3183 1755 3263">
     <span class='ocr_line' id='line_1_51' title="bbox 170 3183 1755 3263; baseline 0.001 -27"><span class='ocrx_word' id='word_1_368' title='bbox 170 3190 312 3256; x_wconf 80' lang='grc' dir='ltr'>πυρός</span> <span class='ocrx_word' id='word_1_369' title='bbox 360 3193 449 3240; x_wconf 80' lang='grc' dir='ltr'>καὶ</span> <span class='ocrx_word' id='word_1_370' title='bbox 502 3197 678 3239; x_wconf 71' lang='grc' dir='ltr'>κακῶν</span> <span class='ocrx_word' id='word_1_371' title='bbox 741 3187 952 3249; x_wconf 76' lang='grc' dir='ltr'>ἀπαθεῖς</span> <span class='ocrx_word' id='word_1_372' title='bbox 995 3185 1334 3263; x_wconf 74' lang='grc' dir='ltr'>διετήρησεν·</span> <span class='ocrx_word' id='word_1_373' title='bbox 1371 3185 1480 3240; x_wconf 83' lang='grc' dir='ltr'>εἶτα</span> <span class='ocrx_word' id='word_1_374' title='bbox 1525 3192 1614 3238; x_wconf 84' lang='grc' dir='ltr'>καὶ</span> <span class='ocrx_word' id='word_1_375' title='bbox 1669 3183 1755 3238; x_wconf 79' lang='grc' dir='ltr'>δό-</span> 
     </span>
    </p>
   </div>
   <div class='ocr_carea' id='block_1_52' title="bbox 175 3275 1754 3350">
    <p class='ocr_par' dir='ltr' id='par_1_52' title="bbox 175 3275 1754 3350">
     <span class='ocr_line' id='line_1_52' title="bbox 175 3275 1754 3350; baseline 0.002 -25"><span class='ocrx_word' id='word_1_376' title='bbox 175 3294 264 3344; x_wconf 75' lang='grc' dir='ltr'><strong>γμα</strong></span> <span class='ocrx_word' id='word_1_377' title='bbox 307 3275 600 3342; x_wconf 81' lang='grc' dir='ltr'>ἐκτίθησιν,</span> <span class='ocrx_word' id='word_1_378' title='bbox 655 3283 763 3338; x_wconf 85' lang='grc' dir='ltr'><strong>Πᾶς</strong></span> <span class='ocrx_word' id='word_1_379' title='bbox 811 3280 973 3340; x_wconf 84' lang='grc' dir='ltr'>ὅστις,</span> <span class='ocrx_word' id='word_1_380' title='bbox 1028 3277 1206 3348; x_wconf 71' lang='grc' dir='ltr'>λέγων,</span> <span class='ocrx_word' id='word_1_381' title='bbox 1244 3278 1302 3329; x_wconf 79' lang='grc' dir='ltr'><strong>οῦ</strong></span> <span class='ocrx_word' id='word_1_382' title='bbox 1345 3283 1630 3350; x_wconf 84' lang='grc' dir='ltr'>προσκυνεῖ</span> <span class='ocrx_word' id='word_1_383' title='bbox 1668 3280 1754 3328; x_wconf 84' lang='grc' dir='ltr'><strong>τόν</strong></span> 
     </span>
    </p>
   </div>
   <div class='ocr_carea' id='block_1_53' title="bbox 173 3363 1748 3438">
    <p class='ocr_par' dir='ltr' id='par_1_53' title="bbox 173 3363 1748 3438">
     <span class='ocr_line' id='line_1_53' title="bbox 173 3363 1748 3438; baseline 0.002 -24"><span class='ocrx_word' id='word_1_384' title='bbox 173 3369 282 3415; x_wconf 76' lang='grc' dir='ltr'>Θεὸν</span> <span class='ocrx_word' id='word_1_385' title='bbox 332 3364 569 3438; x_wconf 82' lang='grc' dir='ltr'>Σεδρὰχ,</span> <span class='ocrx_word' id='word_1_386' title='bbox 624 3368 806 3420; x_wconf 84' lang='grc' dir='ltr'>Μισὰκ</span> <span class='ocrx_word' id='word_1_387' title='bbox 854 3372 942 3419; x_wconf 85' lang='grc' dir='ltr'><strong>καὶ</strong></span> <span class='ocrx_word' id='word_1_388' title='bbox 989 3363 1306 3438; x_wconf 81' lang='grc' dir='ltr'>Ἀϐδεναγώ,</span> <span class='ocrx_word' id='word_1_389' title='bbox 1359 3367 1425 3426; x_wconf 86' lang='grc' dir='ltr'>εὶς</span> <span class='ocrx_word' id='word_1_390' title='bbox 1477 3366 1748 3418; x_wconf 62' lang='grc' dir='ltr'>ἀπώλειαν</span> 
     </span>
    </p>
   </div>
   <div class='ocr_carea' id='block_1_54' title="bbox 172 3455 1752 3530">
    <p class='ocr_par' dir='ltr' id='par_1_54' title="bbox 172 3455 1752 3530">
     <span class='ocr_line' id='line_1_54' title="bbox 172 3455 1752 3530; baseline 0.002 -27"><span class='ocrx_word' id='word_1_391' title='bbox 172 3455 298 3506; x_wconf 69' lang='grc' dir='ltr'>ἓπαι</span> <span class='ocrx_word' id='word_1_392' title='bbox 346 3460 434 3508; x_wconf 86' lang='grc' dir='ltr'>καὶ</span> <span class='ocrx_word' id='word_1_393' title='bbox 483 3459 557 3508; x_wconf 82' lang='grc' dir='ltr'>τὰ</span> <span class='ocrx_word' id='word_1_394' title='bbox 613 3455 805 3508; x_wconf 71' lang='grc' dir='ltr'>ἑκείνου</span> <span class='ocrx_word' id='word_1_395' title='bbox 862 3459 1030 3509; x_wconf 89' lang='grc' dir='ltr'>πάντα</span> <span class='ocrx_word' id='word_1_396' title='bbox 1083 3456 1155 3518; x_wconf 83' lang='grc' dir='ltr'><strong>εἰς</strong></span> <span class='ocrx_word' id='word_1_397' title='bbox 1208 3462 1468 3530; x_wconf 74' lang='grc' dir='ltr'>προνομήν</span> <span class='ocrx_word' id='word_1_398' title='bbox 1497 3475 1510 3488; x_wconf 75' lang='grc' dir='ltr'><strong>ο</strong></span> <span class='ocrx_word' id='word_1_399' title='bbox 1569 3456 1752 3517; x_wconf 73' lang='grc' dir='ltr'>αὐτοὺς</span> 
     </span>
    </p>
   </div>
   <div class='ocr_carea' id='block_1_55' title="bbox 173 3538 1751 3619">
    <p class='ocr_par' dir='ltr' id='par_1_55' title="bbox 173 3538 1751 3619">
     <span class='ocr_line' id='line_1_55' title="bbox 173 3538 1751 3619; baseline 0.003 -27"><span class='ocrx_word' id='word_1_400' title='bbox 173 3538 220 3593; x_wconf 77' lang='grc' dir='ltr'><strong>δε</strong></span> <span class='ocrx_word' id='word_1_401' title='bbox 261 3549 374 3607; x_wconf 81' lang='grc' dir='ltr'>τοὺς</span> <span class='ocrx_word' id='word_1_402' title='bbox 419 3551 718 3619; x_wconf 73' lang='grc' dir='ltr'>μακαρίους</span> <span class='ocrx_word' id='word_1_403' title='bbox 763 3542 961 3607; x_wconf 86' lang='grc' dir='ltr'>παῖδας</span> <span class='ocrx_word' id='word_1_404' title='bbox 1012 3554 1099 3598; x_wconf 87' lang='grc' dir='ltr'><strong>νῦν</strong></span> <span class='ocrx_word' id='word_1_405' title='bbox 1153 3547 1180 3604; x_wconf 79' lang='grc' dir='ltr'><strong>ἣ</strong></span> <span class='ocrx_word' id='word_1_406' title='bbox 1244 3551 1488 3618; x_wconf 86' lang='grc' dir='ltr'>πρότερον</span> <span class='ocrx_word' id='word_1_407' title='bbox 1540 3546 1751 3618; x_wconf 79' lang='grc' dir='ltr'>μείζοσι</span> 
     </span>
    </p>
   </div>
   <div class='ocr_carea' id='block_1_56' title="bbox 174 3627 1750 3709">
    <p class='ocr_par' dir='ltr' id='par_1_56' title="bbox 174 3627 1750 3709">
     <span class='ocr_line' id='line_1_56' title="bbox 174 3627 1750 3709; baseline 0.004 -27"><span class='ocrx_word' id='word_1_408' title='bbox 174 3627 379 3696; x_wconf 76' lang='grc' dir='ltr'>δοξάσας</span> <span class='ocrx_word' id='word_1_409' title='bbox 428 3642 637 3706; x_wconf 81' lang='grc' dir='ltr'>τιμαῖς,</span> <span class='ocrx_word' id='word_1_410' title='bbox 692 3637 878 3709; x_wconf 78' lang='grc' dir='ltr'>ἄρχειν</span> <span class='ocrx_word' id='word_1_411' title='bbox 932 3640 1020 3687; x_wconf 82' lang='grc' dir='ltr'>καὶ</span> <span class='ocrx_word' id='word_1_412' title='bbox 1074 3644 1172 3687; x_wconf 88' lang='grc' dir='ltr'>τῶν</span> <span class='ocrx_word' id='word_1_413' title='bbox 1229 3632 1497 3688; x_wconf 87' lang='grc' dir='ltr'>Ἰουδαίων</span> <span class='ocrx_word' id='word_1_414' title='bbox 1552 3635 1750 3707; x_wconf 83' lang='grc' dir='ltr'>αἰχμα-</span> 
     </span>
    </p>
   </div>
   <div class='ocr_carea' id='block_1_57' title="bbox 170 3719 636 3797">
    <p class='ocr_par' dir='ltr' id='par_1_57' title="bbox 170 3719 636 3797">
     <span class='ocr_line' id='line_1_57' title="bbox 170 3719 636 3797; baseline 0.019 -28"><span class='ocrx_word' id='word_1_415' title='bbox 170 3719 319 3774; x_wconf 75' lang='grc' dir='ltr'>λώτων</span> <span class='ocrx_word' id='word_1_416' title='bbox 342 3723 490 3797; x_wconf 77' lang='grc' dir='ltr'>ἕπέτρ</span> <span class='ocrx_word' id='word_1_417' title='bbox 499 3743 636 3779; x_wconf 83' lang='grc' dir='ltr'>επεν.</span> 
     </span>
    </p>
   </div>
   <div class='ocr_carea' id='block_1_58' title="bbox 230 3809 1751 3888">
    <p class='ocr_par' dir='ltr' id='par_1_58' title="bbox 230 3809 1751 3888">
     <span class='ocr_line' id='line_1_58' title="bbox 230 3809 1751 3888; baseline 0.004 -25"><span class='ocrx_word' id='word_1_418' title='bbox 230 3809 304 3864; x_wconf 89' lang='grc' dir='ltr'><strong>Θ’.</strong></span> <span class='ocrx_word' id='word_1_419' title='bbox 344 3817 532 3886; x_wconf 80' lang='grc' dir='ltr'>Βραχύ</span> <span class='ocrx_word' id='word_1_420' title='bbox 559 3817 615 3866; x_wconf 90' lang='grc' dir='ltr'><strong>τό</strong></span> <span class='ocrx_word' id='word_1_421' title='bbox 664 3815 794 3885; x_wconf 80' lang='grc' dir='ltr'>μετὰ</span> <span class='ocrx_word' id='word_1_422' title='bbox 842 3822 1027 3879; x_wconf 86' lang='grc' dir='ltr'>ταῦτα,</span> <span class='ocrx_word' id='word_1_423' title='bbox 1059 3818 1148 3866; x_wconf 85' lang='grc' dir='ltr'>καὶ</span> <span class='ocrx_word' id='word_1_424' title='bbox 1180 3814 1330 3865; x_wconf 75' lang='grc' dir='ltr'>πάλιν</span> <span class='ocrx_word' id='word_1_425' title='bbox 1374 3815 1558 3888; x_wconf 85' lang='grc' dir='ltr'>ὅρασις</span> <span class='ocrx_word' id='word_1_426' title='bbox 1606 3815 1751 3888; x_wconf 79' lang='grc' dir='ltr'>ἑτέρα</span> 
     </span>
    </p>
   </div>
   <div class='ocr_carea' id='block_1_59' title="bbox 169 3901 1752 3977">
    <p class='ocr_par' dir='ltr' id='par_1_59' title="bbox 169 3901 1752 3977">
     <span class='ocr_line' id='line_1_59' title="bbox 169 3901 1752 3977; baseline 0.008 -30"><span class='ocrx_word' id='word_1_427' title='bbox 169 3904 285 3951; x_wconf 74' lang='grc' dir='ltr'><strong>κατά</strong></span> <span class='ocrx_word' id='word_1_428' title='bbox 309 3908 424 3965; x_wconf 76' lang='grc' dir='ltr'>τοὺς</span> <span class='ocrx_word' id='word_1_429' title='bbox 449 3905 648 3965; x_wconf 84' lang='grc' dir='ltr'>ῦπνους</span> <span class='ocrx_word' id='word_1_430' title='bbox 694 3913 762 3973; x_wconf 81' lang='grc' dir='ltr'>τῷ</span> <span class='ocrx_word' id='word_1_431' title='bbox 815 3902 1025 3974; x_wconf 82' lang='grc' dir='ltr'>βασιλεῖ</span> <span class='ocrx_word' id='word_1_432' title='bbox 1055 3901 1341 3970; x_wconf 84' lang='grc' dir='ltr'>δείκνυται,</span> <span class='ocrx_word' id='word_1_433' title='bbox 1373 3910 1463 3956; x_wconf 87' lang='lat' dir='ltr'><strong>xui</strong></span> <span class='ocrx_word' id='word_1_434' title='bbox 1493 3908 1520 3963; x_wconf 81' lang='grc' dir='ltr'><strong>ἠ</strong></span> <span class='ocrx_word' id='word_1_435' title='bbox 1569 3908 1752 3977; x_wconf 79' lang='grc' dir='ltr'>ὅρασις</span> 
     </span>
    </p>
   </div>
   <div class='ocr_carea' id='block_1_60' title="bbox 169 3987 1748 4068">
    <p class='ocr_par' dir='ltr' id='par_1_60' title="bbox 169 3987 1748 4068">
     <span class='ocr_line' id='line_1_60' title="bbox 169 3987 1748 4068; baseline 0.007 -31"><span class='ocrx_word' id='word_1_436' title='bbox 169 3987 358 4042; x_wconf 79' lang='grc' dir='ltr'>τοιάδε·</span> <span class='ocrx_word' id='word_1_437' title='bbox 393 3990 616 4066; x_wconf 83' lang='grc' dir='ltr'>δένδρον</span> <span class='ocrx_word' id='word_1_438' title='bbox 641 3995 764 4067; x_wconf 77' lang='grc' dir='ltr'>ὁρᾷν</span> <span class='ocrx_word' id='word_1_439' title='bbox 809 3990 977 4046; x_wconf 78' lang='grc' dir='ltr'>ἐδόκει</span> <span class='ocrx_word' id='word_1_440' title='bbox 1022 3998 1156 4065; x_wconf 82' lang='grc' dir='ltr'>μέγα</span> <span class='ocrx_word' id='word_1_441' title='bbox 1199 4013 1251 4046; x_wconf 88' lang='grc' dir='ltr'><strong>τε</strong></span> <span class='ocrx_word' id='word_1_442' title='bbox 1302 3999 1387 4046; x_wconf 79' lang='grc' dir='ltr'>καὶ</span> <span class='ocrx_word' id='word_1_443' title='bbox 1437 3997 1748 4068; x_wconf 83' lang='grc' dir='ltr'>θαυμάσιον,</span> 
     </span>
    </p>
   </div>
   <div class='ocr_carea' id='block_1_61' title="bbox 170 4077 1752 4156">
    <p class='ocr_par' dir='ltr' id='par_1_61' title="bbox 170 4077 1752 4156">
     <span class='ocr_line' id='line_1_61' title="bbox 170 4077 1752 4156; baseline 0.007 -30"><span class='ocrx_word' id='word_1_444' title='bbox 170 4077 460 4153; x_wconf 75' lang='grc' dir='ltr'>όέῥρίζωτο</span> <span class='ocrx_word' id='word_1_445' title='bbox 507 4087 600 4154; x_wconf 71' lang='grc' dir='ltr'>μὲν</span> <span class='ocrx_word' id='word_1_446' title='bbox 647 4081 728 4134; x_wconf 81' lang='grc' dir='ltr'><strong>ἐπὶ</strong></span> <span class='ocrx_word' id='word_1_447' title='bbox 773 4091 892 4153; x_wconf 83' lang='grc' dir='ltr'>γῆς,</span> <span class='ocrx_word' id='word_1_448' title='bbox 933 4081 1250 4154; x_wconf 74' lang='grc' dir='ltr'>ἐμεγα).ύνθη</span> <span class='ocrx_word' id='word_1_449' title='bbox 1305 4080 1362 4136; x_wconf 79' lang='grc' dir='ltr'>δὲ</span> <span class='ocrx_word' id='word_1_450' title='bbox 1414 4089 1502 4136; x_wconf 83' lang='grc' dir='ltr'>καὶ</span> <span class='ocrx_word' id='word_1_451' title='bbox 1553 4089 1752 4156; x_wconf 77' lang='grc' dir='ltr'>ἴσχυσε</span> 
     </span>
    </p>
   </div>
   <div class='ocr_carea' id='block_1_62' title="bbox 169 4169 1747 4248">
    <p class='ocr_par' dir='ltr' id='par_1_62' title="bbox 169 4169 1747 4248">
     <span class='ocr_line' id='line_1_62' title="bbox 169 4169 1747 4248; baseline 0.005 -29"><span class='ocrx_word' id='word_1_452' title='bbox 169 4169 301 4236; x_wconf 74' lang='grc' dir='ltr'>μέγα,</span> <span class='ocrx_word' id='word_1_453' title='bbox 333 4175 506 4223; x_wconf 81' lang='grc' dir='ltr'>καὶτὸ</span> <span class='ocrx_word' id='word_1_454' title='bbox 539 4171 674 4241; x_wconf 69' lang='grc' dir='ltr'>ὕψος</span> <span class='ocrx_word' id='word_1_455' title='bbox 717 4172 875 4223; x_wconf 73' lang='grc' dir='ltr'>αὑτοῦ</span> <span class='ocrx_word' id='word_1_456' title='bbox 922 4173 1217 4244; x_wconf 71' lang='grc' dir='ltr'>κατειλήφει</span> <span class='ocrx_word' id='word_1_457' title='bbox 1266 4176 1352 4224; x_wconf 90' lang='grc' dir='ltr'><strong>τόν</strong></span> <span class='ocrx_word' id='word_1_458' title='bbox 1401 4173 1614 4248; x_wconf 74' lang='grc' dir='ltr'>οὐρανόν</span> <span class='ocrx_word' id='word_1_459' title='bbox 1663 4181 1747 4228; x_wconf 82' lang='lat' dir='ltr'><strong>xui</strong></span> 
     </span>
    </p>
   </div>
   <div class='ocr_carea' id='block_1_63' title="bbox 170 4256 1748 4338">
    <p class='ocr_par' dir='ltr' id='par_1_63' title="bbox 170 4256 1748 4338">
     <span class='ocr_line' id='line_1_63' title="bbox 170 4256 1748 4338; baseline 0.007 -32"><span class='ocrx_word' id='word_1_460' title='bbox 170 4256 350 4323; x_wconf 59' lang='lat'><strong>96110:;</strong></span> <span class='ocrx_word' id='word_1_461' title='bbox 400 4264 612 4334; x_wconf 75' lang='grc' dir='ltr'>ὡραίοις</span> <span class='ocrx_word' id='word_1_462' title='bbox 660 4259 823 4332; x_wconf 74' lang='grc' dir='ltr'>ἐκόμα</span> <span class='ocrx_word' id='word_1_463' title='bbox 864 4267 953 4313; x_wconf 84' lang='grc' dir='ltr'>καὶ</span> <span class='ocrx_word' id='word_1_464' title='bbox 1001 4260 1169 4334; x_wconf 80' lang='grc' dir='ltr'>ἓϐριθε</span> <span class='ocrx_word' id='word_1_465' title='bbox 1212 4261 1380 4332; x_wconf 76' lang='grc' dir='ltr'>πολλῴ</span> <span class='ocrx_word' id='word_1_466' title='bbox 1427 4273 1496 4334; x_wconf 80' lang='grc' dir='ltr'>τῷ</span> <span class='ocrx_word' id='word_1_467' title='bbox 1544 4274 1748 4338; x_wconf 84' lang='grc' dir='ltr'>καρπῷ,</span> 
     </span>
    </p>
   </div>
   <div class='ocr_carea' id='block_1_64' title="bbox 168 4347 1748 4423">
    <p class='ocr_par' dir='ltr' id='par_1_64' title="bbox 168 4347 1748 4423">
     <span class='ocr_line' id='line_1_64' title="bbox 168 4347 1748 4423; baseline 0.008 -29"><span class='ocrx_word' id='word_1_468' title='bbox 168 4347 222 4394; x_wconf 78' lang='grc' dir='ltr'>τὰ</span> <span class='ocrx_word' id='word_1_469' title='bbox 267 4349 417 4421; x_wconf 77' lang='grc' dir='ltr'>θηρία</span> <span class='ocrx_word' id='word_1_470' title='bbox 474 4369 526 4401; x_wconf 91' lang='grc' dir='ltr'><strong>τε</strong></span> <span class='ocrx_word' id='word_1_471' title='bbox 586 4357 676 4400; x_wconf 88' lang='grc' dir='ltr'><strong>τοῦ</strong></span> <span class='ocrx_word' id='word_1_472' title='bbox 729 4349 890 4423; x_wconf 77' lang='grc' dir='ltr'>ἀγροῦ</span> <span class='ocrx_word' id='word_1_473' title='bbox 943 4354 1108 4401; x_wconf 80' lang='grc' dir='ltr'>πάντα</span> <span class='ocrx_word' id='word_1_474' title='bbox 1155 4356 1242 4402; x_wconf 89' lang='lat' dir='ltr'><strong>xui</strong></span> <span class='ocrx_word' id='word_1_475' title='bbox 1301 4355 1365 4403; x_wconf 81' lang='grc' dir='ltr'>τὰ</span> <span class='ocrx_word' id='word_1_476' title='bbox 1411 4356 1615 4405; x_wconf 87' lang='grc' dir='ltr'>πετεινά</span> <span class='ocrx_word' id='word_1_477' title='bbox 1658 4363 1748 4406; x_wconf 84' lang='grc' dir='ltr'><strong>τοῦ</strong></span> 
     </span>
    </p>
   </div>
   <div class='ocr_carea' id='block_1_65' title="bbox 1875 1837 3526 1917">
    <p class='ocr_par' dir='ltr' id='par_1_65' title="bbox 1875 1837 3526 1917">
     <span class='ocr_line' id='line_1_65' title="bbox 1875 1837 3526 1917; baseline 0.007 -27"><span class='ocrx_word' id='word_1_478' title='bbox 1875 1840 1930 1890; x_wconf 92' lang='lat' dir='ltr'><strong>et</strong></span> <span class='ocrx_word' id='word_1_479' title='bbox 1953 1837 2117 1908; x_wconf 91' lang='lat' dir='ltr'><strong>quod</strong></span> <span class='ocrx_word' id='word_1_480' title='bbox 2137 1853 2260 1893; x_wconf 91' lang='lat' dir='ltr'><strong>non</strong></span> <span class='ocrx_word' id='word_1_481' title='bbox 2291 1839 2484 1895; x_wconf 92' lang='lat' dir='ltr'><strong>solum</strong></span> <span class='ocrx_word' id='word_1_482' title='bbox 2517 1843 2877 1913; x_wconf 91' lang='lat' dir='ltr'><strong>superiores,</strong></span> <span class='ocrx_word' id='word_1_483' title='bbox 2897 1843 3002 1899; x_wconf 90' lang='lat' dir='ltr'><strong>sed</strong></span> <span class='ocrx_word' id='word_1_484' title='bbox 3025 1860 3134 1899; x_wconf 92' lang='lat' dir='ltr'><strong>nec</strong></span> <span class='ocrx_word' id='word_1_485' title='bbox 3166 1860 3368 1900; x_wconf 88' lang='lat' dir='ltr'><strong>eorum</strong></span> <span class='ocrx_word' id='word_1_486' title='bbox 3399 1846 3526 1917; x_wconf 85' lang='lat' dir='ltr'><strong>qui-</strong></span> 
     </span>
    </p>
   </div>
   <div class='ocr_carea' id='block_1_66' title="bbox 1872 1923 3526 2000">
    <p class='ocr_par' dir='ltr' id='par_1_66' title="bbox 1872 1923 3526 2000">
     <span class='ocr_line' id='line_1_66' title="bbox 1872 1923 3526 2000; baseline 0.006 -21"><span class='ocrx_word' id='word_1_487' title='bbox 1872 1923 2012 1980; x_wconf 88' lang='lat' dir='ltr'><strong>dem</strong></span> <span class='ocrx_word' id='word_1_488' title='bbox 2036 1925 2210 1998; x_wconf 88' lang='lat' dir='ltr'><strong>pilus,</strong></span> <span class='ocrx_word' id='word_1_489' title='bbox 2249 1943 2358 1996; x_wconf 89' lang='lat' dir='ltr'><strong>res,</strong></span> <span class='ocrx_word' id='word_1_490' title='bbox 2391 1945 2526 2000; x_wconf 61' lang='lat' dir='ltr'><strong>quae</strong></span> <span class='ocrx_word' id='word_1_491' title='bbox 2566 1929 2846 1988; x_wconf 87' lang='lat' dir='ltr'><strong>facillime</strong></span> <span class='ocrx_word' id='word_1_492' title='bbox 2884 1931 3179 1990; x_wconf 89' lang='lat' dir='ltr'><strong>ﬂaccescit</strong></span> <span class='ocrx_word' id='word_1_493' title='bbox 3208 1937 3265 1989; x_wconf 89' lang='lat' dir='ltr'><strong>et</strong></span> <span class='ocrx_word' id='word_1_494' title='bbox 3302 1949 3526 1990; x_wconf 90' lang='lat' dir='ltr'><strong>marce-</strong></span> 
     </span>
    </p>
   </div>
   <div class='ocr_carea' id='block_1_67' title="bbox 1872 2015 3526 2096">
    <p class='ocr_par' dir='ltr' id='par_1_67' title="bbox 1872 2015 3526 2096">
     <span class='ocr_line' id='line_1_67' title="bbox 1872 2015 3526 2096; baseline 0.007 -28"><span class='ocrx_word' id='word_1_495' title='bbox 1872 2015 2000 2081; x_wconf 90' lang='lat' dir='ltr'><strong>scit,</strong></span> <span class='ocrx_word' id='word_1_496' title='bbox 2046 2019 2210 2072; x_wconf 90' lang='lat' dir='ltr'><strong>tanta</strong></span> <span class='ocrx_word' id='word_1_497' title='bbox 2248 2016 2498 2074; x_wconf 87' lang='lat' dir='ltr'><strong>ﬂamma</strong></span> <span class='ocrx_word' id='word_1_498' title='bbox 2555 2019 2880 2078; x_wconf 76' lang='lat' dir='ltr'><strong>efﬂuxerit:</strong></span> <span class='ocrx_word' id='word_1_499' title='bbox 2923 2027 2979 2078; x_wconf 94' lang='lat' dir='ltr'><strong>et</strong></span> <span class='ocrx_word' id='word_1_500' title='bbox 3009 2029 3319 2094; x_wconf 57' lang='lat' dir='ltr'><strong>praeterea,</strong></span> <span class='ocrx_word' id='word_1_501' title='bbox 3359 2024 3526 2096; x_wconf 91' lang='lat' dir='ltr'><strong>quod</strong></span> 
     </span>
    </p>
   </div>
   <div class='ocr_carea' id='block_1_68' title="bbox 1873 2107 3526 2184">
    <p class='ocr_par' dir='ltr' id='par_1_68' title="bbox 1873 2107 3526 2184">
     <span class='ocr_line' id='line_1_68' title="bbox 1873 2107 3526 2184; baseline 0.006 -26"><span class='ocrx_word' id='word_1_502' title='bbox 1873 2119 2010 2160; x_wconf 89' lang='lat' dir='ltr'><strong>cum</strong></span> <span class='ocrx_word' id='word_1_503' title='bbox 2052 2110 2248 2163; x_wconf 89' lang='lat' dir='ltr'><strong>essent</strong></span> <span class='ocrx_word' id='word_1_504' title='bbox 2277 2107 2471 2173; x_wconf 91' lang='lat' dir='ltr'><strong>vincti,</strong></span> <span class='ocrx_word' id='word_1_505' title='bbox 2506 2109 2789 2166; x_wconf 91' lang='lat' dir='ltr'><strong>continuo</strong></span> <span class='ocrx_word' id='word_1_506' title='bbox 2825 2111 2987 2167; x_wconf 88' lang='lat' dir='ltr'><strong>fuere</strong></span> <span class='ocrx_word' id='word_1_507' title='bbox 3035 2113 3247 2168; x_wconf 78' lang='lat' dir='ltr'><strong>soluti:</strong></span> <span class='ocrx_word' id='word_1_508' title='bbox 3281 2117 3336 2168; x_wconf 91' lang='lat' dir='ltr'><strong>et</strong></span> <span class='ocrx_word' id='word_1_509' title='bbox 3363 2113 3526 2184; x_wconf 91' lang='lat' dir='ltr'><strong>quod</strong></span> 
     </span>
    </p>
   </div>
   <div class='ocr_carea' id='block_1_69' title="bbox 1873 2194 3528 2265">
    <p class='ocr_par' dir='ltr' id='par_1_69' title="bbox 1873 2194 3528 2265">
     <span class='ocr_line' id='line_1_69' title="bbox 1873 2194 3528 2265; baseline 0.006 -17"><span class='ocrx_word' id='word_1_510' title='bbox 1873 2208 2011 2248; x_wconf 90' lang='lat' dir='ltr'><strong>cum</strong></span> <span class='ocrx_word' id='word_1_511' title='bbox 2042 2194 2240 2251; x_wconf 90' lang='lat' dir='ltr'><strong>adhuc</strong></span> <span class='ocrx_word' id='word_1_512' title='bbox 2288 2202 2485 2253; x_wconf 91' lang='lat' dir='ltr'><strong>essent</strong></span> <span class='ocrx_word' id='word_1_513' title='bbox 2515 2199 2575 2254; x_wconf 94' lang='lat' dir='ltr'><strong>in</strong></span> <span class='ocrx_word' id='word_1_514' title='bbox 2607 2199 2868 2265; x_wconf 84' lang='lat' dir='ltr'><strong>fornace,</strong></span> <span class='ocrx_word' id='word_1_515' title='bbox 2901 2201 3088 2258; x_wconf 90' lang='lat' dir='ltr'><strong>auditi</strong></span> <span class='ocrx_word' id='word_1_516' title='bbox 3125 2207 3265 2258; x_wconf 92' lang='lat' dir='ltr'><strong>sunt</strong></span> <span class='ocrx_word' id='word_1_517' title='bbox 3305 2217 3528 2258; x_wconf 89' lang='lat' dir='ltr'><strong>canen-</strong></span> 
     </span>
    </p>
   </div>
   <div class='ocr_carea' id='block_1_70' title="bbox 1874 2284 3526 2364">
    <p class='ocr_par' dir='ltr' id='par_1_70' title="bbox 1874 2284 3526 2364">
     <span class='ocr_line' id='line_1_70' title="bbox 1874 2284 3526 2364; baseline 0.007 -27"><span class='ocrx_word' id='word_1_518' title='bbox 1874 2287 1998 2338; x_wconf 90' lang='lat' dir='ltr'><strong>tes:</strong></span> <span class='ocrx_word' id='word_1_519' title='bbox 2043 2284 2206 2355; x_wconf 90' lang='lat' dir='ltr'><strong>quod</strong></span> <span class='ocrx_word' id='word_1_520' title='bbox 2246 2287 2491 2358; x_wconf 89' lang='lat' dir='ltr'><strong>quidem</strong></span> <span class='ocrx_word' id='word_1_521' title='bbox 2531 2287 2621 2354; x_wconf 90' lang='lat' dir='ltr'><strong>iis,</strong></span> <span class='ocrx_word' id='word_1_522' title='bbox 2668 2291 2771 2361; x_wconf 92' lang='lat' dir='ltr'><strong>qui</strong></span> <span class='ocrx_word' id='word_1_523' title='bbox 2807 2296 2944 2346; x_wconf 86' lang='lat' dir='ltr'><strong>sunt</strong></span> <span class='ocrx_word' id='word_1_524' title='bbox 2983 2291 3043 2346; x_wconf 92' lang='lat' dir='ltr'><strong>in</strong></span> <span class='ocrx_word' id='word_1_525' title='bbox 3089 2291 3358 2357; x_wconf 89' lang='lat' dir='ltr'><strong>ﬂamma,</strong></span> <span class='ocrx_word' id='word_1_526' title='bbox 3392 2292 3526 2364; x_wconf 89' lang='lat' dir='ltr'><strong>ipsa</strong></span> 
     </span>
    </p>
   </div>
   <div class='ocr_carea' id='block_1_71' title="bbox 1872 2373 3528 2453">
    <p class='ocr_par' dir='ltr' id='par_1_71' title="bbox 1872 2373 3528 2453">
     <span class='ocr_line' id='line_1_71' title="bbox 1872 2373 3528 2453; baseline 0.005 -26"><span class='ocrx_word' id='word_1_527' title='bbox 1872 2373 2069 2428; x_wconf 90' lang='lat' dir='ltr'><strong>statim</strong></span> <span class='ocrx_word' id='word_1_528' title='bbox 2114 2373 2234 2429; x_wconf 90' lang='lat' dir='ltr'><strong>oris</strong></span> <span class='ocrx_word' id='word_1_529' title='bbox 2259 2375 2567 2446; x_wconf 84' lang='lat' dir='ltr'><strong>apertione</strong></span> <span class='ocrx_word' id='word_1_530' title='bbox 2598 2383 2859 2435; x_wconf 92' lang='lat' dir='ltr'><strong>mortem</strong></span> <span class='ocrx_word' id='word_1_531' title='bbox 2902 2379 3053 2437; x_wconf 91' lang='lat' dir='ltr'><strong>solet</strong></span> <span class='ocrx_word' id='word_1_532' title='bbox 3099 2380 3311 2438; x_wconf 78' lang='lat' dir='ltr'><strong>afferre</strong></span> <span class='ocrx_word' id='word_1_533' title='bbox 3349 2382 3528 2453; x_wconf 90' lang='lat' dir='ltr'><strong>proti-</strong></span> 
     </span>
    </p>
   </div>
   <div class='ocr_carea' id='block_1_72' title="bbox 1872 2464 3525 2543">
    <p class='ocr_par' dir='ltr' id='par_1_72' title="bbox 1872 2464 3525 2543">
     <span class='ocr_line' id='line_1_72' title="bbox 1872 2464 3525 2543; baseline 0.005 -25"><span class='ocrx_word' id='word_1_534' title='bbox 1872 2479 2022 2522; x_wconf 91' lang='lat' dir='ltr'><strong>nus:</strong></span> <span class='ocrx_word' id='word_1_535' title='bbox 2055 2467 2110 2519; x_wconf 91' lang='lat' dir='ltr'><strong>et</strong></span> <span class='ocrx_word' id='word_1_536' title='bbox 2163 2464 2329 2535; x_wconf 90' lang='lat' dir='ltr'><strong>quod</strong></span> <span class='ocrx_word' id='word_1_537' title='bbox 2359 2464 2453 2520; x_wconf 91' lang='lat' dir='ltr'><strong>ille</strong></span> <span class='ocrx_word' id='word_1_538' title='bbox 2498 2466 2670 2535; x_wconf 91' lang='lat' dir='ltr'><strong>ignis,</strong></span> <span class='ocrx_word' id='word_1_539' title='bbox 2722 2468 2826 2540; x_wconf 86' lang='lat' dir='ltr'><strong>qui</strong></span> <span class='ocrx_word' id='word_1_540' title='bbox 2884 2469 2945 2525; x_wconf 92' lang='lat' dir='ltr'><strong>in</strong></span> <span class='ocrx_word' id='word_1_541' title='bbox 3000 2470 3081 2525; x_wconf 92' lang='lat' dir='ltr'><strong>eis</strong></span> <span class='ocrx_word' id='word_1_542' title='bbox 3137 2471 3398 2543; x_wconf 69' lang='lat' dir='ltr'><strong>proprias</strong></span> <span class='ocrx_word' id='word_1_543' title='bbox 3435 2475 3525 2526; x_wconf 89' lang='lat' dir='ltr'><strong>est</strong></span> 
     </span>
    </p>
   </div>
   <div class='ocr_carea' id='block_1_73' title="bbox 1869 2551 3522 2629">
    <p class='ocr_par' dir='ltr' id='par_1_73' title="bbox 1869 2551 3522 2629">
     <span class='ocr_line' id='line_1_73' title="bbox 1869 2551 3522 2629; baseline 0.007 -24"><span class='ocrx_word' id='word_1_544' title='bbox 1869 2551 2092 2606; x_wconf 90' lang='lat' dir='ltr'><strong>oblitus</strong></span> <span class='ocrx_word' id='word_1_545' title='bbox 2144 2558 2393 2619; x_wconf 66' lang='lat' dir='ltr'><strong>naturai,</strong></span> <span class='ocrx_word' id='word_1_546' title='bbox 2420 2554 2480 2609; x_wconf 92' lang='lat' dir='ltr'><strong>in</strong></span> <span class='ocrx_word' id='word_1_547' title='bbox 2535 2555 2846 2624; x_wconf 65' lang='lat' dir='ltr'><strong>Chaldaeis,</strong></span> <span class='ocrx_word' id='word_1_548' title='bbox 2875 2558 2980 2629; x_wconf 92' lang='lat' dir='ltr'><strong>qui</strong></span> <span class='ocrx_word' id='word_1_549' title='bbox 3012 2566 3181 2615; x_wconf 89' lang='lat' dir='ltr'><strong>erant</strong></span> <span class='ocrx_word' id='word_1_550' title='bbox 3218 2560 3375 2615; x_wconf 91' lang='lat' dir='ltr'><strong>circa</strong></span> <span class='ocrx_word' id='word_1_551' title='bbox 3409 2559 3522 2615; x_wconf 88' lang='lat' dir='ltr'><strong>for-</strong></span> 
     </span>
    </p>
   </div>
   <div class='ocr_carea' id='block_1_74' title="bbox 1868 2641 3518 2715">
    <p class='ocr_par' dir='ltr' id='par_1_74' title="bbox 1868 2641 3518 2715">
     <span class='ocr_line' id='line_1_74' title="bbox 1868 2641 3518 2715; baseline 0.005 -21"><span class='ocrx_word' id='word_1_552' title='bbox 1868 2655 2101 2707; x_wconf 91' lang='lat' dir='ltr'><strong>nacem,</strong></span> <span class='ocrx_word' id='word_1_553' title='bbox 2135 2641 2244 2696; x_wconf 90' lang='lat' dir='ltr'><strong>fuit</strong></span> <span class='ocrx_word' id='word_1_554' title='bbox 2272 2657 2446 2698; x_wconf 86' lang='lat' dir='ltr'><strong>verus</strong></span> <span class='ocrx_word' id='word_1_555' title='bbox 2477 2648 2532 2698; x_wconf 89' lang='lat' dir='ltr'><strong>et</strong></span> <span class='ocrx_word' id='word_1_556' title='bbox 2557 2643 2848 2715; x_wconf 84' lang='lat' dir='ltr'><strong>perfectus</strong></span> <span class='ocrx_word' id='word_1_557' title='bbox 2875 2646 3048 2715; x_wconf 89' lang='lat' dir='ltr'><strong>ignis,</strong></span> <span class='ocrx_word' id='word_1_558' title='bbox 3082 2653 3136 2702; x_wconf 90' lang='lat' dir='ltr'><strong>et</strong></span> <span class='ocrx_word' id='word_1_559' title='bbox 3171 2647 3356 2702; x_wconf 91' lang='lat' dir='ltr'><strong>necin</strong></span> <span class='ocrx_word' id='word_1_560' title='bbox 3384 2647 3518 2703; x_wconf 94' lang='lat' dir='ltr'><strong>loco</strong></span> 
     </span>
    </p>
   </div>
   <div class='ocr_carea' id='block_1_75' title="bbox 1868 2729 3513 2802">
    <p class='ocr_par' dir='ltr' id='par_1_75' title="bbox 1868 2729 3513 2802">
     <span class='ocr_line' id='line_1_75' title="bbox 1868 2729 3513 2802; baseline 0.005 -19"><span class='ocrx_word' id='word_1_561' title='bbox 1868 2729 2113 2800; x_wconf 90' lang='lat' dir='ltr'><strong>quidem</strong></span> <span class='ocrx_word' id='word_1_562' title='bbox 2142 2745 2420 2794; x_wconf 90' lang='lat' dir='ltr'><strong>manens,</strong></span> <span class='ocrx_word' id='word_1_563' title='bbox 2456 2733 2554 2786; x_wconf 90' lang='lat' dir='ltr'><strong>sed</strong></span> <span class='ocrx_word' id='word_1_564' title='bbox 2590 2733 2903 2802; x_wconf 91' lang='lat' dir='ltr'><strong>egrediens</strong></span> <span class='ocrx_word' id='word_1_565' title='bbox 2943 2740 2997 2790; x_wconf 92' lang='lat' dir='ltr'><strong>et</strong></span> <span class='ocrx_word' id='word_1_566' title='bbox 3038 2736 3276 2800; x_wconf 87' lang='lat' dir='ltr'><strong>saliens,</strong></span> <span class='ocrx_word' id='word_1_567' title='bbox 3307 2741 3362 2791; x_wconf 90' lang='lat' dir='ltr'><strong>et</strong></span> <span class='ocrx_word' id='word_1_568' title='bbox 3393 2751 3513 2800; x_wconf 89' lang='lat' dir='ltr'><strong>eos,</strong></span> 
     </span>
    </p>
   </div>
   <div class='ocr_carea' id='block_1_76' title="bbox 1869 2818 3516 2896">
    <p class='ocr_par' dir='ltr' id='par_1_76' title="bbox 1869 2818 3516 2896">
     <span class='ocr_line' id='line_1_76' title="bbox 1869 2818 3516 2896; baseline 0.005 -24"><span class='ocrx_word' id='word_1_569' title='bbox 1869 2818 1973 2889; x_wconf 90' lang='lat' dir='ltr'><strong>qui</strong></span> <span class='ocrx_word' id='word_1_570' title='bbox 2012 2818 2179 2891; x_wconf 88' lang='lat' dir='ltr'><strong>digni</strong></span> <span class='ocrx_word' id='word_1_571' title='bbox 2231 2825 2412 2885; x_wconf 88' lang='lat' dir='ltr'><strong>erant,</strong></span> <span class='ocrx_word' id='word_1_572' title='bbox 2462 2822 2820 2878; x_wconf 89' lang='lat' dir='ltr'><strong>comburens</strong></span> <span class='ocrx_word' id='word_1_573' title='bbox 2846 2823 3146 2880; x_wconf 90' lang='lat' dir='ltr'><strong>facillime.</strong></span> <span class='ocrx_word' id='word_1_574' title='bbox 3195 2827 3516 2896; x_wconf 89' lang='lat' dir='ltr'><strong>Postquam</strong></span> 
     </span>
    </p>
   </div>
   <div class='ocr_carea' id='block_1_77' title="bbox 1864 2907 3520 2987">
    <p class='ocr_par' dir='ltr' id='par_1_77' title="bbox 1864 2907 3520 2987">
     <span class='ocr_line' id='line_1_77' title="bbox 1864 2907 3520 2987; baseline 0.004 -25"><span class='ocrx_word' id='word_1_575' title='bbox 1864 2907 1958 2963; x_wconf 92' lang='lat' dir='ltr'><strong>ille</strong></span> <span class='ocrx_word' id='word_1_576' title='bbox 1986 2907 2128 2965; x_wconf 90' lang='lat' dir='ltr'><strong>vidit</strong></span> <span class='ocrx_word' id='word_1_577' title='bbox 2154 2909 2282 2964; x_wconf 76' lang='lat' dir='ltr'><strong>haec</strong></span> <span class='ocrx_word' id='word_1_578' title='bbox 2311 2911 2533 2977; x_wconf 88' lang='lat' dir='ltr'><strong>omnia,</strong></span> <span class='ocrx_word' id='word_1_579' title='bbox 2568 2912 2766 2967; x_wconf 89' lang='lat' dir='ltr'><strong>statim</strong></span> <span class='ocrx_word' id='word_1_580' title='bbox 2795 2913 2961 2969; x_wconf 90' lang='lat' dir='ltr'><strong>humi</strong></span> <span class='ocrx_word' id='word_1_581' title='bbox 2993 2914 3223 2981; x_wconf 89' lang='lat' dir='ltr'><strong>cecidit,</strong></span> <span class='ocrx_word' id='word_1_582' title='bbox 3255 2920 3311 2970; x_wconf 92' lang='lat' dir='ltr'><strong>et</strong></span> <span class='ocrx_word' id='word_1_583' title='bbox 3340 2916 3520 2987; x_wconf 79' lang='lat' dir='ltr'><strong>Bene-</strong></span> 
     </span>
    </p>
   </div>
   <div class='ocr_carea' id='block_1_78' title="bbox 1865 2997 3519 3072">
    <p class='ocr_par' dir='ltr' id='par_1_78' title="bbox 1865 2997 3519 3072">
     <span class='ocr_line' id='line_1_78' title="bbox 1865 2997 3519 3072; baseline 0.004 -20"><span class='ocrx_word' id='word_1_584' title='bbox 1865 2997 2060 3054; x_wconf 87' lang='lat' dir='ltr'><strong>dictus</strong></span> <span class='ocrx_word' id='word_1_585' title='bbox 2101 3015 2183 3064; x_wconf 78' lang='lat' dir='ltr'><strong>es,</strong></span> <span class='ocrx_word' id='word_1_586' title='bbox 2204 2999 2474 3064; x_wconf 91' lang='lat' dir='ltr'><strong>Domine,</strong></span> <span class='ocrx_word' id='word_1_587' title='bbox 2504 3016 2726 3070; x_wconf 90' lang='lat' dir='ltr'><strong>magna</strong></span> <span class='ocrx_word' id='word_1_588' title='bbox 2755 3018 2902 3058; x_wconf 87' lang='lat' dir='ltr'><strong>voce</strong></span> <span class='ocrx_word' id='word_1_589' title='bbox 2933 3004 3233 3072; x_wconf 85' lang='lat' dir='ltr'><strong>clamavit,</strong></span> <span class='ocrx_word' id='word_1_590' title='bbox 3257 3007 3408 3060; x_wconf 90' lang='lat' dir='ltr'><strong>Deus</strong></span> <span class='ocrx_word' id='word_1_591' title='bbox 3439 3004 3519 3060; x_wconf 90' lang='lat' dir='ltr'><strong>Si-</strong></span> 
     </span>
    </p>
   </div>
   <div class='ocr_carea' id='block_1_79' title="bbox 1864 3088 3519 3166">
    <p class='ocr_par' dir='ltr' id='par_1_79' title="bbox 1864 3088 3519 3166">
     <span class='ocr_line' id='line_1_79' title="bbox 1864 3088 3519 3166; baseline 0.004 -22"><span class='ocrx_word' id='word_1_592' title='bbox 1864 3088 2068 3159; x_wconf 88' lang='lat' dir='ltr'><strong>drach,</strong></span> <span class='ocrx_word' id='word_1_593' title='bbox 2125 3090 2302 3145; x_wconf 86' lang='lat' dir='ltr'><strong>Misac</strong></span> <span class='ocrx_word' id='word_1_594' title='bbox 2353 3095 2410 3145; x_wconf 91' lang='lat' dir='ltr'><strong>et</strong></span> <span class='ocrx_word' id='word_1_595' title='bbox 2461 3090 2792 3161; x_wconf 77' lang='lat' dir='ltr'><strong>Abdenago</strong></span> <span class='ocrx_word' id='word_1_596' title='bbox 2860 3094 2962 3166; x_wconf 89' lang='lat' dir='ltr'><strong>qui</strong></span> <span class='ocrx_word' id='word_1_597' title='bbox 3030 3094 3191 3150; x_wconf 89' lang='lat' dir='ltr'><strong>misit</strong></span> <span class='ocrx_word' id='word_1_598' title='bbox 3235 3093 3519 3164; x_wconf 90' lang='lat' dir='ltr'><strong>angelum</strong></span> 
     </span>
    </p>
   </div>
   <div class='ocr_carea' id='block_1_80' title="bbox 1865 3179 3520 3255">
    <p class='ocr_par' dir='ltr' id='par_1_80' title="bbox 1865 3179 3520 3255">
     <span class='ocr_line' id='line_1_80' title="bbox 1865 3179 3520 3255; baseline 0.003 -21"><span class='ocrx_word' id='word_1_599' title='bbox 1865 3195 2064 3242; x_wconf 90' lang='lat' dir='ltr'><strong>suum,</strong></span> <span class='ocrx_word' id='word_1_600' title='bbox 2097 3183 2150 3235; x_wconf 92' lang='lat' dir='ltr'><strong>et</strong></span> <span class='ocrx_word' id='word_1_601' title='bbox 2179 3179 2449 3236; x_wconf 90' lang='lat' dir='ltr'><strong>liberavit</strong></span> <span class='ocrx_word' id='word_1_602' title='bbox 2475 3185 2714 3236; x_wconf 86' lang='lat' dir='ltr'><strong>sanctos</strong></span> <span class='ocrx_word' id='word_1_603' title='bbox 2742 3197 2883 3238; x_wconf 90' lang='lat' dir='ltr'><strong>suos</strong></span> <span class='ocrx_word' id='word_1_604' title='bbox 2927 3199 3144 3255; x_wconf 89' lang='lat' dir='ltr'><strong>pueros</strong></span> <span class='ocrx_word' id='word_1_605' title='bbox 3171 3183 3248 3239; x_wconf 90' lang='lat' dir='ltr'><strong>ab</strong></span> <span class='ocrx_word' id='word_1_606' title='bbox 3278 3183 3436 3253; x_wconf 91' lang='lat' dir='ltr'><strong>igne,</strong></span> <span class='ocrx_word' id='word_1_607' title='bbox 3463 3187 3520 3240; x_wconf 90' lang='lat' dir='ltr'><strong>et</strong></span> 
     </span>
    </p>
   </div>
   <div class='ocr_carea' id='block_1_81' title="bbox 1865 3269 3516 3328">
    <p class='ocr_par' dir='ltr' id='par_1_81' title="bbox 1865 3269 3516 3328">
     <span class='ocr_line' id='line_1_81' title="bbox 1865 3269 3516 3328; baseline 0.002 -3"><span class='ocrx_word' id='word_1_608' title='bbox 1865 3285 1901 3325; x_wconf 90' lang='lat' dir='ltr'><strong>a</strong></span> <span class='ocrx_word' id='word_1_609' title='bbox 1931 3269 2105 3324; x_wconf 90' lang='lat' dir='ltr'><strong>malis</strong></span> <span class='ocrx_word' id='word_1_610' title='bbox 2137 3271 2510 3325; x_wconf 87' lang='lat' dir='ltr'><strong>conservavit</strong></span> <span class='ocrx_word' id='word_1_611' title='bbox 2540 3270 2776 3326; x_wconf 72' lang='lat' dir='ltr'><strong>illtBSOS.</strong></span> <span class='ocrx_word' id='word_1_612' title='bbox 2815 3272 3031 3328; x_wconf 91' lang='lat' dir='ltr'><strong>Deinde</strong></span> <span class='ocrx_word' id='word_1_613' title='bbox 3062 3272 3243 3328; x_wconf 92' lang='lat' dir='ltr'><strong>etiam</strong></span> <span class='ocrx_word' id='word_1_614' title='bbox 3269 3274 3389 3328; x_wconf 88' lang='lat' dir='ltr'><strong>edit</strong></span> <span class='ocrx_word' id='word_1_615' title='bbox 3419 3273 3516 3328; x_wconf 86' lang='lat' dir='ltr'><strong>de-</strong></span> 
     </span>
    </p>
   </div>
   <div class='ocr_carea' id='block_1_82' title="bbox 1863 3359 3516 3431">
    <p class='ocr_par' dir='ltr' id='par_1_82' title="bbox 1863 3359 3516 3431">
     <span class='ocr_line' id='line_1_82' title="bbox 1863 3359 3516 3431; baseline 0.002 -17"><span class='ocrx_word' id='word_1_616' title='bbox 1863 3363 2113 3424; x_wconf 91' lang='lat' dir='ltr'><strong>cretum,</strong></span> <span class='ocrx_word' id='word_1_617' title='bbox 2161 3359 2533 3431; x_wconf 87' lang='lat' dir='ltr'><strong>Quicunque,</strong></span> <span class='ocrx_word' id='word_1_618' title='bbox 2573 3361 2796 3425; x_wconf 84' lang='lat' dir='ltr'><strong>dicens,</strong></span> <span class='ocrx_word' id='word_1_619' title='bbox 2835 3378 2955 3418; x_wconf 92' lang='lat' dir='ltr'><strong>non</strong></span> <span class='ocrx_word' id='word_1_620' title='bbox 3006 3362 3280 3419; x_wconf 86' lang='lat' dir='ltr'><strong>adorabit</strong></span> <span class='ocrx_word' id='word_1_621' title='bbox 3328 3365 3516 3418; x_wconf 92' lang='lat' dir='ltr'><strong>Deum</strong></span> 
     </span>
    </p>
   </div>
   <div class='ocr_carea' id='block_1_83' title="bbox 1865 3447 3515 3520">
    <p class='ocr_par' dir='ltr' id='par_1_83' title="bbox 1865 3447 3515 3520">
     <span class='ocr_line' id='line_1_83' title="bbox 1865 3447 3515 3520; baseline 0.003 -18"><span class='ocrx_word' id='word_1_622' title='bbox 1865 3447 2129 3515; x_wconf 89' lang='lat' dir='ltr'><strong>Sidrach,</strong></span> <span class='ocrx_word' id='word_1_623' title='bbox 2197 3448 2370 3504; x_wconf 85' lang='lat' dir='ltr'><strong>Misac</strong></span> <span class='ocrx_word' id='word_1_624' title='bbox 2431 3451 2488 3504; x_wconf 90' lang='lat' dir='ltr'><strong>et</strong></span> <span class='ocrx_word' id='word_1_625' title='bbox 2536 3449 2887 3520; x_wconf 83' lang='lat' dir='ltr'><strong>Abdenago,</strong></span> <span class='ocrx_word' id='word_1_626' title='bbox 2923 3451 3202 3517; x_wconf 90' lang='lat' dir='ltr'><strong>interibit,</strong></span> <span class='ocrx_word' id='word_1_627' title='bbox 3245 3456 3301 3506; x_wconf 92' lang='lat' dir='ltr'><strong>et</strong></span> <span class='ocrx_word' id='word_1_628' title='bbox 3359 3450 3515 3507; x_wconf 88' lang='lat' dir='ltr'><strong>illius</strong></span> 
     </span>
    </p>
   </div>
   <div class='ocr_carea' id='block_1_84' title="bbox 1860 3535 3518 3612">
    <p class='ocr_par' dir='ltr' id='par_1_84' title="bbox 1860 3535 3518 3612">
     <span class='ocr_line' id='line_1_84' title="bbox 1860 3535 3518 3612; baseline 0.002 -20"><span class='ocrx_word' id='word_1_629' title='bbox 1860 3535 2024 3592; x_wconf 90' lang='lat' dir='ltr'><strong>bona</strong></span> <span class='ocrx_word' id='word_1_630' title='bbox 2045 3536 2250 3592; x_wconf 90' lang='lat' dir='ltr'><strong>omnia</strong></span> <span class='ocrx_word' id='word_1_631' title='bbox 2267 3536 2483 3608; x_wconf 65' lang='lat' dir='ltr'><strong>praedas</strong></span> <span class='ocrx_word' id='word_1_632' title='bbox 2509 3545 2700 3594; x_wconf 89' lang='lat' dir='ltr'><strong>erunt.</strong></span> <span class='ocrx_word' id='word_1_633' title='bbox 2722 3542 2886 3611; x_wconf 90' lang='lat' dir='ltr'><strong>Ipsos</strong></span> <span class='ocrx_word' id='word_1_634' title='bbox 2913 3546 3016 3596; x_wconf 90' lang='lat' dir='ltr'><strong>aut</strong></span> <span class='ocrx_word' id='word_1_635' title='bbox 3036 3540 3346 3596; x_wconf 88' lang='lat' dir='ltr'><strong>embeatos</strong></span> <span class='ocrx_word' id='word_1_636' title='bbox 3372 3555 3518 3612; x_wconf 84' lang='lat' dir='ltr'><strong>pue-</strong></span> 
     </span>
    </p>
   </div>
   <div class='ocr_carea' id='block_1_85' title="bbox 1859 3626 3516 3700">
    <p class='ocr_par' dir='ltr' id='par_1_85' title="bbox 1859 3626 3516 3700">
     <span class='ocr_line' id='line_1_85' title="bbox 1859 3626 3516 3700; baseline 0.002 -18"><span class='ocrx_word' id='word_1_637' title='bbox 1859 3641 1959 3682; x_wconf 90' lang='lat' dir='ltr'><strong>ros</strong></span> <span class='ocrx_word' id='word_1_638' title='bbox 1983 3626 2215 3696; x_wconf 88' lang='lat' dir='ltr'><strong>majori,</strong></span> <span class='ocrx_word' id='word_1_639' title='bbox 2240 3641 2425 3698; x_wconf 90' lang='lat' dir='ltr'><strong>quam</strong></span> <span class='ocrx_word' id='word_1_640' title='bbox 2453 3626 2637 3698; x_wconf 90' lang='lat' dir='ltr'><strong>prius,</strong></span> <span class='ocrx_word' id='word_1_641' title='bbox 2660 3628 2885 3685; x_wconf 89' lang='lat' dir='ltr'><strong>honore</strong></span> <span class='ocrx_word' id='word_1_642' title='bbox 2909 3629 3196 3696; x_wconf 80' lang='lat' dir='ltr'><strong>afﬁciens,</strong></span> <span class='ocrx_word' id='word_1_643' title='bbox 3221 3630 3400 3700; x_wconf 91' lang='lat' dir='ltr'><strong>jussit</strong></span> <span class='ocrx_word' id='word_1_644' title='bbox 3419 3631 3516 3685; x_wconf 82' lang='lat' dir='ltr'><strong>Ju-</strong></span> 
     </span>
    </p>
   </div>
   <div class='ocr_carea' id='block_1_86' title="bbox 1859 3715 2599 3787">
    <p class='ocr_par' dir='ltr' id='par_1_86' title="bbox 1859 3715 2599 3787">
     <span class='ocr_line' id='line_1_86' title="bbox 1859 3715 2599 3787; baseline 0.001 -15"><span class='ocrx_word' id='word_1_645' title='bbox 1859 3715 2003 3772; x_wconf 71' lang='lat' dir='ltr'><strong>dasis</strong></span> <span class='ocrx_word' id='word_1_646' title='bbox 2034 3715 2285 3787; x_wconf 90' lang='lat' dir='ltr'><strong>captivis</strong></span> <span class='ocrx_word' id='word_1_647' title='bbox 2324 3731 2599 3786; x_wconf 69' lang='lat' dir='ltr'><strong>praeesse.</strong></span> 
     </span>
    </p>
   </div>
   <div class='ocr_carea' id='block_1_87' title="bbox 1931 3803 3514 3879">
    <p class='ocr_par' dir='ltr' id='par_1_87' title="bbox 1931 3803 3514 3879">
     <span class='ocr_line' id='line_1_87' title="bbox 1931 3803 3514 3879; baseline 0 -19"><span class='ocrx_word' id='word_1_648' title='bbox 1931 3806 2018 3860; x_wconf 86' lang='lat' dir='ltr'><strong>IX.</strong></span> <span class='ocrx_word' id='word_1_649' title='bbox 2052 3807 2179 3860; x_wconf 88' lang='lat' dir='ltr'><strong>Non</strong></span> <span class='ocrx_word' id='word_1_650' title='bbox 2226 3803 2482 3859; x_wconf 90' lang='lat' dir='ltr'><strong>multum</strong></span> <span class='ocrx_word' id='word_1_651' title='bbox 2513 3805 2840 3862; x_wconf 88' lang='lat' dir='ltr'><strong>intercessit</strong></span> <span class='ocrx_word' id='word_1_652' title='bbox 2874 3807 3178 3879; x_wconf 92' lang='lat' dir='ltr'><strong>temporis,</strong></span> <span class='ocrx_word' id='word_1_653' title='bbox 3212 3812 3265 3862; x_wconf 89' lang='lat' dir='ltr'><strong>et</strong></span> <span class='ocrx_word' id='word_1_654' title='bbox 3306 3821 3514 3861; x_wconf 90' lang='lat' dir='ltr'><strong>rursus</strong></span> 
     </span>
    </p>
   </div>
   <div class='ocr_carea' id='block_1_88' title="bbox 1861 3893 3512 3966">
    <p class='ocr_par' dir='ltr' id='par_1_88' title="bbox 1861 3893 3512 3966">
     <span class='ocr_line' id='line_1_88' title="bbox 1861 3893 3512 3966; baseline 0.001 -16"><span class='ocrx_word' id='word_1_655' title='bbox 1861 3895 1976 3950; x_wconf 90' lang='lat' dir='ltr'><strong>alia</strong></span> <span class='ocrx_word' id='word_1_656' title='bbox 2028 3893 2181 3950; x_wconf 88' lang='lat' dir='ltr'><strong>visio</strong></span> <span class='ocrx_word' id='word_1_657' title='bbox 2223 3893 2346 3962; x_wconf 89' lang='lat' dir='ltr'><strong>regi</strong></span> <span class='ocrx_word' id='word_1_658' title='bbox 2391 3902 2638 3966; x_wconf 89' lang='lat' dir='ltr'><strong>apparet</strong></span> <span class='ocrx_word' id='word_1_659' title='bbox 2667 3895 2726 3950; x_wconf 91' lang='lat' dir='ltr'><strong>in</strong></span> <span class='ocrx_word' id='word_1_660' title='bbox 2758 3897 3004 3951; x_wconf 87' lang='lat' dir='ltr'><strong>somnis.</strong></span> <span class='ocrx_word' id='word_1_661' title='bbox 3050 3896 3368 3951; x_wconf 88' lang='lat' dir='ltr'><strong>Videbatur</strong></span> <span class='ocrx_word' id='word_1_662' title='bbox 3399 3895 3512 3951; x_wconf 90' lang='lat' dir='ltr'><strong>sibi</strong></span> 
     </span>
    </p>
   </div>
   <div class='ocr_carea' id='block_1_89' title="bbox 1860 3983 3512 4056">
    <p class='ocr_par' dir='ltr' id='par_1_89' title="bbox 1860 3983 3512 4056">
     <span class='ocr_line' id='line_1_89' title="bbox 1860 3983 3512 4056; baseline -0.001 -16"><span class='ocrx_word' id='word_1_663' title='bbox 1860 3985 2058 4040; x_wconf 89' lang='lat' dir='ltr'><strong>videre</strong></span> <span class='ocrx_word' id='word_1_664' title='bbox 2089 3983 2364 4039; x_wconf 88' lang='lat' dir='ltr'><strong>arborem</strong></span> <span class='ocrx_word' id='word_1_665' title='bbox 2395 3999 2682 4053; x_wconf 91' lang='lat' dir='ltr'><strong>magnam</strong></span> <span class='ocrx_word' id='word_1_666' title='bbox 2705 3990 2761 4041; x_wconf 91' lang='lat' dir='ltr'><strong>et</strong></span> <span class='ocrx_word' id='word_1_667' title='bbox 2793 3985 3233 4051; x_wconf 89' lang='lat' dir='ltr'><strong>admirabilem,</strong></span> <span class='ocrx_word' id='word_1_668' title='bbox 3262 4001 3397 4056; x_wconf 73' lang='lat' dir='ltr'><strong>quae</strong></span> <span class='ocrx_word' id='word_1_669' title='bbox 3421 4000 3512 4040; x_wconf 87' lang='lat' dir='ltr'><strong>ra-</strong></span> 
     </span>
    </p>
   </div>
   <div class='ocr_carea' id='block_1_90' title="bbox 1861 4072 3512 4144">
    <p class='ocr_par' dir='ltr' id='par_1_90' title="bbox 1861 4072 3512 4144">
     <span class='ocr_line' id='line_1_90' title="bbox 1861 4072 3512 4144; baseline 0.001 -15"><span class='ocrx_word' id='word_1_670' title='bbox 1861 4074 2020 4129; x_wconf 89' lang='lat' dir='ltr'><strong>dices</strong></span> <span class='ocrx_word' id='word_1_671' title='bbox 2072 4072 2315 4144; x_wconf 89' lang='lat' dir='ltr'><strong>quidem</strong></span> <span class='ocrx_word' id='word_1_672' title='bbox 2379 4078 2576 4142; x_wconf 89' lang='lat' dir='ltr'><strong>egerat</strong></span> <span class='ocrx_word' id='word_1_673' title='bbox 2630 4074 2689 4128; x_wconf 93' lang='lat' dir='ltr'><strong>in</strong></span> <span class='ocrx_word' id='word_1_674' title='bbox 2735 4080 2927 4131; x_wconf 89' lang='lat' dir='ltr'><strong>terra:</strong></span> <span class='ocrx_word' id='word_1_675' title='bbox 2985 4076 3166 4131; x_wconf 91' lang='lat' dir='ltr'><strong>crevit</strong></span> <span class='ocrx_word' id='word_1_676' title='bbox 3201 4080 3401 4130; x_wconf 90' lang='lat' dir='ltr'><strong>autem</strong></span> <span class='ocrx_word' id='word_1_677' title='bbox 3456 4079 3512 4130; x_wconf 87' lang='lat' dir='ltr'><strong>et</strong></span> 
     </span>
    </p>
   </div>
   <div class='ocr_carea' id='block_1_91' title="bbox 1862 4163 3513 4239">
    <p class='ocr_par' dir='ltr' id='par_1_91' title="bbox 1862 4163 3513 4239">
     <span class='ocr_line' id='line_1_91' title="bbox 1862 4163 3513 4239; baseline 0.001 -21"><span class='ocrx_word' id='word_1_678' title='bbox 1862 4163 2031 4219; x_wconf 89' lang='lat' dir='ltr'><strong>valde</strong></span> <span class='ocrx_word' id='word_1_679' title='bbox 2069 4163 2234 4220; x_wconf 89' lang='lat' dir='ltr'><strong>fortis</strong></span> <span class='ocrx_word' id='word_1_680' title='bbox 2265 4165 2473 4239; x_wconf 68' lang='lat' dir='ltr'><strong>evasit,</strong></span> <span class='ocrx_word' id='word_1_681' title='bbox 2499 4169 2551 4219; x_wconf 90' lang='lat' dir='ltr'><strong>et</strong></span> <span class='ocrx_word' id='word_1_682' title='bbox 2583 4165 2834 4221; x_wconf 89' lang='lat' dir='ltr'><strong>altitudo</strong></span> <span class='ocrx_word' id='word_1_683' title='bbox 2861 4166 2990 4236; x_wconf 87' lang='lat' dir='ltr'><strong>ejus</strong></span> <span class='ocrx_word' id='word_1_684' title='bbox 3018 4165 3234 4221; x_wconf 71' lang='lat' dir='ltr'><strong>cmlum</strong></span> <span class='ocrx_word' id='word_1_685' title='bbox 3267 4165 3513 4233; x_wconf 88' lang='lat' dir='ltr'><strong>attinge-</strong></span> 
     </span>
    </p>
   </div>
   <div class='ocr_carea' id='block_1_92' title="bbox 1861 4253 3513 4327">
    <p class='ocr_par' dir='ltr' id='par_1_92' title="bbox 1861 4253 3513 4327">
     <span class='ocr_line' id='line_1_92' title="bbox 1861 4253 3513 4327; baseline 0.001 -19"><span class='ocrx_word' id='word_1_686' title='bbox 1861 4253 1980 4319; x_wconf 89' lang='lat' dir='ltr'><strong>bat,</strong></span> <span class='ocrx_word' id='word_1_687' title='bbox 2014 4260 2067 4310; x_wconf 92' lang='lat' dir='ltr'><strong>et</strong></span> <span class='ocrx_word' id='word_1_688' title='bbox 2099 4255 2390 4326; x_wconf 89' lang='lat' dir='ltr'><strong>speciosis</strong></span> <span class='ocrx_word' id='word_1_689' title='bbox 2429 4263 2556 4313; x_wconf 87' lang='lat' dir='ltr'><strong>erat</strong></span> <span class='ocrx_word' id='word_1_690' title='bbox 2585 4261 2822 4312; x_wconf 91' lang='lat' dir='ltr'><strong>comata</strong></span> <span class='ocrx_word' id='word_1_691' title='bbox 2853 4255 3028 4324; x_wconf 91' lang='lat' dir='ltr'><strong>foliis,</strong></span> <span class='ocrx_word' id='word_1_692' title='bbox 3078 4261 3134 4310; x_wconf 91' lang='lat' dir='ltr'><strong>et</strong></span> <span class='ocrx_word' id='word_1_693' title='bbox 3180 4254 3357 4327; x_wconf 88' lang='lat' dir='ltr'><strong>plena</strong></span> <span class='ocrx_word' id='word_1_694' title='bbox 3387 4261 3513 4309; x_wconf 90' lang='lat' dir='ltr'><strong>erat</strong></span> 
     </span>
    </p>
   </div>
   <div class='ocr_carea' id='block_1_93' title="bbox 1857 4344 3508 4414">
    <p class='ocr_par' dir='ltr' id='par_1_93' title="bbox 1857 4344 3508 4414">
     <span class='ocr_line' id='line_1_93' title="bbox 1857 4344 3508 4414; baseline -0.002 -14"><span class='ocrx_word' id='word_1_695' title='bbox 1857 4344 2048 4400; x_wconf 91' lang='lat' dir='ltr'><strong>multo</strong></span> <span class='ocrx_word' id='word_1_696' title='bbox 2074 4345 2262 4401; x_wconf 87' lang='lat' dir='ltr'><strong>fructu</strong></span> <span class='ocrx_word' id='word_1_697' title='bbox 2290 4363 2302 4402; x_wconf 91' lang='lat'>:</span> <span class='ocrx_word' id='word_1_698' title='bbox 2337 4363 2547 4403; x_wconf 92' lang='lat' dir='ltr'><strong>omnes</strong></span> <span class='ocrx_word' id='word_1_699' title='bbox 2592 4363 2732 4402; x_wconf 92' lang='lat' dir='ltr'><strong>vero</strong></span> <span class='ocrx_word' id='word_1_700' title='bbox 2762 4345 2966 4401; x_wconf 63' lang='lat' dir='ltr'><strong>bestia:</strong></span> <span class='ocrx_word' id='word_1_701' title='bbox 2995 4345 3121 4414; x_wconf 89' lang='lat' dir='ltr'><strong>agri</strong></span> <span class='ocrx_word' id='word_1_702' title='bbox 3154 4351 3209 4401; x_wconf 93' lang='lat' dir='ltr'><strong>et</strong></span> <span class='ocrx_word' id='word_1_703' title='bbox 3238 4345 3508 4401; x_wconf 90' lang='lat' dir='ltr'><strong>volucres</strong></span> 
     </span>
    </p>
   </div>
   <div class='ocr_carea' id='block_1_94' title="bbox 167 4432 1752 4524">
    <p class='ocr_par' dir='ltr' id='par_1_94' title="bbox 167 4433 1749 4512">
     <span class='ocr_line' id='line_1_94' title="bbox 167 4433 1749 4512; baseline 0.006 -26"><span class='ocrx_word' id='word_1_704' title='bbox 167 4433 361 4508; x_wconf 63' lang='grc' dir='ltr'>οὐρανοῦ</span> <span class='ocrx_word' id='word_1_705' title='bbox 413 4437 461 4489; x_wconf 88' lang='grc' dir='ltr'>ἐν</span> <span class='ocrx_word' id='word_1_706' title='bbox 509 4441 678 4509; x_wconf 81' lang='grc' dir='ltr'>τούτῳ</span> <span class='ocrx_word' id='word_1_707' title='bbox 721 4447 980 4510; x_wconf 70' lang='grc' dir='ltr'>κατῴκειο</span> <span class='ocrx_word' id='word_1_708' title='bbox 1017 4436 1123 4491; x_wconf 83' lang='grc' dir='ltr'>εἶτα</span> <span class='ocrx_word' id='word_1_709' title='bbox 1174 4445 1262 4493; x_wconf 83' lang='grc' dir='ltr'>καὶ</span> <span class='ocrx_word' id='word_1_710' title='bbox 1314 4448 1449 4512; x_wconf 73' lang='grc' dir='ltr'><strong>φωνή</strong></span> <span class='ocrx_word' id='word_1_711' title='bbox 1500 4463 1574 4503; x_wconf 89' lang='grc' dir='ltr'><strong>τις</strong></span> <span class='ocrx_word' id='word_1_712' title='bbox 1621 4445 1749 4496; x_wconf 83' lang='grc' dir='ltr'>οἴνω-</span> 
     </span>
    </p>
   </div>
   <div class='ocr_carea' id='block_1_95' title="bbox 1865 4432 3512 4524">
    <p class='ocr_par' dir='ltr' id='par_1_95' title="bbox 1865 4432 3512 4524">
     <span class='ocr_line' id='line_1_95' title="bbox 1865 4432 3512 4524; baseline 0.001 -36"><span class='ocrx_word' id='word_1_713' title='bbox 1865 4432 1917 4488; x_wconf 89' lang='lat' dir='ltr'><strong>in</strong></span> <span class='ocrx_word' id='word_1_714' title='bbox 1945 4451 2016 4491; x_wconf 91' lang='lat' dir='ltr'><strong>ea</strong></span> <span class='ocrx_word' id='word_1_715' title='bbox 2044 4435 2416 4492; x_wconf 88' lang='lat' dir='ltr'><strong>habitabant.</strong></span> <span class='ocrx_word' id='word_1_716' title='bbox 2446 4437 2665 4493; x_wconf 91' lang='lat' dir='ltr'><strong>Deinde</strong></span> <span class='ocrx_word' id='word_1_717' title='bbox 2694 4451 2808 4492; x_wconf 86' lang='lat' dir='ltr'><strong>vox</strong></span> <span class='ocrx_word' id='word_1_718' title='bbox 2833 4451 3076 4507; x_wconf 92' lang='lat' dir='ltr'><strong>quoque</strong></span> <span class='ocrx_word' id='word_1_719' title='bbox 3107 4434 3391 4507; x_wconf 77' lang='lat' dir='ltr'><strong>quaedam</strong></span> <span class='ocrx_word' id='word_1_720' title='bbox 3422 4449 3512 4524; x_wconf 86' lang='lat' dir='ltr'><strong>re-</strong></span> 
     </span>
    </p>
   </div>
   <div class='ocr_carea' id='block_1_96' title="bbox 170 4523 1744 4602">
    <p class='ocr_par' dir='ltr' id='par_1_96' title="bbox 170 4523 1744 4602">
     <span class='ocr_line' id='line_1_96' title="bbox 170 4523 1744 4602; baseline 0.008 -31"><span class='ocrx_word' id='word_1_721' title='bbox 170 4523 236 4572; x_wconf 78' lang='grc' dir='ltr'><strong>θεν</strong></span> <span class='ocrx_word' id='word_1_722' title='bbox 280 4524 437 4596; x_wconf 77' lang='grc' dir='ltr'>ἀθρόα</span> <span class='ocrx_word' id='word_1_723' title='bbox 508 4533 693 4600; x_wconf 79' lang='grc' dir='ltr'>προῃει</span> <span class='ocrx_word' id='word_1_724' title='bbox 747 4527 969 4600; x_wconf 84' lang='grc' dir='ltr'>ἐκτεμεῖν</span> <span class='ocrx_word' id='word_1_725' title='bbox 1027 4533 1084 4580; x_wconf 90' lang='grc' dir='ltr'><strong>τό</strong></span> <span class='ocrx_word' id='word_1_726' title='bbox 1149 4527 1362 4602; x_wconf 82' lang='grc' dir='ltr'>δένδρον</span> <span class='ocrx_word' id='word_1_727' title='bbox 1443 4531 1744 4598; x_wconf 70' lang='grc' dir='ltr'>κελεύουσα,</span> 
     </span>
    </p>
   </div>
   <div class='ocr_carea' id='block_1_97' title="bbox 166 4611 1744 4690">
    <p class='ocr_par' dir='ltr' id='par_1_97' title="bbox 166 4611 1744 4690">
     <span class='ocr_line' id='line_1_97' title="bbox 166 4611 1744 4690; baseline 0.01 -30"><span class='ocrx_word' id='word_1_728' title='bbox 166 4616 305 4679; x_wconf 77' lang='grc' dir='ltr'>μόνην</span> <span class='ocrx_word' id='word_1_729' title='bbox 356 4611 413 4668; x_wconf 73' lang='grc' dir='ltr'><strong>δε</strong></span> <span class='ocrx_word' id='word_1_730' title='bbox 465 4621 562 4674; x_wconf 78' lang='grc' dir='ltr'>τὴν</span> <span class='ocrx_word' id='word_1_731' title='bbox 614 4626 704 4676; x_wconf 80' lang='grc' dir='ltr'>τῆς</span> <span class='ocrx_word' id='word_1_732' title='bbox 748 4618 902 4690; x_wconf 80' lang='grc' dir='ltr'>ῥίζης</span> <span class='ocrx_word' id='word_1_733' title='bbox 958 4620 1170 4675; x_wconf 81' lang='grc' dir='ltr'>ἐαθῆναι</span> <span class='ocrx_word' id='word_1_734' title='bbox 1214 4626 1376 4690; x_wconf 75' lang='grc' dir='ltr'><strong>φυήν⁶</strong></span> <span class='ocrx_word' id='word_1_735' title='bbox 1412 4628 1498 4673; x_wconf 80' lang='grc' dir='ltr'>καὶ</span> <span class='ocrx_word' id='word_1_736' title='bbox 1545 4620 1610 4679; x_wconf 76' lang='grc' dir='ltr'>δὴ</span> <span class='ocrx_word' id='word_1_737' title='bbox 1657 4630 1744 4676; x_wconf 87' lang='grc' dir='ltr'>καὶ</span> 
     </span>
    </p>
   </div>
   <div class='ocr_carea' id='block_1_98' title="bbox 168 4697 1742 4786">
    <p class='ocr_par' dir='ltr' id='par_1_98' title="bbox 168 4697 1742 4786">
     <span class='ocr_line' id='line_1_98' title="bbox 168 4697 1742 4786; baseline 0.008 -34"><span class='ocrx_word' id='word_1_738' title='bbox 168 4697 371 4764; x_wconf 76' lang='grc' dir='ltr'>ἐτέμνετο</span> <span class='ocrx_word' id='word_1_739' title='bbox 424 4711 514 4756; x_wconf 87' lang='lat' dir='ltr'><strong>xui</strong></span> <span class='ocrx_word' id='word_1_740' title='bbox 573 4709 638 4757; x_wconf 79' lang='grc' dir='ltr'>τὰ</span> <span class='ocrx_word' id='word_1_741' title='bbox 690 4707 852 4778; x_wconf 44' lang='lat' dir='ltr'><strong>pinu</strong></span> <span class='ocrx_word' id='word_1_742' title='bbox 912 4704 1067 4760; x_wconf 87' lang='grc' dir='ltr'>τοῦδε</span> <span class='ocrx_word' id='word_1_743' title='bbox 1121 4719 1454 4781; x_wconf 81' lang='grc' dir='ltr'>παραχρῆμα</span> <span class='ocrx_word' id='word_1_744' title='bbox 1512 4710 1742 4786; x_wconf 71' lang='grc' dir='ltr'>ἐξερροί-</span> 
     </span>
    </p>
   </div>
   <div class='ocr_carea' id='block_1_99' title="bbox 172 4794 1744 4866">
    <p class='ocr_par' dir='ltr' id='par_1_99' title="bbox 172 4794 1744 4866">
     <span class='ocr_line' id='line_1_99' title="bbox 172 4794 1744 4866; baseline 0.008 -24"><span class='ocrx_word' id='word_1_745' title='bbox 172 4807 319 4855; x_wconf 76' lang='grc' dir='ltr'>σκετο,</span> <span class='ocrx_word' id='word_1_746' title='bbox 349 4799 436 4846; x_wconf 89' lang='lat' dir='ltr'><strong>xui</strong></span> <span class='ocrx_word' id='word_1_747' title='bbox 482 4798 546 4846; x_wconf 80' lang='grc' dir='ltr'>τὰ</span> <span class='ocrx_word' id='word_1_748' title='bbox 600 4794 648 4846; x_wconf 82' lang='grc' dir='ltr'>ἐν</span> <span class='ocrx_word' id='word_1_749' title='bbox 703 4796 842 4866; x_wconf 71' lang='grc' dir='ltr'>αὐτῷ</span> <span class='ocrx_word' id='word_1_750' title='bbox 889 4798 1054 4848; x_wconf 88' lang='grc' dir='ltr'>πάντα</span> <span class='ocrx_word' id='word_1_751' title='bbox 1101 4801 1208 4859; x_wconf 76' lang='grc' dir='ltr'>ζῶα</span> <span class='ocrx_word' id='word_1_752' title='bbox 1238 4803 1326 4850; x_wconf 86' lang='grc' dir='ltr'>καὶ</span> <span class='ocrx_word' id='word_1_753' title='bbox 1373 4805 1576 4852; x_wconf 76' lang='grc' dir='ltr'>πετεινὰ</span> <span class='ocrx_word' id='word_1_754' title='bbox 1626 4804 1744 4854; x_wconf 77' lang='grc' dir='ltr'>θᾶτ-</span> 
     </span>
    </p>
   </div>
   <div class='ocr_carea' id='block_1_100' title="bbox 169 4881 1743 4961">
    <p class='ocr_par' dir='ltr' id='par_1_100' title="bbox 169 4881 1743 4961">
     <span class='ocr_line' id='line_1_100' title="bbox 169 4881 1743 4961; baseline 0.012 -35"><span class='ocrx_word' id='word_1_755' title='bbox 169 4895 238 4928; x_wconf 83' lang='grc' dir='ltr'><strong>τον</strong></span> <span class='ocrx_word' id='word_1_756' title='bbox 287 4881 557 4952; x_wconf 65' lang='grc' dir='ltr'>ἀφίστατο.</span> <span class='ocrx_word' id='word_1_757' title='bbox 603 4884 660 4936; x_wconf 88' lang='grc'><strong>’0</strong></span> <span class='ocrx_word' id='word_1_758' title='bbox 703 4888 793 4956; x_wconf 72' lang='grc' dir='ltr'><strong>μεν</strong></span> <span class='ocrx_word' id='word_1_759' title='bbox 847 4891 1039 4958; x_wconf 76' lang='grc' dir='ltr'>ὄνειρος</span> <span class='ocrx_word' id='word_1_760' title='bbox 1086 4887 1248 4946; x_wconf 73' lang='grc' dir='ltr'>οὗτος·</span> <span class='ocrx_word' id='word_1_761' title='bbox 1299 4890 1322 4938; x_wconf 82' lang='grc' dir='ltr'><strong>ό</strong></span> <span class='ocrx_word' id='word_1_762' title='bbox 1374 4885 1432 4941; x_wconf 74' lang='grc' dir='ltr'>δὲ</span> <span class='ocrx_word' id='word_1_763' title='bbox 1491 4890 1743 4961; x_wconf 73' lang='grc' dir='ltr'>βασιλεὺς</span> 
     </span>
    </p>
   </div>
   <div class='ocr_carea' id='block_1_101' title="bbox 167 4970 1743 5049">
    <p class='ocr_par' dir='ltr' id='par_1_101' title="bbox 167 4970 1743 5049">
     <span class='ocr_line' id='line_1_101' title="bbox 167 4970 1743 5049; baseline 0.011 -33"><span class='ocrx_word' id='word_1_764' title='bbox 167 4976 243 5018; x_wconf 73' lang='grc' dir='ltr'><strong>τοῦ</strong></span> <span class='ocrx_word' id='word_1_765' title='bbox 293 4972 448 5024; x_wconf 79' lang='grc' dir='ltr'>ῦπνου</span> <span class='ocrx_word' id='word_1_766' title='bbox 504 4970 789 5034; x_wconf 80' lang='grc' dir='ltr'>διαναστὰς</span> <span class='ocrx_word' id='word_1_767' title='bbox 841 4981 924 5026; x_wconf 87' lang='lat' dir='ltr'><strong>xui</strong></span> <span class='ocrx_word' id='word_1_768' title='bbox 980 4975 1130 5028; x_wconf 75' lang='grc' dir='ltr'>πάλιν</span> <span class='ocrx_word' id='word_1_769' title='bbox 1183 4981 1298 5037; x_wconf 76' lang='grc' dir='ltr'>τοὺς</span> <span class='ocrx_word' id='word_1_770' title='bbox 1349 4981 1548 5049; x_wconf 81' lang='grc' dir='ltr'>μάγους</span> <span class='ocrx_word' id='word_1_771' title='bbox 1600 4983 1743 5034; x_wconf 69' lang='grc' dir='ltr'>καλέ-</span> 
     </span>
    </p>
   </div>
   <div class='ocr_carea' id='block_1_102' title="bbox 171 5056 1740 5140">
    <p class='ocr_par' dir='ltr' id='par_1_102' title="bbox 171 5056 1740 5140">
     <span class='ocr_line' id='line_1_102' title="bbox 171 5056 1740 5140; baseline 0.006 -31"><span class='ocrx_word' id='word_1_772' title='bbox 171 5073 269 5119; x_wconf 78' lang='grc' dir='ltr'>σας,</span> <span class='ocrx_word' id='word_1_773' title='bbox 311 5056 503 5133; x_wconf 70' lang='grc' dir='ltr'>διεξῄει</span> <span class='ocrx_word' id='word_1_774' title='bbox 555 5067 610 5114; x_wconf 87' lang='grc' dir='ltr'><strong>τό</strong></span> <span class='ocrx_word' id='word_1_775' title='bbox 672 5065 844 5116; x_wconf 77' lang='grc' dir='ltr'>θεαθεν</span> <span class='ocrx_word' id='word_1_776' title='bbox 893 5069 976 5116; x_wconf 82' lang='lat' dir='ltr'><strong>xui</strong></span> <span class='ocrx_word' id='word_1_777' title='bbox 1026 5065 1135 5136; x_wconf 82' lang='grc' dir='ltr'>οἶμα</span> <span class='ocrx_word' id='word_1_778' title='bbox 1186 5071 1234 5116; x_wconf 85' lang='grc' dir='ltr'><strong>τί</strong></span> <span class='ocrx_word' id='word_1_779' title='bbox 1286 5073 1532 5137; x_wconf 81' lang='grc' dir='ltr'>σημαίνοι</span> <span class='ocrx_word' id='word_1_780' title='bbox 1577 5069 1740 5140; x_wconf 67' lang='grc' dir='ltr'>λέγειν</span> 
     </span>
    </p>
   </div>
   <div class='ocr_carea' id='block_1_103' title="bbox 169 5143 1736 5224">
    <p class='ocr_par' dir='ltr' id='par_1_103' title="bbox 169 5143 1736 5224">
     <span class='ocr_line' id='line_1_103' title="bbox 169 5143 1736 5224; baseline 0.004 -19"><span class='ocrx_word' id='word_1_781' title='bbox 169 5143 335 5205; x_wconf 63' lang='grc' dir='ltr'>ίῖξίου·</span> <span class='ocrx_word' id='word_1_782' title='bbox 389 5157 692 5222; x_wconf 85' lang='grc' dir='ltr'>παραυτίκα</span> <span class='ocrx_word' id='word_1_783' title='bbox 737 5161 834 5204; x_wconf 87' lang='grc' dir='ltr'>τῶν</span> <span class='ocrx_word' id='word_1_784' title='bbox 891 5157 978 5224; x_wconf 75' lang='grc' dir='ltr'>μὲν</span> <span class='ocrx_word' id='word_1_785' title='bbox 1037 5154 1198 5204; x_wconf 52' lang='grc' dir='ltr'>ἀλλων</span> <span class='ocrx_word' id='word_1_786' title='bbox 1257 5151 1428 5217; x_wconf 66' lang='grc' dir='ltr'>οὐδεὶς</span> <span class='ocrx_word' id='word_1_787' title='bbox 1508 5154 1736 5218; x_wconf 78' lang='grc' dir='ltr'>ἐδυνήθη</span> 
     </span>
    </p>
   </div>
   <div class='ocr_carea' id='block_1_104' title="bbox 165 5237 1739 5320">
    <p class='ocr_par' dir='ltr' id='par_1_104' title="bbox 165 5237 1739 5320">
     <span class='ocr_line' id='line_1_104' title="bbox 165 5237 1739 5320; baseline 0.009 -33"><span class='ocrx_word' id='word_1_788' title='bbox 165 5239 245 5288; x_wconf 76' lang='grc' dir='ltr'>τήν</span> <span class='ocrx_word' id='word_1_789' title='bbox 293 5241 471 5290; x_wconf 76' lang='grc' dir='ltr'>τούτου</span> <span class='ocrx_word' id='word_1_790' title='bbox 527 5237 756 5298; x_wconf 70' lang='grc' dir='ltr'>δήλωσιν</span> <span class='ocrx_word' id='word_1_791' title='bbox 808 5242 1028 5314; x_wconf 66' lang='grc' dir='ltr'>ἐφευρεῖν</span> <span class='ocrx_word' id='word_1_792' title='bbox 1072 5248 1160 5295; x_wconf 88' lang='lat' dir='ltr'><strong>xui</strong></span> <span class='ocrx_word' id='word_1_793' title='bbox 1209 5247 1265 5294; x_wconf 85' lang='grc' dir='ltr'><strong>τό</strong></span> <span class='ocrx_word' id='word_1_794' title='bbox 1298 5243 1477 5315; x_wconf 77' lang='grc' dir='ltr'>μέλλον</span> <span class='ocrx_word' id='word_1_795' title='bbox 1526 5245 1739 5320; x_wconf 75' lang='grc' dir='ltr'>ἐμφανί-</span> 
     </span>
    </p>
   </div>
   <div class='ocr_carea' id='block_1_105' title="bbox 168 5328 1734 5410">
    <p class='ocr_par' dir='ltr' id='par_1_105' title="bbox 168 5328 1734 5410">
     <span class='ocr_line' id='line_1_105' title="bbox 168 5328 1734 5410; baseline 0.011 -40"><span class='ocrx_word' id='word_1_796' title='bbox 168 5339 245 5372; x_wconf 80' lang='grc' dir='ltr'><strong>σαι</strong></span> <span class='ocrx_word' id='word_1_797' title='bbox 297 5336 363 5394; x_wconf 79' lang='grc' dir='ltr'><em>τῴ</em></span> <span class='ocrx_word' id='word_1_798' title='bbox 413 5328 639 5400; x_wconf 74' lang='grc' dir='ltr'>βασιλεῖ,</span> <span class='ocrx_word' id='word_1_799' title='bbox 693 5332 878 5389; x_wconf 76' lang='grc' dir='ltr'>Δανιὴλ</span> <span class='ocrx_word' id='word_1_800' title='bbox 928 5330 985 5384; x_wconf 82' lang='grc' dir='ltr'><strong>δε</strong></span> <span class='ocrx_word' id='word_1_801' title='bbox 1023 5338 1171 5400; x_wconf 83' lang='grc' dir='ltr'>μόνος</span> <span class='ocrx_word' id='word_1_802' title='bbox 1214 5339 1304 5385; x_wconf 83' lang='lat' dir='ltr'><strong>xui</strong></span> <span class='ocrx_word' id='word_1_803' title='bbox 1351 5337 1490 5386; x_wconf 84' lang='grc' dir='ltr'>τοῦτ’</span> <span class='ocrx_word' id='word_1_804' title='bbox 1545 5339 1734 5410; x_wconf 84' lang='grc' dir='ltr'>ἔκρινεν</span> 
     </span>
    </p>
   </div>
   <div class='ocr_carea' id='block_1_106' title="bbox 164 5415 1734 5498">
    <p class='ocr_par' dir='ltr' id='par_1_106' title="bbox 164 5415 1734 5498">
     <span class='ocr_line' id='line_1_106' title="bbox 164 5415 1734 5498; baseline 0.011 -40"><span class='ocrx_word' id='word_1_805' title='bbox 164 5416 240 5461; x_wconf 80' lang='grc' dir='ltr'>καὶ</span> <span class='ocrx_word' id='word_1_806' title='bbox 279 5417 442 5477; x_wconf 75' lang='grc' dir='ltr'>καθὼς</span> <span class='ocrx_word' id='word_1_807' title='bbox 495 5415 640 5480; x_wconf 73' lang='grc' dir='ltr'>οὗτος</span> <span class='ocrx_word' id='word_1_808' title='bbox 692 5427 948 5491; x_wconf 85' lang='grc' dir='ltr'>προεῖπεν,</span> <span class='ocrx_word' id='word_1_809' title='bbox 1007 5419 1169 5480; x_wconf 80' lang='grc' dir='ltr'>ἀπέϐη</span> <span class='ocrx_word' id='word_1_810' title='bbox 1207 5440 1220 5453; x_wconf 80' lang='grc'><strong><em>⁸</em></strong></span> <span class='ocrx_word' id='word_1_811' title='bbox 1255 5425 1424 5496; x_wconf 83' lang='grc' dir='ltr'>εἰρηκε</span> <span class='ocrx_word' id='word_1_812' title='bbox 1475 5428 1597 5498; x_wconf 76' lang='grc' dir='ltr'>γὰρ,</span> <span class='ocrx_word' id='word_1_813' title='bbox 1654 5430 1734 5480; x_wconf 66' lang='grc' dir='ltr'>ὅτι</span> 
     </span>
    </p>
   </div>
   <div class='ocr_carea' id='block_1_107' title="bbox 167 5498 1731 5588">
    <p class='ocr_par' dir='ltr' id='par_1_107' title="bbox 167 5498 1731 5588">
     <span class='ocr_line' id='line_1_107' title="bbox 167 5498 1731 5588; baseline 0.012 -37"><span class='ocrx_word' id='word_1_814' title='bbox 167 5502 221 5548; x_wconf 70' lang='grc' dir='ltr'>Σύ</span> <span class='ocrx_word' id='word_1_815' title='bbox 249 5498 289 5551; x_wconf 81' lang='grc' dir='ltr'><strong>εἰ</strong></span> <span class='ocrx_word' id='word_1_816' title='bbox 317 5508 370 5554; x_wconf 89' lang='grc' dir='ltr'><strong>τό</strong></span> <span class='ocrx_word' id='word_1_817' title='bbox 411 5503 637 5582; x_wconf 83' lang='grc' dir='ltr'>δένδρον,</span> <span class='ocrx_word' id='word_1_818' title='bbox 670 5512 788 5582; x_wconf 83' lang='grc' dir='ltr'>ὅπερ</span> <span class='ocrx_word' id='word_1_819' title='bbox 824 5507 974 5576; x_wconf 83' lang='grc' dir='ltr'>εἶδες,</span> <span class='ocrx_word' id='word_1_820' title='bbox 1027 5511 1064 5561; x_wconf 82' lang='grc' dir='ltr'>ὦ</span> <span class='ocrx_word' id='word_1_821' title='bbox 1098 5509 1337 5583; x_wconf 78' lang='grc' dir='ltr'>βασιλεῦ,</span> <span class='ocrx_word' id='word_1_822' title='bbox 1369 5518 1457 5565; x_wconf 85' lang='grc' dir='ltr'>καὶ</span> <span class='ocrx_word' id='word_1_823' title='bbox 1501 5514 1557 5566; x_wconf 68' lang='grc' dir='ltr'>οὗ</span> <span class='ocrx_word' id='word_1_824' title='bbox 1602 5520 1731 5588; x_wconf 83' lang='grc' dir='ltr'><strong>μετά</strong></span> 
     </span>
    </p>
   </div>
   <div class='ocr_carea' id='block_1_108' title="bbox 167 5584 1723 5675">
    <p class='ocr_par' dir='ltr' id='par_1_108' title="bbox 167 5584 1723 5675">
     <span class='ocr_line' id='line_1_108' title="bbox 167 5584 1723 5675; baseline 0.003 -23"><span class='ocrx_word' id='word_1_825' title='bbox 167 5584 327 5662; x_wconf 69' lang='grc' dir='ltr'>βραχὺ</span> <span class='ocrx_word' id='word_1_826' title='bbox 356 5604 451 5656; x_wconf 73' lang='grc' dir='ltr'>τῆς</span> <span class='ocrx_word' id='word_1_827' title='bbox 491 5596 656 5673; x_wconf 78' lang='grc' dir='ltr'>ἀρχῆς</span> <span class='ocrx_word' id='word_1_828' title='bbox 686 5599 896 5673; x_wconf 74' lang='grc' dir='ltr'>ἐκπεσῇ·</span> <span class='ocrx_word' id='word_1_829' title='bbox 928 5607 1076 5654; x_wconf 82' lang='grc' dir='ltr'>τοῦτο</span> <span class='ocrx_word' id='word_1_830' title='bbox 1104 5602 1205 5673; x_wconf 83' lang='grc' dir='ltr'>γὰρ</span> <span class='ocrx_word' id='word_1_831' title='bbox 1256 5603 1284 5658; x_wconf 83' lang='grc' dir='ltr'>ἡ</span> <span class='ocrx_word' id='word_1_832' title='bbox 1332 5607 1463 5675; x_wconf 83' lang='grc' dir='ltr'>τομὴ</span> <span class='ocrx_word' id='word_1_833' title='bbox 1514 5601 1723 5664; x_wconf 75' lang='grc' dir='ltr'>ἐδήλουο</span> 
     </span>
    </p>
   </div>
   <div class='ocr_carea' id='block_1_109' title="bbox 1855 4523 3510 4598">
    <p class='ocr_par' dir='ltr' id='par_1_109' title="bbox 1855 4523 3510 4598">
     <span class='ocr_line' id='line_1_109' title="bbox 1855 4523 3510 4598; baseline -0.001 -19"><span class='ocrx_word' id='word_1_834' title='bbox 1855 4529 2029 4596; x_wconf 89' lang='lat' dir='ltr'><strong>pente</strong></span> <span class='ocrx_word' id='word_1_835' title='bbox 2061 4542 2131 4580; x_wconf 82' lang='lat' dir='ltr'><strong>ex</strong></span> <span class='ocrx_word' id='word_1_836' title='bbox 2163 4525 2281 4581; x_wconf 88' lang='lat' dir='ltr'><strong>alto</strong></span> <span class='ocrx_word' id='word_1_837' title='bbox 2303 4527 2539 4592; x_wconf 85' lang='lat' dir='ltr'><strong>exstitit,</strong></span> <span class='ocrx_word' id='word_1_838' title='bbox 2559 4525 3251 4598; x_wconf 75' lang='lat' dir='ltr'><strong>quaejubebatarborein</strong></span> <span class='ocrx_word' id='word_1_839' title='bbox 3281 4523 3510 4579; x_wconf 85' lang='lat' dir='ltr'><strong>exscin-</strong></span> 
     </span>
    </p>
   </div>
   <div class='ocr_carea' id='block_1_110' title="bbox 1854 4614 3509 4685">
    <p class='ocr_par' dir='ltr' id='par_1_110' title="bbox 1854 4614 3509 4685">
     <span class='ocr_line' id='line_1_110' title="bbox 1854 4614 3509 4685; baseline -0.001 -15"><span class='ocrx_word' id='word_1_840' title='bbox 1854 4615 2013 4681; x_wconf 90' lang='lat' dir='ltr'><strong>dere,</strong></span> <span class='ocrx_word' id='word_1_841' title='bbox 2041 4615 2235 4670; x_wconf 88' lang='lat' dir='ltr'><strong>solum</strong></span> <span class='ocrx_word' id='word_1_842' title='bbox 2285 4621 2483 4672; x_wconf 89' lang='lat' dir='ltr'><strong>autem</strong></span> <span class='ocrx_word' id='word_1_843' title='bbox 2529 4616 2741 4672; x_wconf 91' lang='lat' dir='ltr'><strong>dimitti</strong></span> <span class='ocrx_word' id='word_1_844' title='bbox 2804 4631 3047 4685; x_wconf 85' lang='lat' dir='ltr'><strong>germen</strong></span> <span class='ocrx_word' id='word_1_845' title='bbox 3105 4615 3338 4670; x_wconf 90' lang='lat' dir='ltr'><strong>radicis.</strong></span> <span class='ocrx_word' id='word_1_846' title='bbox 3383 4614 3509 4670; x_wconf 83' lang='lat' dir='ltr'><strong>Fuit</strong></span> 
     </span>
    </p>
   </div>
   <div class='ocr_carea' id='block_1_111' title="bbox 1853 4703 3508 4776">
    <p class='ocr_par' dir='ltr' id='par_1_111' title="bbox 1853 4703 3508 4776">
     <span class='ocr_line' id='line_1_111' title="bbox 1853 4703 3508 4776; baseline -0.001 -18"><span class='ocrx_word' id='word_1_847' title='bbox 1853 4704 2052 4776; x_wconf 89' lang='lat' dir='ltr'><strong>itaque</strong></span> <span class='ocrx_word' id='word_1_848' title='bbox 2091 4705 2308 4767; x_wconf 83' lang='lat' dir='ltr'><strong>excisa,</strong></span> <span class='ocrx_word' id='word_1_849' title='bbox 2341 4709 2397 4760; x_wconf 92' lang='lat' dir='ltr'><strong>et</strong></span> <span class='ocrx_word' id='word_1_850' title='bbox 2425 4705 2554 4775; x_wconf 90' lang='lat' dir='ltr'><strong>ejus</strong></span> <span class='ocrx_word' id='word_1_851' title='bbox 2592 4705 2732 4761; x_wconf 90' lang='lat' dir='ltr'><strong>folia</strong></span> <span class='ocrx_word' id='word_1_852' title='bbox 2760 4709 3002 4776; x_wconf 89' lang='lat' dir='ltr'><strong>repente</strong></span> <span class='ocrx_word' id='word_1_853' title='bbox 3033 4703 3413 4761; x_wconf 79' lang='lat' dir='ltr'><strong>eﬂluxerunt:</strong></span> <span class='ocrx_word' id='word_1_854' title='bbox 3451 4706 3508 4758; x_wconf 87' lang='lat' dir='ltr'><strong>et</strong></span> 
     </span>
    </p>
   </div>
   <div class='ocr_carea' id='block_1_112' title="bbox 1851 4792 3504 4866">
    <p class='ocr_par' dir='ltr' id='par_1_112' title="bbox 1851 4792 3504 4866">
     <span class='ocr_line' id='line_1_112' title="bbox 1851 4792 3504 4866; baseline 0 -18"><span class='ocrx_word' id='word_1_855' title='bbox 1851 4810 1985 4866; x_wconf 64' lang='lat' dir='ltr'><strong>quae</strong></span> <span class='ocrx_word' id='word_1_856' title='bbox 2026 4798 2196 4849; x_wconf 89' lang='lat' dir='ltr'><strong>erant</strong></span> <span class='ocrx_word' id='word_1_857' title='bbox 2233 4792 2294 4848; x_wconf 92' lang='lat' dir='ltr'><strong>in</strong></span> <span class='ocrx_word' id='word_1_858' title='bbox 2347 4810 2437 4858; x_wconf 91' lang='lat' dir='ltr'><strong>ea,</strong></span> <span class='ocrx_word' id='word_1_859' title='bbox 2478 4810 2690 4849; x_wconf 88' lang='lat' dir='ltr'><strong>omnes</strong></span> <span class='ocrx_word' id='word_1_860' title='bbox 2740 4795 3075 4851; x_wconf 89' lang='lat' dir='ltr'><strong>animantes</strong></span> <span class='ocrx_word' id='word_1_861' title='bbox 3107 4799 3164 4848; x_wconf 90' lang='lat' dir='ltr'><strong>et</strong></span> <span class='ocrx_word' id='word_1_862' title='bbox 3207 4793 3504 4859; x_wconf 80' lang='lat' dir='ltr'><strong>volucres,</strong></span> 
     </span>
    </p>
   </div>
   <div class='ocr_carea' id='block_1_113' title="bbox 1851 4885 3501 4957">
    <p class='ocr_par' dir='ltr' id='par_1_113' title="bbox 1851 4885 3501 4957">
     <span class='ocr_line' id='line_1_113' title="bbox 1851 4885 3501 4957; baseline 0 -17"><span class='ocrx_word' id='word_1_863' title='bbox 1851 4885 1966 4940; x_wconf 94' lang='lat' dir='ltr'><strong>cito</strong></span> <span class='ocrx_word' id='word_1_864' title='bbox 1992 4889 2380 4941; x_wconf 89' lang='lat' dir='ltr'><strong>recesserunt.</strong></span> <span class='ocrx_word' id='word_1_865' title='bbox 2424 4891 2609 4956; x_wconf 85' lang='lat' dir='ltr'><strong>Atque</strong></span> <span class='ocrx_word' id='word_1_866' title='bbox 2635 4885 2739 4941; x_wconf 86' lang='lat' dir='ltr'><strong>fuit</strong></span> <span class='ocrx_word' id='word_1_867' title='bbox 2763 4885 3007 4957; x_wconf 92' lang='lat' dir='ltr'><strong>quidem</strong></span> <span class='ocrx_word' id='word_1_868' title='bbox 3034 4886 3143 4940; x_wconf 88' lang='lat' dir='ltr'><strong>hoc</strong></span> <span class='ocrx_word' id='word_1_869' title='bbox 3176 4885 3501 4940; x_wconf 89' lang='lat' dir='ltr'><strong>somnium.</strong></span> 
     </span>
    </p>
   </div>
   <div class='ocr_carea' id='block_1_114' title="bbox 1851 4975 3504 5045">
    <p class='ocr_par' dir='ltr' id='par_1_114' title="bbox 1851 4975 3504 5045">
     <span class='ocr_line' id='line_1_114' title="bbox 1851 4975 3504 5045; baseline -0.001 -16"><span class='ocrx_word' id='word_1_870' title='bbox 1851 4975 1972 5029; x_wconf 81' lang='lat' dir='ltr'><strong>Rex</strong></span> <span class='ocrx_word' id='word_1_871' title='bbox 2001 4979 2194 5030; x_wconf 87' lang='lat' dir='ltr'><strong>autem</strong></span> <span class='ocrx_word' id='word_1_872' title='bbox 2219 4991 2249 5029; x_wconf 94' lang='lat' dir='ltr'><strong>e</strong></span> <span class='ocrx_word' id='word_1_873' title='bbox 2290 4990 2504 5030; x_wconf 91' lang='lat' dir='ltr'><strong>somno</strong></span> <span class='ocrx_word' id='word_1_874' title='bbox 2535 4976 2842 5040; x_wconf 88' lang='lat' dir='ltr'><strong>excitatus,</strong></span> <span class='ocrx_word' id='word_1_875' title='bbox 2877 4975 3062 5045; x_wconf 89' lang='lat' dir='ltr'><strong>Magis</strong></span> <span class='ocrx_word' id='word_1_876' title='bbox 3089 4991 3296 5030; x_wconf 89' lang='lat' dir='ltr'><strong>rursus</strong></span> <span class='ocrx_word' id='word_1_877' title='bbox 3327 4988 3504 5028; x_wconf 88' lang='lat' dir='ltr'><strong>voca—</strong></span> 
     </span>
    </p>
   </div>
   <div class='ocr_carea' id='block_1_115' title="bbox 1851 5061 3501 5134">
    <p class='ocr_par' dir='ltr' id='par_1_115' title="bbox 1851 5061 3501 5134">
     <span class='ocr_line' id='line_1_115' title="bbox 1851 5061 3501 5134; baseline -0.002 -16"><span class='ocrx_word' id='word_1_878' title='bbox 1851 5065 1921 5118; x_wconf 87' lang='lat' dir='ltr'><strong>tis</strong></span> <span class='ocrx_word' id='word_1_879' title='bbox 1959 5069 2161 5120; x_wconf 89' lang='lat' dir='ltr'><strong>narrat</strong></span> <span class='ocrx_word' id='word_1_880' title='bbox 2185 5065 2260 5128; x_wconf 86' lang='lat' dir='ltr'><strong>id,</strong></span> <span class='ocrx_word' id='word_1_881' title='bbox 2290 5063 2455 5134; x_wconf 93' lang='lat' dir='ltr'><strong>quod</strong></span> <span class='ocrx_word' id='word_1_882' title='bbox 2488 5063 2682 5118; x_wconf 87' lang='lat' dir='ltr'><strong>visum</strong></span> <span class='ocrx_word' id='word_1_883' title='bbox 2715 5063 2938 5121; x_wconf 91' lang='lat' dir='ltr'><strong>fuerat:</strong></span> <span class='ocrx_word' id='word_1_884' title='bbox 2967 5069 3023 5120; x_wconf 93' lang='lat' dir='ltr'><strong>et</strong></span> <span class='ocrx_word' id='word_1_885' title='bbox 3053 5063 3229 5119; x_wconf 89' lang='lat' dir='ltr'><strong>simul</strong></span> <span class='ocrx_word' id='word_1_886' title='bbox 3251 5061 3501 5134; x_wconf 88' lang='lat' dir='ltr'><strong>rogavit,</strong></span> 
     </span>
    </p>
   </div>
   <div class='ocr_carea' id='block_1_116' title="bbox 1849 5152 3499 5225">
    <p class='ocr_par' dir='ltr' id='par_1_116' title="bbox 1849 5152 3499 5225">
     <span class='ocr_line' id='line_1_116' title="bbox 1849 5152 3499 5225; baseline -0.002 -17"><span class='ocrx_word' id='word_1_887' title='bbox 1849 5160 1913 5209; x_wconf 91' lang='lat' dir='ltr'><strong>ut</strong></span> <span class='ocrx_word' id='word_1_888' title='bbox 1943 5153 2222 5217; x_wconf 90' lang='lat' dir='ltr'><strong>dicerent,</strong></span> <span class='ocrx_word' id='word_1_889' title='bbox 2266 5152 2559 5224; x_wconf 90' lang='lat' dir='ltr'><strong>quidnam</strong></span> <span class='ocrx_word' id='word_1_890' title='bbox 2595 5153 2975 5224; x_wconf 86' lang='lat' dir='ltr'><strong>signiﬁcaret.</strong></span> <span class='ocrx_word' id='word_1_891' title='bbox 3019 5156 3206 5225; x_wconf 87' lang='lat' dir='ltr'><strong>Atque</strong></span> <span class='ocrx_word' id='word_1_892' title='bbox 3247 5152 3499 5208; x_wconf 90' lang='lat' dir='ltr'><strong>aliorum</strong></span> 
     </span>
    </p>
   </div>
   <div class='ocr_carea' id='block_1_117' title="bbox 1847 5239 3506 5315">
    <p class='ocr_par' dir='ltr' id='par_1_117' title="bbox 1847 5239 3506 5315">
     <span class='ocr_line' id='line_1_117' title="bbox 1847 5239 3506 5315; baseline -0.002 -16"><span class='ocrx_word' id='word_1_893' title='bbox 1847 5243 2090 5315; x_wconf 91' lang='lat' dir='ltr'><strong>quidem</strong></span> <span class='ocrx_word' id='word_1_894' title='bbox 2116 5241 2313 5297; x_wconf 90' lang='lat' dir='ltr'><strong>nullus</strong></span> <span class='ocrx_word' id='word_1_895' title='bbox 2353 5241 2540 5312; x_wconf 89' lang='lat' dir='ltr'><strong>potiut</strong></span> <span class='ocrx_word' id='word_1_896' title='bbox 2570 5243 2767 5299; x_wconf 90' lang='lat' dir='ltr'><strong>statim</strong></span> <span class='ocrx_word' id='word_1_897' title='bbox 2809 5244 3076 5299; x_wconf 86' lang='lat' dir='ltr'><strong>invenire</strong></span> <span class='ocrx_word' id='word_1_898' title='bbox 3117 5239 3506 5314; x_wconf 86' lang='lat' dir='ltr'><strong>significatio-</strong></span> 
     </span>
    </p>
   </div>
   <div class='ocr_carea' id='block_1_118' title="bbox 1845 5333 3502 5409">
    <p class='ocr_par' dir='ltr' id='par_1_118' title="bbox 1845 5333 3502 5409">
     <span class='ocr_line' id='line_1_118' title="bbox 1845 5333 3502 5409; baseline -0.002 -19"><span class='ocrx_word' id='word_1_899' title='bbox 1845 5351 2005 5401; x_wconf 92' lang='lat' dir='ltr'><strong>nem,</strong></span> <span class='ocrx_word' id='word_1_900' title='bbox 2043 5341 2098 5391; x_wconf 93' lang='lat' dir='ltr'><strong>et</strong></span> <span class='ocrx_word' id='word_1_901' title='bbox 2137 5334 2366 5409; x_wconf 90' lang='lat' dir='ltr'><strong>aperire</strong></span> <span class='ocrx_word' id='word_1_902' title='bbox 2399 5335 2521 5400; x_wconf 88' lang='lat' dir='ltr'><strong>regi</strong></span> <span class='ocrx_word' id='word_1_903' title='bbox 2550 5333 2843 5404; x_wconf 90' lang='lat' dir='ltr'><strong>quidnam</strong></span> <span class='ocrx_word' id='word_1_904' title='bbox 2878 5341 3031 5390; x_wconf 86' lang='lat' dir='ltr'><strong>esset</strong></span> <span class='ocrx_word' id='word_1_905' title='bbox 3062 5333 3364 5389; x_wconf 88' lang='lat' dir='ltr'><strong>futurum:</strong></span> <span class='ocrx_word' id='word_1_906' title='bbox 3397 5334 3502 5388; x_wconf 90' lang='lat' dir='ltr'><strong>Da-</strong></span> 
     </span>
    </p>
   </div>
   <div class='ocr_carea' id='block_1_119' title="bbox 1843 5421 3500 5494">
    <p class='ocr_par' dir='ltr' id='par_1_119' title="bbox 1843 5421 3500 5494">
     <span class='ocr_line' id='line_1_119' title="bbox 1843 5421 3500 5494; baseline -0.002 -14"><span class='ocrx_word' id='word_1_907' title='bbox 1843 5425 1958 5480; x_wconf 89' lang='lat' dir='ltr'><strong>niel</strong></span> <span class='ocrx_word' id='word_1_908' title='bbox 2016 5442 2154 5481; x_wconf 91' lang='lat' dir='ltr'><strong>vero</strong></span> <span class='ocrx_word' id='word_1_909' title='bbox 2204 5425 2369 5481; x_wconf 90' lang='lat' dir='ltr'><strong>solus</strong></span> <span class='ocrx_word' id='word_1_910' title='bbox 2402 5427 2516 5481; x_wconf 89' lang='lat' dir='ltr'><strong>hoc</strong></span> <span class='ocrx_word' id='word_1_911' title='bbox 2551 5424 2840 5494; x_wconf 89' lang='lat' dir='ltr'><strong>conjecit:</strong></span> <span class='ocrx_word' id='word_1_912' title='bbox 2877 5429 2934 5480; x_wconf 89' lang='lat' dir='ltr'><strong>et</strong></span> <span class='ocrx_word' id='word_1_913' title='bbox 2993 5423 3204 5488; x_wconf 89' lang='lat' dir='ltr'><strong>evenit,</strong></span> <span class='ocrx_word' id='word_1_914' title='bbox 3247 5421 3398 5478; x_wconf 87' lang='lat' dir='ltr'><strong>sicut</strong></span> <span class='ocrx_word' id='word_1_915' title='bbox 3451 5422 3500 5478; x_wconf 91' lang='lat' dir='ltr'><strong>is</strong></span> 
     </span>
    </p>
   </div>
   <div class='ocr_carea' id='block_1_120' title="bbox 1838 5512 3497 5590">
    <p class='ocr_par' dir='ltr' id='par_1_120' title="bbox 1838 5512 3497 5590">
     <span class='ocr_line' id='line_1_120' title="bbox 1838 5512 3497 5590; baseline -0.003 -18"><span class='ocrx_word' id='word_1_916' title='bbox 1838 5515 2212 5590; x_wconf 66' lang='lat' dir='ltr'><strong>praedixerat.</strong></span> <span class='ocrx_word' id='word_1_917' title='bbox 2251 5515 2398 5570; x_wconf 87' lang='lat' dir='ltr'><strong>Dixit</strong></span> <span class='ocrx_word' id='word_1_918' title='bbox 2427 5515 2618 5569; x_wconf 91' lang='lat' dir='ltr'><strong>enim:</strong></span> <span class='ocrx_word' id='word_1_919' title='bbox 2653 5515 2735 5567; x_wconf 94' lang='lat' dir='ltr'><strong>Tu</strong></span> <span class='ocrx_word' id='word_1_920' title='bbox 2763 5527 2825 5567; x_wconf 91' lang='lat' dir='ltr'><strong>es</strong></span> <span class='ocrx_word' id='word_1_921' title='bbox 2851 5513 3031 5569; x_wconf 91' lang='lat' dir='ltr'><strong>arbor</strong></span> <span class='ocrx_word' id='word_1_922' title='bbox 3060 5529 3246 5584; x_wconf 91' lang='lat' dir='ltr'><strong>quam</strong></span> <span class='ocrx_word' id='word_1_923' title='bbox 3279 5512 3497 5577; x_wconf 88' lang='lat' dir='ltr'><strong>vidisti,</strong></span> 
     </span>
    </p>
   </div>
   <div class='ocr_carea' id='block_1_121' title="bbox 1837 5602 3492 5676">
    <p class='ocr_par' dir='ltr' id='par_1_121' title="bbox 1837 5602 3492 5676">
     <span class='ocr_line' id='line_1_121' title="bbox 1837 5602 3492 5676; baseline -0.003 -11"><span class='ocrx_word' id='word_1_924' title='bbox 1837 5623 1872 5665; x_wconf 91' lang='grc' dir='ltr'><strong>ο</strong></span> <span class='ocrx_word' id='word_1_925' title='bbox 1901 5621 2022 5663; x_wconf 86' lang='lat' dir='ltr'><strong>rex.</strong></span> <span class='ocrx_word' id='word_1_926' title='bbox 2066 5603 2193 5660; x_wconf 88' lang='lat' dir='ltr'><strong>Non</strong></span> <span class='ocrx_word' id='word_1_927' title='bbox 2221 5604 2406 5661; x_wconf 91' lang='lat' dir='ltr'><strong>multo</strong></span> <span class='ocrx_word' id='word_1_928' title='bbox 2446 5608 2581 5676; x_wconf 90' lang='lat' dir='ltr'><strong>post</strong></span> <span class='ocrx_word' id='word_1_929' title='bbox 2612 5608 2809 5660; x_wconf 86' lang='lat' dir='ltr'><strong>autem</strong></span> <span class='ocrx_word' id='word_1_930' title='bbox 2841 5603 3080 5660; x_wconf 85' lang='lat' dir='ltr'><strong>excides</strong></span> <span class='ocrx_word' id='word_1_931' title='bbox 3111 5603 3190 5660; x_wconf 90' lang='lat' dir='ltr'><strong>ab</strong></span> <span class='ocrx_word' id='word_1_932' title='bbox 3221 5602 3492 5676; x_wconf 77' lang='lat' dir='ltr'><strong>imperio,</strong></span> 
     </span>
    </p>
   </div>
  </div>
