4066 6224
546 290 652 355 383

1956 296 2222 355 MENSIS
2263 294 2527 356 IULIUS.
3792 302 3887 363 384

552 424 668 482 hoc
709 423 867 481 enim
899 423 1267 496 signiﬁcabat
1306 426 1508 481 sectio.
1553 424 1773 480 Deinde
1804 425 1983 482 etiam
2015 426 2192 482 vitam

2314 421 2425 477 εἶτα
2465 429 2553 477 καὶ
2595 427 2791 499 θηρίοις
2838 425 2930 496 ἔσῃ
2985 422 3423 498 συνδιαιτώμενος
3466 431 3552 479 καὶ
3597 432 3773 501 χόρτον
3825 435 3888 494 ὡς

552 532 693 585 ages
735 514 910 569 simul
942 530 1077 568 cum
1107 514 1265 584 feris,
1297 519 1350 569 et
1399 514 1531 569 {eno
1564 516 1829 585 pasceris
1862 515 2011 569 sicut
2041 515 2151 571 bos
2184 532 2196 569 :

550 621 805 676 cumque
834 605 913 658 sic
946 607 1173 674 septem
1201 605 1371 658 annis
1396 604 1605 658 vixeris
1630 603 1691 659 in
1723 604 2060 674 solitudine,
2097 606 2200 660 im—

548 696 780 767 perium
818 709 1021 747 rursus
1085 693 1359 764 accipies.
1406 697 1521 748 Hoc
1563 694 1724 748 enim
1762 694 1875 749 sibi
1928 694 2049 748 vult
2090 710 2200 749 vox

546 782 667 847 illa,
711 781 814 833 sed
854 796 1094 845 germen
1153 780 1423 836 radicum
1468 782 1757 837 dimittite.
1804 786 2136 854 Propterea,
2165 797 2201 836 ο

546 886 665 934 rex,
723 868 827 924 tibi
877 885 1077 923 meum
1114 870 1348 940 placeat
1390 871 1727 935 consilium,
1759 875 1815 925 et
1860 871 2201 942 iniquitates

545 963 677 1015 tuas
722 958 1117 1029 eleemosynis
1166 960 1407 1021 redime.
1442 966 1496 1015 et
1525 966 1770 1031 peccata
1814 966 1913 1015 tua
1940 960 1997 1014 in
2030 959 2202 1014 mise-

542 1048 877 1104 rationibus
939 1065 1264 1119 pauperum
1292 1066 1304 1103 :
1334 1054 1389 1104 et
1419 1049 1666 1104 fortasse
1694 1051 1752 1104 in
1796 1050 1913 1104 tuis
1973 1049 2201 1104 delictis

542 1139 909 1193 exercebitur
938 1138 1147 1193 lenitas
1177 1145 1230 1193 et
1261 1140 1565 1209 patientia.

615 1231 674 1283 Χ.
710 1233 896 1299 Atque
919 1228 1043 1282 haec
1066 1227 1310 1299 quidem
1338 1234 1544 1299 postea
1567 1234 1911 1295 evenerunt,
1939 1232 1995 1283 et
2022 1228 2201 1282 ﬁnem

545 1321 921 1386 acceperunt,
958 1317 1110 1372 sicut
1135 1317 1605 1385 dixeratZDaniel.
1641 1319 1785 1373 Cum
1817 1320 1974 1373 enim
2009 1317 2201 1372 dictos

546 1413 777 1477 septem
809 1422 1002 1462 annos
1035 1413 1303 1463 versatus
1335 1413 1486 1462 esset
1512 1424 1607 1463 rex
1636 1408 1695 1462 in
1733 1408 2072 1473 solitudine,
2106 1423 2204 1462 ne-

545 1512 655 1567 que
679 1496 831 1550 ullus
863 1502 1018 1551 esset
1050 1512 1231 1552 ausus
1274 1512 1526 1565 regnum
1564 1497 1829 1566 aggredi,
1862 1500 2045 1551 Deum
2075 1512 2201 1566 pre-

542 1591 718 1647 catus,
757 1590 818 1638 ut
840 1602 1015 1639 suum
1042 1601 1294 1655 regnum
1325 1587 1631 1656 reciperet,
1655 1602 1794 1641 cum
1826 1586 2198 1641 successione

540 1675 818 1746 potentiae
857 1674 1153 1729 exoelsam
1182 1691 1388 1729 rursus
1422 1682 1681 1731 mentem
1715 1675 1989 1739 induens,
2024 1676 2082 1729 in
2113 1690 2195 1729 re-

2314 514 2441 586 βουν
2471 515 2743 585 ψωμιοῦσί
2787 533 2841 566 σε
2866 534 2877 545 ⁸
2912 520 3000 566 καὶ
3033 512 3296 577 διαζήσας
3344 516 3501 577 οὕτως
3545 518 3624 569 ἐπὶ
3653 527 3738 580 τῆς
3781 519 3885 592 ἐρη-

2311 609 2431 674 μίας
2462 610 2683 677 χρόνους
2716 604 2864 669 ἑπτα,
2895 601 3043 665 αὖθις
3086 610 3181 662 τὴν
3225 603 3401 679 ἀρχὴν
3444 605 3679 678 ἀπολήψῃ
3708 626 3717 635 ·
3748 617 3886 660 τοῦτο

2309 695 2409 765 γὰρ
2462 695 2490 750 ἠ
2541 699 2699 764 φωνὴ⁸
2734 693 2870 751 Πλὴν
2914 698 3007 751 τὴν
3054 699 3185 764 φυὴν
3228 704 3327 749 τῶν
3374 696 3532 768 {iam
3583 698 3775 750 ἐάσατε.
3804 703 3889 750 Διά

2310 790 2483 847 τοῦτο,
2513 780 2551 832 ὧ
2586 781 2825 854 βασιλεῦ,
2856 784 2885 839 ὴ
2936 781 3098 855 βουλὴ
3153 802 3252 855 μου
3302 784 3535 854 ἁρεσάτω
3568 805 3667 849 σοι,
3699 791 3778 837 καὶ
3805 790 3887 849 τὰς

2312 870 2528 943 ἀνομίας
2561 892 2653 923 σου
2699 872 2745 923 ἐν
2795 872 3159 943 ἐλεημοσύναις
3204 873 3468 945 λύτρωσαι
3499 879 3582 926 καὶ
3618 878 3705 935 τὰς
3733 874 3887 947 ἁμαρ·

2311 966 2423 1022 τίας
2459 981 2551 1013 σου
2582 961 2628 1013 ἐν
2656 962 2941 1035 οἰκτιρμοῖς
2972 968 3198 1019 πενήτων
3246 966 3376 1025 ἴσως
3399 966 3543 1015 ἔσται
3573 966 3888 1037 μακροθυμία

2313 1057 2417 1111 τοῖς
2447 1056 2840 1123 παραπτώμασί
2872 1071 2987 1105 σου.

2386 1237 2444 1282 l’.
2499 1229 2671 1292 Ἐξέϐη
2728 1234 2816 1301 μὲν
2874 1232 3086 1303 ὕστερον
3139 1239 3301 1283 ταῦτα
3358 1236 3446 1283 καὶ
3500 1231 3633 1291 τελος
3684 1231 3886 1302 εἴληφεν,

2312 1322 2379 1380 ὡς
2409 1322 2433 1370 6
2465 1320 2652 1377 Δανιὴλ
2698 1320 2890 1392 εἰρήκει
2916 1336 2927 1348 ⁸
2966 1317 3247 1393 διατρίψας
3285 1322 3384 1395 γὰρ
3433 1320 3515 1373 ἐπὶ
3563 1329 3650 1380 τῆς
3691 1320 3887 1392 ἐρημίας

2310 1410 2335 1459 6
2391 1408 2639 1480 βασιλεὺς
2692 1412 2778 1459 τόν
2833 1409 3093 1480 εἰρημένον
3148 1410 3369 1482 ἑπτεστῇ
3427 1414 3634 1481 χρόνον,
3695 1406 3889 1469 οὐδενός

2309 1497 2658 1568 τολμήσαντος
2712 1497 2982 1550 ἐπιθέσθαι
3034 1506 3141 1559 τοῖς
3199 1501 3499 1571 πράγμασι,
3559 1504 3644 1549 καὶ
3702 1494 3887 1557 δεηθεὶς

2310 1594 2400 1636 τοῦ
2447 1591 2573 1639 Θεοῦ
2628 1592 2719 1644 τὴν
2776 1585 3045 1658 βασιλείαν
3097 1584 3247 1649 αὖθις
3305 1586 3601 1653 ἀπολαϐεῖν,
3656 1583 3760 1638 εἶτα
3808 1589 3887 1635 καὶ

2307 1680 2392 1725 τόν
2441 1675 2773 1748 ὑψηλοφρονα
2814 1684 2951 1739 νουν,
2986 1685 3043 1748 τῇ
3100 1674 3336 1749 διαδοχῇ
3388 1684 3479 1728 τοῦ
3525 1678 3739 1747 κράτους
3783 1694 3888 1725 συν-

544 1778 730 1833 gnum
787 1764 1124 1819 revertitur:
1160 1769 1213 1819 et
1264 1780 1404 1819 cum
1436 1768 1742 1833 regnasset
1793 1764 2192 1836 quadraginta

2308 1761 2523 1827 αποδὺς,
2582 1764 2731 1815 πάλιν
2787 1765 2853 1825 εὶς
2903 1765 3063 1823 αὐτὴν
3115 1764 3457 1839 ἐπανέρχεται
3504 1768 3591 1816 καὶ
3643 1766 3724 1820 ἔτη
3780 1766 3888 1834 τρία

542 1859 657 1908 tres
689 1868 895 1918 annos,
947 1853 1179 1909 excedit
1209 1868 1239 1907 e
1265 1854 1413 1909 vita:
1451 1854 1539 1909 vir
1596 1855 1657 1909 in
1696 1854 1875 1909 rebus
1921 1854 2195 1922 gerendis

540 1958 677 1999 acer
704 1947 757 1997 et
786 1942 1132 2006 vehemens,
1171 1948 1225 1997 et
1255 1958 1486 2008 eorum,
1529 1943 1629 2014 qui
1660 1944 1853 2014 ipsum
1884 1958 2197 2013 praecesse-

544 2036 701 2093 runt,
738 2046 987 2100 regnum
1032 2030 1207 2100 longe
1258 2030 1654 2086 felicissimus.
1718 2032 1854 2086 Post
1882 2031 2196 2086 decessum

544 2124 742 2175 autem
784 2119 1408 2185 Nabuchodonosoris,
1438 2121 1565 2190 ejus
1595 2120 1751 2175 ﬁlius
1781 2136 2034 2189 regnum
2076 2137 2197 2174 sus-

549 2208 687 2280 cipit
722 2226 732 2262 :
764 2210 864 2279 qui
900 2209 1098 2263 statim
1147 2208 1491 2263 Jecboniam
1524 2225 1724 2278 regem
1756 2210 2198 2281 Hierosolymo—

546 2313 701 2362 rum,
721 2312 899 2366 quem
930 2302 1096 2365 pater
1120 2296 1672 2352 Nabuchodonosor
1695 2298 1995 2369 captivum
2015 2299 2195 2354 duxe-

546 2392 637 2440 rat
693 2385 1125 2455 ilierosolymis,
1171 2384 1405 2440 solvens
1445 2402 1475 2441 e
1506 2386 1781 2451 vinculis,
1812 2387 2017 2442 habuit
2048 2390 2199 2442 inter

549 2475 773 2529 amicos
802 2474 1055 2529 maxime
1076 2476 1445 2530 necessarios
1472 2493 1482 2531 :
1518 2478 1569 2531 ei
1597 2476 1835 2531 donans
1859 2477 2041 2533 multa
2068 2494 2199 2532 mu-

546 2579 711 2628 nera,
766 2569 817 2616 et
874 2563 1092 2617 honore
1134 2562 1398 2618 afﬁciens
1432 2565 1579 2619 inter
1609 2581 1730 2631 eos,
1761 2568 1864 2637 qui
1905 2572 2074 2620 erant
2137 2569 2192 2621 in

547 2668 733 2721 regno
788 2651 1273 2723 Babyloniorum.
1316 2652 1465 2708 Nihil
1505 2655 1663 2709 enim
1715 2654 1852 2709 boni
1905 2654 2195 2710 Jechoniae

545 2742 791 2797 omnino
840 2740 1183 2796 ostenderat
1226 2748 1392 2813 pater
1440 2743 2031 2799 Nabuchodonosor:
2092 2743 2196 2797 sed

543 2846 681 2886 eum
725 2831 780 2885 in
813 2830 1063 2885 vinculis
1095 2831 1331 2886 tenebat
1362 2836 1417 2886 et
1448 2832 1771 2900 afﬂigebat,
1807 2837 1860 2888 et
1892 2832 1941 2887 si
1984 2832 2195 2887 Jecho-

537 2921 673 2975 nias
705 2920 919 2975 fecerat
940 2935 1064 2974 rem
1096 2920 1619 2987 humanissimam,
1643 2927 1698 2976 et
1720 2921 1964 2989 dignam
1993 2921 2193 2976 multis

541 3009 840 3075 laudibus,
892 3012 954 3062 ut
976 3007 1079 3078 qui
1103 3007 1365 3078 seipsum
1391 3010 1711 3065 tradiderat
1734 3026 1870 3064 cum
1907 3010 2190 3064 uxoribus

2306 1859 2394 1905 καὶ
2456 1856 2847 1926 τεσσαράκοντα
2927 1853 3266 1925 βασιλεύσας,
3325 1854 3531 1923 τελευτᾷ
3598 1856 3681 1904 τόν
3760 1851 3883 1923 βίον,

2308 1940 2433 2016 ἀνὴρ
2482 1939 2803 2016 δραστήριος
2850 1949 2938 1995 καὶ
2986 1953 3082 1995 τῶν
3134 1947 3232 2017 πρὸ
3267 1943 3429 1995 αὐτοῦ
3481 1941 3729 2014 βασιλέων
3764 1945 3887 2011 γενό-

2306 2051 2451 2102 μενος
2509 2032 2907 2101 εὐτυχέστατος.
2964 2036 3104 2084 Μετὰ
3162 2030 3220 2085 δὲ
3273 2038 3364 2089 τὴν
3414 2032 3645 2088 τελευτὴν
3702 2029 3881 2082 Ναϐου-

2306 2117 2622 2192 χοδονόσορ,
2671 2123 2695 2172 6
2743 2129 2867 2182 παῖς
2906 2122 3065 2173 αὑτοὺ
3115 2127 3205 2180 τὴν
3256 2121 3529 2194 βασιλείαν
3568 2118 3882 2192 παραλαμϐά-

2305 2228 2397 2272 νει,
2432 2210 2483 2272 ὃς
2529 2210 2678 2270 εὐθὺς
2708 2214 2793 2262 τόν
2841 2219 2940 2262 τῶν
2965 2210 3327 2283 Ἰεροσολύμων
3379 2210 3601 2283 βασιλέα
3631 2210 3877 2279 Ἰεχονίαν,

2308 2300 2359 2350 ὃν
2392 2301 2416 2350 6
2460 2304 2631 2372 πατὴρ
2678 2297 3152 2373 Ναϐουχοδονόσορ
3200 2300 3537 2371 αἰχμάλωτον
3580 2303 3763 2369 ἤγαγεν
3794 2296 3880 2347 ἀπό

2306 2397 2397 2448 τῆς
2450 2388 2802 2462 Ἰερουσαλὴμ,
2862 2398 2960 2440 τῶν
3021 2387 3226 2461 δεσμῶν
3284 2389 3439 2453 ἀνεὶς,
3493 2390 3539 2440 ἐν
3598 2396 3701 2445 τοίς
3749 2386 3880 2455 ἀναγ-

2307 2481 2594 2537 καιοτάτοις
2626 2488 2721 2529 τῶν
2764 2478 2918 2550 φίλων
2950 2475 3083 2548 εἶχε,
3110 2478 3299 2540 πολλὰς
3341 2479 3485 2548 αὑτῴ
3535 2475 3726 2551 δωρεὰς
3772 2471 3881 2533 δοὺς

2306 2572 2394 2617 καὶ
2442 2573 2658 2627 ποιήσας
2712 2570 2909 2637 ἔντιμον
2961 2566 3043 2619 ἐπὶ
3100 2576 3196 2619 τῶν
3249 2567 3295 2619 ἐν
3347 2576 3412 2640 τῇ
3468 2566 3754 2636 Βαϐυλωνίᾳ
3790 2562 3879 2634 βα-

2309 2655 2486 2707 σιλέων
2523 2674 2533 2684 ’
2569 2656 2661 2707 οὐκ
2710 2653 2769 2714 ἧν
2823 2658 2922 2730 γὰρ
2974 2656 3101 2718 ὅλως
3151 2655 3340 2727 ἀγαθόν
3382 2677 3435 2708 τι
3483 2659 3610 2730 πρὸς
3653 2655 3878 2724 Ἰεχονίαν

2306 2742 2657 2815 ἐνδειξάμενος
2687 2748 2710 2797 6
2742 2748 2926 2797 τούτου
2955 2750 3126 2818 πατὴρ
3178 2741 3671 2816 Ναϐουχοδονόσορ,
3714 2740 3809 2792 ἀλλ’
3838 2739 3877 2790 ἐν

2307 2830 2521 2902 δεσμοῖς
2553 2832 2691 2905 εἶχεν
2723 2835 2874 2885 αὐτόν
2922 2838 3010 2885 καὶ
3055 2842 3114 2906 τῇ
3159 2834 3284 2907 ἄλλη
3338 2840 3591 2897 κακώσει,
3630 2836 3788 2884 καίτοι
3825 2847 3875 2898 γε

3527 2927 3613 2974 καὶ
3700 2917 3873 2971 πολλῶν

2304 2922 2553 2993 Ἰεχονίου
2642 2930 2860 2994 πρᾶγμα
2937 2923 3425 2997 φιλανθρωπότατον

2302 3011 2443 3073 ἀξιον
2504 3012 2722 3062 ἐπαίνων
2772 3011 3149 3085 ἐργασαμένου,
3205 3016 3267 3072 ως
3313 3011 3372 3064 ἂν
3418 3012 3594 3064 ἐαυτὸν
3640 3003 3873 3080 παραδόν-

542 3102 597 3151 et
624 3095 849 3161 liberis,
882 3100 937 3150 et
992 3099 1113 3148 toto
1141 3111 1353 3165 genere
1389 3097 1669 3152 manibus
1705 3097 2185 3168 Babyloniorum,

2301 3120 2385 3161 τος
2447 3106 2539 3151 σὺν
2594 3102 2702 3172 ἅμα
2747 3102 2951 3171 γυναιξὶ
2994 3108 3078 3152 καὶ
3131 3107 3323 3163 τέκνοις
3374 3108 3465 3155 καὶ
3514 3102 3607 3171 ὅλῳ
3656 3107 3722 3169 τῲ
3756 3100 3873 3167 γένει

540 3201 615 3240 ne
661 3184 803 3239 urbs
862 3184 938 3239 ab
976 3183 1247 3237 ho<tibus
1291 3192 1465 3256 capta
1515 3191 1912 3241 everteretur:
1962 3190 2024 3240 ut
2064 3188 2189 3242 haec

539 3272 701 3342 leges
726 3272 881 3342 apud
910 3270 1233 3341 Josephum
1262 3281 1603 3329 narrantem
1646 3275 2006 3345 singulatim.
2044 3277 2188 3331 Cum

541 3367 740 3418 autem
778 3362 825 3415 is
866 3378 1104 3434 quoque
1134 3378 1164 3416 e
1194 3363 1311 3417 vita
1343 3364 1713 3428 decessisset,
1744 3370 2067 3436 postquam
2100 3382 2190 3421 re-

541 3456 776 3522 gnasset
803 3454 1132 3512 octodecim
1170 3469 1386 3517 annos,
1423 3454 1550 3524 ejus
1581 3453 1739 3508 ﬁlius
1773 3454 1823 3509 ei
1851 3454 2107 3510 succedit
2134 3456 2187 3509 in

539 3541 791 3610 imperio
827 3559 838 3596 :
870 3544 1028 3614 quod
1062 3562 1202 3600 cum
1233 3543 1511 3599 tenuisset
1543 3542 1941 3613 quadraginta
1972 3560 2184 3614 annos,

537 3645 568 3685 e
610 3630 727 3686 vita
773 3633 1015 3689 excedit.
1052 3634 1269 3689 Deinde
1313 3631 1621 3687 Balthasar
1652 3648 1893 3704 quoque
1934 3634 2060 3703 ejus
2091 3650 2187 3689 ne-

536 3734 645 3791 pos
692 3720 760 3774 ﬁt
824 3721 1013 3777 haeres
1094 3722 1346 3794 imperii.
1410 3725 1528 3777 Non
1577 3722 1806 3777 nultum
1858 3722 2189 3778 intercessit

534 3810 837 3881 temporis.
872 3816 926 3865 et
956 3814 1142 3883 Cyrus
1173 3827 1276 3866 rex
1303 3812 1635 3879 Persarum,
1671 3816 1727 3865 et
1758 3811 1966 3866 Darius
1996 3812 2188 3867 Medo-

535 3913 692 3965 rum,
746 3900 1186 3971 expeditionem
1251 3900 1578 3971 suscipiunt
1607 3899 1888 3954 adversus
1936 3900 2185 3972 Babylo-

534 4002 693 4041 nem.
736 3991 1021 4044 Casterum
1050 4006 1185 4045 cum
1219 4005 1473 4059 regnum
1503 3988 1827 4060 accepisset
1861 3989 2182 4055 Balthasar,

535 4082 589 4130 et
619 4076 828 4131 accidit
866 4093 1087 4132 novum
1116 4076 1410 4148 quidnam
1444 4082 1499 4131 et
1527 4078 1964 4148 prodigiosum.

606 4255 687 4307 Xt.
743 4253 1137 4309 Accumbebat
1193 4253 1307 4318 ille,
1361 4268 1605 4309 coenans
1644 4253 1703 4307 in
1740 4269 1959 4323 magna
1981 4255 2183 4327 domo,

535 4344 591 4395 et
620 4340 775 4396 facta
811 4343 881 4396 ad
911 4342 1187 4398 convivia
1217 4342 1459 4413 regalia,
1498 4359 1633 4396 cum
1668 4343 1788 4397 suis
1835 4343 2186 4399 concubinis

534 4433 589 4485 et
613 4429 839 4485 amicis.
875 4433 1000 4503 lpse
1033 4438 1250 4497 autem,
1286 4447 1421 4485 cum
1456 4431 1537 4485 sic
1569 4431 1619 4486 ei
1644 4432 1838 4487 visum
1867 4438 2037 4497 esset,
2063 4449 2185 4504 prie

534 4536 755 4589 magna
804 4523 1146 4589 arrogantia
1170 4521 1334 4592 jubet
1375 4537 1403 4575 e
1440 4538 1544 4575 suo
1575 4522 1795 4593 templo
1823 4522 2013 4577 afferri
2041 4539 2187 4579 vasa

536 4609 653 4673 Dei,
674 4625 808 4680 quae
839 4610 1387 4665 Nabuchodonosor
1412 4610 1541 4678 ejus
1562 4626 1710 4665 avus
1737 4627 1872 4667 cum
1891 4612 2187 4684 rapuisset

536 4697 984 4769 Hierosolymis,
1028 4700 1096 4754 iis
1138 4714 1522 4770 nequaquam
1572 4716 1714 4753 usus
1747 4700 1949 4763 fuerat.
1995 4701 2097 4756 sed
2126 4703 2184 4757 in

535 4802 643 4841 suo
687 4788 906 4859 templo
952 4788 1048 4859 pie
1093 4788 1472 4859 deposuerat.
1525 4788 1625 4843 Hic
1674 4805 1813 4844 vero
1849 4790 2183 4845 inconside-

533 4880 662 4931 rata
708 4884 762 4930 et
809 4892 844 4932 a
904 4878 1129 4933 ratione
1178 4877 1370 4932 aliena
1438 4876 1717 4933 inductus
1776 4879 2050 4946 audacia,
2102 4881 2185 4935 eis

534 4964 845 5033 utebatur;
888 4970 944 5021 et
973 4965 1118 5021 dum
1160 4965 1386 5021 biberet
1416 4970 1471 5021 et
1506 4966 1859 5021 maledicam
1916 4967 2184 5037 linguam

534 5060 799 5110 moveret
824 5055 1117 5110 adversus
1158 5054 1485 5115 Excelsum,
1516 5070 1587 5110 ex
1614 5056 1834 5126 pariete
1866 5056 2026 5111 videt
2059 5074 2186 5113 ma-

531 5158 676 5198 num
738 5143 1182 5215 procedentem,
1240 5150 1293 5197 et
1352 5143 1411 5197 in
1464 5159 1634 5198 muro
1692 5143 1950 5214 syllabas
1987 5145 2185 5201 inscri-

535 5231 792 5289 bentem.
826 5232 1220 5288 Conturbatus
1248 5247 1387 5287 vero
1418 5247 1453 5287 a
1490 5231 1735 5296 visione,
1773 5235 1968 5302 Magos
2008 5235 2186 5291 simul

531 5324 587 5375 et
654 5321 979 5386 Chaldaeos,
1037 5327 1092 5376 et
1145 5325 1435 5393 quotquot
1482 5326 1647 5377 erant
1706 5322 2005 5395 Babylone
2056 5325 2185 5395 ejus

533 5409 783 5475 generis,
829 5410 931 5480 qui
979 5414 1248 5480 poterant
1300 5410 1470 5479 signa
1519 5415 1575 5465 et
1619 5408 1819 5465 futura
1872 5411 2185 5484 conjicere,

602 5582 681 5656 (ί)
714 5583 1167 5645 Evilmerodach
1199 5588 1464 5646 nomine.

2302 3196 2457 3262 χερσὶ
2509 3199 2606 3241 τῶν
2666 3190 3015 3254 Βαϐυλωνίων,
3066 3193 3146 3243 ἱνα
3197 3196 3267 3263 μὴ
3320 3191 3487 3249 ἐκείνη
3542 3188 3870 3256 κατασκαφείη

2300 3279 2553 3349 ληφθεῖσα
2608 3280 2707 3330 ὑπὸ
2760 3288 2858 3330 τῶν
2915 3280 3185 3350 πολεμίων,
3250 3282 3319 3341 ὡς
3399 3282 3672 3348 ἰωσήππῳ
3725 3281 3871 3326 ταῦτα

2297 3371 2431 3419 κατά
2481 3373 2633 3440 μέρος
2684 3368 2885 3441 ἐντεύξῃ
2941 3366 3287 3441 διηγουμένῳ·
3346 3371 3751 3427 Τελευτήσαντος
3818 3359 3869 3413 δὲ

2296 3462 2377 3508 κοὶ
2427 3460 2611 3509 τούτου
2664 3462 2793 3529 μετὰ
2846 3460 2930 3515 ἔτη
2981 3455 3341 3511 ὀκτωκαίδεκα
3402 3469 3495 3521 τῆς
3546 3450 3869 3530 βασιλείας,ὂ

2296 3554 2420 3607 παῖς
2458 3546 2615 3598 αὐτοῦ
2663 3552 2755 3604 τὴν
2790 3545 2962 3619 ἀρχὴν
2996 3544 3311 3618 διαδέχεται
3353 3554 3447 3600 καὶ
3490 3547 3759 3615 κατασχὼν
3783 3538 3869 3590 αὖ·

2296 3640 2388 3693 τὴν
2440 3635 2523 3687 ἐπὶ
2576 3638 2967 3707 τεσσαράκοντα
3017 3638 3124 3700 ἔτη,
3178 3641 3527 3709 καταστρέφει
3577 3638 3659 3687 τόν
3713 3630 3817 3703 βίον
3855 3647 3866 3659 ⁶

2298 3725 2402 3775 εἶτα
2434 3729 2519 3775 καὶ
2550 3724 2815 3795 Βαλτάσαρ
2857 3726 2881 3775 6
2912 3727 3097 3775 τούτου
3142 3722 3394 3795 ἀπόγονος
3446 3724 3751 3796 κληρονόμος
3787 3724 3869 3773 τῆς

2298 3813 2473 3887 ἀρχῆς
2517 3818 2711 3884 γίνεται
2754 3831 2765 3841 ·
2819 3813 2876 3864 οὐ
2930 3812 3088 3874 πολὺς
3141 3812 3273 3887 ἔρρει
3329 3817 3383 3865 τό
3445 3812 3633 3885 μεταξὺ
3679 3811 3864 3881 χρόνος,

2296 3908 2384 3953 καί
2413 3905 2579 3973 Κύρος
2616 3904 2641 3953 6
2689 3908 2897 3975 Περσῶν
2932 3900 3176 3973 βασιλεὺς
3221 3907 3311 3954 καὶ
3354 3908 3564 3976 Δαρεῖος
3614 3902 3637 3951 ό
3690 3891 3867 3951 Μήδων

2298 3990 2727 4064 ἐπιστρατεύουσι
2757 3994 2889 4042 κατὰ
2912 3989 3214 4050 Βαϐυλῶνος
3254 4009 3265 4021 ’
3299 3991 3433 4049 πλὴν
3469 3990 3592 4041 ἀλλὰ
3621 3986 3867 4051 Βαλτάσαρ

2296 4084 2388 4137 τὴν
2423 4078 2695 4150 βασιλείαν
2735 4078 3138 4151 παραλαϐόντος,
3192 4083 3366 4131 καινόν
3402 4099 3454 4132 τε
3503 4084 3589 4130 καὶ
3622 4088 3867 4147 τεραστιον

2299 4169 2401 4220 οἷον
2436 4167 2749 4239 συμϐέϐηκε.

2370 4258 2465 4311 ΙΔ¹.
2517 4263 2790 4311 Κατέκειτο
2835 4260 2923 4330 μὲν
2969 4260 3068 4329 γὰρ
3113 4256 3298 4319 ἐκεῖνος
3362 4254 3600 4319 δειπνῶν,
3661 4252 3705 4304 ἐν
3760 4252 3869 4316 οἴκῳ

2296 4346 2500 4418 μεγάλῳ
2560 4353 2647 4399 καὶ
2700 4351 2825 4421 πρὸς
2880 4347 3131 4407 ἑστιάσεις
3194 4352 3521 4418 πεποιημένῳ
3589 4339 3867 4417 βασιλικὰς,

2216 4472 2262 4528 D
2298 4439 2423 4507 μετὰ
2476 4445 2571 4487 τῶν
2630 4433 2962 4488 παλλακίδων
3022 4436 3180 4488 αὑτοῦ
3229 4442 3317 4487 καὶ
3362 4446 3462 4488 τῶν
3498 4434 3649 4507 φίλων
3692 4449 3702 4459 ·
3738 4427 3870 4481 αὐτὸς

2300 4522 2356 4577 δὲ
2387 4525 2519 4576 οὕτω
2553 4522 2708 4587 δόξαν
2741 4524 2794 4575 ἐκ
2838 4525 3029 4584 πολλῆς
3077 4524 3318 4585 ἀπονοίας
3362 4526 3677 4587 κομισθῆναι
3702 4516 3871 4570 κελεύει

2296 4624 2386 4666 του
2422 4612 2559 4666 ἰδίου
2591 4623 2714 4665 ναοῦ
2745 4618 2808 4666 τα
2856 4622 2944 4666 τοῦ
2977 4619 3102 4667 Θεου
3137 4618 3319 4682 σκεύη,
3352 4615 3387 4666 ἃ
3416 4605 3867 4681 Ναϐουχοδονόσορ

2297 4706 2320 4755 ό
2378 4707 2562 4755 τούτου
2616 4706 2820 4762 πάππος
2872 4706 3103 4763 συλήσας
3152 4706 3205 4755 ἐκ
3256 4712 3353 4755 τῶν
3384 4701 3759 4777 Ἰεροσολύμων,
3789 4710 3870 4743 ουκ

2296 4792 2492 4865 ἐχρῆτο
2526 4796 2635 4863 μὲν,
2693 4792 2765 4853 εἷς
2808 4788 2867 4843 δὲ
2921 4796 3006 4843 τόν
3056 4792 3214 4843 αὐτου
3257 4796 3375 4843 ναὸν
3428 4790 3644 4847 εὐλαϐῶς
3675 4783 3870 4838 κατατέ-

2298 4884 2456 4933 θεικεν
2491 4896 2502 4909 ⁸
2535 4882 2681 4941 οὗτος
2713 4877 2770 4932 δὲ
2820 4881 3000 4952 θράσει
3032 4883 3318 4953 προαχθεὶς
3368 4881 3536 4951 ἀλόγῳ
3577 4877 3763 4948 ἐχρῆτο
3792 4870 3868 4919 καί

2294 4970 2481 5042 μεταξὺ
2552 4974 2708 5019 πίνων
2770 4974 2859 5019 καὶ
2923 4968 3235 5041 βλάσφημον
3304 4970 3531 5039 γλῶτταν
3597 4966 3723 5017 κατὰ
3792 4975 3870 5007 τον

2293 5058 2545 5128 Ὑψίστου
2595 5066 2768 5124 κινῶν,
2818 5055 2871 5107 ἐκ
2904 5066 2990 5109 τοῦ
3032 5060 3367 5130 τείχουςόρᾲ
3409 5064 3567 5129 χεῖρα
3605 5058 3871 5125 προῑονσαν

2296 5154 2383 5199 καὶ
2440 5155 2510 5215 τῷ
2564 5153 2730 5217 τοίχῳ
2789 5148 2933 5207 τινας
2990 5146 3251 5208 συλλαϐὰς
3298 5148 3677 5220 ἐγγράφουσαν·
3720 5145 3872 5206 Ταρα’

2296 5239 2442 5309 χθεὶς
2476 5232 2532 5287 δέ
2564 5237 2662 5287 ὑπὸ
2717 5244 2809 5296 τῆς
2841 5234 3023 5305 ὄψεως,
3076 5238 3274 5307 μάγους
3320 5237 3429 5309 ἅμα
3476 5238 3562 5285 καὶ
3594 5223 3873 5284 Χαλδαίους

2298 5331 2384 5377 καὶ
2431 5332 2531 5376 πᾶν
2602 5333 2753 5376 τοῦτο
2810 5327 2866 5375 τὸ
2943 5328 3101 5394 γένος,
3166 5328 3283 5378 ὅσον
3345 5322 3402 5383 ἦν
3452 5323 3498 5373 ἐν
3554 5316 3875 5373 Βαϐυλωνίοις

2302 5417 2491 5487 σημεῖά
2541 5434 2592 5467 τι
2635 5419 2723 5466 καὶ
2764 5413 3002 5487 ὀνείρατα
3045 5420 3232 5487 κρίνειν
3283 5411 3438 5482 εἰδὸς,
3488 5412 3632 5469 εὐθυς
3681 5418 3871 5456 “Wa”
