4066 6224
221 345 311 403 385

1318 336 1487 394 νιΤΑ
1526 337 1585 393 S.
1628 327 2029 393 PROPHET/E
2068 324 2421 393 DANIELIS.

3444 337 3551 392 386

215 470 291 532 λει,
349 470 522 539 μαθεῖν
574 469 633 519 τὰ
706 470 1041 539 γεγραμμένα
1094 465 1214 538 παρ’
1268 462 1467 515 ἐκείνων
1537 462 1778 535 βουλόμε-

1900 461 2096 516 statim
2138 458 2509 523 convocavit,
2541 476 2613 514 ex
2652 458 2765 513 illis
2798 458 3002 514 volens
3046 459 3270 515 discere
3302 476 3373 518 ea
3408 478 3545 534 quas

213 574 295 615 νος’
342 564 441 607 τῶν
488 552 543 607 δὲ
582 558 762 626 μάγων
809 552 958 607 ούδεν
990 554 1039 605 ἐν
1090 556 1291 612 τούτοις
1345 560 1571 604 συνεῖναι
1622 552 1790 623 λεγὸν-

211 667 316 709 των,
376 648 473 696 ύπό
523 645 748 715 μεγάλης
797 643 1016 713 ἀγωνίας
1075 645 1098 694 ὁ
1160 641 1405 714 βασιλεὺς
1456 647 1545 693 καὶ
1601 642 1793 699 πολλῆς

209 743 293 793 τῆς
344 733 424 784 ἐπὶ
480 743 551 803 τῷ
606 731 889 808 παραδόξῳ
936 734 1104 794 λύπης
1170 732 1493 802 ἐπισχεθεὶς,
1580 730 1793 803 ἐκήρυξε

207 826 326 873 κατὰ
372 830 543 874 πᾶσαν
600 823 646 874 ἐν
698 822 896 896 βραχεῖ
936 827 1025 879 τήν
1057 827 1258 893 χώραν,
1300 828 1371 889 τῷ
1401 822 1465 869 τὰ
1506 820 1794 892 γράμματα

206 920 358 962 ταῦτα
414 917 502 963 καὶ
551 917 642 969 τὴν
696 913 783 962 ὑπ’
818 915 984 963 αὐτῶν
1027 906 1353 979 δηλουμένων
1391 905 1625 958 διάνοιαν
1654 914 1787 977 cupi;

203 1006 578 1056 καταστήσοντι
655 996 840 1051 δώσειν
923 998 1349 1069 ἐπαγγελλόμενος
1427 1000 1674 1071 στρεπτὸν
1741 1014 1793 1046 τε

201 1096 551 1161 περιαυχένιον
596 1094 825 1163 χρύσεον
876 1095 964 1141 καὶ
1018 1095 1283 1161 πορφυρᾶν
1350 1089 1544 1145 ἐσθῆτα
1600 1093 1788 1157 φορεῖν,

199 1180 356 1248 ὥσπερ
410 1182 458 1229 οἱ
513 1188 611 1230 τῶν
677 1176 950 1231 Χαλδαίων
992 1178 1206 1229 εἰώθασι
1259 1174 1514 1247 βασιλεῖς,
1570 1179 1693 1247 πρὸς
1734 1170 1792 1225 δὲ

197 1274 274 1319 καὶ
330 1273 384 1320 τὸ
438 1274 612 1339 τρίτον
669 1274 821 1340 μέρος
870 1276 963 1328 τῆς
1021 1264 1162 1327 ἰδίας
1226 1264 1416 1339 ἀρχῆς
1498 1266 1656 1323 οὕτως
1714 1263 1792 1314 ἔκ-

200 1352 449 1413 δηλὸτατα
500 1354 883 1427 ὃιακηρυχθεν,
940 1360 1014 1408 ἔτι
1046 1360 1135 1427 μὲν
1184 1355 1331 1406 πλέον
1364 1356 1411 1405 οἱ
1462 1356 1621 1425 μάγοι
1668 1372 1793 1404 συν-

200 1440 410 1516 έδραμον
464 1464 519 1497 τε
572 1452 661 1498 καὶ
712 1450 838 1520 πρὸς
909 1450 1001 1502 την
1078 1445 1275 1517 εὕρεσιν
1360 1442 1791 1514 ἐφιλοτιμησαντο

199 1542 284 1582 τῶν
374 1537 719 1606 γραμμάτων,
824 1530 971 1585 οὐδὲν
1057 1530 1113 1584 δὲ
1198 1533 1403 1584 ἔλαττον
1488 1534 1792 1604 ἀποροῦντες

203 1622 497 1680 ἑστήκεσαν.

264 1710 350 1765 ΙΒ’.
402 1712 482 1765 Ἐν
540 1715 707 1782 τούτῳ
762 1715 845 1763 τὸν
895 1710 1119 1782 βασιλέα
1148 1714 1334 1781 μεστὸν
1392 1709 1617 1781 ἀθυμίας
1655 1715 1793 1781 γενό-

210 1818 330 1869 μενον
381 1802 408 1857 ἡ
470 1801 637 1853 αὑτοῦ
690 1804 877 1872 μάμμη
941 1802 1252 1871 θεασαμένη,
1310 1799 1679 1871 ἀναλαμϐάνειν
1738 1820 1790 1852 τε
1823 1818 1868 1875 Β

207 1890 369 1958 ipsum
418 1896 511 1941 xui
562 1893 626 1941 τὰ
674 1895 791 1961 περὶ
845 1898 935 1941 τοῦ
996 1896 1262 1963 προφήτου
1313 1889 1501 1946 Δανιὴλ
1553 1896 1791 1961 γνώριμα

199 1979 448 2048 καθιστᾷν,
515 1981 615 2030 ὅσα
646 1986 717 2047 τῷ
767 1978 958 2030 ἐκείνου
1009 1980 1224 2047 πάππῳ,
1271 1986 1341 2047 τῷ
1388 1975 1787 2048 Ναϐουχοδονο-

201 2084 275 2135 crop
321 2074 470 2138 φημὶ,
532 2066 607 2138 ἐφ⁸
647 2067 725 2127 οἷς
776 2066 993 2141 ἑώρακεν
1046 2065 1381 2141 ἀπορρήτοις,
1416 2067 1571 2127 αὐτὸς
1605 2065 1787 2118 διεσά-

198 2174 351 2226 φησεν
408 2156 569 2209 Ἐστι
616 2175 715 2217 τις,
767 2156 1008 2226 λέγουσα,
1062 2156 1161 2206 ἀπὸ
1198 2164 1291 2217 τῆς
1331 2153 1591 2215 Ἰουδαίας
1623 2157 1785 2227 αἰχμ-

195 2245 364 2305 animo;
420 2244 651 2297 ἐνταῦθα
708 2244 892 2315 ἀχθεὶς
936 2244 1145 2314 (Δανιὴλ
1202 2245 1341 2314 αὐτῴ
1393 2245 1593 2316 ὄνομα),
1656 2245 1784 2317 ἀνὴρ

196 2329 341 2393 δεινὸς
388 2336 560 2405 εύρεῖν
613 2336 677 2385 τὰ
733 2333 1003 2407 ὰπὸρῥητα
1041 2339 1129 2385 καὶ
1174 2342 1286 2403 Θεῷ
1338 2340 1575 2407 γνώριμα
1625 2341 1783 2405 μόνῳ,

194 2426 240 2483 ὸς
279 2420 759 2495 Ναϐουχοδονόσορ
811 2432 881 2492 τῷ
916 2421 1146 2493 βασιλεῖ,
1188 2419 1414 2495 μηδενὸς
1444 2424 1597 2475 οἷλλου
1629 2421 1783 2481 δυνη·

196 2512 342 2573 θέντος
376 2512 541 2563 εἰπεῖν
590 2508 806 2583 περιών
859 2508 1025 2563 idem
1074 2513 1273 2582 μαθεῖν,
1325 2512 1569 2585 ἐγνώρισε
1622 2516 1788 2565 πάντα

192 2600 339 2661 καλῶς
395 2606 488 2651 καὶ
549 2600 616 2660 εἰς
668 2610 773 2671 φώς
824 2602 989 2671 ἠγαγε
1038 2604 1103 2651 τὰ
1160 2604 1466 2672 ζητούμενα·
1526 2621 1786 2674 μεταπεμ-

191 2688 391 2759 ⁸ῥάμενος
437 2685 535 2740 οὖν
580 2689 734 2740 αύτὸν
793 2690 1027 2762 εὑρήσεις
1073 2689 1256 2749 εύθέως
1295 2692 1320 2741 ὀ
1355 2699 1545 2761 γνῶναι
1588 2692 1781 2752 ζητεῖς.

192 2782 276 2828 Καὶ
325 2780 379 2839 ὃς
429 2781 681 2849 τάχιστα
726 2787 905 2830 τοῦτον
968 2778 1289 2850 μετεκαλεῖτο
1334 2784 1424 2831 καὶ
1486 2776 1783 2852 διαλεχθεὶς

186 2866 271 2915 ὅσα
318 2870 541 2918 τώθοιτο
596 2873 713 2941 περὶ
774 2868 929 2919 αὑτοῦ
984 2872 1074 2919 καὶ
1108 2869 1170 2929 ἧς
1198 2871 1311 2938 ἔχει
1346 2874 1530 2939 σοφίας
1572 2876 1660 2921 καὶ
1720 2873 1783 2930 ὡς

185 2958 231 3005 τὸ
287 2958 415 3007 θεῖον
485 2956 633 3025 αὖτῷ
691 2964 897 3028 Πνεῦμα
946 2960 1277 3029 συμπάρεστι
1349 2964 1436 3009 xui
1495 2979 1647 3031 μονος
1705 2960 1780 3022 εξ-

182 3051 324 3113 ευρεῐν
384 3047 730 3109 ἱκανώτατος,
803 3044 835 3095 ά
910 3049 980 3116 μὴ
1035 3052 1139 3105 τοῖς
1202 3044 1372 3107 ἄλλοις
1424 3047 1495 3108 εἰς
1553 3048 1779 3100 ἐπίνοιαν

1902 551 2118 620 scripta
2148 548 2392 612 fuerant,
2421 548 2759 603 Dicentibus
2782 554 2983 603 autem
3010 550 3221 618 magis,
3250 567 3307 605 se
3338 566 3545 606 eorum

1902 638 2047 693 nihil
2076 638 2417 707 intelligere.
2448 639 2567 691 Rex
2586 637 2755 692 valde
2778 637 3010 701 anxius,
3042 645 3094 692 et
3128 653 3348 706 magno
3366 641 3551 694 animi

1902 726 2103 782 dolore
2143 742 2487 797 oppressus,
2534 734 2767 797 propter
2806 727 2960 781 hanc
3002 742 3129 781 rem
3177 727 3550 797 inopinatam

1903 822 1957 870 et
1988 815 2158 871 valde
2183 814 2619 881 admirabilem,
2647 814 2886 885 publico
2918 818 3220 887 praeconio
3244 816 3404 869 brevi
3435 816 3553 869 edi-

1902 905 1983 959 xit
2016 921 2119 975 per
2153 910 2337 959 totam
2382 905 2709 973 regionem,
2747 921 2810 959 se
2840 905 2913 969 ei,
2960 906 3061 976 qui
3096 908 3202 960 has
3244 906 3467 961 litteras
3500 912 3556 961 et

1901 993 2193 1065 quidnam
2244 994 2665 1062 signiﬁcarent,
2707 1002 2861 1049 esset
2890 995 3332 1062 declaraturUs;
3379 996 3552 1066 polli-

1902 1098 2041 1137 cens
2062 1098 2190 1136 esse
2212 1082 2493 1137 daturum
2527 1089 2794 1153 torquem
2825 1077 3186 1147 aureumfet
3210 1090 3427 1139 vestem
3456 1100 3555 1153 ge-

1902 1170 2179 1226 standam
2210 1186 2593 1242 purpuream,
2621 1172 2769 1227 sicut
2800 1171 2991 1227 solent
3013 1172 3160 1227 ferre
3187 1188 3356 1242 reges
3380 1174 3549 1229 Chal-

1901 1258 2193 1323 daeorum,
2230 1264 2285 1313 et
2314 1266 2599 1329 praeterea
2630 1260 2856 1315 tertiam
2895 1266 3123 1333 partem
3157 1262 3247 1315 sui
3290 1262 3547 1333 imperii.

1903 1350 2048 1402 Cum
2086 1348 2201 1401 hoc
2227 1347 2469 1417 publico
2502 1349 2797 1418 praeconio
2844 1349 2924 1403 sic
2968 1349 3174 1405 fuisset
3200 1351 3548 1421 promulga-

1905 1440 2050 1501 tum,
2091 1436 2288 1490 adhuc
2309 1436 2555 1506 quidem
2587 1438 2779 1505 magis
2815 1440 3251 1495 concurrebant
3283 1440 3463 1508 magi,
3499 1446 3555 1496 et

1902 1523 2340 1579 contendebant
2381 1524 2665 1591 invenire,
2700 1526 2847 1596 quid
2898 1526 3009 1581 sibi
3058 1528 3273 1583 vellent
3319 1529 3550 1584 litterae.

1900 1612 2292 1669 Nihilominus
2324 1619 2525 1668 autem
2564 1615 2803 1670 stabant
2827 1614 3192 1671 dubitantes.

1970 1706 2078 1757 Xll.
2116 1706 2337 1758 Interea
2367 1718 2563 1773 regem
2598 1719 2820 1774 angore
2850 1706 3033 1760 animi
3062 1707 3308 1777 plenum
3338 1708 3549 1764 videns

1900 1792 2028 1861 ejus
2060 1790 2214 1859 avia,
2248 1792 2427 1862 coepit
2460 1798 2743 1863 repetere,
2776 1799 2832 1848 et
2861 1794 2935 1849 de
2974 1795 3210 1849 Daniele
3258 1798 3549 1867 propheta

1899 1880 1950 1935 ei
1995 1881 2347 1949 signiﬁcare,
2376 1897 2509 1952 quas
2558 1881 2712 1936 illius
2765 1898 2901 1945 avo,
2958 1884 3545 1952 Nabuchodonosori,

1898 1970 2164 2041 inquam,
2202 1977 2441 2041 propter
2479 1987 2550 2027 ea
2580 1988 2716 2044 quas
2754 1972 2981 2029 viderat
3009 1990 3249 2039 arcana,
3280 1976 3330 2029 ei
3362 1991 3547 2046 expo-

1898 2066 2117 2124 suerat,
2152 2058 2253 2115 Est
2278 2059 2547 2129 quidam,
2581 2061 2804 2126 dicens,
2829 2062 2931 2132 qui
2968 2063 3073 2118 fuit
3117 2064 3332 2118 ductus
3362 2064 3481 2118 huc
3514 2081 3544 2119 e

1895 2148 2100 2203 Judrea
2145 2150 2431 2219 captivus,
2477 2150 2715 2204 nomine
2751 2151 2973 2216 Daniel,
3018 2152 3101 2205 vir
3146 2154 3418 2221 egregius
3465 2155 3543 2208 ad

1895 2238 2256 2293 invenienda
2282 2255 2521 2304 arcana,
2551 2246 2606 2295 et
2631 2256 2766 2311 quae
2798 2245 2938 2295 sunt
2969 2241 3076 2295 soli
3105 2243 3218 2296 Deo
3251 2243 3494 2311 cognita
3526 2258 3539 2297 :

1895 2328 1999 2399 qui
2021 2328 2145 2398 regi
2165 2328 2755 2394 Nabuchodonosori,
2781 2346 2916 2385 cum
2945 2328 3139 2385 nullus
3161 2331 3310 2385 alius
3338 2338 3546 2403 posset

1894 2418 2088 2472 dicere
2117 2417 2191 2472 de
2222 2417 2295 2471 iis
2333 2434 2468 2490 quae
2504 2420 2828 2490 quaerebat,
2863 2421 3067 2475 omnia
3092 2420 3338 2491 pulchre
3369 2422 3547 2490 signi-

1895 2504 2111 2571 ﬁcavit,
2141 2514 2197 2561 et
2235 2508 2417 2561 edidit
2446 2509 2504 2561 in
2546 2508 2737 2563 lucem
2762 2525 2831 2563 ea
2862 2526 2989 2579 quae
3015 2510 3453 2580 quaerebantur.
3486 2511 3545 2567 Si

1895 2609 2034 2648 eum
2064 2610 2206 2663 ergo
2253 2598 2651 2661 accersiveris,
2684 2597 2745 2651 id
2771 2598 2936 2667 quod
2968 2600 3118 2651 scire
3163 2598 3352 2669 cupis,
3396 2615 3545 2654 mox

1895 2680 2179 2737 invenies.
2234 2683 2329 2737 ille
2385 2698 2519 2738 vero
2577 2699 2714 2738 eum
2770 2684 3070 2739 celerrime
3125 2686 3397 2741 accersiit
3438 2702 3450 2740 :
3489 2691 3547 2741 et

1895 2786 2032 2825 cum
2072 2771 2329 2836 dixisset,
2387 2787 2521 2843 quae
2571 2772 2645 2826 de
2689 2773 2818 2843 ipso
2869 2778 2923 2827 et
2961 2774 3034 2828 de
3082 2774 3211 2842 ejus
3257 2774 3542 2830 audiebat

1896 2860 2210 2931 sapientia,
2249 2866 2305 2915 et
2333 2861 2480 2932 quid
2510 2861 2748 2915 divinus
2791 2864 2861 2917 sit
2893 2879 3030 2916 cum
3071 2879 3141 2917 eo
3178 2865 3454 2933 Spiritus;
3489 2869 3546 2919 et

1892 2952 1967 3005 sit
1998 2951 2074 3005 ad
2114 2952 2537 3005 inveniendum
2568 2952 2729 3006 solus
2767 2951 2856 3006 vel
2900 2953 3158 3008 maxime
3188 2954 3437 3008 idoneus
3470 2969 3541 3009 ea

1889 3056 2019 3111 qua;
2047 3056 2167 3096 non
2215 3041 2460 3095 veniunt
2492 3040 2622 3096 aliis
2654 3042 2713 3095 in
2758 3048 3038 3108 mentem,
3083 3042 3339 3111 rogabat
3389 3050 3451 3097 ut
3488 3045 3540 3098 ei

182 3132 391 3203 ἔρχεται,
454 3134 675 3205 φράζειν
724 3134 864 3203 αύτῷ
912 3138 977 3185 τὰ
1028 3140 1360 3208 γεγραμμένα
1409 3143 1497 3187 xui
1548 3133 1776 3189 διαλύειν

1890 3128 2108 3185 diceret
2127 3134 2183 3185 et
2213 3130 2461 3185 solveret
2486 3146 2575 3201 ea,
2602 3147 2732 3201 quas
2765 3133 2982 3202 scripta
3008 3132 3277 3198 fuerant;
3304 3132 3542 3187 etiamsi

182 3220 330 3285 ἠξίου,
384 3225 482 3273 κᾶν
552 3226 858 3297 σκυθρωπὸν
918 3220 970 3296 ᾖ,
1008 3230 1186 3295 φησὶν,
1244 3229 1299 3276 τὸ
1355 3227 1453 3277 ύπὸ
1504 3234 1636 3278 Θεοῦ
1680 3247 1778 3285 ση-

180 3317 480 3381 μαινόμενον·
551 3320 702 3363 τοῦτο
758 3314 858 3387 γὰρ
944 3319 1226 3371 ποιήσαντι
1286 3319 1553 3389 πορφύραν
1614 3314 1772 3369 δώσω

182 3395 489 3452 ἐνδύσασθαι
555 3408 641 3453 καὶ
688 3406 916 3475 χρύσεον
964 3408 1079 3475 περὶ
1136 3408 1221 3455 τὸν
1276 3404 1475 3475 αὐχένα
1526 3410 1775 3478 στρεπτὸν

183 3493 257 3537 καὶ
287 3494 340 3540 τὸ
370 3496 553 3562 τρίτον
602 3500 697 3552 τῆς
728 3490 899 3563 ἀρχῆς
953 3498 1127 3565 μέρος,
1177 3498 1332 3565 τιμὴν
1372 3500 1461 3545 καὶ
1495 3498 1650 3567 γέρας
1682 3505 1776 3555 τῆς

188 3584 352 3647 σοφίας
420 3579 691 3651 ἐσόμενον,
743 3583 806 3641 ὡς
889 3582 949 3633 ἄν
1032 3581 1086 3644 ἐξ
1154 3583 1321 3634 αὐτῶν
1392 3582 1776 3657 ἐπισημότατος

186 3664 331 3717 ἅπασι
363 3673 539 3738 γένοιο
570 3673 659 3720 καὶ
690 3668 1042 3741 περίϐλεπτος.

249 3755 334 3809 ll".
386 3757 586 3814 Δανιὴλ
629 3753 688 3809 δε
737 3760 824 3818 τὰς
868 3764 956 3829 μὲν
1007 3755 1200 3833 δωρεὰς
1240 3760 1391 3812 αὐτὸν
1424 3764 1562 3832 ἔχειν
1605 3763 1773 3825 ἠξίουο

185 3846 258 3892 τὸν
300 3848 394 3919 γὰρ
450 3850 615 3917 σοφὸν
663 3852 752 3898 καὶ
800 3850 930 3899 θεῖον
972 3844 1162 3919 δώροις
1208 3849 1312 3920 οὐχ
1354 3849 1614 3923 ἁλώσιμον
1648 3850 1777 3905 εἶναι

186 3926 255 3983 δεῖ
297 3943 510 4008 προῖκαο
590 3932 649 3986 δὲ
703 3939 822 3997 τοὺς
870 3932 1142 4007 δεομένους
1196 3937 1399 4009 ὠφελεῖν
1455 3938 1767 4012 βούλεσθαι’

182 4026 371 4090 μηνύειν
417 4022 477 4076 δὲ
528 4025 667 4093 αύτῷ
694 4028 758 4075 τὰ
789 4032 1121 4098 γεγραμμένα
1174 4036 1263 4080 τοῦ
1309 4026 1430 4099 βίου
1484 4050 1774 4107 καταστροο

184 4116 283 4177 φῆν,
314 4114 391 4164 ὃτι
421 4110 570 4183 μηδὲ
602 4112 679 4173 οἷς
732 4115 758 4164 ὁ
802 4120 1051 4187 πρόγονος
1084 4117 1243 4168 αὑτοῦ
1293 4117 1769 4196 Ναϐουχοδονὸσορ

183 4193 259 4247 διὰ
303 4204 391 4261 τὰς
444 4202 527 4261 εἰς
577 4205 707 4253 Θεὸν
761 4202 931 4272 ὕϐρεις
1002 4205 1281 4269 ἐκολάσθη,
1332 4210 1535 4268 τούτοις
1622 4211 1772 4270 αὐτὸς

182 4286 340 4354 ἔμαθεν
395 4289 629 4342 εὐσεϐεῖν
679 4298 768 4343 καὶ
816 4290 979 4363 μηδὲν
1034 4304 1128 4355 τῆς
1186 4294 1507 4367 ἀνθρωπίνης
1576 4302 1771 4369 φύσεως

182 4378 292 4447 πέρα
342 4386 566 4449 φρονεῖν·
625 4380 732 4433 ἀλλ’
787 4381 863 4433 ὃτι
919 4388 1008 4433 καὶ
1085 4382 1562 4459 Ναϐουχοδονόσορ
1619 4408 1771 4460 μετα-

182 4460 475 4530 πλασθέντος
536 4470 600 4529 εἰς
660 4472 849 4542 θηρίων
907 4468 1177 4543 διαγωγὴν
1239 4473 1313 4545 ἐφ’
1368 4472 1446 4536 οἷς
1518 4478 1766 4545 ἠσέϐησε,

178 4557 252 4601 xui
301 4560 425 4624 μετά
480 4558 672 4620 πολλὰς
741 4562 941 4622 ἱκεσίας
1011 4568 1100 4613 xui
1183 4558 1391 4624 δεησεις
1459 4564 1765 4640 ἐλεηθέντος,

181 4641 297 4693 ὥστε
348 4646 506 4697 πάλιν
550 4650 832 4701 ἐπανελθεῖν
883 4651 955 4712 εἰς
1008 4654 1091 4702 τὸν
1145 4653 1463 4725 ἀνθρώπινον
1516 4653 1631 4726 βίον
1680 4664 1769 4711 xui

182 4733 263 4783 τήν
294 4730 567 4801 βασιλείαν
622 4737 781 4795 αὐτὴν
831 4745 919 4791 καὶ
969 4736 1063 4791 διὰ
1112 4748 1279 4794 ταῦτα
1304 4746 1391 4794 τὸν
1424 4749 1550 4797 Θεὸν
1578 4748 1644 4807 ὡς
1676 4753 1768 4806 τὴν

184 4814 367 4871 ἅπασαν
457 4827 652 4895 ἔχοντα
732 4823 953 4899 δύναμιν
1036 4836 1123 4881 xui
1219 4837 1585 4905 προνοούμενον
1670 4848 1768 4889 τῶν

182 4908 458 4980 ανθρώπων,
512 4915 646 4986 ἄχρι
685 4920 771 4967 xui
812 4917 1046 4977 τελευτῆς
1088 4920 1365 4990 ὑμνοῦντος
1410 4922 1574 4981 ληθην
1609 4927 1767 4988 αὐτὸς

178 4990 305 5048 ἔλαθε
348 5004 544 5052 τούτων
595 5008 683 5054 xui
728 5004 889 5056 πολλὰ
939 5010 1028 5077 μὲν
1088 5006 1484 5081 ἐϐλασφήμησεν
1568 5015 1636 5075 εἰς
1708 5022 1765 5069 τὸ

178 5087 325 5149 Briau,
375 5098 479 5150 τοῖς
530 5088 589 5144 δὲ
624 5097 857 5146 σκεύεσιν
907 5096 1066 5148 αὐτοῦ
1106 5100 1237 5168 μετὰ
1278 5109 1375 5149 τῶν
1426 5101 1762 5157 παλλακίδων

176 5165 463 5230 διηκονεῖτο·
517 5190 685 5233 ταυτα
737 5180 822 5234 ούν
867 5187 1065 5257 ὁρῶντα
1117 5190 1203 5237 τὸν
1255 5193 1404 5255 Θεὸν,
1447 5191 1759 5265 ὀργισθῆναι

175 5259 296 5330 αὐτῴ
362 5272 451 5318 καὶ
528 5266 622 5321 διὰ
666 5280 761 5321 τὼν
838 5278 1203 5347 γεγραμμένων
1270 5284 1750 5352 προκαταγγέλλειν,

171 5346 229 5406 εὶς
256 5350 351 5405 οἷον
382 5356 538 5407 αὑτὸν
584 5361 944 5433 καταστρέψαι
995 5360 1079 5414 δεῖ
1125 5365 1279 5425 τέλος
1332 5364 1520 5425 ἐδήλου
1580 5369 1638 5423 δὲ
1691 5378 1753 5425 τά

170 5441 432 5509 γράμματα
488 5444 634 5499 τάδε’
689 5452 844 5519 μάνη,
899 5452 1061 5521 θέκελ,
1107 5458 1273 5527 φαρές·
1333 5466 1484 5510 τοῦτο
1538 5457 1595 5512 δε
1648 5464 1747 5515 ἔλε-

172 5543 244 5593 γεν
284 5526 491 5585 Ἐλλάδι
532 5534 742 5609 γλώσσῃ
803 5545 1091 5611 σημαίνειν,
1153 5526 1231 5594 ὅτι
1290 5550 1388 5597 Τὸν
1437 5555 1527 5608 τῆς
1608 5554 1747 5615 ςωῆς

180 5630 260 5667 σου
305 5625 496 5701 χρόνον
551 5625 835 5705 ἠρίθμηκεν
882 5630 907 5682 ὁ
959 5635 1084 5693 Θεὸς
1132 5638 1219 5685 καὶ
1279 5638 1495 5713 σταθμῷ
1568 5647 1742 5721 περιί-

1887 3218 2264 3290 sitinquit,inj
2276 3221 2581 3275 ucundum
2593 3226 2941 3292 etasperum
2954 3225 3116 3292 quod
3134 3238 3169 3276 a
3186 3225 3300 3276 Deo
3315 3221 3539 3292 signiti-

1886 3314 2069 3363 catur.
2082 3312 2196 3364 Hoc
2210 3325 2350 3379 ergo
2364 3309 2411 3363 si
2426 3310 2650 3374 feceris,
2667 3310 2823 3365 dabo
2851 3310 2955 3365 tibi
2980 3327 3325 3382 purpuram,
3350 3328 3472 3384 qua
3487 3319 3538 3367 te

1884 3397 2121 3457 induas:
2139 3404 2191 3452 et
2209 3405 2475 3469 torquem
2492 3415 2943 3471 aureum,quem
2959 3401 3111 3456 collo
3129 3403 3537 3473 tuoimponas,

1885 3494 1939 3542 et
1958 3488 2187 3542 tertiam
2208 3495 2437 3558 partem
2463 3489 2847 3559 meiimperii,
2865 3490 3122 3545 futuram
3152 3493 3463 3561 praemium
3485 3496 3541 3547 et

1885 3576 2175 3632 honorem
2204 3581 2318 3631 tuae
2351 3577 2651 3645 sapientiae
2678 3593 2689 3629 :
2736 3583 2795 3632 ut
2824 3594 2895 3632 ex
2927 3578 3067 3647 ipsis
3103 3580 3326 3635 evadas
3355 3579 3538 3650 longe

1887 3666 2267 3729 clarissimus,
2296 3669 2351 3720 et
2372 3664 2449 3719 ab
2470 3666 2753 3720 omnibus
2777 3668 3214 3737 suspiciendus.

1960 3755 2098 3809 Xlll.
2128 3754 2329 3810 Daniel
2359 3760 2559 3809 autem
2590 3755 2845 3824 rogabat
2887 3756 3151 3825 quidem,
3190 3763 3251 3811 ut
3287 3758 3394 3813 sibi
3427 3776 3537 3816 sua

1886 3844 2129 3900 haberet
2183 3858 2451 3906 munera,
2506 3845 2702 3898 virum
2760 3844 2920 3899 enim
2966 3845 3301 3915 sapientem
3334 3853 3386 3902 et
3444 3847 3540 3901 di-

1884 3938 2093 3989 vinum
2123 3950 2245 3989 non
2288 3949 2419 3988 esse
2454 3934 2807 4005 capiendum
2848 3934 3242 3989 muneribus:
3285 3952 3351 3991 se
3396 3951 3537 3992 vero

1885 4026 2066 4093 gratis
2100 4024 2246 4079 velle
2269 4024 2477 4094 juvare
2514 4038 2615 4078 eos
2645 4023 2749 4095 qui
2778 4039 2930 4095 opus
2956 4022 3234 4079 habeant.
3272 4026 3537 4081 Declarat

1884 4120 2080 4168 autem
2117 4118 2165 4168 ei
2210 4129 2281 4168 ea
2308 4130 2446 4185 quae
2478 4114 2685 4184 scripja
2720 4113 2970 4179 fuerant,
3008 4130 3223 4185 nempe
3252 4116 3376 4169 vita:
3407 4115 3535 4170 exi-

1878 4206 2036 4258 tum:
2065 4202 2228 4273 quod
2252 4204 2439 4257 neciis
2460 4203 2721 4274 quidem,
2740 4220 2875 4274 quae
2901 4219 3048 4259 avus
3072 4204 3195 4273 ejus
3228 4204 3537 4260 Nabucho-

1880 4292 2145 4347 donosor
2193 4306 2407 4362 passus
2459 4298 2603 4356 erat,
2650 4294 2952 4363 suppliciis
2998 4300 3238 4364 propter
3284 4308 3424 4350 suas
3476 4295 3537 4349 in

1882 4383 2068 4435 Deum
2109 4382 2519 4446 contumelias,
2550 4380 2680 4451 ipse
2727 4381 3011 4437 didicerat
3062 4399 3195 4437 esse
3234 4384 3429 4455 pium,
3482 4390 3537 4439 et

1884 4470 2291 4525 ultramodum
2317 4470 2593 4524 humanae
2606 4476 2830 4525 naturae
2852 4486 2969 4525 non
2994 4488 3228 4526 sumere
3252 4473 3490 4544 spiritus
3521 4488 3532 4526 :

1880 4560 1980 4613 sed
2001 4558 2166 4631 quod
2183 4561 2363 4615 etiam
2376 4576 2507 4613 cum
2520 4559 3079 4616 Nabuchodonosor
3097 4568 3357 4617 mutatus
3378 4566 3536 4617 esset

1878 4649 1938 4704 in
1972 4650 2151 4704 vitam
2196 4648 2445 4703 ferinam
2490 4654 2805 4719 propterea
2842 4665 2978 4720 qua:
3026 4651 3205 4721 impie
3247 4657 3533 4720 gesserat,

1878 4744 1934 4794 et
1963 4742 2097 4809 post
2146 4737 2363 4793 multas
2390 4753 2589 4809 preces
2620 4743 2676 4793 et
2702 4739 3166 4810 supplicationes
3208 4741 3537 4796 misericor-

1878 4827 2037 4882 diam
2061 4834 2214 4883 esset
2234 4830 2608 4892 consecutus,
2634 4833 2691 4882 et
2710 4828 2981 4883 rediisset
3011 4829 3090 4883 ad
3108 4830 3286 4883 vitam
3313 4829 3532 4885 huma-

1876 4933 2018 4973 nam
2077 4924 2132 4972 et
2174 4920 2371 4988 ipsum
2414 4932 2711 4987 regnum:
2760 4923 2814 4973 et
2855 4924 3167 4989 propterea
3210 4919 3417 4985 Deum,
3473 4925 3534 4974 ut

1874 5007 1977 5079 qui
2001 5022 2243 5061 omnem
2266 5006 2511 5063 haberet
2531 5008 2876 5079 potentiam,
2898 5013 2953 5062 et
2978 5008 3293 5063 hominum
3324 5024 3531 5063 curam

1874 5102 2116 5165 gereret,
2172 5111 2361 5166 usque
2412 5097 2491 5151 ad
2528 5102 2778 5152 mortem
2822 5096 3113 5161 laudaret,
3152 5098 3277 5167 ipse
3322 5113 3529 5153 eorum

1873 5193 1963 5240 est
1988 5186 2205 5240 oblitus
2230 5202 2243 5240 :
2278 5191 2334 5240 et
2365 5188 2552 5241 Deum
2580 5187 2823 5259 quidem
2854 5186 3052 5242 multis
3082 5186 3409 5241 insectatus
3438 5192 3531 5246 est

1871 5275 2215 5345 maledictis,
2244 5275 2403 5330 vasis
2439 5285 2638 5331 autem
2682 5276 2809 5346 ejus
2844 5282 2901 5331 ut
2927 5276 3036 5330 sibi
3069 5276 3528 5345 ministraretur,

1863 5365 2053 5421 effecit
2084 5364 2260 5419 simul
2303 5381 2442 5420 cum
2482 5366 2810 5437 pellicibus.
2872 5366 3005 5420 Haec
3042 5381 3184 5434 ergo
3226 5367 3529 5422 videntem

1862 5456 2046 5511 Deum
2073 5455 2124 5510 ei
2153 5470 2284 5509 esse
2305 5456 2543 5521 iratum,
2572 5460 2627 5509 et
2650 5470 2753 5525 per
2782 5470 2854 5510 ea
2877 5470 3009 5525 qua)
3038 5461 3257 5526 scripta
3287 5462 3444 5522 sunt,
3475 5457 3528 5511 ei

1861 5545 2343 5617 praesigniﬁcare,
2386 5544 2581 5617 qualis
2629 5542 2701 5600 sit
2739 5543 2972 5600 futurus
3008 5543 3142 5601 vitai
3198 5546 3411 5601 exitus.
3448 5546 3529 5601 Si~

1858 5635 2227 5710 gniﬁcabant
2255 5640 2458 5692 autem
2490 5635 2580 5690 hae
2610 5633 2830 5703 litterae,
2858 5634 3056 5706 Mane,
3096 5635 3327 5707 Thecel,
3354 5634 3533 5713 Pila-5
