4034 6206
541 301 645 359 387

1957 309 2212 372 MENSIS
2249 315 2518 374 JULIUS.

3779 331 3874 388 388

541 445 656 499 res,
680 430 794 485 hoc
833 443 972 485 vero
1015 427 1252 486 dicebat
1288 431 1512 502 lingua.
1555 433 1763 492 Latina
1797 436 2132 506 signiﬁcare

2309 463 2470 502 στησε
2540 452 2629 500 καὶ
2695 449 2936 524 περιελών
3023 468 3117 502 σου
3185 453 3276 502 τὴν
3352 449 3618 522 βασιλείαν
3687 455 3874 520 Μήδοις

547 521 797 586 Tempus
820 521 954 574 vitae
971 525 1087 574 tum
1104 525 1441 578 numeravit
1452 524 1630 590 Deus,
1645 531 1698 580 et
1713 527 1774 580 in
1795 527 1951 583 libra
1973 543 2194 597 appen-

539 608 646 672 dit,
676 615 728 664 et
756 608 1026 663 ablatum
1057 624 1306 678 regnum
1333 618 1496 668 tuum
1521 613 1740 670 dividet
1767 616 1954 672 Medis
1975 623 2028 672 et
2053 619 2194 674 Per-

536 700 636 753 sis.
665 699 810 752 Cum
865 696 990 766 regi
1037 699 1109 752 sit
1137 699 1383 756 dixisset
1433 703 1656 766 Daniel,
1704 721 1976 776 quaenam
2018 707 2195 776 signi-

534 786 780 841 ﬁcarent
836 785 929 841 hae
1004 787 1063 840 in
1107 804 1278 844 muro
1354 789 1574 857 litterae,
1632 793 1891 849 Baltasar
1948 795 2193 866 quidem

537 889 760 944 angore
819 881 874 929 et
931 877 1118 931 animi
1183 877 1387 933 dolore
1435 879 1546 936 fuit
1591 897 1918 952 oppressus
1961 891 2197 954 pr0pter

535 979 751 1036 aspera
783 963 884 1018 illa
909 968 962 1018 et
985 964 1192 1033 tristia,
1219 983 1354 1037 quae
1377 967 1429 1022 ei
1453 969 1966 1041 signiﬁcabantur.
1996 975 2196 1045 Neque

533 1058 734 1108 tamen
765 1052 815 1107 ei
857 1059 1148 1124 tanquam
1173 1056 1480 1126 prOpheta:
1511 1060 1834 1124 malorum,
1859 1077 1982 1116 non
2003 1061 2106 1118 dat
2127 1079 2198 1118 ea

535 1157 805 1206 munera,
836 1157 970 1213 quae
998 1143 1190 1198 fuerat
1220 1145 1537 1216 pollicitus,
1571 1148 1671 1203 sed
1703 1149 1956 1220 praebuit
1993 1151 2198 1206 omnia

533 1248 718 1304 quam
749 1231 1014 1287 minatus
1045 1232 1290 1304 quidem
1322 1241 1448 1291 erat
1478 1238 1644 1306 regni
1683 1240 2010 1305 eversione,
2053 1239 2197 1295 deﬁ-

545 1321 682 1376 nitae
721 1336 849 1376 esse
880 1319 1264 1387 necessitatis,
1297 1324 1401 1379 sed
1440 1341 1562 1381 non
1594 1327 1724 1396 ejus
1768 1328 1871 1398 qui
1898 1329 2191 1399 praedixit,

530 1425 658 1465 esse
697 1414 974 1481 reputans
1005 1425 1015 1462 :
1069 1425 1140 1465 ea
1168 1418 1391 1477 autem,
1434 1430 1570 1484 quae
1603 1415 1906 1486 promissa
1942 1417 2193 1482 fuerant,

529 1500 800 1572 implere,
844 1499 988 1555 boui
1035 1516 1167 1555 esse
1198 1502 1306 1556 viri
1331 1502 1627 1573 judicans,
1653 1506 1922 1578 justique
1966 1514 2020 1562 et
2046 1509 2188 1563 veri.

602 1591 732 1644 XIV.
791 1589 1177 1645 Praaterﬂuxit
1236 1590 1415 1647 breve
1465 1593 1719 1664 spatium
1773 1595 2084 1666 temporis,
2138 1601 2194 1650 et

536 1684 748 1749 captus
784 1677 893 1733 fuit
918 1676 1043 1749 ipse
1075 1684 1130 1733 et
1171 1679 1397 1746 civitas,
1432 1682 1581 1737 sicut
1610 1682 1958 1754 praedictum
2001 1684 2194 1740 fuerat

529 1783 565 1823 a
605 1767 864 1833 Daniele,
897 1783 1035 1822 cum
1078 1771 1194 1823 Rex
1235 1772 1548 1826 Persarum
1579 1772 1638 1826 in
1688 1773 1887 1843 ipsum
1925 1772 2192 1829 duxisset
2222 1796 2264 1848 Β

529 1857 875 1914 exercitum.
897 1857 1008 1911 Sed
1033 1857 1338 1913 Baltassar
1359 1859 1602 1930 quidem
1628 1860 1710 1916 sic
1727 1875 1757 1915 e
1774 1859 1894 1916 vita
1915 1862 2144 1918 excedit
2172 1880 2185 1917 :

529 1946 738 2002 Darius
777 1961 938 2010 vero,
990 1949 1095 2017 qui
1144 1945 1611 2018 Babyloniorum
1656 1949 1926 2006 dissolvit
1973 1950 2189 2022 princi-

525 2042 756 2108 patum,
792 2036 894 2106 qui
928 2040 1052 2089 erat
1091 2036 1268 2089 etiam
1300 2036 1456 2091 titius
1499 2038 1796 2108 Astyagis,
1826 2039 1994 2109 regni
2023 2056 2189 2096 sexa-

525 2125 821 2194 gesimum
855 2122 1190 2176 secundum
1224 2140 1450 2180 annum
1503 2130 1886 2195 transegerat,
1943 2129 2190 2200 quando

524 2217 676 2284 cepit
692 2210 1084 2282 Babylonem.
1107 2212 1216 2275 Qui
1236 2212 1411 2268 etiam
1434 2214 1854 2272 admirabilem
1872 2217 2033 2272 hunc
2056 2235 2190 2289 pro-

521 2301 765 2373 phetam
811 2316 1011 2354 secum
1062 2301 1378 2372 accipiens,
1419 2309 1707 2376 tanquam
1748 2322 1875 2361 rem
1921 2307 2188 2380 aliquam

523 2405 812 2460 magnam
843 2394 898 2443 et
920 2390 1443 2459 pretiosissimam,
1473 2393 1643 2450 duxit
1666 2395 1724 2450 in
1757 2395 2033 2464 Mediam,
2067 2415 2189 2454 ma-

529 2495 715 2549 gnum
747 2494 923 2533 suum
965 2478 1025 2532 in
1056 2494 1194 2534 eum
1235 2481 1494 2537 studium
1542 2484 1861 2540 ostendens
1892 2490 1946 2542 et
1983 2487 2184 2543 obser-

525 2569 807 2624 vantiam.
842 2567 1044 2622 Daniel
1073 2584 1213 2638 ergo
1240 2585 1374 2625 cum
1406 2578 1557 2627 esset
1588 2572 1646 2627 in
1680 2579 1843 2630 tanto
1867 2575 2094 2632 honore
2128 2583 2183 2632 et

520 2657 990 2713 exsistimatione
1017 2658 1180 2730 apud
1206 2660 1468 2725 Darium,
1489 2663 1688 2732 etipse
1715 2663 1844 2734 ejus
1872 2680 2179 2721 sermones

517 2749 830 2818 acciperet,
882 2751 944 2801 ut
993 2747 1095 2818 qui
1151 2747 1442 2804 haberent
1501 2750 1725 2823 aliquid
1779 2752 2067 2822 divinum,
2116 2756 2173 2810 in

513 2853 650 2892 eum
673 2852 912 2908 quoque
939 2837 1190 2891 excitata
1221 2843 1308 2892 est
1348 2839 1570 2895 invidia
1601 2840 1678 2894 ab
1707 2841 1780 2895 iis
1807 2842 1908 2912 qui
1947 2844 2174 2913 primas

511 2932 708 2998 partes
753 2925 1020 2979 ferebant
1061 2925 1120 2979 in
1172 2926 1378 2981 Media.
1433 2927 1658 2982 Etenim
1700 2929 2049 2986 invidebant
2081 2949 2170 2987 sa-

515 3015 1002 3086 trapae,videntes
1025 3030 1163 3067 eum
1189 3030 1315 3069 esse
1341 3017 1398 3070 in
1427 3018 1653 3086 majore
1679 3019 2168 3084 exsistimatione,

2304 535 2462 592 αὐτὴν
2505 542 2593 588 καὶ
2638 543 2860 610 Πέρσαις
2918 536 3166 610 διανεμεῖ.
3219 540 3364 592 Ούτω
3405 543 3590 600 Δανιὴλ
3627 552 3775 596 ταῦτα
3803 557 3869 617 τῷ

2306 621 2517 694 βασιλεῖ
2565 633 2834 698 σημαίνειν
2879 633 3171 702 φράσαντος
3201 633 3264 681 τα
3293 629 3338 680 ἐν
3380 635 3546 702 τοίχῳ
3589 635 3869 705 γράμματα,

2308 717 2389 762 τόν
2429 718 2518 785 μὲν
2568 716 2837 789 Βαλτάσαρ
2888 719 2990 770 οἷον
3041 718 3169 778 εὶκός
3217 717 3288 790 ἐφ’
3335 720 3467 771 οὕτω
3517 720 3756 790 χαλεποῖς
3778 730 3873 783 τοῖς

2306 797 2680 876 δεδηλωμένοις
2731 805 2864 864 λύπη
2911 813 3000 857 καί
3055 811 3299 880 σύμφορα
3339 808 3629 878 κατέλαϐεν,
3675 810 3729 861 ού
3783 816 3872 882 μὴν

2305 892 2372 950 ὡς
2429 899 2670 965 προφήτῃ
2720 904 2891 946 κακῶν
2933 896 3070 966 αύτῷ
3109 901 3357 966 γενομένῳ
3417 906 3486 967 τῷ
3527 904 3753 970 προφήτῃ
3794 905 3874 960 τας

2307 976 2505 1054 δωρεὰς
2536 983 2597 1043 ἇς
2627 985 2888 1055 ὑπέσχετο
2921 981 3129 1047 δώσειν,
3179 985 3237 1036 ού
3279 982 3524 1053 δίδωσιν,
3557 985 3679 1038 ἀλλά
3721 991 3874 1048 πάσας

2305 1076 2620 1142 παρέσχετο,
2703 1078 2793 1130 τὴν
2877 1079 2966 1146 μὲν
3028 1075 3370 1146 ὴπειλημένην
3459 1084 3548 1136 τῆς
3627 1076 3875 1148 βασιλείας

2305 1162 2608 1233 καθαίρεσιν
2658 1172 2750 1224 τῆς
2802 1165 3099 1228 ὁρισθείσης
3153 1164 3402 1235 ἀνάγκης,
3464 1165 3568 1217 ἀλλ’
3623 1166 3743 1236 ούχὶ
3792 1177 3872 1218 τοῦ

2304 1253 2758 1323 προφητεύσαντος
2797 1249 2926 1304 εἶναι
2987 1253 3339 1324 λογισάμενος,
3396 1258 3489 1312 τὴν
3548 1251 3605 1306 δὲ
3671 1264 3762 1306 τῶν
3801 1255 3871 1307 ἐπ-

2305 1339 2624 1411 ηγγελμένων
2688 1340 3009 1413 ἐκπλήρωσιν
3068 1339 3254 1416 ἀνδρὸς
3319 1341 3519 1415 ἀγαθοῦ
3571 1349 3746 1415 κρίνων
3798 1349 3873 1396 καὶ

2303 1425 2513 1480 δικαίου
2544 1435 2632 1482 καὶ
2664 1427 2897 1500 ἁψευδοῦ
2908 1452 2947 1491 ς.

2374 1590 2467 1642 lA'.
2506 1594 2684 1664 Βραχύ
2716 1586 2898 1647 διῆλθε
2945 1592 3002 1641 τὸ
3049 1591 3261 1661 μεταξὺ,
3290 1595 3380 1642 καὶ
3421 1590 3574 1652 αύτός
3602 1610 3651 1643 τε
3699 1589 3869 1662 ἐλήφθη

2300 1684 2388 1730 καὶ
2439 1680 2468 1736 ἡ
2531 1679 2694 1744 πόλις,
2759 1683 2827 1739 ὼς
2886 1688 2958 1748 τῷ
3018 1680 3205 1737 Δανιὴλ
3259 1686 3659 1754 προηγόρευται,
3721 1684 3870 1755 Κύρου

2300 1776 2396 1818 τῶν
2452 1774 2660 1838 Περσῶν
2711 1766 2969 1839 βασιλέως
3031 1767 3533 1840 ἐπιστρατεύσαντος
3587 1769 3662 1820 ἐπ’
3713 1769 3866 1822 αὐτόν·

2301 1854 2425 1907 ἀλλὰ
2477 1857 2745 1928 Βαλτάσαρ
2786 1861 2874 1928 μὲν
2923 1857 3056 1909 ούτω
3113 1861 3194 1908 τὸν
3254 1857 3371 1929 βίον
3425 1857 3640 1930 ἀμείϐει.
3700 1865 3870 1930 Δαρείῳ

2301 1941 2358 1996 δὲ
2398 1953 2467 2015 τῷ
2515 1946 2868 1998 καταλύσαντι
2915 1951 3004 2004 τὴν
3061 1944 3386 1998 Βαδυλώνιον
3416 1949 3706 2019 ἡγεμονίαν,
3731 1949 3780 2009 ὃς
3809 1944 3866 2005 δὴ

2297 2039 2385 2086 καὶ
2419 2035 2744 2105 Ἀστυάγους
2773 2039 2884 2096 υίὸς
2917 2032 2994 2100 ἦν,
3048 2036 3156 2096 ἔτος
3185 2035 3466 2098 ἑξηκοστόν
3515 2042 3602 2088 καὶ
3654 2033 3865 2109 δεύτερον

2298 2133 2390 2185 τῆς
2445 2123 2716 2195 βασιλείας
2765 2125 2967 2190 ὴνύετο,
3024 2127 3174 2182 ἡνίκα
3203 2130 3294 2182 τὴν
3329 2124 3610 2178 Βαϐυλῶνα
3639 2125 3772 2177 εἷλεν⁸
3824 2128 3869 2186 ὃς

2297 2217 2386 2264 καὶ
2420 2217 2504 2264 τόν
2533 2214 2824 2284 θαυμάσιον
2869 2219 3075 2266 τουτονὶ
3107 2219 3379 2286 προφήτην
3422 2215 3531 2287 μεθ’
3578 2215 3750 2266 ἑαυτοῦ
3788 2213 3866 2264 λα-

2298 2302 2398 2354 ϐὼν
2456 2305 2524 2363 ὡς
2573 2307 2707 2372 μέγα
2771 2321 2822 2353 τι
2865 2311 3056 2375 χρῆμα
3103 2309 3191 2356 καὶ
3246 2303 3535 2376 ἀξιότιμον,
3588 2308 3766 2375 ἤγαγεν
3811 2303 3865 2362 εἰς

2294 2397 2385 2450 τὴν
2455 2388 2724 2453 Μηδικὴν,
2782 2391 2971 2448 πολλὴν
3045 2397 3138 2450 τὴν
3209 2398 3326 2466 περὶ
3404 2393 3557 2445 αὐτόν
3624 2394 3863 2465 θεραπείαν

2295 2478 2600 2540 ἐπιδεικνύς.
2651 2480 2839 2538 Δανιὴλ
2892 2485 3061 2532 τοίνυν
3119 2486 3186 2532 ὥν
3245 2481 3291 2532 ἐν
3353 2486 3565 2554 τοιαύτη
3620 2489 3736 2554 τιμῇ
3788 2485 3864 2530 καὶ

2291 2569 2503 2643 λαμπρᾲ
2562 2565 2767 2640 σπουδῇ
2820 2572 2964 2642 παρὰ
3007 2577 3076 2639 τῷ
3132 2575 3347 2645 Δαρείῳ,
3404 2576 3552 2642 μόνος
3582 2590 3631 2622 τε
3665 2569 3863 2640 σύμϐουο

2287 2658 2367 2718 λος
2424 2661 2560 2728 αύτῷ
2618 2657 2968 2731 ἐχρημάτισε,
3002 2664 3089 2710 καὶ
3142 2663 3262 2719 τοὺς
3292 2660 3455 2712 αὐτοῦ
3487 2659 3666 2731 λόγους
3717 2661 3775 2718 ὥς
3820 2677 3862 2708 τι

2287 2751 2421 2800 θεῖον
2475 2751 2694 2818 ἔχοντας
2744 2749 2768 2798 ὁ
2820 2746 3070 2819 βασιλεὺς
3120 2745 3534 2821 ἀποδεχόμενος·
3564 2751 3640 2807 ἧν.
3687 2747 3860 2818 Ἀμελει

2283 2843 2372 2888 καὶ
2426 2839 2606 2908 φθόνος
2664 2836 2803 2906 αύτῷ
2859 2838 3069 2908 ύφεῖρπε
3123 2841 3266 2906 παρὰ
3313 2847 3417 2889 τὼν
3470 2842 3533 2890 τὰ
3581 2857 3748 2910 πρωτα
3792 2855 3858 2906 οε-

2280 2932 2470 2996 ρόντων
2529 2924 2580 2976 ἐκ
2650 2922 2888 2997 Μηδικῃ·
2930 2925 3238 2977 ἐϐάσκαινον
3266 2929 3372 2999 γὰρ
3422 2927 3559 2997 αύτῷ
3590 2929 3635 2978 οί
3680 2925 3856 2995 σατρά-

2280 3033 2375 3066 παι
2423 3010 2913 3087 παρευδοκιμούντα
2990 3016 3203 3086 ὁρῶντες
3255 3021 3345 3066 καὶ
3428 3016 3646 3074 πλείονος
3713 3013 3858 3075 ἀξιού-

514 3110 569 3158 et
595 3119 722 3157 esse
754 3103 951 3171 majus
995 3103 1053 3156 in
1087 3118 1222 3157 eum
1255 3105 1412 3171 regis
1454 3105 1740 3170 studium,
1783 3111 1838 3162 et
1873 3107 2080 3163 haberi
2112 3109 2171 3164 in

2283 3121 2428 3174 μενον
2478 3112 2573 3164 τῆς
2625 3101 2677 3153 ἐκ
2731 3101 2984 3174 βασιλέως
3035 3106 3304 3178 θεραπείας
3346 3125 3402 3156 τε
3445 3110 3533 3156 καὶ
3570 3111 3735 3175 τιμῆς
3781 3106 3856 3152 καὶ

2287 3197 2312 3204 η
2425 3201 2441 3204 _
2622 3189 2643 3204 ι.
2710 3192 2736 3204 ι,
2767 3192 2781 3204 .
2808 3201 2818 3204 -
2936 3192 2946 3202 .
3115 3198 3125 3204 .
3308 3198 3316 3204 .
3628 3200 3635 3204 .
3803 3190 3813 3204 .

513 3192 726 3262 majori
755 3191 916 3262 apud
934 3206 1073 3245 eum
1093 3191 1339 3247 honore.
1361 3193 1703 3258 Quaerentes
1733 3200 1932 3250 autem
1949 3197 2171 3253 calum-

505 3284 619 3338 nia;
666 3279 1038 3336 occasionem
1071 3285 1127 3334 et
1155 3282 1570 3347 accusationis,
1625 3284 1868 3339 minime
1911 3286 2173 3342 invenie-

503 3373 652 3427 bant
683 3387 695 3438 ;
727 3369 955 3425 nullam
985 3369 1142 3424 enim
1175 3370 1260 3426 eis
1285 3370 1589 3441 praebebat
1614 3388 1880 3441 causam,
1900 3391 2043 3430 nam
2069 3392 2170 3432 ne-

502 3476 620 3534 que
647 3476 684 3515 a
713 3459 983 3532 pecuniis
1013 3461 1168 3514 vinci
1208 3465 1448 3531 poterat,
1481 3467 1539 3517 et
1575 3477 1818 3517 omnem
1868 3471 2164 3535 quaestum

501 3550 890 3623 despiciebat.
923 3549 1064 3604 Hinc
1095 3549 1316 3605 factum
1348 3555 1453 3617 est,
1484 3557 1546 3606 ut
1576 3568 1712 3608 cum
1745 3553 1890 3608 nihil
1922 3562 2165 3624 possent

501 3641 783 3708 invenire,
829 3639 987 3710 quod
1033 3640 1105 3693 de
1159 3655 1229 3694 eo
1279 3639 1542 3695 dicentes
1605 3641 1770 3713 apud
1813 3658 2038 3715 regem,
2085 3645 2160 3700 de

500 3731 630 3802 ejus
668 3730 894 3784 honore
928 3737 1172 3799 possent
1198 3728 1425 3800 aliquid
1455 3729 1788 3797 detrahere,
1816 3731 2000 3788 alium
2033 3750 2158 3789 mo-

499 3821 644 3876 dum
676 3823 1024 3890 quaarerent,
1057 3834 1179 3890 quo
1219 3834 1356 3874 eum
1388 3818 1750 3891 depellerent
1779 3837 1816 3876 a
1857 3822 2015 3894 regis
2052 3823 2158 3878 be-

498 3909 860 3964 nevolentia.
913 3908 1188 3962 Videntes
1253 3923 1396 3977 ergo
1445 3909 1746 3965 Danielem
1804 3917 1890 3966 ter
1948 3912 2009 3966 in
2060 3913 2155 3968 die

495 4004 851 4070 precantem,
885 3997 1150 4052 arbitrati
1174 4002 1313 4052 sunt
1343 4013 1402 4053 se
1435 3998 1731 4054 invenisse
1757 4002 2150 4067 occasionem,

494 4105 595 4160 per
617 4104 800 4159 quam
832 4087 949 4141 sint
971 4087 1020 4140 ei
1050 4086 1283 4141 allaturi
1313 4087 1555 4142 exitium
1588 4104 1599 4143 :
1634 4094 1687 4144 et
1711 4090 2054 4146 accedentes
2075 4092 2153 4147 ad

493 4177 754 4242 Darium,
803 4177 854 4230 ei
897 4179 1261 4246 renuntiant,
1303 4177 1495 4231 visum
1539 4193 1672 4232 esse
1709 4179 1993 4234 omnibus
2024 4182 2153 4251 ejus

493 4265 752 4336 satrapis
783 4269 835 4320 et
858 4263 1246 4336 principibus,
1281 4270 1344 4318 ut
1373 4264 1571 4320 nullus
1601 4283 1672 4320 ex
1711 4267 1988 4322 omnibus
2019 4285 2152 4340 spa-

493 4355 574 4410 tio
604 4353 843 4423 triginta
864 4352 1098 4407 dierum
1121 4353 1306 4408 ullam
1323 4354 1570 4409 omnino
1596 4360 1757 4426 petat
1783 4357 2148 4427 petitionem,
2184 4385 2228 4439 D

491 4457 688 4516 neque
728 4459 763 4498 a
795 4445 912 4497 Deo
943 4458 1137 4512 neque
1168 4442 1246 4498 ab
1275 4443 1541 4508 homine,
1572 4443 1682 4499 nisi
1714 4443 1791 4499 ab
1830 4445 1960 4517 ipso
1990 4462 2148 4516 rege.

493 4534 602 4598 Qui
627 4534 782 4587 hanc
804 4537 1001 4587 autem
1021 4531 1213 4602 legem
1237 4531 1409 4588 fuerit
1427 4539 1853 4601 transgressus,
1875 4535 2150 4592 inlacum

491 4613 734 4678 leonum
762 4621 1078 4692 injiciatur.

562 4713 668 4766 XV.
711 4713 824 4766 Rex
862 4725 1004 4765 vero
1049 4726 1172 4765 non
1220 4709 1550 4780 intelligens
1613 4727 1821 4768 eorum
1871 4713 2152 4784 maligni-

491 4806 692 4865 tatem,
738 4815 842 4854 nec
895 4801 1205 4871 suspicans
1265 4815 1366 4854 eos
1418 4800 1542 4856 haec
1591 4816 1718 4857 esse
1774 4802 2150 4858 machinatos

489 4890 784 4946 adversus
826 4888 1152 4957 Danielem,
1195 4889 1366 4944 cessit
1404 4904 1610 4944 eorum
1647 4891 2044 4947 sermonibus.
2087 4894 2152 4947 Et

491 4981 587 5037 alii
627 4980 872 5053 quidem
904 4995 1114 5034 omnes
1153 4985 1449 5043 caventes,
1485 4995 1556 5034 ne
1596 4981 2151 5049 transgrederentur

488 5087 558 5127 ea
589 5087 723 5143 qum
750 5070 834 5124 eis
876 5070 1165 5140 imperata
1197 5067 1449 5138 fuerant,
1481 5068 1875 5141 quiescebant
1903 5087 1914 5125 :
1949 5071 2150 5126 Daniel

491 5167 690 5216 autem
719 5161 832 5216 hoc
864 5159 1108 5214 minime
1137 5158 1417 5213 curabat:
1444 5159 1568 5224 sed,
1598 5159 1745 5214 sicut
1767 5159 1816 5213 ei
1842 5175 1974 5215 mos
2002 5166 2142 5230 erat,

488 5258 652 5304 stans
678 5249 910 5305 orabat.
941 5251 1082 5303 Hinc
1105 5265 1240 5302 cum
1265 5263 1402 5302 eum
1431 5247 1846 5303 observassent
1869 5254 2144 5319 satrapae,

487 5345 540 5393 et
573 5341 947 5409 apparuisset
990 5354 1078 5402 ea,
1115 5354 1278 5410 quan
1307 5339 1366 5392 in
1406 5338 1607 5410 ipsum
1647 5337 1968 5392 studebant
1997 5337 2149 5392 acci-

487 5441 648 5498 pere,
678 5429 938 5493 occasio,
963 5428 1159 5484 statim
1192 5433 1498 5498 venerunt,
1529 5426 1606 5483 ad
1636 5441 1860 5496 regem,
1893 5432 1950 5482 et
1975 5442 2147 5482 accu-

487 5521 695 5572 sarunt
758 5516 1082 5583 Danielem,
1139 5523 1204 5574 ut
1255 5517 1362 5590 qui
1414 5515 1576 5574 solus
1638 5516 2148 5588 transgrederetur

488 5624 559 5670 ea.
576 5623 711 5683 qua:
729 5606 1286 5683 fuerantimperata.
1309 5611 1454 5666 Nam
1483 5623 1622 5665 cum
1635 5605 1854 5677 nullus,
1871 5605 2146 5677 aiebant,

2285 3197 2558 3255 ζητοῦντες
2610 3189 2856 3252 διαϐολῆς
2927 3192 3164 3268 ἀφορμὴν
3236 3198 3326 3245 καὶ
3387 3200 3711 3266 κατηγορίας,
3765 3190 3855 3260 οὐχ

2280 3281 2808 3355 εὕρισκονηπαρεῖχε
2853 3284 2954 3354 γὰρ
3011 3282 3180 3334 αἰτίαν
3237 3279 3494 3356 οὐδεμίαν
3551 3283 3731 3344 αὐτοῖς,
3761 3279 3853 3330 ἐπεὶ

2277 3375 2363 3421 καί
2418 3372 2708 3442 χρημάτων
2769 3369 3016 3443 ἀνώτερος
3072 3368 3131 3428 ἦν
3196 3377 3285 3423 καὶ
3349 3377 3542 3434 παντὸς
3611 3372 3852 3442 λήμματος

2276 3461 2589 3531 ύπεροπτης·
2650 3458 2872 3511 ἐντεῦθεν
2931 3461 3001 3522 ὼς
3058 3457 3206 3512 ούδεν
3250 3457 3400 3532 εἶχον
3469 3463 3624 3536 εὑρεῖν
3676 3462 3850 3512 ὀκατ-

2273 3555 2498 3610 ειπόντες
2528 3549 2687 3600 αὑτοῦ
2743 3553 2870 3621 πρὸς
2902 3553 2987 3600 τὸν
3029 3548 3254 3621 βασιλέα
3302 3551 3666 3624 ζημιώσουσιν
3715 3547 3848 3598 αὐτὸν

2270 3640 2339 3701 εἰς
2395 3644 2488 3696 τὴν
2542 3638 2662 3712 παρ’
2718 3638 2877 3690 αύτού
2936 3643 3112 3711 τιμὴν,
3168 3644 3360 3713 τρόπον
3424 3640 3571 3692 ἄλλον
3636 3637 3844 3699 ἐζήτουν,

2265 3728 2380 3780 καθ’
2432 3729 2484 3780 ὃν
2534 3727 2686 3778 αὐτόν
2732 3735 2821 3788 τῆς
2858 3726 3144 3800 βασιλικῆς
3197 3728 3546 3787 ἐκστὴσουσιν
3601 3729 3844 3800 εὐμενείας.

2263 3815 2505 3892 Ὁρῶντες
2544 3813 2631 3869 οὖν
2676 3822 2761 3868 τόν
2813 3818 3001 3875 Δανιὴλ
3048 3823 3159 3890 τρίς
3208 3826 3304 3879 τῆς
3344 3821 3539 3894 ἡμέρας
3580 3818 3845 3890 προσευχό-

2265 3927 2410 3978 μενον
2457 3914 2529 3976 τῷ
2578 3913 2706 3976 Θεῷ,
2762 3913 3020 3981 πρόφασιν
3066 3910 3295 3978 ἔγνωσαν
3337 3911 3624 3984 εὑρηκέναι,
3682 3903 3747 3957 δι’
3792 3904 3844 3963 ἧς

2264 3997 2404 4066 αὐτῷ
2488 3999 2879 4048 συσκευάσουσι
2932 4001 3024 4054 τὴν
3088 3995 3362 4049 ἀπώλειανο
3421 4004 3511 4050 καὶ
3581 3999 3700 4069 πρὸς
3768 3996 3841 4044 τὸν

2265 4093 2472 4157 Δαρεῖον
2523 4084 2748 4145 ἐλθόντες
2801 4083 3142 4156 ἀπήγγελλον,
3234 4088 3302 4148 ὡς
3387 4095 3498 4146 τοῖς
3577 4086 3842 4158 σατράπαις

2262 4175 2420 4226 αὐτοῦ
2481 4180 2612 4224 πᾶσι
2671 4179 2759 4225 καὶ
2810 4175 3035 4246 ἡγεμόσι
3094 4171 3307 4240 δόξειεν,
3363 4178 3449 4227 ἐπὶ
3497 4177 3683 4247 ἡμέρας
3719 4170 3839 4242 τριά-

2261 4283 2417 4315 κοντα
2472 4259 2674 4334 μηδένα
2718 4273 2816 4314 τῶν
2879 4265 3082 4315 πάντων
3167 4266 3496 4321 αἰτήσασθαί
3574 4283 3624 4314 τι
3695 4255 3840 4333 μηδὲν

2262 4356 2481 4424 αἴτημα,
2522 4358 2654 4424 μήτε
2693 4356 2835 4426 παρὰ
2888 4360 3020 4404 Θεοῦ
3077 4357 3208 4425 μήτε
3249 4355 3394 4426 παρὰ
3441 4352 3724 4425 ἀνθρώπου,
3771 4350 3839 4399 ὁτι

2261 4447 2331 4514 μὴ
2362 4447 2513 4514 μόνον
2535 4445 2677 4516 παρὰ
2709 4450 2820 4504 σού,
2856 4440 3095 4513 βασιλεύ,
3130 4444 3216 4493 τόν
3268 4439 3325 4494 δὲ
3379 4446 3467 4494 τόν
3515 4447 3661 4513 νόμον
3693 4457 3835 4510 παρα-

2262 4531 2518 4589 ϐεϐηκότα
2577 4538 2756 4582 τοῦτον
2804 4531 2872 4593 εἰς
2926 4534 3009 4583 τόν
3053 4531 3240 4583 λάκκον
3301 4530 3715 4604 ἐμϐληθὴσεσθαι
3751 4531 3836 4576 τῶν

2259 4621 2487 4674 λεόντων.

2333 4709 2431 4768 IE-
2487 4710 2545 4760 Ὀ
2599 4705 2657 4762 δὲ
2707 4707 2958 4781 βασιλεὺς
3007 4709 3065 4762 οὗ
3120 4707 3347 4762 συνιδὼν
3392 4714 3486 4768 τὴν
3535 4708 3833 4779 κακουργίαν

2262 4801 2452 4864 αὐτῶν,
2503 4795 2619 4851 οὐδ’
2674 4799 2757 4851 ἐπὶ
2787 4802 2874 4850 τόν
2906 4799 3096 4858 Δανιὴλ
3152 4807 3318 4851 ταῦτα
3367 4799 3835 4866 συσκευασαμένους

2261 4894 2576 4952 ὑπονοήσας,
2657 4888 2753 4950 εἶξε
2807 4896 2910 4948 τοῖς
2968 4889 3131 4941 αὐτῶν
3184 4889 3360 4958 λόγοις
3415 4894 3504 4940 καὶ
3571 4885 3833 4958 προτίθησι

2259 4985 2580 5053 πρόγραμμα
2636 4974 2826 5034 δηλοῦν
2882 4987 2953 5048 τῷ
3001 4977 3186 5035 πλήθει
3217 4980 3281 5029 τὰ
3325 4973 3552 5039 δόξαντα
3603 4981 3703 5032 τοῖς
3752 4990 3831 5023 σα-

2258 5072 2500 5140 τράπαις·
2557 5072 2645 5118 καὶ
2704 5069 2752 5118 οἱ
2799 5070 2886 5139 μὲν
2939 5066 3078 5118 ἄλλοι
3134 5069 3313 5126 πάντες
3366 5065 3725 5137 φυλαττόμενοι
3777 5063 3831 5110 τά

2258 5160 2680 5233 προστεταγμένα
2731 5161 2800 5227 μὴ
2885 5155 3179 5227 παραϐῆναι
3236 5157 3478 5230 ἠρέμουν,
3538 5163 3605 5223 τῷ
3662 5147 3830 5206 Δανιὴλ

2260 5244 2318 5299 δὲ
2374 5249 2568 5298 τούτων
2620 5250 2822 5319 φροντὶς
2871 5242 3110 5317 οὐδεμία,
3162 5245 3268 5296 ἀλλ’
3320 5248 3491 5318 ὥσπερ
3546 5245 3654 5302 ἔθος
3697 5241 3826 5291 ίστά·

2257 5356 2402 5408 μενος
2455 5338 2670 5406 ηὕχετσ
2725 5337 2856 5387 ἔνθεν
2913 5354 2992 5386 τοι
3044 5334 3134 5386 καί
3181 5340 3634 5408 παρατηρήσαντες
3688 5328 3828 5380 αὐτόν

2257 5429 2306 5478 οἱ
2355 5427 2639 5498 σατράπαι,
2686 5433 2775 5484 τῆς
2853 5423 3106 5498 ἀφορμῆς,
3168 5428 3228 5483 ἣν
3281 5419 3604 5484 ἐσπούδαζον
3671 5416 3826 5470 λαϐεῖν

2257 5514 2334 5568 ἐπ’
2385 5514 2538 5566 αὐτόν
2585 5517 2754 5587 ὥσπερ
2787 5518 3195 5587 παραφανείσης,
3236 5513 3387 5576 εὐθὺς
3425 5513 3548 5570 ἧκον
3593 5512 3710 5584 πρὸς
3739 5504 3826 5579 βα-

2258 5605 2404 5659 σιλέα
2458 5610 2547 5657 καὶ
2602 5609 2924 5678 κατηγόρουν
2977 5607 3044 5668 ὡς
3101 5601 3502 5682 παραϐαίνοντος
3548 5605 3700 5674 μόνου
3744 5601 3824 5648 τοῦ
