4066 6224
188 297 282 353 389

1321 291 1488 351 VITA
1526 292 1584 349 S.
1628 288 2026 346 PBOPHETIE
2059 290 2414 350 DANIELIS.

3445 292 3550 348 390

185 420 366 478 Δανιὴλ
407 424 474 473 τα
523 425 948 496 προστεταγμένα
990 441 1002 453 ·
1037 419 1276 482 Μηδινὸς
1322 424 1444 494 γὰρ,
1492 424 1644 491 φησὶ,
1678 425 1775 469 τῶν

1901 417 2041 472 ilius
2062 417 2302 474 auderet
2340 417 2480 474 deos
2509 432 2679 473 orare
2709 433 2723 482 ;
2755 415 2957 472 Daniel
2984 416 3099 472 hoc
3135 428 3256 473 non
3305 420 3428 476 vult
3466 421 3550 478 fa-

179 510 331 562 οῦλων
364 511 653 580 τολμῶντος
704 513 1098 582 προσεύχεσθαι
1143 519 1252 572 τοῖς
1303 512 1452 573 θεοῖς,
1506 511 1529 560 ό
1587 507 1775 564 Δανιὴλ

184 606 328 651 τοῦτο
360 602 601 669 πράττειν
646 600 702 651 ού
755 598 1019 671 βούλεται,
1059 607 1147 652 καὶ
1197 600 1307 672 ἅμα
1358 603 1426 660 ὡς
1469 597 1777 669 παραϐάτην

181 695 335 760 νόμου
367 688 546 750 ἠξίουν
595 692 731 740 κατὰ
774 693 860 740 τον
905 696 1056 760 νόμον
1106 689 1176 750 εἰς
1220 694 1305 740 τον
1357 692 1541 739 λάκκον
1592 685 1778 756 ἐμϐλη-

184 779 335 834 θῆναι
391 786 491 828 των
548 777 779 830 λεοντων.
831 778 1116 852 Θαρρήσας
1161 775 1218 830 δε
1259 779 1283 828 ὁ
1312 785 1538 850 Δαρεῖος,
1574 777 1648 825 ὅτι
1681 775 1776 846 ρύ-

187 886 331 918 σεται
378 870 436 917 τὸ
491 875 640 918 Θείον
680 867 835 918 αύτόν
888 873 975 919 καὶ
1023 866 1174 920 οὐδέν
1206 868 1262 919 ού
1295 869 1452 918 πάθοι
1481 863 1648 915 δεινὸν
1680 863 1780 913 ύπό

182 966 278 1007 τῶν
333 958 544 1027 θηρίων,
596 955 850 1008 ἐκέλευσεν
921 958 1076 1008 αὐτὸν
1126 957 1361 1028 εὐθύμως
1438 958 1496 1005 τὸ
1576 950 1781 1024 συμϐὰν

453 1050 541 1096 καὶ
589 1043 864 1117 βληθέντος
913 1046 984 1106 εὶς
1041 1050 1126 1098 τὸν
1179 1046 1366 1097 λάκκον
1427 1051 1519 1095 τοῦ
1570 1039 1777 1104 Δανιὴλ,

188 1139 480 1206 σφραγίσας
531 1137 616 1185 τὸν
671 1133 751 1185 ἐπὶ
815 1143 904 1186 τοῦ
979 1140 1197 1206 στομίου
1250 1136 1480 1205 κείμενον
1531 1131 1644 1182 ἀντὶ
1696 1131 1783 1180 θύ-

190 1051 350 1117 φέρειν
394 1064 406 1078 ο

1889 511 2128 564 cere:et
2149 507 2325 563 simul
2357 513 2647 578 tanquam
2679 505 2824 576 legis
2851 509 3552 574 transgressore:n,vole-

1889 595 2039 650 bant
2067 611 2202 650 eum
2230 611 2301 650 ex
2321 596 2450 666 lege
2472 593 2587 664 jaci
2614 594 2672 648 in
2699 594 2894 648 lacum
2921 593 3183 648 leonum.
3220 593 3542 653 Conﬁdens

1890 688 2093 739 autem
2122 687 2326 739 Darius
2357 683 2480 738 fore
2513 689 2574 738 ut
2607 687 2758 738 Deus
2786 698 2924 737 eum
2955 683 3230 753 eriperet,
3265 689 3320 737 et
3347 700 3383 739 a
3414 684 3550 740 feris

1891 772 2037 826 nihil
2086 788 2259 841 grave
2323 778 2636 842 pateretur,
2689 771 2867 840 jussit
2921 787 3058 825 eum
3114 771 3297 826 alacri
3350 773 3553 828 animo

1894 861 2041 916 ferre
2070 862 2234 932 quod
2263 861 2596 916 acciderat:
2627 867 2683 914 et
2713 861 2769 914 in
2814 860 3014 914 lacum
3052 860 3269 930 injecto
3295 862 3548 929 Daniele,

1893 965 2030 1005 cum
2082 951 2463 1020 obsignasset
2501 965 2604 1005 rex
2653 949 2937 1021 lapidem,
2995 949 3099 1020 qui
3145 955 3269 1006 erat
3299 950 3437 1006 litus
3494 952 3554 1007 in

1893 1039 2058 1096 aditu
2084 1040 2214 1096 loco
2244 1040 2398 1110 ostii,
2441 1040 2704 1104 recessit,
2747 1043 2931 1095 totam
2981 1046 3217 1095 noctem
3256 1039 3553 1097 insomnis

1895 1129 2251 1199 transigens,
2293 1134 2354 1186 ut
2380 1129 2479 1202 qui
2505 1133 2871 1200 premeretur
2902 1144 3046 1184 cura
3071 1128 3144 1184 de
3183 1130 3443 1186 Daniele.

185 1242 277 1294 ρας
331 1222 472 1274 λίθον
527 1224 552 1272 ὁ
613 1221 882 1293 βασιλεὺς,
939 1223 1291 1299 ἀνεχώρησεν,
1351 1223 1470 1280 ὃλην
1524 1225 1616 1278 τὴν
1662 1220 1824 1269 νύκτα
1881 1215 2151 1290 διαγαγὼν
2204 1220 2418 1285 ἄϋπνος,
2477 1216 2716 1293 φροντίδι
2772 1226 2833 1290 τῇ
2893 1223 3010 1292 περὶ
3057 1221 3144 1270 τὸν
3198 1219 3388 1278 Δανιὴλ
3437 1240 3555 1273 συν-

187 1317 457 1383 εχομενος.

257 1400 354 1463 [ς’.
399 1401 525 1453 Μεθ’
577 1401 772 1472 ἡμέραν
850 1399 908 1453 δὲ
992 1400 1240 1466 ἀναστὰς,
1303 1400 1385 1452 ἐπὶ
1439 1402 1524 1451 τὸν
1593 1397 1782 1449 λάκκον

185 1487 305 1546 ἦλθε
347 1497 439 1540 καὶ
490 1490 788 1560 σωζομένην
831 1495 923 1548 τὴν
975 1489 1245 1564 σφραγίἓα
1293 1492 1470 1562 εὑρὼν,
1608 1505 1786 1558 σημη-

185 1581 397 1650 νάμενος
456 1583 540 1629 τον
604 1578 746 1631 λίθον
810 1579 1184 1645 καταλελοίπει,
1259 1579 1462 1640 ἀνοίξας
1535 1577 1787 1648 ὀνομαστί

189 1672 240 1719 τε
269 1673 354 1719 τὸν
410 1668 598 1726 Δανιὴλ
647 1670 813 1721 ἐκάλει
855 1674 943 1721 καὶ
992 1665 1362 1721 διεπυνθάνετο
1407 1671 1510 1738 εἴγε
1556 1671 1646 1717 καὶ
1699 1671 1786 1715 νῦν

200 1757 408 1818 σωξοιτο
453 1778 463 1789 ·
507 1765 599 1808 τοῦ
651 1754 710 1809 δὲ
763 1760 990 1810 κάτωθεν
1043 1759 1431 1816 ὑπακούσαντος
1483 1761 1572 1808 καὶ
1623 1750 1787 1826 μηδεν

200 1848 369 1897 παθεῖν
422 1847 648 1906 εἰπόντος
725 1845 953 1919 ἀνιαρὸν,
1041 1846 1297 1899 ἐκέλευσεν
1356 1846 1510 1897 αὐτὸν
1584 1843 1790 1896 ἀνελκυ-

197 1937 381 1992 σθῆναι
428 1944 519 1986 τοῦ
563 1935 758 1987 λάκκου
792 1950 806 1965 ⁸
841 1939 890 1987 οὶ
938 1933 996 1988 δὲ
1028 1935 1214 2008 ἐχθροὶ
1247 1938 1553 2006 θεασάμενοι
1581 1938 1666 1985 τον
1696 1940 1787 1984 Au-

192 2024 302 2080 νιὴλ
351 2021 518 2095 μηδὲν
562 2027 855 2076 πεπονθότα
897 2021 1084 2092 δεινὸν,
1118 2025 1193 2075 Ou’
1224 2028 1312 2096 μὲν
1361 2020 1468 2089 οὖν,
1516 2024 1705 2093 Elter/av,
1750 2020 1789 2072 ὦ

194 2109 434 2182 βασιλεύ,
473 2110 566 2164 διὰ
613 2117 669 2165 τὸ
707 2122 856 2166 Θείον
899 2120 988 2166 καὶ
1018 2119 1109 2172 τὴν
1149 2117 1335 2165 τούτου
1368 2119 1608 2187 πρόνοιαν
1640 2111 1788 2171 οὗτος

192 2206 477 2264 σέσωσται,
529 2202 656 2254 ἀλλὰ
705 2212 778 2272 τῷ
825 2207 941 2263 τοὺς
993 2203 1198 2264 λέοντας
1251 2205 1646 2274 κεκορεσμένους
1697 2203 1792 2252 ὑπ-

189 2293 373 2362 άρχειν
432 2299 644 2364 τροφῆς.
722 2299 884 2345 Τοῦτο
951 2292 1133 2344 ἐκεῖνοι
1210 2295 1298 2363 μεν
1359 2295 1434 2342 ἔτι
1495 2289 1790 2362 βασκανίας

190 2380 470 2450 ἡττημένοι
511 2378 670 2434 εἶπον.
707 2381 764 2432 Ὀ
812 2380 1060 2453 βασιλεὺς
1105 2377 1164 2432 δὲ
1206 2386 1445 2451 μισήσας
1494 2387 1584 2439 τῆς
1635 2398 1792 2436 πονη-

187 2473 301 2538 ρίας
352 2468 566 2533 αύτούς,
630 2470 1032 2543 παραϐληθῆναι
1087 2473 1175 2541 μεν
1223 2469 1382 2521 πολλά
1434 2469 1621 2520 κελεύει
1683 2477 1788 2530 τοῖς

187 2555 365 2608 λέουσι
422 2563 568 2630 κρέα,
625 2561 978 2633 κορασθέντων
1034 2557 1092 2610 δὲ
1145 2558 1333 2623 αύτῶν,
1388 2560 1455 2618 εἰς
1512 2562 1597 2609 τὸν
1672 2558 1791 2610 λάκ-

190 2665 275 2696 κον
326 2644 650 2716 ἐμϐληθῆναι
690 2652 806 2708 τούς
838 2646 931 2700 διὰ
969 2653 1159 2720 μίσους
1197 2651 1282 2699 τὸν
1324 2648 1512 2706 Δανιὴλ
1550 2650 1786 2718 ἔχοντας,

191 2736 328 2794 ὅπως
380 2736 423 2787 εἰ
465 2733 560 2787 διὰ
603 2742 754 2808 κόρον
803 2737 978 2797 αὐτοῖς
1009 2737 1068 2789 ού
1112 2736 1456 2810 προσέξουσιν
1515 2739 1562 2788 οὶ
1601 2737 1792 2799 λέοντες

189 2825 371 2892 μάθοι.
422 2829 576 2896 Σαφες
617 2822 675 2878 δὲ
729 2828 923 2898 ἐγένετο
974 2835 1044 2896 τῷ
1115 2831 1328 2900 Δαρείῳ,
1379 2829 1455 2878 ὃτι
1514 2829 1622 2878 θεία
1667 2833 1787 2900 χεὶρ

193 2909 252 2981 ᾖν
308 2917 337 2969 ἡ
374 2919 463 2965 τὸν
517 2916 706 2972 Δανιὴλ
765 2924 1005 2981 σωσασα,
1059 2915 1486 2987 παραϐληθέντων
1530 2912 1638 2973 ἤδη
1687 2924 1792 2977 τοῖς

191 3003 389 3075 θηρίοις
419 3011 520 3054 τῶν
567 3013 845 3076 σατραπῶν
876 3024 887 3034 ·
927 3002 1137 3066 οὐδενὸς
1172 3007 1274 3080 γὰρ
1314 3004 1481 3056 αὐτῶν
1525 3010 1582 3056 τό
1629 3009 1792 3077 παροὶ⁴

1965 1397 2098 1451 XVI.
2129 1399 2276 1452 Cum
2303 1401 2525 1464 autem,
2555 1402 2879 1469 postquam
2908 1397 3035 1452 dies
3069 1401 3245 1464 esset,
3276 1401 3558 1455 surrexis-

1895 1487 2001 1548 set,
2019 1487 2180 1540 venit
2195 1486 2270 1540 ad
2285 1485 2485 1541 lacum
2509 1503 2524 1539 :
2543 1492 2598 1541 et
2614 1502 2752 1542 cum
2767 1486 3000 1542 salvum
3012 1487 3338 1542 invenisset
3357 1489 3551 1558 signa-

1895 1573 2120 1643 culum,
2135 1590 2258 1645 quo
2278 1575 2592 1645 reliquerat
2604 1575 2992 1645 obsignatum
3003 1574 3264 1648 lapidem
3279 1578 3554 1649 aperiens

1897 1663 2253 1719 nominatim
2302 1665 2534 1720 vocavit
2569 1665 2891 1731 Danielem,
2947 1669 3001 1720 et
3043 1665 3292 1737 rogavit,
3336 1682 3413 1723 an
3453 1668 3555 1723 ad'

1899 1749 2016 1805 huc
2045 1756 2204 1807 esset
2233 1752 2456 1808 salvus.
2487 1754 2634 1808 Cum
2658 1753 2754 1809 ille
2793 1769 2933 1810 vero
2979 1755 3204 1810 inferne
3239 1756 3552 1822 audiisset,

1900 1843 1956 1893 et
1983 1840 2234 1897 dixisset
2261 1857 2322 1897 se
2372 1842 2516 1897 nihil
2549 1843 2868 1898 molestum
2904 1857 3032 1898 esse
3069 1859 3336 1914 passum,
3371 1846 3554 1916 jussit

1901 1943 2038 1984 eum
2069 1931 2294 1986 extrahi
2319 1947 2350 1986 e
2385 1931 2539 1986 lacu.
2579 1935 2722 1988 Cum
2757 1932 3038 1988 vidissent
3083 1939 3283 1988 autem
3327 1934 3551 1990 inimici

1905 2017 2204 2074 Danielem
2227 2019 2372 2074 nihil
2405 2020 2548 2075 mali
2571 2019 2755 2076 fuisse
2787 2036 3051 2092 passum.
3082 2023 3210 2076 Non
3241 2021 3370 2088 fuit,
3394 2023 3556 2078 dice-

1900 2105 2065 2170 bant,
2091 2107 2198 2162 iste
2219 2116 2604 2164 conservatus
2623 2113 2860 2181 propter
2887 2111 3074 2166 Deum
3087 2118 3141 2165 et
3168 2118 3409 2182 propter
3423 2112 3554 2182 ejus

1901 2194 2294 2265 providentia,
2329 2197 2434 2252 sed
2468 2199 2627 2269 quod
2659 2198 2860 2253 leones
2903 2205 3103 2254 essent
3148 2198 3286 2254 cibo
3335 2199 3555 2255 satiati.

1900 2285 2018 2339 Hac
2043 2284 2125 2340 illi
2150 2287 2395 2358 quidem
2417 2287 2716 2350 dicebant,
2748 2288 2879 2342 victi
2906 2289 2985 2343 ab
3009 2288 3254 2344 invidia.
3279 2292 3393 2344 Rex
3415 2305 3556 2344 vero

1899 2373 2039 2428 odio
2078 2374 2310 2430 habens
2337 2391 2545 2431 eorum
2591 2375 3059 2446 improbitatem,
3101 2376 3270 2447 jubet
3308 2377 3555 2449 quidem

1900 2462 2119 2518 multas
2148 2479 2356 2519 carnes
2387 2463 2565 2534 objici
2602 2463 2905 2520 leonibus:
2937 2481 3077 2521 cum
3104 2465 3141 2520 ii
3186 2471 3385 2522 autem
3423 2465 3561 2521 fuis-

1900 2557 2031 2606 sent
2059 2553 2391 2616 saliati,eos
2423 2555 2480 2607 in
2503 2552 2695 2608 lacum
2725 2553 2909 2623 injici,
2929 2555 3054 2625 qui,
3084 2554 3225 2610 odio
3256 2555 3558 2612 habebant

1898 2640 2223 2705 Danielem,
2252 2646 2316 2695 ut
2345 2641 2537 2712 sciret,
2563 2658 2641 2698 an
2672 2648 2907 2714 propter
2939 2645 3274 2700 satietatem
3307 2661 3408 2699 eos
3437 2661 3554 2700 non

1900 2733 2209 2799 tangerent
2250 2731 2465 2786 leones.
2499 2731 2746 2787 Planum
2791 2748 2930 2789 vero
2964 2734 3184 2789 factum
3229 2739 3318 2789 est
3359 2734 3556 2803 Dario,

1903 2822 2083 2876 fuisse
2120 2821 2387 2876 divinam
2428 2837 2699 2887 manum,
2745 2838 2878 2893 quin
2928 2823 3184 2878 servavit
3231 2823 3553 2890 Danielem,

1902 2926 2039 2966 cum
2085 2908 2283 2979 injecti
2325 2908 2580 2966 fuissent
2617 2916 2908 2982 satrapae;
2953 2911 3099 2966 nulli
3148 2913 3308 2967 enim
3351 2928 3560 2968 eorum

1901 3000 2151 3056 omnino
2177 3005 2570 3070 pepercerunt
2599 3016 2610 3054 :
2643 3000 2747 3054 sed
2777 3016 2880 3056 eos
2907 3016 3119 3056 omnes
3162 3001 3466 3070 unguibus
3503 3006 3560 3056 et

190 3111 286 3142 παν
336 3093 602 3161 ἐφείσαντο
652 3093 778 3146 ἀλλὰ
832 3097 1029 3156 πάντας
1076 3095 1262 3156 αύτούς
1312 3095 1450 3156 ὄνυξι
1501 3100 1590 3146 καὶ
1639 3092 1789 3147 ὀδοῦ-

1903 3068 2195 3144 ἀθῑιιὶὸιιε-
2227 3068 2492 3160 protinus
2531 3089 2969 3161 discerpserunt
3013 3096 3069 3146 et
3103 3068 3556 3156 devoraverunt,

192 3199 274 3232 σιν
317 3181 474 3243 εὐθύς
528 3180 887 3256 διεσπάραξάν
957 3203 1011 3236 τε
1082 3189 1170 3236 καὶ
1229 3181 1391 3256 βορὰν
1458 3183 1789 3253 ἐποιήσαντο,

191 3273 424 3343 καθάπερ
487 3280 556 3342 τῷ
613 3272 748 3344 λιμῷ
800 3275 1076 3345 κάμνοντες
1124 3279 1212 3324 καὶ
1260 3281 1454 3346 τροφῆς
1495 3260 1791 3345 ἀστοχούν-

196 3378 290 3419 τες.
343 3363 733 3433 Διαφθαρέντων
807 3359 893 3413 οὖν
960 3361 1095 3414 οὕτω
1153 3370 1250 3413 τῶν
1322 3361 1791 3414 ἐπιϐουλευσάντων

197 3456 266 3518 τῷ
314 3450 527 3513 Διανὴλ,
571 3452 596 3501 ὁ
625 3449 871 3522 βασιλεὺς
923 3459 1128 3524 Δαρεῖος
1174 3449 1344 3519 ἄνδρα
1385 3457 1628 3523 φρόνιμον
1679 3452 1793 3504 ἐαυ-

194 3543 279 3588 τὸν
339 3535 544 3600 δεικνὺς
604 3545 694 3591 καὶ
744 3543 1037 3610 πειθόμενον
1109 3539 1342 3612 ἀληθείᾳ,
1412 3543 1690 3614 πράγμασί
1742 3561 1794 3594 τε

198 3637 435 3699 φανεροῖς
494 3634 584 3680 καὶ
651 3629 1058 3704 ἀναντιρρἠτοις,
1114 3630 1230 3682 καθ’
1280 3631 1400 3687 ὃλην
1445 3630 1640 3702 ἔπεμψε
1698 3637 1792 3689 τὴν

194 3725 380 3788 χώραν
419 3717 639 3770 ἐπαινῶν
683 3723 770 3770 τὸν
815 3723 960 3781 Θεὸν,
1011 3719 1064 3771 ὃν
1096 3722 1121 3770 ὁ
1157 3720 1342 3777 Δανιὴλ
1372 3727 1675 3794 προσκυνεῖ,
1706 3726 1794 3772 καὶ

193 3813 349 3877 μόνον
401 3808 560 3859 αὑτὸν
624 3805 754 3859 εἶναι
823 3808 985 3879 ἔλεγεν
1079 3808 1244 3867 ἀληθῆ
1323 3815 1412 3860 καὶ
1483 3813 1541 3861 τὸ
1593 3813 1796 3861 πάντων

195 3900 384 3967 ἔχοντα
435 3899 629 3969 κράτος
660 3913 672 3926 ⁸
708 3899 837 3967 ἔσχε
884 3894 942 3949 δὲ
990 3903 1077 3949 καὶ
1126 3901 1211 3949 τὸν
1261 3898 1450 3956 Δανιὴλ
1505 3895 1596 3950 διὰ
1644 3908 1798 3971 τιμῆς

195 3983 366 4038 οὐδενὶ
425 3986 565 4058 ῶλῳ
609 3986 999 4059 παραπλησίας,
1060 3996 1261 4059 πρῶτον
1309 3989 1464 4040 αὐτὸν
1519 3985 1796 4051 ἀποδείξας

194 4084 288 4125 τῶν
357 4076 518 4146 φῦων
558 4095 570 4107 ·
622 4085 855 4134 συνῆσαν
911 4075 969 4128 δὲ
1023 4077 1162 4146 αύτῷ
1207 4082 1296 4128 καὶ
1343 4079 1390 4128 οἱ
1447 4077 1641 4150 ἑταῖροι
1707 4085 1796 4131 καὶ

197 4171 482 4234 συγγενεῖς,
552 4167 601 4216 οἱ
698 4169 816 4236 περὶ
899 4165 1148 4242 Ἀζαρίαν
1237 4171 1388 4237 φημὶ,
1475 4172 1562 4218 καὶ
1646 4167 1792 4220 αὐτοὶ

195 4253 381 4323 ὁμοίως
412 4262 510 4316 τῆς
541 4257 668 4314 ἴσης
716 4254 857 4324 αύτῲ
907 4260 996 4307 καὶ
1046 4261 1291 4328 προνοίας
1335 4261 1424 4308 καὶ
1465 4266 1619 4328 τιμῆς
1668 4256 1794 4310 ἀπο-

192 4340 397 4394 λαύοντι
404 4363 424 4403 ς
433 4385 445 4396 .

1905 3177 2150 3248 perinde
2186 3193 2256 3233 ac
2288 3177 2337 3232 si
2365 3178 2524 3234 fame
2550 3178 2890 3234 laborarent
2913 3183 2970 3234 et
2993 3179 3280 3235 alimento
3297 3183 3556 3249 egerent.

1905 3268 2052 3322 Cum
2100 3267 2140 3322 ii
2185 3282 2326 3336 ergo
2364 3268 2740 3334 interiissent,
2776 3269 2880 3340 qui
2930 3268 3157 3324 Danieli
3199 3272 3558 3339 paraverant

1904 3355 2181 3422 insidias,
2227 3359 2347 3412 Rex
2399 3359 2609 3413 Darius
2675 3359 2942 3430 seipsum
3003 3359 3320 3414 ostendens
3369 3360 3560 3414 virum

1908 3445 2261 3515 prudentem
2282 3451 2338 3502 et
2367 3453 2677 3517 parentem
2710 3448 2967 3514 veritati,
2997 3449 3300 3520 rebusque
3339 3448 3565 3520 apertis

1906 3537 1961 3589 et
1990 3539 2196 3589 contra
2220 3551 2373 3605 quas
2403 3535 2551 3590 nihil
2595 3535 2709 3591 dici
2741 3541 2993 3607 poterat,
3029 3538 3187 3592 misit
3232 3553 3336 3609 per
3377 3543 3564 3593 totam

1904 3623 2233 3691 regionem,
2268 3623 2522 3680 laudans
2548 3626 2756 3689 Deum,
2789 3642 2972 3696 quem
3005 3627 3216 3681 adorat
3247 3625 3483 3682 Daniel:
3509 3631 3565 3682 et

1905 3727 2045 3766 eum
2077 3712 2272 3768 solum
2305 3713 2543 3769 dicebat
2573 3730 2704 3769 esse
2734 3730 2967 3779 verum,
3019 3721 3075 3770 et
3113 3717 3214 3786 qui
3257 3716 3318 3768 in
3357 3730 3564 3770 omnes

1907 3800 2135 3856 obtinet
2175 3801 2579 3859 dominatum.
2605 3803 2876 3858 Habebat
2907 3808 3108 3859 autem
3156 3803 3460 3859 Danielem
3500 3803 3562 3858 in

1907 3891 2121 3960 majori
2147 3891 2395 3961 honore,
2421 3908 2608 3964 quam
2634 3893 2817 3948 ullum
2843 3893 3052 3960 alium,
3069 3892 3388 3949 ostendens
3421 3909 3560 3949 eum

1907 3995 2034 4034 esse
2066 3981 2325 4052 primum
2345 3997 2417 4036 ex
2449 3983 2679 4038 amicis.
2718 3983 2906 4039 Simul
2935 3999 3076 4039 vero
3117 3999 3253 4038 cum
3286 3998 3357 4037 eo
3388 3989 3557 4038 erant

1906 4069 2084 4125 etiam
2114 4071 2386 4140 cognati:
2429 4073 2690 4139 Azarias,
2737 4073 3155 4144 inquam,cum
3204 4071 3446 4135 caeteris,
3499 4073 3562 4126 in

1906 4174 2060 4230 quos
2105 4165 2161 4216 et
2205 4177 2315 4232 par
2373 4168 2497 4219 erat
2543 4162 2807 4219 studium
2850 4162 3030 4233 regis,
3071 4167 3129 4218 et
3179 4162 3239 4217 in
3287 4162 3417 4234 pari
3457 4176 3560 4216 eos

1904 4248 2133 4305 honore
2152 4250 2436 4307 habebat.

261 4432 356 4488 1Σ’.
397 4431 495 4484 Ὢν
547 4429 608 4484 δὲ
643 4433 807 4493 οὕτως
850 4434 1107 4506 ἐπίσημος
1153 4440 1243 4487 καὶ
1295 4435 1545 4508 λαμπρὸς,
1600 4433 1789 4508 ᾠκοδό-

1975 4428 2126 4485 XVll.
2162 4428 2310 4485 Cum
2340 4430 2389 4486 is
2406 4435 2607 4487 autem
2623 4438 2780 4487 esset
2808 4431 3059 4501 insignis
3093 4436 3149 4486 et
3177 4431 3556 4503 splendidus,

194 4540 352 4589 μησεν
405 4521 455 4572 ἐν
498 4520 830 4583 Ἐκϐατάνοις
873 4530 980 4585 τοῖς
1038 4521 1297 4586 Μηδικοῖς
1354 4530 1444 4576 καὶ
1504 4525 1658 4600 βᾶριν
1717 4531 1794 4578 ἐκ-

196 4614 544 4681 πρεπέστατον
611 4632 661 4662 τι
718 4615 1134 4684 κατασκεύασμα
1193 4619 1282 4665 καὶ
1347 4616 1652 4685 θαυμασίως
1702 4636 1793 4668 πε-

196 4704 489 4768 ποιημένον,
543 4701 573 4757 ἦ
627 4705 790 4772 μέχρι
843 4691 996 4773 δεῦρο
1055 4706 1142 4773 μὲν
1192 4705 1306 4754 ἔστι
1352 4709 1440 4754 καὶ
1501 4706 1724 4764 σώζεται
1777 4723 1790 4737 ⁸

197 4796 295 4848 τοῖς
349 4787 406 4841 δε
466 4792 627 4863 ὁρῶσι
685 4787 828 4842 δοκεῖ
879 4794 1194 4864 προσφάτως
1244 4797 1663 4846 κατεσκευάσθαι
1705 4803 1794 4850 καὶ

200 4877 272 4927 ἐπ’
324 4879 482 4938 αὐτῆς
535 4881 752 4952 ἡμέρας,
805 4881 863 4940 ἧς
909 4882 1123 4943 ἕκαστος
1174 4882 1330 4940 αὐτὴν
1382 4883 1578 4958 ἱστορεῖ
1616 4903 1627 4913 ·
1663 4890 1793 4938 οὕτω

195 4971 364 5038 νεαρὸν
423 4967 590 5027 αὐτῆς
644 4971 701 5019 τὸ
751 4969 930 5029 κάλλός
981 4976 1069 5021 καὶ
1112 4967 1365 5042 μηδαμοῦ
1414 4979 1701 5045 γεγηρακὸς
1740 4976 1792 5026 δν

197 5055 292 5106 ὑπὸ
323 5064 412 5107 τοῦ
448 5059 702 5108 τοσούτου
741 5062 935 5130 χρόνου
982 5065 1231 5130 φαίνεται.
1283 5063 1583 5113 Θάπτονται
1632 5060 1691 5115 δε
1747 5063 1792 5116 ἐν

194 5151 251 5214 τῇ
302 5143 453 5218 βάρει
495 5149 653 5221 ταύτῃ
698 5147 748 5199 οῖ
794 5167 846 5198 τε
904 5145 1100 5205 Μήδων
1149 5155 1237 5201 καὶ
1289 5157 1499 5222 Περσῶν
1533 5150 1787 5223 βασιλεῖς,

193 5239 284 5284 καὶ
334 5237 357 5285 ὁ
419 5241 616 5292 ταύτην
663 5242 1062 5308 πεπιστευμένος
1109 5235 1363 5300 Ἰουδαῖός
1425 5239 1564 5292 ἐστιν
1615 5245 1789 5314 ἱερεύς.

196 5323 474 5395 Ἰωσὴππῳ
537 5331 626 5376 και
680 5334 846 5377 ταῦτα
903 5333 1028 5399 προς
1080 5328 1208 5391 λέξιν
1266 5339 1336 5400 τῷ
1395 5328 1634 5402 Ἰουδαίῳ
1677 5352 1793 5384 συν-

194 5414 457 5467 τέτακται.
507 5415 651 5465 Ἐπεὶ
711 5411 770 5466 δε
818 5415 876 5467 ού
937 5418 1240 5488 θαυμαστὸς
1292 5426 1443 5491 μόνον
1492 5421 1789 5493 ὑπῆρχενὸ

199 5501 382 5558 Δανιὴλ
439 5500 618 5576 ἑτέρων
689 5501 910 5556 ἐπιλύειν
981 5505 1226 5579 ὀνείρους,
1286 5507 1412 5561 ἀλλὰ
1464 5515 1553 5562 καὶ
1614 5510 1788 5582 πολλῷ

200 5586 385 5665 μᾶλλον
438 5591 882 5667 θαυμασιώτερος,
937 5594 1010 5668 ἐφ’
1064 5596 1142 5658 οἷς
1211 5596 1362 5660 αὐτὸς
1417 5596 1604 5662 ἐκεῖνος
1657 5602 1788 5677 ὀρῶν

1905 4518 2189 4574 exstruxit
2213 4519 2274 4575 in
2306 4520 2539 4576 Medicis
2570 4520 2904 4582 Ecbatanis.
2956 4521 3184 4587 turrim,
3241 4519 3563 4592 pulcherri-

1906 4623 2075 4664 mum
2095 4609 2407 4681 quoddam
2437 4611 2756 4667 aediﬁcium
2778 4615 2835 4666 et
2855 4610 3079 4666 factum
3103 4609 3559 4676 admirabiliter,

1904 4713 2040 4769 quae
2085 4699 2144 4754 in
2183 4699 2539 4755 hodiernum
2573 4717 2762 4773 usque
2809 4699 2972 4756 diem
3017 4704 3440 4765 conservatur;
3491 4699 3560 4753 iis

1905 4791 2106 4843 autem
2136 4789 2239 4859 qui
2257 4789 2478 4855 vident,
2504 4790 2737 4846 videtur
2767 4805 2956 4862 nuper
2987 4789 3167 4844 fuisse
3197 4792 3555 4852 constructa,

1903 4881 2084 4948 atque
2113 4879 2265 4933 adeo
2294 4895 2366 4934 eo
2394 4880 2525 4948 ipso
2555 4880 2669 4945 die,
2705 4896 2827 4951 quo
2884 4879 3047 4935 illam
3109 4878 3319 4949 aspicit
3376 4893 3559 4932 unus-

1903 4969 2176 5038 quisque,
2231 4973 2351 5024 tam
2405 4983 2614 5026 recens
2677 4970 2806 5039 ejus
2869 4968 3276 5039 pulchritudo,
3318 4973 3376 5022 et
3426 4981 3562 5036 quae

1903 5055 2148 5112 minime
2169 5057 2481 5112 consenuit
2529 5064 2692 5114 tanto
2729 5063 3016 5129 tempore,
3053 5059 3329 5113 cernitur.
3388 5057 3564 5125 Sepe-

1900 5145 2124 5202 liuntur
2153 5163 2292 5202 vero
2320 5147 2379 5202 in
2418 5147 2532 5202 hac
2561 5153 2715 5202 turre
2768 5164 2938 5218 reges
2981 5147 3284 5203 Medorum
3315 5149 3373 5201 et
3424 5145 3561 5199 Per-

1903 5252 2143 5292 sarum:
2179 5241 2236 5291 et
2289 5238 2336 5291 is
2390 5237 2483 5291 cui
2517 5253 2589 5292 ea
2633 5243 2720 5292 est
2766 5239 3111 5302 commissa,
3175 5241 3262 5291 est
3316 5235 3562 5290 Iudaeus

1903 5327 2207 5381 sacerdos.
2241 5327 2375 5382 Haec
2407 5327 2484 5381 ab
2515 5326 2738 5399 Joseph
2777 5327 2981 5382 Judaao
3012 5327 3091 5383 ad
3124 5325 3376 5382 verbum
3415 5340 3559 5380 con-

1902 5418 2122 5488 scripta
2192 5421 2350 5474 sunt.
2419 5418 2715 5481 Quoniam
2767 5421 2970 5474 autem
3053 5433 3175 5473 non
3218 5415 3412 5472 solum
3453 5414 3565 5471 fuit

1899 5505 2269 5564 admirabilis
2325 5507 2387 5563 in
2442 5507 2744 5564 solvendis
2805 5506 3064 5564 aliorum
3120 5507 3392 5577 somniis,
3458 5505 3566 5562 sed

1897 5601 2076 5669 longe
2139 5598 2550 5658 admirabilior
2614 5599 2676 5656 in
2711 5598 2782 5656 iis
2837 5614 2970 5673 quae
3053 5597 3149 5658 ille
3213 5598 3345 5671 ipse
3391 5594 3562 5671 vidit,
