4066 6224
530 274 629 333 391
1919 275 2180 334 MENSIS
2229 276 2502 335 JULlUS.
3763 292 3865 349 392

537 417 733 473 opera:
784 402 1039 473 pretium
1066 406 1156 455 est
1185 399 1277 454 hic
1306 414 1543 471 quoque
1596 414 1797 455 eorum
1851 403 2167 458 meninisse

2306 404 2607 476 ἐτύγχανεν,
2640 404 2790 467 ἄξιον
2822 405 3044 458 ἐνταῦθα
3086 411 3176 457 καὶ
3222 408 3338 478 περὶ
3391 406 3550 458 αὐτῶν
3590 416 3866 481 μνησθῆναι

533 501 590 547 et
616 496 943 555 ostendere,
985 506 1170 561 quam
1203 496 1358 545 esset
1396 490 1525 560 ejus
1568 506 1736 545 mens
1782 507 1933 562 pura
1985 500 2040 548 et
2081 496 2194 549 Deo

533 581 736 650 digna.

603 671 788 724 XVIII.
816 675 858 722 Α
900 684 1117 739 magno
1150 670 1263 724 hoc
1300 668 1608 740 propheta,
1639 684 1777 723 cum
1800 669 1996 723 adhuc
2018 670 2194 738 dege'

528 764 615 813 ret
642 758 903 812 Baltasar
934 760 991 811 in
1033 767 1181 813 terra
1232 757 1665 823 Chaldaeorum,
1725 758 1833 812 visi
1880 765 2015 813 sunt
2046 775 2190 830 qua-

530 853 662 902 tuor
690 850 845 903 venti
876 846 1007 902 cmli
1038 848 1096 901 in
1126 864 1288 903 mare
1321 849 1558 913 irruere,
1582 853 1637 901 et
1664 852 1921 917 quatuor
1953 864 2187 919 magna:

526 938 726 992 bestiae
760 953 835 991 ex
865 953 932 992 eo
978 939 1323 1001 ascendere,
1357 953 1491 1007 quae
1526 936 1946 1004 signiﬁcabant
1972 943 2187 1008 quator

526 1042 753 1096 magna
778 1043 982 1095 regna.
1020 1028 1283 1091 Quarum
1316 1042 1433 1080 una
1463 1025 1709 1096 quidem
1745 1025 1871 1080 visa
1904 1026 2015 1080 fuit
2061 1031 2184 1081 tan-

525 1132 713 1188 quam
743 1116 952 1181 leaena,
996 1122 1051 1170 et
1082 1115 1208 1184 ejus
1252 1128 1463 1185 pennae
1502 1119 1791 1184 tanquam
1834 1114 2071 1185 aquilae.
2105 1116 2184 1169 Ea

526 1205 899 1275 significabat
953 1219 1204 1273 regnum
1256 1203 1689 1259 Chaldaaorum.
1754 1204 1898 1258 Ursa
1976 1207 2175 1258 autem

526 1295 808 1360 secunda,
845 1310 981 1364 quae
1014 1294 1071 1348 in
1102 1309 1201 1349 ore
1235 1294 1343 1349 tria
1372 1291 1634 1346 habebat
1664 1292 1883 1349 latera:
1942 1292 2036 1347 cui
2069 1309 2181 1347 vox

523 1400 765 1455 quoque
788 1382 1162 1447 audiebatur,
1194 1382 1434 1437 dicens:
1468 1382 1671 1450 Surge,
1700 1381 1947 1436 comede
1973 1396 2181 1436 carnes

527 1474 763 1538 multas,
802 1489 873 1527 ea
923 1471 1299 1541 significabat
1330 1486 1582 1540 regnum
1614 1470 1915 1525 Medorum
1954 1475 2009 1525 et
2046 1474 2178 1525 Per-

525 1579 752 1617 sarum.
784 1565 849 1617 Et
882 1563 1070 1626 tertia,
1099 1562 1323 1632 pardus
1352 1580 1371 1616 :
1396 1575 1529 1631 quae
1555 1560 1731 1615 etiam
1756 1559 2181 1615 ostendebatur

521 1653 754 1707 habens
788 1657 1048 1723 quatuor
1074 1666 1305 1721 pennas
1352 1648 1606 1703 volucris
1648 1664 1827 1718 supra
1865 1650 2093 1719 ipsam:
2125 1658 2167 1703 et

2290 1652 2480 1705 σιλείαν
2524 1673 2535 1685 ·
2579 1659 2666 1704 καὶ
2721 1652 2981 1727 πάρδαλιν
3032 1660 3124 1713 τὴν
3168 1661 3365 1727 τρίτην,
3411 1660 3533 1717 ἣτις
3586 1662 3674 1708 καὶ
3726 1661 3875 1731 πτερὰ

520 1743 581 1796 in
618 1758 689 1796 ea
725 1757 967 1812 quoque
1001 1742 1188 1795 bestia
1230 1740 1626 1794 cernebantur
1655 1744 1912 1809 quatuor
1960 1740 2167 1810 capita.

2288 1748 2519 1815 τέσσαρα
2556 1752 2782 1795 πετεινοῦ
2834 1746 3068 1815 ὑπεράνω
3117 1744 3275 1803 αὐτῆς
3326 1742 3593 1797 ἐδείκνυτο
3634 1749 3868 1816 ἔχουσα·

523 1832 796 1898 Regnum
818 1829 1161 1884 Graecorum
1202 1845 1305 1900 per
1348 1844 1479 1882 eam
1514 1827 1976 1896 signiﬁcabatur.
2013 1832 2177 1893 Quo-

518 1935 649 1973 rum
668 1919 1112 1991 potentissimos
1137 1934 1305 1986 reges
1334 1918 1475 1970 vidit
1500 1923 1705 1987 postea
1726 1917 1781 1970 in
1808 1916 2003 1972 forma
2031 1918 2177 1971 arie-

522 2010 593 2064 tis
624 2010 859 2064 etliirci.
899 2013 1125 2064 Uarium
1154 2008 1399 2078 quidem
1456 2015 1745 2077 tanquam
1801 2014 2066 2071 arietem,
2114 2008 2173 2061 in

520 2099 801 2153 omnibus
834 2105 998 2153 terrae
1042 2098 1309 2168 partibus
1341 2112 1527 2150 cornu
1556 2101 1890 2167 petentem;
1924 2096 2174 2151 Alexan-

2304 500 2391 545 xui
2423 492 2591 556 δείξαι
2621 504 2710 554 τῆς
2740 504 2830 547 τοῦ
2863 493 3049 569 ἀνδρὸς
3081 492 3316 556 διανοίας
3345 499 3400 547 τὸ
3439 500 3781 570 καθαρώτατον
3818 526 3866 559 τε

2302 588 2390 635 καὶ
2423 583 2670 645 agnem.

2374 674 2478 727 1H,.
2512 674 2706 725 τΩπτα,
2749 682 2819 744 τῷ
2859 675 3063 745 μεγάλῳ
3103 678 3268 745 τούτῳ
3310 680 3565 748 προφήτῃ,
3613 679 3864 757 Βαλτάσαρ

2300 765 2372 813 ἔτι
2424 763 2472 813 ἐν
2518 770 2577 834 τῇ
2634 772 2731 814 τῶν
2789 760 3062 815 Χαλδαίων
3114 761 3404 834 διάγοντος,
3465 770 3578 826 τοὺς
3624 772 3867 843 τέσσαρας

2299 849 2509 921 ἀνέμους
2540 860 2631 902 τοῦ
2669 852 2889 926 ούρανοῦ
2942 852 3330 927 προσϐαλοντας
3380 862 3438 925 τῇ
3500 854 3728 929 θαλάσση
3786 866 3867 912 καὶ

2294 944 2531 1014 τέσσαρα
2585 943 2741 1012 θηρία
2801 942 3001 1013 μεγάλα
3074 941 3161 993 ἀπ’
3215 942 3376 1002 αὐτῆς
3440 943 3786 1011 ἀναϐαίνοντα,
3838 950 3869 1000 ai

2294 1034 2380 1079 xui
2455 1034 2547 1091 τὰς
2613 1030 2834 1101 μεγάλας
2911 1035 3170 1103 τέσσαρας
3224 1030 3495 1103 βασιλείας
3563 1033 3871 1107 αἱνιττόμενα

2294 1114 2373 1183 ἦν,
2406 1119 2472 1167 ὧν
2517 1124 2608 1176 τήν
2656 1124 2745 1191 μὲν
2794 1122 2918 1171 ὡσεὶ
2964 1120 3163 1171 λέαιναν
3213 1118 3401 1191 ὦφθαι,
3442 1127 3530 1173 xui
3585 1128 3744 1195 πτερὰ
3784 1126 3870 1176 αῦ-

2291 1216 2384 1268 τής
2434 1210 2558 1258 ὡσεὶ
2604 1207 2753 1259 ἀετοῦ
2804 1226 2815 1237 ’
2869 1218 2965 1260 τῶν
3014 1206 3289 1261 Χαλδαίων
3333 1214 3462 1267 αὕτη
3491 1216 3581 1268 τὴν
3617 1210 3870 1283 βασιλείαν

2292 1298 2669 1370 ύπογράφουσα
2723 1294 2782 1355 ἦν
2840 1318 2851 1329 ο
2909 1300 3066 1371 οἱρκον
3126 1296 3184 1350 δὲ
3266 1303 3359 1357 τήν
3432 1296 3697 1372 δευτέραν,
3763 1308 3871 1374 τρία

2289 1385 2485 1456 πλευρά
2521 1388 2749 1457 ἔχουσαν
2800 1386 2846 1437 ἐν
2895 1395 2966 1456 τῷ
3028 1392 3271 1458 στόματι,
3326 1390 3452 1461 πρὸς
3500 1388 3559 1445 ἢν
3614 1394 3700 1441 καὶ
3743 1396 3867 1462 φωνὴ

2288 1474 2511 1545 λέγουσα
2559 1473 2833 1533 διηκούετο
2880 1496 2891 1507 ⁸
2931 1476 3234 1542 Ἀνάστηθι,
3282 1479 3411 1548 φάγε
3462 1480 3660 1551 σάρκας
3697 1479 3873 1540 πολλὰς

2288 1596 2338 1603 -
2391 1565 2521 1622 αῦτη
2556 1570 2649 1622 τήν
2699 1562 2895 1621 Μήδων
2940 1572 3028 1616 καὶ⁸
3078 1574 3175 1617 τών
3222 1573 3432 1639 Περσῶν
3468 1563 3757 1639 διηνίττετο
3789 1567 3872 1640 βαα

2290 1652 2480 1705 σιλείαν
2524 1673 2535 1685 ·

2286 1837 2373 1883 xui
2427 1838 2671 1903 τέσσαρες
2720 1830 2778 1883 δὲ
2823 1843 2918 1883 τών
2960 1835 3152 1906 θηρίων
3196 1833 3413 1904 κεφαλαὶ
3466 1836 3771 1905 καθωρώντο
3804 1838 3871 1891 ’ἡ

2286 1920 2532 1977 Ἑλλήνων
2588 1920 2836 1993 βασιλεία
2881 1918 2949 1972 δι’
3006 1922 3165 1981 αὐτῆς
3216 1918 3472 1978 ἐδηλοῦτο
3504 1942 3515 1953 ·
3548 1920 3616 1972 ὧν
3651 1927 3761 1982 τοὺς
3793 1919 3876 1974 δυ-

2284 2013 2605 2070 νατωτάτους
2658 2008 2909 2082 βασιλέας
2960 2010 3006 2061 ἐν
3064 2020 3211 2084 κριοῦ
3267 2017 3355 2063 καὶ
3416 2014 3615 2082 τράγου
3669 2021 3872 2085 μορφῇ·

2283 2106 2489 2172 Δαρεῖον
2520 2103 2608 2170 μεν
2661 2102 2743 2150 οἷα
2792 2104 2934 2171 κριόν
2986 2103 3121 2151 κατά
3153 2102 3321 2151 πάντα
3362 2105 3429 2152 τα
3473 2106 3605 2175 μέρη
3654 2110 3745 2162 τῆς
3786 2109 3875 2171 γῆς

519 2190 695 2243 drum
728 2204 862 2242 vero
885 2195 1171 2258 tanquam
1204 2185 1434 2240 hircum
1469 2185 1527 2239 in
1561 2201 1698 2239 eum
1738 2187 2169 2255 insurgentem,

519 2283 574 2333 et
605 2278 827 2332 viribus
861 2294 929 2331 ac
984 2278 1209 2347 impetu
1238 2275 1690 2329 conculcantem
1720 2281 1775 2329 et
1800 2282 2169 2346 prosternen-

518 2372 660 2421 tem.
710 2368 993 2431 Quartam
1042 2372 1239 2419 autem
1279 2363 1535 2419 bestiam
1574 2364 1714 2418 vidit
1760 2364 2079 2419 terribilem
2117 2370 2173 2420 et

517 2457 901 2528 stupendam,
930 2463 986 2510 et
1006 2453 1346 2509 mirandum
1372 2454 1433 2507 in
1449 2453 1694 2508 modum
1722 2454 1934 2509 fortem
1961 2470 1972 2509 :
1999 2455 2170 2525 cujus

515 2545 685 2600 ferrei
714 2546 957 2616 quidem
984 2546 1209 2606 dentes,
1246 2556 1475 2610 ungues
1506 2549 1704 2597 autem
1737 2544 1903 2597 aenei.
1922 2546 2001 2598 Ea
2030 2558 2170 2599 vero

516 2636 1087 2705 superabatomnes,
1108 2648 1241 2704 quas
1260 2632 1452 2702 ipsam
1476 2638 1923 2702 praecesserant,
1947 2633 2170 2688 viribus

515 2730 569 2778 et
592 2723 845 2779 audacia
875 2723 1340 2792 :excedebatque
1370 2726 1425 2775 et
1454 2722 1920 2785 comminuebat,
1946 2726 2005 2777 et
2041 2722 2169 2776 reli-

514 2830 667 2884 quas
694 2814 1083 2868 conculcabat
1103 2811 1377 2883 pedibus.
1397 2813 1499 2864 Per
1524 2811 1649 2865 haec
1668 2814 1889 2865 docens
1918 2827 2167 2866 manum

518 2905 945 2967 Romanorum,
965 2918 1099 2973 quae
1123 2900 1361 2970 jamdiu
1390 2905 1543 2953 tenet
1568 2900 1979 2970 imperium.ln
1994 2902 2165 2970 cujus

515 2993 707 3061 capite
740 2990 1150 3051 animadverti,
1185 2988 1376 3058 inquit
1414 2988 1724 3057 propheta,
1785 2990 1992 3043 decem
2043 3005 2168 3044 cor-

2280 2194 2590 2263 κυρίττοντα
2649 2208 2660 2219 ·
2724 2190 2863 2259 αῦτῴ
2915 2186 2973 2241 δε
3030 2193 3115 2241 τὸν
3168 2187 3511 2263 Ἀλέξανδρον
3562 2192 3649 2241 οἷα
3700 2192 3877 2263 τράγον

2282 2278 2681 2349 ἐπανιστάμενον
2736 2283 2825 2329 καὶ
2897 2280 3027 2351 ορμῇ
3106 2278 3294 2350 ἰσχύος
3371 2287 3751 2351 συμπατοῦντα
3795 2285 3876 2330 καὶ

2280 2368 2665 2419 καταϐάλλοντα
2706 2385 2715 2395 ·
2751 2372 2807 2418 τὸ
2863 2373 3101 2442 τέταρτον
3164 2366 3222 2420 δε
3280 2371 3462 2441 θηρίον
3521 2369 3733 2443 φοϐερόν
3779 2366 3878 2420 εἶδε

2279 2462 2368 2508 καὶ
2422 2456 2676 2529 ἔκθαμϐον
2726 2462 2813 2507 καὶ
2868 2457 3093 2531 ἰσχυρόν
3142 2458 3479 2531 περιττὰηοῦ
3534 2455 3751 2533 σιδηροὶ
3794 2461 3876 2529 μὲν

2280 2566 2304 2598 ο
2350 2544 2574 2612 ὀδόντες,
2611 2549 2659 2597 oi
2685 2550 2863 2618 ὅνυχε,
2893 2544 2951 2599 δε
2983 2546 3084 2599 ἀπὸ
3109 2547 3316 2618 χαλκοῦ
3354 2568 3365 2579 ο
3413 2553 3506 2599 xui
3548 2556 3703 2600 τοῦτο
3734 2550 3876 2620 ὑπερ-

2279 2636 2477 2688 ϐάλλειν
2528 2637 2685 2708 ἰσχύϊ
2731 2640 2795 2688 τὰ
2841 2640 2940 2710 πρὸ
2999 2638 3157 2689 αὐτοῦ
3212 2640 3384 2689 πάντα
3442 2644 3534 2689 καὶ
3589 2638 3876 2705 ἰταμότητι,

2278 2728 2447 2778 ἐσθίον
2474 2732 2562 2777 καὶ
2592 2726 2831 2778 λεπτύνον
2871 2732 2959 2777 καὶ
3010 2730 3074 2778 τὰ
3127 2725 3370 2778 ἐπίλοιπα
3420 2736 3535 2789 τοῖς
3583 2732 3713 2779 ποσὶ
3757 2747 3877 2798 συμ-

2276 2824 2470 2868 πατοῦν
2510 2833 2522 2846 ο
2564 2821 2655 2873 τὴν
2686 2818 2805 2889 ἄρτι
2830 2821 3160 2887 κατέχουσαν
3191 2824 3349 2889 χεῖρα
3382 2814 3480 2869 διὰ
3506 2820 3695 2869 τούτου
3737 2813 3877 2869 διδα-

2279 2923 2525 2975 σκόμενος
2574 2914 2672 2956 τῶν
2737 2905 2999 2977 Ῥωμαίων
3059 2921 3070 2933 ⁸
3129 2906 3187 2956 οὗ
3244 2910 3373 2979 πρός
3425 2916 3489 2978 τῇ
3547 2906 3740 2978 κεφαλῇ
3798 2910 3877 2955 καὶ

2277 2990 2406 3044 δέκα
2457 2999 2647 3067 κέρατα
2699 3013 3029 3068 προσενοουν,
3090 3000 3247 3067 φησὶν
3309 2998 3334 3046 ό
3404 3002 3690 3067 προφήτης
3737 3011 3749 3023 ·
3800 2998 3878 3044 καὶ

513 3096 636 3134 nua
675 3086 728 3133 et
749 3079 918 3134 aliud
947 3094 1181 3149 quoque
1198 3092 1470 3147 parvum,
1502 3078 1665 3146 quod
1694 3078 1841 3132 inter
1873 3095 1944 3133 ea
1963 3095 2167 3133 nasce-

2279 3087 2458 3154 μικρόν
2507 3082 2629 3133 οἰλλο
2686 3084 2877 3154 μεταξύ
2929 3086 3120 3134 τούτων
3179 3090 3431 3155 φυόμενον
3487 3092 3581 3136 και
3630 3090 3750 3158 τρία
3788 3092 3877 3133 τών

512 3168 709 3237 batur,
740 3173 797 3223 et
832 3170 939 3222 tria
970 3184 1037 3221 ex
1064 3165 1360 3237 prioribus
1392 3166 1675 3220 evellebat
1698 3167 2001 3222 radicitus.
2033 3171 2162 3223 Jam

513 3258 673 3311 enim
700 3257 759 3311 in
782 3260 912 3327 ipso
942 3258 1060 3311 ﬁne
1100 3256 1346 3310 Romani
1378 3260 1627 3331 imperii,
1662 3261 1823 3327 quod
1854 3257 2162 3313 secaturin

513 3346 734 3402 multos
764 3348 1148 3418 principatus,
1202 3350 1341 3405 dicit
1372 3351 1617 3423 quidem
1659 3349 1781 3402 fore
1842 3353 1903 3402 ut
1956 3349 2162 3402 decem

511 3451 681 3505 reges
708 3438 879 3491 simul
906 3446 1247 3508 exsurgant.
1272 3441 1399 3496 Hoc
1426 3441 1585 3495 enim
1614 3438 1993 3507 significabat
2018 3439 2163 3492 visio

512 3526 718 3580 decem
750 3541 1065 3591 cornuum,
1100 3529 1209 3584 tria
1239 3536 1440 3585 autem
1461 3546 1532 3585 ex
1557 3529 1650 3583 his
1680 3527 1879 3596 regnis
1903 3543 1936 3582 a
1976 3541 2163 3597 parvo

511 3614 609 3669 illo
638 3631 826 3670 cornu
856 3616 1127 3681 dissolvi,
1161 3619 1325 3688 quod
1368 3618 1645 3674 cernebat
1694 3618 1910 3671 habere
1953 3616 2162 3671 oculos

2275 3176 2534 3244 προτέρων
2574 3171 2809 3245 ἐκριςοῦν
2844 3192 2855 3203 ·
2891 3169 2996 3230 ἤδη
3037 3176 3137 3244 γὰρ
3184 3172 3259 3225 ἐπ’
3312 3174 3455 3245 αύτῴ
3508 3182 3583 3244 τῷ
3631 3174 3760 3226 τέλει
3798 3179 3880 3229 τῆς

2272 3263 2537 3330 Ῥωμαίων
2617 3260 2792 3332 ἀρχῆς
2868 3262 2933 3321 εἰς
3001 3262 3329 3334 πολυαρχίαν
3400 3266 3879 3335 κατατεμνομένης,

2276 3346 2403 3400 δέκα
2456 3354 2545 3420 μὲν
2600 3349 2991 3407 ἀναστήσεσθαι
3042 3350 3277 3422 βασιλεῖς
3308 3354 3444 3424 ὁμοῦ
3503 3353 3646 3423 λέγει
3690 3370 3700 3379 ·
3745 3358 3885 3401 τοῦτο

2272 3442 2369 3511 γὰρ
2403 3440 2430 3494 ἡ
2468 3448 2565 3489 τών
2606 3436 2734 3490 δέκα
2781 3442 3006 3512 κεράτων
3055 3440 3173 3510 ἄψις
3222 3438 3416 3498 ἐδήλου
3454 3456 3468 3471 '
3527 3449 3666 3513 τρεῖς
3707 3436 3764 3491 δε
3795 3446 3884 3488 τῶν

2273 3530 2519 3578 τοιούτων
2573 3527 2851 3599 βασιλειῶν
2883 3530 2981 3580 ὑπὸ
3038 3537 3129 3580 τοῦ
3180 3538 3371 3601 μικροῦ
3413 3534 3644 3605 κέρατος
3702 3528 3884 3580 ἐκείνου

2272 3616 2643 3681 καταλυθῆναι,
2670 3620 2694 3668 ό
2720 3622 2808 3669 xui
2839 3616 3133 3689 ὀφθαλμούς
3162 3621 3302 3689 ἔχειν
3324 3617 3615 3691 ἀνθρώπου
3650 3623 3740 3670 καὶ
3773 3620 3885 3669 στό-

508 3704 790 3773 hominis,
823 3712 878 3759 et
906 3723 971 3760 os
996 3709 1475 3779 magniloquum,
1505 3714 1559 3762 et
1581 3712 2003 3779 superaturum
2032 3721 2159 3761 esse

510 3794 710 3851 vitium
733 3795 1001 3850 omnium
1029 3796 1325 3863 vitiorum,
1349 3814 1482 3870 qua:
1506 3798 1665 3852 fuere
1688 3814 1719 3851 a
1754 3796 1992 3865 saeculo,
2023 3812 2159 3867 quae

508 3883 751 3955 quidem
787 3892 987 3956 aperte
1041 3886 1382 3955 signiﬁcant
1433 3886 1871 3942 Antichristum.

579 3976 708 4029 XIX.
742 3978 886 4030 Cum
910 3975 991 4029 sic
1022 3992 1164 4044 ergo
1206 3977 1260 4029 in
1311 3977 1533 4031 visione
1578 3976 1751 4031 valde
1801 3975 2007 4030 fuisset
2052 3974 2162 4030 ad-

507 4064 795 4118 mirabilis
836 4065 1150 4135 propheta,
1185 4064 1530 4120 viditetiam
1565 4065 1863 4136 quosdam
1909 4065 2158 4120 thronos

504 4152 891 4221 intelligentes
917 4155 1142 4224 positos
1181 4168 1235 4210 et
1281 4158 1840 4227 supramundanos:
1877 4160 1932 4210 et
1972 4159 2157 4210 Deum

505 4240 727 4309 gloriae,
760 4247 1049 4314 tanquam
1082 4243 1403 4315 Autiquum
1431 4244 1683 4309 dierum,
1716 4244 2154 4313 praesidentem:

503 4329 605 4399 qui
636 4346 724 4393 eo,
761 4333 924 4401 quod
956 4334 1032 4385 sit
1084 4339 1219 4387 ante
1251 4334 1489 4399 saecula,
1524 4333 1608 4388 sic
1641 4332 1860 4387 videnti
1910 4334 2160 4389 voluerit

501 4417 690 4472 videri
718 4434 729 4470 :
765 4421 935 4489 cujus
967 4423 1145 4476 etiam
1178 4421 1590 4477 indumentum
1614 4426 1739 4476 erat
1756 4422 1982 4492 album,
2012 4424 2158 4478 sicut

2279 4441 2415 4473 ποντι
2470 4420 2811 4493 βουληθέντα,
2872 4422 2930 4472 οὗ
2986 4428 3074 4474 xui
3133 4426 3188 4473 τὸ
3246 4419 3454 4494 ἔνδυμα
3516 4423 3727 4487 λευκὸν,
3771 4425 3888 4472 ὡσεὶ

504 4504 649 4558 nix:
684 4510 739 4559 et
789 4505 1039 4575 capillus
1092 4508 1222 4577 ejus
1280 4508 1632 4562 cernebatur
1683 4513 1970 4578 tanquam
2019 4508 2157 4563 lana

505 4608 679 4664 pura.
710 4595 860 4648 Nihil
882 4596 1038 4651 enim
1087 4597 1433 4666 obscurum,
1463 4596 1607 4651 nihil
1638 4596 1817 4661 triste,
1852 4598 1998 4651 nihil
2038 4614 2155 4653 sor-

500 4681 712 4737 didum
740 4684 899 4754 apud
928 4701 1130 4740 veram
1159 4692 1215 4741 et
1254 4703 1536 4756 magnam
1568 4693 1622 4742 et
1650 4687 1899 4757 primam
1937 4687 2152 4743 lucem.

504 4772 654 4835 Quin
686 4773 861 4827 etiam
896 4774 1177 4829 thronum
1206 4792 1441 4847 quoque
1458 4776 1586 4846 ejus
1612 4776 1754 4830 dicit
1779 4778 2153 4847 apparuisse,

501 4864 788 4931 tanquam
822 4862 1132 4918 ﬂammam
1174 4864 1350 4934 ignis,
1385 4871 1440 4919 et
1470 4872 1628 4919 rotas
1659 4865 1860 4935 ignem
1891 4867 2157 4921 emitten-

500 4956 609 5015 tes,
642 4958 697 5006 et
728 4952 979 5007 ﬂuvium
1034 4954 1187 5022 ignis
1237 4962 1370 5009 ante
1406 4970 1542 5009 eum
1574 4955 1876 5019 ﬂuentem,
1910 4963 1964 5010 et
2019 4957 2149 5011 hor-

499 5043 687 5097 renda
716 5044 920 5097 omnia
971 5050 1025 5097 et
1066 5044 1368 5111 terribilia,
1402 5050 1457 5098 et
1509 5044 1884 5099 admirabilia
1927 5048 2150 5112 omnia,

501 5136 711 5202 etquae
746 5135 926 5187 Deum
958 5133 1275 5189 decebant.
1319 5134 1465 5188 Mille
1487 5136 1643 5188 enim
1686 5133 1890 5197 millia,
1937 5135 2148 5203 inquit,

499 5227 554 5275 et
592 5224 786 5277 decies
816 5223 974 5277 mille
1017 5224 1198 5278 millia
1224 5223 1276 5278 ei
1304 5223 1663 5287 assistuntes,
1690 5225 1783 5294 pie
1816 5224 2149 5278 admodum

498 5310 1172 5367 ministrabant.l)einde
1198 5329 1327 5367 cum
1344 5312 1608 5367 nubibus
1634 5320 1918 5383 tanquam
1950 5313 2158 5367 Filium

499 5397 778 5465 hominis,
814 5400 1023 5456 Filium
1055 5401 1152 5457 Dei
1180 5402 1325 5459 dixit
1354 5420 1415 5459 se
1449 5403 1666 5458 vidisse
1703 5406 2059 5466 venientem,
2101 5408 2155 5458 et

501 5500 638 5542 eum
668 5488 746 5542 ad
778 5490 1001 5545 Patrem
1034 5508 1223 5564 usque
1253 5499 1512 5558 euntem,
1547 5500 1602 5549 et
1633 5499 1919 5565 tanquam
1948 5494 2027 5550 ab
2086 5510 2157 5550 eo

499 5573 805 5649 dilectum,
842 5593 979 5635 cum
1011 5597 1081 5638 eo
1112 5581 1435 5645 honoriﬁce
1476 5586 1801 5657 sedentem,
1834 5591 1889 5641 et
1930 5586 1981 5642 ei
2038 5586 2159 5642 uni-

2271 3725 2345 3778 μα
2374 3706 2555 3757 λαλοῦν
2593 3706 2795 3778 μεγάλα
2842 3712 2930 3758 καὶ
2979 3712 3071 3765 τήν
3106 3712 3296 3758 κακίαν
3344 3711 3561 3760 πάντων
3595 3710 3885 3782 ὑπεροίσειν

2270 3805 2366 3847 τών
2398 3796 2484 3847 ἀπ’
2516 3796 2699 3858 αἰῶνος
2737 3804 2907 3847 κακῶν
2962 3796 3115 3869 ἑώρα,
3158 3804 3247 3848 τοῦ
3284 3797 3679 3871 ’Λντιχρίστου
3728 3804 3887 3848 ταῦτα

2270 3882 2546 3959 προδήλως
2582 3889 2896 3956 σημαντικά.

2345 3975 2451 4029 ΙΘ”.
2486 3971 2615 4026 Ὧδε
2662 3983 2937 4049 τοιγαροῦν
2977 3984 3066 4036 τῆς
3116 3976 3561 4049 ὑπερφυεστάτης
3603 3978 3721 4037 ὅλος
3769 3976 3883 4048 ὁρά-

2274 4082 2395 4123 σεως
2449 4068 2665 4134 γεγονὼς
2747 4066 2771 4115 ό
2848 4070 3136 4136 προφήτης,
3214 4066 3421 4136 ἐθεώρει
3493 4072 3590 4118 xui
3679 4068 3885 4138 θρόνους

2268 4156 2475 4225 νοερούς
2522 4173 2664 4215 τινας
2708 4159 2796 4205 καὶ
2841 4156 3224 4227 ύπερκοσμίους
3285 4157 3601 4225 τιθεμένους
3660 4160 3752 4206 καὶ
3810 4157 3888 4204 τὸν

3214 4063 3421 4136 ἐθεώρει
3493 4072 3590 4118 xui

2269 4246 2390 4295 Θεὸν
2423 4250 2514 4304 τῆς
2572 4240 2731 4305 δόξης
2785 4245 2869 4295 οἷα
2921 4244 3143 4295 Ιιαλαιὸν
3193 4245 3396 4318 ἡμέρων
3461 4247 3884 4319 προκαθήμενον,

2268 4341 2339 4402 τῷ
2400 4338 2705 4405 προαιώνιον
2752 4333 2905 4384 αὐτόν
2954 4331 3101 4397 εἶναι,
3153 4334 3315 4394 οὕτως
3374 4336 3619 4405 ὀφθῆναι
3650 4344 3722 4405 τῷ
3774 4332 3890 4405 βλε-

2269 4514 2404 4579 χιων
2431 4515 2519 4561 καὶ
2563 4515 2656 4568 τήν
2689 4516 2853 4584 τρίχα
2896 4518 2989 4572 τῆς
3029 4510 3254 4582 κεφαλῆς
3298 4514 3428 4562 ώσει
3480 4515 3627 4586 ἔριον
3665 4514 3890 4583 καθαρὸν

2270 4598 2493 4672 ὁρᾶσθαι
2548 4619 2559 4631 ·
2613 4598 2762 4651 οὐδὲν
2815 4602 2912 4671 γὰρ
2960 4599 3208 4671 ἀλαμπὲς,
3262 4598 3415 4651 οῦδὲν
3476 4607 3719 4672 κατηφές
3773 4596 3891 4651 ούδε

2265 4689 2442 4762 ῥυπῶν
2496 4692 2639 4763 παρὰ
2694 4698 2763 4759 τῲ
2817 4689 3021 4761 μεγάλῳ
3092 4694 3181 4740 καὶ
3257 4688 3497 4760 ἀληθινῲ
3564 4695 3660 4742 καὶ
3710 4694 3890 4764 πρώτῳ

2268 4782 2398 4849 φωτί
2428 4796 2437 4805 ·
2471 4776 2597 4829 αλλὰ
2622 4784 2709 4830 καὶ
2742 4782 2827 4829 τόν
2884 4781 3057 4851 θρόνον
3109 4779 3267 4831 αὐτοῦ
3321 4782 3388 4840 ως
3418 4785 3596 4851 πυρός
3631 4777 3743 4831 εἷπε
3776 4782 3892 4849 φαί-

2266 4870 2444 4919 νεσθαι
2499 4868 2661 4938 φλόγα
2719 4874 2806 4920 καὶ
2864 4873 3089 4942 τροχοὺς
3141 4877 3240 4943 πῦρ
3300 4869 3558 4940 ἀφιέντας
3599 4875 3694 4921 καὶ
3728 4887 3891 4922 ποτα-

2267 4962 2362 5028 μόν
2394 4964 2557 5028 πυρός
2605 4959 2893 5031 ἔμπροσθεν
2950 4959 3129 5031 ῥέοντα
3172 4965 3259 5010 καὶ
3311 4963 3493 5010 πάντα
3548 4959 3755 5031 φοϐερὰ
3809 4962 3894 5007 καὶ

2269 5049 2458 5118 φρικτὰ
2513 5052 2601 5097 xui
2645 5051 2813 5099 πάντα
2863 5050 3143 5119 θαυμαστὰ
3199 5054 3286 5099 xui
3334 5050 3610 5121 θεοπρεπῆ
3662 5064 3673 5073 ’
3723 5046 3897 5120 χίλιαι

2266 5139 2367 5207 γαρ
2416 5132 2675 5205 χιλιάδες,
2728 5142 2877 5207 φησὶ,
2920 5144 3007 5188 καὶ
3051 5142 3237 5208 μυρίαι
3275 5135 3545 5209 μυριάδες
3585 5139 3735 5206 αῦτῴ
3770 5154 3898 5205 παρ-

2270 5236 2493 5276 εστῶσαι
2540 5226 2867 5287 πανευλαϐὠς
2922 5225 3291 5301 ἐλειτούργουν.
3376 5223 3517 5278 Εἶτα
3604 5230 3741 5299 μετά
3800 5232 3895 5277 τών

2268 5313 2477 5386 νεφελῶν
2532 5317 2599 5376 ως
2666 5318 2781 5367 Υίόν
2849 5315 3119 5389 ἀνθρώπου
3174 5322 3258 5368 τὸν
3304 5318 3423 5369 Υίόν
3471 5318 3775 5389 ἐρχόμενον
3807 5320 3895 5365 τοῦ

2272 5411 2405 5456 Θεοῦ
2437 5400 2567 5455 εἶπεν
2613 5406 2733 5477 όρᾲν
2768 5410 2855 5457 καὶ
2913 5414 3091 5457 τοῦτον
3142 5408 3276 5480 οἶχρι
3329 5414 3422 5457 τοῦ
3482 5412 3701 5479 Πατρός
3760 5406 3899 5456 ἰόντα

2271 5498 2359 5546 καὶ
2390 5496 2458 5554 ὡς
2504 5493 2771 5566 ἀγαπητὸν
2829 5496 2967 5565 αύτῴ
3026 5495 3249 5568 ἐστίμως
3311 5493 3757 5569 συνεδριάζοντα
3810 5500 3897 5545 xui

2274 5587 2439 5659 τούτῳ
2470 5589 2562 5643 τὴν
2594 5585 2713 5643 ὅλην
2742 5584 2981 5649 ἐξουσίαν
3028 5593 3116 5640 xui.
3159 5592 3251 5645 τὴν
3294 5584 3587 5661 βασιλείαν
3641 5597 3742 5641 τῶν
3774 5587 3897 5638 πάν-
