4034 6206
208 283 306 338 393

1332 285 1494 340 VITA
1537 286 1605 345 S.
1651 281 2047 342 PBOPHETnE
2091 286 2436 343 DANIELIS.

3458 296 3563 350 395:

205 429 297 460 των
354 406 640 483 διδομένην
684 415 769 462 καὶ
824 416 917 471 τὴν
961 417 1137 483 τιμήν,
1187 410 1246 463 ού
1298 417 1400 483 μὴν
1450 412 1690 465 ἀλλὰκαὶ
1720 412 1792 486 βί·

1917 430 2148 469 versam
2201 420 2555 486 potestatem
2604 422 2660 472 et
2704 430 2956 486 regnum
3013 417 3283 472 omnium
3342 419 3471 475 dari
3506 424 3563 474 et

197 498 349 560 ϐλους
436 498 771 573 ἀνοιγομένας
856 505 946 552 xui
1016 503 1211 572 κρύφια
1292 504 1636 574 φανερούμενα
1716 507 1805 553 καὶ

195 590 369 640 πάντα
420 592 594 660 γυμνὰ
662 598 735 659 τῷ
786 597 936 661 κριτῇ
1010 595 1099 641 καὶ
1167 590 1619 663 τετραχηλισμένα
1676 612 1804 665 παρ-

190 686 401 728 εστῶτα
450 683 536 729 καὶ
590 687 689 729 τῶν
741 682 830 750 μὲν
880 679 1041 730 ἄλλων
1093 684 1186 736 τὴν
1238 678 1476 741 ἐξουσίαν
1507 700 1803 753 καταργου-

191 770 353 836 μένην
407 773 497 818 καὶ
556 772 650 825 τὴν
727 767 919 842 ἀρχηνο
1000 771 1157 820 ἐκεῖνο
1228 765 1287 821 δε
1342 774 1397 820 τό
1452 775 1803 842 πονηρότατον

194 857 379 927 θηρίον
436 862 524 908 καὶ
581 861 670 915 τὴν
721 862 905 909 κακίαν
960 856 1298 931 ἀσύγκριτον,
1351 859 1375 909 ὅ
1423 864 1512 911 xui
1560 864 1645 910 τὸν
1675 861 1803 931 μετὰ

194 954 295 995 τῶν
342 945 506 1016 ἁγίων
556 945 807 1018 ἓτόλμησε
853 946 1070 1017 πόλεμον
1115 952 1203 998 καὶ
1250 952 1420 1020 στόμα
1469 948 1653 999 λαλοῦν
1693 944 1804 1018 εἶχε

192 1034 399 1104 μεγάλα
457 1034 874 1108 ἐξαναιρούμενον
922 1042 1010 1088 καὶ
1070 1036 1141 1097 εἰς
1192 1044 1379 1088 καῦσιν
1436 1040 1596 1107 πυρὸς
1634 1036 1797 1089 ἄσϐε-

198 1141 321 1175 στον
372 1129 856 1197 παραπεμπόμενον·
936 1124 1160 1177 ἐντεῦθεν
1220 1122 1277 1178 δὲ
1339 1131 1431 1184 τὴν
1507 1126 1801 1198 μεγαλοσύ-

192 1232 284 1269 νην
336 1218 427 1264 καὶ
457 1218 548 1271 τὴν
580 1222 678 1264 τῶν
704 1213 827 1265 ὅλων
869 1212 1139 1286 βασιλείαν
1172 1214 1238 1275 εἰς
1280 1215 1465 1277 αἰῶνας
1498 1224 1600 1275 τοίς
1631 1216 1802 1287 ἁγίοις

198 1297 594 1375 δεδωρημένην.

265 1389 340 1444 Κ’.
407 1396 506 1445 Καὶ
554 1392 612 1443 ού
662 1399 827 1443 ταῦτα
879 1398 1031 1461 μόνον
1081 1394 1143 1463 (ὦ
1197 1398 1455 1465 μακαρίας
1489 1393 1667 1464 ὅψεως)
1713 1413 1797 1446 τε·

191 1480 371 1531 θέαται
427 1480 635 1545 Δανιὴλ,
690 1479 818 1532 ἀλλὰ
860 1487 948 1533 καὶ
1005 1488 1425 1555 προσευχόμενος
1458 1486 1588 1555 μετὰ
1638 1492 1801 1535 ταῦτα

186 1573 274 1619 καὶ
320 1570 557 1642 ῥήμασιν
606 1568 1019 1641 ἐξομολογήσεως
1076 1574 1159 1623 τόν
1206 1573 1543 1645 ὑπεράγαθον
1602 1572 1799 1645 ἐξευμε-

187 1660 468 1729 νιζόμενος’
534 1657 725 1731 Ἥρων,
786 1664 935 1730 φησι,
1014 1664 1069 1711 τὸ
1149 1660 1262 1722 ἑξῆς
1334 1660 1380 1712 ἐν
1459 1664 1660 1722 Σούτοις
1736 1670 1796 1734 τῇ

1914 501 2225 559 honorem.
2262 505 2413 570 Quin
2441 506 2614 561 etiam
2643 505 2825 561 libros
2851 506 2904 560 ei
2932 521 3059 561 esse
3090 511 3349 577 apertos,
3376 512 3433 564 et
3469 525 3563 563 oc-

1916 592 2071 648 culta
2101 593 2151 648 ci
2174 608 2299 649 esse
2344 595 2685 661 manifesta,
2719 601 2773 650 et
2794 595 2999 651 omnia
3040 595 3276 650 adstare
3304 596 3467 652 nuda
3505 602 3562 652 et

1914 682 2170 738 detecta:
2205 687 2262 738 et
2309 684 2565 740 aliorum
2597 684 2839 755 quidem
2873 683 3096 739 aboleri
3124 688 3478 755 potestatem
3509 690 3565 741 et

1913 772 2268 842 imperium:
2298 772 2460 828 illam
2494 777 2694 829 autem
2726 774 3049 844 pessimam
3092 774 3337 828 bestiam
3372 777 3431 828 et
3457 774 3566 829 im-

1914 860 2207 931 probitate
2233 862 2788 933 incomparabilem,
2831 879 2960 934 qure
2994 863 3177 917 movit
3207 862 3430 917 bellum
3463 862 3565 918 ad-

1914 966 2123 1005 versus
2198 956 2454 1017 sanctos,
2511 955 2568 1006 et
2620 968 2685 1005 os
2731 951 2964 1015 habuit,
3019 951 3186 1023 quod
3230 966 3451 1021 magna
3511 956 3567 1007 et

1914 1041 2173 1111 superba
2200 1040 2575 1112 loquebatur,
2637 1040 2893 1096 deletam
2925 1046 2980 1096 et
3020 1042 3437 1097 transmissam
3486 1040 3567 1097 ad

1912 1127 2065 1197 ignis
2095 1129 2647 1199 conﬂagrationem,
2677 1131 2780 1201 qui
2811 1145 3123 1201 nunquam
3155 1130 3564 1201 exstinguitur.

1912 1218 2133 1273 Deinde
2162 1234 2303 1274 vero
2335 1219 2701 1289 majestatem
2733 1224 2789 1273 et
2830 1220 3252 1275 universorum
3303 1234 3557 1290 regnum

1909 1304 2121 1362 datum
2161 1310 2382 1363 sanctis
2413 1307 2473 1362 in
2508 1312 2817 1364 aeternum.

1980 1399 2086 1452 XX.
2118 1400 2318 1469 Neque
2351 1413 2483 1453 vero
2505 1398 2633 1453 haec
2665 1397 2859 1453 solum
2891 1401 2948 1468 (ο
2979 1397 3221 1454 beatam
3250 1398 3564 1471 visionem)

1910 1485 2057 1541 vidit
2088 1486 2326 1541 Daniel:
2360 1488 2464 1542 sed
2499 1502 2677 1542 orans
2707 1502 2952 1559 quoque
2999 1491 3233 1558 postea,
3271 1492 3325 1541 et
3366 1489 3563 1543 verbis

1912 1574 2298 1632 confessionis
2325 1575 2571 1646 placans
2611 1592 2749 1631 eum
2780 1577 2883 1648 qui
2928 1583 3013 1630 est
3055 1591 3291 1631 summe
3324 1578 3516 1632 bonus
3546 1596 3559 1634 :

1912 1666 2106 1729 Eram,
2140 1665 2350 1736 inquit,
2380 1665 2674 1737 deinceps,
2711 1664 2893 1730 Susis,
2924 1680 3051 1735 qua:
3081 1669 3172 1720 est
3216 1666 3563 1736 metropolis

192 1747 512 1819 μητροπόλει
562 1744 839 1819 Περσίδος,
884 1754 969 1800 καὶ
1027 1752 1094 1809 ὡς
1146 1749 1353 1812 ἐξῆλθον
1394 1750 1462 1811 εἰς
1512 1755 1567 1802 τὸ
1622 1749 1792 1804 πεδίοπ¹

1914 1753 2185 1819 Persidis,
2221 1758 2273 1810 et
2324 1760 2647 1826 postquam
2680 1770 2958 1825 egressus
2989 1770 3122 1807 sum
3182 1753 3241 1807 in
3275 1769 3561 1825 campum

196 1839 324 1907 μετά
373 1845 465 1889 xui
507 1846 605 1888 τῶν
647 1837 883 1911 ἑταίρων,
944 1834 1061 1889 ἰδοὺ
1118 1842 1331 1910 σεισμὸς
1379 1845 1541 1911 μέγας
1586 1844 1796 1910 ἐγένετο·

200 1930 288 1975 καὶ
350 1933 611 1996 φυγόντων
666 1936 762 1977 τῶν
835 1930 928 1979 σὺν
1007 1927 1140 2000 ἐμοὶ,
1212 1934 1360 2000 μόνος
1431 1929 1800 2002 ἀπολέλειμμαι

202 2016 333 2066 κατὰ
385 2022 556 2086 στόμα
613 2023 801 2070 πεσών.
862 2022 959 2069 Καὶ
1014 2014 1129 2069 ἰδού
1196 2037 1274 2080 τις
1332 2018 1565 2081 ἑστηκὼς
1628 2020 1799 2090 ἣψατό

193 2123 295 2173 μου
324 2110 417 2156 xui
448 2104 702 2163 ἀνέστησε
731 2112 819 2157 καὶ
860 2109 925 2157 τὰ
976 2107 1223 2178 μέλλοντα
1279 2107 1644 2179 συμϐήσεσθαι
1696 2107 1800 2171 τοῖς

191 2192 436 2255 πολίταις
483 2198 613 2265 μετὰ
688 2195 878 2255 πολλὰς
930 2198 1058 2256 ὅσας
1135 2195 1551 2269 ἐμυσταγωγησε
1601 2202 1794 2269 γενεάς.

186 2279 319 2334 Ὀδε
380 2286 488 2357 οἱρα
542 2283 689 2345 οὗτος
738 2281 797 2341 ἦν
850 2286 875 2336 ό
918 2289 1074 2357 μέγας
1116 2291 1204 2337 καὶ
1251 2294 1545 2361 πρώτιστος
1587 2298 1685 2339 τῶν
1716 2289 1801 2341 ού-

183 2378 384 2441 ρανίων
444 2370 710 2445 δυνάμεων
760 2374 1009 2448 Γαϐριὴλ,
1077 2374 1130 2435 ὃς
1183 2380 1271 2427 καὶ
1322 2374 1605 2429 ἀναστάντι
1658 2378 1798 2450 αὐτῷ

184 2457 480 2531 δειχθῆναι
526 2466 668 2533 κριόν
714 2462 960 2535 ἐσήμαινε
1016 2469 1199 2536 μέγαν,
1271 2465 1433 2517 πολλὰ
1486 2470 1574 2537 μὲν
1650 2466 1797 2520 ἐκπε-

184 2556 394 2621 φυκότα
450 2556 661 2623 κέρατα,
725 2552 1013 2605 τελευταῖον
1064 2550 1123 2606 δὲ
1176 2558 1329 2606 αὑτὸν
1385 2556 1433 2607 ἓν
1481 2556 1797 2631 ὑψηλότερον

184 2643 404 2711 ἔχοντα·
462 2643 637 2692 ἔπειτα
692 2640 977 2713 ἀναϐλέψας
1032 2647 1121 2715 μὲν
1169 2644 1240 2705 εἰς
1290 2650 1383 2702 τὴν
1443 2649 1619 2711 Δύο-ιν,
1688 2650 1797 2700 θεά-

188 2731 397 2781 σασθαι
438 2733 628 2803 τράγον
682 2734 772 2802 ἔφη
825 2732 911 2783 ἀπ’
959 2734 1123 2795 αὐτῆς
1177 2730 1252 2785 δι’
1300 2734 1447 2807 ἀέρος
1504 2743 1792 2810 φερόμενον·

189 2818 529 2893 συρράξαντα
562 2817 619 2873 δὲ
660 2829 729 2890 τῷ
782 2830 910 2894 κριῷ
967 2828 1055 2875 καὶ
1109 2830 1217 2885 τοῖς
1261 2830 1443 2898 κέρασι
1490 2828 1790 2899 κυρίξαντα,

185 2905 274 2969 δὶς
305 2907 619 2960 καταϐαλεῖν
674 2910 825 2961 αὐτόν
880 2910 963 2963 ἐπὶ
992 2919 1092 2982 γῆν
1126 2918 1215 2965 καὶ
1262 2922 1519 2972 πατῆσαι·
1572 2918 1683 2968 εἶτα
1710 2922 1794 2969 τὸν

185 3000 385 3071 τράγον
460 2994 587 3049 ἰδεῖν
663 2998 716 3050 ἐκ
766 3008 857 3051 τοῦ
914 3008 1148 3072 μετώπον
1217 3007 1459 3075 μέγιστον
1537 3004 1795 3078 ἀναφύντα

184 3091 361 3159 κέρας,
422 3087 485 3138 οὗ
532 3088 853 3153 κλασθέντος,
898 3089 1295 3149 ἀναϐλαστῆσαι
1354 3098 1606 3166 τέσσαρα,
1676 3097 1793 3147 καθ’
1833 3127 1874 3184 C

186 3178 409 3229 ἕκαστον
488 3186 583 3228 τῶν
661 3177 853 3251 ἀνέμων
930 3178 1329 3254 ἔκτιτραμμένα,
1407 3184 1459 3245 ἐξ
1515 3185 1682 3236 αὐτῶν
1736 3183 1795 3239 δὲ

187 3264 447 3336 ἀνασχεῖν
500 3271 589 3317 καὶ
638 3265 757 3319 ἄλλο
810 3267 1159 3344 βραχύτερον,
1192 3273 1219 3323 ὅ
1257 3278 1345 3324 καὶ
1373 3273 1600 3335 αὐξῆσαι
1629 3275 1793 3346 ἔλεγεν

186 3354 213 3406 ὁ
244 3363 415 3407 ταῦτα
456 3352 655 3416 δεικνύς
712 3363 800 3409 καὶ
852 3359 1161 3431 πολεμήσειν
1215 3361 1372 3413 αὐτοῦ
1428 3366 1485 3414 τὸ
1530 3365 1667 3423 ἔθνος
1705 3372 1793 3416 καὶ

186 3450 280 3502 τὴν
332 3445 484 3497 πόλιν
528 3448 747 3518 αἱρῆσαι
798 3449 893 3499 ἀνὰ
930 3450 1120 3522 κράτος
1150 3454 1237 3502 καὶ
1277 3453 1445 3503 πάντα
1493 3455 1555 3504 τὰ
1596 3462 1683 3505 τοῦ
1714 3458 1793 3505 νό-

183 3553 284 3605 μου
343 3534 606 3608 περιελεῖν·
677 3540 766 3587 καὶ
842 3545 1009 3588 ταῦτα
1060 3536 1143 3589 ἐπὶ
1198 3540 1394 3614 ἡμέρας
1451 3539 1630 3612 χιλίας
1703 3547 1790 3595 καὶ

182 3620 471 3684 διακοσίας
518 3623 807 3683 ἐνενήκοντα
874 3627 947 3688 ἕξ.
1036 3634 1213 3680 Ταῦτα
1269 3634 1357 3701 μὲν
1432 3626 1560 3682 ἰδεῖν
1614 3635 1661 3683 ἐν
1718 3642 1790 3703 τῷ

184 3710 355 3784 πεδίῳ
406 3722 479 3783 τῷ
536 3712 583 3764 ἐν
636 3718 838 3776 Σούτοις
892 3718 916 3767 ό
977 3718 1164 3775 Δανιὴλ
1238 3718 1449 3790 ἔγραψε*
1504 3727 1677 3794 κρῖναι
1732 3719 1789 3774 δὲ

182 3803 325 3871 αὐτῷ
381 3807 476 3860 τὴν
529 3808 646 3875 dilata
696 3815 793 3857 τῶν
868 3808 1187 3879 ορασθέντων
1255 3805 1444 3866 ἐδήλου
1498 3814 1583 3861 τόν
1660 3815 1788 3863 Θεὸν

181 3892 365 3951 οὕτως’
413 3895 500 3943 τὸν
548 3898 637 3964 μὲν
680 3897 777 3966 γὰρ
832 3899 977 3969 κριόν
1026 3894 1298 3968 βασιλείας
1335 3902 1425 3959 τὰς
1475 3896 1673 3956 Μήδων
1703 3905 1787 3952 καὶ

182 3986 400 4052 Περσῶν
444 3987 712 4054 σημαίνειν
758 3983 897 4053 αύτῷ
946 3986 1154 4056 ἔφασκε,
1206 3988 1271 4037 τὰ
1323 3983 1379 4038 δὲ
1430 3991 1623 4062 κέρατα
1666 3993 1787 4051 τοὺς

181 4070 458 4142 μέλλοντας
498 4070 811 4142 βασιλεύειν.
871 4074 1005 4126 Αὐτὸ
1052 4071 1111 4126 δε
1159 4078 1215 4127 τὸ
1266 4079 1416 4148 κέρας
1468 4081 1524 4128 τὸ
1558 4081 1785 4150 ἔσχατον

182 4161 340 4212 αὐτόν
402 4166 671 4232 σημαίνειν
735 4165 821 4213 τὸν
884 4165 1105 4234 ἔσχατον
1166 4162 1405 4236 βασιλέα·
1458 4176 1635 4220 τοῦτον
1682 4173 1781 4243 γὰρ

183 4254 271 4300 καὶ
314 4246 537 4301 διοίσειν
566 4250 701 4321 ἔλεγε
750 4259 847 4302 τῶν
898 4252 1114 4317 λοιπῶν,
1166 4253 1365 4326 πλούτῳ
1410 4275 1462 4308 τε
1509 4262 1596 4309 καὶ
1651 4254 1777 4332 δοξη

180 4344 267 4389 καὶ
312 4346 372 4411 τῇ
428 4338 552 4411 α’λλη
605 4345 920 4414 περιφανείᾳ·
970 4346 1054 4393 τὸν
1110 4340 1168 4395 δε
1214 4347 1403 4417 τράγον
1454 4342 1661 4409 δηλοῦν,
1717 4352 1782 4409 ὡς

180 4436 279 4479 τῶν
328 4428 580 4486 Ἑλλήνων
633 4449 713 4491 τις
770 4428 1062 4501 βασιλεύων
1119 4435 1288 4498 ἔσται,
1357 4436 1411 4496 ὅς
1465 4444 1535 4507 τῷ
1606 4444 1777 4511 Πέρση

466 4485 471 4486 ,
698 4485 711 4491 ,
770 4485 780 4501 ,
1276 4485 1288 4498 ,
1368 4485 1410 4496 κ.
1611 4485 1776 4511 ---Γ-ς.

184 4517 468 4589 συμϐαλὼν
520 4514 602 4578 δὶς
653 4526 905 4593 κρατήσει
954 4530 1014 4593 τῇ
1075 4525 1227 4595 μάχῃ
1278 4529 1366 4575 καὶ
1418 4526 1784 4598 παραλήψεται
1818 4485 1862 4539 D

182 4613 275 4665 τὴν
332 4611 612 4680 ἠγεμονίαν
653 4609 885 4666 ἅπασαν.
944 4611 1239 4669 Δηλοῦσθαι
1291 4610 1349 4665 δὲ
1405 4616 1503 4665 ὑπὸ
1562 4625 1654 4668 τοῦ
1701 4638 1787 4690 με.

181 4698 341 4770 γάλου
390 4702 607 4773 κέρατος
658 4706 748 4750 τοῦ
798 4697 844 4751 ἐν
900 4707 973 4769 τῷ
1034 4708 1251 4773 μετώπῳ
1301 4710 1391 4754 τοῦ
1441 4707 1633 4776 τράγου
1701 4712 1784 4759 τὸν

184 4797 391 4859 πρῶτον
448 4786 689 4859 βασιλέα.
750 4784 873 4840 Εἶτα
916 4794 1004 4841 καὶ
1057 4795 1143 4847 τὴν
1197 4800 1293 4842 τῶν
1350 4796 1615 4867 τεσσάρων
1662 4796 1782 4847 ανα-

185 4876 474 4932 ϐλάστησιν
524 4875 780 4947 βασιλέων
834 4876 1136 4940 ἐκπεσόντος
1182 4878 1395 4932 ἐκείνου·
1438 4890 1495 4955 τῇ
1551 4882 1609 4937 δὲ
1656 4891 1785 4959 πρὸς

184 4967 249 5016 τὰ
318 4969 560 5036 τέσσαρα
636 4965 862 5037 κλίματα
936 4974 1028 5028 τῆς
1102 4976 1197 5039 γῆς
1256 4971 1422 5022 αὐτῶν
1476 4971 1780 5048 ἀποστροφῇ

184 5054 407 5106 ἕκαστον
438 5060 556 5114 τοὺς
605 5051 907 5126 διαδόχους
937 5059 1062 5128 μετὰ
1087 5060 1170 5108 τὸν
1201 5060 1415 5112 θάνατον
1456 5071 1546 5114 τοῦ
1578 5071 1783 5137 πρώτου

183 5143 447 5214 βασιλέως
480 5143 899 5210 ἐξεικονίζεσθαι,
952 5150 1039 5196 καὶ
1088 5150 1174 5196 τὸν
1221 5147 1289 5209 εἰς
1335 5150 1513 5211 αύνούς
1546 5149 1783 5229 διαμερι-

184 5237 311 5304 σμόν
367 5229 681 5290 δηλουσθαικ
741 5236 979 5304 γενέσθαι
1034 5230 1092 5286 δὲ
1170 5241 1257 5287 καί
1340 5258 1454 5290 τινα
1506 5242 1668 5316 ἕτερον
1730 5243 1782 5295 ἐκ

179 5327 377 5373 τούτων
431 5320 675 5393 βασιλέα,
727 5319 916 5381 ἀναιδῆ
990 5327 1080 5396 μὲν
1133 5334 1203 5395 τῷ
1257 5335 1537 5401 προσώπῳ,
1611 5334 1782 5385 ἰκανον

181 5406 239 5463 δι
286 5416 520 5463 συνιέναι
568 5411 931 5484 προϐλήματα,
1010 5416 1065 5475 ὃς
1137 5421 1227 5467 καὶ
1302 5414 1437 5488 δόλῳ
1515 5417 1783 5494 διαφθερεί

176 5501 393 5561 πολλοὺς
439 5505 530 5552 xui
582 5499 666 5553 ἐπὶ
741 5499 968 5576 ἀπωλείᾳ
1030 5503 1232 5557 πολλῶν
1300 5513 1568 5566 στήσεται·
1636 5512 1783 5564 πολε-

183 5597 342 5667 μήσει
396 5608 451 5643 τι
498 5594 556 5643 τὸ
603 5593 744 5654 ἔθνος
795 5596 884 5645 xui
938 5596 1058 5657 τοὺς
1116 5599 1298 5669 νόμους
1340 5597 1505 5651 αὐτῶν
1550 5605 1790 5676 ἰσχυρῶς

478 5696 720 5755 ΡΑτιιοι..
751 5699 853 5754 Gn.
889 5699 1046 5759 CXV.

1910 1860 2048 1898 cum
2090 1843 2503 1909 familiaribus,
2536 1859 2667 1899 ecce
2722 1843 2909 1898 factus
2966 1849 3052 1897 est
3081 1858 3339 1912 magnus
3392 1848 3560 1899 terrae

1909 1938 2128 1999 motus,
2161 1939 2217 1989 et
2255 1934 2614 2004 fugientibus
2672 1934 2741 1987 iis
2766 1933 2865 2005 qui
2914 1948 3149 1987 mecum
3190 1938 3375 1997 erant,
3435 1934 3563 1987 reli-

1912 2029 2039 2077 ctus
2071 2039 2204 2078 sum
2223 2023 2407 2078 solus.
2444 2025 2507 2077 Et
2532 2038 2665 2077 ecce
2693 2022 2941 2093 quidam
2970 2027 3135 2077 stans
3166 2037 3258 2077 me
3281 2022 3487 2091 tetigit,
3508 2029 3563 2078 et

1909 2110 2047 2166 fecit
2078 2126 2351 2181 surgere:
2385 2116 2442 2169 et
2468 2127 2601 2183 quae
2628 2110 2852 2165 civibus
2892 2115 3059 2166 erant
3088 2115 3374 2165 eventura
3425 2117 3563 2181 post

1911 2201 2128 2256 multas
2154 2201 2564 2271 generationes
2593 2200 2843 2272 mystice
2887 2199 3203 2255 enarravit.
3240 2202 3289 2253 Is
3363 2205 3562 2254 autem

1909 2293 2035 2345 erat
2065 2305 2321 2360 magnus
2366 2289 2459 2344 ille
2490 2294 2542 2345 et
2578 2289 2809 2361 primus
2841 2288 3171 2343 caelestium
3198 2292 3558 2359 potestatum

1910 2379 2160 2435 Gabriel.
2197 2380 2304 2444 Qui
2337 2378 2518 2435 etiam
2559 2379 2691 2449 sibi,
2724 2395 2857 2433 cum
2915 2380 3285 2443 surrexisset,
3336 2376 3562 2446 signifi-

1910 2470 2061 2524 cavit
2090 2468 2269 2523 fuisse
2302 2483 2587 2537 magnum
2614 2474 2923 2523 ostensum
2949 2468 3216 2529 arietem,
3250 2466 3345 2521 cui
3373 2466 3563 2521 multa

1908 2559 2143 2629 quidem
2170 2562 2343 2612 enata
2371 2560 2539 2612 erant
2559 2572 2811 2621 cornua;
2847 2556 3111 2611 habebat
3143 2560 3340 2610 autem
3370 2571 3559 2609 unum

1908 2647 2099 2703 altius.
2152 2648 2221 2701 Et
2289 2647 2415 2700 haec
2464 2645 2711 2717 quidem
2760 2661 2893 2700 cum
2948 2644 3288 2714 aspexisset,
3358 2644 3439 2697 ait
3497 2658 3557 2697 se

1907 2738 2129 2792 vidisse
2187 2737 2245 2791 in
2298 2735 2610 2789 Occidente
2638 2735 2891 2798 hircum,
2925 2733 3025 2805 qui
3078 2733 3215 2787 inde
3260 2732 3555 2786 ferebatur

1905 2843 2011 2900 per
2041 2842 2237 2882 aerem
2270 2842 2284 2891 ;
2318 2823 2733 2893 conﬂigentem
2785 2838 2924 2878 vero
2954 2838 3091 2876 cum
3143 2821 3344 2885 ariete,
3378 2828 3432 2875 et
3461 2821 3554 2875 bis

1906 2933 2089 2973 cornu
2124 2920 2440 2987 petentem,
2497 2914 2697 2984 ipsum
2728 2913 2890 2967 humi
2920 2910 3311 2983 prostravisse
3338 2916 3394 2964 et
3421 2925 3556 2964 con-

1905 3006 2189 3061 culcasse.
2247 3003 2467 3058 Deinde
2517 3001 2737 3056 vidisse
2794 3001 3044 3065 hircum,
3106 3000 3200 3054 cui
3260 3013 3552 3067 magnum

1905 3112 2089 3152 cornu
2127 3094 2486 3150 nascebatur
2523 3092 2583 3147 iu
2631 3091 2858 3147 fronte:
2892 3105 3013 3162 quo
3076 3089 3277 3153 fracto,
3335 3088 3554 3158 germi-

1905 3201 2079 3241 nasse
2108 3188 2386 3256 quatuor,
2412 3197 2584 3236 versa
2614 3181 2690 3237 ad
2737 3179 3003 3249 singulos
3030 3182 3257 3233 ventos.
3293 3179 3374 3231 Ex
3404 3178 3551 3247 ipsis

1904 3281 2102 3331 autem
2136 3278 2405 3331 exortum
2436 3287 2562 3327 esse
2591 3270 2752 3325 aliud
2798 3284 3039 3341 quoque
3069 3267 3338 3323 brevius:
3390 3267 3552 3338 quod

1904 3366 1952 3420 is
1978 3366 2079 3438 qui
2102 3364 2470 3428 ostendebat,
2506 3360 2740 3416 dicebat
2765 3358 2889 3413 fore
2919 3362 2980 3413 ut
3004 3360 3310 3423 cresceret,
3344 3360 3399 3409 et
3424 3356 3552 3425 ejus

1903 3462 2137 3526 gentem
2161 3454 2313 3509 bello
2336 3451 2662 3515 invaderet,
2695 3454 2749 3503 et
2797 3448 3093 3502 civitatem
3123 3446 3174 3499 vi
3208 3450 3462 3516 caperet,
3496 3449 3553 3498 et

1899 3560 2277 3617 quaecunque
2331 3545 2465 3596 sunt
2520 3538 2684 3609 legis,
2784 3536 3041 3591 tolleret:
3078 3535 3257 3605 idque
3333 3534 3549 3588 diebus

1899 3633 2058 3688 mille
2098 3631 2367 3687 ducentis
2398 3634 2453 3685 et
2506 3626 2833 3695 nonaginta
2875 3640 2997 3679 sex.
3033 3625 3163 3677 Haec
3204 3622 3448 3693 quidem
3485 3637 3548 3675 se

1900 3723 2116 3777 vidisse
2147 3720 2205 3775 in
2266 3734 2503 3790 campo,
2536 3716 2638 3788 qui
2672 3718 2755 3768 est
2799 3712 2983 3775 Susis,
3028 3711 3263 3781 scripsit
3297 3709 3499 3764 Daniel
3531 3724 3543 3762 :

1900 3814 2083 3866 Deum
2149 3814 2347 3865 autem
2396 3822 2623 3867 eorum,
2668 3818 2803 3874 quae
2843 3800 3212 3871 adspexerat,
3254 3798 3545 3852 visionem

1897 3901 2133 3956 dicebat
2164 3900 2247 3953 sic
2279 3896 2387 3951 sibi
2419 3894 2776 3951 declarasse.
2808 3892 2957 3944 Nam
3014 3888 3255 3944 arietem
3296 3886 3539 3957 quidem

1895 3992 2129 4045 dicebat
2162 3987 2498 4057 signiﬁcare
2528 3998 2716 4051 regna
2770 3981 3069 4037 Medorum
3103 3982 3157 4032 et
3189 3976 3500 4031 Persarum
3530 3992 3542 4040 ;

1896 4095 2121 4136 cornua
2166 4081 2387 4140 autem,
2444 4090 2547 4129 eos
2591 4072 2692 4143 qui
2748 4074 2915 4125 erant
2970 4067 3292 4137 regnaturi.
3342 4066 3543 4136 Ipsum

1896 4186 2036 4225 vero
2058 4184 2242 4224 cornu
2286 4166 2579 4225 ultimum,
2614 4160 2905 4230 signiﬁcat
2934 4159 3127 4229 ipsum
3154 4156 3424 4209 ultimum
3461 4171 3547 4210 re-

1895 4276 2050 4330 gem.
2086 4256 2323 4312 Dicebat
2356 4255 2513 4309 enim
2561 4251 2704 4314 fore,
2755 4255 2815 4303 ut
2863 4249 2909 4302 is
2942 4251 3247 4318 praestaret
3296 4246 3542 4308 caeteris,

1894 4355 1947 4403 et
1979 4348 2195 4403 divitiis
2223 4350 2279 4399 et
2309 4343 2494 4414 gloria
2524 4346 2577 4395 et
2607 4338 2725 4394 alio
2780 4334 3117 4408 splendore.
3160 4333 3396 4387 Hircum
3439 4349 3546 4387 au-

1895 4443 2031 4501 tem,
2076 4434 2411 4505 signiﬁcare
2444 4432 2705 4485 futurum
2738 4443 2809 4481 ex
2839 4425 3058 4480 Graecis
3108 4439 3308 4493 regem
3339 4439 3546 4493 quem-

1893 4527 2055 4585 dam,
2090 4524 2189 4596 qui
2220 4522 2312 4577 bis
2363 4536 2499 4575 cum
2556 4518 2731 4571 Persa
2786 4513 3139 4581 conﬂigens,
3174 4528 3311 4565 eum
3340 4526 3544 4581 pugna

1892 4616 2173 4676 vinceret,
2216 4618 2271 4667 et
2328 4610 2672 4664 universum
2728 4605 3059 4659 assumeret
3102 4601 3542 4672 principatum:

1898 4702 2217 4775 signiﬁcari
2252 4715 2442 4755 veroa
2488 4711 2707 4764 magno
2730 4691 3117 4762 cornu,quod
3144 4696 3232 4743 est
3260 4690 3317 4743 in
3352 4688 3544 4743 fronte

1894 4794 2061 4856 hirci,
2097 4792 2357 4862 primum
2420 4802 2642 4855 regem.
2696 4782 2916 4836 Deinde
2948 4781 3126 4834 etiam
3161 4787 3356 4832 ortum
3399 4794 3543 4848 qua.

1896 4887 2031 4937 tuor
2059 4896 2291 4950 regum,
2338 4892 2470 4932 cum
2506 4874 2599 4928 ille
2644 4870 2994 4926 excessisset
3022 4884 3038 4922 :
3070 4868 3545 4936 uniuscujusque

1896 4976 2098 5028 autem
2156 4984 2362 5024 eorum
2418 4962 2805 5020 conversione
2862 4959 2939 5013 ad
2998 4964 3257 5028 quatuor
3309 4956 3547 5009 climata

1898 5068 2064 5117 terrae
2098 5057 2350 5115 describi
2382 5067 2757 5110 successores
2789 5054 2925 5120 po<t
2964 5054 3210 5101 mortem
3246 5045 3419 5116 primi
3461 5060 3546 5097 re-

1898 5154 2006 5223 gis,
2023 5157 2075 5205 et
2094 5146 2411 5218 signiﬁcari
2432 5146 2653 5199 factam
2673 5142 2744 5195 ab
2764 5140 2845 5192 eis
2865 5137 3239 5191 divisionem.
3264 5135 3547 5188 Futurum

1899 5247 2099 5298 autem
2130 5239 2309 5293 alium
2343 5250 2585 5307 quoque
2613 5229 2930 5303 quemdam
2961 5227 3106 5280 exiis
3139 5240 3361 5293 regem,
3384 5223 3547 5277 vultu

1900 5402 2099 5493 geuda
2130 5416 2504 5489 problemata
2534 5428 2543 5466 ε
2571 5425 2674 5483 qul
2706 5414 2764 5463 et
2814 5407 2948 5463 dolo
2985 5403 3200 5458 multos
3234 5402 3549 5465 interimet,

1904 5492 1960 5567 et
1990 5507 2168 5566 stabit
2192 5506 2268 5563 ad
2322 5502 2621 5559 interitum
2654 5497 3008 5555 multorum:
3053 5492 3299 5548 bellabit
3350 5496 3551 5547 autem

1906 5599 2194 5657 adversus
2223 5600 2481 5668 gentem,
2511 5596 2566 5647 et
2604 5603 2811 5647 eorum
2860 5586 3019 5657 leges
3073 5582 3301 5639 fortiter
3342 5579 3583 5636 dissolr

3210 5689 3273 5745 13
