4142 6196
557 255 661 315 395

552 467 693 524 lebit
733 468 1189 539 rempublicam,
1222 473 1277 523 et
1313 466 1655 540 prohibebit
1706 474 1819 524 tres
1852 484 2041 523 annos
2079 467 2201 522 ﬁeri

554 558 863 613 sacriﬁcia.
898 564 1030 613 Hinc
1060 574 1295 631 quoque
1357 558 1438 612 sic
1490 556 1643 613 facta
1675 562 1813 612 sunt
1848 562 1902 613 et
1956 557 2033 612 ad
2066 556 2200 611 effe-

552 651 711 703 ctum
753 655 1166 718 pervenerunt,
1230 646 1515 701 Antiocho
1565 646 1837 702 videlicet
1891 650 2195 715 regnante,

550 736 653 807 qui
679 735 787 792 fuit
825 737 1285 805 cognominatus
1339 735 1700 807 Epiphanes.

617 824 742 880 XXI.
786 825 1062 880 Praedixit
1118 831 1314 881 autem
1374 824 1505 897 ipsa
1573 825 1770 879 Daniel
1815 824 2014 879 multis
2061 829 2195 879 ante

546 914 1051 985 generationibus,
1082 931 1219 970 cum
1246 915 1399 969 Deus
1426 912 1471 967 ei
1528 929 1599 969 ea
1629 912 2005 978 ostendisset,
2037 917 2093 968 et
2134 920 2194 967 ut

545 1004 828 1060 scriberet
851 1004 1172 1060 effecisset:
1210 1009 1273 1058 ut
1316 1009 1371 1059 et
1401 1004 1503 1075 qui
1540 1018 1609 1057 ea
1647 1002 1872 1075 legunt,
1906 1005 1963 1058 et
2000 1002 2192 1057 consi-

544 1094 753 1149 derant
782 1110 853 1149 ea
891 1110 1026 1165 quae
1066 1093 1363 1157 eveniunt,
1397 1101 1451 1148 et
1486 1092 1787 1147 Danielem
1819 1090 2191 1147 admirentur

540 1190 781 1254 propter
804 1183 1112 1245 honorem,
1157 1198 1279 1253 quo
1323 1182 1429 1236 fuit
1468 1181 1687 1250 dignus
1719 1197 1753 1235 a
1802 1181 1919 1235 Deo
1958 1180 2189 1249 judica-

540 1276 653 1342 tus,
690 1277 746 1327 et
775 1272 1082 1328 inveniant
1124 1272 1438 1342 Epicureos
1464 1271 1578 1325 hac
1606 1270 1666 1325 in
1694 1286 1754 1324 re
1779 1269 1949 1325 valde
1968 1285 2186 1338 errare,

537 1362 638 1434 qui
687 1366 741 1417 et
792 1361 1230 1433 providentiam
1281 1376 1310 1415 e
1348 1360 1471 1414 vita
1533 1359 1851 1431 expellunt,
1906 1364 1959 1414 et
2001 1362 2184 1413 Deum

534 1464 649 1505 non
684 1454 926 1505 censent
957 1465 1154 1504 rerum
1208 1449 1610 1504 humanarum
1678 1463 1887 1502 curam
1938 1462 2179 1517 gerere:

533 1554 722 1610 neque
770 1556 803 1594 a
835 1539 1011 1594 beata
1061 1537 1341 1601 essentia,
1408 1542 1463 1591 et
1514 1537 1570 1590 in
1645 1551 1832 1607 quam
1865 1550 1987 1589 non
2022 1535 2184 1591 cadit

528 1628 819 1693 interitus,
859 1628 933 1682 ad
975 1628 1087 1682 hoc
1129 1634 1193 1682 ut
1234 1627 1507 1681 universa
1535 1629 1924 1697 permaneant
1972 1624 2184 1692 guber-

526 1717 658 1773 nari
681 1720 901 1782 omnia,
936 1717 1196 1772 carentia
1223 1718 1431 1786 auriga
1471 1721 1527 1769 et
1561 1720 1854 1770 curatore.
1898 1713 2180 1769 Mundum

524 1812 724 1861 autem
772 1807 1116 1861 universum
1174 1805 1380 1860 dicunt
1438 1820 1547 1859 sua
1600 1810 1811 1875 sponte
1878 1802 2049 1857 ferri:
2100 1804 2178 1857 sic

522 1895 677 1951 male
704 1896 1023 1950 sentientes
1067 1900 1121 1950 et
1148 1896 1409 1949 dicentes
1455 1899 1653 1964 aperte
1704 1891 1899 1946 stolidi
1948 1897 2003 1946 et
2077 1907 2177 1947 ne-

519 1985 788 2049 scientes,
836 1984 1000 2056 quod
1044 2000 1115 2038 ne
1159 1984 1329 2038 navis
1354 1982 1598 2054 quidem
1638 1982 1695 2036 in
1726 1987 1899 2052 portu
1953 1982 2171 2037 servari

515 2075 789 2144 potuerit,
824 2073 1052 2127 defecta
1092 2072 1488 2141 gubernatore
1527 2075 1583 2125 et
1627 2070 1838 2125 nautis.
1883 2070 1995 2126 Sed
2037 2071 2171 2141 quis

514 2162 577 2216 in
633 2163 810 2217 rebus
844 2161 1105 2216 honestis
1156 2160 1325 2215 fuerit
1357 2159 1508 2215 adeo
1566 2174 1768 2214 socors
1807 2164 1865 2213 et
1896 2159 2169 2229 ignavus,

512 2257 612 2305 aut
641 2249 944 2306 auditores
968 2254 1147 2305 tanta;
1179 2248 1475 2304 damnarit
1499 2247 1870 2318 negligentiae
1918 2252 1973 2302 et
2011 2264 2167 2303 som-

510 2338 801 2403 nolentize,
852 2342 914 2392 ut
952 2352 1074 2392 non
1114 2336 1369 2393 aliorum
1429 2338 1608 2392 etiam
1660 2336 1995 2391 meminerit
2038 2352 2168 2408 pro-

508 2428 698 2498 phetae
737 2427 917 2497 hujus
956 2425 1348 2493 admirabilis,
1382 2442 1517 2498 quae
1553 2430 1607 2481 et
1646 2431 1900 2497 possunt
1931 2425 2166 2481 afﬁcere

507 2516 925 2582 admiratione,
958 2520 1015 2571 et
1054 2530 1340 2587 magnam
1372 2514 1583 2571 afferre
1611 2514 1915 2571 utilitatem
1951 2514 2165 2571 animis

506 2605 850 2662 auditorum
881 2604 909 2659 ?

580 2696 730 2751 XXII.
765 2697 897 2751 Erat
926 2694 1085 2750 enim
1116 2699 1255 2751 tunc
1300 2694 1464 2766 apud
1500 2694 1867 2766 Babylonios
1918 2693 2161 2749 simula-

504 2800 694 2850 crum,
712 2784 875 2857 quod
900 2784 957 2840 in
980 2800 1204 2855 magno
1226 2783 1567 2839 habebatur
1586 2783 1833 2839 honore.
1851 2782 1915 2837 Ei
1940 2800 2161 2839 nomen

501 2879 625 2930 erat
656 2874 749 2928 Bel
780 2891 793 2925 :
824 2874 917 2929 cui
949 2874 1130 2929 etiam
1150 2879 1440 2945 tanquam
1466 2872 1580 2927 deo
1608 2878 2013 2927 constructum
2039 2877 2163 2927 erat

500 2961 789 3033 templum
817 2967 871 3015 et
914 2977 1040 3025 ara,
1096 2962 1261 3032 eique
1295 2960 1659 3031 suppeditati
1718 2960 1951 3015 fuerant
2011 2960 2160 3029 largi

501 3054 807 3120 sumptus:
837 3054 894 3103 et
923 3049 1079 3104 circa
1109 3048 1276 3102 illum
1305 3053 1430 3102 erat
1462 3048 1737 3119 frequens
1770 3048 1942 3103 turba
1968 3065 2155 3104 sacer-
2195 3105 2230 3122 η

508 3136 739 3191 dotum.
767 3138 1048 3207 Sumptus
1080 3151 1216 3190 vero
1249 3136 1441 3205 specie
1484 3136 1728 3206 quidem
1758 3152 1825 3191 ac
1872 3143 2156 3206 praetextu

509 3225 1047 3297 suppeditabantur
1075 3224 1269 3279 idolo:
1300 3240 1505 3279 revera
1534 3230 1734 3280 autem
1764 3226 1841 3281 ab
1886 3226 2014 3297 ejus
2062 3245 2156 3284 sa-

508 3312 1110 3369 cerdotibuslatenter
1127 3312 1651 3368 consumebantur.
1679 3313 1742 3368 Id
1765 3313 1891 3385 ipse
1916 3331 2157 3388 quoque

524 3418 627 3458 rex
672 3401 901 3458 colebat
936 3408 987 3456 Is
1014 3406 1141 3457 erat
1173 3403 1378 3473 Cyrus,
1408 3403 1511 3465 qui
1565 3402 1738 3457 Dario
1766 3412 2153 3461 successerat.

508 3491 615 3557 Qui
648 3490 846 3559 etiam,
888 3490 1153 3547 similiter
1183 3497 1361 3563 atque
1412 3492 1635 3558 Darius,
1670 3493 1957 3549 honorem
2019 3511 2155 3550 con-

505 3597 747 3637 servans
778 3580 835 3635 in
866 3580 1185 3647 Danielem,
1221 3597 1358 3635 eum
1388 3580 1650 3635 habebat
1673 3583 2070 3638 convictorem
2100 3591 2154 3639 et

504 3670 1004 3741 gloriosisstmum
1038 3670 1311 3725 omnium
1344 3686 1588 3725 suorum
1615 3671 1970 3727 amicorum.
2008 3673 2151 3730 Hinc

506 3762 688 3818 etiam
721 3761 945 3816 factum
974 3766 1163 3830 est,ut
1189 3762 1536 3816 eisuaderet
1568 3770 1627 3816 ut
1658 3764 1755 3817 Bel
1783 3763 1997 3818 coleret
2024 3769 2148 3818 tan-

501 3867 685 3924 quam
711 3850 883 3907 deum
916 3851 1231 3906 viventem.
1256 3853 1345 3905 An
1372 3866 1492 3905 non
1518 3851 1702 3916 vides,
1739 3852 1952 3924 inquit,
1982 3851 2147 3924 quod

501 3940 708 3995 simila;
747 3940 992 4011 quidem
1045 3940 1295 3995 Artabas
1327 3940 1648 3995 duodecim
1687 3942 1973 4012 quotidie,
2002 3959 2145 3997 oves

494 4034 684 4085 autem
713 4044 830 4083 non
858 4028 1164 4099 pauciores
1191 4044 1376 4099 quam
1408 4030 1808 4100 quadraginta
1834 4032 2147 4087 comedat?

497 4118 613 4173 vini
641 4133 779 4172 vero
806 4133 908 4172 sex
934 4121 1087 4173 totas
1109 4116 1310 4173 ebibat
1343 4123 1619 4173 metretas
1648 4118 1675 4171 ?
1718 4122 1811 4173 Est
1840 4119 1955 4174 hoc
1986 4136 2147 4175 error

496 4206 847 4267 manifestus
890 4210 947 4259 et
985 4212 1185 4277 aperte
1224 4205 1519 4276 deceptio,
1564 4207 1644 4261 ait
1705 4208 1801 4262 Dei
1834 4209 2142 4280 propheta.

494 4298 631 4351 Nam
644 4294 807 4366 quod
836 4294 992 4349 intus
1009 4294 1268 4366 quidem,
1296 4301 1382 4350 est
1404 4295 1608 4361 lutum,
1629 4312 1709 4351 aes
1727 4302 1917 4352 autem
1936 4300 2144 4354 extrin-

490 4399 684 4451 secus,
734 4399 928 4455 neque
964 4388 1159 4455 potest
1197 4401 1347 4449 esse,
1385 4400 1578 4455 neque
1618 4385 1841 4441 bibere.
1872 4387 2146 4443 Irascitur

488 4472 633 4539 haec,
668 4454 920 4528 audiens
939 4454 1129 4545 Cyrus
1154 4478 1212 4529 et
1241 4474 1442 4529 statim
1467 4454 1639 4529 vocat
1664 4476 2004 4533 sacerdotes
2038 4477 2143 4532 u1i-
2179 4454 2220 4507 ί)

487 4568 781 4633 naturque
798 4563 1188 4627 mortem,nisi
1213 4563 1305 4618 Bel
1324 4565 1732 4620 comedentem
1756 4568 2138 4623 ostenderint.

486 4649 566 4706 llli
606 4666 765 4716 vero,
807 4654 1017 4708 Mensae
1046 4653 1230 4718 cibos,
1259 4653 1445 4718 aiunt,
1480 4669 1747 4725 appone;
1781 4671 1889 4710 nos
1942 4663 2139 4712 autem

482 4742 875 4810 egrediemur,
910 4746 967 4797 et
998 4742 1266 4797 clavibus
1290 4758 1359 4796 ac
1411 4743 1730 4811 signaculis
1758 4744 2032 4801 obserata
2054 4747 2137 4817 ja-

476 4846 618 4897 nua,
663 4829 786 4885 redi
818 4830 911 4884 die
954 4832 1263 4901 sequenti:
1300 4838 1357 4887 et
1404 4832 1517 4887 nisi
1547 4836 1754 4889 omnia
1784 4844 2139 4907 consumpta

480 4918 793 4983 inveneris,
823 4934 931 4974 nos
963 4919 1127 4989 digni
1156 4920 1378 4975 erimus
1421 4920 1713 4992 supplicio
1740 4940 1753 4987 ;
1784 4923 1872 4978 sin
1918 4927 2133 4991 minus,

479 5005 700 5071 Daniel,
736 5006 839 5077 qui
862 5006 1007 5061 etde
1041 5006 1234 5072 nobis,
1268 5007 1565 5078 etdeipso
1589 5009 1702 5063 deo
1719 5018 1804 5064 est
1830 5013 2131 5067 mentitus.

474 5101 652 5166 Atque
694 5098 881 5166 Cyrus
912 5096 1157 5167 quidem
1191 5098 1409 5160 statim,
1442 5098 1591 5153 sicut
1620 5098 1911 5163 dixerant,
1966 5102 2131 5158 cibos

475 5185 780 5255 apposuit:
806 5184 1010 5240 Daniel
1034 5190 1253 5249 autem,
1288 5185 1372 5239 eis
1398 5185 1907 5257 imprudentibus,
1937 5190 2133 5247 cinere

470 5272 674 5344 templi
700 5273 892 5328 solum
916 5274 1284 5345 conspersit:
1318 5280 1373 5329 et
1401 5291 1534 5329 cum
1562 5275 1645 5330 sic
1672 5276 1853 5333 ambo
1879 5278 2127 5334 clausis-

470 5366 598 5414 sent
648 5366 705 5414 et
741 5362 1189 5431 obsignassent,
1248 5370 1633 5420 recesserunt.
1670 5366 1949 5439 Sequenti
1990 5384 2129 5426 vero

470 5448 568 5504 die
607 5448 976 5517 accedentes,
1017 5452 1217 5509 vident
1256 5453 1505 5525 vestigia
1536 5455 1854 5513 mulierum
1884 5461 1941 5514 et
1971 5458 2123 5516 viro-

466 5551 605 5599 rum
634 5541 694 5595 et
709 5553 1031 5613 puerorum
1056 5541 1117 5600 in
1137 5542 1352 5602 cinere.
1373 5544 1483 5613 Qui
1507 5543 1687 5603 etiam
1715 5548 1892 5622 capti,
1922 5552 2116 5608 osten-

1964 216 2228 311 MENSIS
2266 250 2539 343 JULIUS.

556 383 654 436 vet
676 380 850 452 :quin
880 380 1057 435 etiam
1090 378 1375 452 templum
1402 394 1647 450 quoque
1676 378 1978 451 spoliabit,
2005 383 2061 434 et
2106 378 2160 434 d4

2271 415 2282 434 ι
2315 379 2509 431 καταλύ
2519 397 2615 433 σει⁸

3794 265 3885 323 396

2703 383 2777 431 ἔτι
2834 400 2891 450 γε
2969 385 3070 453 μὴν
3169 379 3386 437 συλήσει
3455 388 3544 433 καὶ
3613 389 3687 437 τὸν
3748 394 3871 456 ναὸν,

2314 466 2515 539 ἀφανιεῑ
2558 489 2610 521 τε
2658 474 2744 527 τὴν
2786 470 3044 522 πολιτείαν
3093 476 3181 522 καὶ
3229 474 3322 531 τὰς
3376 472 3552 532 θυσίας
3594 472 3669 524 ἐπι
3717 486 3871 549 τρισὶν

2311 560 2474 608 ἔτεσιν
2530 558 2755 630 ἀπείρξει
2805 560 3079 612 τελεῖσθαι.
3158 564 3335 631 Γέγονε
3395 564 3480 631 μὲν
3546 562 3671 613 οὕτω
3724 574 3872 619 ταῦτα

2309 652 2396 697 καὶ
2432 647 2496 706 εἰς
2542 651 2686 720 ἔργον
2739 648 2902 712 ἐξέϐη,
2953 650 3225 720 Ἀντιόχου
3279 645 3416 705 δῆτα
3462 659 3548 701 του
3597 651 3871 723 Ἐπιφανοῦς

2309 734 2694 806 βασιλεύοντος.

2382 826 2501 879 KA'.
2556 834 2770 900 Προεῖπε
2820 823 2877 878 δὲ
2928 827 3060 878 αὐτὰ
3105 826 3293 884 Δανιὴλ
3325 826 3527 887 πολλαῖς
3574 830 3671 899 ἄρα
3697 837 3873 898 γενεαῖς

2307 920 2567 988 πρότερον,
2624 926 2715 967 του
2748 924 2879 967 Θεοῦ
2921 913 3179 978 δείξαντος
3233 916 3371 985 αῦτῴ
3425 924 3585 967 ταῦτα
3631 923 3715 968 καὶ
3759 921 3873 991 γρά-

2302 1002 2401 1073 ψαι
2452 1008 2963 1077 παρασκευάσαντος,
3022 1008 3154 1057 ὥστε
3236 1009 3353 1066 τοὺς
3424 1004 3873 1077 ἀναγιγνώσκοντας

2301 1098 2389 1144 καὶ
2437 1097 2500 1145 τὰ
2561 1094 2911 1165 συμϐαίνοντα
2965 1102 3287 1155 σκοποῦντας
3357 1096 3636 1166 θαυμάζειν
3694 1116 3742 1147 τε
3797 1102 3873 1148 τὸν

2301 1184 2483 1241 Δανιὴλ
2531 1192 2621 1244 τῆς
2675 1192 2846 1256 τιμῆς,
2894 1186 2956 1246 ἧς
2986 1184 3126 1247 ἄξιος
3158 1185 3332 1257 ἐκρίθη
3369 1188 3508 1257 παρὰ
3556 1193 3703 1251 Θεοῦ,
3746 1189 3872 1259 εὑρί-

2303 1292 2440 1323 σκειν
2497 1293 2548 1325 τε
2609 1278 2727 1335 τοῦς
2772 1276 3164 1346 Ἐπικουρείους
3219 1273 3441 1325 ἐντεῦθεν
3499 1273 3690 1346 κομιδῆ
3763 1276 3877 1326 πλα-

2297 1366 2563 1432 νωμένους,
2626 1364 2676 1414 οῖ
2730 1370 2823 1421 τὴν
2881 1383 2933 1415 τε
2988 1372 3227 1435 προνοιαν
3278 1363 3581 1415 ἐϐκάλλουσι
3637 1371 3722 1415 τοῦ
3761 1364 3871 1435 βίου

2297 1455 2385 1501 καὶ
2435 1454 2562 1504 Θεὸν
2608 1452 2701 1503 οῦκ
2760 1450 2970 1514 ἀξιοῦσι
3022 1462 3120 1504 τῶν
3168 1456 3485 1526 πραγμάτων
3522 1453 3872 1526 ἐπιτροπεύειν,

2294 1537 2417 1592 ουδὲ
2466 1542 2564 1592 ὑπὸ
2614 1549 2708 1603 τῆς
2752 1547 3015 1614 μακαρίας
3063 1547 3149 1593 καὶ
3205 1541 3469 1614 ἀφθάρτου
3520 1545 3714 1612 φύσεως
3758 1547 3875 1614 πρὸς

2296 1626 2549 1701 διαμονὴν
2631 1638 2730 1682 τῶν
2830 1631 2955 1683 ὅλων
3017 1630 3365 1703 κυϐερνᾶσθαι
3448 1634 3513 1682 τα
3592 1633 3872 1702 σύμπαντα,

2292 1720 2507 1794 ἄμοιρον
2540 1716 2597 1771 δὲ
2641 1722 2861 1791 ἡνιόχου
2895 1725 2980 1770 καὶ
3016 1728 3343 1794 φροντιστοῦ.
3389 1724 3487 1771 Τὸν
3520 1724 3709 1790 κόσμον
3736 1720 3872 1771 αὖτο-

2290 1812 2466 1879 μάτως
2515 1810 2717 1860 ἅπαντα
2761 1812 3004 1883 φέρεσθαι
3058 1810 3287 1879 λέγουσι,
3350 1819 3521 1869 κακῶς
3584 1810 3713 1860 οὕτω
3790 1816 3870 1859 καὶ

2290 1906 2581 1971 φρονοῦντες
2635 1904 2723 1950 καὶ
2780 1898 3006 1969 λέγοντες
3062 1901 3109 1948 οἱ
3170 1906 3444 1973 προφανῶς
3515 1898 3715 1955 ἀνοητοι
3789 1903 3868 1949 καὶ

2285 1988 2378 2038 οὐκ
2433 1985 2644 2051 εἰδότες,
2714 1991 2782 2049 ὡς
2856 1985 2977 2038 ούὸε
3048 1996 3169 2048 ναῦς
3252 1988 3298 2038 ἐν
3373 1988 3539 2059 λιμένι
3593 1984 3863 2044 διασωθείη

2283 2076 2592 2149 κυϐερνήτου
2652 2082 2736 2129 καὶ
2795 2086 2991 2128 ναυτῶν
3023 2080 3227 2150 ἔρημος.
3286 2077 3440 2128 ’Λλλα
3487 2081 3563 2137 τίς
3608 2078 3666 2127 άν
3714 2078 3868 2150 ῥάθυ-

2282 2186 2390 2233 μως
2440 2167 2573 2217 οὕτω
2631 2171 2745 2237 περὶ
2795 2170 2857 2217 τὰ
2908 2166 3038 2216 καλά
3096 2170 3294 2236 γένοιτο
3364 2167 3393 2224 ἡ
3450 2176 3549 2217 τῶν
3624 2165 3867 2238 ἀκροωμέ-

2280 2275 2375 2304 νων
2430 2255 2690 2327 ρᾳθυμίαν
2742 2258 3004 2312 τοσαύτην
3059 2260 3146 2305 καὶ
3200 2258 3354 2306 ῦπνον
3410 2260 3755 2326 κατεγνωκὼς,
3802 2258 3864 2315 ως

2279 2348 2349 2413 μὴ
2411 2348 2497 2394 καὶ
2546 2352 2644 2394 τῶν
2699 2343 2859 2394 ἄλλων
2909 2351 2997 2395 τοῦ
3031 2345 3335 2415 θαυμαστοῦ
3386 2347 3573 2395 τούτου
3613 2349 3864 2417 προφήτου

2278 2430 2660 2502 ἐπιμνησθῆναι
2710 2434 2979 2504 θαυμάσαι
3034 2452 3085 2484 τε
3138 2435 3320 2483 ἱκανῶν
3361 2436 3517 2484 ὄντων
3566 2438 3649 2484 καὶ
3690 2432 3864 2490 πολλὴν

2277 2521 2515 2592 ὠφέλειαν
2568 2529 2679 2583 ταῖς
2712 2530 2809 2572 τῶν
2860 2520 3123 2594 ἀκροατῶν
3172 2521 3374 2593 ψυχαῖς
3437 2521 3667 2593 ἐμϐαλεῖν
3721 2517 3861 2571 δυναο

2276 2615 2435 2681 μένων
2464 2629 2475 2675 ;

2349 2698 2461 2751 ΚΒ’.
2521 2698 2616 2751 Ἶῐν
2666 2702 2763 2772 γαρ
2809 2704 2920 2751 τότε
2964 2708 3075 2761 τοῖς
3122 2698 3473 2762 Βαϐυλωνίοις
3504 2702 3635 2752 πάνυ
3671 2693 3861 2769 σφόδρα

2274 2795 2555 2860 τιμώμενον
2630 2785 2857 2839 εἴδωλον·
2928 2792 3087 2860 ὄνομα
3134 2791 3300 2859 τούτῳ
3358 2789 3484 2857 Βὴλ,
3640 2796 3725 2839 καὶ
3786 2787 3862 2837 οἶα

2276 2880 2369 2948 θεῲ
2420 2881 2539 2939 ναὸς
2592 2880 2978 2929 κατεσκεύαστο
3028 2882 3116 2929 καὶ
3175 2877 3353 2949 βωμὸς
3412 2876 3645 2930 δαπάναι
3694 2896 3745 2927 τε
3789 2894 3861 2926 κι-

2270 2972 2573 3039 χορήγηντο
2642 2963 2899 3035 δαψιλεῖς
2974 2972 3062 3018 καὶ
3110 2966 3262 3038 ὄχλος
3340 2969 3516 3041 ἱερέων
3580 2963 3707 3023 ἦσαν
3754 2974 3862 3035 περὶ

2270 3057 2459 3106 ἐκείνου
2514 3060 2727 3126 συχνός·
2782 3058 2833 3106 αὶ
2879 3052 3107 3107 δαπάναι
3158 3052 3216 3107 δὲ
3258 3075 3526 3127 προφασιν
3567 3059 3653 3128 μὲν
3683 3062 3750 3123 τῷ
3797 3053 3856 3104 εἰ·

2271 3140 2418 3213 δώλῳ
2455 3146 2865 3218 χορηγούμεναι,
2900 3148 2957 3195 τὸ
2990 3141 3047 3195 δὲ
3080 3143 3263 3203 ἀληθὲς
3297 3151 3404 3204 τοῖς
3448 3147 3664 3219 ἱερεῦσιν
3710 3141 3855 3192 αὐτοῦ

2268 3235 2402 3283 κατὰ
2458 3236 2514 3283 τὸ
2581 3232 2793 3293 λεληθὸς
2842 3229 3226 3304 ὃαπανὼμναν
3280 3240 3439 3286 τοῦτο
3512 3231 3708 3284 ἐσέϐετο
3778 3235 3857 3280 καὶ

2268 3321 2419 3381 αὐτὸς
2476 3319 2743 3393 βασιλεύς.
2783 3324 2943 3396 Κύρος
2989 3319 3048 3379 ἧν
3090 3322 3251 3387 οὗτος,
3286 3324 3311 3372 ὁ
3360 3325 3453 3374 τὸν
3504 3330 3707 3393 Δαρεῖον
3752 3316 3855 3371 δια-

2268 3406 2561 3481 δεξάμενος,
2616 3412 2672 3471 ὅς
2727 3413 2830 3483 ἄρα
2876 3417 2963 3462 καὶ
3010 3415 3139 3485 πρὸς
3168 3414 3253 3463 τὸν
3304 3412 3499 3470 Δανιὴλ
3552 3417 3644 3468 τὴν
3690 3412 3857 3481 ὁμοίαν

2266 3504 2457 3571 Δαρείῳ
2508 3496 2788 3561 διασωζων
2841 3504 3010 3571 τιμὴν,
3056 3499 3357 3571 συμϐιωτην
3408 3520 3463 3552 τε
3513 3496 3624 3571 εἶχε
3654 3503 3856 3548 καὶτῶν

2265 3586 2421 3638 αὗτθὺ
2477 3587 2629 3659 φίλων
2683 3585 3067 3651 ἐπιδοξότατον.
3136 3587 3307 3641 Ἔνθεν
3361 3609 3449 3641 τοι
3510 3593 3598 3639 καὶ
3650 3591 3857 3658 παρῄνει

2263 3676 2401 3746 αῦτῲ
2432 3679 2661 3749 καθάπερ
2696 3680 2790 3748 θεῷ
2825 3679 2978 3738 ζωντι
3028 3682 3306 3752 προσέχειν
3352 3688 3428 3750 τῷ
3482 3678 3597 3737 Βὴλ.
3652 3683 3712 3728 Ἦ
3760 3674 3855 3744 οὐχ

2262 3767 2402 3837 ὁρᾷς,
2453 3772 2627 3838 φησιν,
2691 3771 2758 3826 ως
2810 3767 3063 3842 Ἀρτάϐας
3107 3771 3195 3840 μεν
3257 3764 3586 3840 σεμιδάλεως
3644 3766 3857 3824 ἑκάστης

2258 3856 2451 3926 ἡμέρας
2486 3852 2826 3923 δυοκαίδεκα,
2872 3856 3106 3929 πρόϐατα
3151 3854 3209 3908 δὲ
3239 3857 3297 3907 οῦ
3328 3866 3477 3927 μεῖον
3525 3858 3553 3915 ἡ
3612 3856 3856 3926 τεσσαρά-

2256 3963 2415 3995 κοντα
2464 3944 2644 4011 ἐσθίει,
2705 3949 2842 3997 οἴνου
2889 3942 2947 3997 δὲ
2987 3946 3039 4007 ἐξ
3076 3950 3191 4005 τοὺς
3231 3948 3433 4008 πάντας
3481 3947 3736 4019 μετρητὰς
3783 3941 3853 3993 ἐκ·

2256 4034 2664 4101 πίνειν;ῘΙλάνη
2729 4042 2879 4086 τοῦτο
2952 4040 3118 4106 σαφὴς
3194 4040 3282 4087 καὶ
3341 4034 3589 4107 ἀντικρὺς
3642 4033 3853 4107 παραλο-

2255 4127 2461 4194 γισμός,
2523 4125 2546 4174 ὁ
2591 4131 2682 4175 τοῦ
2739 4129 2865 4177 Θεοῦ
2922 4125 3013 4195 ἔφη
3064 4130 3350 4197 προφήτης·
3392 4128 3418 4177 ὁ
3454 4129 3558 4199 γαρ
3590 4121 3732 4177 ἔνδον
3770 4125 3851 4195 μὲν

2256 4211 2434 4281 πηλὸς,
2485 4213 2662 4275 ἔξωθεν
2721 4210 2780 4265 δε
2823 4214 3019 4285 χαλκὸς
3063 4219 3150 4281 ὤν,
3205 4214 3311 4266 οὐτ’
3374 4214 3569 4267 ἐσθίειν
3619 4218 3732 4266 οὔτε
3777 4216 3852 4263 πί-

2256 4319 2353 4351 νειν
2414 4296 2645 4363 δυνατῶς
2723 4304 2854 4373 ἔχει.
2913 4301 3212 4374 Ὀργίζεται
3271 4305 3296 4353 ὁ
3356 4307 3532 4379 Κύρος
3614 4301 3849 4359 ἀκούσας’

2255 4388 2400 4440 καλεῖ
2472 4396 2768 4462 παραυτίκα
2840 4395 2961 4451 τοὺς
3015 4394 3177 4463 ἱερεῖς,
3230 4391 3431 4445 ἀπειλεῖ
3514 4395 3749 4455 θάνατον,
3814 4388 3854 4439 εἰ

2252 4482 2324 4549 μὴ
2360 4475 2682 4541 ἀποδείξαιεν
2722 4479 2962 4531 ἐσθίοντα
3014 4484 3097 4531 τὸν
3142 4479 3261 4537 Βὴλ·
3298 4482 3345 4531 οἱ
3381 4478 3462 4533 δέ’
3497 4489 3571 4555 Τῇ
3624 4479 3847 4551 τραπέζῃ

2252 4570 2495 4641 παράθες,
2555 4572 2767 4641 ἔφασαν,
2824 4574 2889 4621 τὰ
2942 4568 3219 4644 βρώματα,
3265 4569 3513 4642 βασιλεῦ·
3579 4572 3742 4641 ἔξιμεν
3796 4565 3850 4619 δὲ

2252 4661 2419 4729 ἡμεῖς,
2475 4664 2563 4709 καὶ
2613 4660 2769 4721 αὐτὸς
2832 4659 2998 4711 κλεισὶ
3059 4664 3147 4710 καὶ
3220 4667 3483 4733 σφραγῖσι
3544 4665 3637 4715 την
3698 4660 3848 4728 θύραν

2252 4747 2682 4818 ἀσφαλισάμενος,
2725 4757 2816 4805 τῆν
2866 4748 2977 4809 ἑξῆς
3026 4750 3121 4815 ἴθι,
3180 4753 3270 4799 καὶ
3320 4748 3362 4800 εἰ
3412 4754 3485 4821 μὴ
3537 4744 3848 4806 καταλάϐοις

2250 4834 2547 4907 ἀνηλωμένα
2600 4840 2788 4900 πάντα,
2842 4836 2979 4899 οἰξιοι
3038 4843 3287 4910 τιμωρίας
3344 4840 3521 4910 ἡμεῖς·
3567 4838 3609 4888 εἰ
3640 4833 3689 4888 δ’
3740 4832 3841 4895 οὖν,

2248 4924 2370 4977 ἀλλὰ
2410 4925 2595 4983 Δανιὴλ
2655 4929 2877 4989 πάντως,
2934 4928 2957 4977 ὁ
3026 4932 3115 4978 καὶ
3166 4927 3325 4978 αὐτοῦ
3380 4929 3498 4979 θεοῦ
3558 4945 3615 4998 γε
3683 4944 3842 4977 κατα-

2244 5014 2560 5085 ψευσάμενος
2605 5021 2693 5067 καὶ
2751 5019 2917 5087 ἡμῶν.
2981 5020 3145 5089 Κύρος
3195 5019 3283 5088 μεν
3329 5013 3417 5067 οὖν
3467 5019 3606 5067 κατὰ
3654 5019 3738 5066 τὸν
3768 5014 3845 5064 λό-

2242 5122 2328 5174 γον
2384 5113 2481 5154 τῶν
2532 5102 2822 5177 βρωμάτων
2873 5105 3018 5164 εὐθὺς
3066 5109 3315 5162 πεποίηκε
3368 5109 3461 5163 την
3537 5105 3841 5177 παράθεσιν·

2244 5193 2429 5250 Δανιὴλ
2462 5190 2519 5245 δε
2570 5196 2783 5257 τούτους
2829 5193 3016 5259 λαθὼν,
3068 5190 3265 5265 σποδιᾷ
3313 5196 3368 5245 τὸ
3400 5202 3493 5246 τοῦ
3543 5200 3668 5244 ναοῦ
3714 5192 3842 5243 οἷπαν

2242 5278 2429 5353 ἔδαφος
2480 5287 2813 5336 καταπάττει·
2876 5288 2963 5334 καὶ
3019 5283 3152 5335 οὕτω
3210 5283 3511 5344 κλείσαντες
3566 5280 3844 5354 ἀμφότεροι

2240 5377 2327 5423 καὶ
2403 5378 2776 5446 σφραγίσαντες
2829 5378 3051 5444 ᾤχοντο*
3108 5380 3169 5445 τῇ
3248 5371 3362 5434 ἑξῆς
3425 5368 3486 5424 δὲ
3552 5375 3840 5445 παριόντες,

2236 5464 2362 5533 ἴχνη
2403 5470 2660 5534 γυναικῶν
2708 5468 2796 5515 καὶ
2839 5459 3041 5536 ἀνδρῶν
3086 5466 3174 5514 καὶ
3222 5457 3450 5514 παιδίων
3497 5462 3664 5534 ὁρῶσι
3713 5460 3841 5511 κατὰ

2233 5558 2323 5613 τῆς
2378 5548 2619 5619 σποδιᾶς,
2692 5553 2742 5605 οἱ
2809 5556 2898 5605 καὶ
2967 5550 3235 5627 ληφθέντες
3294 5552 3387 5613 τὰς
3446 5551 3682 5626 κρυπτὰς
3744 5550 3839 5602 ύπο
