  <div class='ocr_page' id='page_1' title='image "/cluster/home/n/w/nwhite01/storage/ocr_20150623/115/hvd.32044073502262/204.png"; bbox 0 0 4142 6196; ppageno 0'>
   <div class='ocr_carea' id='block_1_1' title="bbox 236 280 3581 358">
    <p class='ocr_par' dir='ltr' id='par_1_1' title="bbox 236 280 3581 358">
     <span class='ocr_line' id='line_1_1' title="bbox 236 280 3581 358; baseline 0 -7"><span class='ocrx_word' id='word_1_1' title='bbox 236 302 331 358; x_wconf 73' lang='lat'><strong>397</strong></span> <span class='ocrx_word' id='word_1_2' title='bbox 1357 297 1517 352; x_wconf 82' lang='lat' dir='ltr'><strong>Vl&#39;l‘A</strong></span> <span class='ocrx_word' id='word_1_3' title='bbox 1561 294 1619 349; x_wconf 85' lang='lat' dir='ltr'><strong>s.</strong></span> <span class='ocrx_word' id='word_1_4' title='bbox 1665 280 2055 349; x_wconf 60' lang='lat' dir='ltr'><strong>PROPHETE</strong></span> <span class='ocrx_word' id='word_1_5' title='bbox 2094 294 2445 350; x_wconf 75' lang='lat' dir='ltr'><strong>DANIELIS.</strong></span> <span class='ocrx_word' id='word_1_6' title='bbox 3477 306 3581 358; x_wconf 77' lang='lat'><strong>398</strong></span> 
     </span>
    </p>
   </div>
   <div class='ocr_carea' id='block_1_2' title="bbox 238 419 1874 501">
    <p class='ocr_par' dir='ltr' id='par_1_2' title="bbox 238 419 1874 497">
     <span class='ocr_line' id='line_1_2' title="bbox 238 419 1874 497; baseline -0.004 -17"><span class='ocrx_word' id='word_1_7' title='bbox 238 426 523 480; x_wconf 62' lang='grc' dir='ltr'><strong>ε’ἳείκνυσαν</strong></span> <span class='ocrx_word' id='word_1_8' title='bbox 556 422 819 490; x_wconf 76' lang='grc' dir='ltr'><strong>εἰσόδους,</strong></span> <span class='ocrx_word' id='word_1_9' title='bbox 874 422 945 478; x_wconf 78' lang='grc' dir='ltr'><strong>δι’</strong></span> <span class='ocrx_word' id='word_1_10' title='bbox 980 426 1045 477; x_wconf 88' lang='grc' dir='ltr'><strong>ὧν</strong></span> <span class='ocrx_word' id='word_1_11' title='bbox 1078 426 1323 486; x_wconf 77' lang='grc' dir='ltr'><strong>εἰσιόντες</strong></span> <span class='ocrx_word' id='word_1_12' title='bbox 1366 430 1563 497; x_wconf 82' lang='grc' dir='ltr'><strong>πρωην,</strong></span> <span class='ocrx_word' id='word_1_13' title='bbox 1602 419 1819 479; x_wconf 77' lang='grc' dir='ltr'><strong>ἀνηλουν</strong></span> <span class='ocrx_word' id='word_1_14' title='bbox 1850 420 1874 474; x_wconf 61' lang='grc' dir='ltr'><em>Α</em></span> 
     </span>
    </p>
   </div>
   <div class='ocr_carea' id='block_1_3' title="bbox 1952 419 3588 501">
    <p class='ocr_par' dir='ltr' id='par_1_3' title="bbox 1952 420 3588 501">
     <span class='ocr_line' id='line_1_3' title="bbox 1952 420 3588 501; baseline 0.007 -26"><span class='ocrx_word' id='word_1_15' title='bbox 1952 420 2077 476; x_wconf 89' lang='lat' dir='ltr'><strong>lunt</strong></span> <span class='ocrx_word' id='word_1_16' title='bbox 2103 422 2366 476; x_wconf 89' lang='lat' dir='ltr'><strong>occultos</strong></span> <span class='ocrx_word' id='word_1_17' title='bbox 2392 421 2604 491; x_wconf 79' lang='lat' dir='ltr'><strong>aditus,</strong></span> <span class='ocrx_word' id='word_1_18' title='bbox 2639 436 2742 493; x_wconf 93' lang='lat' dir='ltr'><strong>per</strong></span> <span class='ocrx_word' id='word_1_19' title='bbox 2763 436 2918 493; x_wconf 93' lang='lat' dir='ltr'><strong>quos</strong></span> <span class='ocrx_word' id='word_1_20' title='bbox 2947 436 3138 493; x_wconf 86' lang='lat' dir='ltr'><strong>nuper</strong></span> <span class='ocrx_word' id='word_1_21' title='bbox 3162 425 3588 501; x_wconf 85' lang='lat' dir='ltr'><strong>ingredientes,</strong></span> 
     </span>
    </p>
   </div>
   <div class='ocr_carea' id='block_1_4' title="bbox 232 510 1868 588">
    <p class='ocr_par' dir='ltr' id='par_1_4' title="bbox 232 511 1821 588">
     <span class='ocr_line' id='line_1_4' title="bbox 232 511 1821 588; baseline -0.005 -20"><span class='ocrx_word' id='word_1_22' title='bbox 232 520 289 568; x_wconf 75' lang='grc' dir='ltr'><strong>τὰ</strong></span> <span class='ocrx_word' id='word_1_23' title='bbox 334 518 692 588; x_wconf 73' lang='grc' dir='ltr'><strong>προτιθέμενα⁹</strong></span> <span class='ocrx_word' id='word_1_24' title='bbox 746 524 910 567; x_wconf 77' lang='grc' dir='ltr'><strong>ταῦτα</strong></span> <span class='ocrx_word' id='word_1_25' title='bbox 962 516 986 565; x_wconf 81' lang='grc' dir='ltr'><strong><em>ὁ</em></strong></span> <span class='ocrx_word' id='word_1_26' title='bbox 1024 513 1267 583; x_wconf 76' lang='grc' dir='ltr'><strong>βασιλεὺς</strong></span> <span class='ocrx_word' id='word_1_27' title='bbox 1320 511 1465 577; x_wconf 74' lang='grc' dir='ltr'><strong>ἰδὼν,</strong></span> <span class='ocrx_word' id='word_1_28' title='bbox 1505 512 1662 584; x_wconf 71' lang='grc' dir='ltr'><strong>ὀργῆς</strong></span> <span class='ocrx_word' id='word_1_29' title='bbox 1693 511 1821 581; x_wconf 74' lang='grc' dir='ltr'><strong>ὁμοῦ</strong></span> 
     </span>
    </p>
   </div>
   <div class='ocr_carea' id='block_1_5' title="bbox 1948 510 3584 588">
    <p class='ocr_par' dir='ltr' id='par_1_5' title="bbox 1948 510 3584 583">
     <span class='ocr_line' id='line_1_5' title="bbox 1948 510 3584 583; baseline 0.008 -18"><span class='ocrx_word' id='word_1_30' title='bbox 1948 510 2367 566; x_wconf 78' lang='lat' dir='ltr'><strong>:onsumebant</strong></span> <span class='ocrx_word' id='word_1_31' title='bbox 2398 526 2467 566; x_wconf 90' lang='lat' dir='ltr'><strong>ea</strong></span> <span class='ocrx_word' id='word_1_32' title='bbox 2496 527 2629 583; x_wconf 65' lang='lat' dir='ltr'><strong>quae</strong></span> <span class='ocrx_word' id='word_1_33' title='bbox 2660 511 3138 583; x_wconf 85' lang='lat' dir='ltr'><strong>apponebantur.</strong></span> <span class='ocrx_word' id='word_1_34' title='bbox 3161 514 3293 570; x_wconf 66' lang='lat' dir='ltr'><strong>Haec</strong></span> <span class='ocrx_word' id='word_1_35' title='bbox 3320 533 3455 574; x_wconf 92' lang='lat' dir='ltr'><strong>cum</strong></span> <span class='ocrx_word' id='word_1_36' title='bbox 3487 537 3584 577; x_wconf 81' lang='lat' dir='ltr'><strong>rex</strong></span> 
     </span>
    </p>
   </div>
   <div class='ocr_carea' id='block_1_6' title="bbox 232 598 1868 676">
    <p class='ocr_par' dir='ltr' id='par_1_6' title="bbox 232 604 1826 676">
     <span class='ocr_line' id='line_1_6' title="bbox 232 604 1826 676; baseline -0.004 -20"><span class='ocrx_word' id='word_1_37' title='bbox 232 612 315 657; x_wconf 82' lang='lat' dir='ltr'><strong>xui</strong></span> <span class='ocrx_word' id='word_1_38' title='bbox 364 606 626 676; x_wconf 77' lang='grc' dir='ltr'><strong>αἰσχύνης</strong></span> <span class='ocrx_word' id='word_1_39' title='bbox 669 604 930 664; x_wconf 75' lang='grc' dir='ltr'><strong>ὑπόπλεως</strong></span> <span class='ocrx_word' id='word_1_40' title='bbox 981 610 1181 675; x_wconf 68' lang='grc' dir='ltr'><strong>γίνεται</strong></span> <span class='ocrx_word' id='word_1_41' title='bbox 1233 608 1321 655; x_wconf 82' lang='grc' dir='ltr'><strong>καὶ</strong></span> <span class='ocrx_word' id='word_1_42' title='bbox 1372 612 1461 662; x_wconf 85' lang='grc' dir='ltr'><strong>τῆς</strong></span> <span class='ocrx_word' id='word_1_43' title='bbox 1511 606 1674 674; x_wconf 81' lang='grc' dir='ltr'><strong>μέχρι</strong></span> <span class='ocrx_word' id='word_1_44' title='bbox 1712 604 1826 651; x_wconf 74' lang='grc' dir='ltr'><strong>τότε</strong></span> 
     </span>
    </p>
   </div>
   <div class='ocr_carea' id='block_1_7' title="bbox 1948 598 3584 676">
    <p class='ocr_par' dir='ltr' id='par_1_7' title="bbox 1948 598 3584 672">
     <span class='ocr_line' id='line_1_7' title="bbox 1948 598 3584 672; baseline 0.007 -20"><span class='ocrx_word' id='word_1_45' title='bbox 1948 599 2194 663; x_wconf 77' lang='lat' dir='ltr'><strong>vidisset,</strong></span> <span class='ocrx_word' id='word_1_46' title='bbox 2226 598 2314 654; x_wconf 91' lang='lat' dir='ltr'><strong>ira</strong></span> <span class='ocrx_word' id='word_1_47' title='bbox 2346 599 2522 654; x_wconf 89' lang='lat' dir='ltr'><strong>simul</strong></span> <span class='ocrx_word' id='word_1_48' title='bbox 2561 600 2820 671; x_wconf 82' lang='lat' dir='ltr'><strong>repletur</strong></span> <span class='ocrx_word' id='word_1_49' title='bbox 2850 606 2905 656; x_wconf 91' lang='lat' dir='ltr'><strong>et</strong></span> <span class='ocrx_word' id='word_1_50' title='bbox 2930 601 3174 672; x_wconf 90' lang='lat' dir='ltr'><strong>pudore,</strong></span> <span class='ocrx_word' id='word_1_51' title='bbox 3208 606 3263 659; x_wconf 92' lang='lat' dir='ltr'><strong>et</strong></span> <span class='ocrx_word' id='word_1_52' title='bbox 3294 606 3584 664; x_wconf 90' lang='lat' dir='ltr'><strong>ulciscens</strong></span> 
     </span>
    </p>
   </div>
   <div class='ocr_carea' id='block_1_8' title="bbox 234 688 1870 769">
    <p class='ocr_par' dir='ltr' id='par_1_8' title="bbox 234 690 1826 765">
     <span class='ocr_line' id='line_1_8' title="bbox 234 690 1826 765; baseline -0.004 -18"><span class='ocrx_word' id='word_1_53' title='bbox 234 693 679 755; x_wconf 74' lang='grc' dir='ltr'><strong>διαλανθανουσης</strong></span> <span class='ocrx_word' id='word_1_54' title='bbox 766 696 919 745; x_wconf 77' lang='grc' dir='ltr'><strong>αυτόν</strong></span> <span class='ocrx_word' id='word_1_55' title='bbox 988 692 1193 755; x_wconf 76' lang='grc' dir='ltr'><strong>ἀπάτης</strong></span> <span class='ocrx_word' id='word_1_56' title='bbox 1252 697 1371 755; x_wconf 77' lang='grc' dir='ltr'><strong>τοὺς</strong></span> <span class='ocrx_word' id='word_1_57' title='bbox 1429 695 1577 765; x_wconf 84' lang='grc' dir='ltr'><strong>ἱερεῖς</strong></span> <span class='ocrx_word' id='word_1_58' title='bbox 1636 690 1826 761; x_wconf 80' lang='grc' dir='ltr'><strong>ἀμυνό-</strong></span> 
     </span>
    </p>
   </div>
   <div class='ocr_carea' id='block_1_9' title="bbox 1955 688 3591 769">
    <p class='ocr_par' dir='ltr' id='par_1_9' title="bbox 1955 688 3591 769">
     <span class='ocr_line' id='line_1_9' title="bbox 1955 688 3591 769; baseline 0.007 -27"><span class='ocrx_word' id='word_1_59' title='bbox 1955 688 2278 743; x_wconf 74' lang='lat' dir='ltr'><strong>sacerdotes</strong></span> <span class='ocrx_word' id='word_1_60' title='bbox 2312 694 2553 759; x_wconf 78' lang='lat' dir='ltr'><strong>propter</strong></span> <span class='ocrx_word' id='word_1_61' title='bbox 2578 705 2711 745; x_wconf 91' lang='lat' dir='ltr'><strong>eam</strong></span> <span class='ocrx_word' id='word_1_62' title='bbox 2736 706 2871 761; x_wconf 67' lang='lat' dir='ltr'><strong>quas</strong></span> <span class='ocrx_word' id='word_1_63' title='bbox 2892 690 2969 746; x_wconf 89' lang='lat' dir='ltr'><strong>ad</strong></span> <span class='ocrx_word' id='word_1_64' title='bbox 2994 691 3108 747; x_wconf 91' lang='lat' dir='ltr'><strong>hoc</strong></span> <span class='ocrx_word' id='word_1_65' title='bbox 3137 709 3327 765; x_wconf 88' lang='lat' dir='ltr'><strong>usque</strong></span> <span class='ocrx_word' id='word_1_66' title='bbox 3356 702 3591 769; x_wconf 82' lang='lat' dir='ltr'><strong>tempus</strong></span> 
     </span>
    </p>
   </div>
   <div class='ocr_carea' id='block_1_10' title="bbox 234 777 1870 857">
    <p class='ocr_par' dir='ltr' id='par_1_10' title="bbox 234 778 1831 856">
     <span class='ocr_line' id='line_1_10' title="bbox 234 778 1831 856; baseline -0.004 -20"><span class='ocrx_word' id='word_1_67' title='bbox 234 804 400 856; x_wconf 84' lang='grc' dir='ltr'><strong>μενος,</strong></span> <span class='ocrx_word' id='word_1_68' title='bbox 454 784 680 843; x_wconf 79' lang='grc' dir='ltr'><strong>ἅπαντας</strong></span> <span class='ocrx_word' id='word_1_69' title='bbox 758 784 946 843; x_wconf 69' lang='grc' dir='ltr'><strong>αὐτοὺς</strong></span> <span class='ocrx_word' id='word_1_70' title='bbox 1014 782 1233 855; x_wconf 73' lang='grc' dir='ltr'><strong>ἀναιρεῖ,</strong></span> <span class='ocrx_word' id='word_1_71' title='bbox 1312 787 1397 833; x_wconf 82' lang='grc' dir='ltr'><strong>τὸν</strong></span> <span class='ocrx_word' id='word_1_72' title='bbox 1450 785 1567 833; x_wconf 88' lang='grc' dir='ltr'><strong>ναὸν</strong></span> <span class='ocrx_word' id='word_1_73' title='bbox 1628 778 1685 831; x_wconf 74' lang='grc' dir='ltr'><strong>δὲ</strong></span> <span class='ocrx_word' id='word_1_74' title='bbox 1742 782 1831 829; x_wconf 85' lang='grc' dir='ltr'><strong>καὶ</strong></span> 
     </span>
    </p>
   </div>
   <div class='ocr_carea' id='block_1_11' title="bbox 1955 777 3591 857">
    <p class='ocr_par' dir='ltr' id='par_1_11' title="bbox 1963 777 3591 857">
     <span class='ocr_line' id='line_1_11' title="bbox 1963 777 3591 857; baseline 0.006 -25"><span class='ocrx_word' id='word_1_75' title='bbox 1963 778 2181 845; x_wconf 88' lang='lat' dir='ltr'><strong>atebat,</strong></span> <span class='ocrx_word' id='word_1_76' title='bbox 2212 777 2508 845; x_wconf 83' lang='lat' dir='ltr'><strong>fraudem,</strong></span> <span class='ocrx_word' id='word_1_77' title='bbox 2542 794 2643 833; x_wconf 93' lang='lat' dir='ltr'><strong>eos</strong></span> <span class='ocrx_word' id='word_1_78' title='bbox 2682 795 2891 835; x_wconf 91' lang='lat' dir='ltr'><strong>omnes</strong></span> <span class='ocrx_word' id='word_1_79' title='bbox 2948 780 3263 849; x_wconf 83' lang='lat' dir='ltr'><strong>interimit;</strong></span> <span class='ocrx_word' id='word_1_80' title='bbox 3300 785 3591 857; x_wconf 84' lang='lat' dir='ltr'><strong>templum</strong></span> 
     </span>
    </p>
   </div>
   <div class='ocr_carea' id='block_1_12' title="bbox 234 867 1870 945">
    <p class='ocr_par' dir='ltr' id='par_1_12' title="bbox 234 870 1833 945">
     <span class='ocr_line' id='line_1_12' title="bbox 234 870 1833 945; baseline -0.005 -18"><span class='ocrx_word' id='word_1_81' title='bbox 234 880 315 927; x_wconf 85' lang='grc' dir='ltr'><strong>τόν</strong></span> <span class='ocrx_word' id='word_1_82' title='bbox 376 873 476 931; x_wconf 67' lang='lat' dir='ltr'><strong>Bri).</strong></span> <span class='ocrx_word' id='word_1_83' title='bbox 548 870 762 926; x_wconf 73' lang='grc' dir='ltr'><strong>ἔκδοτον</strong></span> <span class='ocrx_word' id='word_1_84' title='bbox 843 873 907 933; x_wconf 83' lang='grc' dir='ltr'><strong>εἰς</strong></span> <span class='ocrx_word' id='word_1_85' title='bbox 987 876 1357 945; x_wconf 75' lang='grc' dir='ltr'><strong>καταστροφὴν</strong></span> <span class='ocrx_word' id='word_1_86' title='bbox 1441 875 1680 945; x_wconf 80' lang='grc' dir='ltr'><strong>παρέσχε</strong></span> <span class='ocrx_word' id='word_1_87' title='bbox 1763 876 1833 938; x_wconf 80' lang='grc' dir='ltr'><strong>τῷ</strong></span> 
     </span>
    </p>
   </div>
   <div class='ocr_carea' id='block_1_13' title="bbox 1705 867 3341 945">
    <p class='ocr_par' dir='ltr' id='par_1_13' title="bbox 1763 867 3341 939">
     <span class='ocr_line' id='line_1_13' title="bbox 1763 867 3341 939; baseline 0.006 -20"><span class='ocrx_word' id='word_1_88' title='bbox 1763 876 1833 938; x_wconf 80' lang='grc' dir='ltr'><strong>τῷ</strong></span> <span class='ocrx_word' id='word_1_89' title='bbox 1945 874 2143 923; x_wconf 90' lang='lat' dir='ltr'><strong>autem</strong></span> <span class='ocrx_word' id='word_1_90' title='bbox 2176 872 2231 923; x_wconf 90' lang='lat' dir='ltr'><strong>et</strong></span> <span class='ocrx_word' id='word_1_91' title='bbox 2258 867 2359 922; x_wconf 92' lang='lat' dir='ltr'><strong>Bel</strong></span> <span class='ocrx_word' id='word_1_92' title='bbox 2391 868 2635 939; x_wconf 81' lang='lat' dir='ltr'><strong>praebuit</strong></span> <span class='ocrx_word' id='word_1_93' title='bbox 2674 870 3061 927; x_wconf 91' lang='lat' dir='ltr'><strong>evertendum</strong></span> <span class='ocrx_word' id='word_1_94' title='bbox 3102 872 3341 929; x_wconf 88' lang='lat' dir='ltr'><strong>Danieli.</strong></span> 
     </span>
    </p>
   </div>
   <div class='ocr_carea' id='block_1_14' title="bbox 236 963 447 1021">
    <p class='ocr_par' dir='ltr' id='par_1_14' title="bbox 236 963 447 1021">
     <span class='ocr_line' id='line_1_14' title="bbox 236 963 447 1021; baseline 0.005 -4"><span class='ocrx_word' id='word_1_95' title='bbox 236 963 447 1021; x_wconf 70' lang='grc' dir='ltr'><strong>Δανιὴλ.</strong></span> 
     </span>
    </p>
   </div>
   <div class='ocr_carea' id='block_1_15' title="bbox 307 1044 1943 1125">
    <p class='ocr_par' dir='ltr' id='par_1_15' title="bbox 307 1044 1836 1125">
     <span class='ocr_line' id='line_1_15' title="bbox 307 1044 1836 1125; baseline -0.003 -22"><span class='ocrx_word' id='word_1_96' title='bbox 307 1050 426 1108; x_wconf 72' lang='lat' dir='ltr'><strong>Kl&quot;.</strong></span> <span class='ocrx_word' id='word_1_97' title='bbox 479 1058 644 1104; x_wconf 73' lang='grc' dir='ltr'>Τοῦτο</span> <span class='ocrx_word' id='word_1_98' title='bbox 697 1059 900 1125; x_wconf 82' lang='grc' dir='ltr'><strong>πρῶτον</strong></span> <span class='ocrx_word' id='word_1_99' title='bbox 948 1050 1287 1111; x_wconf 82' lang='grc' dir='ltr'><strong>Βαϐυλωνίοις</strong></span> <span class='ocrx_word' id='word_1_100' title='bbox 1331 1052 1356 1103; x_wconf 86' lang='grc' dir='ltr'><strong><em>ὁ</em></strong></span> <span class='ocrx_word' id='word_1_101' title='bbox 1402 1048 1591 1107; x_wconf 77' lang='grc' dir='ltr'><strong>Δανιὴλ</strong></span> <span class='ocrx_word' id='word_1_102' title='bbox 1649 1044 1836 1100; x_wconf 72' lang='grc' dir='ltr'><strong>ἐπιδεί-</strong></span> 
     </span>
    </p>
   </div>
   <div class='ocr_carea' id='block_1_16' title="bbox 1957 1044 3593 1125">
    <p class='ocr_par' dir='ltr' id='par_1_16' title="bbox 2022 1048 3593 1124">
     <span class='ocr_line' id='line_1_16' title="bbox 2022 1048 3593 1124; baseline 0.006 -23"><span class='ocrx_word' id='word_1_103' title='bbox 2022 1048 2207 1102; x_wconf 80' lang='grc' dir='ltr'><strong>ΧΧΙΙΙ.</strong></span> <span class='ocrx_word' id='word_1_104' title='bbox 2242 1048 2388 1103; x_wconf 89' lang='lat' dir='ltr'><strong>Cum</strong></span> <span class='ocrx_word' id='word_1_105' title='bbox 2448 1048 2651 1104; x_wconf 87' lang='lat' dir='ltr'><strong>Daniel</strong></span> <span class='ocrx_word' id='word_1_106' title='bbox 2710 1049 3047 1121; x_wconf 87' lang='lat' dir='ltr'><strong>Babyloniis</strong></span> <span class='ocrx_word' id='word_1_107' title='bbox 3094 1052 3206 1107; x_wconf 88' lang='lat' dir='ltr'><strong>hoc</strong></span> <span class='ocrx_word' id='word_1_108' title='bbox 3241 1053 3593 1124; x_wconf 69' lang='lat' dir='ltr'><strong>praeclarum</strong></span> 
     </span>
    </p>
   </div>
   <div class='ocr_carea' id='block_1_17' title="bbox 240 1136 1876 1213">
    <p class='ocr_par' dir='ltr' id='par_1_17' title="bbox 240 1136 1838 1213">
     <span class='ocr_line' id='line_1_17' title="bbox 240 1136 1838 1213; baseline -0.011 -9"><span class='ocrx_word' id='word_1_109' title='bbox 240 1143 324 1203; x_wconf 75' lang='grc' dir='ltr'><strong>ξας</strong></span> <span class='ocrx_word' id='word_1_110' title='bbox 350 1144 691 1213; x_wconf 78' lang='grc' dir='ltr'><strong>κατόρθωμα,</strong></span> <span class='ocrx_word' id='word_1_111' title='bbox 747 1137 957 1201; x_wconf 65' lang='grc' dir='ltr'><strong>οὐδενός</strong></span> <span class='ocrx_word' id='word_1_112' title='bbox 997 1151 1094 1192; x_wconf 85' lang='grc' dir='ltr'><strong>τῶν</strong></span> <span class='ocrx_word' id='word_1_113' title='bbox 1144 1144 1191 1193; x_wconf 84' lang='grc' dir='ltr'><strong>ἓν</strong></span> <span class='ocrx_word' id='word_1_114' title='bbox 1222 1160 1275 1192; x_wconf 85' lang='grc' dir='ltr'><strong>τε</strong></span> <span class='ocrx_word' id='word_1_115' title='bbox 1312 1144 1516 1193; x_wconf 82' lang='grc' dir='ltr'><strong>συνέσει</strong></span> <span class='ocrx_word' id='word_1_116' title='bbox 1562 1143 1651 1189; x_wconf 87' lang='grc' dir='ltr'><strong>καὶ</strong></span> <span class='ocrx_word' id='word_1_117' title='bbox 1680 1136 1838 1208; x_wconf 73' lang='grc' dir='ltr'><strong>ἀγχιο</strong></span> 
     </span>
    </p>
   </div>
   <div class='ocr_carea' id='block_1_18' title="bbox 1957 1136 3593 1213">
    <p class='ocr_par' dir='ltr' id='par_1_18' title="bbox 1957 1138 3593 1212">
     <span class='ocr_line' id='line_1_18' title="bbox 1957 1138 3593 1212; baseline 0.006 -20"><span class='ocrx_word' id='word_1_118' title='bbox 1957 1138 2206 1208; x_wconf 90' lang='lat' dir='ltr'><strong>primum</strong></span> <span class='ocrx_word' id='word_1_119' title='bbox 2247 1138 2609 1193; x_wconf 74' lang='lat' dir='ltr'><strong>ostendisset</strong></span> <span class='ocrx_word' id='word_1_120' title='bbox 2654 1138 2897 1204; x_wconf 78' lang='lat' dir='ltr'><strong>factum,</strong></span> <span class='ocrx_word' id='word_1_121' title='bbox 2944 1141 3105 1212; x_wconf 90' lang='lat' dir='ltr'><strong>quod</strong></span> <span class='ocrx_word' id='word_1_122' title='bbox 3156 1142 3320 1198; x_wconf 93' lang='lat' dir='ltr'><strong>nullo</strong></span> <span class='ocrx_word' id='word_1_123' title='bbox 3364 1160 3593 1211; x_wconf 89' lang='lat' dir='ltr'><strong>eorum,</strong></span> 
     </span>
    </p>
   </div>
   <div class='ocr_carea' id='block_1_19' title="bbox 236 1224 1872 1302">
    <p class='ocr_par' dir='ltr' id='par_1_19' title="bbox 236 1224 1841 1302">
     <span class='ocr_line' id='line_1_19' title="bbox 236 1224 1841 1302; baseline -0.003 -20"><span class='ocrx_word' id='word_1_124' title='bbox 236 1235 347 1301; x_wconf 80' lang='grc' dir='ltr'>νοίᾳ</span> <span class='ocrx_word' id='word_1_125' title='bbox 400 1232 808 1302; x_wconf 47' lang='grc' dir='ltr'><strong>θαυμαζομνων</strong></span> <span class='ocrx_word' id='word_1_126' title='bbox 879 1229 1276 1302; x_wconf 82' lang='grc' dir='ltr'><strong>ἀπολειπόμενον</strong></span> <span class='ocrx_word' id='word_1_127' title='bbox 1332 1232 1445 1282; x_wconf 87' lang='grc' dir='ltr'><strong>εἶτα</strong></span> <span class='ocrx_word' id='word_1_128' title='bbox 1497 1234 1585 1280; x_wconf 87' lang='grc' dir='ltr'><strong>καὶ</strong></span> <span class='ocrx_word' id='word_1_129' title='bbox 1662 1224 1841 1279; x_wconf 73' lang='grc' dir='ltr'><strong>δεύτε-</strong></span> 
     </span>
    </p>
   </div>
   <div class='ocr_carea' id='block_1_20' title="bbox 1960 1224 3596 1302">
    <p class='ocr_par' dir='ltr' id='par_1_20' title="bbox 1960 1227 3596 1299">
     <span class='ocr_line' id='line_1_20' title="bbox 1960 1227 3596 1299; baseline 0.004 -17"><span class='ocrx_word' id='word_1_130' title='bbox 1960 1243 2083 1299; x_wconf 68' lang='lat' dir='ltr'><strong>quae</strong></span> <span class='ocrx_word' id='word_1_131' title='bbox 2117 1233 2355 1299; x_wconf 84' lang='lat' dir='ltr'><strong>propter</strong></span> <span class='ocrx_word' id='word_1_132' title='bbox 2396 1227 2839 1297; x_wconf 80' lang='lat' dir='ltr'><strong>intelligentiam</strong></span> <span class='ocrx_word' id='word_1_133' title='bbox 2870 1234 2924 1285; x_wconf 89' lang='lat' dir='ltr'><strong>et</strong></span> <span class='ocrx_word' id='word_1_134' title='bbox 2956 1230 3173 1299; x_wconf 82' lang='lat' dir='ltr'><strong>ingenii</strong></span> <span class='ocrx_word' id='word_1_135' title='bbox 3232 1248 3485 1288; x_wconf 88' lang='lat' dir='ltr'><strong>acumen</strong></span> <span class='ocrx_word' id='word_1_136' title='bbox 3538 1236 3596 1289; x_wconf 89' lang='lat' dir='ltr'><strong>in</strong></span> 
     </span>
    </p>
   </div>
   <div class='ocr_carea' id='block_1_21' title="bbox 238 1314 1874 1393">
    <p class='ocr_par' dir='ltr' id='par_1_21' title="bbox 238 1314 1838 1393">
     <span class='ocr_line' id='line_1_21' title="bbox 238 1314 1838 1393; baseline -0.003 -22"><span class='ocrx_word' id='word_1_137' title='bbox 238 1340 322 1393; x_wconf 87' lang='grc' dir='ltr'>ρον</span> <span class='ocrx_word' id='word_1_138' title='bbox 374 1320 693 1377; x_wconf 76' lang='grc' dir='ltr'><strong>ἐπιτίθησιν·</strong></span> <span class='ocrx_word' id='word_1_139' title='bbox 743 1318 800 1371; x_wconf 80' lang='grc' dir='ltr'><strong>οὐ</strong></span> <span class='ocrx_word' id='word_1_140' title='bbox 830 1322 931 1393; x_wconf 73' lang='grc' dir='ltr'><strong>γὰρ</strong></span> <span class='ocrx_word' id='word_1_141' title='bbox 964 1325 1116 1391; x_wconf 86' lang='grc' dir='ltr'><strong>μόνον</strong></span> <span class='ocrx_word' id='word_1_142' title='bbox 1157 1322 1205 1371; x_wconf 87' lang='grc' dir='ltr'><strong>οἱ</strong></span> <span class='ocrx_word' id='word_1_143' title='bbox 1241 1319 1551 1376; x_wconf 79' lang='grc' dir='ltr'><strong>ἀναίσθητοι</strong></span> <span class='ocrx_word' id='word_1_144' title='bbox 1584 1314 1729 1368; x_wconf 78' lang='grc' dir='ltr'><strong>οὗτοι</strong></span> <span class='ocrx_word' id='word_1_145' title='bbox 1754 1320 1838 1367; x_wconf 86' lang='grc' dir='ltr'><strong>τὸν</strong></span> 
     </span>
    </p>
   </div>
   <div class='ocr_carea' id='block_1_22' title="bbox 1962 1314 3598 1393">
    <p class='ocr_par' dir='ltr' id='par_1_22' title="bbox 1962 1316 3598 1383">
     <span class='ocr_line' id='line_1_22' title="bbox 1962 1316 3598 1383; baseline 0.004 -11"><span class='ocrx_word' id='word_1_146' title='bbox 1962 1316 2346 1372; x_wconf 63' lang='lat' dir='ltr'><strong>admiratione</strong></span> <span class='ocrx_word' id='word_1_147' title='bbox 2376 1316 2690 1381; x_wconf 89' lang='lat' dir='ltr'><strong>habentur,</strong></span> <span class='ocrx_word' id='word_1_148' title='bbox 2733 1322 2821 1371; x_wconf 87' lang='lat' dir='ltr'><strong>est</strong></span> <span class='ocrx_word' id='word_1_149' title='bbox 2851 1318 3114 1383; x_wconf 87' lang='lat' dir='ltr'><strong>inferius,</strong></span> <span class='ocrx_word' id='word_1_150' title='bbox 3158 1320 3372 1376; x_wconf 86' lang='lat' dir='ltr'><strong>deinde</strong></span> <span class='ocrx_word' id='word_1_151' title='bbox 3421 1322 3598 1378; x_wconf 88' lang='lat' dir='ltr'><strong>etiam</strong></span> 
     </span>
    </p>
   </div>
   <div class='ocr_carea' id='block_1_23' title="bbox 241 1404 1877 1483">
    <p class='ocr_par' dir='ltr' id='par_1_23' title="bbox 241 1405 1841 1483">
     <span class='ocr_line' id='line_1_23' title="bbox 241 1405 1841 1483; baseline -0.003 -23"><span class='ocrx_word' id='word_1_152' title='bbox 241 1409 555 1466; x_wconf 78' lang='grc' dir='ltr'><strong>ἀναίσθητον</strong></span> <span class='ocrx_word' id='word_1_153' title='bbox 611 1406 848 1461; x_wconf 78' lang='grc' dir='ltr'><strong>ἐσέϐοντο</strong></span> <span class='ocrx_word' id='word_1_154' title='bbox 900 1409 1023 1475; x_wconf 82' lang='grc' dir='ltr'><strong>Βὴλ,</strong></span> <span class='ocrx_word' id='word_1_155' title='bbox 1079 1408 1208 1461; x_wconf 80' lang='grc' dir='ltr'><strong>ἀλλὰ</strong></span> <span class='ocrx_word' id='word_1_156' title='bbox 1264 1414 1355 1460; x_wconf 88' lang='lat' dir='ltr'><strong>xui</strong></span> <span class='ocrx_word' id='word_1_157' title='bbox 1414 1405 1677 1483; x_wconf 74' lang='grc' dir='ltr'><strong>δράκοντά</strong></span> <span class='ocrx_word' id='word_1_158' title='bbox 1726 1425 1841 1457; x_wconf 85' lang='grc' dir='ltr'><strong>τινα</strong></span> 
     </span>
    </p>
   </div>
   <div class='ocr_carea' id='block_1_24' title="bbox 1963 1404 3599 1483">
    <p class='ocr_par' dir='ltr' id='par_1_24' title="bbox 1963 1404 3599 1483">
     <span class='ocr_line' id='line_1_24' title="bbox 1963 1404 3599 1483; baseline 0.004 -23"><span class='ocrx_word' id='word_1_159' title='bbox 1963 1405 2284 1460; x_wconf 76' lang='lat' dir='ltr'><strong>secundum</strong></span> <span class='ocrx_word' id='word_1_160' title='bbox 2311 1404 2532 1475; x_wconf 85' lang='lat' dir='ltr'><strong>adjicit.</strong></span> <span class='ocrx_word' id='word_1_161' title='bbox 2562 1408 2688 1460; x_wconf 87' lang='lat' dir='ltr'><strong>Non</strong></span> <span class='ocrx_word' id='word_1_162' title='bbox 2712 1405 2907 1461; x_wconf 88' lang='lat' dir='ltr'><strong>solum</strong></span> <span class='ocrx_word' id='word_1_163' title='bbox 2939 1407 3095 1463; x_wconf 92' lang='lat' dir='ltr'><strong>enim</strong></span> <span class='ocrx_word' id='word_1_164' title='bbox 3116 1408 3209 1463; x_wconf 89' lang='lat' dir='ltr'><strong>isti</strong></span> <span class='ocrx_word' id='word_1_165' title='bbox 3239 1410 3401 1466; x_wconf 92' lang='lat' dir='ltr'><strong>nullo</strong></span> <span class='ocrx_word' id='word_1_166' title='bbox 3426 1411 3599 1483; x_wconf 88' lang='lat' dir='ltr'><strong>plane</strong></span> 
     </span>
    </p>
   </div>
   <div class='ocr_carea' id='block_1_25' title="bbox 240 1493 1876 1570">
    <p class='ocr_par' dir='ltr' id='par_1_25' title="bbox 240 1496 1841 1570">
     <span class='ocr_line' id='line_1_25' title="bbox 240 1496 1841 1570; baseline -0.002 -21"><span class='ocrx_word' id='word_1_167' title='bbox 240 1504 395 1570; x_wconf 71' lang='grc' dir='ltr'><strong>μέγαν</strong></span> <span class='ocrx_word' id='word_1_168' title='bbox 442 1496 807 1570; x_wconf 75' lang='grc' dir='ltr'><strong>ἐμφωλεῦοντα</strong></span> <span class='ocrx_word' id='word_1_169' title='bbox 858 1501 981 1568; x_wconf 86' lang='grc' dir='ltr'><strong>οῖκῳ</strong></span> <span class='ocrx_word' id='word_1_170' title='bbox 1036 1502 1136 1549; x_wconf 81' lang='grc' dir='ltr'><strong>τινὶ</strong></span> <span class='ocrx_word' id='word_1_171' title='bbox 1195 1499 1578 1569; x_wconf 81' lang='grc' dir='ltr'><strong>θεραπεύοντες,</strong></span> <span class='ocrx_word' id='word_1_172' title='bbox 1628 1498 1695 1557; x_wconf 80' lang='grc' dir='ltr'><strong>ως</strong></span> <span class='ocrx_word' id='word_1_173' title='bbox 1746 1497 1841 1564; x_wconf 80' lang='grc' dir='ltr'><strong>θεῷ</strong></span> 
     </span>
    </p>
   </div>
   <div class='ocr_carea' id='block_1_26' title="bbox 1960 1493 3596 1570">
    <p class='ocr_par' dir='ltr' id='par_1_26' title="bbox 1960 1493 3596 1567">
     <span class='ocr_line' id='line_1_26' title="bbox 1960 1493 3596 1567; baseline 0.004 -18"><span class='ocrx_word' id='word_1_174' title='bbox 1960 1510 2134 1551; x_wconf 88' lang='lat' dir='ltr'><strong>sensu</strong></span> <span class='ocrx_word' id='word_1_175' title='bbox 2152 1494 2403 1566; x_wconf 61' lang='lat' dir='ltr'><strong>praediti,</strong></span> <span class='ocrx_word' id='word_1_176' title='bbox 2435 1493 2597 1550; x_wconf 88' lang='lat' dir='ltr'><strong>nullo</strong></span> <span class='ocrx_word' id='word_1_177' title='bbox 2622 1509 2802 1550; x_wconf 90' lang='lat' dir='ltr'><strong>sensu</strong></span> <span class='ocrx_word' id='word_1_178' title='bbox 2828 1496 3146 1567; x_wconf 65' lang='lat' dir='ltr'><strong>prmditum</strong></span> <span class='ocrx_word' id='word_1_179' title='bbox 3168 1499 3261 1554; x_wconf 87' lang='lat' dir='ltr'><strong>Bel</strong></span> <span class='ocrx_word' id='word_1_180' title='bbox 3294 1500 3596 1557; x_wconf 87' lang='lat' dir='ltr'><strong>colebant:</strong></span> 
     </span>
    </p>
   </div>
   <div class='ocr_carea' id='block_1_27' title="bbox 240 1582 1876 1662">
    <p class='ocr_par' dir='ltr' id='par_1_27' title="bbox 240 1582 1843 1662">
     <span class='ocr_line' id='line_1_27' title="bbox 240 1582 1843 1662; baseline -0.003 -23"><span class='ocrx_word' id='word_1_181' title='bbox 240 1596 548 1662; x_wconf 80' lang='grc' dir='ltr'><strong>προσεῖχον·</strong></span> <span class='ocrx_word' id='word_1_182' title='bbox 614 1590 759 1658; x_wconf 74' lang='grc' dir='ltr'><strong>ἔργον</strong></span> <span class='ocrx_word' id='word_1_183' title='bbox 819 1594 976 1638; x_wconf 82' lang='grc' dir='ltr'><strong>τοῦτο</strong></span> <span class='ocrx_word' id='word_1_184' title='bbox 1037 1590 1093 1637; x_wconf 88' lang='grc' dir='ltr'><strong>τὸ</strong></span> <span class='ocrx_word' id='word_1_185' title='bbox 1149 1593 1335 1643; x_wconf 82' lang='grc' dir='ltr'>νοητοῦ</span> <span class='ocrx_word' id='word_1_186' title='bbox 1394 1582 1695 1658; x_wconf 72' lang='grc' dir='ltr'><strong>δράκοντος,</strong></span> <span class='ocrx_word' id='word_1_187' title='bbox 1752 1591 1843 1635; x_wconf 80' lang='grc' dir='ltr'><strong>τοῦ</strong></span> 
     </span>
    </p>
   </div>
   <div class='ocr_carea' id='block_1_28' title="bbox 1967 1582 3603 1662">
    <p class='ocr_par' dir='ltr' id='par_1_28' title="bbox 1967 1583 3603 1661">
     <span class='ocr_line' id='line_1_28' title="bbox 1967 1583 3603 1661; baseline 0.005 -23"><span class='ocrx_word' id='word_1_188' title='bbox 1967 1583 2058 1639; x_wconf 73' lang='lat' dir='ltr'><strong>sed</strong></span> <span class='ocrx_word' id='word_1_189' title='bbox 2114 1585 2289 1640; x_wconf 90' lang='lat' dir='ltr'><strong>etiam</strong></span> <span class='ocrx_word' id='word_1_190' title='bbox 2347 1598 2635 1653; x_wconf 89' lang='lat' dir='ltr'><strong>magnum</strong></span> <span class='ocrx_word' id='word_1_191' title='bbox 2662 1584 2989 1656; x_wconf 90' lang='lat' dir='ltr'><strong>quemdam</strong></span> <span class='ocrx_word' id='word_1_192' title='bbox 3026 1586 3367 1655; x_wconf 88' lang='lat' dir='ltr'><strong>draconem,</strong></span> <span class='ocrx_word' id='word_1_193' title='bbox 3411 1591 3603 1661; x_wconf 89' lang='lat' dir='ltr'><strong>quiin</strong></span> 
     </span>
    </p>
   </div>
   <div class='ocr_carea' id='block_1_29' title="bbox 243 1671 1879 1750">
    <p class='ocr_par' dir='ltr' id='par_1_29' title="bbox 243 1672 1847 1750">
     <span class='ocr_line' id='line_1_29' title="bbox 243 1672 1847 1750; baseline -0.002 -22"><span class='ocrx_word' id='word_1_194' title='bbox 243 1682 325 1749; x_wconf 68' lang='grc' dir='ltr'><strong>μὲν</strong></span> <span class='ocrx_word' id='word_1_195' title='bbox 381 1686 520 1730; x_wconf 76' lang='grc' dir='ltr'><strong>Θεου</strong></span> <span class='ocrx_word' id='word_1_196' title='bbox 569 1685 665 1728; x_wconf 80' lang='grc' dir='ltr'><strong>τῶν</strong></span> <span class='ocrx_word' id='word_1_197' title='bbox 715 1676 840 1728; x_wconf 62' lang='grc' dir='ltr'><strong>ῶων</strong></span> <span class='ocrx_word' id='word_1_198' title='bbox 882 1674 1125 1747; x_wconf 75' lang='grc' dir='ltr'><strong>ἁφιστᾷν,</strong></span> <span class='ocrx_word' id='word_1_199' title='bbox 1181 1678 1344 1750; x_wconf 88' lang='grc' dir='ltr'><strong>θηρίῳ</strong></span> <span class='ocrx_word' id='word_1_200' title='bbox 1376 1672 1434 1727; x_wconf 79' lang='grc' dir='ltr'><strong>δὲ</strong></span> <span class='ocrx_word' id='word_1_201' title='bbox 1462 1677 1653 1727; x_wconf 82' lang='grc' dir='ltr'><strong>πείθειν</strong></span> <span class='ocrx_word' id='word_1_202' title='bbox 1679 1692 1847 1745; x_wconf 89' lang='grc' dir='ltr'><strong>προσ-</strong></span> 
     </span>
    </p>
   </div>
   <div class='ocr_carea' id='block_1_30' title="bbox 1969 1671 3605 1750">
    <p class='ocr_par' dir='ltr' id='par_1_30' title="bbox 1969 1671 3605 1746">
     <span class='ocr_line' id='line_1_30' title="bbox 1969 1671 3605 1746; baseline 0.004 -19"><span class='ocrx_word' id='word_1_203' title='bbox 1969 1672 2136 1728; x_wconf 79' lang='grc' dir='ltr'><strong>1οωο</strong></span> <span class='ocrx_word' id='word_1_204' title='bbox 2162 1672 2429 1744; x_wconf 86' lang='lat' dir='ltr'><strong>quadam</strong></span> <span class='ocrx_word' id='word_1_205' title='bbox 2483 1671 2887 1738; x_wconf 89' lang='lat' dir='ltr'><strong>delitescebat,</strong></span> <span class='ocrx_word' id='word_1_206' title='bbox 2918 1678 3211 1746; x_wconf 89' lang='lat' dir='ltr'><strong>tanquam</strong></span> <span class='ocrx_word' id='word_1_207' title='bbox 3246 1676 3428 1731; x_wconf 87' lang='lat' dir='ltr'><strong>deum</strong></span> <span class='ocrx_word' id='word_1_208' title='bbox 3452 1677 3605 1733; x_wconf 87' lang='lat' dir='ltr'><strong>cole-</strong></span> 
     </span>
    </p>
   </div>
   <div class='ocr_carea' id='block_1_31' title="bbox 246 1761 1882 1840">
    <p class='ocr_par' dir='ltr' id='par_1_31' title="bbox 246 1764 1845 1840">
     <span class='ocr_line' id='line_1_31' title="bbox 246 1764 1845 1840; baseline -0.002 -23"><span class='ocrx_word' id='word_1_209' title='bbox 246 1768 443 1819; x_wconf 82' lang='grc' dir='ltr'><strong>κεῖσθαι</strong></span> <span class='ocrx_word' id='word_1_210' title='bbox 483 1768 846 1840; x_wconf 76' lang='grc' dir='ltr'><strong>πονηροτάτῳ·</strong></span> <span class='ocrx_word' id='word_1_211' title='bbox 904 1770 1148 1837; x_wconf 84' lang='grc' dir='ltr'><strong>πειρᾶται</strong></span> <span class='ocrx_word' id='word_1_212' title='bbox 1202 1772 1326 1835; x_wconf 72' lang='grc' dir='ltr'><strong>γοῦν</strong></span> <span class='ocrx_word' id='word_1_213' title='bbox 1379 1764 1473 1815; x_wconf 81' lang='grc' dir='ltr'><strong>κάν</strong></span> <span class='ocrx_word' id='word_1_214' title='bbox 1530 1767 1696 1834; x_wconf 77' lang='grc' dir='ltr'><strong>τούτῳ</strong></span> <span class='ocrx_word' id='word_1_215' title='bbox 1748 1766 1845 1815; x_wconf 58' lang='lat' dir='ltr'><strong>K13-</strong></span> 
     </span>
    </p>
   </div>
   <div class='ocr_carea' id='block_1_32' title="bbox 1969 1761 3605 1840">
    <p class='ocr_par' dir='ltr' id='par_1_32' title="bbox 1969 1761 3605 1837">
     <span class='ocr_line' id='line_1_32' title="bbox 1969 1761 3605 1837; baseline 0.002 -20"><span class='ocrx_word' id='word_1_216' title='bbox 1969 1765 2122 1819; x_wconf 81' lang='lat' dir='ltr'><strong>bant.</strong></span> <span class='ocrx_word' id='word_1_217' title='bbox 2166 1761 2285 1817; x_wconf 89' lang='lat' dir='ltr'><strong>Hoc</strong></span> <span class='ocrx_word' id='word_1_218' title='bbox 2309 1776 2462 1833; x_wconf 89' lang='lat' dir='ltr'><strong>opus</strong></span> <span class='ocrx_word' id='word_1_219' title='bbox 2492 1767 2580 1817; x_wconf 91' lang='lat' dir='ltr'><strong>est</strong></span> <span class='ocrx_word' id='word_1_220' title='bbox 2609 1762 2757 1831; x_wconf 89' lang='lat' dir='ltr'><strong>ejus,</strong></span> <span class='ocrx_word' id='word_1_221' title='bbox 2791 1763 2893 1833; x_wconf 86' lang='lat' dir='ltr'><strong>qui</strong></span> <span class='ocrx_word' id='word_1_222' title='bbox 2924 1762 3313 1833; x_wconf 85' lang='lat' dir='ltr'><strong>intelligentia</strong></span> <span class='ocrx_word' id='word_1_223' title='bbox 3350 1767 3605 1837; x_wconf 89' lang='lat' dir='ltr'><strong>percipi-</strong></span> 
     </span>
    </p>
   </div>
   <div class='ocr_carea' id='block_1_33' title="bbox 250 1849 1886 1928">
    <p class='ocr_par' dir='ltr' id='par_1_33' title="bbox 250 1852 1846 1928">
     <span class='ocr_line' id='line_1_33' title="bbox 250 1852 1846 1928; baseline -0.003 -21"><span class='ocrx_word' id='word_1_224' title='bbox 250 1875 323 1928; x_wconf 83' lang='grc' dir='ltr'><strong>ρος</strong></span> <span class='ocrx_word' id='word_1_225' title='bbox 363 1864 454 1907; x_wconf 77' lang='grc' dir='ltr'><strong>τοῦ</strong></span> <span class='ocrx_word' id='word_1_226' title='bbox 509 1855 701 1913; x_wconf 76' lang='grc' dir='ltr'><strong>Δανιὴλ</strong></span> <span class='ocrx_word' id='word_1_227' title='bbox 744 1860 833 1907; x_wconf 97' lang='lat' dir='ltr'><strong>xui</strong></span> <span class='ocrx_word' id='word_1_228' title='bbox 878 1858 942 1914; x_wconf 82' lang='grc' dir='ltr'><strong>ὡς</strong></span> <span class='ocrx_word' id='word_1_229' title='bbox 1000 1852 1199 1914; x_wconf 79' lang='grc' dir='ltr'><strong>ἀληθῶς</strong></span> <span class='ocrx_word' id='word_1_230' title='bbox 1229 1854 1456 1906; x_wconf 77' lang='grc' dir='ltr'><strong>ἐσθίοντι</strong></span> <span class='ocrx_word' id='word_1_231' title='bbox 1506 1858 1592 1905; x_wconf 82' lang='grc' dir='ltr'><strong>καὶ</strong></span> <span class='ocrx_word' id='word_1_232' title='bbox 1650 1858 1846 1905; x_wconf 84' lang='grc' dir='ltr'><strong>πίνοντι</strong></span> 
     </span>
    </p>
   </div>
   <div class='ocr_carea' id='block_1_34' title="bbox 1967 1849 3603 1928">
    <p class='ocr_par' dir='ltr' id='par_1_34' title="bbox 1967 1849 3603 1921">
     <span class='ocr_line' id='line_1_34' title="bbox 1967 1849 3603 1921; baseline 0.003 -14"><span class='ocrx_word' id='word_1_233' title='bbox 1967 1856 2052 1907; x_wconf 86' lang='lat' dir='ltr'><strong>tur</strong></span> <span class='ocrx_word' id='word_1_234' title='bbox 2076 1849 2986 1921; x_wconf 87' lang='lat' dir='ltr'><strong>draconis,abducerequidema</strong></span> <span class='ocrx_word' id='word_1_235' title='bbox 3010 1854 3126 1907; x_wconf 90' lang='lat' dir='ltr'><strong>Deo</strong></span> <span class='ocrx_word' id='word_1_236' title='bbox 3154 1855 3563 1911; x_wconf 89' lang='lat' dir='ltr'><strong>universorum</strong></span> <span class='ocrx_word' id='word_1_237' title='bbox 3590 1871 3603 1912; x_wconf 95' lang='lat'>:</span> 
     </span>
    </p>
   </div>
   <div class='ocr_carea' id='block_1_35' title="bbox 249 1938 1885 2019">
    <p class='ocr_par' dir='ltr' id='par_1_35' title="bbox 249 1944 1844 2019">
     <span class='ocr_line' id='line_1_35' title="bbox 249 1944 1844 2019; baseline -0.002 -24"><span class='ocrx_word' id='word_1_238' title='bbox 249 1950 325 1996; x_wconf 86' lang='lat' dir='ltr'><strong>xui</strong></span> <span class='ocrx_word' id='word_1_239' title='bbox 376 1946 545 2005; x_wconf 77' lang='grc' dir='ltr'><strong>ζῶντι</strong></span> <span class='ocrx_word' id='word_1_240' title='bbox 601 1946 696 2015; x_wconf 78' lang='grc' dir='ltr'><strong>θεῷ</strong></span> <span class='ocrx_word' id='word_1_241' title='bbox 747 1952 1053 2017; x_wconf 84' lang='grc' dir='ltr'><strong>προσκυνεῖν</strong></span> <span class='ocrx_word' id='word_1_242' title='bbox 1105 1947 1411 2019; x_wconf 72' lang='grc' dir='ltr'><strong>παρηγγύα·</strong></span> <span class='ocrx_word' id='word_1_243' title='bbox 1475 1944 1550 1995; x_wconf 70' lang='lat'><strong>0&#39;3</strong></span> <span class='ocrx_word' id='word_1_244' title='bbox 1608 1946 1706 2016; x_wconf 73' lang='grc' dir='ltr'><strong>γὰρ</strong></span> <span class='ocrx_word' id='word_1_245' title='bbox 1764 1945 1844 2006; x_wconf 82' lang='grc' dir='ltr'><strong>ἄν,</strong></span> 
     </span>
    </p>
   </div>
   <div class='ocr_carea' id='block_1_36' title="bbox 1968 1938 3604 2019">
    <p class='ocr_par' dir='ltr' id='par_1_36' title="bbox 1968 1938 3604 2015">
     <span class='ocr_line' id='line_1_36' title="bbox 1968 1938 3604 2015; baseline 0.002 -19"><span class='ocrx_word' id='word_1_246' title='bbox 1968 1940 2316 2012; x_wconf 88' lang='lat' dir='ltr'><strong>persuadere</strong></span> <span class='ocrx_word' id='word_1_247' title='bbox 2330 1943 2619 2006; x_wconf 86' lang='lat' dir='ltr'><strong>autem,ut</strong></span> <span class='ocrx_word' id='word_1_248' title='bbox 2635 1938 2982 1995; x_wconf 68' lang='lat' dir='ltr'><strong>adhaereant</strong></span> <span class='ocrx_word' id='word_1_249' title='bbox 2996 1940 3194 1997; x_wconf 67' lang='lat' dir='ltr'><strong>bestias</strong></span> <span class='ocrx_word' id='word_1_250' title='bbox 3208 1942 3604 2015; x_wconf 69' lang='lat' dir='ltr'><strong>nequissimae.</strong></span> 
     </span>
    </p>
   </div>
   <div class='ocr_carea' id='block_1_37' title="bbox 248 2028 1884 2105">
    <p class='ocr_par' dir='ltr' id='par_1_37' title="bbox 248 2033 1847 2105">
     <span class='ocr_line' id='line_1_37' title="bbox 248 2033 1847 2105; baseline -0.003 -20"><span class='ocrx_word' id='word_1_251' title='bbox 248 2036 441 2105; x_wconf 70' lang='grc' dir='ltr'><strong>ἔφησεν,</strong></span> <span class='ocrx_word' id='word_1_252' title='bbox 504 2038 641 2105; x_wconf 79' lang='grc' dir='ltr'><strong>ἔχης</strong></span> <span class='ocrx_word' id='word_1_253' title='bbox 694 2034 869 2101; x_wconf 79' lang='grc' dir='ltr'><strong>εἰπεῖν,</strong></span> <span class='ocrx_word' id='word_1_254' title='bbox 931 2035 1012 2085; x_wconf 82' lang='grc' dir='ltr'><strong>ὅτι</strong></span> <span class='ocrx_word' id='word_1_255' title='bbox 1069 2035 1163 2085; x_wconf 85' lang='grc' dir='ltr'>κοίν</span> <span class='ocrx_word' id='word_1_256' title='bbox 1214 2034 1360 2095; x_wconf 81' lang='grc' dir='ltr'><strong>οὗτος</strong></span> <span class='ocrx_word' id='word_1_257' title='bbox 1416 2033 1510 2084; x_wconf 64' lang='grc' dir='ltr'><strong>οὐκ</strong></span> <span class='ocrx_word' id='word_1_258' title='bbox 1569 2034 1683 2084; x_wconf 82' lang='grc' dir='ltr'><strong>ἔστι</strong></span> <span class='ocrx_word' id='word_1_259' title='bbox 1739 2033 1847 2091; x_wconf 79' lang='grc' dir='ltr'><strong>θεὸς</strong></span> 
     </span>
    </p>
   </div>
   <div class='ocr_carea' id='block_1_38' title="bbox 1972 2028 3608 2105">
    <p class='ocr_par' dir='ltr' id='par_1_38' title="bbox 1972 2028 3608 2104">
     <span class='ocr_line' id='line_1_38' title="bbox 1972 2028 3608 2104; baseline 0.002 -18"><span class='ocrx_word' id='word_1_260' title='bbox 1972 2032 2236 2087; x_wconf 86' lang='lat' dir='ltr'><strong>l‘entatur</strong></span> <span class='ocrx_word' id='word_1_261' title='bbox 2293 2044 2435 2098; x_wconf 88' lang='lat' dir='ltr'><strong>ergo</strong></span> <span class='ocrx_word' id='word_1_262' title='bbox 2491 2028 2552 2083; x_wconf 89' lang='lat' dir='ltr'><strong>in</strong></span> <span class='ocrx_word' id='word_1_263' title='bbox 2605 2028 2715 2083; x_wconf 90' lang='lat' dir='ltr'><strong>hoc</strong></span> <span class='ocrx_word' id='word_1_264' title='bbox 2745 2044 2985 2101; x_wconf 89' lang='lat' dir='ltr'><strong>quoque</strong></span> <span class='ocrx_word' id='word_1_265' title='bbox 3016 2030 3283 2087; x_wconf 89' lang='lat' dir='ltr'><strong>Daniela</strong></span> <span class='ocrx_word' id='word_1_266' title='bbox 3314 2034 3502 2104; x_wconf 81' lang='lat' dir='ltr'><strong>Cyro:</strong></span> <span class='ocrx_word' id='word_1_267' title='bbox 3554 2040 3608 2089; x_wconf 83' lang='lat' dir='ltr'><strong>et</strong></span> 
     </span>
    </p>
   </div>
   <div class='ocr_carea' id='block_1_39' title="bbox 250 2117 1886 2194">
    <p class='ocr_par' dir='ltr' id='par_1_39' title="bbox 250 2120 1849 2194">
     <span class='ocr_line' id='line_1_39' title="bbox 250 2120 1849 2194; baseline -0.001 -21"><span class='ocrx_word' id='word_1_268' title='bbox 250 2124 357 2183; x_wconf 70' lang='grc' dir='ltr'><strong>ζῶν*</strong></span> <span class='ocrx_word' id='word_1_269' title='bbox 419 2125 443 2175; x_wconf 86' lang='grc' dir='ltr'>ὁ</span> <span class='ocrx_word' id='word_1_270' title='bbox 494 2120 586 2175; x_wconf 77' lang='grc' dir='ltr'><strong>δέ’</strong></span> <span class='ocrx_word' id='word_1_271' title='bbox 650 2127 823 2193; x_wconf 82' lang='grc' dir='ltr'>Κυρίῳ</span> <span class='ocrx_word' id='word_1_272' title='bbox 874 2130 944 2192; x_wconf 79' lang='grc' dir='ltr'><strong>τῷ</strong></span> <span class='ocrx_word' id='word_1_273' title='bbox 996 2128 1104 2185; x_wconf 80' lang='grc' dir='ltr'><strong>Θεῷ</strong></span> <span class='ocrx_word' id='word_1_274' title='bbox 1166 2142 1265 2194; x_wconf 88' lang='grc' dir='ltr'><strong>μου</strong></span> <span class='ocrx_word' id='word_1_275' title='bbox 1321 2128 1700 2194; x_wconf 78' lang='grc' dir='ltr'><strong>προσκυνήσω·</strong></span> <span class='ocrx_word' id='word_1_276' title='bbox 1759 2125 1849 2191; x_wconf 81' lang='grc' dir='ltr'><strong>μό·</strong></span> 
     </span>
    </p>
   </div>
   <div class='ocr_carea' id='block_1_40' title="bbox 1970 2117 3606 2194">
    <p class='ocr_par' dir='ltr' id='par_1_40' title="bbox 1970 2117 3606 2190">
     <span class='ocr_line' id='line_1_40' title="bbox 1970 2117 3606 2190; baseline 0.002 -16"><span class='ocrx_word' id='word_1_277' title='bbox 1970 2118 2203 2187; x_wconf 72' lang='lat' dir='ltr'><strong>iubebat</strong></span> <span class='ocrx_word' id='word_1_278' title='bbox 2235 2122 2297 2173; x_wconf 91' lang='lat' dir='ltr'><strong>ut</strong></span> <span class='ocrx_word' id='word_1_279' title='bbox 2325 2133 2464 2173; x_wconf 91' lang='lat' dir='ltr'><strong>eum</strong></span> <span class='ocrx_word' id='word_1_280' title='bbox 2495 2117 2772 2173; x_wconf 88' lang='lat' dir='ltr'><strong>adoraret</strong></span> <span class='ocrx_word' id='word_1_281' title='bbox 2802 2122 3093 2190; x_wconf 90' lang='lat' dir='ltr'><strong>tanquam</strong></span> <span class='ocrx_word' id='word_1_282' title='bbox 3121 2135 3258 2175; x_wconf 84' lang='lat' dir='ltr'><strong>vere</strong></span> <span class='ocrx_word' id='word_1_283' title='bbox 3292 2122 3606 2178; x_wconf 91' lang='lat' dir='ltr'><strong>comeden-</strong></span> 
     </span>
    </p>
   </div>
   <div class='ocr_carea' id='block_1_41' title="bbox 248 2206 1884 2286">
    <p class='ocr_par' dir='ltr' id='par_1_41' title="bbox 248 2208 1849 2286">
     <span class='ocr_line' id='line_1_41' title="bbox 248 2208 1849 2286; baseline -0.012 -6"><span class='ocrx_word' id='word_1_284' title='bbox 248 2231 321 2272; x_wconf 79' lang='grc' dir='ltr'>νος</span> <span class='ocrx_word' id='word_1_285' title='bbox 365 2214 466 2286; x_wconf 71' lang='grc' dir='ltr'><strong>γὰρ</strong></span> <span class='ocrx_word' id='word_1_286' title='bbox 530 2208 681 2273; x_wconf 73' lang='grc' dir='ltr'><strong>οὗτος</strong></span> <span class='ocrx_word' id='word_1_287' title='bbox 738 2210 941 2272; x_wconf 76' lang='grc' dir='ltr'><strong>ἀληθῶς</strong></span> <span class='ocrx_word' id='word_1_288' title='bbox 997 2215 1120 2277; x_wconf 79' lang='grc' dir='ltr'><strong>ζῶν,</strong></span> <span class='ocrx_word' id='word_1_289' title='bbox 1156 2209 1229 2263; x_wconf 84' lang='grc' dir='ltr'><strong>δι’</strong></span> <span class='ocrx_word' id='word_1_290' title='bbox 1260 2213 1318 2263; x_wconf 85' lang='grc' dir='ltr'><strong>οὗ</strong></span> <span class='ocrx_word' id='word_1_291' title='bbox 1352 2214 1515 2283; x_wconf 80' lang='grc' dir='ltr'><strong>ζῶμεν</strong></span> <span class='ocrx_word' id='word_1_292' title='bbox 1564 2216 1652 2263; x_wconf 82' lang='grc' dir='ltr'><strong>καὶ</strong></span> <span class='ocrx_word' id='word_1_293' title='bbox 1682 2214 1849 2261; x_wconf 79' lang='grc' dir='ltr'><strong>κινούο</strong></span> 
     </span>
    </p>
   </div>
   <div class='ocr_carea' id='block_1_42' title="bbox 1974 2206 3610 2286">
    <p class='ocr_par' dir='ltr' id='par_1_42' title="bbox 1974 2206 3610 2283">
     <span class='ocr_line' id='line_1_42' title="bbox 1974 2206 3610 2283; baseline 0.001 -19"><span class='ocrx_word' id='word_1_294' title='bbox 1974 2218 2078 2265; x_wconf 73' lang='lat' dir='ltr'><strong>:em</strong></span> <span class='ocrx_word' id='word_1_295' title='bbox 2127 2213 2184 2263; x_wconf 89' lang='lat' dir='ltr'><strong>et</strong></span> <span class='ocrx_word' id='word_1_296' title='bbox 2237 2207 2545 2263; x_wconf 89' lang='lat' dir='ltr'><strong>bibentem</strong></span> <span class='ocrx_word' id='word_1_297' title='bbox 2598 2211 2654 2262; x_wconf 93' lang='lat' dir='ltr'><strong>et</strong></span> <span class='ocrx_word' id='word_1_298' title='bbox 2702 2206 2997 2263; x_wconf 85' lang='lat' dir='ltr'><strong>viventem</strong></span> <span class='ocrx_word' id='word_1_299' title='bbox 3038 2207 3242 2266; x_wconf 91' lang='lat' dir='ltr'><strong>deum.</strong></span> <span class='ocrx_word' id='word_1_300' title='bbox 3271 2213 3397 2266; x_wconf 90' lang='lat' dir='ltr'><strong>Non</strong></span> <span class='ocrx_word' id='word_1_301' title='bbox 3446 2216 3610 2283; x_wconf 90' lang='lat' dir='ltr'><strong>potes</strong></span> 
     </span>
    </p>
   </div>
   <div class='ocr_carea' id='block_1_43' title="bbox 250 2296 1886 2374">
    <p class='ocr_par' dir='ltr' id='par_1_43' title="bbox 250 2296 1849 2374">
     <span class='ocr_line' id='line_1_43' title="bbox 250 2296 1849 2374; baseline 0 -21"><span class='ocrx_word' id='word_1_302' title='bbox 250 2304 369 2371; x_wconf 84' lang='grc' dir='ltr'><strong>μεθα</strong></span> <span class='ocrx_word' id='word_1_303' title='bbox 406 2307 500 2352; x_wconf 80' lang='grc' dir='ltr'><strong>καὶ</strong></span> <span class='ocrx_word' id='word_1_304' title='bbox 560 2303 735 2371; x_wconf 57' lang='grc' dir='ltr'><strong>ἐσμέν</strong></span> <span class='ocrx_word' id='word_1_305' title='bbox 797 2301 821 2351; x_wconf 79' lang='grc' dir='ltr'><strong><em>ὁ</em></strong></span> <span class='ocrx_word' id='word_1_306' title='bbox 855 2297 913 2352; x_wconf 79' lang='grc' dir='ltr'><strong>δὲ</strong></span> <span class='ocrx_word' id='word_1_307' title='bbox 959 2296 1165 2374; x_wconf 78' lang='grc' dir='ltr'><strong>δράκων</strong></span> <span class='ocrx_word' id='word_1_308' title='bbox 1215 2297 1364 2361; x_wconf 75' lang='grc' dir='ltr'><strong>οὗτος</strong></span> <span class='ocrx_word' id='word_1_309' title='bbox 1396 2301 1591 2362; x_wconf 79' lang='grc' dir='ltr'><strong>ἱοϐόλος</strong></span> <span class='ocrx_word' id='word_1_310' title='bbox 1620 2302 1733 2372; x_wconf 80' lang='grc' dir='ltr'><strong>ὄφις</strong></span> <span class='ocrx_word' id='word_1_311' title='bbox 1763 2305 1849 2353; x_wconf 76' lang='lat' dir='ltr'><strong>xui</strong></span> 
     </span>
    </p>
   </div>
   <div class='ocr_carea' id='block_1_44' title="bbox 1973 2296 3609 2374">
    <p class='ocr_par' dir='ltr' id='par_1_44' title="bbox 1973 2296 3609 2363">
     <span class='ocr_line' id='line_1_44' title="bbox 1973 2296 3609 2363; baseline 0.001 -10"><span class='ocrx_word' id='word_1_312' title='bbox 1973 2298 2143 2361; x_wconf 74' lang='lat' dir='ltr'><strong>enim,</strong></span> <span class='ocrx_word' id='word_1_313' title='bbox 2167 2296 2383 2363; x_wconf 89' lang='lat' dir='ltr'><strong>aiebat,</strong></span> <span class='ocrx_word' id='word_1_314' title='bbox 2404 2296 2597 2351; x_wconf 87' lang='lat' dir='ltr'><strong>dicere</strong></span> <span class='ocrx_word' id='word_1_315' title='bbox 2626 2296 2786 2351; x_wconf 88' lang='lat' dir='ltr'><strong>hunc</strong></span> <span class='ocrx_word' id='word_1_316' title='bbox 2810 2311 2929 2351; x_wconf 91' lang='lat' dir='ltr'><strong>non</strong></span> <span class='ocrx_word' id='word_1_317' title='bbox 2950 2312 3077 2353; x_wconf 91' lang='lat' dir='ltr'><strong>esse</strong></span> <span class='ocrx_word' id='word_1_318' title='bbox 3096 2298 3277 2354; x_wconf 93' lang='lat' dir='ltr'><strong>deum</strong></span> <span class='ocrx_word' id='word_1_319' title='bbox 3292 2300 3609 2355; x_wconf 88' lang='lat' dir='ltr'><strong>viventem.</strong></span> 
     </span>
    </p>
   </div>
   <div class='ocr_carea' id='block_1_45' title="bbox 250 2385 1886 2463">
    <p class='ocr_par' dir='ltr' id='par_1_45' title="bbox 250 2386 1853 2463">
     <span class='ocr_line' id='line_1_45' title="bbox 250 2386 1853 2463; baseline 0 -22"><span class='ocrx_word' id='word_1_320' title='bbox 250 2395 479 2462; x_wconf 82' lang='grc' dir='ltr'><strong>πονηρός,</strong></span> <span class='ocrx_word' id='word_1_321' title='bbox 537 2389 885 2461; x_wconf 72' lang='grc' dir='ltr'><strong>λυμαίνεσθαι</strong></span> <span class='ocrx_word' id='word_1_322' title='bbox 938 2392 1026 2458; x_wconf 80' lang='grc' dir='ltr'><strong>μὲν</strong></span> <span class='ocrx_word' id='word_1_323' title='bbox 1078 2386 1246 2453; x_wconf 77' lang='grc' dir='ltr'><strong>εἰδὼς,</strong></span> <span class='ocrx_word' id='word_1_324' title='bbox 1303 2390 1504 2463; x_wconf 75' lang='grc' dir='ltr'><strong>ὠφελεῖν</strong></span> <span class='ocrx_word' id='word_1_325' title='bbox 1559 2387 1617 2442; x_wconf 78' lang='grc' dir='ltr'><strong>δε</strong></span> <span class='ocrx_word' id='word_1_326' title='bbox 1666 2386 1853 2441; x_wconf 71' lang='grc' dir='ltr'><strong>οὐδένα</strong></span> 
     </span>
    </p>
   </div>
   <div class='ocr_carea' id='block_1_46' title="bbox 1977 2385 3613 2463">
    <p class='ocr_par' dir='ltr' id='par_1_46' title="bbox 1977 2385 3613 2457">
     <span class='ocr_line' id='line_1_46' title="bbox 1977 2385 3613 2457; baseline 0.002 -16"><span class='ocrx_word' id='word_1_327' title='bbox 1977 2386 2061 2442; x_wconf 75' lang='lat' dir='ltr'><strong>ille</strong></span> <span class='ocrx_word' id='word_1_328' title='bbox 2092 2392 2312 2450; x_wconf 91' lang='lat' dir='ltr'><strong>autem,</strong></span> <span class='ocrx_word' id='word_1_329' title='bbox 2342 2385 2684 2450; x_wconf 90' lang='lat' dir='ltr'><strong>Dominum,</strong></span> <span class='ocrx_word' id='word_1_330' title='bbox 2724 2385 2934 2457; x_wconf 91' lang='lat' dir='ltr'><strong>inquit,</strong></span> <span class='ocrx_word' id='word_1_331' title='bbox 2986 2402 3186 2442; x_wconf 92' lang='lat' dir='ltr'><strong>meum</strong></span> <span class='ocrx_word' id='word_1_332' title='bbox 3243 2388 3533 2445; x_wconf 89' lang='lat' dir='ltr'><strong>adorabo.</strong></span> <span class='ocrx_word' id='word_1_333' title='bbox 3563 2392 3613 2444; x_wconf 89' lang='lat' dir='ltr'><strong>Is</strong></span> 
     </span>
    </p>
   </div>
   <div class='ocr_carea' id='block_1_47' title="bbox 252 2474 1888 2551">
    <p class='ocr_par' dir='ltr' id='par_1_47' title="bbox 252 2474 1850 2551">
     <span class='ocr_line' id='line_1_47' title="bbox 252 2474 1850 2551; baseline -0.001 -20"><span class='ocrx_word' id='word_1_334' title='bbox 252 2475 459 2539; x_wconf 77' lang='grc' dir='ltr'><strong>δυνατὸς</strong></span> <span class='ocrx_word' id='word_1_335' title='bbox 489 2482 586 2531; x_wconf 84' lang='grc' dir='ltr'><strong>ὢν.</strong></span> <span class='ocrx_word' id='word_1_336' title='bbox 622 2478 680 2529; x_wconf 82' lang='grc' dir='ltr'><strong>Εἰ</strong></span> <span class='ocrx_word' id='word_1_337' title='bbox 728 2474 779 2529; x_wconf 76' lang='grc' dir='ltr'><strong>δ’</strong></span> <span class='ocrx_word' id='word_1_338' title='bbox 810 2480 889 2528; x_wconf 84' lang='grc' dir='ltr'><strong>ὄτι</strong></span> <span class='ocrx_word' id='word_1_339' title='bbox 940 2483 1028 2529; x_wconf 87' lang='grc' dir='ltr'><strong>καὶ</strong></span> <span class='ocrx_word' id='word_1_340' title='bbox 1061 2480 1235 2539; x_wconf 84' lang='grc' dir='ltr'><strong>θνητός</strong></span> <span class='ocrx_word' id='word_1_341' title='bbox 1282 2477 1394 2531; x_wconf 77' lang='grc' dir='ltr'><strong>ἐστι</strong></span> <span class='ocrx_word' id='word_1_342' title='bbox 1441 2488 1631 2551; x_wconf 74' lang='grc' dir='ltr'><strong>γνῶναι</strong></span> <span class='ocrx_word' id='word_1_343' title='bbox 1673 2478 1850 2541; x_wconf 77' lang='grc' dir='ltr'><strong>θελεις,</strong></span> 
     </span>
    </p>
   </div>
   <div class='ocr_carea' id='block_1_48' title="bbox 1978 2474 3614 2551">
    <p class='ocr_par' dir='ltr' id='par_1_48' title="bbox 1978 2474 3614 2548">
     <span class='ocr_line' id='line_1_48' title="bbox 1978 2474 3614 2548; baseline 0.001 -17"><span class='ocrx_word' id='word_1_344' title='bbox 1978 2476 2122 2531; x_wconf 69' lang='lat' dir='ltr'><strong>enim</strong></span> <span class='ocrx_word' id='word_1_345' title='bbox 2152 2481 2241 2531; x_wconf 83' lang='lat' dir='ltr'><strong>eet</strong></span> <span class='ocrx_word' id='word_1_346' title='bbox 2290 2474 2452 2531; x_wconf 89' lang='lat' dir='ltr'><strong>solus</strong></span> <span class='ocrx_word' id='word_1_347' title='bbox 2482 2489 2613 2529; x_wconf 89' lang='lat' dir='ltr'><strong>vere</strong></span> <span class='ocrx_word' id='word_1_348' title='bbox 2645 2475 2865 2542; x_wconf 87' lang='lat' dir='ltr'><strong>vivens,</strong></span> <span class='ocrx_word' id='word_1_349' title='bbox 2899 2490 3003 2545; x_wconf 89' lang='lat' dir='ltr'><strong>per</strong></span> <span class='ocrx_word' id='word_1_350' title='bbox 3050 2491 3230 2548; x_wconf 81' lang='lat' dir='ltr'><strong>quem</strong></span> <span class='ocrx_word' id='word_1_351' title='bbox 3280 2477 3529 2533; x_wconf 88' lang='lat' dir='ltr'><strong>vivimus</strong></span> <span class='ocrx_word' id='word_1_352' title='bbox 3560 2484 3614 2533; x_wconf 89' lang='lat' dir='ltr'><strong>et</strong></span> 
     </span>
    </p>
   </div>
   <div class='ocr_carea' id='block_1_49' title="bbox 252 2564 1888 2641">
    <p class='ocr_par' dir='ltr' id='par_1_49' title="bbox 252 2564 1854 2641">
     <span class='ocr_line' id='line_1_49' title="bbox 252 2564 1854 2641; baseline -0.001 -22"><span class='ocrx_word' id='word_1_353' title='bbox 252 2575 331 2620; x_wconf 88' lang='lat' dir='ltr'><strong>xui</strong></span> <span class='ocrx_word' id='word_1_354' title='bbox 383 2574 476 2626; x_wconf 79' lang='grc' dir='ltr'><strong>τὴν</strong></span> <span class='ocrx_word' id='word_1_355' title='bbox 539 2570 694 2639; x_wconf 61' lang='grc' dir='ltr'><strong>φύσιν</strong></span> <span class='ocrx_word' id='word_1_356' title='bbox 751 2568 991 2641; x_wconf 75' lang='grc' dir='ltr'><strong>φθαρτὸς,</strong></span> <span class='ocrx_word' id='word_1_357' title='bbox 1046 2566 1152 2619; x_wconf 80' lang='grc' dir='ltr'><strong>ἀλλ’</strong></span> <span class='ocrx_word' id='word_1_358' title='bbox 1206 2568 1264 2620; x_wconf 71' lang='grc' dir='ltr'><strong>οὐ</strong></span> <span class='ocrx_word' id='word_1_359' title='bbox 1314 2572 1402 2640; x_wconf 69' lang='grc' dir='ltr'><strong>μὲν</strong></span> <span class='ocrx_word' id='word_1_360' title='bbox 1432 2569 1518 2620; x_wconf 75' lang='grc' dir='ltr'><strong>οὖν</strong></span> <span class='ocrx_word' id='word_1_361' title='bbox 1564 2570 1669 2628; x_wconf 84' lang='grc' dir='ltr'><strong>θεὸς</strong></span> <span class='ocrx_word' id='word_1_362' title='bbox 1700 2564 1854 2619; x_wconf 70' lang='grc' dir='ltr'><strong>οὐδα-</strong></span> 
     </span>
    </p>
   </div>
   <div class='ocr_carea' id='block_1_50' title="bbox 1977 2564 3613 2641">
    <p class='ocr_par' dir='ltr' id='par_1_50' title="bbox 1977 2564 3613 2636">
     <span class='ocr_line' id='line_1_50' title="bbox 1977 2564 3613 2636; baseline 0.001 -16"><span class='ocrx_word' id='word_1_363' title='bbox 1977 2580 2278 2620; x_wconf 86' lang='lat' dir='ltr'><strong>movemur</strong></span> <span class='ocrx_word' id='word_1_364' title='bbox 2328 2571 2383 2619; x_wconf 91' lang='lat' dir='ltr'><strong>et</strong></span> <span class='ocrx_word' id='word_1_365' title='bbox 2414 2580 2622 2619; x_wconf 91' lang='lat' dir='ltr'><strong>sumus</strong></span> <span class='ocrx_word' id='word_1_366' title='bbox 2652 2566 2692 2616; x_wconf 93' lang='grc'><strong>¹.</strong></span> <span class='ocrx_word' id='word_1_367' title='bbox 2728 2564 2827 2617; x_wconf 89' lang='lat' dir='ltr'><strong>Hic</strong></span> <span class='ocrx_word' id='word_1_368' title='bbox 2858 2579 2998 2618; x_wconf 91' lang='lat' dir='ltr'><strong>vero</strong></span> <span class='ocrx_word' id='word_1_369' title='bbox 3025 2580 3272 2636; x_wconf 90' lang='lat' dir='ltr'><strong>serpens</strong></span> <span class='ocrx_word' id='word_1_370' title='bbox 3317 2569 3403 2620; x_wconf 91' lang='lat' dir='ltr'><strong>est</strong></span> <span class='ocrx_word' id='word_1_371' title='bbox 3432 2566 3613 2621; x_wconf 89' lang='lat' dir='ltr'><strong>draco</strong></span> 
     </span>
    </p>
   </div>
   <div class='ocr_carea' id='block_1_51' title="bbox 256 2652 1892 2731">
    <p class='ocr_par' dir='ltr' id='par_1_51' title="bbox 256 2654 1857 2731">
     <span class='ocr_line' id='line_1_51' title="bbox 256 2654 1857 2731; baseline -0.001 -22"><span class='ocrx_word' id='word_1_372' title='bbox 256 2668 373 2728; x_wconf 78' lang='grc' dir='ltr'><strong>μὼς,</strong></span> <span class='ocrx_word' id='word_1_373' title='bbox 429 2656 733 2729; x_wconf 63' lang='grc' dir='ltr'><strong>ἐπίτρεψον,</strong></span> <span class='ocrx_word' id='word_1_374' title='bbox 770 2657 808 2706; x_wconf 85' lang='grc' dir='ltr'><strong><em>ὦ</em></strong></span> <span class='ocrx_word' id='word_1_375' title='bbox 857 2654 1099 2728; x_wconf 80' lang='grc' dir='ltr'><strong>βασιλεῦ,</strong></span> <span class='ocrx_word' id='word_1_376' title='bbox 1156 2657 1300 2729; x_wconf 78' lang='grc' dir='ltr'><strong>κάγὼ</strong></span> <span class='ocrx_word' id='word_1_377' title='bbox 1354 2666 1532 2709; x_wconf 70' lang='grc' dir='ltr'><strong>τοῦτον</strong></span> <span class='ocrx_word' id='word_1_378' title='bbox 1582 2663 1857 2731; x_wconf 83' lang='grc' dir='ltr'><strong>μαχαίρας</strong></span> 
     </span>
    </p>
   </div>
   <div class='ocr_carea' id='block_1_52' title="bbox 1978 2652 3614 2731">
    <p class='ocr_par' dir='ltr' id='par_1_52' title="bbox 1978 2652 3614 2723">
     <span class='ocr_line' id='line_1_52' title="bbox 1978 2652 3614 2723; baseline 0 -14"><span class='ocrx_word' id='word_1_379' title='bbox 1978 2658 2293 2709; x_wconf 81' lang='lat' dir='ltr'><strong>venenatus</strong></span> <span class='ocrx_word' id='word_1_380' title='bbox 2320 2654 2610 2719; x_wconf 88' lang='lat' dir='ltr'><strong>etmalus,</strong></span> <span class='ocrx_word' id='word_1_381' title='bbox 2665 2652 2761 2723; x_wconf 90' lang='lat' dir='ltr'><strong>qui</strong></span> <span class='ocrx_word' id='word_1_382' title='bbox 2812 2653 2919 2707; x_wconf 92' lang='lat' dir='ltr'><strong>scit</strong></span> <span class='ocrx_word' id='word_1_383' title='bbox 2949 2652 3194 2723; x_wconf 90' lang='lat' dir='ltr'><strong>quidem</strong></span> <span class='ocrx_word' id='word_1_384' title='bbox 3246 2670 3478 2717; x_wconf 90' lang='lat' dir='ltr'><strong>nocere,</strong></span> <span class='ocrx_word' id='word_1_385' title='bbox 3512 2671 3614 2709; x_wconf 89' lang='lat' dir='ltr'><strong>ne-</strong></span> 
     </span>
    </p>
   </div>
   <div class='ocr_carea' id='block_1_53' title="bbox 256 2740 1892 2822">
    <p class='ocr_par' dir='ltr' id='par_1_53' title="bbox 256 2744 1857 2822">
     <span class='ocr_line' id='line_1_53' title="bbox 256 2744 1857 2822; baseline -0.001 -24"><span class='ocrx_word' id='word_1_386' title='bbox 256 2752 363 2799; x_wconf 71' lang='grc' dir='ltr'><strong>ἄνευ</strong></span> <span class='ocrx_word' id='word_1_387' title='bbox 410 2754 502 2800; x_wconf 81' lang='grc' dir='ltr'><strong>καὶ</strong></span> <span class='ocrx_word' id='word_1_388' title='bbox 566 2744 768 2822; x_wconf 73' lang='grc' dir='ltr'><strong>ῥάϐδου</strong></span> <span class='ocrx_word' id='word_1_389' title='bbox 827 2757 1142 2800; x_wconf 84' lang='grc' dir='ltr'><strong>κατακτενῶ.</strong></span> <span class='ocrx_word' id='word_1_390' title='bbox 1200 2749 1587 2807; x_wconf 82' lang='grc' dir='ltr'><strong>Ἐπινεύσαντος</strong></span> <span class='ocrx_word' id='word_1_391' title='bbox 1640 2744 1727 2799; x_wconf 78' lang='grc' dir='ltr'><strong>οὖν</strong></span> <span class='ocrx_word' id='word_1_392' title='bbox 1808 2748 1857 2798; x_wconf 84' lang='grc' dir='ltr'><strong>ἐν</strong></span> 
     </span>
    </p>
   </div>
   <div class='ocr_carea' id='block_1_54' title="bbox 1978 2740 3614 2822">
    <p class='ocr_par' dir='ltr' id='par_1_54' title="bbox 1978 2740 3614 2813">
     <span class='ocr_line' id='line_1_54' title="bbox 1978 2740 3614 2813; baseline -0.001 -14"><span class='ocrx_word' id='word_1_393' title='bbox 1978 2744 2110 2800; x_wconf 87' lang='lat' dir='ltr'><strong>mini</strong></span> <span class='ocrx_word' id='word_1_394' title='bbox 2159 2748 2357 2799; x_wconf 89' lang='lat' dir='ltr'><strong>autem</strong></span> <span class='ocrx_word' id='word_1_395' title='bbox 2400 2747 2589 2813; x_wconf 89' lang='lat' dir='ltr'><strong>potest</strong></span> <span class='ocrx_word' id='word_1_396' title='bbox 2621 2740 2925 2813; x_wconf 89' lang='lat' dir='ltr'><strong>prodesse.</strong></span> <span class='ocrx_word' id='word_1_397' title='bbox 2971 2742 3143 2805; x_wconf 84' lang='lat' dir='ltr'><strong>Quod</strong></span> <span class='ocrx_word' id='word_1_398' title='bbox 3178 2742 3223 2796; x_wconf 92' lang='lat' dir='ltr'><strong>si</strong></span> <span class='ocrx_word' id='word_1_399' title='bbox 3267 2742 3407 2798; x_wconf 90' lang='lat' dir='ltr'><strong>velis</strong></span> <span class='ocrx_word' id='word_1_400' title='bbox 3468 2743 3614 2799; x_wconf 89' lang='lat' dir='ltr'><strong>scire</strong></span> 
     </span>
    </p>
   </div>
   <div class='ocr_carea' id='block_1_55' title="bbox 257 2828 1893 2911">
    <p class='ocr_par' dir='ltr' id='par_1_55' title="bbox 257 2835 1854 2911">
     <span class='ocr_line' id='line_1_55' title="bbox 257 2835 1854 2911; baseline -0.001 -22"><span class='ocrx_word' id='word_1_401' title='bbox 257 2842 413 2910; x_wconf 76' lang='grc' dir='ltr'><strong>τούτῳ</strong></span> <span class='ocrx_word' id='word_1_402' title='bbox 462 2845 564 2890; x_wconf 76' lang='grc' dir='ltr'><strong>τοῦ</strong></span> <span class='ocrx_word' id='word_1_403' title='bbox 622 2835 900 2908; x_wconf 82' lang='grc' dir='ltr'><strong>βασιλέως,</strong></span> <span class='ocrx_word' id='word_1_404' title='bbox 967 2843 1165 2890; x_wconf 87' lang='grc' dir='ltr'><strong>πίσσαν</strong></span> <span class='ocrx_word' id='word_1_405' title='bbox 1232 2840 1359 2910; x_wconf 78' lang='grc' dir='ltr'><strong>ὁμοῦ</strong></span> <span class='ocrx_word' id='word_1_406' title='bbox 1414 2844 1501 2890; x_wconf 85' lang='grc' dir='ltr'><strong>καὶ</strong></span> <span class='ocrx_word' id='word_1_407' title='bbox 1556 2842 1710 2911; x_wconf 79' lang='grc' dir='ltr'><strong>στέαρ</strong></span> <span class='ocrx_word' id='word_1_408' title='bbox 1769 2842 1854 2888; x_wconf 73' lang='grc' dir='ltr'><strong>καὶ</strong></span> 
     </span>
    </p>
   </div>
   <div class='ocr_carea' id='block_1_56' title="bbox 1981 2828 3617 2911">
    <p class='ocr_par' dir='ltr' id='par_1_56' title="bbox 1981 2828 3617 2902">
     <span class='ocr_line' id='line_1_56' title="bbox 1981 2828 3617 2902; baseline -0.001 -13"><span class='ocrx_word' id='word_1_409' title='bbox 1981 2850 2105 2889; x_wconf 67' lang='lat' dir='ltr'><strong>sum</strong></span> <span class='ocrx_word' id='word_1_410' title='bbox 2136 2833 2310 2889; x_wconf 89' lang='lat' dir='ltr'><strong>etiam</strong></span> <span class='ocrx_word' id='word_1_411' title='bbox 2332 2847 2461 2886; x_wconf 91' lang='lat' dir='ltr'><strong>esse</strong></span> <span class='ocrx_word' id='word_1_412' title='bbox 2484 2828 2818 2896; x_wconf 89' lang='lat' dir='ltr'><strong>mortalem,</strong></span> <span class='ocrx_word' id='word_1_413' title='bbox 2848 2834 2904 2885; x_wconf 91' lang='lat' dir='ltr'><strong>et</strong></span> <span class='ocrx_word' id='word_1_414' title='bbox 2929 2829 2987 2885; x_wconf 93' lang='lat' dir='ltr'><strong>in</strong></span> <span class='ocrx_word' id='word_1_415' title='bbox 3011 2845 3191 2902; x_wconf 89' lang='lat' dir='ltr'><strong>quem</strong></span> <span class='ocrx_word' id='word_1_416' title='bbox 3216 2836 3428 2887; x_wconf 88' lang='lat' dir='ltr'><strong>natura</strong></span> <span class='ocrx_word' id='word_1_417' title='bbox 3458 2832 3617 2888; x_wconf 89' lang='lat' dir='ltr'><strong>cadit</strong></span> 
     </span>
    </p>
   </div>
   <div class='ocr_carea' id='block_1_57' title="bbox 257 2918 1893 3002">
    <p class='ocr_par' dir='ltr' id='par_1_57' title="bbox 257 2924 1859 3002">
     <span class='ocr_line' id='line_1_57' title="bbox 257 2924 1859 3002; baseline -0.001 -25"><span class='ocrx_word' id='word_1_418' title='bbox 257 2931 442 2999; x_wconf 70' lang='grc' dir='ltr'><strong>τρίχας</strong></span> <span class='ocrx_word' id='word_1_419' title='bbox 496 2929 524 2977; x_wconf 84' lang='grc' dir='ltr'>ὁ</span> <span class='ocrx_word' id='word_1_420' title='bbox 586 2927 883 2996; x_wconf 81' lang='grc' dir='ltr'><strong>θαυμαστὸς</strong></span> <span class='ocrx_word' id='word_1_421' title='bbox 936 2926 1084 2988; x_wconf 76' lang='grc' dir='ltr'><strong>οὗτος</strong></span> <span class='ocrx_word' id='word_1_422' title='bbox 1135 2926 1261 3002; x_wconf 83' lang='grc' dir='ltr'><strong>ἀνὴρ</strong></span> <span class='ocrx_word' id='word_1_423' title='bbox 1324 2928 1568 2991; x_wconf 83' lang='grc' dir='ltr'><strong>ἑστηκὼς,</strong></span> <span class='ocrx_word' id='word_1_424' title='bbox 1623 2924 1732 2978; x_wconf 78' lang='grc' dir='ltr'><strong>εἶτα</strong></span> <span class='ocrx_word' id='word_1_425' title='bbox 1771 2932 1859 2977; x_wconf 81' lang='grc' dir='ltr'><strong>καὶ</strong></span> 
     </span>
    </p>
   </div>
   <div class='ocr_carea' id='block_1_58' title="bbox 1983 2918 3619 3002">
    <p class='ocr_par' dir='ltr' id='par_1_58' title="bbox 1983 2918 3619 2992">
     <span class='ocr_line' id='line_1_58' title="bbox 1983 2918 3619 2992; baseline -0.002 -14"><span class='ocrx_word' id='word_1_426' title='bbox 1983 2924 2254 2992; x_wconf 88' lang='lat' dir='ltr'><strong>nteritus,</strong></span> <span class='ocrx_word' id='word_1_427' title='bbox 2305 2936 2425 2976; x_wconf 92' lang='lat' dir='ltr'><strong>non</strong></span> <span class='ocrx_word' id='word_1_428' title='bbox 2475 2926 2676 2975; x_wconf 89' lang='lat' dir='ltr'><strong>autem</strong></span> <span class='ocrx_word' id='word_1_429' title='bbox 2726 2918 2928 2985; x_wconf 91' lang='lat' dir='ltr'><strong>deum,</strong></span> <span class='ocrx_word' id='word_1_430' title='bbox 2987 2920 3279 2990; x_wconf 86' lang='lat' dir='ltr'><strong>permitte,</strong></span> <span class='ocrx_word' id='word_1_431' title='bbox 3309 2936 3343 2975; x_wconf 96' lang='lat' dir='ltr'><strong>o</strong></span> <span class='ocrx_word' id='word_1_432' title='bbox 3401 2936 3521 2987; x_wconf 83' lang='lat' dir='ltr'><strong>rex,</strong></span> <span class='ocrx_word' id='word_1_433' title='bbox 3563 2926 3619 2976; x_wconf 91' lang='lat' dir='ltr'><strong>et</strong></span> 
     </span>
    </p>
   </div>
   <div class='ocr_carea' id='block_1_59' title="bbox 260 3007 1896 3091">
    <p class='ocr_par' dir='ltr' id='par_1_59' title="bbox 260 3014 1860 3091">
     <span class='ocr_line' id='line_1_59' title="bbox 260 3014 1860 3091; baseline -0.007 -15"><span class='ocrx_word' id='word_1_434' title='bbox 260 3016 421 3086; x_wconf 77' lang='grc' dir='ltr'><strong>μάζας</strong></span> <span class='ocrx_word' id='word_1_435' title='bbox 464 3022 789 3077; x_wconf 65' lang='grc' dir='ltr'><strong>πεποιηκὼς,</strong></span> <span class='ocrx_word' id='word_1_436' title='bbox 842 3016 909 3075; x_wconf 79' lang='grc' dir='ltr'><strong>εἰς</strong></span> <span class='ocrx_word' id='word_1_437' title='bbox 960 3020 1018 3067; x_wconf 87' lang='grc' dir='ltr'><strong>τὸ</strong></span> <span class='ocrx_word' id='word_1_438' title='bbox 1066 3035 1237 3088; x_wconf 88' lang='grc' dir='ltr'><strong>στομα</strong></span> <span class='ocrx_word' id='word_1_439' title='bbox 1282 3018 1475 3075; x_wconf 80' lang='grc' dir='ltr'><strong>καθῆκε</strong></span> <span class='ocrx_word' id='word_1_440' title='bbox 1506 3024 1595 3068; x_wconf 73' lang='grc' dir='ltr'><strong>τοῦ</strong></span> <span class='ocrx_word' id='word_1_441' title='bbox 1642 3014 1860 3091; x_wconf 73' lang='grc' dir='ltr'><strong>δρακόν-</strong></span> 
     </span>
    </p>
   </div>
   <div class='ocr_carea' id='block_1_60' title="bbox 1982 3007 3618 3091">
    <p class='ocr_par' dir='ltr' id='par_1_60' title="bbox 1982 3007 3618 3083">
     <span class='ocr_line' id='line_1_60' title="bbox 1982 3007 3618 3083; baseline -0.002 -14"><span class='ocrx_word' id='word_1_442' title='bbox 1982 3028 2081 3083; x_wconf 72' lang='lat' dir='ltr'><strong>ego</strong></span> <span class='ocrx_word' id='word_1_443' title='bbox 2113 3027 2251 3067; x_wconf 91' lang='lat' dir='ltr'><strong>eum</strong></span> <span class='ocrx_word' id='word_1_444' title='bbox 2291 3009 2560 3067; x_wconf 85' lang='lat' dir='ltr'><strong>occidam</strong></span> <span class='ocrx_word' id='word_1_445' title='bbox 2597 3010 2725 3064; x_wconf 90' lang='lat' dir='ltr'><strong>sine</strong></span> <span class='ocrx_word' id='word_1_446' title='bbox 2774 3007 2974 3078; x_wconf 88' lang='lat' dir='ltr'><strong>gladio</strong></span> <span class='ocrx_word' id='word_1_447' title='bbox 3005 3013 3059 3063; x_wconf 93' lang='lat' dir='ltr'><strong>et</strong></span> <span class='ocrx_word' id='word_1_448' title='bbox 3090 3009 3273 3079; x_wconf 87' lang='lat' dir='ltr'><strong>virga.</strong></span> <span class='ocrx_word' id='word_1_449' title='bbox 3308 3010 3446 3065; x_wconf 90' lang='lat' dir='ltr'><strong>Cum</strong></span> <span class='ocrx_word' id='word_1_450' title='bbox 3483 3026 3618 3066; x_wconf 90' lang='lat' dir='ltr'><strong>vero</strong></span> 
     </span>
    </p>
   </div>
   <div class='ocr_carea' id='block_1_61' title="bbox 258 3096 1894 3181">
    <p class='ocr_par' dir='ltr' id='par_1_61' title="bbox 258 3101 1863 3181">
     <span class='ocr_line' id='line_1_61' title="bbox 258 3101 1863 3181; baseline -0.002 -22"><span class='ocrx_word' id='word_1_451' title='bbox 258 3124 350 3166; x_wconf 80' lang='grc' dir='ltr'><strong>τος.</strong></span> <span class='ocrx_word' id='word_1_452' title='bbox 406 3105 465 3157; x_wconf 68' lang='grc' dir='ltr'><strong>Ὀ</strong></span> <span class='ocrx_word' id='word_1_453' title='bbox 518 3101 587 3156; x_wconf 68' lang='grc' dir='ltr'><strong>δὲ</strong></span> <span class='ocrx_word' id='word_1_454' title='bbox 622 3110 797 3176; x_wconf 73' lang='grc' dir='ltr'><strong>φαγὼν</strong></span> <span class='ocrx_word' id='word_1_455' title='bbox 842 3105 1093 3178; x_wconf 75' lang='grc' dir='ltr'><strong>ῥήγνυται</strong></span> <span class='ocrx_word' id='word_1_456' title='bbox 1136 3114 1489 3181; x_wconf 82' lang='grc' dir='ltr'><strong>παραχρῆμα,</strong></span> <span class='ocrx_word' id='word_1_457' title='bbox 1535 3110 1667 3175; x_wconf 80' lang='grc' dir='ltr'><strong>Πρός</strong></span> <span class='ocrx_word' id='word_1_458' title='bbox 1696 3113 1863 3157; x_wconf 76' lang='grc' dir='ltr'><strong>ταῦτα</strong></span> 
     </span>
    </p>
   </div>
   <div class='ocr_carea' id='block_1_62' title="bbox 1981 3096 3617 3181">
    <p class='ocr_par' dir='ltr' id='par_1_62' title="bbox 1981 3097 3617 3169">
     <span class='ocr_line' id='line_1_62' title="bbox 1981 3097 3617 3169; baseline -0.004 -10"><span class='ocrx_word' id='word_1_459' title='bbox 1981 3104 2024 3159; x_wconf 80' lang='lat' dir='ltr'><strong>ei</strong></span> <span class='ocrx_word' id='word_1_460' title='bbox 2073 3117 2175 3157; x_wconf 81' lang='lat' dir='ltr'><strong>rex</strong></span> <span class='ocrx_word' id='word_1_461' title='bbox 2221 3101 2335 3157; x_wconf 91' lang='lat' dir='ltr'><strong>hoc</strong></span> <span class='ocrx_word' id='word_1_462' title='bbox 2384 3098 2705 3163; x_wconf 88' lang='lat' dir='ltr'><strong>annuisset,</strong></span> <span class='ocrx_word' id='word_1_463' title='bbox 2741 3103 2795 3153; x_wconf 92' lang='lat' dir='ltr'><strong>et</strong></span> <span class='ocrx_word' id='word_1_464' title='bbox 2841 3097 3033 3169; x_wconf 91' lang='lat' dir='ltr'><strong>picem</strong></span> <span class='ocrx_word' id='word_1_465' title='bbox 3066 3097 3245 3152; x_wconf 87' lang='lat' dir='ltr'><strong>simul</strong></span> <span class='ocrx_word' id='word_1_466' title='bbox 3294 3102 3349 3153; x_wconf 91' lang='lat' dir='ltr'><strong>et</strong></span> <span class='ocrx_word' id='word_1_467' title='bbox 3376 3098 3617 3169; x_wconf 89' lang='lat' dir='ltr'><strong>adipem</strong></span> 
     </span>
    </p>
   </div>
   <div class='ocr_carea' id='block_1_63' title="bbox 261 3186 1897 3269">
    <p class='ocr_par' dir='ltr' id='par_1_63' title="bbox 261 3190 1863 3269">
     <span class='ocr_line' id='line_1_63' title="bbox 261 3190 1863 3269; baseline 0.001 -25"><span class='ocrx_word' id='word_1_468' title='bbox 261 3196 303 3244; x_wconf 87' lang='lat' dir='ltr'><strong>oi</strong></span> <span class='ocrx_word' id='word_1_469' title='bbox 354 3204 452 3245; x_wconf 81' lang='grc' dir='ltr'><strong>τῶν</strong></span> <span class='ocrx_word' id='word_1_470' title='bbox 518 3192 855 3245; x_wconf 79' lang='grc' dir='ltr'><strong>Βαϐυλωνίων</strong></span> <span class='ocrx_word' id='word_1_471' title='bbox 917 3190 1467 3267; x_wconf 79' lang='grc' dir='ltr'><strong>δεισιδαιμονέστατοι</strong></span> <span class='ocrx_word' id='word_1_472' title='bbox 1527 3195 1724 3269; x_wconf 72' lang='grc' dir='ltr'><strong>βαρέως</strong></span> <span class='ocrx_word' id='word_1_473' title='bbox 1784 3190 1863 3246; x_wconf 75' lang='grc' dir='ltr'><strong>δι-</strong></span> 
     </span>
    </p>
   </div>
   <div class='ocr_carea' id='block_1_64' title="bbox 1984 3186 3620 3269">
    <p class='ocr_par' dir='ltr' id='par_1_64' title="bbox 1984 3186 3620 3264">
     <span class='ocr_line' id='line_1_64' title="bbox 1984 3186 3620 3264; baseline -0.004 -15"><span class='ocrx_word' id='word_1_474' title='bbox 1984 3199 2029 3249; x_wconf 72' lang='lat' dir='ltr'><strong>et</strong></span> <span class='ocrx_word' id='word_1_475' title='bbox 2054 3192 2207 3264; x_wconf 93' lang='lat' dir='ltr'><strong>pilos</strong></span> <span class='ocrx_word' id='word_1_476' title='bbox 2231 3190 2490 3246; x_wconf 85' lang='lat' dir='ltr'><strong>coxisset</strong></span> <span class='ocrx_word' id='word_1_477' title='bbox 2519 3188 2612 3243; x_wconf 90' lang='lat' dir='ltr'><strong>hic</strong></span> <span class='ocrx_word' id='word_1_478' title='bbox 2626 3186 3179 3252; x_wconf 88' lang='lat' dir='ltr'><strong>viradmirabilis,et</strong></span> <span class='ocrx_word' id='word_1_479' title='bbox 3201 3186 3416 3243; x_wconf 91' lang='lat' dir='ltr'><strong>deinde</strong></span> <span class='ocrx_word' id='word_1_480' title='bbox 3444 3188 3620 3243; x_wconf 90' lang='lat' dir='ltr'><strong>etiam</strong></span> 
     </span>
    </p>
   </div>
   <div class='ocr_carea' id='block_1_65' title="bbox 264 3276 1900 3359">
    <p class='ocr_par' dir='ltr' id='par_1_65' title="bbox 264 3281 1866 3359">
     <span class='ocr_line' id='line_1_65' title="bbox 264 3281 1866 3359; baseline 0 -25"><span class='ocrx_word' id='word_1_481' title='bbox 264 3288 566 3354; x_wconf 77' lang='grc' dir='ltr'><strong>ενέγκοντες,</strong></span> <span class='ocrx_word' id='word_1_482' title='bbox 626 3290 699 3352; x_wconf 82' lang='grc' dir='ltr'><strong>τῷ</strong></span> <span class='ocrx_word' id='word_1_483' title='bbox 754 3281 965 3355; x_wconf 84' lang='grc' dir='ltr'><strong>βασιλεῖ</strong></span> <span class='ocrx_word' id='word_1_484' title='bbox 1011 3303 1063 3336; x_wconf 83' lang='grc' dir='ltr'><strong>τε</strong></span> <span class='ocrx_word' id='word_1_485' title='bbox 1094 3285 1391 3359; x_wconf 89' lang='grc' dir='ltr'><strong>προσῆλθον</strong></span> <span class='ocrx_word' id='word_1_486' title='bbox 1421 3289 1629 3337; x_wconf 81' lang='grc' dir='ltr'><strong>καὶτὸν</strong></span> <span class='ocrx_word' id='word_1_487' title='bbox 1677 3284 1866 3341; x_wconf 76' lang='grc' dir='ltr'><strong>Δανιὴλ</strong></span> 
     </span>
    </p>
   </div>
   <div class='ocr_carea' id='block_1_66' title="bbox 1985 3276 3621 3359">
    <p class='ocr_par' dir='ltr' id='par_1_66' title="bbox 1985 3276 3621 3345">
     <span class='ocr_line' id='line_1_66' title="bbox 1985 3276 3621 3345; baseline -0.003 -7"><span class='ocrx_word' id='word_1_488' title='bbox 1985 3282 2127 3339; x_wconf 74' lang='lat' dir='ltr'><strong>offas</strong></span> <span class='ocrx_word' id='word_1_489' title='bbox 2160 3281 2409 3345; x_wconf 88' lang='lat' dir='ltr'><strong>fecisset,</strong></span> <span class='ocrx_word' id='word_1_490' title='bbox 2456 3278 2690 3333; x_wconf 91' lang='lat' dir='ltr'><strong>demisit</strong></span> <span class='ocrx_word' id='word_1_491' title='bbox 2720 3277 2780 3332; x_wconf 91' lang='lat' dir='ltr'><strong>in</strong></span> <span class='ocrx_word' id='word_1_492' title='bbox 2833 3292 2900 3332; x_wconf 93' lang='lat' dir='ltr'><strong>os</strong></span> <span class='ocrx_word' id='word_1_493' title='bbox 2953 3276 3250 3332; x_wconf 87' lang='lat' dir='ltr'><strong>draconis.</strong></span> <span class='ocrx_word' id='word_1_494' title='bbox 3278 3276 3373 3332; x_wconf 82' lang='lat' dir='ltr'><strong>ille</strong></span> <span class='ocrx_word' id='word_1_495' title='bbox 3424 3282 3621 3333; x_wconf 90' lang='lat' dir='ltr'><strong>autem</strong></span> 
     </span>
    </p>
   </div>
   <div class='ocr_carea' id='block_1_67' title="bbox 264 3364 1900 3447">
    <p class='ocr_par' dir='ltr' id='par_1_67' title="bbox 264 3368 1868 3447">
     <span class='ocr_line' id='line_1_67' title="bbox 264 3368 1868 3447; baseline 0.002 -25"><span class='ocrx_word' id='word_1_496' title='bbox 264 3370 601 3443; x_wconf 71' lang='grc' dir='ltr'><strong>ἑξητησαντο·</strong></span> <span class='ocrx_word' id='word_1_497' title='bbox 664 3368 797 3429; x_wconf 74' lang='grc' dir='ltr'><strong>ἦσαν</strong></span> <span class='ocrx_word' id='word_1_498' title='bbox 870 3376 971 3445; x_wconf 78' lang='grc' dir='ltr'><strong>γὰρ</strong></span> <span class='ocrx_word' id='word_1_499' title='bbox 1026 3373 1260 3446; x_wconf 76' lang='grc' dir='ltr'><strong>ἀτέχνως</strong></span> <span class='ocrx_word' id='word_1_500' title='bbox 1316 3377 1414 3427; x_wconf 79' lang='grc' dir='ltr'><strong>ὑπὸ</strong></span> <span class='ocrx_word' id='word_1_501' title='bbox 1495 3383 1585 3427; x_wconf 80' lang='grc' dir='ltr'><strong>τοῦ</strong></span> <span class='ocrx_word' id='word_1_502' title='bbox 1644 3373 1868 3447; x_wconf 67' lang='grc' dir='ltr'><strong>ἀφανοῦς</strong></span> 
     </span>
    </p>
   </div>
   <div class='ocr_carea' id='block_1_68' title="bbox 1989 3364 3625 3447">
    <p class='ocr_par' dir='ltr' id='par_1_68' title="bbox 1989 3364 3625 3436">
     <span class='ocr_line' id='line_1_68' title="bbox 1989 3364 3625 3436; baseline -0.004 -8"><span class='ocrx_word' id='word_1_503' title='bbox 1989 3387 2113 3427; x_wconf 65' lang='lat' dir='ltr'><strong>sum</strong></span> <span class='ocrx_word' id='word_1_504' title='bbox 2167 3368 2537 3431; x_wconf 89' lang='lat' dir='ltr'><strong>comedisset,</strong></span> <span class='ocrx_word' id='word_1_505' title='bbox 2586 3364 2903 3421; x_wconf 81' lang='lat' dir='ltr'><strong>confestim</strong></span> <span class='ocrx_word' id='word_1_506' title='bbox 2937 3365 3251 3436; x_wconf 87' lang='lat' dir='ltr'><strong>rumpitur.</strong></span> <span class='ocrx_word' id='word_1_507' title='bbox 3306 3367 3440 3423; x_wconf 69' lang='lat' dir='ltr'><strong>Haec</strong></span> <span class='ocrx_word' id='word_1_508' title='bbox 3488 3383 3625 3422; x_wconf 92' lang='lat' dir='ltr'><strong>cum</strong></span> 
     </span>
    </p>
   </div>
   <div class='ocr_carea' id='block_1_69' title="bbox 268 3454 1904 3535">
    <p class='ocr_par' dir='ltr' id='par_1_69' title="bbox 268 3457 1868 3535">
     <span class='ocr_line' id='line_1_69' title="bbox 268 3457 1868 3535; baseline 0.003 -24"><span class='ocrx_word' id='word_1_509' title='bbox 268 3457 539 3535; x_wconf 78' lang='grc' dir='ltr'><strong>δράκοντος</strong></span> <span class='ocrx_word' id='word_1_510' title='bbox 599 3459 1002 3533; x_wconf 71' lang='grc' dir='ltr'><strong>ὑποϐεϐλημένοι</strong></span> <span class='ocrx_word' id='word_1_511' title='bbox 1050 3468 1138 3515; x_wconf 83' lang='grc' dir='ltr'><strong>καὶ</strong></span> <span class='ocrx_word' id='word_1_512' title='bbox 1192 3463 1381 3522; x_wconf 82' lang='grc' dir='ltr'><strong>πολλὴν</strong></span> <span class='ocrx_word' id='word_1_513' title='bbox 1431 3466 1559 3522; x_wconf 84' lang='grc' dir='ltr'><strong>ὅσην</strong></span> <span class='ocrx_word' id='word_1_514' title='bbox 1609 3467 1744 3516; x_wconf 79' lang='grc' dir='ltr'><strong>κατὰ</strong></span> <span class='ocrx_word' id='word_1_515' title='bbox 1779 3471 1868 3516; x_wconf 86' lang='grc' dir='ltr'><strong>τοῦ</strong></span> 
     </span>
    </p>
   </div>
   <div class='ocr_carea' id='block_1_70' title="bbox 1993 3454 3629 3535">
    <p class='ocr_par' dir='ltr' id='par_1_70' title="bbox 1993 3454 3629 3534">
     <span class='ocr_line' id='line_1_70' title="bbox 1993 3454 3629 3534; baseline -0.003 -18"><span class='ocrx_word' id='word_1_516' title='bbox 1993 3460 2232 3534; x_wconf 65' lang='lat' dir='ltr'><strong>graviter</strong></span> <span class='ocrx_word' id='word_1_517' title='bbox 2272 3458 2537 3513; x_wconf 89' lang='lat' dir='ltr'><strong>tulissent</strong></span> <span class='ocrx_word' id='word_1_518' title='bbox 2565 3454 2900 3526; x_wconf 85' lang='lat' dir='ltr'><strong>quicunque</strong></span> <span class='ocrx_word' id='word_1_519' title='bbox 2946 3470 3019 3509; x_wconf 89' lang='lat' dir='ltr'><strong>ex</strong></span> <span class='ocrx_word' id='word_1_520' title='bbox 3072 3454 3411 3525; x_wconf 85' lang='lat' dir='ltr'><strong>Babyloniis</strong></span> <span class='ocrx_word' id='word_1_521' title='bbox 3462 3458 3629 3511; x_wconf 88' lang='lat' dir='ltr'><strong>erant</strong></span> 
     </span>
    </p>
   </div>
   <div class='ocr_carea' id='block_1_71' title="bbox 268 3542 1904 3625">
    <p class='ocr_par' dir='ltr' id='par_1_71' title="bbox 268 3548 1869 3625">
     <span class='ocr_line' id='line_1_71' title="bbox 268 3548 1869 3625; baseline 0.004 -26"><span class='ocrx_word' id='word_1_522' title='bbox 268 3556 525 3621; x_wconf 71' lang='grc' dir='ltr'><strong>προφήτου</strong></span> <span class='ocrx_word' id='word_1_523' title='bbox 573 3553 668 3607; x_wconf 80' lang='grc' dir='ltr'><strong>τὴν</strong></span> <span class='ocrx_word' id='word_1_524' title='bbox 716 3555 902 3621; x_wconf 89' lang='grc' dir='ltr'><strong>μανίαν</strong></span> <span class='ocrx_word' id='word_1_525' title='bbox 952 3548 1239 3613; x_wconf 78' lang='grc' dir='ltr'><strong>ὠδίνοντες.</strong></span> <span class='ocrx_word' id='word_1_526' title='bbox 1286 3559 1548 3625; x_wconf 86' lang='grc' dir='ltr'><strong>Προσίασι</strong></span> <span class='ocrx_word' id='word_1_527' title='bbox 1602 3559 1768 3606; x_wconf 81' lang='grc' dir='ltr'><strong>τοίνυν</strong></span> <span class='ocrx_word' id='word_1_528' title='bbox 1799 3562 1869 3625; x_wconf 82' lang='grc' dir='ltr'><strong>τῷ</strong></span> 
     </span>
    </p>
   </div>
   <div class='ocr_carea' id='block_1_72' title="bbox 1990 3542 3626 3625">
    <p class='ocr_par' dir='ltr' id='par_1_72' title="bbox 1990 3542 3626 3621">
     <span class='ocr_line' id='line_1_72' title="bbox 1990 3542 3626 3621; baseline -0.004 -15"><span class='ocrx_word' id='word_1_529' title='bbox 1990 3544 2377 3621; x_wconf 86' lang='lat' dir='ltr'><strong>superstitiosi</strong></span> <span class='ocrx_word' id='word_1_530' title='bbox 2424 3550 2481 3600; x_wconf 92' lang='lat' dir='ltr'><strong>et</strong></span> <span class='ocrx_word' id='word_1_531' title='bbox 2538 3543 2706 3599; x_wconf 72' lang='lat' dir='ltr'><strong>falsa:</strong></span> <span class='ocrx_word' id='word_1_532' title='bbox 2753 3542 3021 3612; x_wconf 83' lang='lat' dir='ltr'><strong>religioni</strong></span> <span class='ocrx_word' id='word_1_533' title='bbox 3068 3543 3272 3609; x_wconf 87' lang='lat' dir='ltr'><strong>dediti,</strong></span> <span class='ocrx_word' id='word_1_534' title='bbox 3308 3544 3385 3599; x_wconf 89' lang='lat' dir='ltr'><strong>ad</strong></span> <span class='ocrx_word' id='word_1_535' title='bbox 3429 3561 3626 3615; x_wconf 87' lang='lat' dir='ltr'><strong>regem</strong></span> 
     </span>
    </p>
   </div>
   <div class='ocr_carea' id='block_1_73' title="bbox 275 3631 1911 3714">
    <p class='ocr_par' dir='ltr' id='par_1_73' title="bbox 275 3635 1872 3714">
     <span class='ocr_line' id='line_1_73' title="bbox 275 3635 1872 3714; baseline 0.003 -24"><span class='ocrx_word' id='word_1_536' title='bbox 275 3636 489 3707; x_wconf 77' lang='grc' dir='ltr'><strong>βασιλεῖ·</strong></span> <span class='ocrx_word' id='word_1_537' title='bbox 554 3635 801 3713; x_wconf 77' lang='grc' dir='ltr'><strong>Παραδος</strong></span> <span class='ocrx_word' id='word_1_538' title='bbox 850 3642 976 3711; x_wconf 81' lang='grc' dir='ltr'><strong>ἡμῖν</strong></span> <span class='ocrx_word' id='word_1_539' title='bbox 1032 3645 1116 3692; x_wconf 83' lang='grc' dir='ltr'><strong>τὸν</strong></span> <span class='ocrx_word' id='word_1_540' title='bbox 1172 3642 1377 3709; x_wconf 82' lang='grc' dir='ltr'><strong>Δανιὴλ,</strong></span> <span class='ocrx_word' id='word_1_541' title='bbox 1433 3642 1674 3714; x_wconf 73' lang='grc' dir='ltr'><strong>λέγοντες·</strong></span> <span class='ocrx_word' id='word_1_542' title='bbox 1734 3644 1776 3695; x_wconf 79' lang='grc' dir='ltr'><strong>εἰ</strong></span> <span class='ocrx_word' id='word_1_543' title='bbox 1821 3640 1872 3695; x_wconf 86' lang='grc' dir='ltr'><strong>δ’</strong></span> 
     </span>
    </p>
   </div>
   <div class='ocr_carea' id='block_1_74' title="bbox 1994 3631 3630 3714">
    <p class='ocr_par' dir='ltr' id='par_1_74' title="bbox 1994 3631 3630 3705">
     <span class='ocr_line' id='line_1_74' title="bbox 1994 3631 3630 3705; baseline -0.006 -8"><span class='ocrx_word' id='word_1_544' title='bbox 1994 3640 2358 3697; x_wconf 69' lang='lat' dir='ltr'><strong>accesserunt</strong></span> <span class='ocrx_word' id='word_1_545' title='bbox 2378 3640 2431 3690; x_wconf 90' lang='lat' dir='ltr'><strong>et</strong></span> <span class='ocrx_word' id='word_1_546' title='bbox 2460 3634 2753 3705; x_wconf 89' lang='lat' dir='ltr'><strong>petierunt</strong></span> <span class='ocrx_word' id='word_1_547' title='bbox 2785 3631 3105 3687; x_wconf 89' lang='lat' dir='ltr'><strong>Danielem.</strong></span> <span class='ocrx_word' id='word_1_548' title='bbox 3140 3634 3316 3687; x_wconf 88' lang='lat' dir='ltr'><strong>Erant</strong></span> <span class='ocrx_word' id='word_1_549' title='bbox 3346 3634 3502 3687; x_wconf 89' lang='lat' dir='ltr'><strong>enim</strong></span> <span class='ocrx_word' id='word_1_550' title='bbox 3550 3649 3630 3687; x_wconf 87' lang='lat' dir='ltr'><strong>re-</strong></span> 
     </span>
    </p>
   </div>
   <div class='ocr_carea' id='block_1_75' title="bbox 275 3719 1911 3805">
    <p class='ocr_par' dir='ltr' id='par_1_75' title="bbox 275 3723 1870 3805">
     <span class='ocr_line' id='line_1_75' title="bbox 275 3723 1870 3805; baseline 0.004 -28"><span class='ocrx_word' id='word_1_551' title='bbox 275 3723 373 3793; x_wconf 73' lang='grc' dir='ltr'><strong>οὖν,</strong></span> <span class='ocrx_word' id='word_1_552' title='bbox 426 3726 561 3779; x_wconf 74' lang='grc' dir='ltr'><strong>ἀλλά</strong></span> <span class='ocrx_word' id='word_1_553' title='bbox 614 3747 669 3780; x_wconf 86' lang='grc' dir='ltr'><strong>σε</strong></span> <span class='ocrx_word' id='word_1_554' title='bbox 722 3727 1116 3800; x_wconf 59' lang='grc' dir='ltr'><strong>ἀποκτενοῦμεν,</strong></span> <span class='ocrx_word' id='word_1_555' title='bbox 1159 3731 1319 3792; x_wconf 76' lang='grc' dir='ltr'><strong>Δῆλος</strong></span> <span class='ocrx_word' id='word_1_556' title='bbox 1347 3734 1444 3805; x_wconf 73' lang='grc' dir='ltr'><strong>γὰρ</strong></span> <span class='ocrx_word' id='word_1_557' title='bbox 1476 3734 1598 3803; x_wconf 79' lang='grc' dir='ltr'><strong>ἡμῖν</strong></span> <span class='ocrx_word' id='word_1_558' title='bbox 1640 3731 1739 3783; x_wconf 82' lang='grc' dir='ltr'><strong>ἀπὸ</strong></span> <span class='ocrx_word' id='word_1_559' title='bbox 1772 3741 1870 3783; x_wconf 87' lang='grc' dir='ltr'><strong>τῶν</strong></span> 
     </span>
    </p>
   </div>
   <div class='ocr_carea' id='block_1_76' title="bbox 1997 3719 3633 3805">
    <p class='ocr_par' dir='ltr' id='par_1_76' title="bbox 1997 3719 3633 3795">
     <span class='ocr_line' id='line_1_76' title="bbox 1997 3719 3633 3795; baseline -0.006 -10"><span class='ocrx_word' id='word_1_560' title='bbox 1997 3744 2125 3786; x_wconf 76' lang='lat' dir='ltr'><strong>vera</strong></span> <span class='ocrx_word' id='word_1_561' title='bbox 2154 3725 2409 3795; x_wconf 87' lang='lat' dir='ltr'><strong>instigati</strong></span> <span class='ocrx_word' id='word_1_562' title='bbox 2443 3739 2477 3778; x_wconf 90' lang='lat' dir='ltr'><strong>a</strong></span> <span class='ocrx_word' id='word_1_563' title='bbox 2502 3722 2781 3785; x_wconf 88' lang='lat' dir='ltr'><strong>dracone,</strong></span> <span class='ocrx_word' id='word_1_564' title='bbox 2817 3720 2919 3790; x_wconf 89' lang='lat' dir='ltr'><strong>qui</strong></span> <span class='ocrx_word' id='word_1_565' title='bbox 2970 3735 3090 3774; x_wconf 88' lang='lat' dir='ltr'><strong>non</strong></span> <span class='ocrx_word' id='word_1_566' title='bbox 3131 3719 3279 3775; x_wconf 85' lang='lat' dir='ltr'><strong>cadit</strong></span> <span class='ocrx_word' id='word_1_567' title='bbox 3312 3720 3423 3775; x_wconf 92' lang='lat' dir='ltr'><strong>sub</strong></span> <span class='ocrx_word' id='word_1_568' title='bbox 3464 3738 3633 3791; x_wconf 85' lang='lat' dir='ltr'><strong>aspe—</strong></span> 
     </span>
    </p>
   </div>
   <div class='ocr_carea' id='block_1_77' title="bbox 277 3808 1913 3889">
    <p class='ocr_par' dir='ltr' id='par_1_77' title="bbox 277 3818 1873 3889">
     <span class='ocr_line' id='line_1_77' title="bbox 277 3818 1873 3889; baseline 0.004 -22"><span class='ocrx_word' id='word_1_569' title='bbox 277 3819 425 3889; x_wconf 72' lang='grc' dir='ltr'><strong>ἓργων</strong></span> <span class='ocrx_word' id='word_1_570' title='bbox 471 3820 828 3882; x_wconf 80' lang='grc' dir='ltr'><strong>καθίστασαι,</strong></span> <span class='ocrx_word' id='word_1_571' title='bbox 872 3820 951 3869; x_wconf 87' lang='grc' dir='ltr'><strong>ὅτι</strong></span> <span class='ocrx_word' id='word_1_572' title='bbox 1002 3825 1090 3870; x_wconf 82' lang='grc' dir='ltr'><strong>καὶ</strong></span> <span class='ocrx_word' id='word_1_573' title='bbox 1140 3820 1295 3881; x_wconf 66' lang='grc' dir='ltr'><strong>αὐτὸς</strong></span> <span class='ocrx_word' id='word_1_574' title='bbox 1331 3818 1435 3878; x_wconf 69' lang='grc' dir='ltr'><strong>ἤδη</strong></span> <span class='ocrx_word' id='word_1_575' title='bbox 1484 3824 1548 3872; x_wconf 80' lang='grc' dir='ltr'><strong>τὰ</strong></span> <span class='ocrx_word' id='word_1_576' title='bbox 1604 3818 1873 3873; x_wconf 82' lang='grc' dir='ltr'><strong>Ἰουδαίων</strong></span> 
     </span>
    </p>
   </div>
   <div class='ocr_carea' id='block_1_78' title="bbox 1995 3808 3631 3889">
    <p class='ocr_par' dir='ltr' id='par_1_78' title="bbox 1995 3808 3631 3880">
     <span class='ocr_line' id='line_1_78' title="bbox 1995 3808 3631 3880; baseline -0.005 -7"><span class='ocrx_word' id='word_1_577' title='bbox 1995 3825 2165 3879; x_wconf 69' lang='lat' dir='ltr'><strong>stum,</strong></span> <span class='ocrx_word' id='word_1_578' title='bbox 2208 3820 2262 3869; x_wconf 90' lang='lat' dir='ltr'><strong>et</strong></span> <span class='ocrx_word' id='word_1_579' title='bbox 2300 3813 2591 3868; x_wconf 87' lang='lat' dir='ltr'><strong>adversus</strong></span> <span class='ocrx_word' id='word_1_580' title='bbox 2633 3808 2986 3880; x_wconf 87' lang='lat' dir='ltr'><strong>prophetam</strong></span> <span class='ocrx_word' id='word_1_581' title='bbox 3021 3824 3311 3879; x_wconf 86' lang='lat' dir='ltr'><strong>magnum</strong></span> <span class='ocrx_word' id='word_1_582' title='bbox 3375 3809 3631 3865; x_wconf 80' lang='lat' dir='ltr'><strong>furorem</strong></span> 
     </span>
    </p>
   </div>
   <div class='ocr_carea' id='block_1_79' title="bbox 280 3897 1916 3985">
    <p class='ocr_par' dir='ltr' id='par_1_79' title="bbox 280 3906 1876 3985">
     <span class='ocr_line' id='line_1_79' title="bbox 280 3906 1876 3985; baseline 0.004 -28"><span class='ocrx_word' id='word_1_583' title='bbox 280 3914 483 3976; x_wconf 71' lang='grc' dir='ltr'><strong>φρονεῖς.</strong></span> <span class='ocrx_word' id='word_1_584' title='bbox 539 3906 746 3977; x_wconf 74' lang='grc' dir='ltr'><strong>Ἀμέλει</strong></span> <span class='ocrx_word' id='word_1_585' title='bbox 798 3912 887 3959; x_wconf 81' lang='grc' dir='ltr'><strong>καὶ</strong></span> <span class='ocrx_word' id='word_1_586' title='bbox 940 3906 1281 3980; x_wconf 75' lang='grc' dir='ltr'><strong>παραδίδωσι</strong></span> <span class='ocrx_word' id='word_1_587' title='bbox 1342 3918 1520 3962; x_wconf 70' lang='grc' dir='ltr'><strong>τοῦτον</strong></span> <span class='ocrx_word' id='word_1_588' title='bbox 1576 3910 1643 3970; x_wconf 79' lang='grc' dir='ltr'><strong>εἰς</strong></span> <span class='ocrx_word' id='word_1_589' title='bbox 1695 3918 1876 3985; x_wconf 85' lang='grc' dir='ltr'><strong>χεῖρας</strong></span> 
     </span>
    </p>
   </div>
   <div class='ocr_carea' id='block_1_80' title="bbox 1998 3897 3634 3985">
    <p class='ocr_par' dir='ltr' id='par_1_80' title="bbox 1998 3897 3634 3977">
     <span class='ocr_line' id='line_1_80' title="bbox 1998 3897 3634 3977; baseline -0.006 -13"><span class='ocrx_word' id='word_1_590' title='bbox 1998 3909 2397 3977; x_wconf 67' lang='lat' dir='ltr'><strong>zonceperant,</strong></span> <span class='ocrx_word' id='word_1_591' title='bbox 2429 3908 2483 3957; x_wconf 91' lang='lat' dir='ltr'><strong>et</strong></span> <span class='ocrx_word' id='word_1_592' title='bbox 2508 3902 2634 3971; x_wconf 85' lang='lat' dir='ltr'><strong>jam</strong></span> <span class='ocrx_word' id='word_1_593' title='bbox 2686 3897 3110 3971; x_wconf 86' lang='lat' dir='ltr'><strong>parturiebant.</strong></span> <span class='ocrx_word' id='word_1_594' title='bbox 3144 3898 3447 3953; x_wconf 84' lang='lat' dir='ltr'><strong>Accedunt</strong></span> <span class='ocrx_word' id='word_1_595' title='bbox 3494 3915 3634 3970; x_wconf 86' lang='lat' dir='ltr'><strong>ergo</strong></span> 
     </span>
    </p>
   </div>
   <div class='ocr_carea' id='block_1_81' title="bbox 280 3986 1916 4073">
    <p class='ocr_par' dir='ltr' id='par_1_81' title="bbox 280 3994 1876 4073">
     <span class='ocr_line' id='line_1_81' title="bbox 280 3994 1876 4073; baseline 0.004 -27"><span class='ocrx_word' id='word_1_596' title='bbox 280 3994 435 4047; x_wconf 63' lang='grc' dir='ltr'><strong>αἰτῶν</strong></span> <span class='ocrx_word' id='word_1_597' title='bbox 483 3998 510 4048; x_wconf 83' lang='grc' dir='ltr'><strong>ὁ</strong></span> <span class='ocrx_word' id='word_1_598' title='bbox 561 3994 834 4068; x_wconf 78' lang='grc' dir='ltr'><strong>βασιλεὺς,</strong></span> <span class='ocrx_word' id='word_1_599' title='bbox 869 3997 971 4069; x_wconf 72' lang='grc' dir='ltr'><strong>οὐχ</strong></span> <span class='ocrx_word' id='word_1_600' title='bbox 1001 3997 1125 4049; x_wconf 81' lang='grc' dir='ltr'><strong>ἑκὼν</strong></span> <span class='ocrx_word' id='word_1_601' title='bbox 1166 3999 1329 4061; x_wconf 78' lang='grc' dir='ltr'><strong>α’λλως</strong></span> <span class='ocrx_word' id='word_1_602' title='bbox 1369 3997 1489 4052; x_wconf 66' lang='grc' dir='ltr'><strong>οὐδὲ</strong></span> <span class='ocrx_word' id='word_1_603' title='bbox 1545 3999 1876 4073; x_wconf 81' lang='grc' dir='ltr'><strong>βουλόμενος,</strong></span> 
     </span>
    </p>
   </div>
   <div class='ocr_carea' id='block_1_82' title="bbox 1998 3986 3634 4073">
    <p class='ocr_par' dir='ltr' id='par_1_82' title="bbox 1998 3986 3634 4065">
     <span class='ocr_line' id='line_1_82' title="bbox 1998 3986 3634 4065; baseline -0.007 -12"><span class='ocrx_word' id='word_1_604' title='bbox 1998 3998 2066 4053; x_wconf 72' lang='lat' dir='ltr'><strong>ad</strong></span> <span class='ocrx_word' id='word_1_605' title='bbox 2123 4010 2344 4065; x_wconf 84' lang='lat' dir='ltr'><strong>regem,</strong></span> <span class='ocrx_word' id='word_1_606' title='bbox 2398 3992 2693 4047; x_wconf 89' lang='lat' dir='ltr'><strong>dicentes:</strong></span> <span class='ocrx_word' id='word_1_607' title='bbox 2725 3988 2912 4043; x_wconf 85' lang='lat' dir='ltr'><strong>Trade</strong></span> <span class='ocrx_word' id='word_1_608' title='bbox 2940 3986 3111 4042; x_wconf 89' lang='lat' dir='ltr'><strong>nobis</strong></span> <span class='ocrx_word' id='word_1_609' title='bbox 3162 3987 3464 4042; x_wconf 89' lang='lat' dir='ltr'><strong>Danielem</strong></span> <span class='ocrx_word' id='word_1_610' title='bbox 3498 4005 3511 4054; x_wconf 87' lang='lat'><strong>;</strong></span> <span class='ocrx_word' id='word_1_611' title='bbox 3546 3988 3634 4042; x_wconf 91' lang='lat' dir='ltr'><strong>sin</strong></span> 
     </span>
    </p>
   </div>
   <div class='ocr_carea' id='block_1_83' title="bbox 282 4077 1918 4159">
    <p class='ocr_par' dir='ltr' id='par_1_83' title="bbox 282 4080 1878 4159">
     <span class='ocr_line' id='line_1_83' title="bbox 282 4080 1878 4159; baseline 0.004 -26"><span class='ocrx_word' id='word_1_612' title='bbox 282 4080 626 4155; x_wconf 77' lang='grc' dir='ltr'><strong>παραδίδωσι</strong></span> <span class='ocrx_word' id='word_1_613' title='bbox 679 4080 730 4136; x_wconf 84' lang='grc' dir='ltr'><strong>δ’</strong></span> <span class='ocrx_word' id='word_1_614' title='bbox 787 4081 874 4137; x_wconf 78' lang='grc' dir='ltr'><strong>οὖν</strong></span> <span class='ocrx_word' id='word_1_615' title='bbox 926 4089 1077 4159; x_wconf 61' lang='grc' dir='ltr'><strong>ὅμως</strong></span> <span class='ocrx_word' id='word_1_616' title='bbox 1111 4090 1158 4138; x_wconf 84' lang='grc' dir='ltr'><strong>οἱ</strong></span> <span class='ocrx_word' id='word_1_617' title='bbox 1191 4084 1249 4140; x_wconf 69' lang='grc' dir='ltr'><strong>δὲ</strong></span> <span class='ocrx_word' id='word_1_618' title='bbox 1279 4088 1513 4150; x_wconf 82' lang='grc' dir='ltr'><strong>λάϐοντες</strong></span> <span class='ocrx_word' id='word_1_619' title='bbox 1544 4108 1614 4151; x_wconf 89' lang='grc' dir='ltr'><strong>εις</strong></span> <span class='ocrx_word' id='word_1_620' title='bbox 1662 4094 1747 4141; x_wconf 82' lang='grc' dir='ltr'><strong>τὸν</strong></span> <span class='ocrx_word' id='word_1_621' title='bbox 1781 4100 1878 4140; x_wconf 85' lang='grc' dir='ltr'><strong>τῶν</strong></span> 
     </span>
    </p>
   </div>
   <div class='ocr_carea' id='block_1_84' title="bbox 1999 4077 3635 4159">
    <p class='ocr_par' dir='ltr' id='par_1_84' title="bbox 1999 4077 3635 4149">
     <span class='ocr_line' id='line_1_84' title="bbox 1999 4077 3635 4149; baseline -0.007 -6"><span class='ocrx_word' id='word_1_622' title='bbox 1999 4088 2204 4149; x_wconf 85' lang='lat' dir='ltr'><strong>minus,</strong></span> <span class='ocrx_word' id='word_1_623' title='bbox 2240 4092 2292 4139; x_wconf 92' lang='lat' dir='ltr'><strong>te</strong></span> <span class='ocrx_word' id='word_1_624' title='bbox 2322 4081 2690 4137; x_wconf 91' lang='lat' dir='ltr'><strong>occidemus.</strong></span> <span class='ocrx_word' id='word_1_625' title='bbox 2728 4080 2857 4133; x_wconf 84' lang='lat' dir='ltr'><strong>Jam</strong></span> <span class='ocrx_word' id='word_1_626' title='bbox 2889 4077 3045 4132; x_wconf 91' lang='lat' dir='ltr'><strong>enim</strong></span> <span class='ocrx_word' id='word_1_627' title='bbox 3088 4078 3261 4132; x_wconf 91' lang='lat' dir='ltr'><strong>nobis</strong></span> <span class='ocrx_word' id='word_1_628' title='bbox 3287 4094 3358 4133; x_wconf 78' lang='lat' dir='ltr'><strong>ex</strong></span> <span class='ocrx_word' id='word_1_629' title='bbox 3392 4077 3506 4132; x_wconf 89' lang='lat' dir='ltr'><strong>tuis</strong></span> <span class='ocrx_word' id='word_1_630' title='bbox 3549 4077 3635 4133; x_wconf 87' lang='lat' dir='ltr'><strong>fa-</strong></span> 
     </span>
    </p>
   </div>
   <div class='ocr_carea' id='block_1_85' title="bbox 282 4166 1918 4239">
    <p class='ocr_par' dir='ltr' id='par_1_85' title="bbox 282 4170 1882 4237">
     <span class='ocr_line' id='line_1_85' title="bbox 282 4170 1882 4237; baseline 0.004 -15"><span class='ocrx_word' id='word_1_631' title='bbox 282 4170 480 4225; x_wconf 79' lang='grc' dir='ltr'><strong>λιοντων</strong></span> <span class='ocrx_word' id='word_1_632' title='bbox 532 4174 730 4226; x_wconf 77' lang='grc' dir='ltr'><strong>λάκκον</strong></span> <span class='ocrx_word' id='word_1_633' title='bbox 774 4174 924 4236; x_wconf 72' lang='grc' dir='ltr'><strong>εὐθὺς</strong></span> <span class='ocrx_word' id='word_1_634' title='bbox 970 4178 1236 4228; x_wconf 74' lang='grc' dir='ltr'><strong>καθιοὶσιν⁸</strong></span> <span class='ocrx_word' id='word_1_635' title='bbox 1291 4178 1419 4231; x_wconf 75' lang='grc' dir='ltr'><strong>ἑπτὰ</strong></span> <span class='ocrx_word' id='word_1_636' title='bbox 1462 4175 1520 4231; x_wconf 72' lang='grc' dir='ltr'><strong>δε</strong></span> <span class='ocrx_word' id='word_1_637' title='bbox 1554 4176 1686 4237; x_wconf 74' lang='grc' dir='ltr'><strong>ἦσαν</strong></span> <span class='ocrx_word' id='word_1_638' title='bbox 1738 4179 1882 4230; x_wconf 80' lang='grc' dir='ltr'><strong>οὗτοι</strong></span> 
     </span>
    </p>
   </div>
   <div class='ocr_carea' id='block_1_86' title="bbox 2002 4166 3638 4239">
    <p class='ocr_par' dir='ltr' id='par_1_86' title="bbox 2002 4166 3638 4239">
     <span class='ocr_line' id='line_1_86' title="bbox 2002 4166 3638 4239; baseline -0.007 -7"><span class='ocrx_word' id='word_1_639' title='bbox 2002 4178 2098 4233; x_wconf 69' lang='lat' dir='ltr'><strong>etis</strong></span> <span class='ocrx_word' id='word_1_640' title='bbox 2129 4174 2316 4230; x_wconf 89' lang='lat' dir='ltr'><strong>evasit</strong></span> <span class='ocrx_word' id='word_1_641' title='bbox 2349 4170 2752 4233; x_wconf 86' lang='lat' dir='ltr'><strong>manifestum,</strong></span> <span class='ocrx_word' id='word_1_642' title='bbox 2793 4172 2846 4222; x_wconf 92' lang='lat' dir='ltr'><strong>te</strong></span> <span class='ocrx_word' id='word_1_643' title='bbox 2886 4183 3114 4238; x_wconf 87' lang='lat' dir='ltr'><strong>quoque</strong></span> <span class='ocrx_word' id='word_1_644' title='bbox 3178 4166 3374 4239; x_wconf 88' lang='lat' dir='ltr'><strong>ipsum</strong></span> <span class='ocrx_word' id='word_1_645' title='bbox 3432 4168 3638 4223; x_wconf 87' lang='lat' dir='ltr'><strong>eadem</strong></span> 
     </span>
    </p>
   </div>
   <div class='ocr_carea' id='block_1_87' title="bbox 286 4254 1922 4341">
    <p class='ocr_par' dir='ltr' id='par_1_87' title="bbox 286 4260 1883 4341">
     <span class='ocr_line' id='line_1_87' title="bbox 286 4260 1883 4341; baseline 0.006 -30"><span class='ocrx_word' id='word_1_646' title='bbox 286 4266 358 4312; x_wconf 80' lang='grc' dir='ltr'><strong>τόν</strong></span> <span class='ocrx_word' id='word_1_647' title='bbox 409 4262 656 4337; x_wconf 80' lang='grc' dir='ltr'><strong>ἀριθμὸν,</strong></span> <span class='ocrx_word' id='word_1_648' title='bbox 718 4266 789 4323; x_wconf 81' lang='grc' dir='ltr'><strong>οἷς</strong></span> <span class='ocrx_word' id='word_1_649' title='bbox 840 4260 935 4317; x_wconf 75' lang='grc' dir='ltr'><strong>δύο</strong></span> <span class='ocrx_word' id='word_1_650' title='bbox 988 4284 1041 4317; x_wconf 85' lang='grc' dir='ltr'><strong>τε</strong></span> <span class='ocrx_word' id='word_1_651' title='bbox 1096 4271 1314 4339; x_wconf 87' lang='grc' dir='ltr'><strong>σώματα</strong></span> <span class='ocrx_word' id='word_1_652' title='bbox 1366 4273 1454 4320; x_wconf 80' lang='grc' dir='ltr'><strong>καὶ</strong></span> <span class='ocrx_word' id='word_1_653' title='bbox 1502 4268 1736 4341; x_wconf 78' lang='grc' dir='ltr'><strong>πρόϐατα</strong></span> <span class='ocrx_word' id='word_1_654' title='bbox 1787 4266 1883 4320; x_wconf 76' lang='grc' dir='ltr'><strong>δύο</strong></span> 
     </span>
    </p>
   </div>
   <div class='ocr_carea' id='block_1_88' title="bbox 2006 4254 3642 4341">
    <p class='ocr_par' dir='ltr' id='par_1_88' title="bbox 2006 4254 3642 4333">
     <span class='ocr_line' id='line_1_88' title="bbox 2006 4254 3642 4333; baseline -0.006 -14"><span class='ocrx_word' id='word_1_655' title='bbox 2006 4265 2209 4321; x_wconf 78' lang='lat' dir='ltr'><strong>sentire</strong></span> <span class='ocrx_word' id='word_1_656' title='bbox 2238 4277 2373 4333; x_wconf 63' lang='lat' dir='ltr'><strong>quae</strong></span> <span class='ocrx_word' id='word_1_657' title='bbox 2397 4259 2606 4313; x_wconf 63' lang='lat' dir='ltr'><strong>Judaei.</strong></span> <span class='ocrx_word' id='word_1_658' title='bbox 2641 4259 2787 4311; x_wconf 87' lang='lat' dir='ltr'><strong>Eum</strong></span> <span class='ocrx_word' id='word_1_659' title='bbox 2819 4256 3017 4326; x_wconf 87' lang='lat' dir='ltr'><strong>itaque</strong></span> <span class='ocrx_word' id='word_1_660' title='bbox 3072 4255 3245 4311; x_wconf 91' lang='lat' dir='ltr'><strong>tradit</strong></span> <span class='ocrx_word' id='word_1_661' title='bbox 3280 4272 3383 4310; x_wconf 81' lang='lat' dir='ltr'><strong>rex</strong></span> <span class='ocrx_word' id='word_1_662' title='bbox 3420 4254 3479 4310; x_wconf 89' lang='lat' dir='ltr'><strong>in</strong></span> <span class='ocrx_word' id='word_1_663' title='bbox 3521 4272 3642 4311; x_wconf 85' lang='lat' dir='ltr'><strong>ma-</strong></span> 
     </span>
    </p>
   </div>
   <div class='ocr_carea' id='block_1_89' title="bbox 290 4343 1926 4430">
    <p class='ocr_par' dir='ltr' id='par_1_89' title="bbox 290 4349 1926 4430">
     <span class='ocr_line' id='line_1_89' title="bbox 290 4349 1926 4430; baseline 0.004 -26"><span class='ocrx_word' id='word_1_664' title='bbox 290 4352 547 4425; x_wconf 69' lang='grc' dir='ltr'><strong>ἠμερησία</strong></span> <span class='ocrx_word' id='word_1_665' title='bbox 588 4358 754 4425; x_wconf 78' lang='grc' dir='ltr'>τροφὴ</span> <span class='ocrx_word' id='word_1_666' title='bbox 816 4357 1093 4419; x_wconf 78' lang='grc' dir='ltr'><strong>τετύπωτο,</strong></span> <span class='ocrx_word' id='word_1_667' title='bbox 1128 4356 1176 4407; x_wconf 87' lang='grc' dir='ltr'><strong>ἐν</strong></span> <span class='ocrx_word' id='word_1_668' title='bbox 1226 4356 1277 4419; x_wconf 79' lang='grc' dir='ltr'><strong>ἓξ</strong></span> <span class='ocrx_word' id='word_1_669' title='bbox 1322 4355 1381 4409; x_wconf 72' lang='grc' dir='ltr'><strong>δὲ</strong></span> <span class='ocrx_word' id='word_1_670' title='bbox 1426 4366 1537 4417; x_wconf 86' lang='grc' dir='ltr'><strong>ταῖς</strong></span> <span class='ocrx_word' id='word_1_671' title='bbox 1568 4358 1709 4418; x_wconf 84' lang='grc' dir='ltr'><strong>ὅλαις</strong></span> <span class='ocrx_word' id='word_1_672' title='bbox 1765 4349 1926 4430; x_wconf 73' lang='grc' dir='ltr'>ἡμέσ]</span> 
     </span>
    </p>
   </div>
   <div class='ocr_carea' id='block_1_90' title="bbox 2010 4343 3646 4430">
    <p class='ocr_par' dir='ltr' id='par_1_90' title="bbox 2010 4343 3646 4415">
     <span class='ocr_line' id='line_1_90' title="bbox 2010 4343 3646 4415; baseline -0.007 -6"><span class='ocrx_word' id='word_1_673' title='bbox 2010 4372 2110 4410; x_wconf 68' lang='grc' dir='ltr'><strong>ωδ</strong></span> <span class='ocrx_word' id='word_1_674' title='bbox 2151 4367 2380 4414; x_wconf 91' lang='lat' dir='ltr'><strong>eorum,</strong></span> <span class='ocrx_word' id='word_1_675' title='bbox 2414 4364 2531 4403; x_wconf 90' lang='lat' dir='ltr'><strong>nou</strong></span> <span class='ocrx_word' id='word_1_676' title='bbox 2562 4346 2752 4401; x_wconf 88' lang='lat' dir='ltr'><strong>libens</strong></span> <span class='ocrx_word' id='word_1_677' title='bbox 2784 4343 3007 4415; x_wconf 87' lang='lat' dir='ltr'><strong>alioqui</strong></span> <span class='ocrx_word' id='word_1_678' title='bbox 3039 4360 3147 4399; x_wconf 91' lang='lat' dir='ltr'><strong>nec</strong></span> <span class='ocrx_word' id='word_1_679' title='bbox 3188 4349 3417 4407; x_wconf 84' lang='lat' dir='ltr'><strong>volens,</strong></span> <span class='ocrx_word' id='word_1_680' title='bbox 3469 4343 3646 4399; x_wconf 85' lang='lat' dir='ltr'><strong>tradit</strong></span> 
     </span>
    </p>
   </div>
   <div class='ocr_carea' id='block_1_91' title="bbox 290 4433 1926 4519">
    <p class='ocr_par' dir='ltr' id='par_1_91' title="bbox 290 4438 1884 4519">
     <span class='ocr_line' id='line_1_91' title="bbox 290 4438 1884 4519; baseline 0.004 -27"><span class='ocrx_word' id='word_1_681' title='bbox 290 4459 395 4510; x_wconf 83' lang='grc' dir='ltr'><strong>ραις</strong></span> <span class='ocrx_word' id='word_1_682' title='bbox 440 4445 523 4503; x_wconf 84' lang='grc' dir='ltr'><strong>αῖς</strong></span> <span class='ocrx_word' id='word_1_683' title='bbox 580 4444 611 4493; x_wconf 81' lang='grc' dir='ltr'><em>ὁ</em></span> <span class='ocrx_word' id='word_1_684' title='bbox 658 4438 863 4505; x_wconf 83' lang='grc' dir='ltr'><strong>δίκαιος</strong></span> <span class='ocrx_word' id='word_1_685' title='bbox 908 4444 1081 4505; x_wconf 67' lang='grc' dir='ltr'><strong>αὐτοῖς</strong></span> <span class='ocrx_word' id='word_1_686' title='bbox 1131 4449 1592 4519; x_wconf 75' lang='grc' dir='ltr'><strong>συγκαθείργνυτο,</strong></span> <span class='ocrx_word' id='word_1_687' title='bbox 1622 4450 1798 4500; x_wconf 83' lang='grc' dir='ltr'><strong>ἄσιτοι</strong></span> <span class='ocrx_word' id='word_1_688' title='bbox 1828 4453 1884 4498; x_wconf 87' lang='grc' dir='ltr'><strong>τό</strong></span> 
     </span>
    </p>
   </div>
   <div class='ocr_carea' id='block_1_92' title="bbox 2009 4433 3645 4519">
    <p class='ocr_par' dir='ltr' id='par_1_92' title="bbox 2009 4433 3645 4504">
     <span class='ocr_line' id='line_1_92' title="bbox 2009 4433 3645 4504; baseline -0.007 -5"><span class='ocrx_word' id='word_1_689' title='bbox 2009 4453 2218 4500; x_wconf 79' lang='lat' dir='ltr'><strong>tamen.</strong></span> <span class='ocrx_word' id='word_1_690' title='bbox 2252 4440 2334 4495; x_wconf 87' lang='lat' dir='ltr'><strong>llli</strong></span> <span class='ocrx_word' id='word_1_691' title='bbox 2370 4453 2505 4493; x_wconf 90' lang='lat' dir='ltr'><strong>vero</strong></span> <span class='ocrx_word' id='word_1_692' title='bbox 2534 4451 2671 4491; x_wconf 92' lang='lat' dir='ltr'><strong>cum</strong></span> <span class='ocrx_word' id='word_1_693' title='bbox 2705 4449 2842 4489; x_wconf 91' lang='lat' dir='ltr'><strong>eum</strong></span> <span class='ocrx_word' id='word_1_694' title='bbox 2872 4433 3262 4504; x_wconf 84' lang='lat' dir='ltr'><strong>accepissent,</strong></span> <span class='ocrx_word' id='word_1_695' title='bbox 3308 4450 3513 4487; x_wconf 88' lang='lat' dir='ltr'><strong>rursus</strong></span> <span class='ocrx_word' id='word_1_696' title='bbox 3547 4434 3645 4488; x_wconf 88' lang='lat' dir='ltr'><strong>de-</strong></span> 
     </span>
    </p>
   </div>
   <div class='ocr_carea' id='block_1_93' title="bbox 292 4522 1928 4608">
    <p class='ocr_par' dir='ltr' id='par_1_93' title="bbox 292 4533 1887 4608">
     <span class='ocr_line' id='line_1_93' title="bbox 292 4533 1887 4608; baseline 0.006 -29"><span class='ocrx_word' id='word_1_697' title='bbox 292 4533 523 4602; x_wconf 78' lang='grc' dir='ltr'><strong>παροξπαν</strong></span> <span class='ocrx_word' id='word_1_698' title='bbox 597 4538 688 4584; x_wconf 83' lang='grc' dir='ltr'><strong>καὶ</strong></span> <span class='ocrx_word' id='word_1_699' title='bbox 746 4541 935 4605; x_wconf 73' lang='grc' dir='ltr'><strong>τροφῆς</strong></span> <span class='ocrx_word' id='word_1_700' title='bbox 993 4536 1303 4592; x_wconf 75' lang='grc' dir='ltr'><strong>ἡστινοσοῦν</strong></span> <span class='ocrx_word' id='word_1_701' title='bbox 1350 4538 1599 4608; x_wconf 76' lang='grc' dir='ltr'><strong>ἄγευστοι</strong></span> <span class='ocrx_word' id='word_1_702' title='bbox 1646 4537 1887 4589; x_wconf 85' lang='grc' dir='ltr'><strong>καταλεί-</strong></span> 
     </span>
    </p>
   </div>
   <div class='ocr_carea' id='block_1_94' title="bbox 2008 4522 3644 4608">
    <p class='ocr_par' dir='ltr' id='par_1_94' title="bbox 2008 4522 3644 4593">
     <span class='ocr_line' id='line_1_94' title="bbox 2008 4522 3644 4593; baseline -0.007 -5"><span class='ocrx_word' id='word_1_703' title='bbox 2008 4533 2237 4588; x_wconf 89' lang='lat' dir='ltr'><strong>mittunt</strong></span> <span class='ocrx_word' id='word_1_704' title='bbox 2267 4530 2326 4584; x_wconf 92' lang='lat' dir='ltr'><strong>in</strong></span> <span class='ocrx_word' id='word_1_705' title='bbox 2352 4528 2551 4583; x_wconf 91' lang='lat' dir='ltr'><strong>lacum</strong></span> <span class='ocrx_word' id='word_1_706' title='bbox 2577 4526 2833 4579; x_wconf 89' lang='lat' dir='ltr'><strong>leonum.</strong></span> <span class='ocrx_word' id='word_1_707' title='bbox 2868 4522 2909 4576; x_wconf 89' lang='lat' dir='ltr'><strong>li</strong></span> <span class='ocrx_word' id='word_1_708' title='bbox 2937 4527 3105 4577; x_wconf 90' lang='lat' dir='ltr'><strong>erant</strong></span> <span class='ocrx_word' id='word_1_709' title='bbox 3126 4528 3352 4593; x_wconf 87' lang='lat' dir='ltr'><strong>septem</strong></span> <span class='ocrx_word' id='word_1_710' title='bbox 3374 4537 3644 4585; x_wconf 89' lang='lat' dir='ltr'><strong>numero,</strong></span> 
     </span>
    </p>
   </div>
   <div class='ocr_carea' id='block_1_95' title="bbox 296 4610 1932 4697">
    <p class='ocr_par' dir='ltr' id='par_1_95' title="bbox 296 4621 1890 4697">
     <span class='ocr_line' id='line_1_95' title="bbox 296 4621 1890 4697; baseline 0.006 -27"><span class='ocrx_word' id='word_1_711' title='bbox 296 4621 507 4687; x_wconf 64' lang='grc' dir='ltr'><strong>φθησαν,</strong></span> <span class='ocrx_word' id='word_1_712' title='bbox 563 4622 651 4672; x_wconf 82' lang='grc' dir='ltr'><strong>ἱνα</strong></span> <span class='ocrx_word' id='word_1_713' title='bbox 698 4630 769 4691; x_wconf 79' lang='grc' dir='ltr'><strong>τῷ</strong></span> <span class='ocrx_word' id='word_1_714' title='bbox 818 4622 952 4694; x_wconf 78' lang='grc' dir='ltr'><strong>λιμῷ</strong></span> <span class='ocrx_word' id='word_1_715' title='bbox 1006 4627 1096 4695; x_wconf 71' lang='grc' dir='ltr'><strong>μεν</strong></span> <span class='ocrx_word' id='word_1_716' title='bbox 1172 4626 1485 4697; x_wconf 76' lang='grc' dir='ltr'><strong>πιεζόμενοι,</strong></span> <span class='ocrx_word' id='word_1_717' title='bbox 1537 4627 1748 4688; x_wconf 80' lang='grc' dir='ltr'><strong>ἁπάσης</strong></span> <span class='ocrx_word' id='word_1_718' title='bbox 1834 4623 1890 4679; x_wconf 67' lang='grc' dir='ltr'><strong>δὲ</strong></span> 
     </span>
    </p>
   </div>
   <div class='ocr_carea' id='block_1_96' title="bbox 2013 4610 3649 4697">
    <p class='ocr_par' dir='ltr' id='par_1_96' title="bbox 2013 4610 3649 4694">
     <span class='ocr_line' id='line_1_96' title="bbox 2013 4610 3649 4694; baseline -0.007 -17"><span class='ocrx_word' id='word_1_719' title='bbox 2013 4623 2215 4694; x_wconf 66' lang='lat' dir='ltr'><strong>quibus</strong></span> <span class='ocrx_word' id='word_1_720' title='bbox 2247 4624 2301 4674; x_wconf 92' lang='lat' dir='ltr'><strong>et</strong></span> <span class='ocrx_word' id='word_1_721' title='bbox 2326 4618 2447 4672; x_wconf 94' lang='lat' dir='ltr'><strong>duo</strong></span> <span class='ocrx_word' id='word_1_722' title='bbox 2478 4629 2731 4685; x_wconf 90' lang='lat' dir='ltr'><strong>corpora</strong></span> <span class='ocrx_word' id='word_1_723' title='bbox 2753 4618 2807 4666; x_wconf 90' lang='lat' dir='ltr'><strong>et</strong></span> <span class='ocrx_word' id='word_1_724' title='bbox 2832 4610 2966 4665; x_wconf 73' lang='lat' dir='ltr'><strong>duae</strong></span> <span class='ocrx_word' id='word_1_725' title='bbox 2999 4627 3140 4665; x_wconf 81' lang='lat' dir='ltr'><strong>oves</strong></span> <span class='ocrx_word' id='word_1_726' title='bbox 3165 4610 3416 4680; x_wconf 88' lang='lat' dir='ltr'><strong>singulis</strong></span> <span class='ocrx_word' id='word_1_727' title='bbox 3439 4611 3649 4665; x_wconf 88' lang='lat' dir='ltr'><strong>diebus</strong></span> 
     </span>
    </p>
   </div>
   <div class='ocr_carea' id='block_1_97' title="bbox 298 4700 1934 4789">
    <p class='ocr_par' dir='ltr' id='par_1_97' title="bbox 298 4708 1890 4789">
     <span class='ocr_line' id='line_1_97' title="bbox 298 4708 1890 4789; baseline 0.006 -32"><span class='ocrx_word' id='word_1_728' title='bbox 298 4708 440 4771; x_wconf 81' lang='grc' dir='ltr'><strong>ἄλλης</strong></span> <span class='ocrx_word' id='word_1_729' title='bbox 492 4720 695 4783; x_wconf 68' lang='grc' dir='ltr'><strong>τροφῆς</strong></span> <span class='ocrx_word' id='word_1_730' title='bbox 752 4711 1081 4786; x_wconf 80' lang='grc' dir='ltr'><strong>ἀποροῦντες,</strong></span> <span class='ocrx_word' id='word_1_731' title='bbox 1141 4717 1233 4766; x_wconf 70' lang='lat' dir='ltr'><strong>xciv</strong></span> <span class='ocrx_word' id='word_1_732' title='bbox 1284 4719 1402 4787; x_wconf 84' lang='grc' dir='ltr'><strong>ἔχοι</strong></span> <span class='ocrx_word' id='word_1_733' title='bbox 1454 4720 1569 4768; x_wconf 80' lang='grc' dir='ltr'><strong>τινὰ</strong></span> <span class='ocrx_word' id='word_1_734' title='bbox 1613 4714 1833 4789; x_wconf 75' lang='grc' dir='ltr'><strong>δύναμιν</strong></span> <span class='ocrx_word' id='word_1_735' title='bbox 1866 4718 1890 4767; x_wconf 81' lang='grc' dir='ltr'>ὁ</span> 
     </span>
    </p>
   </div>
   <div class='ocr_carea' id='block_1_98' title="bbox 2016 4700 3652 4789">
    <p class='ocr_par' dir='ltr' id='par_1_98' title="bbox 2016 4700 3652 4779">
     <span class='ocr_line' id='line_1_98' title="bbox 2016 4700 3652 4779; baseline -0.009 -12"><span class='ocrx_word' id='word_1_736' title='bbox 2016 4709 2480 4779; x_wconf 64' lang='lat' dir='ltr'><strong>erantdeputatm</strong></span> <span class='ocrx_word' id='word_1_737' title='bbox 2503 4703 2579 4759; x_wconf 85' lang='lat' dir='ltr'><strong>ad</strong></span> <span class='ocrx_word' id='word_1_738' title='bbox 2592 4718 2800 4757; x_wconf 91' lang='lat' dir='ltr'><strong>eorum</strong></span> <span class='ocrx_word' id='word_1_739' title='bbox 2826 4700 3194 4755; x_wconf 89' lang='lat' dir='ltr'><strong>alimentum.</strong></span> <span class='ocrx_word' id='word_1_740' title='bbox 3215 4704 3322 4754; x_wconf 77' lang='lat' dir='ltr'><strong>Sex</strong></span> <span class='ocrx_word' id='word_1_741' title='bbox 3346 4704 3545 4755; x_wconf 88' lang='lat' dir='ltr'><strong>autem</strong></span> <span class='ocrx_word' id='word_1_742' title='bbox 3573 4706 3652 4754; x_wconf 88' lang='lat' dir='ltr'><strong>to-</strong></span> 
     </span>
    </p>
   </div>
   <div class='ocr_carea' id='block_1_99' title="bbox 298 4788 1934 4879">
    <p class='ocr_par' dir='ltr' id='par_1_99' title="bbox 298 4803 1891 4879">
     <span class='ocr_line' id='line_1_99' title="bbox 298 4803 1891 4879; baseline 0.006 -31"><span class='ocrx_word' id='word_1_743' title='bbox 298 4805 555 4870; x_wconf 65' lang='grc' dir='ltr'><strong>προφητης</strong></span> <span class='ocrx_word' id='word_1_744' title='bbox 616 4803 891 4873; x_wconf 71' lang='grc' dir='ltr'><strong>εἷργουσαν</strong></span> <span class='ocrx_word' id='word_1_745' title='bbox 941 4803 1113 4863; x_wconf 67' lang='grc' dir='ltr'><strong>αὐτοῖς</strong></span> <span class='ocrx_word' id='word_1_746' title='bbox 1166 4810 1260 4863; x_wconf 78' lang='grc' dir='ltr'><strong>τὴν</strong></span> <span class='ocrx_word' id='word_1_747' title='bbox 1306 4808 1491 4879; x_wconf 78' lang='grc' dir='ltr'><strong>ὁρμὴν,</strong></span> <span class='ocrx_word' id='word_1_748' title='bbox 1525 4805 1631 4857; x_wconf 82' lang='grc' dir='ltr'><strong>ἀλλ’</strong></span> <span class='ocrx_word' id='word_1_749' title='bbox 1676 4807 1760 4857; x_wconf 69' lang='grc' dir='ltr'><strong>οὖν</strong></span> <span class='ocrx_word' id='word_1_750' title='bbox 1793 4808 1891 4858; x_wconf 70' lang='grc' dir='ltr'><strong>ὑπὸ</strong></span> 
     </span>
    </p>
   </div>
   <div class='ocr_carea' id='block_1_100' title="bbox 2019 4788 3655 4879">
    <p class='ocr_par' dir='ltr' id='par_1_100' title="bbox 2019 4788 3655 4867">
     <span class='ocr_line' id='line_1_100' title="bbox 2019 4788 3655 4867; baseline -0.009 -11"><span class='ocrx_word' id='word_1_751' title='bbox 2019 4802 2076 4856; x_wconf 65' lang='lat' dir='ltr'><strong>.is</strong></span> <span class='ocrx_word' id='word_1_752' title='bbox 2106 4799 2337 4859; x_wconf 90' lang='lat' dir='ltr'><strong>diebus,</strong></span> <span class='ocrx_word' id='word_1_753' title='bbox 2359 4795 2581 4867; x_wconf 88' lang='lat' dir='ltr'><strong>quibus</strong></span> <span class='ocrx_word' id='word_1_754' title='bbox 2606 4793 2799 4864; x_wconf 85' lang='lat' dir='ltr'><strong>justus</strong></span> <span class='ocrx_word' id='word_1_755' title='bbox 2832 4788 2941 4843; x_wconf 83' lang='lat' dir='ltr'><strong>fuit</strong></span> <span class='ocrx_word' id='word_1_756' title='bbox 2972 4804 3107 4843; x_wconf 90' lang='lat' dir='ltr'><strong>cum</strong></span> <span class='ocrx_word' id='word_1_757' title='bbox 3138 4789 3219 4843; x_wconf 85' lang='lat' dir='ltr'><strong>eis</strong></span> <span class='ocrx_word' id='word_1_758' title='bbox 3258 4788 3544 4851; x_wconf 89' lang='lat' dir='ltr'><strong>inclusus,</strong></span> <span class='ocrx_word' id='word_1_759' title='bbox 3572 4804 3655 4842; x_wconf 89' lang='lat' dir='ltr'><strong>re-</strong></span> 
     </span>
    </p>
   </div>
   <div class='ocr_carea' id='block_1_101' title="bbox 300 4877 1936 4966">
    <p class='ocr_par' dir='ltr' id='par_1_101' title="bbox 300 4889 1895 4966">
     <span class='ocr_line' id='line_1_101' title="bbox 300 4889 1895 4966; baseline 0.008 -31"><span class='ocrx_word' id='word_1_760' title='bbox 300 4894 381 4937; x_wconf 72' lang='grc' dir='ltr'><strong>τοῦ</strong></span> <span class='ocrx_word' id='word_1_761' title='bbox 433 4889 590 4960; x_wconf 71' lang='grc' dir='ltr'><strong>λιμοῦ</strong></span> <span class='ocrx_word' id='word_1_762' title='bbox 635 4894 923 4963; x_wconf 75' lang='grc' dir='ltr'><strong>κινούμενοι</strong></span> <span class='ocrx_word' id='word_1_763' title='bbox 978 4890 1258 4966; x_wconf 83' lang='grc' dir='ltr'><strong>βιαίτερον,</strong></span> <span class='ocrx_word' id='word_1_764' title='bbox 1292 4900 1387 4952; x_wconf 79' lang='grc' dir='ltr'><strong>τὴν</strong></span> <span class='ocrx_word' id='word_1_765' title='bbox 1439 4900 1587 4966; x_wconf 74' lang='grc' dir='ltr'><strong>’γένυν</strong></span> <span class='ocrx_word' id='word_1_766' title='bbox 1620 4896 1758 4965; x_wconf 71' lang='grc' dir='ltr'><strong>αὐτῷ</strong></span> <span class='ocrx_word' id='word_1_767' title='bbox 1806 4915 1895 4947; x_wconf 84' lang='grc' dir='ltr'><strong>τα-</strong></span> 
     </span>
    </p>
   </div>
   <div class='ocr_carea' id='block_1_102' title="bbox 2014 4877 3650 4966">
    <p class='ocr_par' dir='ltr' id='par_1_102' title="bbox 2014 4877 3650 4952">
     <span class='ocr_line' id='line_1_102' title="bbox 2014 4877 3650 4952; baseline -0.01 -6"><span class='ocrx_word' id='word_1_768' title='bbox 2014 4890 2120 4947; x_wconf 86' lang='lat' dir='ltr'><strong>licti</strong></span> <span class='ocrx_word' id='word_1_769' title='bbox 2142 4892 2279 4943; x_wconf 91' lang='lat' dir='ltr'><strong>sunt</strong></span> <span class='ocrx_word' id='word_1_770' title='bbox 2307 4884 2554 4941; x_wconf 90' lang='lat' dir='ltr'><strong>omnino</strong></span> <span class='ocrx_word' id='word_1_771' title='bbox 2577 4879 2767 4952; x_wconf 83' lang='lat' dir='ltr'><strong>jejuni</strong></span> <span class='ocrx_word' id='word_1_772' title='bbox 2786 4884 2840 4934; x_wconf 89' lang='lat' dir='ltr'><strong>et</strong></span> <span class='ocrx_word' id='word_1_773' title='bbox 2861 4877 3052 4933; x_wconf 88' lang='lat' dir='ltr'><strong>omnis</strong></span> <span class='ocrx_word' id='word_1_774' title='bbox 3068 4878 3331 4933; x_wconf 90' lang='lat' dir='ltr'><strong>alimenti</strong></span> <span class='ocrx_word' id='word_1_775' title='bbox 3358 4881 3650 4949; x_wconf 85' lang='lat' dir='ltr'><strong>expertes:</strong></span> 
     </span>
    </p>
   </div>
   <div class='ocr_carea' id='block_1_103' title="bbox 301 4967 1937 5060">
    <p class='ocr_par' dir='ltr' id='par_1_103' title="bbox 301 4978 1891 5060">
     <span class='ocr_line' id='line_1_103' title="bbox 301 4978 1891 5060; baseline 0.009 -34"><span class='ocrx_word' id='word_1_776' title='bbox 301 4981 428 5044; x_wconf 76' lang='grc' dir='ltr'><strong>χέως</strong></span> <span class='ocrx_word' id='word_1_777' title='bbox 473 4978 765 5031; x_wconf 75' lang='grc' dir='ltr'><strong>ἐπιϐάλωσι</strong></span> <span class='ocrx_word' id='word_1_778' title='bbox 823 4986 910 5033; x_wconf 83' lang='grc' dir='ltr'><strong>καὶ</strong></span> <span class='ocrx_word' id='word_1_779' title='bbox 966 4981 1310 5054; x_wconf 77' lang='grc' dir='ltr'><strong>λαφύξωνται.</strong></span> <span class='ocrx_word' id='word_1_780' title='bbox 1357 4990 1418 5035; x_wconf 89' lang='grc' dir='ltr'><strong>Τί</strong></span> <span class='ocrx_word' id='word_1_781' title='bbox 1448 4981 1534 5035; x_wconf 81' lang='grc' dir='ltr'><strong>οὖν</strong></span> <span class='ocrx_word' id='word_1_782' title='bbox 1583 4987 1607 5036; x_wconf 85' lang='grc' dir='ltr'><strong><em>ὁ</em></strong></span> <span class='ocrx_word' id='word_1_783' title='bbox 1656 4988 1891 5060; x_wconf 76' lang='grc' dir='ltr'><strong>Κύριοςζ</strong></span> 
     </span>
    </p>
   </div>
   <div class='ocr_carea' id='block_1_104' title="bbox 2020 4967 3656 5060">
    <p class='ocr_par' dir='ltr' id='par_1_104' title="bbox 2020 4967 3656 5048">
     <span class='ocr_line' id='line_1_104' title="bbox 2020 4967 3656 5048; baseline -0.009 -13"><span class='ocrx_word' id='word_1_784' title='bbox 2020 4986 2067 5036; x_wconf 62' lang='grc' dir='ltr'><strong>λι</strong></span> <span class='ocrx_word' id='word_1_785' title='bbox 2101 4979 2258 5033; x_wconf 82' lang='lat' dir='ltr'><strong>fame</strong></span> <span class='ocrx_word' id='word_1_786' title='bbox 2284 4975 2527 5048; x_wconf 87' lang='lat' dir='ltr'><strong>quidem</strong></span> <span class='ocrx_word' id='word_1_787' title='bbox 2558 4969 2851 5041; x_wconf 89' lang='lat' dir='ltr'><strong>oppressi,</strong></span> <span class='ocrx_word' id='word_1_788' title='bbox 2883 4975 2937 5023; x_wconf 86' lang='lat' dir='ltr'><strong>et</strong></span> <span class='ocrx_word' id='word_1_789' title='bbox 2963 4968 3127 5022; x_wconf 88' lang='lat' dir='ltr'><strong>omni</strong></span> <span class='ocrx_word' id='word_1_790' title='bbox 3150 4967 3266 5022; x_wconf 90' lang='lat' dir='ltr'><strong>alio</strong></span> <span class='ocrx_word' id='word_1_791' title='bbox 3297 4968 3656 5021; x_wconf 86' lang='lat' dir='ltr'><strong>nutrimento</strong></span> 
     </span>
    </p>
   </div>
   <div class='ocr_carea' id='block_1_105' title="bbox 303 5055 1939 5146">
    <p class='ocr_par' dir='ltr' id='par_1_105' title="bbox 303 5055 1894 5146">
     <span class='ocr_line' id='line_1_105' title="bbox 303 5055 1894 5146; baseline 0.006 -31"><span class='ocrx_word' id='word_1_792' title='bbox 303 5069 429 5138; x_wconf 79' lang='grc' dir='ltr'><strong>Ἀρα</strong></span> <span class='ocrx_word' id='word_1_793' title='bbox 478 5076 588 5128; x_wconf 84' lang='grc' dir='ltr'><strong>τοῖς</strong></span> <span class='ocrx_word' id='word_1_794' title='bbox 673 5070 869 5141; x_wconf 84' lang='grc' dir='ltr'><strong>θηρίοις</strong></span> <span class='ocrx_word' id='word_1_795' title='bbox 952 5071 1138 5143; x_wconf 77' lang='grc' dir='ltr'>ψυχὴν</span> <span class='ocrx_word' id='word_1_796' title='bbox 1209 5072 1675 5146; x_wconf 76' lang='grc' dir='ltr'><strong>ἐξομολογουμένην</strong></span> <span class='ocrx_word' id='word_1_797' title='bbox 1734 5055 1894 5144; x_wconf 35' lang='grc' dir='ltr'><strong>ἀὐτῷ</strong></span> 
     </span>
    </p>
   </div>
   <div class='ocr_carea' id='block_1_106' title="bbox 2025 5055 3661 5146">
    <p class='ocr_par' dir='ltr' id='par_1_106' title="bbox 2025 5055 3661 5132">
     <span class='ocr_line' id='line_1_106' title="bbox 2025 5055 3661 5132; baseline -0.01 -7"><span class='ocrx_word' id='word_1_798' title='bbox 2025 5074 2296 5131; x_wconf 80' lang='lat' dir='ltr'><strong>:arentes,</strong></span> <span class='ocrx_word' id='word_1_799' title='bbox 2332 5063 2561 5119; x_wconf 88' lang='lat' dir='ltr'><strong>etiamsi</strong></span> <span class='ocrx_word' id='word_1_800' title='bbox 2607 5059 2899 5132; x_wconf 85' lang='lat' dir='ltr'><strong>propheta</strong></span> <span class='ocrx_word' id='word_1_801' title='bbox 2947 5057 3193 5111; x_wconf 86' lang='lat' dir='ltr'><strong>haberet</strong></span> <span class='ocrx_word' id='word_1_802' title='bbox 3234 5056 3499 5127; x_wconf 87' lang='lat' dir='ltr'><strong>aliquam</strong></span> <span class='ocrx_word' id='word_1_803' title='bbox 3546 5055 3661 5109; x_wconf 85' lang='lat' dir='ltr'><strong>vir-</strong></span> 
     </span>
    </p>
   </div>
   <div class='ocr_carea' id='block_1_107' title="bbox 306 5145 1942 5234">
    <p class='ocr_par' dir='ltr' id='par_1_107' title="bbox 306 5152 1895 5234">
     <span class='ocr_line' id='line_1_107' title="bbox 306 5152 1895 5234; baseline 0.008 -31"><span class='ocrx_word' id='word_1_804' title='bbox 306 5152 670 5226; x_wconf 76' lang='grc' dir='ltr'><strong>παραδίδωσιν</strong></span> <span class='ocrx_word' id='word_1_805' title='bbox 706 5174 719 5221; x_wconf 88' lang='grc'>;</span> <span class='ocrx_word' id='word_1_806' title='bbox 752 5161 779 5213; x_wconf 77' lang='grc' dir='ltr'><strong>ἤ</strong></span> <span class='ocrx_word' id='word_1_807' title='bbox 832 5160 989 5220; x_wconf 79' lang='grc' dir='ltr'><strong>σώζει</strong></span> <span class='ocrx_word' id='word_1_808' title='bbox 1032 5166 1119 5232; x_wconf 72' lang='grc' dir='ltr'><strong>μὲν</strong></span> <span class='ocrx_word' id='word_1_809' title='bbox 1165 5161 1221 5213; x_wconf 85' lang='grc' dir='ltr'><strong>ἐκ</strong></span> <span class='ocrx_word' id='word_1_810' title='bbox 1257 5168 1509 5234; x_wconf 81' lang='grc' dir='ltr'><strong>στόματος</strong></span> <span class='ocrx_word' id='word_1_811' title='bbox 1556 5164 1790 5229; x_wconf 85' lang='grc' dir='ltr'><strong>λεόντων,</strong></span> <span class='ocrx_word' id='word_1_812' title='bbox 1827 5173 1895 5234; x_wconf 78' lang='grc' dir='ltr'><strong>τῷ</strong></span> 
     </span>
    </p>
   </div>
   <div class='ocr_carea' id='block_1_108' title="bbox 2023 5145 3659 5234">
    <p class='ocr_par' dir='ltr' id='par_1_108' title="bbox 2023 5145 3659 5227">
     <span class='ocr_line' id='line_1_108' title="bbox 2023 5145 3659 5227; baseline -0.01 -13"><span class='ocrx_word' id='word_1_813' title='bbox 2023 5168 2208 5223; x_wconf 89' lang='lat' dir='ltr'><strong>.utem,</strong></span> <span class='ocrx_word' id='word_1_814' title='bbox 2243 5171 2371 5227; x_wconf 77' lang='lat' dir='ltr'><strong>quae</strong></span> <span class='ocrx_word' id='word_1_815' title='bbox 2394 5168 2595 5208; x_wconf 85' lang='lat' dir='ltr'><strong>eorum</strong></span> <span class='ocrx_word' id='word_1_816' title='bbox 2631 5154 2858 5203; x_wconf 87' lang='lat' dir='ltr'><strong>arceret</strong></span> <span class='ocrx_word' id='word_1_817' title='bbox 2888 5146 3197 5217; x_wconf 84' lang='lat' dir='ltr'><strong>impetum,</strong></span> <span class='ocrx_word' id='word_1_818' title='bbox 3234 5150 3290 5199; x_wconf 82' lang='lat' dir='ltr'><strong>at</strong></span> <span class='ocrx_word' id='word_1_819' title='bbox 3320 5145 3475 5199; x_wconf 84' lang='lat' dir='ltr'><strong>fame</strong></span> <span class='ocrx_word' id='word_1_820' title='bbox 3502 5150 3659 5198; x_wconf 91' lang='lat' dir='ltr'><strong>certo</strong></span> 
     </span>
    </p>
   </div>
   <div class='ocr_carea' id='block_1_109' title="bbox 306 5233 1942 5327">
    <p class='ocr_par' dir='ltr' id='par_1_109' title="bbox 306 5240 1899 5327">
     <span class='ocr_line' id='line_1_109' title="bbox 306 5240 1899 5327; baseline 0.003 -31"><span class='ocrx_word' id='word_1_821' title='bbox 306 5240 428 5312; x_wconf 66' lang='grc' dir='ltr'><strong>λιμῷ</strong></span> <span class='ocrx_word' id='word_1_822' title='bbox 486 5242 544 5296; x_wconf 69' lang='grc' dir='ltr'><strong>δε</strong></span> <span class='ocrx_word' id='word_1_823' title='bbox 601 5249 876 5308; x_wconf 77' lang='grc' dir='ltr'><strong>πιέζεσθαι</strong></span> <span class='ocrx_word' id='word_1_824' title='bbox 951 5250 1293 5319; x_wconf 83' lang='grc' dir='ltr'><strong>καταλείπει;</strong></span> <span class='ocrx_word' id='word_1_825' title='bbox 1346 5256 1375 5309; x_wconf 79' lang='grc' dir='ltr'>ἤ</span> <span class='ocrx_word' id='word_1_826' title='bbox 1431 5258 1622 5327; x_wconf 77' lang='grc' dir='ltr'><strong>τροφὴν</strong></span> <span class='ocrx_word' id='word_1_827' title='bbox 1681 5257 1769 5325; x_wconf 70' lang='grc' dir='ltr'><strong>μὲν</strong></span> <span class='ocrx_word' id='word_1_828' title='bbox 1828 5253 1899 5314; x_wconf 80' lang='grc' dir='ltr'><strong>εἰς</strong></span> 
     </span>
    </p>
   </div>
   <div class='ocr_carea' id='block_1_110' title="bbox 2028 5233 3664 5327">
    <p class='ocr_par' dir='ltr' id='par_1_110' title="bbox 2032 5233 3664 5320">
     <span class='ocr_line' id='line_1_110' title="bbox 2032 5233 3664 5320; baseline -0.01 -16"><span class='ocrx_word' id='word_1_829' title='bbox 2032 5247 2247 5320; x_wconf 87' lang='lat' dir='ltr'><strong>mpulsi</strong></span> <span class='ocrx_word' id='word_1_830' title='bbox 2270 5237 2887 5305; x_wconf 85' lang='lat' dir='ltr'><strong>violentius,maxillas</strong></span> <span class='ocrx_word' id='word_1_831' title='bbox 2919 5235 3183 5291; x_wconf 88' lang='lat' dir='ltr'><strong>celeriter</strong></span> <span class='ocrx_word' id='word_1_832' title='bbox 3205 5235 3263 5289; x_wconf 90' lang='lat' dir='ltr'><strong>in</strong></span> <span class='ocrx_word' id='word_1_833' title='bbox 3287 5250 3423 5288; x_wconf 91' lang='lat' dir='ltr'><strong>eum</strong></span> <span class='ocrx_word' id='word_1_834' title='bbox 3448 5233 3664 5288; x_wconf 83' lang='lat' dir='ltr'><strong>immit-</strong></span> 
     </span>
    </p>
   </div>
   <div class='ocr_carea' id='block_1_111' title="bbox 308 5323 1944 5417">
    <p class='ocr_par' dir='ltr' id='par_1_111' title="bbox 308 5326 1893 5417">
     <span class='ocr_line' id='line_1_111' title="bbox 308 5326 1893 5417; baseline 0.007 -35"><span class='ocrx_word' id='word_1_835' title='bbox 308 5326 496 5402; x_wconf 74' lang='grc' dir='ltr'><strong>βρῶσιν</strong></span> <span class='ocrx_word' id='word_1_836' title='bbox 552 5332 721 5408; x_wconf 71' lang='grc' dir='ltr'><strong>ὀρέγει</strong></span> <span class='ocrx_word' id='word_1_837' title='bbox 779 5333 872 5388; x_wconf 77' lang='grc' dir='ltr'><strong>διά</strong></span> <span class='ocrx_word' id='word_1_838' title='bbox 924 5357 1059 5400; x_wconf 85' lang='grc' dir='ltr'><strong>τινος</strong></span> <span class='ocrx_word' id='word_1_839' title='bbox 1115 5349 1215 5392; x_wconf 80' lang='grc' dir='ltr'><strong>τῶν</strong></span> <span class='ocrx_word' id='word_1_840' title='bbox 1262 5341 1539 5413; x_wconf 75' lang='grc' dir='ltr'><strong>ἀλλογενῶν</strong></span> <span class='ocrx_word' id='word_1_841' title='bbox 1592 5348 1681 5395; x_wconf 85' lang='grc' dir='ltr'><strong>καὶ</strong></span> <span class='ocrx_word' id='word_1_842' title='bbox 1722 5342 1893 5417; x_wconf 78' lang='grc' dir='ltr'><strong>ἀπερι-</strong></span> 
     </span>
    </p>
   </div>
   <div class='ocr_carea' id='block_1_112' title="bbox 2031 5323 3667 5417">
    <p class='ocr_par' dir='ltr' id='par_1_112' title="bbox 2035 5323 3667 5401">
     <span class='ocr_line' id='line_1_112' title="bbox 2035 5323 3667 5401; baseline -0.011 -6"><span class='ocrx_word' id='word_1_843' title='bbox 2035 5340 2199 5394; x_wconf 88' lang='lat' dir='ltr'><strong>erent</strong></span> <span class='ocrx_word' id='word_1_844' title='bbox 2238 5351 2307 5390; x_wconf 92' lang='lat' dir='ltr'><strong>ac</strong></span> <span class='ocrx_word' id='word_1_845' title='bbox 2346 5332 2762 5401; x_wconf 85' lang='lat' dir='ltr'><strong>discerperent.</strong></span> <span class='ocrx_word' id='word_1_846' title='bbox 2797 5324 2950 5392; x_wconf 86' lang='lat' dir='ltr'><strong>Quid</strong></span> <span class='ocrx_word' id='word_1_847' title='bbox 2980 5339 3120 5393; x_wconf 88' lang='lat' dir='ltr'><strong>ergo</strong></span> <span class='ocrx_word' id='word_1_848' title='bbox 3165 5323 3501 5378; x_wconf 65' lang='lat' dir='ltr'><strong>Dominus“?</strong></span> <span class='ocrx_word' id='word_1_849' title='bbox 3533 5326 3667 5379; x_wconf 88' lang='lat' dir='ltr'><strong>&#39;l‘ra-</strong></span> 
     </span>
    </p>
   </div>
   <div class='ocr_carea' id='block_1_113' title="bbox 306 5412 1942 5499">
    <p class='ocr_par' dir='ltr' id='par_1_113' title="bbox 306 5424 1892 5499">
     <span class='ocr_line' id='line_1_113' title="bbox 306 5424 1892 5499; baseline 0.004 -23"><span class='ocrx_word' id='word_1_850' title='bbox 306 5425 548 5490; x_wconf 74' lang='grc' dir='ltr'><strong>τμήτωνς</strong></span> <span class='ocrx_word' id='word_1_851' title='bbox 610 5424 796 5477; x_wconf 78' lang='grc' dir='ltr'><strong>πολλοῦ</strong></span> <span class='ocrx_word' id='word_1_852' title='bbox 839 5446 898 5499; x_wconf 75' lang='grc' dir='ltr'><strong>γε</strong></span> <span class='ocrx_word' id='word_1_853' title='bbox 949 5434 1037 5481; x_wconf 86' lang='lat' dir='ltr'><strong>xui</strong></span> <span class='ocrx_word' id='word_1_854' title='bbox 1096 5427 1198 5497; x_wconf 77' lang='grc' dir='ltr'><strong>δεῖ,</strong></span> <span class='ocrx_word' id='word_1_855' title='bbox 1252 5430 1357 5483; x_wconf 80' lang='grc' dir='ltr'><strong>ἀλλ’</strong></span> <span class='ocrx_word' id='word_1_856' title='bbox 1414 5433 1495 5484; x_wconf 83' lang='grc' dir='ltr'><strong>ἳνα</strong></span> <span class='ocrx_word' id='word_1_857' title='bbox 1548 5429 1639 5485; x_wconf 77' lang='grc' dir='ltr'><strong>διὰ</strong></span> <span class='ocrx_word' id='word_1_858' title='bbox 1688 5434 1892 5485; x_wconf 74' lang='grc' dir='ltr'><strong>πάντων</strong></span> 
     </span>
    </p>
   </div>
   <div class='ocr_carea' id='block_1_114' title="bbox 2032 5412 3668 5499">
    <p class='ocr_par' dir='ltr' id='par_1_114' title="bbox 2032 5412 3668 5487">
     <span class='ocr_line' id='line_1_114' title="bbox 2032 5412 3668 5487; baseline -0.009 -2"><span class='ocrx_word' id='word_1_859' title='bbox 2032 5429 2173 5485; x_wconf 86' lang='lat' dir='ltr'><strong>litne</strong></span> <span class='ocrx_word' id='word_1_860' title='bbox 2222 5424 2357 5481; x_wconf 80' lang='lat' dir='ltr'><strong>feris</strong></span> <span class='ocrx_word' id='word_1_861' title='bbox 2400 5419 2689 5487; x_wconf 90' lang='lat' dir='ltr'><strong>animam,</strong></span> <span class='ocrx_word' id='word_1_862' title='bbox 2733 5431 2869 5487; x_wconf 83' lang='lat' dir='ltr'><strong>quae</strong></span> <span class='ocrx_word' id='word_1_863' title='bbox 2921 5412 3282 5469; x_wconf 79' lang='lat' dir='ltr'><strong>conﬁtetur?</strong></span> <span class='ocrx_word' id='word_1_864' title='bbox 3323 5417 3424 5469; x_wconf 91' lang='lat' dir='ltr'><strong>aut</strong></span> <span class='ocrx_word' id='word_1_865' title='bbox 3478 5418 3668 5471; x_wconf 86' lang='lat' dir='ltr'><strong>servat</strong></span> 
     </span>
    </p>
   </div>
   <div class='ocr_carea' id='block_1_115' title="bbox 377 5616 865 5691">
    <p class='ocr_par' dir='ltr' id='par_1_115' title="bbox 377 5616 865 5691">
     <span class='ocr_line' id='line_1_115' title="bbox 377 5616 865 5691; baseline 0.02 -21"><span class='ocrx_word' id='word_1_866' title='bbox 377 5616 394 5653; x_wconf 76' lang='grc' dir='ltr'><strong><em>ι</em></strong></span> <span class='ocrx_word' id='word_1_867' title='bbox 425 5618 549 5673; x_wconf 74' lang='lat' dir='ltr'><strong>Act.</strong></span> <span class='ocrx_word' id='word_1_868' title='bbox 596 5633 734 5691; x_wconf 80' lang='lat' dir='ltr'><strong>xm,</strong></span> <span class='ocrx_word' id='word_1_869' title='bbox 762 5620 865 5681; x_wconf 72' lang='lat'><strong>28..</strong></span> 
     </span>
    </p>
   </div>
  </div>
