4142 6196
542 311 648 367 399

1999 299 2258 365 MENSIS
2297 302 2557 362 IULIUS.

3779 312 3872 370 400

540 435 786 514 quidem
807 451 879 492 ex
907 449 1007 491 ore
1027 434 1268 490 leonum
1285 433 1312 488 ?
1336 432 1629 505 Relinquit
1645 437 1845 489 autem
1869 449 2007 488 eum
2033 433 2144 489 fam

2254 436 2418 492 tro'rs
2482 426 2874 500 παντοδύναμον
2949 428 3106 482 αὐτοῦ
3159 436 3252 490 τῆς
3308 431 3496 501 ἰσχυος
3543 438 3625 484 καὶ
3679 440 3729 488 τὸ
3778 448 3866 491 τῶν

537 525 894 582 moriturum
912 544 924 591 ;
940 529 1039 578 aut
1052 522 1399 578 alimentum
1413 521 1657 593 quidem
1674 522 1890 591 praebet
1912 522 1982 577 ad
1997 539 2189 587 esum,

537 614 643 670 sed
678 629 781 685 per
805 612 1202 681 alienigenam
1246 611 1509 683 aliquem
1563 616 1619 665 et
1646 609 2134 666 incircumcisum
2164 610 2191 665 ‘I

536 702 774 757 Multum
807 701 996 757 abest.
1030 700 1143 756 Sed
1164 703 1225 755 ut
1240 715 1344 772 per
1365 699 1570 754 omnia
1590 699 2030 770 omnipotentes
2061 700 2190 769 ejus

532 791 683 846 vires
714 796 770 846 et
807 789 1122 845 ineffabilia
1173 788 1581 844 misericordia
1633 787 1797 843 ﬂeret
1853 787 2184 851 manifesta,

531 878 736 936 divina
764 879 1008 951 quidem
1039 893 1224 934 manu
1253 880 1642 934 obstruuntur
1671 892 1776 933 ora
1804 877 2070 940 leonum,
2101 877 2189 932 vel

527 968 799 1040 protinus
830 967 943 1039 ipsi
986 967 1215 1039 seipsos
1254 966 1660 1038 comprimunt
1688 982 1758 1022 ac
1803 965 2183 1036 contrahunt,

527 1057 782 1127 angulos
810 1056 1154 1122 subeuntes,
1211 1062 1267 1112 et
1296 1072 1402 1112 nec
1423 1071 1662 1111 sacrum
1690 1071 1908 1128 corpus
1936 1055 2186 1111 omnino

525 1146 808 1204 audentes
838 1146 1122 1215 attingere
1148 1161 1160 1200 :
1183 1145 1287 1200 sed
1313 1149 1604 1216 tanquam
1631 1143 1879 1216 quidam
1908 1142 2184 1200 satellites

2303 520 2580 595 οἰκτιρμῶν
2656 518 2948 592 ἀπόρῥητον
3028 519 3307 588 καταγανὲς
3377 522 3602 591 γένηται,
3672 522 3868 594 ἐμφράτ·

2301 628 2441 660 τεται
2492 613 2580 679 μὲν
2626 609 2736 679 θεία
2774 605 2986 678 παλάμῃ
3041 606 3250 658 λεόντων
3299 612 3550 679 στόματα,
3599 610 3770 679 μᾶλλον
3815 612 3868 668 δὲ

2299 704 2387 749 καὶ
2445 702 2567 770 πρὸς
2621 697 2830 756 ἑαυτούς
2888 696 3252 748 συστέλλονται
3305 704 3416 757 ταῖς
3472 705 3674 768 γωνίαις
3724 721 3868 775 παρα-

2299 782 2541 860 δυομενοι
2599 791 2686 838 καὶ
2726 783 2854 858 μηδ’
2895 785 3024 846 ὅλως
3073 787 3209 856 ἱεροῦ
3263 792 3502 856 σώματος
3547 789 3870 860 παρα-φαυσαι

2297 875 2599 947 τολμῶντες,
2651 873 2756 925 ἀλλ’
2807 877 2978 947 ὥσπερ
3023 871 3304 946 δορυφόροι
3360 879 3485 936 τινες
3533 873 3659 928 εὖνοί
3713 898 3763 930 τε
3791 888 3870 933 καὶ

2297 970 2605 1016 πιστότατοι
2656 968 2740 1016 τὸν
2775 963 2966 1014 ἑαυτῶν
2999 963 3331 1035 φυλάττοντες
3365 962 3602 1035 βασιλέα,
3634 972 3718 1017 καὶ
3744 967 3869 1038 μηδὲ

2294 1061 2384 1105 τοῦ
2453 1052 2606 1127 λιμοῦ
2660 1055 2958 1125 μνησθῆναι
3025 1054 3124 1104 ὑπὸ
3174 1060 3264 1103 τοῦ
3345 1058 3685 1127 περικειμένου
3734 1052 3871 1120 δέους

2299 1143 2473 1204 αὐτοῖς
2516 1145 2966 1216 συγχωρούμενοι.

522 1234 794 1292 benevoli
834 1251 904 1291 ac
927 1233 1154 1305 ﬁdeles,
1191 1249 1369 1290 suum
1407 1248 1610 1304 regem
1643 1233 2064 1304 custodientes,
2107 1235 2162 1288 et
2191 1245 2344 1303 quos
2377 1249 2484 1288 nec
2518 1233 2686 1288 famis
2717 1232 2961 1305 quidem
2999 1231 3342 1286 meminisse
3377 1230 3626 1298 sinebat,
3659 1235 3753 1304 qui
3779 1251 3871 1292 eos

529 1325 801 1397 urgebat,
844 1328 1056 1380 metus.

590 1415 780 1470 XXIV.
837 1415 971 1469 Erat
1017 1417 1216 1468 autem
1266 1411 1419 1468 alius
1476 1410 1725 1484 quidam
1770 1412 2064 1484 propheta
2116 1408 2180 1464 in

517 1502 748 1559 Judaea.
779 1503 832 1557 Is
862 1507 989 1558 erat
1014 1517 1184 1558 sacer
1201 1502 1496 1570 Habacue,
1524 1516 1706 1573 quem
1739 1499 1864 1556 scio
1888 1501 2030 1556 satis
2051 1515 2176 1556 om-

516 1593 695 1648 nibus
725 1608 850 1647 esse
879 1597 1109 1647 notum.
1145 1592 1197 1646 Is
1227 1605 1389 1660 ergo,
1431 1606 1568 1646 cum
1619 1606 1840 1662 panem
1888 1590 1949 1644 in
2007 1588 2175 1645 disco

515 1681 970 1738 eomminuisset
999 1680 1172 1751 etjus
1196 1695 1246 1734 ei
1278 1679 1645 1749 immisisset,
1687 1677 1893 1734 abibat
1917 1684 1978 1734 ut
1999 1678 2172 1733 ferret
2207 1713 2252 1768 Β

515 1771 590 1826 ad
620 1785 915 1825 messores
945 1789 956 1838 ;
985 1774 1112 1824 erat
1140 1769 1298 1824 enim
1332 1775 1568 1839 tempus
1615 1769 1852 1823 aestatis.
1915 1769 2170 1836 Angelus

513 1862 710 1913 autem
754 1857 989 1912 Domini
1036 1857 1086 1910 ei
1118 1856 1418 1928 apparuit,
1451 1862 1504 1910 et
1537 1855 1712 1925 jussit
1753 1872 1886 1910 eum
1927 1854 1988 1909 id
2018 1853 2168 1909 ferre

512 1945 880 2018 Babylonem
898 1944 975 2002 ad
1002 1943 1324 2000 Danielem.
1352 1947 1497 1999 Cum
1517 1943 1564 1998 is
1580 1960 1712 1998 vero
1740 1943 2164 2014 ignorantiam,

509 2041 568 2091 et
585 2051 716 2090 esse
733 2034 1066 2091 maximum
1087 2032 1252 2105 quod
1277 2033 1576 2088 intercedit
1602 2033 1886 2103 spatium,
1906 2038 1962 2088 et
1978 2048 2162 2104 quam

507 2123 749 2180 difﬁcile
779 2127 934 2178 esset
957 2123 1338 2195 imperatum,
1381 2122 1724 2187 adduceret,
1755 2121 2027 2192 protinus
2059 2135 2163 2175 an-

505 2213 672 2284 gelus
698 2228 936 2268 comam
954 2211 1163 2283 capitis
1181 2209 1598 2282 apprehendit,
1619 2215 1675 2265 et
1689 2216 1998 2265 momento
2020 2216 2160 2264 tem-

505 2303 668 2374 poris
697 2302 925 2374 impetu
955 2299 1226 2356 ducentis
1258 2299 1498 2370 spiritus
1539 2315 1836 2371 expensus
1882 2299 2033 2355 stetit
2065 2316 2160 2354 su-

505 2406 612 2463 per
637 2391 838 2447 lacum
867 2408 879 2445 :
909 2394 967 2446 et
1004 2388 1320 2461 appellavit
1351 2389 1449 2444 Dei
1505 2388 1792 2456 vinctum,
1852 2393 1908 2444 et
1963 2387 2110 2443 dixit
2141 2405 2154 2444 :

503 2480 717 2552 Accipe
743 2480 899 2535 hanc
946 2493 1204 2543 coenam,
1234 2493 1417 2550 quam
1477 2480 1631 2533 Deus
1674 2477 1825 2533 adte
1857 2475 2041 2540 misit,
2076 2475 2157 2533 tui

504 2585 788 2642 magnam
811 2584 1018 2625 curam
1048 2565 1420 2637 gerens.Hmc
1445 2565 1742 2623 Habacuc.
1776 2566 2025 2636 Magnus
2055 2581 2156 2623 au-

501 2662 618 2716 tem
651 2657 856 2716 Daniel
900 2659 962 2714 in
1012 2656 1362 2713 contritione
1416 2656 1660 2728 spiritus
1717 2661 1772 2712 et
1826 2655 2155 2714 humilitate

500 2749 715 2805 anima:
747 2766 759 2804 :
795 2748 1051 2805 Meminit
1080 2762 1217 2802 vero
1248 2745 1364 2801 mei
1396 2744 1568 2816 Deus,
1595 2744 1922 2817 respondit,
1962 2744 2154 2803 ﬁdelis

496 2853 611 2894 vox
645 2841 730 2894 est
755 2853 961 2894 revera
1007 2835 1235 2904 famuli,
1295 2835 1600 2906 quomodo
1666 2835 1862 2890 bonus
1909 2851 2150 2908 quoque

498 2926 790 2982 Dominus
817 2926 944 2997 ejus
966 2940 1171 2980 curam
1196 2923 1363 2993 gerit.
1387 2923 1625 2989 Deinde,
1643 2939 1781 2978 cum
1799 2924 2145 2995 accepisset,

493 3014 753 3070 comedit
780 3029 792 3067 :
823 3013 949 3084 ipse
979 3017 1178 3068 autem
1207 3011 1502 3077 Habacuc,
1532 3027 1671 3066 cum
1701 3011 1908 3067 eadem
1938 3027 2145 3068 rursus

490 3101 704 3158 virtute
727 3101 874 3156 illud
910 3101 1263 3156 immensum
1316 3099 1741 3156 transvolasset
1771 3099 2051 3170 spatium,
2088 3102 2145 3171 (o

490 3189 867 3253 celeritatem,
883 3204 918 3244 o
943 3188 1208 3243 divinam
1223 3187 1656 3259 pernicitatem)
1671 3195 1977 3245 momento
1998 3197 2141 3245 tem-

489 3278 653 3352 poris
685 3279 766 3335 ita
792 3294 901 3334 suo
935 3277 1042 3333 fuit
1076 3277 1209 3332 loco
1240 3275 1564 3342 restitutus,
1592 3281 1656 3332 ut
1691 3276 1964 3332 nondum
1997 3294 2142 3349 pras-

485 3367 738 3424 teriisset
763 3368 909 3423 hora
935 3364 1171 3439 prandii
1201 3365 1582 3421 messoribus.
1625 3370 1815 3438 Atque
1859 3367 1974 3422 hoc
2012 3370 2138 3440 qui-

484 3457 623 3514 dem
654 3473 791 3513 cum
821 3458 898 3512 sit
912 3456 1086 3529 plane
1112 3455 1292 3511 solius
1316 3455 1416 3510 Dei
1433 3472 1587 3526 opus
1615 3455 1731 3526 etej
1745 3472 1810 3510 us
1831 3456 2138 3512 immensas

482 3546 774 3618 potentiae,
806 3546 1000 3616 majus
1041 3561 1107 3600 ex
1139 3559 1199 3599 se
1229 3545 1411 3600 habet
1439 3544 1816 3608 miraculum,
1857 3560 2039 3616 quam
2078 3550 2139 3600 ut

479 3635 543 3692 id
573 3637 757 3708 possit
783 3636 1024 3706 assequi
1057 3649 1254 3689 sermo
1308 3633 1399 3688 vel
1431 3634 1726 3703 cogitatio.
1777 3636 1966 3705 Atque
2034 3651 2136 3690 sex

472 3726 717 3798 quidem
748 3725 873 3780 dies
905 3725 990 3779 sic
1019 3724 1389 3789 transierunt,
1423 3723 1723 3778 Danielem
1751 3723 1810 3778 in
1835 3723 1970 3779 lacu
2002 3740 2137 3780 con-

475 3820 801 3872 servantes.
838 3817 1024 3886 Cyrus
1057 3819 1254 3870 autem
1287 3813 1540 3885 septimo
1570 3813 1664 3868 die
1695 3812 1860 3881 abiit,
1896 3819 1957 3868 ut
1990 3815 2134 3869 ami-

469 3919 607 3960 cum
625 3904 751 3975 jam
783 3905 1010 3974 lugeret
1033 3908 1356 3959 mortuum.
1389 3906 1536 3959 Cum
1563 3918 1696 3958 vero
1739 3903 2131 3974 despexisset,

465 3997 521 4050 et
548 3993 785 4049 vidisset
805 3993 1006 4064 ipsum
1036 3992 1340 4047 sedentem
1364 3991 1423 4046 in
1442 3991 1577 4047 lacu
1600 3991 1871 4058 illaesum,
1906 4008 2129 4062 magna

467 4081 887 4139 Vocelaudavit
911 4082 1099 4137 Deum
1130 4097 1332 4137 rerum
1358 4081 1827 4148 admirabilium,
1847 4085 1905 4137 et
1935 4083 2124 4153 magis

465 4187 648 4243 quam
681 4171 845 4242 prius
875 4171 1080 4226 Darius
1109 4188 1123 4237 ;
1157 4174 1212 4225 et
1251 4169 1418 4226 illum
1469 4170 1716 4241 quidem
1742 4170 1904 4226 illinc
1933 4187 2120 4244 quam

463 4260 726 4331 primum
765 4261 1011 4316 extraxit
1039 4275 1052 4313 :
1085 4275 1187 4316 eos
1216 4263 1438 4326 autem,
1472 4258 1574 4330 qui
1614 4260 1665 4314 ei
1724 4264 1944 4314 temere
1975 4260 2120 4316 invi-

461 4348 704 4412 debant,
745 4350 1028 4406 continuo
1057 4348 1292 4405 demisit
1330 4348 1707 4405 devorandos
1749 4365 1784 4404 a
1822 4348 2112 4405 leonibus.

461 4438 552 4494 Sic
594 4437 770 4494 etiam
826 4437 886 4493 in
935 4439 1213 4508 gentibus
1267 4437 1647 4508 cognoscitur
1701 4439 1854 4494 Deus
1893 4439 2117 4510 judicia

457 4525 702 4592 faciens,
735 4531 796 4582 ut
819 4527 878 4582 in
911 4527 1193 4598 operibus
1223 4543 1513 4583 manuum
1543 4527 1816 4599 ipsorum
1849 4543 2114 4600 compre-

456 4615 798 4673 hendantur
828 4621 1193 4688 peccatores,
1235 4616 1558 4689 providens
1591 4617 1772 4673 modo
1802 4617 2108 4674 ineffabili.

455 4706 582 4762 Fuit
630 4720 771 4774 ergo
821 4711 1022 4776 postea
1055 4705 1257 4762 Daniel
1295 4709 1351 4762 et
1379 4707 1537 4776 regis
1569 4706 1893 4772 convictor,
1923 4707 2110 4764 hono-

449 4810 698 4867 remque
728 4800 782 4849 et
811 4794 1059 4865 gloriam
1089 4795 1252 4866 apud
1291 4795 1484 4866 ipsum
1517 4800 1607 4852 est
1636 4801 1984 4854 consecutus
2012 4813 2110 4853 su-

448 4900 558 4958 pra
588 4900 800 4942 omnes
850 4884 981 4955 ejus
1048 4885 1297 4940 amicos.

519 5063 684 5118 XXV.
731 5060 843 5119 Sed
874 5065 930 5117 et
959 5076 1164 5116 rursus
1190 5060 1558 5117 admirabilis
1587 5063 1791 5120 Daniel
1817 5070 2109 5122 consueta

442 5150 690 5218 faciens,
724 5157 779 5209 et
806 5166 1194 5224 perseverans
1225 5149 1286 5205 in
1328 5150 1406 5207 ab
1463 5151 1627 5208 initio
1684 5157 1879 5224 coepta
1928 5154 2108 5210 absti-

441 5243 662 5306 nentia,
706 5256 910 5296 rursus
942 5239 1162 5296 talibus
1204 5239 1422 5310 dignus
1455 5247 1544 5296 est
1572 5240 1810 5298 habitus
1840 5247 2104 5300 contem-

441 5329 822 5400 plationibus.
855 5330 960 5384 Fui
991 5330 1169 5397 enim,
1204 5329 1394 5402 inquit
1418 5329 1533 5394 ille,
1565 5335 1683 5386 tres
1711 5331 1942 5386 dierum
1968 5333 2104 5388 heb-

438 5416 730 5474 domadas
747 5419 1048 5488 jejunans.
1082 5419 1305 5476 Panem
1335 5419 1496 5476 enim
1519 5419 1951 5478 desideriorum
1977 5439 2100 5480 non

438 5505 693 5572 comedi,
713 5511 767 5563 et
788 5522 927 5563 caro
949 5512 1004 5564 et
1031 5508 1234 5564 vinum
1257 5524 1378 5566 non
1405 5509 1644 5567 intravit
1663 5526 1724 5566 1n
1753 5525 1821 5566 os
1853 5526 2056 5568 meum
2080 5529 2092 5570 :

435 5600 494 5657 et
525 5598 828 5669 unguento
851 5611 974 5657 non
1001 5596 1086 5656 fui
1118 5602 1352 5671 unctus,
1392 5598 1585 5660 donec
1639 5599 1867 5675 impleti
1895 5607 2096 5664 essent

2368 1410 2476 1465 KA'.
2509 1410 2606 1464 Ἦν
2637 1407 2696 1464 δέ
2724 1430 2801 1471 τις
2847 1409 2994 1470 οἶλλος
3034 1414 3305 1483 προφήτης
3353 1408 3400 1461 ἐν
3454 1407 3762 1483 Ἰουδαίᾳ,ό
3809 1415 3870 1464 ἰε-

2288 1502 2376 1570 ρὸς
2420 1498 2726 1570 Ἀμϐακοὺμ
2789 1497 2959 1565 οὗτος,
3012 1499 3064 1549 ὅν
3117 1503 3375 1569 γνώριμον
3419 1496 3546 1550 εἶναι
3602 1505 3755 1551 πᾶσιν
3797 1499 3872 1552 ἐπ-

2289 1590 2526 1659 ίσταμαι·
2583 1587 2729 1648 οὗτος
2779 1582 2867 1638 οὖν
2923 1587 3113 1658 ἄρτους
3159 1585 3206 1637 ἐν
3249 1591 3427 1638 πίνακι
3476 1583 3769 1659 διαθρύψας
3820 1593 3868 1640 τὸ

2284 1675 2462 1747 ἕψημά
2519 1696 2571 1729 τε
2639 1679 2844 1736 τούτοις
2902 1673 3178 1739 ἐπιϐαλὼν,
3241 1674 3398 1747 ἀπῄει
3470 1676 3696 1747 κομίζων
3773 1684 3870 1738 τοῖς

2285 1768 2540 1840 θερισταῖς
2588 1767 2788 1841 (θέρους
2836 1767 2937 1837 γὰρ
2992 1761 3051 1822 ἦν
3085 1769 3114 1818 ὅ
3153 1769 3374 1837 καιρός),
3408 1765 3620 1836 ἄγγελος
3669 1763 3725 1817 δὲ
3775 1773 3863 1819 Κυ-

2278 1858 2390 1925 ρίου
2468 1854 2740 1927 ἐπιφανεὶς,
2827 1858 3176 1924 μετακομίσαι
3258 1862 3409 1905 τούτο
3483 1854 3551 1913 εἰς
3604 1853 3865 1906 Βαϐυλῶνα

2277 1953 2347 2014 τῷ
2395 1944 2582 2002 Δανιὴλ
2661 1943 2918 1995 ἐπέταττε·
2979 1951 3069 1994 τού
3142 1939 3200 1994 δὲ
3247 1947 3340 2000 τὴν
3396 1944 3608 2014 ἄγνοιαν
3665 1949 3750 1995 καὶ
3809 1947 3861 1996 τό

2274 2033 2516 2103 πάμπολυ
2566 2029 2692 2085 εἶναι
2742 2037 2798 2084 τὸ
2846 2031 3036 2103 μεταξύ
3082 2027 3359 2103 διάστημα
3413 2036 3473 2083 τὸ
3515 2031 3782 2103 ἀμήχανόν
3811 2053 3860 2086 τε

2272 2121 2682 2194 προϐαλλομένου
2734 2130 2822 2172 του
2896 2120 3265 2191 ἐπιτάγματος,
3330 2121 3521 2172 αὐτίκα
3573 2126 3694 2193 πρὸς
3767 2130 3852 2173 τοῦ

2271 2210 2488 2281 ἀγγέλου
2555 2217 2644 2269 τὴν
2721 2217 2884 2281 κόμην
2966 2208 3310 2281 ἐπιληφθῆναι
3395 2219 3485 2272 τῆς
3543 2211 3756 2282 κεφαλῆς
3807 2210 3851 2262 ἐν

2270 2301 2452 2373 ἀκαρεῖ
2501 2319 2552 2353 τε
2606 2308 2674 2369 τῷ
2723 2300 2883 2374 ῥοίζῳ
2941 2306 3029 2350 τού
3079 2301 3288 2369 οἱγοντος
3319 2302 3612 2371 πνεύματος
3659 2300 3852 2351 ἐκπετα-

2271 2393 2458 2443 σθέντα
2496 2390 2661 2442 ἐπάνω
2713 2397 2900 2447 στῆναι
2953 2395 3042 2440 τοῦ
3080 2388 3272 2440 λάκκου
3304 2393 3393 2440 καὶ
3441 2397 3852 2464 προσαγορεῦσαι

2266 2485 2352 2532 τὸν
2407 2477 2620 2552 δέσμιον
2675 2477 2780 2530 ἐκεῖ
2831 2485 2923 2530 τού
2984 2485 3138 2530 Θεοῦ’
3208 2482 3292 2529 καὶ
3354 2473 3507 2541 δέξαι
3582 2484 3723 2530 τουτὶ
3799 2480 3850 2528 τό

2269 2567 2492 2632 δεῖπνον,
2551 2568 2728 2636 εἰπεῖν,
2801 2569 2826 2618 ὁ
2881 2571 3009 2627 Θεός
3082 2585 3164 2618 σοι
3230 2565 3372 2638 μάλα
3431 2564 3718 2639 κηδόμενος
3782 2565 3849 2628 ἐξ·

2265 2657 2545 2712 απέστειλε.
2591 2665 2769 2709 Ταῦτα
2812 2657 2836 2708 ό
2887 2655 3214 2727 Ἀμϐακούμ.
3245 2655 3301 2707 Ὀ
3353 2661 3523 2728 μέγας
3572 2653 3630 2708 δὲ
3673 2655 3850 2713 Δανιὴλ

2263 2747 2310 2799 ἐν
2390 2745 2632 2821 συντριϐῇ
2720 2747 3003 2817 πνεύματος
3082 2749 3169 2796 καὶ
3247 2750 3557 2797 ταπεινώσει
3652 2744 3844 2816 ψυχῆς·

2259 2838 2522 2909 Ἐμνήσθη
2587 2832 2644 2887 δέ
2709 2854 2808 2907 μου
2867 2836 2891 2885 ό
2942 2838 3090 2899 Θεός,
3149 2831 3484 2908 ἀπεκρίνατο·
3555 2841 3739 2886 πιστοῦ
3782 2841 3846 2903 τῷ

2259 2929 2364 2977 ὄντι
2419 2927 2725 2997 θεράποντος
2782 2925 2808 2981 ἡ
2890 2927 3049 2994 φωνὴ,
3104 2924 3275 2995 ὥσπερ
3347 2921 3454 2996 ἆρα
3516 2929 3603 2975 καὶ
3658 2921 3844 2994 ἀγαθοῦ

2259 3020 2514 3074 Δεσπότου
2564 3016 2592 3072 ἡ
2649 3017 2765 3085 περὶ
2813 3011 2966 3064 αὐτόν
3007 3017 3241 3084 πρόνοια’
3294 3008 3410 3064 εἶτα
3460 3017 3546 3065 καὶ
3583 3009 3843 3084 δεξάμενος

2255 3106 2450 3176 ἔφαγεν·
2507 3102 2660 3154 αύτὸν
2708 3099 2765 3154 δὲ
2813 3109 3149 3174 παραχρῆμα
3199 3104 3283 3152 τὸν
3340 3100 3654 3173 Ἀμϐακούμ
3703 3098 3842 3161 αὖθις

2252 3200 2312 3264 τῇ
2370 3192 2499 3263 αὐτῇ
2557 3187 2773 3262 δυνάμει
2834 3194 2892 3242 τὸ
2943 3194 3128 3264 μυρίον
3187 3187 3344 3240 ἐκεῖνο
3396 3190 3696 3262 διάστημα,
3769 3185 3842 3241 δι-

2251 3285 2484 3333 απτάντα
2519 3281 2577 3351 (ὦ
2618 3288 2706 3331 τού
2751 3281 2968 3350 τάχους,
3001 3283 3040 3329 ὦ
3071 3288 3159 3339 τῆς
3210 3280 3349 3339 θείας
3401 3278 3645 3342 ὃξύτητος
3678 3279 3688 3332 Ῑ
3718 3280 3736 3351 )
3765 3278 3840 3330 οὗ·

2250 3391 2349 3427 τως
2416 3369 2462 3421 ἐν
2512 3369 2639 3443 ριπῇ
2696 3371 2824 3442 πρὸς
2885 3372 2969 3420 τὸν
3040 3368 3226 3420 οἰκεῖον
3273 3367 3619 3428 ἀνασωθῆναι
3671 3373 3840 3434 τόπον,

2249 3464 2316 3521 ὡς
2367 3465 2437 3532 μὴ
2485 3458 2903 3532 παρελκυσθῆναι
2955 3462 3047 3516 τὴν
3101 3460 3236 3530 ὥραν
3287 3465 3380 3510 τοῦ
3451 3458 3672 3533 ἀρίστου
3738 3465 3840 3519 τοῖς

2250 3553 2528 3622 θερισταῖς·
2585 3556 2734 3600 τοῦτο
2790 3551 2879 3620 μεν
2929 3544 3015 3599 οὖν
3068 3553 3224 3619 μόνου
3275 3550 3523 3622 καθαρῶς
3594 3551 3737 3624 ἔργον
3790 3550 3836 3598 ὄν

2247 3648 2336 3691 τοῦ
2401 3646 2533 3691 Θεου
2608 3641 2698 3689 καὶ
2769 3645 2862 3697 τῆς
2923 3633 3318 3708 παντοδυνάμου
3381 3639 3577 3712 ῥοπῆς,
3633 3637 3836 3689 αύτὸθεν

2244 3731 2358 3800 ἔχει
2411 3732 2467 3780 τὸ
2517 3727 2744 3798 θαῦμαῆ
2780 3729 2912 3778 κατὰ
2940 3726 3094 3797 λόγου
3125 3730 3212 3777 καὶ
3254 3736 3447 3798 φρενῶν
3496 3725 3738 3799 δύναμιν.
3782 3724 3834 3777 Ἠ

2245 3819 2363 3874 ἕκτη
2423 3820 2510 3888 μὲν
2560 3812 2645 3867 οὖν
2705 3814 2866 3875 οὕτως
2922 3817 3227 3888 ἐπεραίνετο,
3286 3818 3372 3865 τόν
3436 3815 3628 3874 Δανιὴλ
3677 3814 3724 3867 ἐν
3769 3821 3836 3883 τῷ

2242 3905 2416 3978 λάκκῳ
2465 3903 2816 3978 διατηροῦσα,
2853 3906 3016 3978 Κύρος
3049 3900 3107 3955 δὲ
3144 3911 3205 3975 τῇ
3241 3900 3443 3979 ἐϐδομῃ
3482 3906 3641 3977 ἀπῄει
3675 3907 3740 3965 ὡς
3765 3922 3835 3955 τεο

2241 3999 2466 4055 θνηκότα
2515 3992 2619 4054 ἢδη
2675 3997 2760 4045 τὸν
2810 3993 2948 4064 φίλον
3013 3994 3302 4050 πενθησων’
3355 3992 3598 4066 ἐγκύψας
3643 3991 3701 4046 δε
3751 3998 3834 4045 καὶ

2238 4081 2363 4137 ίδῶν
2396 4084 2548 4136 αὐτόν
2606 4081 2654 4134 ἐν
2697 4089 2768 4152 τῷ
2816 4081 2988 4153 λάκκῳ
3038 4084 3323 4154 καθήμενον
3365 4082 3599 4150 ἀϐλαϐῆ,
3639 4081 3828 4156 μεγάλη

2233 4181 2369 4246 φωνῇ
2427 4177 2510 4224 τόν
2560 4181 2658 4224 τῶν
2714 4173 3016 4234 θαυμασίων
3070 4171 3214 4243 ὕμνει
3255 4174 3384 4224 Θεὸν
3437 4179 3528 4225 καὶ
3576 4172 3764 4245 μᾶλλον
3803 4173 3830 4228 ἢ

2231 4270 2437 4338 Δαρεῖος
2491 4268 2546 4314 τὸ
2601 4266 2865 4336 πρότερον
2922 4265 3011 4312 καὶ
3064 4263 3147 4312 τὸν
3205 4264 3295 4332 μὲν
3349 4259 3546 4315 ἐκεῖθεν
3607 4260 3832 4314 ἀνείλκυ-

2232 4372 2314 4405 σεν
2363 4355 2410 4404 ἐν
2465 4347 2695 4423 σπουδῇ-
2757 4353 2875 4411 τούς
2916 4346 2975 4402 δὲ
3031 4351 3200 4421 μάτην
3259 4351 3399 4421 αύτῷ
3443 4350 3832 4424 βασκαίνοντας

2227 4442 2434 4514 ἑτοίμην
2485 4441 2630 4501 εὐθὺς
2682 4447 2791 4501 τοῖς
2843 4439 3019 4492 λέουσι
3067 4440 3262 4497 καθῆκε
3322 4437 3514 4515 βοράν
3570 4440 3706 4493 οὕτω
3761 4435 3826 4497 δὴ

2224 4527 2316 4580 κάν
2370 4537 2473 4590 τοῖς
2526 4531 2691 4582 ἔθνεσι
2746 4534 3059 4601 γινώσκεται
3134 4531 3320 4603 Κύριος
3377 4534 3620 4604 κρίματα
3672 4537 3828 4582 ποιῶν

2224 4617 2270 4670 ἓν
2320 4627 2427 4681 τοῖς
2474 4621 2643 4694 ἔργοις
2692 4638 2744 4671 τε
2787 4626 2886 4670 τῶν
2917 4626 3110 4692 χειρῶν
3142 4618 3308 4670 αὐτῶν
3360 4618 3606 4693 ἁρῥητως
3640 4620 3825 4672 οἰκονο-

2222 4718 2349 4778 μῶν,
2401 4713 2520 4771 τούς
2578 4707 2910 4781 ἀμαρτωλοὺς
2982 4706 3456 4780 συλλαμϐάνεσθαι’
3512 4707 3571 4769 ἦν
3633 4709 3720 4762 οὖν
3769 4711 3824 4761 τὸ

2219 4801 2348 4870 μετὰ
2387 4807 2550 4851 ταῦτα
2581 4799 2604 4850 ό
2636 4798 2822 4856 Δανιὴλ
2871 4797 3172 4870 συμϐιωτής
3204 4817 3254 4850 τε
3285 4805 3374 4850 τοῦ
3423 4797 3691 4871 βασιλέως
3739 4803 3825 4850 καὶ

2218 4897 2377 4960 τιμῆς
2417 4888 2539 4962 παρ’
2587 4887 2725 4959 αύτῷ
2765 4891 2854 4940 καὶ
2900 4884 3060 4950 δόξης
3108 4889 3232 4960 ὑπὲρ
3279 4889 3480 4950 πάντας
3508 4891 3676 4940 αὐτοῦ
3703 4891 3823 4949 τοὺς

2219 4978 2394 5050 φίλους
2431 4977 2847 5047 καταξιούμενος.

2292 5065 2402 5121 ΚΕ.
2443 5066 2597 5120 Ἀλλὰ
2638 5069 2737 5142 γὰρ
2777 5072 2865 5119 καὶ
2907 5067 3055 5119 πάλιν
3096 5067 3283 5126 Δανιὴλ
3344 5069 3368 5118 ὁ
3409 5069 3715 5140 θαυμάσιος
3759 5067 3822 5118 τὰ

2221 5157 2417 5214 συνήθη
2456 5164 2613 5207 ποιῶν
2644 5161 2732 5208 καὶ
2763 5163 2852 5216 τῆς
2883 5154 2934 5218 ἐξ
2975 5154 3143 5230 ἀρχῆς
3196 5155 3446 5228 ἐχόμενος
3492 5155 3819 5230 ἐγκρατείας,

2215 5248 2458 5297 τοιούτων
2507 5242 2657 5307 αὖθις
2706 5245 2915 5308 ἠξιοῦτο
2954 5250 3041 5297 καὶ
3086 5253 3184 5297 τῶν
3226 5248 3471 5321 θεωρίων·
3523 5249 3668 5318 ἤμην
3697 5249 3819 5317 γὰρ,

2213 5332 2400 5396 ἐκεῖνος
2453 5355 2600 5406 φησι,
2686 5343 2820 5407 τρεῖς
2888 5331 3185 5406 ἑϐδομάδας
3245 5336 3453 5407 ἡμερῶν
3530 5336 3817 5393 νηστεύων.

2211 5422 2397 5497 ’Ἄρτον
2467 5427 2567 5500 γὰρ
2625 5424 2906 5497 ἐπιθυμιῶν
2963 5425 3055 5477 ούκ
3110 5426 3294 5497 ἔφαγον
3369 5429 3464 5476 καὶ
3527 5428 3657 5500 κρέα
3731 5426 3820 5475 καὶ

2209 5511 2338 5575 οἶνος
2387 5514 2482 5568 ούκ
2533 5515 2763 5574 εἰσῆλθεν
2816 5514 2889 5577 εἰς
2939 5518 2996 5567 τὸ
3057 5518 3226 5588 στόμα
3279 5533 3402 5589 μου,
3459 5519 3551 5567 καὶ
3582 5514 3816 5587 οῐλειμμα

2206 5603 2301 5659 οὐκ
2360 5604 2655 5682 ἠλειψάμην
2707 5606 2797 5670 ἕως
2873 5604 3181 5682 πληρώσεως
3268 5610 3425 5683 τριῶν
3496 5599 3815 5679 ἑϐδομάδων
